  <div class='ocr_page' id='page_1' title='image "/cluster/home/n/w/nwhite01/storage/ocr_20150623/116/njp.32101077772984/333.png"; bbox 0 0 2086 3153; ppageno 0'>
   <div class='ocr_carea' id='block_1_1' title="bbox 229 167 279 199">
    <p class='ocr_par' dir='ltr' id='par_1_1' title="bbox 229 167 279 199">
     <span class='ocr_line' id='line_1_1' title="bbox 229 167 279 199; baseline 0.02 -1"><span class='ocrx_word' id='word_1_1' title='bbox 229 167 279 199; x_wconf 76' lang='grc'><strong>471</strong></span> 
     </span>
    </p>
   </div>
   <div class='ocr_carea' id='block_1_2' title="bbox 835 167 1214 198">
    <p class='ocr_par' dir='ltr' id='par_1_2' title="bbox 835 167 1214 198">
     <span class='ocr_line' id='line_1_2' title="bbox 835 167 1214 198; baseline 0 -1"><span class='ocrx_word' id='word_1_2' title='bbox 835 167 975 197; x_wconf 75' lang='lat' dir='ltr'><strong>MENSIS</strong></span> <span class='ocrx_word' id='word_1_3' title='bbox 994 167 1214 198; x_wconf 79' lang='lat' dir='ltr'><strong>DECEMBER.</strong></span> 
     </span>
    </p>
   </div>
   <div class='ocr_carea' id='block_1_3' title="bbox 1800 162 1851 194">
    <p class='ocr_par' dir='ltr' id='par_1_3' title="bbox 1800 162 1851 194">
     <span class='ocr_line' id='line_1_3' title="bbox 1800 162 1851 194; baseline 0.02 -1"><span class='ocrx_word' id='word_1_4' title='bbox 1800 162 1851 194; x_wconf 68' lang='grc'><strong>4⁸12</strong></span> 
     </span>
    </p>
   </div>
   <div class='ocr_carea' id='block_1_4' title="bbox 228 217 1017 262">
    <p class='ocr_par' dir='ltr' id='par_1_4' title="bbox 228 217 1014 262">
     <span class='ocr_line' id='line_1_4' title="bbox 228 217 1014 262; baseline -0.004 -8"><span class='ocrx_word' id='word_1_5' title='bbox 228 217 428 259; x_wconf 66' lang='lat' dir='ltr'><strong>testimonium,</strong></span> <span class='ocrx_word' id='word_1_6' title='bbox 442 225 489 261; x_wconf 85' lang='lat' dir='ltr'><strong>qui</strong></span> <span class='ocrx_word' id='word_1_7' title='bbox 504 232 538 253; x_wconf 89' lang='lat' dir='ltr'><strong>eo</strong></span> <span class='ocrx_word' id='word_1_8' title='bbox 554 229 677 262; x_wconf 82' lang='lat' dir='ltr'><strong>tempore</strong></span> <span class='ocrx_word' id='word_1_9' title='bbox 694 229 754 254; x_wconf 89' lang='lat' dir='ltr'><strong>erat</strong></span> <span class='ocrx_word' id='word_1_10' title='bbox 770 225 913 261; x_wconf 76' lang='lat' dir='ltr'><strong>presbyter</strong></span> <span class='ocrx_word' id='word_1_11' title='bbox 933 226 1014 260; x_wconf 85' lang='lat' dir='ltr'><strong>hujus</strong></span> 
     </span>
    </p>
   </div>
   <div class='ocr_carea' id='block_1_5' title="bbox 1068 217 1850 262">
    <p class='ocr_par' dir='ltr' id='par_1_5' title="bbox 1068 220 1850 259">
     <span class='ocr_line' id='line_1_5' title="bbox 1068 220 1850 259; baseline -0.005 -9"><span class='ocrx_word' id='word_1_12' title='bbox 1068 224 1144 257; x_wconf 81' lang='grc' dir='ltr'>Βεοῠ,</span> <span class='ocrx_word' id='word_1_13' title='bbox 1173 222 1420 259; x_wconf 73' lang='grc' dir='ltr'><strong>μεμαρτυρημένον</strong></span> <span class='ocrx_word' id='word_1_14' title='bbox 1445 222 1502 252; x_wconf 80' lang='grc' dir='ltr'>τοῖς</span> <span class='ocrx_word' id='word_1_15' title='bbox 1529 222 1611 247; x_wconf 80' lang='grc' dir='ltr'>πᾶσιν</span> <span class='ocrx_word' id='word_1_16' title='bbox 1640 220 1684 246; x_wconf 71' lang='grc' dir='ltr'><strong>ἐπ’</strong></span> <span class='ocrx_word' id='word_1_17' title='bbox 1711 220 1850 256; x_wconf 76' lang='grc' dir='ltr'>εὐλαϐείᾳ,</span> 
     </span>
    </p>
   </div>
   <div class='ocr_carea' id='block_1_6' title="bbox 229 272 1011 307">
    <p class='ocr_par' dir='ltr' id='par_1_6' title="bbox 229 272 1011 307">
     <span class='ocr_line' id='line_1_6' title="bbox 229 272 1011 307; baseline -0.001 -8"><span class='ocrx_word' id='word_1_18' title='bbox 229 272 364 304; x_wconf 62' lang='lat' dir='ltr'><strong>ecclesia,</strong></span> <span class='ocrx_word' id='word_1_19' title='bbox 386 273 538 307; x_wconf 78' lang='lat' dir='ltr'><strong>ingressum</strong></span> <span class='ocrx_word' id='word_1_20' title='bbox 562 273 594 300; x_wconf 87' lang='lat' dir='ltr'><strong>ad</strong></span> <span class='ocrx_word' id='word_1_21' title='bbox 611 272 758 304; x_wconf 86' lang='lat' dir='ltr'><strong>orandum,</strong></span> <span class='ocrx_word' id='word_1_22' title='bbox 779 280 839 299; x_wconf 84' lang='lat' dir='ltr'><strong>eam</strong></span> <span class='ocrx_word' id='word_1_23' title='bbox 859 272 1011 303; x_wconf 75' lang='lat' dir='ltr'><strong>sustulisse,</strong></span> 
     </span>
    </p>
   </div>
   <div class='ocr_carea' id='block_1_7' title="bbox 228 317 1013 353">
    <p class='ocr_par' dir='ltr' id='par_1_7' title="bbox 228 317 1013 353">
     <span class='ocr_line' id='line_1_7' title="bbox 228 317 1013 353; baseline -0.001 -8"><span class='ocrx_word' id='word_1_24' title='bbox 228 322 259 345; x_wconf 86' lang='lat' dir='ltr'><strong>ut</strong></span> <span class='ocrx_word' id='word_1_25' title='bbox 275 318 375 346; x_wconf 86' lang='lat' dir='ltr'><strong>habeat</strong></span> <span class='ocrx_word' id='word_1_26' title='bbox 393 326 502 350; x_wconf 81' lang='lat' dir='ltr'><strong>zonam,</strong></span> <span class='ocrx_word' id='word_1_27' title='bbox 524 319 625 350; x_wconf 84' lang='lat' dir='ltr'><strong>sinere,</strong></span> <span class='ocrx_word' id='word_1_28' title='bbox 643 324 671 347; x_wconf 85' lang='lat' dir='ltr'><strong>et</strong></span> <span class='ocrx_word' id='word_1_29' title='bbox 694 319 726 346; x_wconf 86' lang='lat' dir='ltr'><strong>ad</strong></span> <span class='ocrx_word' id='word_1_30' title='bbox 746 319 832 353; x_wconf 84' lang='lat' dir='ltr'><strong>ipsum</strong></span> <span class='ocrx_word' id='word_1_31' title='bbox 857 319 968 346; x_wconf 87' lang='lat' dir='ltr'><strong>reverti.</strong></span> <span class='ocrx_word' id='word_1_32' title='bbox 985 317 1013 345; x_wconf 89' lang='lat' dir='ltr'><strong>Si</strong></span> 
     </span>
    </p>
   </div>
   <div class='ocr_carea' id='block_1_8' title="bbox 227 363 1013 399">
    <p class='ocr_par' dir='ltr' id='par_1_8' title="bbox 227 363 1013 399">
     <span class='ocr_line' id='line_1_8' title="bbox 227 363 1013 399; baseline -0.001 -8"><span class='ocrx_word' id='word_1_33' title='bbox 227 363 327 399; x_wconf 82' lang='lat' dir='ltr'><strong>aliquis</strong></span> <span class='ocrx_word' id='word_1_34' title='bbox 346 368 437 391; x_wconf 85' lang='lat' dir='ltr'><strong>autem</strong></span> <span class='ocrx_word' id='word_1_35' title='bbox 454 365 524 391; x_wconf 83' lang='lat' dir='ltr'><strong>alius</strong></span> <span class='ocrx_word' id='word_1_36' title='bbox 540 365 592 392; x_wconf 90' lang='lat' dir='ltr'><strong>hoc</strong></span> <span class='ocrx_word' id='word_1_37' title='bbox 607 365 698 397; x_wconf 80' lang='lat' dir='ltr'><strong>faciat,</strong></span> <span class='ocrx_word' id='word_1_38' title='bbox 722 371 892 399; x_wconf 76' lang='lat' dir='ltr'><strong>nequaquam</strong></span> <span class='ocrx_word' id='word_1_39' title='bbox 909 364 933 390; x_wconf 86' lang='lat' dir='ltr'><strong>ei</strong></span> <span class='ocrx_word' id='word_1_40' title='bbox 952 371 1013 398; x_wconf 88' lang='lat' dir='ltr'><strong>per-</strong></span> 
     </span>
    </p>
   </div>
   <div class='ocr_carea' id='block_1_9' title="bbox 228 408 1014 445">
    <p class='ocr_par' dir='ltr' id='par_1_9' title="bbox 228 408 1014 445">
     <span class='ocr_line' id='line_1_9' title="bbox 228 408 1014 445; baseline -0.003 -8"><span class='ocrx_word' id='word_1_41' title='bbox 228 408 349 441; x_wconf 81' lang='lat' dir='ltr'><strong>mittere,</strong></span> <span class='ocrx_word' id='word_1_42' title='bbox 373 410 420 437; x_wconf 87' lang='lat' dir='ltr'><strong>sed</strong></span> <span class='ocrx_word' id='word_1_43' title='bbox 439 417 499 437; x_wconf 86' lang='lat' dir='ltr'><strong>eam</strong></span> <span class='ocrx_word' id='word_1_44' title='bbox 518 418 613 438; x_wconf 81' lang='lat' dir='ltr'><strong>zonam</strong></span> <span class='ocrx_word' id='word_1_45' title='bbox 637 415 772 445; x_wconf 81' lang='lat' dir='ltr'><strong>repetere,</strong></span> <span class='ocrx_word' id='word_1_46' title='bbox 797 410 848 437; x_wconf 83' lang='lat' dir='ltr'><strong>hoc</strong></span> <span class='ocrx_word' id='word_1_47' title='bbox 873 410 898 436; x_wconf 91' lang='lat' dir='ltr'><strong>in</strong></span> <span class='ocrx_word' id='word_1_48' title='bbox 924 414 1014 436; x_wconf 88' lang='lat' dir='ltr'><strong>mente</strong></span> 
     </span>
    </p>
   </div>
   <div class='ocr_carea' id='block_1_10' title="bbox 225 455 1012 491">
    <p class='ocr_par' dir='ltr' id='par_1_10' title="bbox 225 455 1012 491">
     <span class='ocr_line' id='line_1_10' title="bbox 225 455 1012 491; baseline -0.001 -9"><span class='ocrx_word' id='word_1_49' title='bbox 225 455 363 490; x_wconf 76' lang='lat' dir='ltr'><strong>judicans,</strong></span> <span class='ocrx_word' id='word_1_50' title='bbox 382 455 455 490; x_wconf 88' lang='lat' dir='ltr'><strong>quod</strong></span> <span class='ocrx_word' id='word_1_51' title='bbox 473 455 496 482; x_wconf 91' lang='lat' dir='ltr'><strong>si</strong></span> <span class='ocrx_word' id='word_1_52' title='bbox 515 456 658 491; x_wconf 74' lang='lat' dir='ltr'><strong>presbyter</strong></span> <span class='ocrx_word' id='word_1_53' title='bbox 675 464 770 483; x_wconf 83' lang='lat' dir='ltr'><strong>zonam</strong></span> <span class='ocrx_word' id='word_1_54' title='bbox 796 456 951 487; x_wconf 83' lang='lat' dir='ltr'><strong>abstulerit,</strong></span> <span class='ocrx_word' id='word_1_55' title='bbox 971 455 1012 482; x_wconf 80' lang='lat' dir='ltr'><strong>ru—</strong></span> 
     </span>
    </p>
   </div>
   <div class='ocr_carea' id='block_1_11' title="bbox 228 500 1014 535">
    <p class='ocr_par' dir='ltr' id='par_1_11' title="bbox 228 500 1014 535">
     <span class='ocr_line' id='line_1_11' title="bbox 228 500 1014 535; baseline -0.001 -7"><span class='ocrx_word' id='word_1_56' title='bbox 228 506 319 528; x_wconf 82' lang='lat' dir='ltr'><strong>turum</strong></span> <span class='ocrx_word' id='word_1_57' title='bbox 334 501 370 527; x_wconf 86' lang='lat' dir='ltr'><strong>sit</strong></span> <span class='ocrx_word' id='word_1_58' title='bbox 382 500 408 527; x_wconf 93' lang='lat' dir='ltr'><strong>id</strong></span> <span class='ocrx_word' id='word_1_59' title='bbox 425 501 547 527; x_wconf 87' lang='lat' dir='ltr'><strong>divinum</strong></span> <span class='ocrx_word' id='word_1_60' title='bbox 561 501 704 528; x_wconf 83' lang='lat' dir='ltr'><strong>consilium</strong></span> <span class='ocrx_word' id='word_1_61' title='bbox 718 506 745 528; x_wconf 82' lang='lat' dir='ltr'><strong>et</strong></span> <span class='ocrx_word' id='word_1_62' title='bbox 760 501 941 535; x_wconf 78' lang='lat' dir='ltr'><strong>providentia,</strong></span> <span class='ocrx_word' id='word_1_63' title='bbox 954 508 1014 534; x_wconf 65' lang='lat' dir='ltr'><strong>(iure</strong></span> 
     </span>
    </p>
   </div>
   <div class='ocr_carea' id='block_1_12' title="bbox 227 546 1014 582">
    <p class='ocr_par' dir='ltr' id='par_1_12' title="bbox 227 546 1014 582">
     <span class='ocr_line' id='line_1_12' title="bbox 227 546 1014 582; baseline 0.001 -10"><span class='ocrx_word' id='word_1_64' title='bbox 227 546 364 581; x_wconf 78' lang='lat' dir='ltr'><strong>signiticet</strong></span> <span class='ocrx_word' id='word_1_65' title='bbox 385 546 492 574; x_wconf 82' lang='lat' dir='ltr'><strong>felicem</strong></span> <span class='ocrx_word' id='word_1_66' title='bbox 511 554 665 574; x_wconf 80' lang='lat' dir='ltr'><strong>successum</strong></span> <span class='ocrx_word' id='word_1_67' title='bbox 687 547 820 582; x_wconf 81' lang='lat' dir='ltr'><strong>martyrii,</strong></span> <span class='ocrx_word' id='word_1_68' title='bbox 845 547 916 582; x_wconf 89' lang='lat' dir='ltr'><strong>quod</strong></span> <span class='ocrx_word' id='word_1_69' title='bbox 940 547 1014 573; x_wconf 87' lang='lat' dir='ltr'><strong>desi-</strong></span> 
     </span>
    </p>
   </div>
   <div class='ocr_carea' id='block_1_13' title="bbox 230 592 1013 623">
    <p class='ocr_par' dir='ltr' id='par_1_13' title="bbox 230 592 1013 623">
     <span class='ocr_line' id='line_1_13' title="bbox 230 592 1013 623; baseline 0.001 -5"><span class='ocrx_word' id='word_1_70' title='bbox 230 592 319 619; x_wconf 82' lang='lat' dir='ltr'><strong>derat.</strong></span> <span class='ocrx_word' id='word_1_71' title='bbox 345 592 392 619; x_wconf 89' lang='lat' dir='ltr'><strong>Sin</strong></span> <span class='ocrx_word' id='word_1_72' title='bbox 417 600 483 619; x_wconf 89' lang='lat' dir='ltr'><strong>vero</strong></span> <span class='ocrx_word' id='word_1_73' title='bbox 508 592 560 619; x_wconf 83' lang='lat' dir='ltr'><strong>hoc</strong></span> <span class='ocrx_word' id='word_1_74' title='bbox 585 600 638 619; x_wconf 91' lang='lat' dir='ltr'><strong>non</strong></span> <span class='ocrx_word' id='word_1_75' title='bbox 664 592 800 623; x_wconf 82' lang='lat' dir='ltr'><strong>evenerit,</strong></span> <span class='ocrx_word' id='word_1_76' title='bbox 827 593 927 619; x_wconf 85' lang='lat' dir='ltr'><strong>debere</strong></span> <span class='ocrx_word' id='word_1_77' title='bbox 951 600 1013 619; x_wconf 89' lang='lat' dir='ltr'><strong>eum</strong></span> 
     </span>
    </p>
   </div>
   <div class='ocr_carea' id='block_1_14' title="bbox 229 638 1014 670">
    <p class='ocr_par' dir='ltr' id='par_1_14' title="bbox 229 638 1014 670">
     <span class='ocr_line' id='line_1_14' title="bbox 229 638 1014 670; baseline 0.003 -6"><span class='ocrx_word' id='word_1_78' title='bbox 229 639 327 670; x_wconf 84' lang='lat' dir='ltr'><strong>latere,</strong></span> <span class='ocrx_word' id='word_1_79' title='bbox 344 645 396 666; x_wconf 90' lang='lat' dir='ltr'><strong>nee</strong></span> <span class='ocrx_word' id='word_1_80' title='bbox 415 638 516 666; x_wconf 86' lang='lat' dir='ltr'><strong>audere</strong></span> <span class='ocrx_word' id='word_1_81' title='bbox 532 639 570 666; x_wconf 90' lang='lat' dir='ltr'><strong>uti</strong></span> <span class='ocrx_word' id='word_1_82' title='bbox 587 639 686 666; x_wconf 86' lang='lat' dir='ltr'><strong>ﬁducia</strong></span> <span class='ocrx_word' id='word_1_83' title='bbox 701 644 728 666; x_wconf 88' lang='lat' dir='ltr'><strong>et</strong></span> <span class='ocrx_word' id='word_1_84' title='bbox 744 639 854 666; x_wconf 73' lang='lat' dir='ltr'><strong>dicendi</strong></span> <span class='ocrx_word' id='word_1_85' title='bbox 877 639 1014 666; x_wconf 77' lang='lat' dir='ltr'><strong>libertate.</strong></span> 
     </span>
    </p>
   </div>
   <div class='ocr_carea' id='block_1_15' title="bbox 266 769 1016 809">
    <p class='ocr_par' dir='ltr' id='par_1_15' title="bbox 266 769 1016 809">
     <span class='ocr_line' id='line_1_15' title="bbox 266 769 1016 809; baseline 0.005 -12"><span class='ocrx_word' id='word_1_86' title='bbox 266 769 297 797; x_wconf 86' lang='lat' dir='ltr'><strong>V.</strong></span> <span class='ocrx_word' id='word_1_87' title='bbox 309 769 377 798; x_wconf 87' lang='lat' dir='ltr'><strong>Cum</strong></span> <span class='ocrx_word' id='word_1_88' title='bbox 395 770 447 798; x_wconf 89' lang='lat' dir='ltr'><strong>hoc</strong></span> <span class='ocrx_word' id='word_1_89' title='bbox 458 777 523 805; x_wconf 80' lang='lat' dir='ltr'><strong>ergo</strong></span> <span class='ocrx_word' id='word_1_90' title='bbox 536 770 636 799; x_wconf 80' lang='lat' dir='ltr'><strong>factum</strong></span> <span class='ocrx_word' id='word_1_91' title='bbox 655 777 738 805; x_wconf 84' lang='lat' dir='ltr'><strong>esset,</strong></span> <span class='ocrx_word' id='word_1_92' title='bbox 750 778 778 800; x_wconf 84' lang='lat' dir='ltr'><strong>et</strong></span> <span class='ocrx_word' id='word_1_93' title='bbox 791 773 907 801; x_wconf 75' lang='lat' dir='ltr'><strong>fanmlus</strong></span> <span class='ocrx_word' id='word_1_94' title='bbox 923 775 1016 809; x_wconf 77' lang='lat' dir='ltr'><strong>paucis</strong></span> 
     </span>
    </p>
   </div>
   <div class='ocr_carea' id='block_1_16' title="bbox 229 816 1015 854">
    <p class='ocr_par' dir='ltr' id='par_1_16' title="bbox 229 816 1015 854">
     <span class='ocr_line' id='line_1_16' title="bbox 229 816 1015 854; baseline 0.006 -12"><span class='ocrx_word' id='word_1_95' title='bbox 229 819 292 850; x_wconf 88' lang='lat' dir='ltr'><strong>post</strong></span> <span class='ocrx_word' id='word_1_96' title='bbox 314 816 412 843; x_wconf 88' lang='lat' dir='ltr'><strong>diebus</strong></span> <span class='ocrx_word' id='word_1_97' title='bbox 429 817 598 849; x_wconf 83' lang='lat' dir='ltr'><strong>revertisset,</strong></span> <span class='ocrx_word' id='word_1_98' title='bbox 624 822 651 845; x_wconf 90' lang='lat' dir='ltr'><strong>et</strong></span> <span class='ocrx_word' id='word_1_99' title='bbox 674 817 788 846; x_wconf 83' lang='lat' dir='ltr'><strong>dixisset</strong></span> <span class='ocrx_word' id='word_1_100' title='bbox 812 819 884 854; x_wconf 88' lang='lat' dir='ltr'><strong>quod</strong></span> <span class='ocrx_word' id='word_1_101' title='bbox 909 827 940 847; x_wconf 82' lang='lat' dir='ltr'><strong>ea</strong></span> <span class='ocrx_word' id='word_1_102' title='bbox 958 821 1015 854; x_wconf 86' lang='lat' dir='ltr'><strong>ipsa</strong></span> 
     </span>
    </p>
   </div>
   <div class='ocr_carea' id='block_1_17' title="bbox 229 862 1016 901">
    <p class='ocr_par' dir='ltr' id='par_1_17' title="bbox 229 862 1016 901">
     <span class='ocr_line' id='line_1_17' title="bbox 229 862 1016 901; baseline 0.005 -12"><span class='ocrx_word' id='word_1_103' title='bbox 229 862 316 895; x_wconf 81' lang='lat' dir='ltr'><strong>liora,</strong></span> <span class='ocrx_word' id='word_1_104' title='bbox 341 870 394 898; x_wconf 87' lang='lat' dir='ltr'><strong>qua</strong></span> <span class='ocrx_word' id='word_1_105' title='bbox 416 871 512 890; x_wconf 83' lang='lat' dir='ltr'><strong>zonam</strong></span> <span class='ocrx_word' id='word_1_106' title='bbox 536 864 562 890; x_wconf 96' lang='lat' dir='ltr'><strong>in</strong></span> <span class='ocrx_word' id='word_1_107' title='bbox 588 871 634 891; x_wconf 87' lang='lat' dir='ltr'><strong>ara</strong></span> <span class='ocrx_word' id='word_1_108' title='bbox 660 869 808 899; x_wconf 82' lang='lat' dir='ltr'><strong>posuerat,</strong></span> <span class='ocrx_word' id='word_1_109' title='bbox 832 866 903 893; x_wconf 84' lang='lat' dir='ltr'><strong>sicut</strong></span> <span class='ocrx_word' id='word_1_110' title='bbox 923 867 1016 901; x_wconf 86' lang='lat' dir='ltr'><strong>jussus</strong></span> 
     </span>
    </p>
   </div>
   <div class='ocr_carea' id='block_1_18' title="bbox 230 907 1015 945">
    <p class='ocr_par' dir='ltr' id='par_1_18' title="bbox 230 907 1015 945">
     <span class='ocr_line' id='line_1_18' title="bbox 230 907 1015 945; baseline 0.004 -11"><span class='ocrx_word' id='word_1_111' title='bbox 230 907 336 938; x_wconf 75' lang='lat' dir='ltr'><strong>fuerat,</strong></span> <span class='ocrx_word' id='word_1_112' title='bbox 362 907 505 943; x_wconf 84' lang='lat' dir='ltr'><strong>presbyter</strong></span> <span class='ocrx_word' id='word_1_113' title='bbox 525 908 689 942; x_wconf 88' lang='lat' dir='ltr'><strong>Auxentius,</strong></span> <span class='ocrx_word' id='word_1_114' title='bbox 714 914 843 944; x_wconf 89' lang='lat' dir='ltr'><strong>tanquam</strong></span> <span class='ocrx_word' id='word_1_115' title='bbox 867 910 902 937; x_wconf 89' lang='lat' dir='ltr'><strong>ab</strong></span> <span class='ocrx_word' id='word_1_116' title='bbox 924 911 1015 945; x_wconf 86' lang='lat' dir='ltr'><strong>aliquo</strong></span> 
     </span>
    </p>
   </div>
   <div class='ocr_carea' id='block_1_19' title="bbox 230 955 1015 991">
    <p class='ocr_par' dir='ltr' id='par_1_19' title="bbox 230 955 1015 991">
     <span class='ocr_line' id='line_1_19' title="bbox 230 955 1015 991; baseline 0.004 -9"><span class='ocrx_word' id='word_1_117' title='bbox 230 955 341 989; x_wconf 86' lang='lat' dir='ltr'><strong>missus,</strong></span> <span class='ocrx_word' id='word_1_118' title='bbox 365 956 505 991; x_wconf 85' lang='lat' dir='ltr'><strong>ingressus</strong></span> <span class='ocrx_word' id='word_1_119' title='bbox 522 957 557 984; x_wconf 90' lang='lat' dir='ltr'><strong>sit</strong></span> <span class='ocrx_word' id='word_1_120' title='bbox 579 957 736 989; x_wconf 81' lang='lat' dir='ltr'><strong>ecclesiam,</strong></span> <span class='ocrx_word' id='word_1_121' title='bbox 761 962 789 984; x_wconf 86' lang='lat' dir='ltr'><strong>et</strong></span> <span class='ocrx_word' id='word_1_122' title='bbox 813 966 909 985; x_wconf 89' lang='lat' dir='ltr'><strong>zonam</strong></span> <span class='ocrx_word' id='word_1_123' title='bbox 935 966 1015 986; x_wconf 87' lang='lat' dir='ltr'><strong>acce-</strong></span> 
     </span>
    </p>
   </div>
   <div class='ocr_carea' id='block_1_20' title="bbox 229 1001 1017 1039">
    <p class='ocr_par' dir='ltr' id='par_1_20' title="bbox 229 1001 1017 1039">
     <span class='ocr_line' id='line_1_20' title="bbox 229 1001 1017 1039; baseline 0.005 -12"><span class='ocrx_word' id='word_1_124' title='bbox 229 1001 309 1033; x_wconf 85' lang='lat' dir='ltr'><strong>perit.</strong></span> <span class='ocrx_word' id='word_1_125' title='bbox 328 1001 375 1029; x_wconf 87' lang='lat' dir='ltr'><strong>His</strong></span> <span class='ocrx_word' id='word_1_126' title='bbox 392 1002 503 1035; x_wconf 76' lang='lat' dir='ltr'><strong>auditis,</strong></span> <span class='ocrx_word' id='word_1_127' title='bbox 523 1002 629 1030; x_wconf 68' lang='lat' dir='ltr'><strong>laatatus</strong></span> <span class='ocrx_word' id='word_1_128' title='bbox 649 1008 691 1030; x_wconf 89' lang='lat' dir='ltr'><strong>est</strong></span> <span class='ocrx_word' id='word_1_129' title='bbox 705 1004 747 1030; x_wconf 92' lang='lat' dir='ltr'><strong>vir</strong></span> <span class='ocrx_word' id='word_1_130' title='bbox 765 1005 837 1038; x_wconf 88' lang='lat' dir='ltr'><strong>pius,</strong></span> <span class='ocrx_word' id='word_1_131' title='bbox 854 1008 882 1031; x_wconf 89' lang='lat' dir='ltr'><strong>et</strong></span> <span class='ocrx_word' id='word_1_132' title='bbox 897 1012 930 1032; x_wconf 80' lang='lat' dir='ltr'><strong>ex</strong></span> <span class='ocrx_word' id='word_1_133' title='bbox 946 1012 1017 1039; x_wconf 70' lang='lat' dir='ltr'><strong>pra:-</strong></span> 
     </span>
    </p>
   </div>
   <div class='ocr_carea' id='block_1_21' title="bbox 230 1046 1013 1084">
    <p class='ocr_par' dir='ltr' id='par_1_21' title="bbox 230 1046 1013 1084">
     <span class='ocr_line' id='line_1_21' title="bbox 230 1046 1013 1084; baseline 0.005 -12"><span class='ocrx_word' id='word_1_134' title='bbox 230 1046 301 1074; x_wconf 87' lang='lat' dir='ltr'><strong>torio</strong></span> <span class='ocrx_word' id='word_1_135' title='bbox 323 1047 459 1082; x_wconf 87' lang='lat' dir='ltr'><strong>accipiens</strong></span> <span class='ocrx_word' id='word_1_136' title='bbox 479 1055 574 1076; x_wconf 89' lang='lat' dir='ltr'><strong>omnes</strong></span> <span class='ocrx_word' id='word_1_137' title='bbox 594 1056 661 1076; x_wconf 82' lang='lat' dir='ltr'><strong>suos</strong></span> <span class='ocrx_word' id='word_1_138' title='bbox 683 1049 787 1077; x_wconf 86' lang='lat' dir='ltr'><strong>amicos</strong></span> <span class='ocrx_word' id='word_1_139' title='bbox 810 1050 876 1077; x_wconf 77' lang='lat' dir='ltr'><strong>liora</strong></span> <span class='ocrx_word' id='word_1_140' title='bbox 894 1050 1013 1084; x_wconf 80' lang='lat' dir='ltr'><strong>prandii,</strong></span> 
     </span>
    </p>
   </div>
   <div class='ocr_carea' id='block_1_22' title="bbox 227 1092 1018 1131">
    <p class='ocr_par' dir='ltr' id='par_1_22' title="bbox 227 1092 1018 1131">
     <span class='ocr_line' id='line_1_22' title="bbox 227 1092 1018 1131; baseline 0.006 -12"><span class='ocrx_word' id='word_1_141' title='bbox 227 1092 304 1120; x_wconf 77' lang='lat' dir='ltr'><strong>venit</strong></span> <span class='ocrx_word' id='word_1_142' title='bbox 322 1093 412 1127; x_wconf 56' lang='lat' dir='ltr'><strong>laetus,</strong></span> <span class='ocrx_word' id='word_1_143' title='bbox 430 1098 458 1121; x_wconf 90' lang='lat' dir='ltr'><strong>et</strong></span> <span class='ocrx_word' id='word_1_144' title='bbox 477 1102 601 1130; x_wconf 75' lang='lat' dir='ltr'><strong>magnam</strong></span> <span class='ocrx_word' id='word_1_145' title='bbox 619 1096 711 1124; x_wconf 87' lang='lat' dir='ltr'><strong>vultus</strong></span> <span class='ocrx_word' id='word_1_146' title='bbox 730 1096 910 1129; x_wconf 41' lang='lat' dir='ltr'><strong>alacritatem,</strong></span> <span class='ocrx_word' id='word_1_147' title='bbox 931 1105 1018 1131; x_wconf 43' lang='lat' dir='ltr'><strong>quan‘</strong></span> 
     </span>
    </p>
   </div>
   <div class='ocr_carea' id='block_1_23' title="bbox 227 1142 1017 1175">
    <p class='ocr_par' dir='ltr' id='par_1_23' title="bbox 227 1142 1017 1175">
     <span class='ocr_line' id='line_1_23' title="bbox 227 1142 1017 1175; baseline 0.005 -10"><span class='ocrx_word' id='word_1_148' title='bbox 227 1143 282 1166; x_wconf 87' lang='lat' dir='ltr'><strong>tam</strong></span> <span class='ocrx_word' id='word_1_149' title='bbox 300 1147 439 1175; x_wconf 87' lang='lat' dir='ltr'><strong>nunquam</strong></span> <span class='ocrx_word' id='word_1_150' title='bbox 457 1145 550 1173; x_wconf 80' lang='lat' dir='ltr'><strong>antea,</strong></span> <span class='ocrx_word' id='word_1_151' title='bbox 568 1142 717 1170; x_wconf 86' lang='lat' dir='ltr'><strong>ostendens</strong></span> <span class='ocrx_word' id='word_1_152' title='bbox 736 1142 762 1169; x_wconf 92' lang='lat' dir='ltr'><strong>in</strong></span> <span class='ocrx_word' id='word_1_153' title='bbox 780 1143 907 1170; x_wconf 86' lang='lat' dir='ltr'><strong>convivio</strong></span> <span class='ocrx_word' id='word_1_154' title='bbox 923 1152 930 1170; x_wconf 87' lang='lat'><strong><em>:</em></strong></span> <span class='ocrx_word' id='word_1_155' title='bbox 948 1143 1017 1170; x_wconf 86' lang='lat' dir='ltr'><strong>adeo</strong></span> 
     </span>
    </p>
   </div>
   <div class='ocr_carea' id='block_1_24' title="bbox 229 1185 1019 1222">
    <p class='ocr_par' dir='ltr' id='par_1_24' title="bbox 229 1185 1019 1222">
     <span class='ocr_line' id='line_1_24' title="bbox 229 1185 1019 1222; baseline 0.006 -12"><span class='ocrx_word' id='word_1_156' title='bbox 229 1188 259 1210; x_wconf 86' lang='lat' dir='ltr'><strong>ut</strong></span> <span class='ocrx_word' id='word_1_157' title='bbox 273 1189 386 1220; x_wconf 88' lang='lat' dir='ltr'><strong>propter</strong></span> <span class='ocrx_word' id='word_1_158' title='bbox 399 1185 537 1213; x_wconf 80' lang='lat' dir='ltr'><strong>insuetum</strong></span> <span class='ocrx_word' id='word_1_159' title='bbox 550 1186 602 1214; x_wconf 87' lang='lat' dir='ltr'><strong>hoc</strong></span> <span class='ocrx_word' id='word_1_160' title='bbox 614 1188 801 1222; x_wconf 83' lang='lat' dir='ltr'><strong>spectaculum</strong></span> <span class='ocrx_word' id='word_1_161' title='bbox 815 1189 1019 1216; x_wconf 83' lang='lat' dir='ltr'><strong>adducerentur</strong></span> 
     </span>
    </p>
   </div>
   <div class='ocr_carea' id='block_1_25' title="bbox 228 1230 1019 1267">
    <p class='ocr_par' dir='ltr' id='par_1_25' title="bbox 228 1230 1019 1267">
     <span class='ocr_line' id='line_1_25' title="bbox 228 1230 1019 1267; baseline 0.003 -10"><span class='ocrx_word' id='word_1_162' title='bbox 228 1238 325 1257; x_wconf 85' lang='lat' dir='ltr'><strong>omnes</strong></span> <span class='ocrx_word' id='word_1_163' title='bbox 339 1231 365 1257; x_wconf 92' lang='lat' dir='ltr'><strong>in</strong></span> <span class='ocrx_word' id='word_1_164' title='bbox 379 1230 600 1263; x_wconf 84' lang='lat' dir='ltr'><strong>admirationem,</strong></span> <span class='ocrx_word' id='word_1_165' title='bbox 614 1236 641 1258; x_wconf 87' lang='lat' dir='ltr'><strong>et</strong></span> <span class='ocrx_word' id='word_1_166' title='bbox 657 1232 728 1259; x_wconf 88' lang='lat' dir='ltr'><strong>scire</strong></span> <span class='ocrx_word' id='word_1_167' title='bbox 747 1240 856 1259; x_wconf 77' lang='lat' dir='ltr'><strong>causam</strong></span> <span class='ocrx_word' id='word_1_168' title='bbox 871 1234 961 1267; x_wconf 78' lang='lat' dir='ltr'><strong>magni</strong></span> <span class='ocrx_word' id='word_1_169' title='bbox 979 1233 1019 1260; x_wconf 60' lang='lat' dir='ltr'><strong>fa»</strong></span> 
     </span>
    </p>
   </div>
   <div class='ocr_carea' id='block_1_26' title="bbox 228 1277 1017 1312">
    <p class='ocr_par' dir='ltr' id='par_1_26' title="bbox 228 1277 1017 1312">
     <span class='ocr_line' id='line_1_26' title="bbox 228 1277 1017 1312; baseline 0.001 -8"><span class='ocrx_word' id='word_1_170' title='bbox 228 1281 332 1304; x_wconf 87' lang='lat' dir='ltr'><strong>cerent.</strong></span> <span class='ocrx_word' id='word_1_171' title='bbox 348 1277 423 1304; x_wconf 87' lang='lat' dir='ltr'><strong>Unus</strong></span> <span class='ocrx_word' id='word_1_172' title='bbox 439 1282 530 1304; x_wconf 79' lang='lat' dir='ltr'><strong>autem</strong></span> <span class='ocrx_word' id='word_1_173' title='bbox 545 1285 578 1304; x_wconf 87' lang='lat' dir='ltr'><strong>ex</strong></span> <span class='ocrx_word' id='word_1_174' title='bbox 596 1278 630 1304; x_wconf 86' lang='lat' dir='ltr'><strong>iis</strong></span> <span class='ocrx_word' id='word_1_175' title='bbox 647 1279 693 1312; x_wconf 87' lang='lat' dir='ltr'><strong>qui</strong></span> <span class='ocrx_word' id='word_1_176' title='bbox 710 1278 790 1305; x_wconf 89' lang='lat' dir='ltr'><strong>simul</strong></span> <span class='ocrx_word' id='word_1_177' title='bbox 807 1279 1017 1311; x_wconf 85' lang='lat' dir='ltr'><strong>accumbebant,</strong></span> 
     </span>
    </p>
   </div>
   <div class='ocr_carea' id='block_1_27' title="bbox 227 1321 1019 1356">
    <p class='ocr_par' dir='ltr' id='par_1_27' title="bbox 227 1321 1019 1356">
     <span class='ocr_line' id='line_1_27' title="bbox 227 1321 1019 1356; baseline 0.005 -10"><span class='ocrx_word' id='word_1_178' title='bbox 227 1325 308 1347; x_wconf 65' lang='lat' dir='ltr'><strong>astate</strong></span> <span class='ocrx_word' id='word_1_179' title='bbox 323 1321 427 1355; x_wconf 88' lang='lat' dir='ltr'><strong>junior,</strong></span> <span class='ocrx_word' id='word_1_180' title='bbox 445 1322 504 1356; x_wconf 81' lang='lat' dir='ltr'><strong>ejus</strong></span> <span class='ocrx_word' id='word_1_181' title='bbox 521 1322 622 1349; x_wconf 85' lang='lat' dir='ltr'><strong>charus</strong></span> <span class='ocrx_word' id='word_1_182' title='bbox 638 1322 743 1349; x_wconf 86' lang='lat' dir='ltr'><strong>amicus</strong></span> <span class='ocrx_word' id='word_1_183' title='bbox 764 1326 792 1349; x_wconf 86' lang='lat' dir='ltr'><strong>et</strong></span> <span class='ocrx_word' id='word_1_184' title='bbox 815 1323 894 1354; x_wconf 89' lang='lat' dir='ltr'><strong>civis,</strong></span> <span class='ocrx_word' id='word_1_185' title='bbox 908 1323 1019 1350; x_wconf 84' lang='lat' dir='ltr'><strong>nomine</strong></span> 
     </span>
    </p>
   </div>
   <div class='ocr_carea' id='block_1_28' title="bbox 228 1366 1019 1402">
    <p class='ocr_par' dir='ltr' id='par_1_28' title="bbox 228 1366 1019 1402">
     <span class='ocr_line' id='line_1_28' title="bbox 228 1366 1019 1402; baseline 0.005 -10"><span class='ocrx_word' id='word_1_186' title='bbox 228 1366 377 1400; x_wconf 79' lang='lat' dir='ltr'><strong>Eugenius.</strong></span> <span class='ocrx_word' id='word_1_187' title='bbox 388 1366 504 1394; x_wconf 84' lang='lat' dir='ltr'><strong>ﬁdenter</strong></span> <span class='ocrx_word' id='word_1_188' title='bbox 517 1375 579 1394; x_wconf 89' lang='lat' dir='ltr'><strong>eum</strong></span> <span class='ocrx_word' id='word_1_189' title='bbox 590 1372 796 1402; x_wconf 85' lang='lat' dir='ltr'><strong>percunctatur,</strong></span> <span class='ocrx_word' id='word_1_190' title='bbox 811 1368 905 1396; x_wconf 89' lang='lat' dir='ltr'><strong>dicens</strong></span> <span class='ocrx_word' id='word_1_191' title='bbox 921 1378 927 1395; x_wconf 87' lang='lat'>:</span> <span class='ocrx_word' id='word_1_192' title='bbox 943 1369 1019 1396; x_wconf 81' lang='lat' dir='ltr'><strong>Nun-</strong></span> 
     </span>
    </p>
   </div>
   <div class='ocr_carea' id='block_1_29' title="bbox 230 1412 1019 1450">
    <p class='ocr_par' dir='ltr' id='par_1_29' title="bbox 230 1412 1019 1450">
     <span class='ocr_line' id='line_1_29' title="bbox 230 1412 1019 1450; baseline 0.005 -11"><span class='ocrx_word' id='word_1_193' title='bbox 230 1412 310 1447; x_wconf 87' lang='lat' dir='ltr'><strong>quid,</strong></span> <span class='ocrx_word' id='word_1_194' title='bbox 325 1420 342 1440; x_wconf 88' lang='grc' dir='ltr'><strong>ο</strong></span> <span class='ocrx_word' id='word_1_195' title='bbox 356 1412 475 1440; x_wconf 89' lang='lat' dir='ltr'><strong>maxime</strong></span> <span class='ocrx_word' id='word_1_196' title='bbox 494 1413 627 1447; x_wconf 86' lang='lat' dir='ltr'><strong>Eustrati,</strong></span> <span class='ocrx_word' id='word_1_197' title='bbox 645 1419 791 1450; x_wconf 85' lang='lat' dir='ltr'><strong>propterea</strong></span> <span class='ocrx_word' id='word_1_198' title='bbox 806 1416 878 1450; x_wconf 89' lang='lat' dir='ltr'><strong>quod</strong></span> <span class='ocrx_word' id='word_1_199' title='bbox 894 1423 909 1443; x_wconf 88' lang='lat' dir='ltr'><strong>a</strong></span> <span class='ocrx_word' id='word_1_200' title='bbox 923 1421 1019 1443; x_wconf 88' lang='lat' dir='ltr'><strong>nostro</strong></span> 
     </span>
    </p>
   </div>
   <div class='ocr_carea' id='block_1_30' title="bbox 228 1458 1019 1497">
    <p class='ocr_par' dir='ltr' id='par_1_30' title="bbox 228 1458 1019 1497">
     <span class='ocr_line' id='line_1_30' title="bbox 228 1458 1019 1497; baseline 0.008 -13"><span class='ocrx_word' id='word_1_201' title='bbox 228 1458 346 1493; x_wconf 71' lang='lat' dir='ltr'><strong>praeside</strong></span> <span class='ocrx_word' id='word_1_202' title='bbox 361 1459 388 1486; x_wconf 90' lang='lat' dir='ltr'><strong>in</strong></span> <span class='ocrx_word' id='word_1_203' title='bbox 411 1459 560 1487; x_wconf 85' lang='lat' dir='ltr'><strong>crastinum</strong></span> <span class='ocrx_word' id='word_1_204' title='bbox 575 1460 647 1488; x_wconf 89' lang='lat' dir='ltr'><strong>diem</strong></span> <span class='ocrx_word' id='word_1_205' title='bbox 672 1466 736 1489; x_wconf 83' lang='lat' dir='ltr'><strong>sunt</strong></span> <span class='ocrx_word' id='word_1_206' title='bbox 751 1467 855 1496; x_wconf 79' lang='lat' dir='ltr'><strong>parata,</strong></span> <span class='ocrx_word' id='word_1_207' title='bbox 869 1468 897 1490; x_wconf 90' lang='lat' dir='ltr'><strong>et</strong></span> <span class='ocrx_word' id='word_1_208' title='bbox 912 1463 1019 1497; x_wconf 81' lang='lat' dir='ltr'><strong>publice</strong></span> 
     </span>
    </p>
   </div>
   <div class='ocr_carea' id='block_1_31' title="bbox 229 1503 1019 1538">
    <p class='ocr_par' dir='ltr' id='par_1_31' title="bbox 229 1503 1019 1538">
     <span class='ocr_line' id='line_1_31' title="bbox 229 1503 1019 1538; baseline 0.009 -8"><span class='ocrx_word' id='word_1_209' title='bbox 229 1503 408 1538; x_wconf 84' lang='lat' dir='ltr'><strong>producenda</strong></span> <span class='ocrx_word' id='word_1_210' title='bbox 427 1505 519 1533; x_wconf 87' lang='lat' dir='ltr'><strong>omnia</strong></span> <span class='ocrx_word' id='word_1_211' title='bbox 541 1510 740 1534; x_wconf 87' lang='lat' dir='ltr'><strong>tormentorum</strong></span> <span class='ocrx_word' id='word_1_212' title='bbox 767 1508 945 1536; x_wconf 80' lang='lat' dir='ltr'><strong>instrumenta</strong></span> <span class='ocrx_word' id='word_1_213' title='bbox 970 1509 1019 1537; x_wconf 86' lang='lat' dir='ltr'><strong>ad-</strong></span> 
     </span>
    </p>
   </div>
   <div class='ocr_carea' id='block_1_32' title="bbox 228 1550 1053 1595">
    <p class='ocr_par' dir='ltr' id='par_1_32' title="bbox 228 1550 1053 1595">
     <span class='ocr_line' id='line_1_32' title="bbox 228 1550 1053 1595; baseline 0.008 -19"><span class='ocrx_word' id='word_1_214' title='bbox 228 1557 328 1577; x_wconf 81' lang='lat' dir='ltr'><strong>versus</strong></span> <span class='ocrx_word' id='word_1_215' title='bbox 341 1550 522 1584; x_wconf 79' lang='lat' dir='ltr'><strong>Christianos,</strong></span> <span class='ocrx_word' id='word_1_216' title='bbox 537 1552 653 1580; x_wconf 83' lang='lat' dir='ltr'><strong>accessit</strong></span> <span class='ocrx_word' id='word_1_217' title='bbox 669 1553 717 1580; x_wconf 87' lang='lat' dir='ltr'><strong>tibi</strong></span> <span class='ocrx_word' id='word_1_218' title='bbox 734 1554 861 1588; x_wconf 81' lang='lat' dir='ltr'><strong>profusus</strong></span> <span class='ocrx_word' id='word_1_219' title='bbox 876 1555 920 1582; x_wconf 86' lang='lat' dir='ltr'><strong>hic</strong></span> <span class='ocrx_word' id='word_1_220' title='bbox 933 1555 1014 1588; x_wconf 81' lang='lat' dir='ltr'><strong>risus,</strong></span> <span class='ocrx_word' id='word_1_221' title='bbox 1031 1565 1053 1595; x_wconf 74' lang='grc' dir='ltr'>α</span> 
     </span>
    </p>
   </div>
   <div class='ocr_carea' id='block_1_33' title="bbox 231 1596 1017 1633">
    <p class='ocr_par' dir='ltr' id='par_1_33' title="bbox 231 1596 1017 1633">
     <span class='ocr_line' id='line_1_33' title="bbox 231 1596 1017 1633; baseline 0.008 -11"><span class='ocrx_word' id='word_1_222' title='bbox 231 1599 263 1622; x_wconf 91' lang='lat' dir='ltr'><strong>nt</strong></span> <span class='ocrx_word' id='word_1_223' title='bbox 275 1596 322 1631; x_wconf 88' lang='lat' dir='ltr'><strong>qui</strong></span> <span class='ocrx_word' id='word_1_224' title='bbox 336 1603 369 1623; x_wconf 86' lang='lat' dir='ltr'><strong>ex</strong></span> <span class='ocrx_word' id='word_1_225' title='bbox 383 1604 416 1624; x_wconf 90' lang='lat' dir='ltr'><strong>eo</strong></span> <span class='ocrx_word' id='word_1_226' title='bbox 428 1605 522 1632; x_wconf 86' lang='lat' dir='ltr'><strong>speres</strong></span> <span class='ocrx_word' id='word_1_227' title='bbox 533 1598 636 1633; x_wconf 87' lang='lat' dir='ltr'><strong>aliquid</strong></span> <span class='ocrx_word' id='word_1_228' title='bbox 650 1598 771 1626; x_wconf 86' lang='lat' dir='ltr'><strong>lucrari?</strong></span> <span class='ocrx_word' id='word_1_229' title='bbox 785 1599 841 1627; x_wconf 86' lang='lat' dir='ltr'><strong>lloc</strong></span> <span class='ocrx_word' id='word_1_230' title='bbox 857 1608 922 1627; x_wconf 87' lang='lat' dir='ltr'><strong>vero</strong></span> <span class='ocrx_word' id='word_1_231' title='bbox 938 1601 1017 1633; x_wconf 79' lang='lat' dir='ltr'><strong>dixit,</strong></span> 
     </span>
    </p>
   </div>
   <div class='ocr_carea' id='block_1_34' title="bbox 228 1644 1019 1681">
    <p class='ocr_par' dir='ltr' id='par_1_34' title="bbox 228 1644 1019 1681">
     <span class='ocr_line' id='line_1_34' title="bbox 228 1644 1019 1681; baseline 0.006 -11"><span class='ocrx_word' id='word_1_232' title='bbox 228 1647 377 1678; x_wconf 82' lang='lat' dir='ltr'><strong>propterea</strong></span> <span class='ocrx_word' id='word_1_233' title='bbox 394 1644 466 1679; x_wconf 73' lang='lat' dir='ltr'><strong>quod</strong></span> <span class='ocrx_word' id='word_1_234' title='bbox 490 1644 517 1672; x_wconf 92' lang='lat' dir='ltr'><strong>in</strong></span> <span class='ocrx_word' id='word_1_235' title='bbox 541 1644 616 1672; x_wconf 88' lang='lat' dir='ltr'><strong>illum</strong></span> <span class='ocrx_word' id='word_1_236' title='bbox 639 1653 742 1673; x_wconf 90' lang='lat' dir='ltr'><strong>annum</strong></span> <span class='ocrx_word' id='word_1_237' title='bbox 765 1651 838 1674; x_wconf 87' lang='lat' dir='ltr'><strong>esset</strong></span> <span class='ocrx_word' id='word_1_238' title='bbox 856 1647 913 1681; x_wconf 88' lang='lat' dir='ltr'><strong>ipse</strong></span> <span class='ocrx_word' id='word_1_239' title='bbox 936 1647 1019 1674; x_wconf 89' lang='lat' dir='ltr'><strong>Com-</strong></span> 
     </span>
    </p>
   </div>
   <div class='ocr_carea' id='block_1_35' title="bbox 228 1690 1018 1728">
    <p class='ocr_par' dir='ltr' id='par_1_35' title="bbox 228 1690 1018 1728">
     <span class='ocr_line' id='line_1_35' title="bbox 228 1690 1018 1728; baseline 0.005 -11"><span class='ocrx_word' id='word_1_240' title='bbox 228 1690 438 1719; x_wconf 78' lang='lat' dir='ltr'><strong>mentariensis.</strong></span> <span class='ocrx_word' id='word_1_241' title='bbox 451 1691 567 1720; x_wconf 82' lang='lat' dir='ltr'><strong>Sanetus</strong></span> <span class='ocrx_word' id='word_1_242' title='bbox 581 1696 672 1720; x_wconf 86' lang='lat' dir='ltr'><strong>autem</strong></span> <span class='ocrx_word' id='word_1_243' title='bbox 685 1692 828 1728; x_wconf 75' lang='lat' dir='ltr'><strong>respondit</strong></span> <span class='ocrx_word' id='word_1_244' title='bbox 841 1693 997 1721; x_wconf 85' lang='lat' dir='ltr'><strong>Eustratius</strong></span> <span class='ocrx_word' id='word_1_245' title='bbox 1010 1702 1018 1721; x_wconf 90' lang='lat'>:</span> 
     </span>
    </p>
   </div>
   <div class='ocr_carea' id='block_1_36' title="bbox 229 1733 1019 1774">
    <p class='ocr_par' dir='ltr' id='par_1_36' title="bbox 229 1733 1019 1774">
     <span class='ocr_line' id='line_1_36' title="bbox 229 1733 1019 1774; baseline 0.005 -13"><span class='ocrx_word' id='word_1_246' title='bbox 229 1733 316 1762; x_wconf 79' lang='lat' dir='ltr'><strong>Recte</strong></span> <span class='ocrx_word' id='word_1_247' title='bbox 330 1735 503 1768; x_wconf 81' lang='lat' dir='ltr'><strong>existimasti,</strong></span> <span class='ocrx_word' id='word_1_248' title='bbox 517 1745 533 1763; x_wconf 92' lang='grc' dir='ltr'><strong>ο</strong></span> <span class='ocrx_word' id='word_1_249' title='bbox 546 1737 645 1764; x_wconf 87' lang='lat' dir='ltr'><strong>amice.</strong></span> <span class='ocrx_word' id='word_1_250' title='bbox 662 1737 748 1772; x_wconf 86' lang='lat' dir='ltr'><strong>Spero</strong></span> <span class='ocrx_word' id='word_1_251' title='bbox 761 1738 834 1765; x_wconf 90' lang='lat' dir='ltr'><strong>enim</strong></span> <span class='ocrx_word' id='word_1_252' title='bbox 849 1746 898 1773; x_wconf 79' lang='lat' dir='ltr'><strong>ego</strong></span> <span class='ocrx_word' id='word_1_253' title='bbox 911 1747 1019 1774; x_wconf 83' lang='lat' dir='ltr'><strong>quoque</strong></span> 
     </span>
    </p>
   </div>
   <div class='ocr_carea' id='block_1_37' title="bbox 230 1780 1018 1819">
    <p class='ocr_par' dir='ltr' id='par_1_37' title="bbox 230 1780 1018 1819">
     <span class='ocr_line' id='line_1_37' title="bbox 230 1780 1018 1819; baseline 0.005 -12"><span class='ocrx_word' id='word_1_254' title='bbox 230 1780 276 1807; x_wconf 81' lang='lat' dir='ltr'><strong>die</strong></span> <span class='ocrx_word' id='word_1_255' title='bbox 292 1781 419 1815; x_wconf 82' lang='lat' dir='ltr'><strong>sequenti</strong></span> <span class='ocrx_word' id='word_1_256' title='bbox 443 1789 477 1808; x_wconf 91' lang='lat' dir='ltr'><strong>ex</strong></span> <span class='ocrx_word' id='word_1_257' title='bbox 500 1781 551 1809; x_wconf 84' lang='lat' dir='ltr'><strong>hac</strong></span> <span class='ocrx_word' id='word_1_258' title='bbox 564 1790 594 1810; x_wconf 91' lang='lat' dir='ltr'><strong>re</strong></span> <span class='ocrx_word' id='word_1_259' title='bbox 615 1783 758 1817; x_wconf 33' lang='lat' dir='ltr'><strong>consequi,</strong></span> <span class='ocrx_word' id='word_1_260' title='bbox 783 1784 953 1815; x_wconf 80' lang='lat' dir='ltr'><strong>thesaurum.</strong></span> <span class='ocrx_word' id='word_1_261' title='bbox 971 1785 1018 1819; x_wconf 87' lang='lat' dir='ltr'><strong>qui</strong></span> 
     </span>
    </p>
   </div>
   <div class='ocr_carea' id='block_1_38' title="bbox 234 1826 1018 1865">
    <p class='ocr_par' dir='ltr' id='par_1_38' title="bbox 234 1826 1018 1865">
     <span class='ocr_line' id='line_1_38' title="bbox 234 1826 1018 1865; baseline 0.006 -13"><span class='ocrx_word' id='word_1_262' title='bbox 234 1826 338 1853; x_wconf 82' lang='lat' dir='ltr'><strong>auferri</strong></span> <span class='ocrx_word' id='word_1_263' title='bbox 361 1833 416 1853; x_wconf 91' lang='lat' dir='ltr'><strong>non</strong></span> <span class='ocrx_word' id='word_1_264' title='bbox 439 1832 538 1861; x_wconf 77' lang='lat' dir='ltr'><strong>potest.</strong></span> <span class='ocrx_word' id='word_1_265' title='bbox 557 1828 687 1862; x_wconf 86' lang='lat' dir='ltr'><strong>Sequenti</strong></span> <span class='ocrx_word' id='word_1_266' title='bbox 712 1837 776 1856; x_wconf 76' lang='lat' dir='ltr'><strong>vero</strong></span> <span class='ocrx_word' id='word_1_267' title='bbox 801 1829 844 1857; x_wconf 84' lang='lat' dir='ltr'><strong>die</strong></span> <span class='ocrx_word' id='word_1_268' title='bbox 868 1829 972 1865; x_wconf 63' lang='lat' dir='ltr'><strong>Lysias,</strong></span> <span class='ocrx_word' id='word_1_269' title='bbox 993 1830 1018 1857; x_wconf 91' lang='lat' dir='ltr'><strong>ei</strong></span> 
     </span>
    </p>
   </div>
   <div class='ocr_carea' id='block_1_39' title="bbox 231 1872 1019 1910">
    <p class='ocr_par' dir='ltr' id='par_1_39' title="bbox 231 1872 1019 1910">
     <span class='ocr_line' id='line_1_39' title="bbox 231 1872 1019 1910; baseline 0.005 -12"><span class='ocrx_word' id='word_1_270' title='bbox 231 1875 325 1898; x_wconf 86' lang='lat' dir='ltr'><strong>erecto</strong></span> <span class='ocrx_word' id='word_1_271' title='bbox 339 1872 447 1899; x_wconf 87' lang='lat' dir='ltr'><strong>excelso</strong></span> <span class='ocrx_word' id='word_1_272' title='bbox 464 1872 592 1900; x_wconf 86' lang='lat' dir='ltr'><strong>tribunali</strong></span> <span class='ocrx_word' id='word_1_273' title='bbox 610 1873 636 1900; x_wconf 89' lang='lat' dir='ltr'><strong>in</strong></span> <span class='ocrx_word' id='word_1_274' title='bbox 653 1873 741 1900; x_wconf 85' lang='lat' dir='ltr'><strong>media</strong></span> <span class='ocrx_word' id='word_1_275' title='bbox 759 1874 868 1902; x_wconf 87' lang='lat' dir='ltr'><strong>civitate</strong></span> <span class='ocrx_word' id='word_1_276' title='bbox 885 1875 911 1902; x_wconf 92' lang='lat' dir='ltr'><strong>in</strong></span> <span class='ocrx_word' id='word_1_277' title='bbox 927 1875 1019 1910; x_wconf 84' lang='lat' dir='ltr'><strong>signo-</strong></span> 
     </span>
    </p>
   </div>
   <div class='ocr_carea' id='block_1_40' title="bbox 232 1917 1017 1956">
    <p class='ocr_par' dir='ltr' id='par_1_40' title="bbox 232 1917 1017 1956">
     <span class='ocr_line' id='line_1_40' title="bbox 232 1917 1017 1956; baseline 0.005 -12"><span class='ocrx_word' id='word_1_278' title='bbox 232 1917 326 1949; x_wconf 82' lang='lat' dir='ltr'><strong>stasio,</strong></span> <span class='ocrx_word' id='word_1_279' title='bbox 339 1917 422 1953; x_wconf 87' lang='lat' dir='ltr'><strong>jussit</strong></span> <span class='ocrx_word' id='word_1_280' title='bbox 436 1926 542 1950; x_wconf 86' lang='lat' dir='ltr'><strong>omnes,</strong></span> <span class='ocrx_word' id='word_1_281' title='bbox 555 1919 603 1954; x_wconf 89' lang='lat' dir='ltr'><strong>qui</strong></span> <span class='ocrx_word' id='word_1_282' title='bbox 618 1925 696 1947; x_wconf 85' lang='lat' dir='ltr'><strong>erant</strong></span> <span class='ocrx_word' id='word_1_283' title='bbox 711 1919 738 1947; x_wconf 92' lang='lat' dir='ltr'><strong>in</strong></span> <span class='ocrx_word' id='word_1_284' title='bbox 753 1921 888 1952; x_wconf 84' lang='lat' dir='ltr'><strong>custodia,</strong></span> <span class='ocrx_word' id='word_1_285' title='bbox 904 1921 1017 1956; x_wconf 80' lang='lat' dir='ltr'><strong>produci</strong></span> 
     </span>
    </p>
   </div>
   <div class='ocr_carea' id='block_1_41' title="bbox 231 1964 1019 2002">
    <p class='ocr_par' dir='ltr' id='par_1_41' title="bbox 231 1964 1019 2002">
     <span class='ocr_line' id='line_1_41' title="bbox 231 1964 1019 2002; baseline 0.004 -11"><span class='ocrx_word' id='word_1_286' title='bbox 231 1969 262 1992; x_wconf 90' lang='lat' dir='ltr'><strong>ut</strong></span> <span class='ocrx_word' id='word_1_287' title='bbox 277 1964 523 2000; x_wconf 73' lang='lat' dir='ltr'><strong>interrogarentur.</strong></span> <span class='ocrx_word' id='word_1_288' title='bbox 539 1964 657 1994; x_wconf 87' lang='lat' dir='ltr'><strong>Sanctus</strong></span> <span class='ocrx_word' id='word_1_289' title='bbox 671 1969 763 1993; x_wconf 88' lang='lat' dir='ltr'><strong>autem</strong></span> <span class='ocrx_word' id='word_1_290' title='bbox 782 1966 937 1994; x_wconf 84' lang='lat' dir='ltr'><strong>Eustratius</strong></span> <span class='ocrx_word' id='word_1_291' title='bbox 954 1975 1019 2002; x_wconf 89' lang='lat' dir='ltr'><strong>pro-</strong></span> 
     </span>
    </p>
   </div>
   <div class='ocr_carea' id='block_1_42' title="bbox 229 2011 1018 2048">
    <p class='ocr_par' dir='ltr' id='par_1_42' title="bbox 229 2011 1018 2048">
     <span class='ocr_line' id='line_1_42' title="bbox 229 2011 1018 2048; baseline 0.004 -11"><span class='ocrx_word' id='word_1_292' title='bbox 229 2011 319 2038; x_wconf 72' lang='lat' dir='ltr'><strong>fectus</strong></span> <span class='ocrx_word' id='word_1_293' title='bbox 332 2011 361 2038; x_wconf 87' lang='lat' dir='ltr'><strong>in</strong></span> <span class='ocrx_word' id='word_1_294' title='bbox 382 2018 532 2045; x_wconf 85' lang='lat' dir='ltr'><strong>carcerem,</strong></span> <span class='ocrx_word' id='word_1_295' title='bbox 549 2013 654 2047; x_wconf 77' lang='lat' dir='ltr'><strong>rogavit</strong></span> <span class='ocrx_word' id='word_1_296' title='bbox 671 2019 766 2040; x_wconf 85' lang='lat' dir='ltr'><strong>omnes</strong></span> <span class='ocrx_word' id='word_1_297' title='bbox 787 2017 903 2046; x_wconf 84' lang='lat' dir='ltr'><strong>sanctos,</strong></span> <span class='ocrx_word' id='word_1_298' title='bbox 922 2017 952 2040; x_wconf 92' lang='lat' dir='ltr'><strong>ut</strong></span> <span class='ocrx_word' id='word_1_299' title='bbox 969 2021 1018 2048; x_wconf 87' lang='lat' dir='ltr'><strong>pro</strong></span> 
     </span>
    </p>
   </div>
   <div class='ocr_carea' id='block_1_43' title="bbox 229 2057 1018 2095">
    <p class='ocr_par' dir='ltr' id='par_1_43' title="bbox 229 2057 1018 2095">
     <span class='ocr_line' id='line_1_43' title="bbox 229 2057 1018 2095; baseline 0.006 -12"><span class='ocrx_word' id='word_1_300' title='bbox 229 2064 262 2084; x_wconf 88' lang='lat' dir='ltr'><strong>eo</strong></span> <span class='ocrx_word' id='word_1_301' title='bbox 283 2061 404 2084; x_wconf 85' lang='lat' dir='ltr'><strong>orarent.</strong></span> <span class='ocrx_word' id='word_1_302' title='bbox 428 2057 501 2085; x_wconf 81' lang='lat' dir='ltr'><strong>Dixit</strong></span> <span class='ocrx_word' id='word_1_303' title='bbox 521 2059 606 2091; x_wconf 86' lang='lat' dir='ltr'><strong>enim.</strong></span> <span class='ocrx_word' id='word_1_304' title='bbox 624 2066 653 2086; x_wconf 86' lang='lat' dir='ltr'><strong>se</strong></span> <span class='ocrx_word' id='word_1_305' title='bbox 675 2059 722 2086; x_wconf 93' lang='lat' dir='ltr'><strong>illo</strong></span> <span class='ocrx_word' id='word_1_306' title='bbox 739 2059 783 2087; x_wconf 89' lang='lat' dir='ltr'><strong>die</strong></span> <span class='ocrx_word' id='word_1_307' title='bbox 799 2059 921 2087; x_wconf 76' lang='lat' dir='ltr'><strong>futurum</strong></span> <span class='ocrx_word' id='word_1_308' title='bbox 945 2060 1018 2095; x_wconf 87' lang='lat' dir='ltr'><strong>paris</strong></span> 
     </span>
    </p>
   </div>
   <div class='ocr_carea' id='block_1_44' title="bbox 229 2103 1016 2138">
    <p class='ocr_par' dir='ltr' id='par_1_44' title="bbox 229 2103 1016 2138">
     <span class='ocr_line' id='line_1_44' title="bbox 229 2103 1016 2138; baseline 0.004 -8"><span class='ocrx_word' id='word_1_309' title='bbox 229 2103 335 2130; x_wconf 75' lang='lat' dir='ltr'><strong>socium</strong></span> <span class='ocrx_word' id='word_1_310' title='bbox 361 2104 531 2132; x_wconf 81' lang='lat' dir='ltr'><strong>certaminis.</strong></span> <span class='ocrx_word' id='word_1_311' title='bbox 555 2103 623 2132; x_wconf 90' lang='lat' dir='ltr'><strong>Cum</strong></span> <span class='ocrx_word' id='word_1_312' title='bbox 647 2112 742 2133; x_wconf 83' lang='lat' dir='ltr'><strong>omnes</strong></span> <span class='ocrx_word' id='word_1_313' title='bbox 765 2110 856 2133; x_wconf 86' lang='lat' dir='ltr'><strong>autem</strong></span> <span class='ocrx_word' id='word_1_314' title='bbox 881 2111 1016 2138; x_wconf 82' lang='lat' dir='ltr'><strong>orassent,</strong></span> 
     </span>
    </p>
   </div>
   <div class='ocr_carea' id='block_1_45' title="bbox 228 2150 1017 2184">
    <p class='ocr_par' dir='ltr' id='par_1_45' title="bbox 228 2150 1017 2184">
     <span class='ocr_line' id='line_1_45' title="bbox 228 2150 1017 2184; baseline 0.004 -8"><span class='ocrx_word' id='word_1_315' title='bbox 228 2153 257 2176; x_wconf 81' lang='lat' dir='ltr'><strong>et</strong></span> <span class='ocrx_word' id='word_1_316' title='bbox 268 2157 357 2184; x_wconf 77' lang='lat' dir='ltr'><strong>genua</strong></span> <span class='ocrx_word' id='word_1_317' title='bbox 379 2150 532 2184; x_wconf 79' lang='lat' dir='ltr'><strong>ﬂexissent,</strong></span> <span class='ocrx_word' id='word_1_318' title='bbox 550 2154 579 2178; x_wconf 87' lang='lat' dir='ltr'><strong>et</strong></span> <span class='ocrx_word' id='word_1_319' title='bbox 594 2155 747 2178; x_wconf 86' lang='lat' dir='ltr'><strong>extremum</strong></span> <span class='ocrx_word' id='word_1_320' title='bbox 766 2151 850 2178; x_wconf 77' lang='lat' dir='ltr'><strong>Amen</strong></span> <span class='ocrx_word' id='word_1_321' title='bbox 873 2151 1017 2184; x_wconf 80' lang='lat' dir='ltr'><strong>dixissent,</strong></span> 
     </span>
    </p>
   </div>
   <div class='ocr_carea' id='block_1_46' title="bbox 230 2197 1018 2230">
    <p class='ocr_par' dir='ltr' id='par_1_46' title="bbox 230 2197 1018 2230">
     <span class='ocr_line' id='line_1_46' title="bbox 230 2197 1018 2230; baseline 0.004 -8"><span class='ocrx_word' id='word_1_322' title='bbox 230 2197 318 2223; x_wconf 79' lang='lat' dir='ltr'><strong>secuti</strong></span> <span class='ocrx_word' id='word_1_323' title='bbox 331 2201 397 2224; x_wconf 86' lang='lat' dir='ltr'><strong>sunt</strong></span> <span class='ocrx_word' id='word_1_324' title='bbox 410 2203 537 2225; x_wconf 84' lang='lat' dir='ltr'><strong>sanctum</strong></span> <span class='ocrx_word' id='word_1_325' title='bbox 553 2197 734 2230; x_wconf 83' lang='lat' dir='ltr'><strong>Eustratium,</strong></span> <span class='ocrx_word' id='word_1_326' title='bbox 750 2205 813 2225; x_wconf 89' lang='lat' dir='ltr'><strong>cum</strong></span> <span class='ocrx_word' id='word_1_327' title='bbox 828 2205 877 2225; x_wconf 85' lang='lat' dir='ltr'><strong>eos</strong></span> <span class='ocrx_word' id='word_1_328' title='bbox 893 2201 1018 2225; x_wconf 79' lang='lat' dir='ltr'><strong>tenerent</strong></span> 
     </span>
    </p>
   </div>
   <div class='ocr_carea' id='block_1_47' title="bbox 231 2241 345 2270">
    <p class='ocr_par' dir='ltr' id='par_1_47' title="bbox 231 2241 345 2270">
     <span class='ocr_line' id='line_1_47' title="bbox 231 2241 345 2270; baseline 0.026 -3"><span class='ocrx_word' id='word_1_329' title='bbox 231 2241 345 2270; x_wconf 78' lang='lat' dir='ltr'><strong>milites.</strong></span> 
     </span>
    </p>
   </div>
   <div class='ocr_carea' id='block_1_48' title="bbox 1065 266 1854 305">
    <p class='ocr_par' dir='ltr' id='par_1_48' title="bbox 1065 266 1854 305">
     <span class='ocr_line' id='line_1_48' title="bbox 1065 266 1854 305; baseline -0.005 -9"><span class='ocrx_word' id='word_1_330' title='bbox 1065 269 1253 305; x_wconf 72' lang='grc' dir='ltr'>πρεσϐύτερον</span> <span class='ocrx_word' id='word_1_331' title='bbox 1265 269 1304 303; x_wconf 84' lang='grc' dir='ltr'>τῷ</span> <span class='ocrx_word' id='word_1_332' title='bbox 1324 269 1382 295; x_wconf 72' lang='grc' dir='ltr'>τότε</span> <span class='ocrx_word' id='word_1_333' title='bbox 1405 268 1493 303; x_wconf 67' lang='grc' dir='ltr'>χρόνῳ</span> <span class='ocrx_word' id='word_1_334' title='bbox 1512 267 1671 302; x_wconf 64' lang='grc' dir='ltr'>ὑπάρχοντα</span> <span class='ocrx_word' id='word_1_335' title='bbox 1689 266 1738 300; x_wconf 80' lang='grc' dir='ltr'><strong>τῆς</strong></span> <span class='ocrx_word' id='word_1_336' title='bbox 1756 266 1854 302; x_wconf 72' lang='grc' dir='ltr'>ἐκκλη-</span> 
     </span>
    </p>
   </div>
   <div class='ocr_carea' id='block_1_49' title="bbox 1067 313 1854 351">
    <p class='ocr_par' dir='ltr' id='par_1_49' title="bbox 1067 313 1854 351">
     <span class='ocr_line' id='line_1_49' title="bbox 1067 313 1854 351; baseline -0.005 -8"><span class='ocrx_word' id='word_1_337' title='bbox 1067 317 1126 348; x_wconf 89' lang='grc' dir='ltr'>σίας</span> <span class='ocrx_word' id='word_1_338' title='bbox 1141 316 1254 351; x_wconf 77' lang='grc' dir='ltr'>ταύτης,</span> <span class='ocrx_word' id='word_1_339' title='bbox 1273 314 1429 342; x_wconf 83' lang='grc' dir='ltr'>είσελθόντα</span> <span class='ocrx_word' id='word_1_340' title='bbox 1439 314 1486 341; x_wconf 86' lang='grc' dir='ltr'>τοῦ</span> <span class='ocrx_word' id='word_1_341' title='bbox 1505 313 1633 345; x_wconf 73' lang='grc' dir='ltr'>εὔξασθαι</span> <span class='ocrx_word' id='word_1_342' title='bbox 1649 313 1789 348; x_wconf 71' lang='grc' dir='ltr'>ἐπάραντα</span> <span class='ocrx_word' id='word_1_343' title='bbox 1804 313 1854 339; x_wconf 70' lang='grc' dir='ltr'>αὖε</span> 
     </span>
    </p>
   </div>
   <div class='ocr_carea' id='block_1_50' title="bbox 1065 359 1855 396">
    <p class='ocr_par' dir='ltr' id='par_1_50' title="bbox 1065 359 1855 396">
     <span class='ocr_line' id='line_1_50' title="bbox 1065 359 1855 396; baseline -0.005 -8"><span class='ocrx_word' id='word_1_344' title='bbox 1065 363 1125 396; x_wconf 80' lang='grc' dir='ltr'>τὴν,</span> <span class='ocrx_word' id='word_1_345' title='bbox 1144 363 1224 388; x_wconf 74' lang='grc' dir='ltr'>ἐᾶσαι</span> <span class='ocrx_word' id='word_1_346' title='bbox 1249 361 1321 396; x_wconf 78' lang='grc' dir='ltr'>ἔχειν</span> <span class='ocrx_word' id='word_1_347' title='bbox 1341 361 1390 396; x_wconf 80' lang='grc' dir='ltr'>τὴν</span> <span class='ocrx_word' id='word_1_348' title='bbox 1411 360 1498 396; x_wconf 80' lang='grc' dir='ltr'>ζώνην</span> <span class='ocrx_word' id='word_1_349' title='bbox 1523 360 1569 386; x_wconf 81' lang='grc' dir='ltr'>καὶ</span> <span class='ocrx_word' id='word_1_350' title='bbox 1586 361 1767 394; x_wconf 67' lang='grc' dir='ltr'><strong>ἀναστρέφειν</strong></span> <span class='ocrx_word' id='word_1_351' title='bbox 1787 359 1855 394; x_wconf 65' lang='grc' dir='ltr'>πρδς</span> 
     </span>
    </p>
   </div>
   <div class='ocr_carea' id='block_1_51' title="bbox 1065 405 1854 442">
    <p class='ocr_par' dir='ltr' id='par_1_51' title="bbox 1065 405 1854 442">
     <span class='ocr_line' id='line_1_51' title="bbox 1065 405 1854 442; baseline -0.006 -8"><span class='ocrx_word' id='word_1_352' title='bbox 1065 408 1147 434; x_wconf 69' lang='grc' dir='ltr'>αὐτόν</span> <span class='ocrx_word' id='word_1_353' title='bbox 1157 416 1165 423; x_wconf 93' lang='grc'><strong>·</strong></span> <span class='ocrx_word' id='word_1_354' title='bbox 1180 408 1204 434; x_wconf 84' lang='grc' dir='ltr'>εξ</span> <span class='ocrx_word' id='word_1_355' title='bbox 1217 407 1245 434; x_wconf 87' lang='grc' dir='ltr'><strong>δὲ</strong></span> <span class='ocrx_word' id='word_1_356' title='bbox 1260 407 1353 442; x_wconf 73' lang='grc' dir='ltr'>ἕτερός</span> <span class='ocrx_word' id='word_1_357' title='bbox 1366 415 1408 438; x_wconf 89' lang='grc' dir='ltr'><strong>τις</strong></span> <span class='ocrx_word' id='word_1_358' title='bbox 1422 406 1500 432; x_wconf 81' lang='grc' dir='ltr'>τοῦτο</span> <span class='ocrx_word' id='word_1_359' title='bbox 1514 408 1596 438; x_wconf 81' lang='grc' dir='ltr'>ποιεῖ,</span> <span class='ocrx_word' id='word_1_360' title='bbox 1606 405 1737 439; x_wconf 70' lang='grc' dir='ltr'>μηδαμῶς</span> <span class='ocrx_word' id='word_1_361' title='bbox 1747 413 1854 439; x_wconf 87' lang='grc' dir='ltr'>συγχω-</span> 
     </span>
    </p>
   </div>
   <div class='ocr_carea' id='block_1_52' title="bbox 1067 449 1854 490">
    <p class='ocr_par' dir='ltr' id='par_1_52' title="bbox 1067 449 1854 490">
     <span class='ocr_line' id='line_1_52' title="bbox 1067 449 1854 490; baseline -0.006 -9"><span class='ocrx_word' id='word_1_362' title='bbox 1067 456 1124 490; x_wconf 85' lang='grc' dir='ltr'>ρεῖν</span> <span class='ocrx_word' id='word_1_363' title='bbox 1151 454 1237 487; x_wconf 79' lang='grc' dir='ltr'>αὐτῷ,</span> <span class='ocrx_word' id='word_1_364' title='bbox 1265 454 1333 480; x_wconf 79' lang='grc' dir='ltr'>ἀλλὰ</span> <span class='ocrx_word' id='word_1_365' title='bbox 1350 453 1570 479; x_wconf 81' lang='grc' dir='ltr'><strong>ἀνακαλέσασθαι</strong></span> <span class='ocrx_word' id='word_1_366' title='bbox 1595 451 1668 485; x_wconf 76' lang='grc' dir='ltr'>αὖτῴ</span> <span class='ocrx_word' id='word_1_367' title='bbox 1695 451 1745 484; x_wconf 70' lang='grc' dir='ltr'><strong>τὴν</strong></span> <span class='ocrx_word' id='word_1_368' title='bbox 1769 449 1854 485; x_wconf 74' lang='grc' dir='ltr'>αὐτὴν</span> 
     </span>
    </p>
   </div>
   <div class='ocr_carea' id='block_1_53' title="bbox 1066 496 1852 535">
    <p class='ocr_par' dir='ltr' id='par_1_53' title="bbox 1066 496 1852 535">
     <span class='ocr_line' id='line_1_53' title="bbox 1066 496 1852 535; baseline -0.006 -9"><span class='ocrx_word' id='word_1_369' title='bbox 1066 501 1166 535; x_wconf 80' lang='grc' dir='ltr'>ζώνην,</span> <span class='ocrx_word' id='word_1_370' title='bbox 1184 500 1264 526; x_wconf 73' lang='grc' dir='ltr'>τοῦτο</span> <span class='ocrx_word' id='word_1_371' title='bbox 1282 500 1378 534; x_wconf 81' lang='grc' dir='ltr'>κρίνας</span> <span class='ocrx_word' id='word_1_372' title='bbox 1390 499 1419 524; x_wconf 80' lang='grc' dir='ltr'>ἐν</span> <span class='ocrx_word' id='word_1_373' title='bbox 1434 500 1466 533; x_wconf 84' lang='grc' dir='ltr'>τῇ</span> <span class='ocrx_word' id='word_1_374' title='bbox 1487 498 1592 532; x_wconf 76' lang='grc' dir='ltr'><strong>διανοίᾳ</strong></span> <span class='ocrx_word' id='word_1_375' title='bbox 1605 498 1652 528; x_wconf 82' lang='grc' dir='ltr'><strong>ὡς.</strong></span> <span class='ocrx_word' id='word_1_376' title='bbox 1670 498 1694 522; x_wconf 81' lang='grc' dir='ltr'><strong>εί</strong></span> <span class='ocrx_word' id='word_1_377' title='bbox 1705 498 1718 522; x_wconf 82' lang='grc' dir='ltr'>ὁ</span> <span class='ocrx_word' id='word_1_378' title='bbox 1732 496 1852 531; x_wconf 74' lang='grc' dir='ltr'>πρεσῦύ-</span> 
     </span>
    </p>
   </div>
   <div class='ocr_carea' id='block_1_54' title="bbox 1065 543 1854 581">
    <p class='ocr_par' dir='ltr' id='par_1_54' title="bbox 1065 543 1854 581">
     <span class='ocr_line' id='line_1_54' title="bbox 1065 543 1854 581; baseline -0.008 -7"><span class='ocrx_word' id='word_1_379' title='bbox 1065 555 1144 581; x_wconf 82' lang='grc' dir='ltr'>τερος</span> <span class='ocrx_word' id='word_1_380' title='bbox 1166 547 1345 580; x_wconf 76' lang='grc' dir='ltr'>ἁπενὲγκοιτο</span> <span class='ocrx_word' id='word_1_381' title='bbox 1368 545 1418 580; x_wconf 83' lang='grc' dir='ltr'>τὴν</span> <span class='ocrx_word' id='word_1_382' title='bbox 1443 545 1540 579; x_wconf 81' lang='grc' dir='ltr'>ζώνην,</span> <span class='ocrx_word' id='word_1_383' title='bbox 1563 544 1720 578; x_wconf 69' lang='grc' dir='ltr'>οἰκονομίαν</span> <span class='ocrx_word' id='word_1_384' title='bbox 1742 543 1854 569; x_wconf 81' lang='grc' dir='ltr'>ἔσεσθαι</span> 
     </span>
    </p>
   </div>
   <div class='ocr_carea' id='block_1_55' title="bbox 1066 590 1855 628">
    <p class='ocr_par' dir='ltr' id='par_1_55' title="bbox 1066 590 1855 628">
     <span class='ocr_line' id='line_1_55' title="bbox 1066 590 1855 628; baseline -0.005 -9"><span class='ocrx_word' id='word_1_385' title='bbox 1066 593 1160 628; x_wconf 80' lang='grc' dir='ltr'>θεῖκὴν</span> <span class='ocrx_word' id='word_1_386' title='bbox 1175 592 1386 627; x_wconf 70' lang='grc' dir='ltr'><strong>προμηνύουσαν</strong></span> <span class='ocrx_word' id='word_1_387' title='bbox 1409 591 1484 626; x_wconf 73' lang='grc' dir='ltr'>αὒτῴ</span> <span class='ocrx_word' id='word_1_388' title='bbox 1503 591 1553 621; x_wconf 80' lang='grc' dir='ltr'>τὴν</span> <span class='ocrx_word' id='word_1_389' title='bbox 1571 590 1618 616; x_wconf 74' lang='grc' dir='ltr'>τοῦ</span> <span class='ocrx_word' id='word_1_390' title='bbox 1635 590 1855 624; x_wconf 76' lang='grc' dir='ltr'>ὲπιθυμουμένου</span> 
     </span>
    </p>
   </div>
   <div class='ocr_carea' id='block_1_56' title="bbox 1066 636 1855 674">
    <p class='ocr_par' dir='ltr' id='par_1_56' title="bbox 1066 636 1855 674">
     <span class='ocr_line' id='line_1_56' title="bbox 1066 636 1855 674; baseline -0.006 -9"><span class='ocrx_word' id='word_1_391' title='bbox 1066 639 1138 673; x_wconf 79' lang='grc' dir='ltr'>αὐτῷ</span> <span class='ocrx_word' id='word_1_392' title='bbox 1157 638 1307 674; x_wconf 70' lang='grc' dir='ltr'>μαρτυρίου</span> <span class='ocrx_word' id='word_1_393' title='bbox 1331 638 1496 672; x_wconf 64' lang='grc' dir='ltr'>ἐπιτυχίαν·</span> <span class='ocrx_word' id='word_1_394' title='bbox 1528 637 1552 662; x_wconf 80' lang='grc' dir='ltr'><strong>εἰ</strong></span> <span class='ocrx_word' id='word_1_395' title='bbox 1577 636 1604 662; x_wconf 82' lang='grc' dir='ltr'><strong>δὲ</strong></span> <span class='ocrx_word' id='word_1_396' title='bbox 1637 636 1673 670; x_wconf 86' lang='grc' dir='ltr'>μὴ</span> <span class='ocrx_word' id='word_1_397' title='bbox 1702 636 1855 669; x_wconf 79' lang='grc' dir='ltr'>ὰπαντήσοι</span> 
     </span>
    </p>
   </div>
   <div class='ocr_carea' id='block_1_57' title="bbox 1065 681 1855 720">
    <p class='ocr_par' dir='ltr' id='par_1_57' title="bbox 1065 681 1855 720">
     <span class='ocr_line' id='line_1_57' title="bbox 1065 681 1855 720; baseline -0.005 -9"><span class='ocrx_word' id='word_1_398' title='bbox 1065 685 1155 717; x_wconf 78' lang='grc' dir='ltr'>τοῦτο,</span> <span class='ocrx_word' id='word_1_399' title='bbox 1183 683 1253 711; x_wconf 77' lang='grc' dir='ltr'>εἶναι</span> <span class='ocrx_word' id='word_1_400' title='bbox 1282 685 1363 711; x_wconf 72' lang='grc' dir='ltr'>αὖτὺν</span> <span class='ocrx_word' id='word_1_401' title='bbox 1383 685 1413 711; x_wconf 82' lang='grc' dir='ltr'>ὲν</span> <span class='ocrx_word' id='word_1_402' title='bbox 1439 684 1478 720; x_wconf 78' lang='grc' dir='ltr'><strong>τῷ</strong></span> <span class='ocrx_word' id='word_1_403' title='bbox 1493 683 1617 718; x_wconf 73' lang='grc' dir='ltr'><strong>λεληθότι</strong></span> <span class='ocrx_word' id='word_1_404' title='bbox 1645 683 1694 709; x_wconf 77' lang='grc' dir='ltr'><strong>καὶ</strong></span> <span class='ocrx_word' id='word_1_405' title='bbox 1722 681 1855 717; x_wconf 75' lang='grc' dir='ltr'><strong>μηδαμῶς</strong></span> 
     </span>
    </p>
   </div>
   <div class='ocr_carea' id='block_1_58' title="bbox 1066 731 1428 767">
    <p class='ocr_par' dir='ltr' id='par_1_58' title="bbox 1066 731 1428 767">
     <span class='ocr_line' id='line_1_58' title="bbox 1066 731 1428 767; baseline -0.006 -9"><span class='ocrx_word' id='word_1_406' title='bbox 1066 732 1168 767; x_wconf 62' lang='grc' dir='ltr'>τολμᾷν</span> <span class='ocrx_word' id='word_1_407' title='bbox 1180 731 1428 766; x_wconf 71' lang='grc' dir='ltr'>παρρησιάζεσθαι.</span> 
     </span>
    </p>
   </div>
   <div class='ocr_carea' id='block_1_59' title="bbox 1104 772 1857 810">
    <p class='ocr_par' dir='ltr' id='par_1_59' title="bbox 1104 772 1857 810">
     <span class='ocr_line' id='line_1_59' title="bbox 1104 772 1857 810; baseline -0.005 -8"><span class='ocrx_word' id='word_1_408' title='bbox 1104 776 1142 803; x_wconf 82' lang='grc' dir='ltr'><strong>Ε’.</strong></span> <span class='ocrx_word' id='word_1_409' title='bbox 1172 775 1322 810; x_wconf 70' lang='grc' dir='ltr'><strong>Γενομένου</strong></span> <span class='ocrx_word' id='word_1_410' title='bbox 1349 774 1395 801; x_wconf 74' lang='grc' dir='ltr'>οὖν</span> <span class='ocrx_word' id='word_1_411' title='bbox 1418 774 1514 800; x_wconf 71' lang='grc' dir='ltr'>τούτου</span> <span class='ocrx_word' id='word_1_412' title='bbox 1538 774 1585 801; x_wconf 74' lang='grc' dir='ltr'>καὶ</span> <span class='ocrx_word' id='word_1_413' title='bbox 1606 774 1654 800; x_wconf 73' lang='grc' dir='ltr'>τοῦ</span> <span class='ocrx_word' id='word_1_414' title='bbox 1678 773 1773 803; x_wconf 81' lang='grc' dir='ltr'>παιδὸς</span> <span class='ocrx_word' id='word_1_415' title='bbox 1797 772 1857 806; x_wconf 79' lang='grc' dir='ltr'>μετ’</span> 
     </span>
    </p>
   </div>
   <div class='ocr_carea' id='block_1_60' title="bbox 1067 817 1858 855">
    <p class='ocr_par' dir='ltr' id='par_1_60' title="bbox 1067 817 1858 855">
     <span class='ocr_line' id='line_1_60' title="bbox 1067 817 1858 855; baseline -0.005 -8"><span class='ocrx_word' id='word_1_416' title='bbox 1067 821 1160 854; x_wconf 78' lang='grc' dir='ltr'>ὀλίγας</span> <span class='ocrx_word' id='word_1_417' title='bbox 1187 820 1295 855; x_wconf 79' lang='grc' dir='ltr'>ἡμέρας</span> <span class='ocrx_word' id='word_1_418' title='bbox 1322 819 1543 854; x_wconf 52' lang='grc' dir='ltr'>ὑποστρέψαντος</span> <span class='ocrx_word' id='word_1_419' title='bbox 1580 819 1628 845; x_wconf 76' lang='grc' dir='ltr'>καὶ</span> <span class='ocrx_word' id='word_1_420' title='bbox 1654 818 1797 853; x_wconf 79' lang='grc' dir='ltr'>εἰρηκότος</span> <span class='ocrx_word' id='word_1_421' title='bbox 1819 817 1858 847; x_wconf 84' lang='grc' dir='ltr'>ὡς</span> 
     </span>
    </p>
   </div>
   <div class='ocr_carea' id='block_1_61' title="bbox 1067 862 1859 901">
    <p class='ocr_par' dir='ltr' id='par_1_61' title="bbox 1067 862 1859 901">
     <span class='ocr_line' id='line_1_61' title="bbox 1067 862 1859 901; baseline -0.006 -8"><span class='ocrx_word' id='word_1_422' title='bbox 1067 867 1129 894; x_wconf 79' lang='grc' dir='ltr'>κατ’</span> <span class='ocrx_word' id='word_1_423' title='bbox 1138 866 1222 901; x_wconf 79' lang='grc' dir='ltr'>αὐτὴν</span> <span class='ocrx_word' id='word_1_424' title='bbox 1234 866 1282 900; x_wconf 83' lang='grc' dir='ltr'>τὴν</span> <span class='ocrx_word' id='word_1_425' title='bbox 1293 865 1367 900; x_wconf 77' lang='grc' dir='ltr'>ὥραν</span> <span class='ocrx_word' id='word_1_426' title='bbox 1380 865 1427 892; x_wconf 82' lang='grc' dir='ltr'>τοῦ</span> <span class='ocrx_word' id='word_1_427' title='bbox 1444 865 1524 891; x_wconf 77' lang='grc' dir='ltr'>αὐτὸν</span> <span class='ocrx_word' id='word_1_428' title='bbox 1538 865 1689 891; x_wconf 79' lang='grc' dir='ltr'><strong>τεθεικέναι</strong></span> <span class='ocrx_word' id='word_1_429' title='bbox 1704 864 1753 897; x_wconf 86' lang='grc' dir='ltr'>τὴν</span> <span class='ocrx_word' id='word_1_430' title='bbox 1770 862 1859 897; x_wconf 79' lang='grc' dir='ltr'>ζώνην</span> 
     </span>
    </p>
   </div>
   <div class='ocr_carea' id='block_1_62' title="bbox 1069 910 1860 948">
    <p class='ocr_par' dir='ltr' id='par_1_62' title="bbox 1069 910 1860 948">
     <span class='ocr_line' id='line_1_62' title="bbox 1069 910 1860 948; baseline -0.006 -8"><span class='ocrx_word' id='word_1_431' title='bbox 1069 916 1097 941; x_wconf 81' lang='grc' dir='ltr'>ὲν</span> <span class='ocrx_word' id='word_1_432' title='bbox 1107 914 1146 948; x_wconf 81' lang='grc' dir='ltr'>τῷ</span> <span class='ocrx_word' id='word_1_433' title='bbox 1163 913 1363 948; x_wconf 76' lang='grc' dir='ltr'><strong>θυσιαστηρίῳ,</strong></span> <span class='ocrx_word' id='word_1_434' title='bbox 1376 912 1469 942; x_wconf 87' lang='grc' dir='ltr'>καθὼς</span> <span class='ocrx_word' id='word_1_435' title='bbox 1488 911 1700 946; x_wconf 76' lang='grc' dir='ltr'>προσετέτακτο.</span> <span class='ocrx_word' id='word_1_436' title='bbox 1718 910 1765 936; x_wconf 72' lang='grc' dir='ltr'><strong>τὸν</strong></span> <span class='ocrx_word' id='word_1_437' title='bbox 1776 917 1860 944; x_wconf 70' lang='grc' dir='ltr'>πρεσσ</span> 
     </span>
    </p>
   </div>
   <div class='ocr_carea' id='block_1_63' title="bbox 1068 954 1859 991">
    <p class='ocr_par' dir='ltr' id='par_1_63' title="bbox 1068 954 1859 991">
     <span class='ocr_line' id='line_1_63' title="bbox 1068 954 1859 991; baseline -0.004 -8"><span class='ocrx_word' id='word_1_438' title='bbox 1068 957 1182 991; x_wconf 75' lang='grc' dir='ltr'>εὐτερον</span> <span class='ocrx_word' id='word_1_439' title='bbox 1195 956 1353 988; x_wconf 82' lang='grc' dir='ltr'>Λὺξέντιον,</span> <span class='ocrx_word' id='word_1_440' title='bbox 1373 956 1467 991; x_wconf 80' lang='grc' dir='ltr'>ὥσπερ</span> <span class='ocrx_word' id='word_1_441' title='bbox 1485 956 1514 989; x_wconf 75' lang='grc' dir='ltr'>ἐξ</span> <span class='ocrx_word' id='word_1_442' title='bbox 1530 955 1683 989; x_wconf 74' lang='grc' dir='ltr'><strong>ἀποστολῆς</strong></span> <span class='ocrx_word' id='word_1_443' title='bbox 1699 963 1772 986; x_wconf 88' lang='grc' dir='ltr'>τινος</span> <span class='ocrx_word' id='word_1_444' title='bbox 1802 954 1859 980; x_wconf 73' lang='lat' dir='ltr'><strong>eia-</strong></span> 
     </span>
    </p>
   </div>
   <div class='ocr_carea' id='block_1_64' title="bbox 1068 999 1860 1038">
    <p class='ocr_par' dir='ltr' id='par_1_64' title="bbox 1068 999 1860 1038">
     <span class='ocr_line' id='line_1_64' title="bbox 1068 999 1860 1038; baseline -0.004 -9"><span class='ocrx_word' id='word_1_445' title='bbox 1068 1002 1228 1038; x_wconf 83' lang='grc' dir='ltr'>εληλυθέναι</span> <span class='ocrx_word' id='word_1_446' title='bbox 1258 1003 1297 1034; x_wconf 80' lang='grc' dir='ltr'>εἰς</span> <span class='ocrx_word' id='word_1_447' title='bbox 1312 1003 1366 1037; x_wconf 76' lang='grc' dir='ltr'>τὴν</span> <span class='ocrx_word' id='word_1_448' title='bbox 1393 1002 1542 1036; x_wconf 65' lang='grc' dir='ltr'>ἐκκλησίαν</span> <span class='ocrx_word' id='word_1_449' title='bbox 1568 1002 1615 1028; x_wconf 67' lang='grc' dir='ltr'>καὶ</span> <span class='ocrx_word' id='word_1_450' title='bbox 1641 1001 1782 1035; x_wconf 68' lang='grc' dir='ltr'>εἰληφέναι</span> <span class='ocrx_word' id='word_1_451' title='bbox 1809 999 1860 1035; x_wconf 87' lang='grc' dir='ltr'>τὴν</span> 
     </span>
    </p>
   </div>
   <div class='ocr_carea' id='block_1_65' title="bbox 1073 1044 1860 1083">
    <p class='ocr_par' dir='ltr' id='par_1_65' title="bbox 1073 1044 1860 1083">
     <span class='ocr_line' id='line_1_65' title="bbox 1073 1044 1860 1083; baseline -0.003 -9"><span class='ocrx_word' id='word_1_452' title='bbox 1073 1048 1172 1083; x_wconf 78' lang='grc' dir='ltr'>ζώνην,</span> <span class='ocrx_word' id='word_1_453' title='bbox 1205 1049 1325 1079; x_wconf 79' lang='grc' dir='ltr'>ἀκούσας</span> <span class='ocrx_word' id='word_1_454' title='bbox 1362 1048 1448 1074; x_wconf 81' lang='grc' dir='ltr'>ταῦτα</span> <span class='ocrx_word' id='word_1_455' title='bbox 1477 1048 1562 1082; x_wconf 78' lang='grc' dir='ltr'>ἐχάρη</span> <span class='ocrx_word' id='word_1_456' title='bbox 1589 1049 1603 1074; x_wconf 85' lang='grc' dir='ltr'><strong>ό</strong></span> <span class='ocrx_word' id='word_1_457' title='bbox 1627 1047 1759 1081; x_wconf 67' lang='grc' dir='ltr'>θεοσεϐὴς</span> <span class='ocrx_word' id='word_1_458' title='bbox 1783 1044 1860 1078; x_wconf 69' lang='grc' dir='ltr'>οὗτος</span> 
     </span>
    </p>
   </div>
   <div class='ocr_carea' id='block_1_66' title="bbox 1068 1094 1861 1130">
    <p class='ocr_par' dir='ltr' id='par_1_66' title="bbox 1068 1094 1861 1130">
     <span class='ocr_line' id='line_1_66' title="bbox 1068 1094 1861 1130; baseline -0.006 -6"><span class='ocrx_word' id='word_1_459' title='bbox 1068 1095 1147 1130; x_wconf 77' lang='grc' dir='ltr'>ἀνὴρ,</span> <span class='ocrx_word' id='word_1_460' title='bbox 1168 1096 1216 1122; x_wconf 73' lang='grc' dir='ltr'>καὶ</span> <span class='ocrx_word' id='word_1_461' title='bbox 1240 1095 1333 1122; x_wconf 73' lang='grc' dir='ltr'>λαϐὼν</span> <span class='ocrx_word' id='word_1_462' title='bbox 1353 1095 1406 1122; x_wconf 80' lang='grc' dir='ltr'><strong>ἀπὸ</strong></span> <span class='ocrx_word' id='word_1_463' title='bbox 1423 1094 1469 1122; x_wconf 78' lang='grc' dir='ltr'>τοῦ</span> <span class='ocrx_word' id='word_1_464' title='bbox 1486 1095 1659 1130; x_wconf 84' lang='grc' dir='ltr'>Πραιτωρίου</span> <span class='ocrx_word' id='word_1_465' title='bbox 1678 1095 1784 1126; x_wconf 76' lang='grc' dir='ltr'>πάντας</span> <span class='ocrx_word' id='word_1_466' title='bbox 1797 1094 1861 1125; x_wconf 68' lang='grc' dir='ltr'>τοὺς</span> 
     </span>
    </p>
   </div>
   <div class='ocr_carea' id='block_1_67' title="bbox 1069 1139 1860 1177">
    <p class='ocr_par' dir='ltr' id='par_1_67' title="bbox 1069 1139 1860 1177">
     <span class='ocr_line' id='line_1_67' title="bbox 1069 1139 1860 1177; baseline -0.004 -9"><span class='ocrx_word' id='word_1_467' title='bbox 1069 1143 1164 1176; x_wconf 81' lang='grc' dir='ltr'>φίλους</span> <span class='ocrx_word' id='word_1_468' title='bbox 1179 1141 1261 1168; x_wconf 76' lang='grc' dir='ltr'>αὑτοῦ</span> <span class='ocrx_word' id='word_1_469' title='bbox 1274 1143 1302 1168; x_wconf 83' lang='grc' dir='ltr'>ὲν</span> <span class='ocrx_word' id='word_1_470' title='bbox 1314 1143 1348 1177; x_wconf 83' lang='grc' dir='ltr'><strong>τῇ</strong></span> <span class='ocrx_word' id='word_1_471' title='bbox 1363 1141 1423 1177; x_wconf 78' lang='grc' dir='ltr'><strong>ὥρᾳ</strong></span> <span class='ocrx_word' id='word_1_472' title='bbox 1436 1141 1483 1168; x_wconf 81' lang='grc' dir='ltr'>τοῦ</span> <span class='ocrx_word' id='word_1_473' title='bbox 1504 1142 1630 1176; x_wconf 77' lang='grc' dir='ltr'>ἀρίστου,</span> <span class='ocrx_word' id='word_1_474' title='bbox 1645 1139 1728 1175; x_wconf 74' lang='grc' dir='ltr'>ἦλθεν</span> <span class='ocrx_word' id='word_1_475' title='bbox 1745 1140 1860 1174; x_wconf 65' lang='grc' dir='ltr'>εὔφραι-</span> 
     </span>
    </p>
   </div>
   <div class='ocr_carea' id='block_1_68' title="bbox 1069 1186 1861 1223">
    <p class='ocr_par' dir='ltr' id='par_1_68' title="bbox 1069 1186 1861 1223">
     <span class='ocr_line' id='line_1_68' title="bbox 1069 1186 1861 1223; baseline 0 -10"><span class='ocrx_word' id='word_1_476' title='bbox 1069 1188 1192 1222; x_wconf 70' lang='grc' dir='ltr'>νὸμενος,</span> <span class='ocrx_word' id='word_1_477' title='bbox 1217 1189 1264 1214; x_wconf 76' lang='grc' dir='ltr'>καὶ</span> <span class='ocrx_word' id='word_1_478' title='bbox 1291 1188 1394 1223; x_wconf 83' lang='grc' dir='ltr'>πολλήν</span> <span class='ocrx_word' id='word_1_479' title='bbox 1419 1197 1481 1214; x_wconf 83' lang='grc' dir='ltr'>τινα</span> <span class='ocrx_word' id='word_1_480' title='bbox 1503 1187 1541 1220; x_wconf 82' lang='grc' dir='ltr'>τῷ</span> <span class='ocrx_word' id='word_1_481' title='bbox 1561 1187 1701 1222; x_wconf 78' lang='grc' dir='ltr'>προσώπῳ</span> <span class='ocrx_word' id='word_1_482' title='bbox 1719 1187 1802 1213; x_wconf 81' lang='grc' dir='ltr'>αὑτοῦ</span> <span class='ocrx_word' id='word_1_483' title='bbox 1823 1186 1861 1218; x_wconf 82' lang='grc' dir='ltr'><strong>ὡς</strong></span> 
     </span>
    </p>
   </div>
   <div class='ocr_carea' id='block_1_69' title="bbox 1071 1233 1862 1269">
    <p class='ocr_par' dir='ltr' id='par_1_69' title="bbox 1071 1233 1862 1269">
     <span class='ocr_line' id='line_1_69' title="bbox 1071 1233 1862 1269; baseline -0.001 -10"><span class='ocrx_word' id='word_1_484' title='bbox 1071 1234 1100 1259; x_wconf 77' lang='grc' dir='ltr'>οὐ</span> <span class='ocrx_word' id='word_1_485' title='bbox 1117 1233 1228 1259; x_wconf 81' lang='grc' dir='ltr'>πώποτε</span> <span class='ocrx_word' id='word_1_486' title='bbox 1241 1234 1336 1260; x_wconf 77' lang='grc' dir='ltr'>ἄλλοτε</span> <span class='ocrx_word' id='word_1_487' title='bbox 1351 1234 1401 1268; x_wconf 78' lang='grc' dir='ltr'>τὴν</span> <span class='ocrx_word' id='word_1_488' title='bbox 1418 1234 1583 1269; x_wconf 69' lang='grc' dir='ltr'>φαιδρότητα</span> <span class='ocrx_word' id='word_1_489' title='bbox 1595 1233 1816 1268; x_wconf 72' lang='grc' dir='ltr'>ἐπιδεικνύμενος</span> <span class='ocrx_word' id='word_1_490' title='bbox 1833 1233 1862 1258; x_wconf 83' lang='grc' dir='ltr'>ὲν</span> 
     </span>
    </p>
   </div>
   <div class='ocr_carea' id='block_1_70' title="bbox 1070 1279 1861 1314">
    <p class='ocr_par' dir='ltr' id='par_1_70' title="bbox 1070 1279 1861 1314">
     <span class='ocr_line' id='line_1_70' title="bbox 1070 1279 1861 1314; baseline -0.001 -9"><span class='ocrx_word' id='word_1_491' title='bbox 1070 1280 1108 1314; x_wconf 84' lang='grc' dir='ltr'>τῷ</span> <span class='ocrx_word' id='word_1_492' title='bbox 1124 1280 1280 1314; x_wconf 78' lang='grc' dir='ltr'>συμποσίῳ,</span> <span class='ocrx_word' id='word_1_493' title='bbox 1293 1280 1363 1306; x_wconf 78' lang='grc' dir='ltr'>ὥστε</span> <span class='ocrx_word' id='word_1_494' title='bbox 1381 1280 1428 1306; x_wconf 79' lang='grc' dir='ltr'><strong>ἐπὶ</strong></span> <span class='ocrx_word' id='word_1_495' title='bbox 1438 1280 1477 1314; x_wconf 77' lang='grc' dir='ltr'>τῷ</span> <span class='ocrx_word' id='word_1_496' title='bbox 1495 1280 1626 1314; x_wconf 75' lang='grc' dir='ltr'>ἀσυνήθει</span> <span class='ocrx_word' id='word_1_497' title='bbox 1641 1281 1730 1314; x_wconf 84' lang='grc' dir='ltr'>τούτῳ</span> <span class='ocrx_word' id='word_1_498' title='bbox 1744 1279 1861 1313; x_wconf 84' lang='grc' dir='ltr'>θεάματι</span> 
     </span>
    </p>
   </div>
   <div class='ocr_carea' id='block_1_71' title="bbox 1069 1324 1861 1360">
    <p class='ocr_par' dir='ltr' id='par_1_71' title="bbox 1069 1324 1861 1360">
     <span class='ocr_line' id='line_1_71' title="bbox 1069 1324 1861 1360; baseline -0.001 -9"><span class='ocrx_word' id='word_1_499' title='bbox 1069 1325 1117 1351; x_wconf 76' lang='grc' dir='ltr'>τοῦ</span> <span class='ocrx_word' id='word_1_500' title='bbox 1143 1325 1239 1359; x_wconf 79' lang='grc' dir='ltr'>ἀνδρὸς</span> <span class='ocrx_word' id='word_1_501' title='bbox 1273 1325 1425 1357; x_wconf 72' lang='grc' dir='ltr'>ξενίζεσθαι</span> <span class='ocrx_word' id='word_1_502' title='bbox 1453 1327 1559 1357; x_wconf 77' lang='grc' dir='ltr'>πάντας</span> <span class='ocrx_word' id='word_1_503' title='bbox 1597 1326 1644 1352; x_wconf 73' lang='grc' dir='ltr'><strong>καὶ</strong></span> <span class='ocrx_word' id='word_1_504' title='bbox 1669 1325 1735 1360; x_wconf 80' lang='grc' dir='ltr'>περὶ</span> <span class='ocrx_word' id='word_1_505' title='bbox 1762 1324 1861 1351; x_wconf 77' lang='grc' dir='ltr'>πολλοῦ</span> 
     </span>
    </p>
   </div>
   <div class='ocr_carea' id='block_1_72' title="bbox 1070 1370 1862 1407">
    <p class='ocr_par' dir='ltr' id='par_1_72' title="bbox 1070 1370 1862 1407">
     <span class='ocr_line' id='line_1_72' title="bbox 1070 1370 1862 1407; baseline -0.001 -10"><span class='ocrx_word' id='word_1_506' title='bbox 1070 1372 1207 1398; x_wconf 80' lang='grc' dir='ltr'>ποιεῖσθαι</span> <span class='ocrx_word' id='word_1_507' title='bbox 1233 1372 1380 1406; x_wconf 75' lang='grc' dir='ltr'>μανθάνειν</span> <span class='ocrx_word' id='word_1_508' title='bbox 1406 1373 1456 1407; x_wconf 81' lang='grc' dir='ltr'>τὴν</span> <span class='ocrx_word' id='word_1_509' title='bbox 1483 1372 1586 1398; x_wconf 86' lang='grc' dir='ltr'>οιίτίαν.</span> <span class='ocrx_word' id='word_1_510' title='bbox 1615 1370 1662 1401; x_wconf 75' lang='grc' dir='ltr'>Εἷς</span> <span class='ocrx_word' id='word_1_511' title='bbox 1680 1372 1710 1398; x_wconf 80' lang='grc' dir='ltr'><em>δέ</em></span> <span class='ocrx_word' id='word_1_512' title='bbox 1739 1380 1781 1402; x_wconf 87' lang='grc' dir='ltr'><strong>τις</strong></span> <span class='ocrx_word' id='word_1_513' title='bbox 1807 1371 1862 1397; x_wconf 85' lang='grc' dir='ltr'>τῶν</span> 
     </span>
    </p>
   </div>
   <div class='ocr_carea' id='block_1_73' title="bbox 1071 1415 1859 1451">
    <p class='ocr_par' dir='ltr' id='par_1_73' title="bbox 1071 1415 1859 1451">
     <span class='ocr_line' id='line_1_73' title="bbox 1071 1415 1859 1451; baseline 0.001 -11"><span class='ocrx_word' id='word_1_514' title='bbox 1071 1415 1326 1449; x_wconf 68' lang='grc' dir='ltr'>συνανακειμένων,</span> <span class='ocrx_word' id='word_1_515' title='bbox 1350 1416 1484 1451; x_wconf 79' lang='grc' dir='ltr'>νεώτερος</span> <span class='ocrx_word' id='word_1_516' title='bbox 1509 1416 1559 1450; x_wconf 76' lang='grc' dir='ltr'>τὴν</span> <span class='ocrx_word' id='word_1_517' title='bbox 1584 1416 1694 1451; x_wconf 81' lang='grc' dir='ltr'>ἡλικίαν</span> <span class='ocrx_word' id='word_1_518' title='bbox 1719 1416 1859 1451; x_wconf 78' lang='grc' dir='ltr'><strong>ὑπάρχων,</strong></span> 
     </span>
    </p>
   </div>
   <div class='ocr_carea' id='block_1_74' title="bbox 1071 1461 1914 1497">
    <p class='ocr_par' dir='ltr' id='par_1_74' title="bbox 1071 1461 1914 1497">
     <span class='ocr_line' id='line_1_74' title="bbox 1071 1461 1914 1497; baseline 0.002 -11"><span class='ocrx_word' id='word_1_519' title='bbox 1071 1461 1142 1487; x_wconf 70' lang='grc' dir='ltr'>πάνυ</span> <span class='ocrx_word' id='word_1_520' title='bbox 1160 1461 1237 1495; x_wconf 78' lang='grc' dir='ltr'>φίλος</span> <span class='ocrx_word' id='word_1_521' title='bbox 1262 1461 1345 1488; x_wconf 76' lang='grc' dir='ltr'>αὑτοῦ</span> <span class='ocrx_word' id='word_1_522' title='bbox 1371 1462 1418 1487; x_wconf 68' lang='grc' dir='ltr'>καὶ</span> <span class='ocrx_word' id='word_1_523' title='bbox 1443 1462 1623 1497; x_wconf 77' lang='grc' dir='ltr'>συμπολίτης,</span> <span class='ocrx_word' id='word_1_524' title='bbox 1651 1462 1779 1496; x_wconf 82' lang='grc' dir='ltr'>Εὐγένιος</span> <span class='ocrx_word' id='word_1_525' title='bbox 1799 1461 1868 1490; x_wconf 61' lang='lat' dir='ltr'><strong>105d</strong></span> <span class='ocrx_word' id='word_1_526' title='bbox 1909 1462 1914 1463; x_wconf 53' lang='grc'><strong><em>⁷</em></strong></span> 
     </span>
    </p>
   </div>
   <div class='ocr_carea' id='block_1_75' title="bbox 1070 1506 1861 1544">
    <p class='ocr_par' dir='ltr' id='par_1_75' title="bbox 1070 1506 1861 1544">
     <span class='ocr_line' id='line_1_75' title="bbox 1070 1506 1861 1544; baseline 0.004 -13"><span class='ocrx_word' id='word_1_527' title='bbox 1070 1514 1151 1540; x_wconf 79' lang='grc' dir='ltr'>νομα,</span> <span class='ocrx_word' id='word_1_528' title='bbox 1170 1506 1312 1541; x_wconf 68' lang='grc' dir='ltr'>θαρρήσας</span> <span class='ocrx_word' id='word_1_529' title='bbox 1324 1507 1491 1534; x_wconf 78' lang='grc' dir='ltr'>πυνθάνεται</span> <span class='ocrx_word' id='word_1_530' title='bbox 1506 1508 1572 1544; x_wconf 71' lang='grc' dir='ltr'>παρ’</span> <span class='ocrx_word' id='word_1_531' title='bbox 1589 1507 1674 1535; x_wconf 66' lang='grc' dir='ltr'>αὐτοῦ</span> <span class='ocrx_word' id='word_1_532' title='bbox 1690 1509 1778 1542; x_wconf 81' lang='grc' dir='ltr'>λέγων</span> <span class='ocrx_word' id='word_1_533' title='bbox 1792 1516 1798 1523; x_wconf 94' lang='grc'><strong>·</strong></span> <span class='ocrx_word' id='word_1_534' title='bbox 1815 1508 1861 1543; x_wconf 82' lang='grc' dir='ltr'><strong>Μή</strong></span> 
     </span>
    </p>
   </div>
   <div class='ocr_carea' id='block_1_76' title="bbox 1070 1551 1862 1589">
    <p class='ocr_par' dir='ltr' id='par_1_76' title="bbox 1070 1551 1862 1589">
     <span class='ocr_line' id='line_1_76' title="bbox 1070 1551 1862 1589; baseline 0.008 -14"><span class='ocrx_word' id='word_1_535' title='bbox 1070 1558 1106 1583; x_wconf 78' lang='grc' dir='ltr'><strong>τι,</strong></span> <span class='ocrx_word' id='word_1_536' title='bbox 1130 1551 1240 1584; x_wconf 78' lang='grc' dir='ltr'>μέγιστε</span> <span class='ocrx_word' id='word_1_537' title='bbox 1261 1551 1422 1587; x_wconf 71' lang='grc' dir='ltr'>Εὑστράτιε,</span> <span class='ocrx_word' id='word_1_538' title='bbox 1453 1553 1496 1579; x_wconf 69' lang='grc' dir='ltr'><strong>διὰ</strong></span> <span class='ocrx_word' id='word_1_539' title='bbox 1527 1554 1558 1579; x_wconf 75' lang='grc' dir='ltr'><strong>τὸ</strong></span> <span class='ocrx_word' id='word_1_540' title='bbox 1583 1554 1784 1589; x_wconf 80' lang='grc' dir='ltr'>προστετάχθαι</span> <span class='ocrx_word' id='word_1_541' title='bbox 1809 1553 1862 1580; x_wconf 74' lang='grc' dir='ltr'><strong>ὑπὸ</strong></span> 
     </span>
    </p>
   </div>
   <div class='ocr_carea' id='block_1_77' title="bbox 1069 1596 1862 1636">
    <p class='ocr_par' dir='ltr' id='par_1_77' title="bbox 1069 1596 1862 1636">
     <span class='ocr_line' id='line_1_77' title="bbox 1069 1596 1862 1636; baseline 0.008 -14"><span class='ocrx_word' id='word_1_542' title='bbox 1069 1596 1118 1622; x_wconf 77' lang='grc' dir='ltr'>τοῦ</span> <span class='ocrx_word' id='word_1_543' title='bbox 1141 1598 1271 1632; x_wconf 80' lang='grc' dir='ltr'>ἄρχοντος</span> <span class='ocrx_word' id='word_1_544' title='bbox 1295 1599 1374 1634; x_wconf 81' lang='grc' dir='ltr'>ἡμῶν</span> <span class='ocrx_word' id='word_1_545' title='bbox 1388 1599 1602 1635; x_wconf 76' lang='grc' dir='ltr'>εὐτρεπισθῆναι</span> <span class='ocrx_word' id='word_1_546' title='bbox 1628 1602 1669 1632; x_wconf 85' lang='grc' dir='ltr'><strong>είς</strong></span> <span class='ocrx_word' id='word_1_547' title='bbox 1695 1601 1745 1636; x_wconf 78' lang='grc' dir='ltr'>τὴν</span> <span class='ocrx_word' id='word_1_548' title='bbox 1767 1600 1862 1634; x_wconf 80' lang='grc' dir='ltr'>αὕριον</span> 
     </span>
    </p>
   </div>
   <div class='ocr_carea' id='block_1_78' title="bbox 1070 1643 1863 1682">
    <p class='ocr_par' dir='ltr' id='par_1_78' title="bbox 1070 1643 1863 1682">
     <span class='ocr_line' id='line_1_78' title="bbox 1070 1643 1863 1682; baseline 0.006 -13"><span class='ocrx_word' id='word_1_549' title='bbox 1070 1643 1204 1678; x_wconf 76' lang='grc' dir='ltr'>δημοσίαν</span> <span class='ocrx_word' id='word_1_550' title='bbox 1233 1645 1347 1680; x_wconf 75' lang='grc' dir='ltr'>πρόοδον</span> <span class='ocrx_word' id='word_1_551' title='bbox 1374 1646 1463 1672; x_wconf 78' lang='grc' dir='ltr'>πάντα</span> <span class='ocrx_word' id='word_1_552' title='bbox 1495 1649 1528 1673; x_wconf 74' lang='grc' dir='ltr'>τὰ</span> <span class='ocrx_word' id='word_1_553' title='bbox 1561 1647 1614 1674; x_wconf 81' lang='grc' dir='ltr'><strong>τῶν</strong></span> <span class='ocrx_word' id='word_1_554' title='bbox 1641 1647 1863 1682; x_wconf 78' lang='grc' dir='ltr'>βασανιστηρίων</span> 
     </span>
    </p>
   </div>
   <div class='ocr_carea' id='block_1_79' title="bbox 1070 1690 1862 1729">
    <p class='ocr_par' dir='ltr' id='par_1_79' title="bbox 1070 1690 1862 1729">
     <span class='ocr_line' id='line_1_79' title="bbox 1070 1690 1862 1729; baseline 0.005 -13"><span class='ocrx_word' id='word_1_555' title='bbox 1070 1690 1174 1726; x_wconf 77' lang='grc' dir='ltr'>ῑργανα</span> <span class='ocrx_word' id='word_1_556' title='bbox 1187 1693 1259 1718; x_wconf 83' lang='grc' dir='ltr'>κατὰ</span> <span class='ocrx_word' id='word_1_557' title='bbox 1268 1692 1323 1718; x_wconf 82' lang='grc' dir='ltr'><strong>τῶν</strong></span> <span class='ocrx_word' id='word_1_558' title='bbox 1335 1693 1518 1728; x_wconf 82' lang='grc' dir='ltr'>Χριστιανῶν,</span> <span class='ocrx_word' id='word_1_559' title='bbox 1537 1695 1553 1728; x_wconf 74' lang='grc' dir='ltr'><strong>η</strong></span> <span class='ocrx_word' id='word_1_560' title='bbox 1567 1694 1678 1729; x_wconf 78' lang='grc' dir='ltr'>τοιαύτη</span> <span class='ocrx_word' id='word_1_561' title='bbox 1691 1693 1738 1720; x_wconf 82' lang='grc' dir='ltr'>τοῦ</span> <span class='ocrx_word' id='word_1_562' title='bbox 1756 1693 1862 1728; x_wconf 78' lang='grc' dir='ltr'>μειδιά-</span> 
     </span>
    </p>
   </div>
   <div class='ocr_carea' id='block_1_80' title="bbox 1072 1738 1864 1775">
    <p class='ocr_par' dir='ltr' id='par_1_80' title="bbox 1072 1738 1864 1775">
     <span class='ocr_line' id='line_1_80' title="bbox 1072 1738 1864 1775; baseline 0.005 -13"><span class='ocrx_word' id='word_1_563' title='bbox 1072 1745 1155 1770; x_wconf 83' lang='grc' dir='ltr'>ματος</span> <span class='ocrx_word' id='word_1_564' title='bbox 1169 1738 1312 1772; x_wconf 77' lang='grc' dir='ltr'>φιλοτιμία</span> <span class='ocrx_word' id='word_1_565' title='bbox 1329 1739 1481 1775; x_wconf 79' lang='grc' dir='ltr'>προσετέθη</span> <span class='ocrx_word' id='word_1_566' title='bbox 1498 1748 1550 1771; x_wconf 81' lang='grc' dir='ltr'>σοι,</span> <span class='ocrx_word' id='word_1_567' title='bbox 1566 1740 1720 1774; x_wconf 78' lang='grc' dir='ltr'>κερδαίνειν</span> <span class='ocrx_word' id='word_1_568' title='bbox 1734 1748 1761 1766; x_wconf 85' lang='grc' dir='ltr'><strong>τι</strong></span> <span class='ocrx_word' id='word_1_569' title='bbox 1779 1747 1864 1775; x_wconf 78' lang='grc' dir='ltr'>προσ-</span> 
     </span>
    </p>
   </div>
   <div class='ocr_carea' id='block_1_81' title="bbox 1069 1781 1862 1816">
    <p class='ocr_par' dir='ltr' id='par_1_81' title="bbox 1069 1781 1862 1816">
     <span class='ocr_line' id='line_1_81' title="bbox 1069 1781 1862 1816; baseline 0.004 -9"><span class='ocrx_word' id='word_1_570' title='bbox 1069 1781 1182 1808; x_wconf 70' lang='grc' dir='ltr'>δοκῶντι</span> <span class='ocrx_word' id='word_1_571' title='bbox 1199 1790 1206 1812; x_wconf 89' lang='grc'>;</span> <span class='ocrx_word' id='word_1_572' title='bbox 1223 1781 1290 1808; x_wconf 70' lang='lat' dir='ltr'><strong>Eine</strong></span> <span class='ocrx_word' id='word_1_573' title='bbox 1310 1783 1338 1809; x_wconf 74' lang='grc' dir='ltr'><strong>δὲ</strong></span> <span class='ocrx_word' id='word_1_574' title='bbox 1360 1783 1439 1810; x_wconf 71' lang='grc' dir='ltr'>τοῦτο</span> <span class='ocrx_word' id='word_1_575' title='bbox 1453 1784 1498 1811; x_wconf 67' lang='grc' dir='ltr'>διὰ</span> <span class='ocrx_word' id='word_1_576' title='bbox 1519 1785 1549 1810; x_wconf 72' lang='grc' dir='ltr'><strong>τὸ</strong></span> <span class='ocrx_word' id='word_1_577' title='bbox 1571 1785 1611 1816; x_wconf 77' lang='grc' dir='ltr'><strong>είς</strong></span> <span class='ocrx_word' id='word_1_578' title='bbox 1627 1786 1732 1810; x_wconf 82' lang='grc' dir='ltr'>ἐκεῖνον</span> <span class='ocrx_word' id='word_1_579' title='bbox 1744 1783 1790 1810; x_wconf 73' lang='grc' dir='ltr'><strong>τὸν</strong></span> <span class='ocrx_word' id='word_1_580' title='bbox 1806 1785 1862 1810; x_wconf 74' lang='grc' dir='ltr'>ἑνι-</span> 
     </span>
    </p>
   </div>
   <div class='ocr_carea' id='block_1_82' title="bbox 1071 1827 1862 1866">
    <p class='ocr_par' dir='ltr' id='par_1_82' title="bbox 1071 1827 1862 1866">
     <span class='ocr_line' id='line_1_82' title="bbox 1071 1827 1862 1866; baseline 0.006 -13"><span class='ocrx_word' id='word_1_581' title='bbox 1071 1827 1153 1853; x_wconf 78' lang='grc' dir='ltr'>αυτὸν</span> <span class='ocrx_word' id='word_1_582' title='bbox 1167 1830 1385 1863; x_wconf 76' lang='grc' dir='ltr'>κομενταρήσιον</span> <span class='ocrx_word' id='word_1_583' title='bbox 1403 1830 1484 1856; x_wconf 70' lang='grc' dir='ltr'>αὑτὸν</span> <span class='ocrx_word' id='word_1_584' title='bbox 1514 1831 1659 1866; x_wconf 73' lang='grc' dir='ltr'>ὑπάρχειν.</span> <span class='ocrx_word' id='word_1_585' title='bbox 1685 1831 1716 1858; x_wconf 87' lang='grc'><strong>⁸0</strong></span> <span class='ocrx_word' id='word_1_586' title='bbox 1736 1831 1765 1857; x_wconf 76' lang='grc' dir='ltr'>δὲ</span> <span class='ocrx_word' id='word_1_587' title='bbox 1785 1831 1862 1864; x_wconf 73' lang='grc' dir='ltr'>ἅγιος</span> 
     </span>
    </p>
   </div>
   <div class='ocr_carea' id='block_1_83' title="bbox 1070 1873 1862 1910">
    <p class='ocr_par' dir='ltr' id='par_1_83' title="bbox 1070 1873 1862 1910">
     <span class='ocr_line' id='line_1_83' title="bbox 1070 1873 1862 1910; baseline 0.004 -11"><span class='ocrx_word' id='word_1_588' title='bbox 1070 1873 1237 1908; x_wconf 69' lang='grc' dir='ltr'>Εὑστρατιος</span> <span class='ocrx_word' id='word_1_589' title='bbox 1265 1875 1455 1909; x_wconf 79' lang='grc' dir='ltr'>ἀπεκρίνατο·</span> <span class='ocrx_word' id='word_1_590' title='bbox 1484 1876 1583 1906; x_wconf 85' lang='grc' dir='ltr'>Καλῶς</span> <span class='ocrx_word' id='word_1_591' title='bbox 1615 1876 1761 1907; x_wconf 80' lang='grc' dir='ltr'>ὑπέλαὸες,</span> <span class='ocrx_word' id='word_1_592' title='bbox 1788 1875 1862 1910; x_wconf 69' lang='grc' dir='ltr'>φίλε.</span> 
     </span>
    </p>
   </div>
   <div class='ocr_carea' id='block_1_84' title="bbox 1070 1919 1862 1957">
    <p class='ocr_par' dir='ltr' id='par_1_84' title="bbox 1070 1919 1862 1957">
     <span class='ocr_line' id='line_1_84' title="bbox 1070 1919 1862 1957; baseline 0.005 -12"><span class='ocrx_word' id='word_1_593' title='bbox 1070 1919 1126 1945; x_wconf 70' lang='grc' dir='ltr'><strong>Καὶ</strong></span> <span class='ocrx_word' id='word_1_594' title='bbox 1140 1920 1195 1954; x_wconf 76' lang='grc' dir='ltr'>γὰρ</span> <span class='ocrx_word' id='word_1_595' title='bbox 1225 1920 1377 1955; x_wconf 67' lang='grc' dir='ltr'>ἐκδέχομαι</span> <span class='ocrx_word' id='word_1_596' title='bbox 1398 1921 1583 1956; x_wconf 66' lang='grc' dir='ltr'>ἀναφαίρετον</span> <span class='ocrx_word' id='word_1_597' title='bbox 1607 1922 1746 1956; x_wconf 77' lang='grc' dir='ltr'>θησαυρὸν</span> <span class='ocrx_word' id='word_1_598' title='bbox 1765 1922 1797 1948; x_wconf 69' lang='grc' dir='ltr'>ὲκ</span> <span class='ocrx_word' id='word_1_599' title='bbox 1810 1923 1862 1957; x_wconf 85' lang='grc' dir='ltr'><strong>τῆς</strong></span> 
     </span>
    </p>
   </div>
   <div class='ocr_carea' id='block_1_85' title="bbox 1069 1964 1862 2004">
    <p class='ocr_par' dir='ltr' id='par_1_85' title="bbox 1069 1964 1862 2004">
     <span class='ocr_line' id='line_1_85' title="bbox 1069 1964 1862 2004; baseline 0.006 -14"><span class='ocrx_word' id='word_1_600' title='bbox 1069 1964 1198 2000; x_wconf 73' lang='grc' dir='ltr'>τοιαύτης</span> <span class='ocrx_word' id='word_1_601' title='bbox 1224 1967 1319 2000; x_wconf 70' lang='grc' dir='ltr'>χρείας</span> <span class='ocrx_word' id='word_1_602' title='bbox 1341 1966 1419 1999; x_wconf 47' lang='grc' dir='ltr'>κακὼ</span> <span class='ocrx_word' id='word_1_603' title='bbox 1435 1969 1468 2002; x_wconf 84' lang='grc' dir='ltr'>τῇ</span> <span class='ocrx_word' id='word_1_604' title='bbox 1489 1968 1553 2002; x_wconf 78' lang='grc' dir='ltr'>ἑξῆς</span> <span class='ocrx_word' id='word_1_605' title='bbox 1575 1969 1750 2002; x_wconf 79' lang='grc' dir='ltr'>πορίσασθαι.</span> <span class='ocrx_word' id='word_1_606' title='bbox 1776 1969 1815 2004; x_wconf 81' lang='grc' dir='ltr'><strong>Τῇ</strong></span> <span class='ocrx_word' id='word_1_607' title='bbox 1832 1969 1862 1995; x_wconf 77' lang='grc' dir='ltr'><strong>δὲ</strong></span> 
     </span>
    </p>
   </div>
   <div class='ocr_carea' id='block_1_86' title="bbox 1070 2011 1861 2049">
    <p class='ocr_par' dir='ltr' id='par_1_86' title="bbox 1070 2011 1861 2049">
     <span class='ocr_line' id='line_1_86' title="bbox 1070 2011 1861 2049; baseline 0.005 -11"><span class='ocrx_word' id='word_1_608' title='bbox 1070 2012 1202 2046; x_wconf 77' lang='grc' dir='ltr'>ἐπαύριον</span> <span class='ocrx_word' id='word_1_609' title='bbox 1217 2013 1230 2038; x_wconf 81' lang='grc' dir='ltr'>ὀ</span> <span class='ocrx_word' id='word_1_610' title='bbox 1246 2013 1361 2044; x_wconf 83' lang='grc' dir='ltr'>Λυσίας,</span> <span class='ocrx_word' id='word_1_611' title='bbox 1376 2013 1500 2047; x_wconf 76' lang='grc' dir='ltr'>βήματος</span> <span class='ocrx_word' id='word_1_612' title='bbox 1519 2015 1593 2049; x_wconf 69' lang='grc' dir='ltr'>αὐτῷ</span> <span class='ocrx_word' id='word_1_613' title='bbox 1610 2015 1739 2049; x_wconf 86' lang='grc' dir='ltr'>ἀρθέντος</span> <span class='ocrx_word' id='word_1_614' title='bbox 1758 2011 1861 2049; x_wconf 76' lang='grc' dir='ltr'>ὕψη)ιοῦ</span> 
     </span>
    </p>
   </div>
   <div class='ocr_carea' id='block_1_87' title="bbox 1069 2058 1861 2097">
    <p class='ocr_par' dir='ltr' id='par_1_87' title="bbox 1069 2058 1861 2097">
     <span class='ocr_line' id='line_1_87' title="bbox 1069 2058 1861 2097; baseline 0.006 -14"><span class='ocrx_word' id='word_1_615' title='bbox 1069 2058 1097 2084; x_wconf 82' lang='grc' dir='ltr'>ὲν</span> <span class='ocrx_word' id='word_1_616' title='bbox 1113 2058 1188 2093; x_wconf 70' lang='grc' dir='ltr'>μέσῳ</span> <span class='ocrx_word' id='word_1_617' title='bbox 1206 2060 1255 2092; x_wconf 72' lang='grc' dir='ltr'><strong>τῆς</strong></span> <span class='ocrx_word' id='word_1_618' title='bbox 1274 2059 1378 2090; x_wconf 63' lang='grc' dir='ltr'>πόλεως</span> <span class='ocrx_word' id='word_1_619' title='bbox 1392 2060 1422 2085; x_wconf 69' lang='grc' dir='ltr'>ἐν</span> <span class='ocrx_word' id='word_1_620' title='bbox 1438 2060 1478 2094; x_wconf 80' lang='grc' dir='ltr'>τῷ</span> <span class='ocrx_word' id='word_1_621' title='bbox 1498 2061 1689 2096; x_wconf 77' lang='grc' dir='ltr'>σιγνοττασίῳ,</span> <span class='ocrx_word' id='word_1_622' title='bbox 1711 2062 1861 2097; x_wconf 77' lang='grc' dir='ltr'>προσέταξε</span> 
     </span>
    </p>
   </div>
   <div class='ocr_carea' id='block_1_88' title="bbox 1068 2105 1862 2144">
    <p class='ocr_par' dir='ltr' id='par_1_88' title="bbox 1068 2105 1862 2144">
     <span class='ocr_line' id='line_1_88' title="bbox 1068 2105 1862 2144; baseline 0.005 -14"><span class='ocrx_word' id='word_1_623' title='bbox 1068 2105 1132 2135; x_wconf 63' lang='grc' dir='ltr'>τοὺς</span> <span class='ocrx_word' id='word_1_624' title='bbox 1144 2106 1174 2130; x_wconf 86' lang='grc' dir='ltr'>ὲν</span> <span class='ocrx_word' id='word_1_625' title='bbox 1190 2105 1222 2139; x_wconf 81' lang='grc' dir='ltr'><strong>τῇ</strong></span> <span class='ocrx_word' id='word_1_626' title='bbox 1241 2106 1350 2140; x_wconf 81' lang='grc' dir='ltr'>φρουρᾷ</span> <span class='ocrx_word' id='word_1_627' title='bbox 1362 2105 1486 2138; x_wconf 72' lang='grc' dir='ltr'>ἅπαντας</span> <span class='ocrx_word' id='word_1_628' title='bbox 1503 2107 1620 2141; x_wconf 76' lang='grc' dir='ltr'>ἀχθῆναι</span> <span class='ocrx_word' id='word_1_629' title='bbox 1637 2108 1705 2142; x_wconf 72' lang='grc' dir='ltr'>πρὸς</span> <span class='ocrx_word' id='word_1_630' title='bbox 1720 2107 1771 2144; x_wconf 83' lang='grc' dir='ltr'>τὴν</span> <span class='ocrx_word' id='word_1_631' title='bbox 1792 2107 1862 2142; x_wconf 76' lang='grc' dir='ltr'><strong>ἐρώ-</strong></span> 
     </span>
    </p>
   </div>
   <div class='ocr_carea' id='block_1_89' title="bbox 1068 2151 1860 2190">
    <p class='ocr_par' dir='ltr' id='par_1_89' title="bbox 1068 2151 1860 2190">
     <span class='ocr_line' id='line_1_89' title="bbox 1068 2151 1860 2190; baseline 0.005 -14"><span class='ocrx_word' id='word_1_632' title='bbox 1068 2158 1159 2185; x_wconf 81' lang='grc' dir='ltr'>τησιν.</span> <span class='ocrx_word' id='word_1_633' title='bbox 1185 2151 1216 2177; x_wconf 90' lang='lat'><strong>&#39;0</strong></span> <span class='ocrx_word' id='word_1_634' title='bbox 1238 2151 1266 2178; x_wconf 68' lang='grc' dir='ltr'><strong>δὲ</strong></span> <span class='ocrx_word' id='word_1_635' title='bbox 1291 2151 1458 2187; x_wconf 78' lang='grc' dir='ltr'>Εὑστράτιος</span> <span class='ocrx_word' id='word_1_636' title='bbox 1487 2153 1614 2180; x_wconf 69' lang='grc' dir='ltr'>ἀπελθὼν</span> <span class='ocrx_word' id='word_1_637' title='bbox 1639 2154 1669 2179; x_wconf 79' lang='grc' dir='ltr'>ἐν</span> <span class='ocrx_word' id='word_1_638' title='bbox 1693 2155 1726 2188; x_wconf 80' lang='grc' dir='ltr'><strong>τῇ</strong></span> <span class='ocrx_word' id='word_1_639' title='bbox 1752 2153 1860 2190; x_wconf 73' lang='grc' dir='ltr'>φυλακῇ</span> 
     </span>
    </p>
   </div>
   <div class='ocr_carea' id='block_1_90' title="bbox 1069 2197 1859 2235">
    <p class='ocr_par' dir='ltr' id='par_1_90' title="bbox 1069 2197 1859 2235">
     <span class='ocr_line' id='line_1_90' title="bbox 1069 2197 1859 2235; baseline 0.004 -12"><span class='ocrx_word' id='word_1_640' title='bbox 1069 2197 1223 2232; x_wconf 81' lang='grc' dir='ltr'>παρεκάλει</span> <span class='ocrx_word' id='word_1_641' title='bbox 1239 2197 1344 2229; x_wconf 77' lang='grc' dir='ltr'>πάντας</span> <span class='ocrx_word' id='word_1_642' title='bbox 1355 2198 1419 2229; x_wconf 76' lang='grc' dir='ltr'>τοὺς</span> <span class='ocrx_word' id='word_1_643' title='bbox 1431 2198 1526 2232; x_wconf 77' lang='grc' dir='ltr'>ἁγίους</span> <span class='ocrx_word' id='word_1_644' title='bbox 1538 2198 1665 2235; x_wconf 82' lang='grc' dir='ltr'>εὔχεσθαι</span> <span class='ocrx_word' id='word_1_645' title='bbox 1679 2199 1749 2234; x_wconf 65' lang='grc' dir='ltr'><strong>ὑπὲρ</strong></span> <span class='ocrx_word' id='word_1_646' title='bbox 1765 2199 1859 2227; x_wconf 83' lang='grc' dir='ltr'>αὐτοῦ.</span> 
     </span>
    </p>
   </div>
   <div class='ocr_carea' id='block_1_91' title="bbox 1037 2239 1861 2282">
    <p class='ocr_par' dir='ltr' id='par_1_91' title="bbox 1037 2239 1861 2282">
     <span class='ocr_line' id='line_1_91' title="bbox 1037 2239 1861 2282; baseline 0.004 -13"><span class='ocrx_word' id='word_1_647' title='bbox 1037 2239 1060 2266; x_wconf 85' lang='lat' dir='ltr'><strong>D</strong></span> <span class='ocrx_word' id='word_1_648' title='bbox 1077 2243 1181 2279; x_wconf 81' lang='grc' dir='ltr'>Ἔφησε</span> <span class='ocrx_word' id='word_1_649' title='bbox 1199 2243 1255 2279; x_wconf 86' lang='grc' dir='ltr'><strong>γὰρ</strong></span> <span class='ocrx_word' id='word_1_650' title='bbox 1279 2245 1326 2270; x_wconf 78' lang='grc' dir='ltr'>καὶ</span> <span class='ocrx_word' id='word_1_651' title='bbox 1347 2245 1428 2277; x_wconf 77' lang='grc' dir='ltr'>αὐτὸς</span> <span class='ocrx_word' id='word_1_652' title='bbox 1453 2246 1515 2272; x_wconf 87' lang='grc' dir='ltr'>κατ’</span> <span class='ocrx_word' id='word_1_653' title='bbox 1543 2245 1652 2280; x_wconf 73' lang='grc' dir='ltr'>ἐκείνην</span> <span class='ocrx_word' id='word_1_654' title='bbox 1678 2245 1728 2282; x_wconf 81' lang='grc' dir='ltr'>τὴν</span> <span class='ocrx_word' id='word_1_655' title='bbox 1754 2246 1861 2281; x_wconf 80' lang='grc' dir='ltr'>ἡμέραν</span> 
     </span>
    </p>
   </div>
   <div class='ocr_carea' id='block_1_92' title="bbox 232 2283 1861 2326">
    <p class='ocr_par' dir='ltr' id='par_1_92' title="bbox 232 2283 1861 2326">
     <span class='ocr_line' id='line_1_92' title="bbox 232 2283 1861 2326; baseline 0.002 -11"><span class='ocrx_word' id='word_1_656' title='bbox 232 2289 359 2324; x_wconf 83' lang='grc' dir='ltr'>μετέχειν</span> <span class='ocrx_word' id='word_1_657' title='bbox 382 2290 429 2317; x_wconf 74' lang='grc' dir='ltr'>τοῦ</span> <span class='ocrx_word' id='word_1_658' title='bbox 455 2290 513 2318; x_wconf 83' lang='grc' dir='ltr'>ῐσου</span> <span class='ocrx_word' id='word_1_659' title='bbox 544 2290 638 2321; x_wconf 80' lang='grc' dir='ltr'>αὐτοῖς</span> <span class='ocrx_word' id='word_1_660' title='bbox 660 2283 776 2324; x_wconf 78' lang='grc' dir='ltr'>ἀγῶνος.</span> <span class='ocrx_word' id='word_1_661' title='bbox 801 2289 857 2317; x_wconf 77' lang='grc' dir='ltr'><strong>Καὶ</strong></span> <span class='ocrx_word' id='word_1_662' title='bbox 878 2288 1022 2324; x_wconf 70' lang='grc' dir='ltr'>εὐξάμενοι</span> <span class='ocrx_word' id='word_1_663' title='bbox 1041 2290 1154 2322; x_wconf 81' lang='grc' dir='ltr'>πάντες,</span> <span class='ocrx_word' id='word_1_664' title='bbox 1184 2290 1232 2317; x_wconf 74' lang='grc' dir='ltr'>καὶ</span> <span class='ocrx_word' id='word_1_665' title='bbox 1248 2291 1414 2325; x_wconf 81' lang='grc' dir='ltr'>ποιήσαντες</span> <span class='ocrx_word' id='word_1_666' title='bbox 1442 2291 1628 2326; x_wconf 79' lang='grc' dir='ltr'>τονυκλισίαν,</span> <span class='ocrx_word' id='word_1_667' title='bbox 1642 2292 1689 2319; x_wconf 77' lang='grc' dir='ltr'><strong>καὶ</strong></span> <span class='ocrx_word' id='word_1_668' title='bbox 1703 2292 1861 2325; x_wconf 78' lang='grc' dir='ltr'>τελέσαντες</span> 
     </span>
    </p>
   </div>
   <div class='ocr_carea' id='block_1_93' title="bbox 230 2335 1450 2373">
    <p class='ocr_par' dir='ltr' id='par_1_93' title="bbox 230 2335 1450 2373">
     <span class='ocr_line' id='line_1_93' title="bbox 230 2335 1450 2373; baseline 0.002 -11"><span class='ocrx_word' id='word_1_669' title='bbox 230 2335 261 2362; x_wconf 77' lang='grc' dir='ltr'>τὸ</span> <span class='ocrx_word' id='word_1_670' title='bbox 286 2335 384 2371; x_wconf 78' lang='grc' dir='ltr'>Ἀμὴν,</span> <span class='ocrx_word' id='word_1_671' title='bbox 396 2336 584 2372; x_wconf 76' lang='grc' dir='ltr'>ἠκολούθησαν</span> <span class='ocrx_word' id='word_1_672' title='bbox 596 2336 635 2371; x_wconf 85' lang='grc' dir='ltr'>τῷ</span> <span class='ocrx_word' id='word_1_673' title='bbox 650 2336 721 2371; x_wconf 83' lang='grc' dir='ltr'><strong>ἁγίῳ</strong></span> <span class='ocrx_word' id='word_1_674' title='bbox 737 2335 907 2372; x_wconf 76' lang='grc' dir='ltr'>Εὑστρατίῳ,</span> <span class='ocrx_word' id='word_1_675' title='bbox 930 2337 1110 2372; x_wconf 73' lang='grc' dir='ltr'>κατεχόμενοι</span> <span class='ocrx_word' id='word_1_676' title='bbox 1127 2336 1181 2363; x_wconf 71' lang='grc' dir='ltr'><strong>ὑπὸ</strong></span> <span class='ocrx_word' id='word_1_677' title='bbox 1196 2336 1251 2364; x_wconf 83' lang='grc' dir='ltr'>τὼν</span> <span class='ocrx_word' id='word_1_678' title='bbox 1263 2338 1450 2373; x_wconf 83' lang='grc' dir='ltr'>στρατιωτῶν.</span> 
     </span>
    </p>
   </div>
   <div class='ocr_carea' id='block_1_94' title="bbox 266 2383 1019 2416">
    <p class='ocr_par' dir='ltr' id='par_1_94' title="bbox 266 2383 1019 2416">
     <span class='ocr_line' id='line_1_94' title="bbox 266 2383 1019 2416; baseline -0.003 -4"><span class='ocrx_word' id='word_1_679' title='bbox 266 2384 310 2412; x_wconf 77' lang='lat' dir='ltr'><strong>Vl.</strong></span> <span class='ocrx_word' id='word_1_680' title='bbox 329 2385 397 2412; x_wconf 89' lang='lat' dir='ltr'><strong>Cum</strong></span> <span class='ocrx_word' id='word_1_681' title='bbox 420 2390 512 2412; x_wconf 76' lang='lat' dir='ltr'><strong>autem</strong></span> <span class='ocrx_word' id='word_1_682' title='bbox 536 2383 645 2414; x_wconf 83' lang='lat' dir='ltr'><strong>cohors,</strong></span> <span class='ocrx_word' id='word_1_683' title='bbox 665 2388 694 2411; x_wconf 85' lang='lat' dir='ltr'><strong>ut</strong></span> <span class='ocrx_word' id='word_1_684' title='bbox 714 2388 907 2416; x_wconf 83' lang='lat' dir='ltr'><strong>consueverat,</strong></span> <span class='ocrx_word' id='word_1_685' title='bbox 931 2383 1019 2411; x_wconf 88' lang='lat' dir='ltr'><strong>adsti-</strong></span> 
     </span>
    </p>
   </div>
   <div class='ocr_carea' id='block_1_95' title="bbox 229 2429 1018 2465">
    <p class='ocr_par' dir='ltr' id='par_1_95' title="bbox 229 2429 1018 2465">
     <span class='ocr_line' id='line_1_95' title="bbox 229 2429 1018 2465; baseline -0.001 -6"><span class='ocrx_word' id='word_1_686' title='bbox 229 2433 310 2459; x_wconf 85' lang='lat' dir='ltr'><strong>tisset</strong></span> <span class='ocrx_word' id='word_1_687' title='bbox 325 2435 390 2458; x_wconf 88' lang='lat' dir='ltr'><strong>ante</strong></span> <span class='ocrx_word' id='word_1_688' title='bbox 403 2431 538 2465; x_wconf 70' lang='lat' dir='ltr'><strong>iudicem,</strong></span> <span class='ocrx_word' id='word_1_689' title='bbox 553 2430 636 2465; x_wconf 81' lang='lat' dir='ltr'><strong>jussit</strong></span> <span class='ocrx_word' id='word_1_690' title='bbox 652 2429 745 2464; x_wconf 80' lang='lat' dir='ltr'><strong>Lysias</strong></span> <span class='ocrx_word' id='word_1_691' title='bbox 762 2429 902 2464; x_wconf 76' lang='lat' dir='ltr'><strong>sigillatim</strong></span> <span class='ocrx_word' id='word_1_692' title='bbox 917 2430 1018 2458; x_wconf 85' lang='lat' dir='ltr'><strong>adduci</strong></span> 
     </span>
    </p>
   </div>
   <div class='ocr_carea' id='block_1_96' title="bbox 229 2475 1018 2512">
    <p class='ocr_par' dir='ltr' id='par_1_96' title="bbox 229 2475 1018 2512">
     <span class='ocr_line' id='line_1_96' title="bbox 229 2475 1018 2512; baseline 0 -6"><span class='ocrx_word' id='word_1_693' title='bbox 229 2479 263 2506; x_wconf 89' lang='lat' dir='ltr'><strong>ad</strong></span> <span class='ocrx_word' id='word_1_694' title='bbox 278 2485 358 2505; x_wconf 91' lang='lat' dir='ltr'><strong>suum</strong></span> <span class='ocrx_word' id='word_1_695' title='bbox 373 2477 492 2503; x_wconf 83' lang='lat' dir='ltr'><strong>tribunal</strong></span> <span class='ocrx_word' id='word_1_696' title='bbox 503 2483 561 2507; x_wconf 86' lang='lat' dir='ltr'><strong>eos,</strong></span> <span class='ocrx_word' id='word_1_697' title='bbox 575 2477 621 2510; x_wconf 90' lang='lat' dir='ltr'><strong>qui</strong></span> <span class='ocrx_word' id='word_1_698' title='bbox 635 2475 712 2510; x_wconf 80' lang='lat' dir='ltr'><strong>prius</strong></span> <span class='ocrx_word' id='word_1_699' title='bbox 727 2476 832 2503; x_wconf 80' lang='lat' dir='ltr'><strong>fuerant</strong></span> <span class='ocrx_word' id='word_1_700' title='bbox 847 2477 1018 2512; x_wconf 77' lang='lat' dir='ltr'><strong>interrogati.</strong></span> 
     </span>
    </p>
   </div>
   <div class='ocr_carea' id='block_1_97' title="bbox 230 2522 1019 2558">
    <p class='ocr_par' dir='ltr' id='par_1_97' title="bbox 230 2522 1019 2558">
     <span class='ocr_line' id='line_1_97' title="bbox 230 2522 1019 2558; baseline 0 -6"><span class='ocrx_word' id='word_1_701' title='bbox 230 2525 385 2552; x_wconf 76' lang='lat' dir='ltr'><strong>Eustratius</strong></span> <span class='ocrx_word' id='word_1_702' title='bbox 407 2522 476 2550; x_wconf 91' lang='lat' dir='ltr'><strong>dixit</strong></span> <span class='ocrx_word' id='word_1_703' title='bbox 492 2522 754 2549; x_wconf 79' lang='lat' dir='ltr'><strong>Commentariensis</strong></span> <span class='ocrx_word' id='word_1_704' title='bbox 775 2531 782 2548; x_wconf 87' lang='lat'><strong>:</strong></span> <span class='ocrx_word' id='word_1_705' title='bbox 803 2523 915 2551; x_wconf 69' lang='lat' dir='ltr'><strong>Litteris</strong></span> <span class='ocrx_word' id='word_1_706' title='bbox 933 2524 1019 2558; x_wconf 84' lang='lat' dir='ltr'><strong>impe-</strong></span> 
     </span>
    </p>
   </div>
   <div class='ocr_carea' id='block_1_98' title="bbox 229 2568 1019 2604">
    <p class='ocr_par' dir='ltr' id='par_1_98' title="bbox 229 2568 1019 2604">
     <span class='ocr_line' id='line_1_98' title="bbox 229 2568 1019 2604; baseline -0.004 -6"><span class='ocrx_word' id='word_1_707' title='bbox 229 2571 342 2598; x_wconf 85' lang='lat' dir='ltr'><strong>ratoriis</strong></span> <span class='ocrx_word' id='word_1_708' title='bbox 363 2570 450 2604; x_wconf 83' lang='lat' dir='ltr'><strong>pridie</strong></span> <span class='ocrx_word' id='word_1_709' title='bbox 465 2575 561 2595; x_wconf 85' lang='lat' dir='ltr'><strong>rursus</strong></span> <span class='ocrx_word' id='word_1_710' title='bbox 578 2568 655 2595; x_wconf 84' lang='lat' dir='ltr'><strong>lectis</strong></span> <span class='ocrx_word' id='word_1_711' title='bbox 671 2568 698 2595; x_wconf 89' lang='lat' dir='ltr'><strong>in</strong></span> <span class='ocrx_word' id='word_1_712' title='bbox 720 2569 838 2603; x_wconf 84' lang='lat' dir='ltr'><strong>judicio,</strong></span> <span class='ocrx_word' id='word_1_713' title='bbox 850 2577 910 2604; x_wconf 76' lang='lat' dir='ltr'><strong>quae</strong></span> <span class='ocrx_word' id='word_1_714' title='bbox 925 2570 1019 2597; x_wconf 86' lang='lat' dir='ltr'><strong>decer-</strong></span> 
     </span>
    </p>
   </div>
   <div class='ocr_carea' id='block_1_99' title="bbox 232 2614 1020 2650">
    <p class='ocr_par' dir='ltr' id='par_1_99' title="bbox 232 2614 1020 2650">
     <span class='ocr_line' id='line_1_99' title="bbox 232 2614 1020 2650; baseline -0.001 -6"><span class='ocrx_word' id='word_1_715' title='bbox 232 2617 347 2647; x_wconf 78' lang='lat' dir='ltr'><strong>nebant.</strong></span> <span class='ocrx_word' id='word_1_716' title='bbox 362 2621 391 2643; x_wconf 90' lang='lat' dir='ltr'><strong>ut</strong></span> <span class='ocrx_word' id='word_1_717' title='bbox 419 2622 515 2642; x_wconf 79' lang='lat' dir='ltr'><strong>omnes</strong></span> <span class='ocrx_word' id='word_1_718' title='bbox 529 2614 575 2649; x_wconf 91' lang='lat' dir='ltr'><strong>qui</strong></span> <span class='ocrx_word' id='word_1_719' title='bbox 593 2614 695 2650; x_wconf 76' lang='lat' dir='ltr'><strong>ubique</strong></span> <span class='ocrx_word' id='word_1_720' title='bbox 714 2615 924 2643; x_wconf 81' lang='lat' dir='ltr'><strong>inveniebantur</strong></span> <span class='ocrx_word' id='word_1_721' title='bbox 939 2616 1020 2643; x_wconf 55' lang='grc' dir='ltr'><strong>ϐίη-ἱ»</strong></span> 
     </span>
    </p>
   </div>
   <div class='ocr_carea' id='block_1_100' title="bbox 230 2661 1018 2696">
    <p class='ocr_par' dir='ltr' id='par_1_100' title="bbox 230 2661 1018 2696">
     <span class='ocr_line' id='line_1_100' title="bbox 230 2661 1018 2696; baseline -0.001 -7"><span class='ocrx_word' id='word_1_722' title='bbox 230 2669 255 2689; x_wconf 87' lang='lat' dir='ltr'><strong>st</strong></span> <span class='ocrx_word' id='word_1_723' title='bbox 269 2662 325 2694; x_wconf 78' lang='lat' dir='ltr'><strong>ani,</strong></span> <span class='ocrx_word' id='word_1_724' title='bbox 343 2661 534 2696; x_wconf 72' lang='lat' dir='ltr'><strong>cujuscunque</strong></span> <span class='ocrx_word' id='word_1_725' title='bbox 556 2666 650 2688; x_wconf 81' lang='lat' dir='ltr'><strong>essent</strong></span> <span class='ocrx_word' id='word_1_726' title='bbox 672 2661 823 2695; x_wconf 67' lang='lat' dir='ltr'><strong>dignitatis,</strong></span> <span class='ocrx_word' id='word_1_727' title='bbox 841 2662 947 2696; x_wconf 82' lang='lat' dir='ltr'><strong>judicio</strong></span> <span class='ocrx_word' id='word_1_728' title='bbox 971 2666 1018 2688; x_wconf 89' lang='lat' dir='ltr'><strong>tuo</strong></span> 
     </span>
    </p>
   </div>
   <div class='ocr_carea' id='block_1_101' title="bbox 230 2707 1019 2744">
    <p class='ocr_par' dir='ltr' id='par_1_101' title="bbox 230 2707 1019 2744">
     <span class='ocr_line' id='line_1_101' title="bbox 230 2707 1019 2744; baseline -0.001 -8"><span class='ocrx_word' id='word_1_729' title='bbox 230 2708 445 2743; x_wconf 85' lang='lat' dir='ltr'><strong>subjicerentur,</strong></span> <span class='ocrx_word' id='word_1_730' title='bbox 470 2707 638 2740; x_wconf 75' lang='lat' dir='ltr'><strong>Auxentius,</strong></span> <span class='ocrx_word' id='word_1_731' title='bbox 664 2708 710 2744; x_wconf 85' lang='lat' dir='ltr'><strong>qui</strong></span> <span class='ocrx_word' id='word_1_732' title='bbox 738 2708 802 2736; x_wconf 90' lang='lat' dir='ltr'><strong>olim</strong></span> <span class='ocrx_word' id='word_1_733' title='bbox 828 2708 939 2742; x_wconf 85' lang='lat' dir='ltr'><strong>quidem</strong></span> <span class='ocrx_word' id='word_1_734' title='bbox 968 2707 1019 2735; x_wconf 79' lang='lat' dir='ltr'><strong>fuit</strong></span> 
     </span>
    </p>
   </div>
   <div class='ocr_carea' id='block_1_102' title="bbox 230 2753 1019 2790">
    <p class='ocr_par' dir='ltr' id='par_1_102' title="bbox 230 2753 1019 2790">
     <span class='ocr_line' id='line_1_102' title="bbox 230 2753 1019 2790; baseline 0 -10"><span class='ocrx_word' id='word_1_735' title='bbox 230 2754 329 2788; x_wconf 85' lang='lat' dir='ltr'><strong>opibus</strong></span> <span class='ocrx_word' id='word_1_736' title='bbox 350 2759 377 2780; x_wconf 87' lang='lat' dir='ltr'><strong>et</strong></span> <span class='ocrx_word' id='word_1_737' title='bbox 400 2753 455 2781; x_wconf 88' lang='lat' dir='ltr'><strong>vita</strong></span> <span class='ocrx_word' id='word_1_738' title='bbox 479 2759 539 2781; x_wconf 85' lang='lat' dir='ltr'><strong>acta</strong></span> <span class='ocrx_word' id='word_1_739' title='bbox 563 2754 686 2790; x_wconf 79' lang='lat' dir='ltr'><strong>insignis,</strong></span> <span class='ocrx_word' id='word_1_740' title='bbox 713 2753 853 2789; x_wconf 74' lang='lat' dir='ltr'><strong>probator</strong></span> <span class='ocrx_word' id='word_1_741' title='bbox 879 2757 972 2780; x_wconf 88' lang='lat' dir='ltr'><strong>autem</strong></span> <span class='ocrx_word' id='word_1_742' title='bbox 992 2758 1019 2780; x_wconf 89' lang='lat' dir='ltr'><strong>et</strong></span> 
     </span>
    </p>
   </div>
   <div class='ocr_carea' id='block_1_103' title="bbox 230 2799 1019 2835">
    <p class='ocr_par' dir='ltr' id='par_1_103' title="bbox 230 2799 1019 2835">
     <span class='ocr_line' id='line_1_103' title="bbox 230 2799 1019 2835; baseline 0 -9"><span class='ocrx_word' id='word_1_743' title='bbox 230 2800 354 2828; x_wconf 83' lang='lat' dir='ltr'><strong>ornatior</strong></span> <span class='ocrx_word' id='word_1_744' title='bbox 373 2808 405 2827; x_wconf 83' lang='lat' dir='ltr'><strong>cx</strong></span> <span class='ocrx_word' id='word_1_745' title='bbox 421 2808 452 2828; x_wconf 84' lang='lat' dir='ltr'><strong>ea</strong></span> <span class='ocrx_word' id='word_1_746' title='bbox 470 2808 530 2835; x_wconf 74' lang='lat' dir='ltr'><strong>qua:</strong></span> <span class='ocrx_word' id='word_1_747' title='bbox 550 2809 623 2828; x_wconf 86' lang='lat' dir='ltr'><strong>nunc</strong></span> <span class='ocrx_word' id='word_1_748' title='bbox 647 2801 671 2828; x_wconf 84' lang='lat' dir='ltr'><strong>ei</strong></span> <span class='ocrx_word' id='word_1_749' title='bbox 691 2801 800 2828; x_wconf 82' lang='lat' dir='ltr'><strong>inventa</strong></span> <span class='ocrx_word' id='word_1_750' title='bbox 819 2804 860 2828; x_wconf 87' lang='lat' dir='ltr'><strong>est</strong></span> <span class='ocrx_word' id='word_1_751' title='bbox 879 2799 1019 2834; x_wconf 77' lang='lat' dir='ltr'><strong>generosi-</strong></span> 
     </span>
    </p>
   </div>
   <div class='ocr_carea' id='block_1_104' title="bbox 232 2844 1018 2881">
    <p class='ocr_par' dir='ltr' id='par_1_104' title="bbox 232 2844 1018 2881">
     <span class='ocr_line' id='line_1_104' title="bbox 232 2844 1018 2881; baseline 0 -10"><span class='ocrx_word' id='word_1_752' title='bbox 232 2850 287 2872; x_wconf 84' lang='lat' dir='ltr'><strong>tate</strong></span> <span class='ocrx_word' id='word_1_753' title='bbox 300 2850 327 2873; x_wconf 84' lang='lat' dir='ltr'><strong>ct</strong></span> <span class='ocrx_word' id='word_1_754' title='bbox 345 2846 428 2873; x_wconf 80' lang='lat' dir='ltr'><strong>animi</strong></span> <span class='ocrx_word' id='word_1_755' title='bbox 446 2846 619 2878; x_wconf 79' lang='lat' dir='ltr'><strong>fortitudine,</strong></span> <span class='ocrx_word' id='word_1_756' title='bbox 633 2852 663 2874; x_wconf 89' lang='lat' dir='ltr'><strong>ut</strong></span> <span class='ocrx_word' id='word_1_757' title='bbox 679 2846 726 2881; x_wconf 92' lang='lat' dir='ltr'><strong>qui</strong></span> <span class='ocrx_word' id='word_1_758' title='bbox 743 2846 779 2873; x_wconf 78' lang='lat' dir='ltr'><strong>sit</strong></span> <span class='ocrx_word' id='word_1_759' title='bbox 800 2853 897 2873; x_wconf 80' lang='lat' dir='ltr'><strong>servus</strong></span> <span class='ocrx_word' id='word_1_760' title='bbox 918 2844 1018 2872; x_wconf 78' lang='lat' dir='ltr'><strong>Christi</strong></span> 
     </span>
    </p>
   </div>
   <div class='ocr_carea' id='block_1_105' title="bbox 232 2892 1017 2929">
    <p class='ocr_par' dir='ltr' id='par_1_105' title="bbox 232 2892 1017 2929">
     <span class='ocr_line' id='line_1_105' title="bbox 232 2892 1017 2929; baseline -0.003 -10"><span class='ocrx_word' id='word_1_761' title='bbox 232 2892 311 2927; x_wconf 69' lang='lat' dir='ltr'><strong>Regis</strong></span> <span class='ocrx_word' id='word_1_762' title='bbox 328 2893 454 2926; x_wconf 56' lang='lat' dir='ltr'><strong>caelestis,</strong></span> <span class='ocrx_word' id='word_1_763' title='bbox 471 2893 566 2929; x_wconf 81' lang='lat' dir='ltr'><strong>paucis</strong></span> <span class='ocrx_word' id='word_1_764' title='bbox 585 2894 625 2920; x_wconf 76' lang='lat' dir='ltr'><strong>liis</strong></span> <span class='ocrx_word' id='word_1_765' title='bbox 641 2899 703 2921; x_wconf 83' lang='lat' dir='ltr'><strong>ante</strong></span> <span class='ocrx_word' id='word_1_766' title='bbox 725 2894 821 2920; x_wconf 56' lang='lat' dir='ltr'><strong>diebus</strong></span> <span class='ocrx_word' id='word_1_767' title='bbox 843 2893 973 2919; x_wconf 71' lang='lat' dir='ltr'><strong>assistens</strong></span> <span class='ocrx_word' id='word_1_768' title='bbox 991 2892 1017 2918; x_wconf 87' lang='lat' dir='ltr'><strong>in</strong></span> 
     </span>
    </p>
   </div>
   <div class='ocr_carea' id='block_1_106' title="bbox 1109 2383 1861 2420">
    <p class='ocr_par' dir='ltr' id='par_1_106' title="bbox 1109 2383 1861 2420">
     <span class='ocr_line' id='line_1_106' title="bbox 1109 2383 1861 2420; baseline 0.004 -10"><span class='ocrx_word' id='word_1_769' title='bbox 1109 2384 1157 2417; x_wconf 70' lang='grc' dir='ltr'><strong>(Γ.</strong></span> <span class='ocrx_word' id='word_1_770' title='bbox 1177 2383 1234 2418; x_wconf 86' lang='grc' dir='ltr'>Τῆς</span> <span class='ocrx_word' id='word_1_771' title='bbox 1248 2384 1276 2410; x_wconf 76' lang='grc' dir='ltr'><strong>δὲ</strong></span> <span class='ocrx_word' id='word_1_772' title='bbox 1291 2385 1394 2416; x_wconf 75' lang='grc' dir='ltr'>τάξεως</span> <span class='ocrx_word' id='word_1_773' title='bbox 1406 2385 1477 2412; x_wconf 80' lang='grc' dir='ltr'>κατὰ</span> <span class='ocrx_word' id='word_1_774' title='bbox 1491 2385 1540 2420; x_wconf 83' lang='grc' dir='ltr'>τὴν</span> <span class='ocrx_word' id='word_1_775' title='bbox 1556 2386 1684 2413; x_wconf 79' lang='grc' dir='ltr'>εἰωθυῖαν</span> <span class='ocrx_word' id='word_1_776' title='bbox 1701 2386 1861 2413; x_wconf 78' lang='grc' dir='ltr'>ἀκολουθίαν</span> 
     </span>
    </p>
   </div>
   <div class='ocr_carea' id='block_1_107' title="bbox 1074 2429 1860 2465">
    <p class='ocr_par' dir='ltr' id='par_1_107' title="bbox 1074 2429 1860 2465">
     <span class='ocr_line' id='line_1_107' title="bbox 1074 2429 1860 2465; baseline 0 -9"><span class='ocrx_word' id='word_1_777' title='bbox 1074 2430 1256 2464; x_wconf 71' lang='grc' dir='ltr'>παραστάτης</span> <span class='ocrx_word' id='word_1_778' title='bbox 1276 2429 1316 2463; x_wconf 86' lang='grc' dir='ltr'>τῷ</span> <span class='ocrx_word' id='word_1_779' title='bbox 1340 2429 1488 2461; x_wconf 80' lang='grc' dir='ltr'>δικάζοντι,</span> <span class='ocrx_word' id='word_1_780' title='bbox 1506 2430 1520 2456; x_wconf 81' lang='grc' dir='ltr'><strong><em>ὁ</em></strong></span> <span class='ocrx_word' id='word_1_781' title='bbox 1534 2430 1637 2461; x_wconf 84' lang='grc' dir='ltr'>Λυσίας</span> <span class='ocrx_word' id='word_1_782' title='bbox 1660 2430 1787 2465; x_wconf 80' lang='grc' dir='ltr'>πρώτους</span> <span class='ocrx_word' id='word_1_783' title='bbox 1809 2430 1860 2464; x_wconf 77' lang='grc' dir='ltr'><strong>ῆόη</strong></span> 
     </span>
    </p>
   </div>
   <div class='ocr_carea' id='block_1_108' title="bbox 1073 2474 1862 2510">
    <p class='ocr_par' dir='ltr' id='par_1_108' title="bbox 1073 2474 1862 2510">
     <span class='ocr_line' id='line_1_108' title="bbox 1073 2474 1862 2510; baseline 0.003 -10"><span class='ocrx_word' id='word_1_784' title='bbox 1073 2475 1121 2501; x_wconf 75' lang='grc' dir='ltr'><strong>καὶ</strong></span> <span class='ocrx_word' id='word_1_785' title='bbox 1135 2474 1247 2509; x_wconf 80' lang='grc' dir='ltr'>πρώτην</span> <span class='ocrx_word' id='word_1_786' title='bbox 1271 2474 1406 2510; x_wconf 80' lang='grc' dir='ltr'>ἐρώτησιν</span> <span class='ocrx_word' id='word_1_787' title='bbox 1426 2474 1602 2509; x_wconf 81' lang='grc' dir='ltr'>δεξαμένους.</span> <span class='ocrx_word' id='word_1_788' title='bbox 1625 2476 1792 2510; x_wconf 80' lang='grc' dir='ltr'>Εὐστράτιος</span> <span class='ocrx_word' id='word_1_789' title='bbox 1808 2475 1862 2502; x_wconf 85' lang='grc' dir='ltr'><strong>Κο-</strong></span> 
     </span>
    </p>
   </div>
   <div class='ocr_carea' id='block_1_109' title="bbox 1075 2519 1861 2558">
    <p class='ocr_par' dir='ltr' id='par_1_109' title="bbox 1075 2519 1861 2558">
     <span class='ocr_line' id='line_1_109' title="bbox 1075 2519 1861 2558; baseline 0 -10"><span class='ocrx_word' id='word_1_790' title='bbox 1075 2523 1256 2558; x_wconf 71' lang='grc' dir='ltr'>μινταρήσιος</span> <span class='ocrx_word' id='word_1_791' title='bbox 1268 2519 1346 2548; x_wconf 73' lang='grc' dir='ltr'>εἶπεν</span> <span class='ocrx_word' id='word_1_792' title='bbox 1360 2528 1368 2536; x_wconf 79' lang='grc'><strong>⁸</strong></span> <span class='ocrx_word' id='word_1_793' title='bbox 1385 2521 1528 2548; x_wconf 80' lang='grc' dir='ltr'>Συλλασῶν</span> <span class='ocrx_word' id='word_1_794' title='bbox 1545 2522 1694 2557; x_wconf 81' lang='grc' dir='ltr'>βασιλικῶν</span> <span class='ocrx_word' id='word_1_795' title='bbox 1707 2520 1786 2553; x_wconf 82' lang='grc' dir='ltr'>αὖθις</span> <span class='ocrx_word' id='word_1_796' title='bbox 1797 2522 1861 2548; x_wconf 87' lang='grc' dir='ltr'>ἁνα-</span> 
     </span>
    </p>
   </div>
   <div class='ocr_carea' id='block_1_110' title="bbox 1074 2567 1860 2603">
    <p class='ocr_par' dir='ltr' id='par_1_110' title="bbox 1074 2567 1860 2603">
     <span class='ocr_line' id='line_1_110' title="bbox 1074 2567 1860 2603; baseline 0 -9"><span class='ocrx_word' id='word_1_797' title='bbox 1074 2568 1248 2602; x_wconf 79' lang='grc' dir='ltr'>γνωσθεισῶν</span> <span class='ocrx_word' id='word_1_798' title='bbox 1259 2569 1291 2603; x_wconf 83' lang='grc' dir='ltr'><strong>τῇ</strong></span> <span class='ocrx_word' id='word_1_799' title='bbox 1305 2568 1457 2603; x_wconf 72' lang='grc' dir='ltr'>προτεραίᾳ</span> <span class='ocrx_word' id='word_1_800' title='bbox 1472 2568 1517 2594; x_wconf 73' lang='grc' dir='ltr'><strong>ἐπὶ</strong></span> <span class='ocrx_word' id='word_1_801' title='bbox 1534 2568 1580 2594; x_wconf 81' lang='grc' dir='ltr'>τοῦ</span> <span class='ocrx_word' id='word_1_802' title='bbox 1597 2568 1790 2603; x_wconf 80' lang='grc' dir='ltr'>δεκαστηρίου,</span> <span class='ocrx_word' id='word_1_803' title='bbox 1806 2567 1860 2594; x_wconf 74' lang='grc' dir='ltr'><strong>τῶν</strong></span> 
     </span>
    </p>
   </div>
   <div class='ocr_carea' id='block_1_111' title="bbox 1074 2614 1859 2649">
    <p class='ocr_par' dir='ltr' id='par_1_111' title="bbox 1074 2614 1859 2649">
     <span class='ocr_line' id='line_1_111' title="bbox 1074 2614 1859 2649; baseline -0.003 -9"><span class='ocrx_word' id='word_1_804' title='bbox 1074 2614 1261 2646; x_wconf 75' lang='grc' dir='ltr'>θεσπιζουσῶν</span> <span class='ocrx_word' id='word_1_805' title='bbox 1270 2615 1334 2646; x_wconf 71' lang='grc' dir='ltr'>τοὺς</span> <span class='ocrx_word' id='word_1_806' title='bbox 1344 2615 1486 2649; x_wconf 76' lang='grc' dir='ltr'>ἁπανταχῆ</span> <span class='ocrx_word' id='word_1_807' title='bbox 1501 2615 1712 2649; x_wconf 77' lang='grc' dir='ltr'>εὑρισκομένους</span> <span class='ocrx_word' id='word_1_808' title='bbox 1728 2615 1859 2649; x_wconf 78' lang='grc' dir='ltr'>Χριστια-</span> 
     </span>
    </p>
   </div>
   <div class='ocr_carea' id='block_1_112' title="bbox 1073 2661 1861 2696">
    <p class='ocr_par' dir='ltr' id='par_1_112' title="bbox 1073 2661 1861 2696">
     <span class='ocr_line' id='line_1_112' title="bbox 1073 2661 1861 2696; baseline 0.001 -9"><span class='ocrx_word' id='word_1_809' title='bbox 1073 2661 1136 2692; x_wconf 74' lang='grc' dir='ltr'>νοὺς</span> <span class='ocrx_word' id='word_1_810' title='bbox 1150 2661 1254 2692; x_wconf 79' lang='grc' dir='ltr'>πάντας</span> <span class='ocrx_word' id='word_1_811' title='bbox 1268 2661 1328 2692; x_wconf 75' lang='grc' dir='ltr'>οἵας</span> <span class='ocrx_word' id='word_1_812' title='bbox 1347 2661 1484 2696; x_wconf 78' lang='grc' dir='ltr'>δηποτοῦν</span> <span class='ocrx_word' id='word_1_813' title='bbox 1506 2661 1584 2694; x_wconf 74' lang='grc' dir='ltr'>ἀξίας</span> <span class='ocrx_word' id='word_1_814' title='bbox 1602 2661 1778 2696; x_wconf 81' lang='grc' dir='ltr'>ὑπάρχοντας</span> <span class='ocrx_word' id='word_1_815' title='bbox 1797 2663 1861 2688; x_wconf 86' lang='grc' dir='ltr'>συλ-</span> 
     </span>
    </p>
   </div>
   <div class='ocr_carea' id='block_1_113' title="bbox 1071 2707 1858 2742">
    <p class='ocr_par' dir='ltr' id='par_1_113' title="bbox 1071 2707 1858 2742">
     <span class='ocr_line' id='line_1_113' title="bbox 1071 2707 1858 2742; baseline 0.001 -9"><span class='ocrx_word' id='word_1_816' title='bbox 1071 2707 1224 2742; x_wconf 80' lang='grc' dir='ltr'>ληφθέντας</span> <span class='ocrx_word' id='word_1_817' title='bbox 1249 2708 1281 2742; x_wconf 81' lang='grc' dir='ltr'>τῇ</span> <span class='ocrx_word' id='word_1_818' title='bbox 1307 2709 1339 2742; x_wconf 81' lang='grc' dir='ltr'>σῇ</span> <span class='ocrx_word' id='word_1_819' title='bbox 1370 2707 1527 2741; x_wconf 78' lang='grc' dir='ltr'>ὑπαχθῆναι</span> <span class='ocrx_word' id='word_1_820' title='bbox 1551 2707 1651 2742; x_wconf 77' lang='grc' dir='ltr'>κρίσει,</span> <span class='ocrx_word' id='word_1_821' title='bbox 1679 2708 1824 2740; x_wconf 79' lang='grc' dir='ltr'>Λὺξέντιος</span> <span class='ocrx_word' id='word_1_822' title='bbox 1843 2709 1858 2734; x_wconf 82' lang='grc'>6</span> 
     </span>
    </p>
   </div>
   <div class='ocr_carea' id='block_1_114' title="bbox 1072 2753 1857 2789">
    <p class='ocr_par' dir='ltr' id='par_1_114' title="bbox 1072 2753 1857 2789">
     <span class='ocr_line' id='line_1_114' title="bbox 1072 2753 1857 2789; baseline 0.001 -9"><span class='ocrx_word' id='word_1_823' title='bbox 1072 2755 1155 2781; x_wconf 73' lang='grc' dir='ltr'>πάλαι</span> <span class='ocrx_word' id='word_1_824' title='bbox 1175 2754 1224 2789; x_wconf 78' lang='grc' dir='ltr'>μὲν</span> <span class='ocrx_word' id='word_1_825' title='bbox 1239 2753 1391 2788; x_wconf 64' lang='grc' dir='ltr'>περιφανὴς</span> <span class='ocrx_word' id='word_1_826' title='bbox 1404 2754 1472 2789; x_wconf 83' lang='grc' dir='ltr'>τύχῃ</span> <span class='ocrx_word' id='word_1_827' title='bbox 1490 2755 1537 2780; x_wconf 73' lang='grc' dir='ltr'>καὶ</span> <span class='ocrx_word' id='word_1_828' title='bbox 1553 2754 1686 2789; x_wconf 71' lang='grc' dir='ltr'>πολιτείᾳ,</span> <span class='ocrx_word' id='word_1_829' title='bbox 1705 2754 1857 2789; x_wconf 77' lang='grc' dir='ltr'>εὐδοκιμώο</span> 
     </span>
    </p>
   </div>
   <div class='ocr_carea' id='block_1_115' title="bbox 1070 2799 1858 2836">
    <p class='ocr_par' dir='ltr' id='par_1_115' title="bbox 1070 2799 1858 2836">
     <span class='ocr_line' id='line_1_115' title="bbox 1070 2799 1858 2836; baseline 0.001 -10"><span class='ocrx_word' id='word_1_830' title='bbox 1070 2800 1150 2835; x_wconf 77' lang='grc' dir='ltr'>τερος</span> <span class='ocrx_word' id='word_1_831' title='bbox 1169 2809 1199 2826; x_wconf 90' lang='grc' dir='ltr'><strong>τε</strong></span> <span class='ocrx_word' id='word_1_832' title='bbox 1222 2801 1270 2826; x_wconf 77' lang='grc' dir='ltr'>καὶ</span> <span class='ocrx_word' id='word_1_833' title='bbox 1295 2799 1479 2835; x_wconf 80' lang='grc' dir='ltr'>κοσμιώτερος</span> <span class='ocrx_word' id='word_1_834' title='bbox 1501 2801 1533 2826; x_wconf 78' lang='grc' dir='ltr'>ὲκ</span> <span class='ocrx_word' id='word_1_835' title='bbox 1557 2800 1607 2835; x_wconf 81' lang='grc' dir='ltr'><strong>τῆς</strong></span> <span class='ocrx_word' id='word_1_836' title='bbox 1623 2801 1682 2826; x_wconf 72' lang='grc' dir='ltr'>νυνὶ</span> <span class='ocrx_word' id='word_1_837' title='bbox 1699 2801 1858 2836; x_wconf 78' lang='grc' dir='ltr'>εὑρεθείσης</span> 
     </span>
    </p>
   </div>
   <div class='ocr_carea' id='block_1_116' title="bbox 1072 2846 1856 2882">
    <p class='ocr_par' dir='ltr' id='par_1_116' title="bbox 1072 2846 1856 2882">
     <span class='ocr_line' id='line_1_116' title="bbox 1072 2846 1856 2882; baseline 0 -8"><span class='ocrx_word' id='word_1_838' title='bbox 1072 2847 1145 2881; x_wconf 78' lang='grc' dir='ltr'>αὐτῷ</span> <span class='ocrx_word' id='word_1_839' title='bbox 1170 2847 1371 2882; x_wconf 70' lang='grc' dir='ltr'>γενναιότητος,</span> <span class='ocrx_word' id='word_1_840' title='bbox 1399 2847 1446 2873; x_wconf 83' lang='grc' dir='ltr'>ἄτε</span> <span class='ocrx_word' id='word_1_841' title='bbox 1470 2846 1517 2873; x_wconf 81' lang='grc' dir='ltr'><strong>τοῦ</strong></span> <span class='ocrx_word' id='word_1_842' title='bbox 1537 2846 1700 2882; x_wconf 73' lang='grc' dir='ltr'>ἐπουρανίου</span> <span class='ocrx_word' id='word_1_843' title='bbox 1724 2847 1856 2882; x_wconf 74' lang='grc' dir='ltr'>βασιλέως</span> 
     </span>
    </p>
   </div>
   <div class='ocr_carea' id='block_1_117' title="bbox 1073 2891 1856 2928">
    <p class='ocr_par' dir='ltr' id='par_1_117' title="bbox 1073 2891 1856 2928">
     <span class='ocr_line' id='line_1_117' title="bbox 1073 2891 1856 2928; baseline 0 -11"><span class='ocrx_word' id='word_1_844' title='bbox 1073 2893 1189 2926; x_wconf 65' lang='grc' dir='ltr'>Κριατοῦ</span> <span class='ocrx_word' id='word_1_845' title='bbox 1215 2893 1305 2924; x_wconf 68' lang='grc' dir='ltr'>δοῦλος</span> <span class='ocrx_word' id='word_1_846' title='bbox 1328 2892 1469 2927; x_wconf 69' lang='grc' dir='ltr'>ὑπάρχων,</span> <span class='ocrx_word' id='word_1_847' title='bbox 1486 2892 1539 2928; x_wconf 70' lang='grc' dir='ltr'><strong>πρὸ</strong></span> <span class='ocrx_word' id='word_1_848' title='bbox 1552 2891 1652 2926; x_wconf 82' lang='grc' dir='ltr'>ὀλίγων</span> <span class='ocrx_word' id='word_1_849' title='bbox 1666 2892 1770 2919; x_wconf 83' lang='grc' dir='ltr'>τούτων</span> <span class='ocrx_word' id='word_1_850' title='bbox 1786 2893 1856 2926; x_wconf 78' lang='grc' dir='ltr'>ἡμε-</span> 
     </span>
    </p>
   </div>
  </div>
