2086 3153
174 171 206 201 52
211 169 222 200 ι

607 167 843 199 MARTYRIUM
860 167 892 197 S.
914 165 1055 196 THYRSI
1078 164 1126 193 ET
1147 163 1355 193 SOCiORUll.

1745 159 1798 191 522

172 229 258 259 θύειν.
276 231 392 264 φανερός
411 237 451 256 σοι
473 229 631 262 γενήσεται.
658 227 847 262 Ἀφικομένων
866 224 956 252 τοίνυν

1017 223 1053 250 tui
1079 222 1118 250 sis
1138 221 1359 249 sacriﬁcaturus.
1399 221 1468 248 Cum
1496 222 1522 248 iu
1550 221 1706 256 prmjmum
1735 231 1800 258 ergo

171 275 262 302 αὐτῶν
275 276 315 307 είς
328 276 375 302 τὸν
389 275 503 310 πλησίον
520 275 594 305 ναὸν,
608 275 637 306 ὃς
651 275 739 309 δήπου
755 275 801 300 καὶ
821 272 962 299 Ἀπόλλω-

169 328 213 352 νος
227 320 272 355 ἢν,
284 321 298 346 ό
314 321 414 356 κόμης,
433 318 527 353 Οὗτος,
537 320 589 355 ἔφη
600 320 690 352 δείξας
702 319 733 346 τὸ
745 319 866 353 ἄγαλμα,
882 315 960 350 οὗτος

169 367 198 393 ὃν
213 366 340 401 τιμῶμεν
355 367 421 398 Θεός
434 374 442 382 ·
463 366 558 393 τοῦτον
574 366 765 400 Ξλεωσὰμενος,
793 365 894 398 Θύρσε,
913 364 960 390 καὶ

170 413 266 439 θυσίαν
282 411 489 447 προσενεγκὼν,
508 411 628 446 φρουράν
643 419 673 437 τε
688 411 796 445 ἀσφαλῆ
812 410 895 441 ἕξεις,
913 410 960 435 καὶ

169 459 215 492 τὴν
243 457 296 484 τῶν
322 458 410 485 ἄλλων
432 458 502 485 θεῶν
525 456 668 492 κερδήσεις
688 456 842 491 εὐμένειαν.
870 456 924 482 Καὶ
946 456 960 480 ὁ

166 505 286 538 μάρτυς,
304 504 386 539 Ὅρα,
412 504 490 539 φησὶ,
513 504 575 530 τίνα
596 512 625 530 τε
644 502 774 538 προσὰξω
787 501 893 533 θυσίαν,
913 501 960 528 καὶ

169 549 244 579 ὅπως
261 548 343 575 αὑτὸν
360 548 519 584 ἱλεώσομαι.
532 549 587 576 Καὶ
596 548 786 584 προσσχόντων
801 546 875 581 αὐτῷ
891 548 960 572 πάν-

168 603 234 625 των,
253 596 292 626 εἰς
307 595 422 630 οὐρανὸν
438 596 542 627 ἐκεῖνος
556 596 650 631 χεῖρας
666 595 724 629 ἅμα
742 594 788 620 καὶ
804 592 960 627 ὀφθαλμοὺς

169 641 309 675 ἀνασχὼν,
326 642 374 677 τὴν
388 642 493 675 ἄφατον
508 641 555 668 τοῦ
571 641 638 668 Θεοῦ
660 641 775 674 δύναμιν
791 639 959 666 ἐκκαλεῖται.

168 687 220 712 Καὶ
242 686 356 722 βροντῆς
372 688 471 723 ἁθρόον
483 687 716 723 καταρραγείσης,
729 687 743 712 ὁ
757 685 805 712 τοῦ
823 685 851 712 Ἀ
858 685 960 710 πόλλω-

165 740 210 763 νος
223 733 338 767 ἀνδριὰς
350 734 389 765 είς
400 734 452 769 γῆν
465 742 495 760 τε
507 735 636 760 πέπτωκε
652 734 699 759 καὶ
714 733 754 763 είς
768 732 842 758 κόνιν
854 730 958 757 ὲλὺετο.

172 778 371 812 Ἐπιστραφεὶς
387 780 476 806 τοίνυν
495 779 564 814 πρὸς
577 779 642 810 τοὺς
660 777 846 813 περιεστῶτας
859 777 873 802 ὁ
891 777 960 811 μάρ-

165 833 224 857 τυς,
249 824 357 859 Ὁρᾶτε,
380 822 469 856 εἶπεν,
496 826 537 852 ὅτι
565 825 716 859 πλάσματα
743 823 825 858 μόνον
851 823 876 849 οί
897 823 957 859 παρ’

165 871 232 906 ὑμῖν
250 870 317 903 θεοὶ,
334 871 402 906 μηδὲ
417 871 500 906 ψιλήν
515 880 576 898 τινα
593 871 641 898 τοῦ
659 870 787 905 ἀληθινοῦ
807 870 875 897 Θεοῦ
890 869 959 896 ὕπο-

168 919 264 950 μεζναι
277 917 376 953 κλῆσιν
391 917 556 952 δυνάμενοι;
579 918 650 952 Πρὸς
672 917 758 943 ταῦτα
777 915 865 951 θυμοῦ
881 915 963 941 πνεύ-

166 970 216 993 σας
233 963 248 989 ὁ
263 963 404 995 Σιλὸανὸς,
423 963 493 996 Ἐγώ
510 972 556 989 σου
570 964 619 995 τὰς
635 962 771 997 γοητείας,
788 961 851 996 ἔφη.
870 961 963 987 τέλεον

167 1008 304 1042 ἐκτρίψας
329 1008 436 1043 ἀφανιῶ
460 1009 507 1035 καὶ
532 1009 622 1041 δείξω,
647 1008 673 1034 τι
697 1016 738 1034 σοι
761 1007 791 1033 τὸ
809 1007 857 1033 ἀπ’
873 1006 964 1032 αὑτῶν

167 1051 276 1085 ὕφελος.
305 1052 360 1078 Καὶ
385 1051 485 1078 αὐτίκα
510 1051 550 1082 εἰς
571 1059 598 1077 τι
623 1050 773 1086 μηχάνημα
797 1049 924 1084 σιδηροῦν
949 1050 964 1075 ὁ

170 1097 280 1132 μάρτυς
304 1097 444 1132 ἐϐέϐλητο,
460 1097 507 1124 καὶ
523 1097 628 1131 σιδηροῖ
644 1097 740 1122 τοῦτον
760 1095 893 1127 διέξαινον
906 1095 967 1122 ὄνυ-

166 1151 230 1177 χες,
243 1143 291 1169 καὶ
315 1141 370 1174 ῐνες
387 1143 436 1177 μὲν
458 1143 505 1169 τοῦ
521 1143 646 1178 σώματος
667 1142 842 1174 ἀπεσπῶντο,
856 1141 884 1167 αι
900 1142 967 1176 σάρ-

170 1197 219 1219 κες
237 1188 265 1214 δὲ
277 1189 317 1219 εἰς
335 1189 388 1223 γῆν
414 1189 536 1223 συνεχεῖς
551 1187 701 1223 κατέρρεον
713 1195 720 1203 ⁸
745 1186 792 1212 τοῦ
809 1186 838 1212 δὲ
849 1186 881 1212 τὸ
898 1187 966 1220 πρό-

170 1235 263 1269 θυμον
274 1235 326 1261 αὺκ
344 1234 465 1267 ἐξέλυον,
481 1234 550 1261 ἀλλὰ
567 1235 612 1261 καὶ
627 1234 708 1260 πλέον
726 1233 809 1259 αὑτοῦ
824 1233 869 1259 τὸν
884 1233 966 1267 ζῆλον

169 1281 222 1306 καὶ
234 1280 267 1306 τὺ
282 1279 385 1316 θερμὸν
401 1280 575 1316 ἁνηρέθιζον.

208 1401 262 1429 ll".
293 1401 372 1429 Ἐπεὶ
395 1402 422 1429 δὲ
451 1402 545 1430 λοιπὸν
570 1402 706 1430 ἐκλείπειν
728 1403 821 1440 ἐῴκει,
843 1404 889 1431 καὶ
905 1405 967 1433 οὐδὲ

176 1448 281 1483 μικρὶν
307 1447 500 1482 ὑπολελεῖφθαι
531 1449 607 1484 αὐτῷ
627 1450 677 1484 τῆς
703 1451 775 1484 ζωῆς
802 1451 965 1485 ῑνομίζετο,

172 1495 284 1521 ἀνίεται
300 1495 349 1529 μὲν
371 1495 427 1521 τῶν
443 1494 583 1530 βασάνων,
602 1497 852 1531 παραστησάμενος
868 1496 897 1523 δὲ
918 1497 967 1522 αὑ-

171 1542 219 1566 τον
234 1542 249 1567 ὁ
261 1541 362 1576 κόμης,
375 1541 480 1574 Βούλει,
499 1542 576 1576 φησι,
593 1542 638 1568 καὶ
650 1540 729 1573 αὖθις
741 1543 801 1573 ταῖς
819 1542 968 1577 προτέραις

170 1587 298 1622 ἐπῳδαῖς
326 1596 373 1614 σου
400 1589 446 1614 καὶ
472 1589 610 1623 γοητείαις
633 1588 788 1624 χρήσασθαι
816 1589 888 1615 κατὰ
912 1589 966 1615 τῶν

167 1634 255 1663 θεῶν,
282 1633 325 1660 ίνα
340 1642 381 1660 σοι
397 1633 446 1660 καὶ
461 1633 601 1668 δευτέραις
618 1635 700 1662 πάλιν
715 1636 795 1670 ἡμεῖς
811 1637 872 1668 ταῖς
886 1636 967 1671 ἀμοι-

170 1681 236 1711 ﬁni;
255 1679 517 1715 ἅντιχαρισώμεθα,
534 1679 632 1706 Καίτοι
650 1681 680 1707 τὸ
701 1683 780 1716 σῶμα
798 1682 857 1709 ὅλον
875 1683 905 1709 τὸ
920 1683 966 1709 σὸν

169 1727 319 1754 ἀνάλωται
336 1728 395 1758 ταῖς
411 1727 540 1762 βασάνοις
553 1735 560 1742 ·
587 1727 687 1762 μικροῦ
699 1727 727 1754 δέ
746 1736 775 1754 σε
793 1728 840 1754 καὶ
855 1729 871 1763 η
893 1728 966 1764 ψυχὴ

169 1772 341 1800 καταλείπει
353 1779 361 1789 ⁸
378 1773 460 1804 αὐτὸς
475 1772 514 1803 δὲ,
531 1772 560 1798 ὃν
573 1773 641 1808 σέϐῃ
658 1773 704 1800 καὶ
721 1774 818 1808 βοηθὸν
836 1773 904 1801 εἶναί
919 1784 966 1801 σου

169 1820 214 1851 λὲγ
223 1828 281 1851 εις,
295 1818 360 1850 Θεὸς
376 1818 428 1845 ποῦ
442 1827 450 1852 ;
475 1818 556 1845 Ἀλλὰ
584 1819 665 1854 μέχρι
682 1819 754 1851 τίνος
767 1820 903 1855 ἐπιμένων
918 1821 966 1856 ἔσῃ

168 1867 229 1896 τοῖς
247 1865 393 1900 ἀνονήτοις
413 1865 502 1891 καὶτὸ
519 1865 657 1900 συμφέρον
677 1866 730 1900 πρὸ
752 1865 806 1892 τῶν
820 1866 968 1901 ὀφθαλμῶν

169 1921 214 1938 σοι
235 1911 368 1946 κείμενον
382 1910 412 1937 οὐ
437 1911 543 1946 Baden;
561 1911 616 1938 Καὶ
635 1912 649 1938 ὁ
665 1912 784 1947 μάρτυς,
802 1912 834 1938 Τί
849 1912 905 1945 δαὶ,
918 1912 969 1938 οὐκ

168 1958 307 1990 αἱσῦάνη,
325 1957 404 1991 φησὶ,
416 1957 466 1990 τῆς
487 1958 516 1982 ὲν
532 1957 593 1991 ἐμοὶ
615 1956 662 1983 τοῦ
679 1957 796 1992 Χριστοῦ
809 1957 964 1993 δυνάμεω;,

170 2003 367 2038 ἐπιδηλότατα
394 2010 440 2037 μοι
457 2003 664 2037 παρισταμένης
681 2003 729 2028 καὶ
744 2003 812 2037 πρὸς
823 2005 971 2036 ὲπαγωγὶς

168 2051 309 2080 renutat;
339 2049 533 2083 ὲνισχυούση;;
559 2048 619 2079 [ιὼς
643 2050 698 2083 γὰρ
721 2049 754 2074 ἂν
780 2048 880 2082 γεῶδες
901 2048 972 2074 οὕτω

169 2098 258 2131 σῶμα.
278 2095 325 2120 καὶ
345 2094 456 2125 ἀσθενὲς
473 2093 565 2120 ἰκανὸν
580 2091 614 2128 ἦν
629 2093 803 2128 τηλικαύταις
817 2095 972 2120 ἁντιπεσεῐν

168 2140 359 2177 χαλεπότησι,
380 2139 418 2174 μὴ
431 2139 480 2173 τῆς
494 2139 595 2165 ἄνωθεν
611 2138 684 2173 αὺτῷ
700 2139 786 2173 ῥοπῆς
811 2137 972 2172 ἐπιϐοηθού-

169 2195 247 2223 ars;
271 2186 316 2216 Ὠς
342 2184 388 2211 οὖν
403 2185 523 2220 ἀκριϐῶς
549 2184 625 2215 εἰδὼς
649 2185 690 2211 ὅτι
715 2193 759 2218 μοι
778 2185 972 2219 ἁμετάθετοςή

1013 268 1146 302 templum
1160 267 1285 298 ivissent,
1300 265 1374 300 quod
1388 270 1448 293 erat
1478 266 1623 300 Apollinis,
1646 268 1690 295 hic
1710 275 1802 296 comes

1012 313 1090 344 dixit,
1117 312 1265 340 ostendens
1288 311 1518 346 imaginemzﬂic
1545 319 1587 340 est
1614 314 1692 346 deus,
1718 322 1800 349 quem

1012 359 1129 386 colimus
1144 366 1151 384 :
1167 365 1230 384 cum
1254 365 1316 384 eum
1330 357 1492 392 placaveris,
1508 365 1525 384 ο
1539 357 1656 394 Thyrse,
1670 364 1698 386 et
1719 360 1801 387 obtu-

1012 404 1078 431 leris
1087 403 1264 435 sacriﬁcium.
1274 403 1394 430 validum
1407 402 1523 430 habebis
1537 404 1679 431 custodem
1703 410 1730 431 et
1747 407 1800 433 ali-

1013 457 1092 476 orum
1111 449 1226 476 deorum
1253 449 1364 484 parabis
1392 448 1442 476 tibi
1467 448 1699 476 benevolentiam.
1727 451 1798 478 Mar-

1013 500 1056 531 tyr
1065 501 1158 523 autem
1175 495 1275 526 :Vide.
1298 495 1400 530 inquit,
1425 495 1566 530 quodnam
1583 495 1698 522 oﬂ‘eram
1716 497 1804 524 sacri-

1014 542 1117 575 licium,
1132 547 1161 570 et
1175 542 1407 577 quemadmodum
1427 549 1491 569 eutn
1517 543 1643 577 placabo.
1659 542 1726 569 Cutn
1744 551 1804 570 om-

1011 596 1059 617 nes
1074 596 1142 615 vero
1166 589 1193 616 in
1205 596 1268 616 eum
1285 589 1407 615 animum
1431 588 1625 621 attendisscnt.
1643 588 1689 615 ille
1703 596 1803 616 manus

1011 634 1093 661 simul
1108 638 1136 661 et
1151 635 1248 662 oculos
1262 634 1288 661 in
1311 634 1412 662 celum
1429 635 1528 661 tollens
1544 634 1592 661 Dei
1606 634 1735 661 virtutem
1759 635 1805 662 in-

1010 686 1094 708 vocat
1111 681 1275 708 ineil‘abilem
1293 690 1300 708 :
1316 685 1345 708 et
1360 688 1423 708 cum
1447 681 1551 708 tonitru
1566 685 1679 716 repente
1694 681 1804 716 erupis-

1011 731 1062 757 set.
1080 727 1108 754 in
1124 731 1227 753 terram
1246 725 1350 753 cecidit
1362 729 1454 753 statua
1471 725 1619 760 Apollinis,
1637 731 1665 752 et
1680 727 1802 753 res-:luta

1009 773 1066 800 fuit
1087 773 1116 799 in
1132 772 1267 800 cinerem.
1290 771 1449 800 Conversus
1472 779 1539 806 ergo
1564 777 1668 807 martyr
1695 772 1728 798 ad
1755 779 1802 799 eos

1009 818 1056 853 qui
1071 817 1312 845 circumsistebant
1327 826 1334 845 :
1347 817 1455 849 Videte,
1470 818 1570 850 inquit,
1583 817 1657 853 quod
1675 818 1722 852 qui
1738 823 1805 844 sunt

1010 862 1084 898 apud
1109 870 1159 890 vos
1180 863 1230 895 dii.
1253 866 1320 890 sunt
1336 863 1424 890 solum
1445 862 1583 899 ﬁgmenta,
1608 863 1654 898 qui
1675 870 1726 890 nec
1747 862 1805 890 veri

977 899 999 928 Β
1015 908 1063 935 Dei
1085 913 1201 942 possunt
1215 908 1258 936 vel
1274 909 1360 936 solam
1378 909 1516 936 sustinere
1532 910 1746 937 invocationem.
1761 909 1803 936 Ad

1016 954 1073 980 ha‘c
1086 954 1126 980 ira
1144 954 1330 981 inﬂammatus
1343 955 1479 990 Sylvanus
1495 963 1502 982 :
1522 955 1580 989 Ego
1606 960 1676 988 tuas,
1702 956 1803 991 inquit,

1015 999 1166 1034 praestigias
1175 1000 1288 1026 omnino
1305 1006 1444 1027 conteram
1459 1005 1486 1028 et
1496 1000 1605 1033 delebo.
1622 1006 1649 1028 et
1661 1002 1806 1029 ostendam

1015 1052 1140 1078 quaenam
1157 1045 1326 1080 percipiatur
1340 1053 1374 1072 ex
1390 1046 1432 1073 eis
1451 1047 1568 1074 utilitas.
1593 1047 1732 1075 Continuo
1758 1055 1807 1074 au-

1017 1095 1071 1116 tem
1087 1090 1202 1125 injectus
1223 1095 1266 1117 est
1287 1095 1390 1126 martyr
1412 1091 1440 1118 in
1455 1091 1571 1119 ferream
1587 1093 1733 1127 quamdam
1746 1102 1806 1121 ma-

1015 1136 1136 1166 chinam.
1157 1141 1185 1164 et.
1212 1144 1274 1164 cum
1299 1137 1367 1165 ferri
1393 1137 1587 1174 discerpebant
1615 1140 1748 1175 pectines,
1777 1145 1806 1168 et

1015 1182 1206 1210 avellebantur
1219 1183 1330 1218 quidem
1365 1183 1443 1211 libra:
1456 1185 1594 1220 corporis,
1621 1193 1720 1213 carnes
1738 1194 1806 1214 vero

1016 1228 1154 1256 continua:
1168 1229 1328 1256 deﬂuebant
1344 1229 1372 1256 in
1388 1233 1489 1257 terram
1511 1239 1517 1257 ι
1532 1236 1688 1266 promptum
1715 1236 1806 1260 autem

1015 1279 1045 1301 et
1067 1274 1157 1302 alacre
1178 1275 1237 1309 ejus
1264 1275 1349 1302 animi
1376 1275 1499 1302 studium
1524 1283 1581 1302 non
1609 1276 1806 1310 dissolvebant,

1016 1319 1064 1347 sed
1077 1319 1137 1354 ejus
1150 1321 1238 1347 zelum
1253 1324 1279 1346 et
1294 1319 1421 1347 artiorem
1437 1320 1522 1354 magis
1540 1320 1700 1349 irrritabant

1052 1401 1123 1430 Xlll.
1139 1402 1273 1436 Quon’am
1290 1408 1381 1430 autem
1399 1404 1473 1430 risus
1486 1407 1548 1430 erat
1569 1402 1699 1434 deiicere.
1724 1407 1752 1430 et
1771 1411 1806 1430 tte

1017 1449 1160 1476 minimum
1173 1449 1285 1484 quidem
1300 1449 1362 1476 vitae
1375 1449 1401 1476 ei
1419 1449 1566 1476 videbatur
1583 1456 1644 1476 esse
1658 1449 1805 1484 reliquum.

1017 1496 1155 1523 relaxatur
1180 1495 1291 1530 quidem
1310 1504 1325 1523 e
1342 1495 1486 1522 tormentis
1507 1504 1515 1522 :
1539 1503 1602 1522 cum
1628 1503 1690 1522 cum
1715 1500 1808 1524 autem

1019 1541 1171 1568 sistendum
1189 1546 1313 1569 curasset
1330 1549 1442 1569 comes:
1457 1542 1514 1574 Vis,
1535 1541 1633 1576 inquit,
1651 1549 1746 1569 rursus
1768 1545 1806 1569 uti

1019 1587 1156 1621 prioribus
1170 1588 1224 1615 tuis
1249 1589 1484 1615 incantationibus
1500 1592 1528 1615 et
1546 1589 1687 1616 maleﬁciis
1711 1595 1807 1616 contra

1017 1634 1094 1666 deos,
1115 1639 1145 1661 ut
1175 1634 1223 1661 tibi
1240 1641 1349 1670 quoque
1371 1642 1466 1662 rursus
1493 1635 1643 1670 largiamur
1672 1635 1808 1662 secundas

1018 1681 1278 1708 remunerationcs?
1304 1681 1388 1716 Atqui
1418 1685 1506 1709 totum
1532 1687 1608 1708 tuum
1626 1689 1728 1717 corpus
1751 1687 1807 1709 tor-

1017 1727 1117 1754 mentis
1142 1732 1184 1755 est
1205 1732 1398 1763 consumptum
1415 1736 1422 1756 :
1439 1728 1637 1764 propemodum
1668 1736 1734 1756 vero
1756 1729 1805 1756 tibi

1018 1781 1129 1809 quoque
1143 1774 1236 1802 deﬁcit
1252 1774 1354 1801 anima.
1378 1775 1438 1809 Ipse
1461 1779 1563 1807 autem,
1586 1781 1667 1810 quem
1684 1775 1762 1808 colis,
1779 1779 1808 1801 et

1017 1829 1100 1856 quem
1124 1826 1199 1848 tuum
1225 1821 1295 1848 dicis
1314 1821 1467 1855 adiutorem
1493 1829 1555 1849 esse
1569 1821 1666 1854 Deum,
1683 1822 1729 1849 ubi
1744 1822 1808 1849 est?

1020 1868 1072 1895 Sed
1089 1869 1212 1903 quandiu
1227 1869 1415 1903 perscverabis
1432 1869 1459 1895 in
1478 1868 1511 1895 iis
1526 1876 1586 1902 quae
1603 1873 1667 1896 sunt
1689 1869 1807 1900 inutilia.

1019 1919 1047 1941 ct
1076 1922 1129 1941 non
1157 1914 1265 1941 videbis
1289 1915 1365 1946 utile.
1391 1914 1462 1949 quod
1491 1918 1532 1942 est
1549 1914 1717 1948 propositum
1746 1920 1809 1942 ante

1020 1956 1138 1983 oculos?
1160 1957 1260 1992 Martyr
1289 1966 1376 1984 vero:
1393 1958 1463 1990 Quid
1492 1967 1544 1984 non
1577 1959 1673 1991 scutis,
1699 1959 1807 1993 inquit,

1021 2001 1135 2032 Cltristi.
1160 2009 1220 2035 qua:
1237 2008 1280 2030 est
1299 2012 1324 2030 In
1346 2012 1400 2035 me,
1416 2005 1558 2035 virtutem,
1575 2012 1636 2038 qua:
1651 2005 1717 2032 mihi
1733 2005 1810 2032 adest

1022 2047 1256 2081 manifestissime,
1275 2054 1302 2076 et
1320 2057 1361 2076 me
1378 2050 1511 2076 adversus
1534 2050 1584 2076 ilOS
1610 2051 1728 2077 insultus
1744 2059 1810 2078 cutt-

1024 2092 1138 2120 lirmat?
1156 2092 1300 2125 Quomodo
1323 2096 1395 2122 enim
1412 2103 1512 2129 corpus
1531 2100 1670 2122 terrenum
1694 2102 1722 2123 et
1741 2097 1810 2124 adeo

1024 2139 1201 2170 imbecillum,
1238 2144 1331 2174 posset
1357 2141 1457 2167 talibus
1494 2142 1620 2168 resistere
1655 2144 1810 2171 tormentis.

1024 2189 1046 2213 si
1079 2194 1134 2213 non
1163 2186 1188 2213 ci
1219 2194 1337 2221 superne
1362 2187 1485 2214 divinum
1514 2188 1625 2214 daretur
1655 2186 1811 2217 auxilium?

168 2231 321 2269 ὁμολογία,
345 2232 392 2257 καὶ
412 2231 447 2257 τὰ
465 2231 514 2266 τῆς
534 2230 645 2264 γνώμης
659 2231 709 2256 οζικ
727 2230 770 2263 ἂν,
786 2231 811 2256 εί
825 2238 849 2256 τι
864 2231 911 2256 καὶ
925 2230 966 2263 γέ‹

1024 2231 1059 2259 Ut
1083 2231 1130 2265 qui
1155 2239 1220 2266 ergo
1243 2237 1317 2259 certe
1340 2232 1411 2258 scias
1434 2239 1494 2259 esse
1519 2232 1715 2260 ittttltttlubilettt
1743 2235 1809 2262 nubi

169 2288 262 2312 νοιςο,
284 2276 442 2312 μεταϐάλοι,
463 2277 493 2303 τὸ
512 2276 582 2303 κατὰ
604 2276 665 2303 νοῦν
692 2277 772 2307 ποίει,
794 2276 841 2302 καὶ
858 2275 972 2310 μηδενὸς

169 2327 304 2360 ὰπὸσχου
326 2322 379 2350 τῶν
393 2323 570 2359 δεδογμένων.
587 2323 654 2350 Τότε
678 2323 778 2357 Zetian
795 2322 905 2358 μεγέθει
922 2323 973 2357 μέ-

169 2381 275 2407 γιστον
299 2371 507 2406 διακομισθῆναι
521 2370 651 2401 κελεύσας
667 2371 680 2396 ό
699 2369 837 2403 Σιλόοινὸς,
853 2370 898 2395 καὶ
912 2369 974 2395 τοῦ-

171 2428 223 2446 τον
257 2417 311 2454 μὲν
339 2418 432 2449 ὓδατος
462 2417 609 2453 πληρώσας
635 2417 683 2444 καὶ
714 2417 831 2451 ἰσχυρῶς
857 2415 972 2448 κρύσας,

131 2479 136 2483 ~
173 2466 304 2502 σχοινίον
318 2464 346 2491 δὲ
360 2465 414 2490 τῶν
429 2463 477 2490 τοῦ
491 2465 596 2499 Θύρσου
621 2464 709 2490 ποδῶν
723 2464 850 2498 ἐκδήσας,
879 2463 975 2498 καθίη-

173 2523 219 2541 σιν
243 2512 332 2538 αὺτὶν
356 2511 428 2537 κατὰ
445 2511 576 2545 κεφαλήν.
598 2511 627 2537 '0
640 2511 674 2543 δ’,
686 2512 717 2544 ὲν
732 2511 845 2546 τοιούτῳ
860 2510 974 2545 κινδύνῳ

171 2558 310 2594 ληφθεὶς.
328 2556 378 2582 οὐκ
398 2556 495 2591 ἠπόρει
517 2556 565 2583 τοῦ
592 2556 781 2592 βοηθήσοντος.
803 2557 872 2583 Ἀλλ’
890 2559 904 2584 ὁ
923 2557 973 2591 μὲν

171 2605 275 2631 ἐκάλει
293 2603 423 2637 Χριστὸν,
440 2603 510 2637 ὑπὲρ
530 2603 560 2628 οὗ
575 2601 660 2628 ταῦτα
680 2603 725 2628 καὶ
739 2603 854 2637 πάσχειν
869 2603 973 2630 εἵλετο⁴

172 2654 187 2678 ὁ
201 2651 297 2684 λέϐης
314 2649 342 2675 δὲ
365 2648 464 2674 αὐτίκα
483 2649 644 2683 ὲρῤήγνυτο,
663 2650 709 2674 καὶ
733 2649 762 2675 τὸ
787 2650 860 2685 ὕδωρ
874 2651 973 2684 ἐχεῖτο,

173 2699 226 2724 καὶ
256 2694 382 2727 ἀϐλαϐὴς
408 2695 422 2721 ό
446 2695 551 2729 μάρτυς
578 2694 703 2726 ἐσώζετο.
728 2695 756 2721 ’0
781 2696 908 2730 δικαστὴς
929 2695 976 2724 οὖν

174 2746 255 2772 οὕτω
283 2742 410 2778 φανερῶς
426 2742 477 2768 ὑπὸ
491 2743 547 2772 τοῖς
561 2742 687 2768 ἁπάντων
701 2742 850 2778 ὀφθαλμοῖς
864 2745 974 2779 αἰσχυν-

175 2791 249 2820 υεῖς,
266 2789 469 2822 σοῦαρωτέροις
484 2787 562 2822 δῆθεν
573 2787 622 2821 τὴν
635 2787 764 2822 αἰσχύνην
776 2790 976 2823 περιεκάλυπτε

177 2837 308 2871 ῥήμασι,
323 2833 401 2859 Κατὰ.
417 2833 514 2858 σαυτοῧ
530 2833 672 2866 κέχρησαι,
691 2831 787 2865 Ιὲγων,
803 2832 903 2867 Stipes,
917 2834 977 2864 ταῖς

176 2880 340 2915 γοητείαις.
360 2880 434 2913 ’Όσῳ
453 2878 507 2912 γὰρ
523 2878 556 2904 ἂν
578 2877 785 2912 ἁντιτεχνᾶσοαι
812 2878 975 2913 σπουδάζῃς,

354 2937 489 2967 Γιτιιοι..
507 2937 564 2966 (ιιι.
583 2937 690 2968 CXVI.

1025 2277 1240 2310 Confessionem.
1257 2283 1286 2306 et
1303 2278 1377 2305 nulla
1404 2279 1511 2306 ratione
1537 2287 1627 2306 meum
1647 2288 1726 2314 posse
1751 2283 1812 2309 ani-

1025 2332 1100 2351 mum
1120 2324 1253 2354 converti.
1282 2324 1325 2352 iac
1351 2325 1423 2359 quod
1450 2325 1497 2352 tibi
1526 2326 1614 2352 visum
1633 2327 1727 2358 fuerit.
1753 2333 1780 2355 et
1797 2337 1813 2356 a

1026 2371 1101 2397 nullo
1116 2370 1223 2397 abstine
1235 2378 1332 2398 eorum
1357 2379 1417 2404 qua:
1431 2373 1568 2399 statueris.
1586 2372 1663 2400 Tunc
1681 2381 1742 2401 cum
1755 2374 1816 2410 just

1026 2417 1106 2444 sisset
1123 2416 1256 2452 Sylvanus
1276 2417 1423 2444 maximum
1438 2417 1529 2445 ail‘erri
1549 2418 1675 2451 Iebetetn,
1697 2424 1722 2446 et
1749 2427 1812 2447 cttm

1026 2463 1137 2498 quidem
1162 2471 1231 2498 aqua
1258 2463 1436 2497 implevisset.
1457 2469 1485 2491 et
1508 2466 1685 2492 vehementer
1713 2466 1812 2493 bullire

1025 2508 1145 2542 fecisset,
1159 2517 1173 2536 e
1188 2509 1286 2544 'l‘byrsi
1299 2514 1391 2537 autem
1409 2510 1524 2544 pedibus
1547 2511 1638 2538 funem
1665 2511 1813 2546 alligasset,

1027 2563 1091 2583 eum
1117 2556 1227 2583 demisit
1253 2557 1352 2591 capite.
1378 2556 1427 2583 llle
1453 2563 1517 2583 vero
1546 2565 1579 2584 ne
1596 2557 1623 2584 in
1637 2558 1682 2585 tali
1701 2559 1812 2591 quidem

1027 2601 1151 2636 periculo
1170 2602 1347 2634 constitutus,
1365 2602 1438 2636 eguit
1454 2602 1606 2630 defensore.
1625 2603 1678 2631 Sed
1694 2604 1739 2631 ille
1751 2606 1813 2638 qui-

1027 2647 1090 2674 dem
1106 2647 1243 2674 Christum
1260 2648 1416 2682 invocabat,
1433 2655 1481 2682 pro
1498 2656 1553 2683 quo
1572 2649 1630 2677 haec
1647 2650 1700 2684 pati
1721 2650 1813 2685 elege—

1029 2698 1088 2724 rat;
1105 2694 1181 2720 lebes
1205 2698 1296 2722 autctn
1317 2694 1443 2728 protinus
1458 2700 1500 2721 est
1514 2695 1665 2729 disruptus,
1691 2701 1720 2722 et
1743 2703 1813 2730 aqua

1026 2744 1067 2767 est
1083 2740 1180 2772 eﬂ‘usa,
1195 2745 1222 2767 et
1235 2740 1335 2767 illxsus
1350 2745 1528 2768 conservatus
1544 2740 1595 2767 luit
1618 2747 1729 2777 martyr.
1748 2743 1814 2770 Por-

1027 2795 1058 2814 ro
1085 2792 1175 2814 autem
1194 2787 1278 2822 judex
1305 2792 1358 2814 tam
1382 2793 1476 2821 aperte
1502 2787 1660 2815 videntibus
1684 2789 1813 2816 omnibus

1028 2834 1132 2868 pudore
1153 2835 1280 2866 allectus,
1307 2835 1543 2869 arrogantioribus
1564 2836 1658 2870 utique
1673 2841 1700 2863 et
1715 2844 1814 2871 super-

1026 2880 1150 2908 bioribus
1165 2882 1256 2909 verbis
1274 2881 1381 2916 tegebat
1405 2881 1524 2909 dedecus
1540 2890 1546 2908 :
1564 2881 1593 2908 in
1617 2882 1744 2918 teipsum,
1768 2883 1812 2910 di-

1565 2939 1597 2970 17
