2086 3153
707 52 720 61 ‘
730 65 733 68 ι

212 147 263 178 5ἲ¹1

653 150 889 180 ΜᾹΒΤΥΒΙΠΜ
912 151 943 181 S.
963 151 1106 182 THYRSI
1126 152 1173 182 ΕΤ
1193 153 1402 185 SOCIORUM.

1790 151 1842 182 538

214 205 263 232 καὶ
274 204 368 240 ἱδρῶτι
385 203 579 240 περιρρεῖσθαι
599 206 701 239 συχνῷ,
724 205 755 232 τὸ
770 204 850 238 ξύλον
872 205 914 231 δὲ*
924 205 998 231 ἀπα·
1013 230 1016 235 ,

1068 216 1132 235 nu.n
1158 217 1222 236 vero
1237 209 1422 237 descendebat
1451 209 1599 236 admodum
1616 208 1684 236 levis
1699 214 1727 236 ct
1757 208 1845 236 subli-

216 250 262 282 θὲς
296 250 397 284 μένειν,
433 249 560 284 οὐδαμῶς
596 249 681 276 αὑτοῦ
713 250 927 284 παραπτομένου
950 249 998 276 τοῦ

216 295 337 330 πρίονος.
349 296 432 327 Τέλος
446 296 474 322 δὲ
491 295 671 331 σφοδρότερον
686 297 740 323 τῶν
753 296 858 331 ἀνδρῶν
872 295 1001 330 ἐγκειμέ-

217 351 272 367 νων
283 341 452 376 ὃιανοίγεται
469 343 519 377 μὲν
539 342 702 376 αὺτομάτως
716 343 732 378 ἡ
751 342 822 377 θήκη
839 350 847 357 '
864 341 950 374 ἔξεισι
974 341 1002 367 δὲ

215 389 230 413 ό
253 386 372 422 ἀθλητὴς
403 388 516 422 φαιδρὸς
530 388 580 423 τὴν
605 388 667 422 ὄψιν
690 388 737 414 καὶ
760 387 891 422 θαλερός’
908 386 1003 421 ῶσπερ

217 433 313 468 ἡδονῆς
342 433 420 465 υιιίας
447 433 496 468 τῆς
528 434 633 461 ἐκείνου
660 433 752 468 ψυχῆς
789 432 1002 468 καταχυθείσης.

219 479 290 511 Τοὺς
306 480 354 514 μὲν
370 478 418 506 οὖν
432 481 621 515 περιεστῶτας
636 481 694 507 ὅσοι
705 488 735 506 τε
751 480 819 514 πρὸς
826 479 856 506 τδ
871 479 1004 514 τιμωρεῖ-

219 525 294 558 σθαι,
311 526 359 551 καὶ
373 526 432 552 ὅσοι
447 526 518 552 κατὰ
535 525 601 552 θέαν
619 526 703 561 μόνην
721 525 861 561 παρῆσαν,
874 524 1004 559 ἔκπληξις

220 571 324 603 πάντας
337 568 394 598 εἷλε
415 573 461 598 καὶ
483 571 571 605 θὶγειν
587 571 674 598 οὐδενὶ
697 571 813 606 δύναμις
833 569 866 606 ῆν
890 571 934 598 διὰ
955 571 1004 606 τὴν

220 617 376 652 ὑπερϐολὴν
390 618 436 644 τοῦ
452 617 604 653 Θαύματος.

258 754 329 788 κς.
365 754 393 782 '0
418 756 524 790 μάρτυς
545 755 573 781 δὲ
593 755 638 781 τδν
665 754 766 781 οἰκεῖον
786 752 836 787 τῆς
863 752 1006 788 ἀθλήσεως

221 801 322 837 δρόμον
342 801 503 836 αἰσθόμενος
529 801 579 837 ῆδη
614 801 683 835 πρὸς
714 800 790 832 τέλος
818 800 928 834 ἥκοντα,
959 798 1006 825 καί

225 857 300 879 ¹τινος
333 848 437 876 ἄνωθεν
464 848 557 883 φωνῆς
589 848 656 882 nec;
685 847 719 875 τὰ
735 847 850 882 βραϐεῖα
870 846 1006 880 καλούσης

223 894 358 926 ἀκούσας,
378 895 473 929 χεῖρας
491 894 550 929 ἃμα
575 894 622 920 καὶ
647 893 709 920 νοῦν
731 895 772 926 είς
796 894 926 928 οὒρανοῦς
943 893 1008 918 ἀνα-

225 941 310 976 σχὼν.
332 939 493 975 Εὐχαριστῶ
505 939 656 974 σοι,Κύριε
679 939 769 974 Ἰηποΰ
788 939 902 975 Χριστὲ,
919 936 1007 969 εἶπεν,

225 988 268 1015 ὅτι
286 996 319 1023 με
334 987 444 1020 ἀνάξιον
462 986 528 1013 ὂντα
545 986 725 1021 προσελάῦου,
743 986 792 1012 καὶ
808 985 856 1012 τοῦ
873 984 920 1011 σοῦ
945 984 1010 1018 κλή-

226 1043 276 1070 ρου
290 1033 337 1060 καὶ
349 1033 395 1059 τοῦ
411 1032 494 1067 χοροῦ
507 1031 562 1059 τῶν
575 1032 820 1068 εὐαρεστησάντων
833 1040 874 1057 σοι
894 1030 1009 1065 κατηξί-

227 1088 311 1110 ωσα;.
329 1080 382 1105 Καὶ
397 1078 444 1105 νῦν
456 1078 530 1110 δέξαι
544 1087 595 1113 μου
609 1079 659 1113 τὴν
674 1077 764 1112 ψυχὴν
786 1078 814 1103 ὲν
838 1077 945 1112 εἰρήνῃ,
963 1077 1012 1103 καὶ

229 1127 269 1157 είς
283 1125 311 1151 τὴ
327 1125 405 1158 ἆγιὸν
425 1133 473 1151 σου
490 1125 684 1159 θυσιαστήριον
697 1123 798 1159 ταύτην
814 1124 945 1157 εἰσάγαγε
964 1123 1012 1157 τῆς

229 1172 370 1205 ἀφράστςυ
389 1172 465 1204 παρὰ
481 1172 522 1198 σοὶ
540 1171 707 1206 μεθέξουσαν
723 1170 904 1206 εὐφροσύνης.
920 1169 1012 1197 Ταῦτα

231 1216 303 1249 εἷπε,
320 1219 366 1244 καὶ
393 1218 532 1244 πάντοθεν
555 1219 587 1253 τῇ
615 1218 662 1244 τοῦ
680 1217 801 1253 Χριστοῦ
821 1217 950 1252 σφραγίδι
967 1225 1015 1250 ση-

234 1258 422 1298 μειωσάμενος
443 1264 503 1294 ταῖς
532 1263 637 1290 ἐκεῖνον
654 1263 734 1298 χερσὶ
761 1263 810 1298 τὴν
827 1263 907 1296 ἁγίαν
925 1262 1015 1296 ψυχὴν

232 1308 426 1343 παρατίθησιν.
447 1308 544 1341 Οὕτως
569 1309 726 1344 εὐμήχανός
748 1317 778 1335 τε
799 1310 845 1334 καὶ
858 1309 887 1334 ἐν
901 1309 1015 1343 ἀπόροις

231 1352 348 1387 εὖπορος
374 1354 390 1386 ή
410 1352 457 1379 τοῦ
483 1354 550 1380 Θεοῦ
575 1354 695 1388 ᾶρῤητος
716 1355 810 1388 σοφία.
836 1354 903 1381 ’ἰδοὺ
929 1353 984 1388 γὰρ
1002 1353 1016 1380 ὸ

232 1398 309 1432 παρὰ
331 1397 386 1424 τῶν
410 1398 518 1434 ἐχθρῶν
544 1399 690 1431 τοσαύταις
715 1399 836 1431 ἐκδοθεὶς
856 1400 1016 1434 τιμωρίαις,

232 1446 280 1472 καὶ
304 1446 387 1481 μηδὲν
411 1445 516 1472 ἐκεῖθεν
545 1445 639 1473 παθὼν
660 1445 779 1481 χαλεπὸν
803 1445 944 1480 ἀκολούθῳ
969 1446 1017 1472 καὶ

232 1493 333 1526 φυσικῇ
346 1491 460 1527 τελευτῇ
478 1491 609 1518 καταλύει
624 1492 670 1518 τὸν
684 1492 752 1525 βίον.

1052 255 1122 281 mis:
1140 255 1210 282 adeo
1237 259 1267 282 ut
1283 255 1320 282 illi
1339 256 1449 290 quidem
1477 255 1598 290 pondere
1619 255 1789 287 laborarent,
1817 260 1844 282 et

1053 302 1139 328 multo
1154 302 1254 329 sudore
1270 302 1504 331 circumﬂuerent,
1519 301 1622 336 lignum
1639 305 1730 328 autem
1751 308 1845 328 mane-

1053 354 1095 375 ret
1111 348 1258 383 integrum,
1273 348 1298 374 id
1315 355 1390 374 serra
1409 348 1521 374 minime
1533 347 1697 381 attingente.
1721 347 1844 374 Tandem

1054 399 1145 422 autem
1161 395 1322 429 urgentibus
1339 398 1366 420 et
1385 393 1554 420 instantibus
1570 393 1627 420 illis
1639 393 1843 423 vehementius.

1054 448 1135 474 capsa
1147 439 1258 474 quidem
1271 447 1319 466 sua
1332 444 1431 472 sponte
1444 438 1571 472 aperitur
1588 447 1595 464 :
1613 437 1758 472 egreditur
1775 444 1844 464 vero

1055 486 1157 513 athleta
1187 485 1266 512 belus
1288 489 1316 512 et
1331 485 1443 516 alacris,
1482 483 1600 518 perinde
1622 490 1654 509 ac
1679 483 1701 509 si
1721 483 1846 509 divinum

1055 531 1192 566 quoddam
1208 531 1338 566 gaudium
1355 531 1431 557 illius
1447 530 1594 557 invasisset
1606 530 1741 556 animum.
1756 529 1846 563 Atque.

1055 585 1103 605 eos
1122 577 1242 611 quidem.
1259 576 1306 610 qui
1330 575 1556 607 circumstabant,
1576 580 1631 602 tam
1659 574 1707 608 qui
1721 573 1847 603 aderant,

1058 628 1087 650 ut
1100 623 1264 658 supplicium
1276 627 1428 654 sumerent,
1441 630 1522 656 quam
1531 627 1562 648 ut
1572 621 1661 648 solum
1678 624 1847 654 spectarent.

1056 669 1130 703 cepit
1145 676 1242 696 omnes
1266 673 1362 703 stupor
1376 671 1404 695 et
1416 667 1578 699 admiratio,
1588 671 1617 694 et
1629 673 1728 700 .neque
1743 668 1850 700 poterat

1058 715 1128 742 ullus
1138 721 1201 742 eum
1218 719 1327 749 tangere
1343 718 1454 748 propter
1473 713 1581 748 insigne
1598 711 1776 738 miraculum.

1093 761 1187 789 XXVI.
1203 761 1304 796 Μαι-ινι-
1317 765 1408 788 autem
1425 767 1487 787 cum
1519 760 1653 786 sensisset
1677 764 1789 784 cursum
1806 756 1849 783 sui

1057 808 1216 836 certaminis
1229 808 1284 843 jam
1301 808 1395 834 venire
1421 806 1455 833 ad
1477 805 1568 837 linem.
1597 810 1626 832 et
1641 804 1761 838 desuper
1773 803 1852 830 audi-

1058 853 1143 881 visset
1162 860 1258 880 vocem
1282 852 1444 886 quamdam,
1457 859 1521 878 eum
1535 850 1568 877 ad
1587 850 1681 877 bravia
1692 853 1851 879 vocantem,

1059 907 1156 926 manus
1171 899 1252 926 simul
1280 904 1308 925 et
1331 902 1450 925 mentem
1480 898 1507 923 in
1525 896 1626 924 ccelum
1653 896 1752 923 tollens
1770 904 1778 922 ι
1795 895 1852 930 Ago

1060 946 1108 974 tibi
1135 946 1246 980 gratias.
1272 945 1386 972 Domine
1412 943 1478 970 .Icsu
1503 943 1625 975 Christe,
1648 943 1749 976 inquit,
1775 940 1849 975 quod

1061 999 1115 1024 me,
1131 992 1178 1026 qui
1192 999 1252 1019 sum
1266 991 1401 1026 indignus.
1418 991 1569 1024 acceperis,
1584 995 1612 1017 et
1623 994 1669 1016 tua
1685 989 1847 1016 haereditate

1060 1042 1093 1065 er
1103 1037 1188 1064 choro
1204 1045 1270 1064 eoru
1283 1046 1310 1069 υ,
1333 1037 1380 1072 qui
1398 1036 1446 1063 tibi
1461 1036 1639 1070 placuerunt,
1657 1034 1789 1070 dignatus
1803 1034 1851 1060 sis.

1062 1084 1096 1111 Et
1109 1091 1182 1110 nunc
1197 1082 1290 1117 accipe
1305 1082 1424 1109 animam
1438 1089 1526 1108 meam
1547 1081 1574 1108 in
1589 1088 1668 1115 pace,
1686 1085 1716 1107 et
1733 1088 1796 1107 eam
1808 1079 1846 1106 in-

1063 1129 1162 1156 troduc
1175 1128 1209 1156 ad
1229 1136 1340 1156 sacrum
1355 1133 1433 1155 tuum
1449 1128 1546 1158 altare.
1564 1127 1714 1154 ineﬂ‘abilis
1731 1125 1804 1160 apud
1827 1129 1853 1152 te

1063 1175 1164 1202 laetitia:
1178 1175 1298 1202 futuram
1317 1175 1493 1209 participem.
1519 1173 1580 1200 llzc
1593 1173 1675 1204 dixit,
1692 1177 1721 1199 et
1741 1179 1804 1198 cum
1823 1179 1853 1198 se

1065 1222 1187 1257 undique
1205 1221 1306 1249 Christi
1322 1205 1459 1255 sMasset
1473 1220 1626 1255 signaculo,
1655 1219 1682 1245 in
1700 1225 1798 1245 manus
1823 1218 1855 1244 il-

1065 1269 1120 1296 lius
1131 1274 1254 1296 sanctam
1269 1268 1384 1302 deponit
1404 1267 1535 1294 animam.
1553 1266 1620 1293 Tam
1636 1266 1782 1293 facilcmet
1798 1269 1854 1291 tam

1065 1315 1219 1350 expeditam
1240 1315 1267 1341 in
1293 1314 1376 1340 rebus
1409 1312 1548 1348 perplexis
1580 1316 1607 1338 et
1622 1311 1715 1338 dubiis
1751 1310 1857 1337 invenit

1066 1362 1137 1388 viam
1153 1359 1301 1387 inell‘abilis
1327 1359 1372 1386 Dei
1388 1358 1535 1392 sapientia.
1562 1357 1634 1392 Ecce
1663 1356 1738 1383 enim
1754 1355 1801 1390 qui
1821 1355 1858 1382 ab

1067 1406 1187 1434 inimicis
1203 1411 1258 1433 tam
1267 1406 1362 1432 umltis
1374 1405 1463 1431 fuerat
1478 1403 1596 1430 traditus
1609 1402 1767 1437 suppliciis,
1782 1407 1811 1429 et
1822 1410 1856 1429 ex

1068 1454 1109 1488 iis;
1121 1453 1189 1480 nihil
1220 1460 1303 1488 grave
1314 1458 1342 1479 et
1354 1452 1500 1478 molestum
1515 1455 1651 1482 senserat.
1669 1454 1859 1477 consentanea

1068 1505 1097 1528 et
1113 1499 1231 1527 naturali
1250 1503 1338 1525 morte
1351 1497 1459 1525 excedit
1479 1498 1543 1524 vita.

269 1537 331 1565 KZ'.
353 1537 441 1568 Πολὺς
464 1537 478 1563 ὁ
501 1537 604 1572 μεταξὺ
629 1537 742 1572 χρόνος,
761 1537 808 1563 καὶ
823 1536 1016 1572 Διοκλητιανὸς

1105 1546 1213 1574 XXVII.
1235 1545 1349 1573 Multum
1366 1544 1522 1572 intercessit
1538 1543 1681 1577 temporis,
1709 1546 1736 1569 et
1752 1541 1857 1568 Diocle-

234 1586 283 1618 μὲν
310 1584 357 1618 τῆς
379 1583 524 1618 Ῥωμαίων
551 1584 639 1618 ἀρχῆς
666 1583 838 1618 τυραννικῶς
861 1583 1015 1609 ιπιὸαίνει·

231 1631 408 1666 διατᾲγματα
421 1630 450 1656 δὶ
464 1629 547 1656 πάλιν
561 1629 705 1664 πανταχοῦ
721 1629 902 1663 καταπέμπει
921 1628 937 1664 ἢ
952 1629 1019 1656 πάν-

231 1685 284 1707 τας
313 1675 387 1711 αὐτῷ
416 1676 582 1710 κοινωνῆσαι
610 1675 662 1709 τῆς
690 1675 830 1707 ἀσεϐείας,
860 1674 877 1710 ῆ
904 1675 1019 1701 θάνατον

234 1721 402 1757 ύφὶστασθαι
418 1721 468 1756 τὴν
485 1721 600 1757 ζημίαν.
628 1721 772 1758 Ἀρῤιανδς
793 1721 884 1748 τοίνυν
910 1722 924 1748 ὁ
945 1730 1020 1756 τηνι-

232 1769 324 1796 xci-ra
339 1768 389 1802 τῆς
406 1767 541 1803 Θηϐαΐδος
562 1768 750 1804 ἡγεμονεύων,
779 1767 918 1803 μελλήσας
943 1767 1020 1793 οὐδὲν

239 1815 358 1842 ’Δσκλᾶν
373 1815 471 1842 αὐτίκα
486 1815 534 1841 καὶ
545 1814 683 1849 Λεωνίδην
703 1814 906 1849 πρεσϐεύοντας
929 1813 1020 1840 λαϐὼν

232 1862 283 1898 τὴν
301 1861 455 1892 εὐσέϐειαν,
469 1861 581 1892 πολλαῖς
594 1861 641 1887 καὶ
659 1861 790 1895 μεγάλαις
807 1861 954 1887 ὑποϐάλλει
970 1859 1019 1895 βα-

234 1909 340 1940 σάνοις,
360 1905 420 1934 εἶτα
437 1908 482 1934 καὶ
504 1907 589 1941 αὐτῆς
603 1907 757 1942 πικρότατα
774 1907 824 1942 τῆς
842 1907 915 1941 ζωῆς
932 1905 1021 1933 ἀπαλ-

233 1956 342 1983 λάττει.
368 1955 412 1986 Ὠς
428 1953 474 1981 οὖν
491 1954 609 1985 ὶκείνοις
621 1954 652 1980 τὺ
670 1953 823 1989 μαρτύριον
837 1954 946 1989 ῆνυστο,
972 1961 1020 1979 κε-

234 2003 311 2029 λεύει
327 2002 374 2029 και)⁴
389 2001 496 2032 πάντας
513 1999 702 2034 συλληφθῆναι
721 1999 786 2030 τοὺς
804 1999 858 2026 ἀνὰ
879 1999 930 2034 τὴν
943 1998 1020 2025 πόλιν

234 2046 481 2084 Χριστιανοὺς,καὶ
493 2045 612 2081 μάλιστα
628 2045 686 2071 ὅσοι
701 2045 755 2071 τῶν
771 2045 860 2071 ἄλλων
876 2042 945 2079 ἦσαν
960 2045 1020 2071 ἑπι-

236 2094 386 2129 σημότεροι
401 2093 452 2128 τὴν
472 2091 626 2124 εὐσέϐειαν,
642 2090 690 2118 καὶ
704 2090 870 2126 προτεθῆναι
892 2090 944 2125 μὲν
957 2091 1021 2125 παρ’

237 2138 315 2174 αύτῷ
336 2139 370 2165 τὰ
392 2137 449 2164 ιιῶν
477 2137 618 2164 κολάσεων
643 2136 760 2171 ὄργανα,
783 2135 879 2161 ἔπειτα
906 2134 934 2161 δὲ
951 2137 1022 2162 κατὰ

237 2184 384 2220 πρόσωπον
415 2183 522 2210 ἐκείνου
552 2182 600 2209 καὶ
628 2181 728 2212 αὐτοὺς
755 2181 940 2215 παραστῆναι.
970 2177 1022 2206 Ἦν

235 2218 355 2264 ὀξύτατα
371 2230 527 2265 γενομένων
545 2229 628 2261 αὐτὸς
643 2227 752 2263 σοϐαρῷ
770 2228 820 2262 μὲν
835 2227 874 2262 τῷ
890 2227 1022 2261 σχήματι,
1039 2218 1061 2246 D

237 2277 420 2312 σοϐαρωτέρῳ
443 2275 473 2303 δὶ
497 2274 537 2309 τῷ
561 2275 719 2310 φρονήματι
735 2281 742 2289 ·
762 2273 833 2308 Παρ¹
861 2273 926 2308 ὑμῖν
960 2273 1021 2299 ἐστι

237 2323 330 2355 τοῦτο,
350 2323 403 2349 καὶ
423 2322 496 2358 ὑμᾶς
515 2320 629 2356 κυρίους
655 2319 702 2347 τοῦ
719 2320 884 2354 πράγματος
901 2318 1022 2353 τίθεμεν,

237 2369 286 2396 τοῦ
311 2369 328 2405 ἢ
350 2368 464 2398 θύοντας
488 2367 574 2398 ἀδεῶς
588 2366 638 2402 ζῇν
655 2367 703 2394 καὶ
719 2365 892 2400 ἐλευθερίως,
912 2364 928 2399 ἢ
945 2365 1025 2391 ἀπει-

238 2415 354 2446 θοῦντας
371 2414 509 2446 ποικίλαις
520 2415 679 2449 τιμωρίαις,
689 2409 747 2439 εἶτα
766 2413 814 2438 καὶ
829 2411 904 2447 αὐτῷ
916 2411 1024 2446 θανάτῳ

238 2461 370 2488 δίδοσθαι.
398 2460 492 2487 Ταῦτα
512 2460 559 2486 τοῦ
589 2459 724 2495 ἡγεμόνος
750 2459 874 2490 εἰπόντος
900 2459 948 2485 καὶ
970 2458 1025 2485 τῶν

239 2507 367 2542 ὀργάνων
390 2507 490 2537 εὐθέως
511 2505 728 2540 ύποδειχοέντων
743 2505 846 2537 αύτιίς,
866 2505 963 2540 ἄνδρες
978 2506 1024 2531 τὴν

239 2553 359 2588 ἀριθμὸν
375 2552 444 2578 ἔπτὰ
471 2553 520 2578 καὶ
541 2553 708 2586 τριάκοντα,
728 2551 825 2587 ἄνδρες
843 2551 891 2578 καὶ
908 2551 1024 2585 γνώμας

242 2600 291 2625 καὶ
305 2598 395 2633 ψυχὰς
409 2597 553 2633 ἀήττητοι,
569 2598 622 2623 τῶν
636 2598 794 2632 λεγομένων
807 2597 1024 2630 καταγελῶντες,

240 2645 297 2670 τῶν
314 2644 463 2679 ὁρωμένων
479 2644 588 2670 πάντων
609 2644 810 2679 ὑπερορῶντες,
826 2643 958 2677 ἀλλήλους
974 2651 1027 2668 πα-

243 2689 468 2724 ραθαρρύναντες
486 2688 533 2714 καὶ
545 2688 586 2714 ὅτι
601 2688 640 2723 μὴ
657 2688 739 2722 μόνον
755 2689 879 2718 εξπὸντες
893 2687 941 2714 τοῦ
959 2688 1023 2714 δυσ-

244 2735 329 2766 σεϐῶς
342 2736 402 2770 ζῇν,
417 2734 487 2760 ἀλλὰ
503 2734 550 2760 καὶ
569 2734 614 2759 τοῦ
637 2734 726 2765 καλῶς
743 2735 772 2760 ἐν
787 2735 912 2769 εὐσεϐείᾳ
922 2734 1027 2768 διάγειν

243 2782 273 2808 τδ
287 2782 358 2816 ὑπὲρ
375 2780 462 2814 αὐτῆς
479 2780 608 2807 τεθνάναι
624 2779 716 2816 πολλῷ
735 2780 851 2814 βέλτιον,
871 2781 911 2811 εἲς
924 2780 1026 2814 μέσους

246 2828 305 2858 τοὺς
335 2827 476 2858 κινδύνους
508 2826 626 2861 πηδῶσι,
655 2825 701 2853 καὶ
727 2826 772 2852 τὸν
803 2826 900 2860 καιρὸν
921 2825 1025 2857 εὐθέως

245 2873 407 2905 (inﬂa-nt.
428 2872 501 2908 Πλὴν
520 2873 544 2899 οἱ
572 2873 621 2908 μὲν
638 2872 709 2899 ἄλλοι
734 2871 888 2907 προθυμίας
905 2872 950 2897 ἐπὶ
977 2871 1026 2905 ti;

1071 1593 1160 1620 lianus
1175 1592 1286 1627 quidem
1319 1590 1462 1626 tyrannica
1480 1591 1635 1617 Romanum
1649 1588 1754 1615 invadit
1769 1587 1858 1622 impe-

1071 1639 1141 1666 rium
1158 1646 1165 1665 :
1180 1638 1300 1666 edictum
1325 1641 1417 1664 autem
1443 1643 1541 1663 rursus
1570 1635 1691 1662 mittitur
1720 1634 1748 1660 in
1763 1641 1858 1660 omnes

1071 1690 1173 1720 partes,
1203 1690 1232 1712 ut
1248 1685 1291 1711 vel
1303 1691 1399 1711 omnes
1417 1683 1473 1710 sint
1488 1689 1551 1710 cum
1576 1689 1610 1708 eo
1639 1680 1791 1715 participes
1809 1680 1859 1706 im-

1070 1731 1190 1766 pietatis,
1200 1735 1248 1758 aut
1262 1738 1370 1766 penam
1384 1730 1482 1756 mortis
1494 1729 1619 1756 subeant.
1637 1728 1773 1754 Arrianus
1782 1735 1858 1761 ergo,

1070 1778 1117 1812 qui
1135 1783 1201 1804 tunc
1220 1781 1279 1804 erat
1301 1783 1404 1812 prmses
1431 1775 1594 1806 Thebaidis,
1614 1774 1683 1801 nihil
1701 1777 1858 1803 cunctatus.

1071 1831 1133 1851 cum
1151 1831 1212 1850 mox
1228 1822 1335 1850 Asclam
1345 1826 1372 1848 et
1385 1821 1533 1848 Leonidem
1547 1819 1709 1855 accepisset,
1726 1818 1773 1853 qui
1785 1818 1860 1844 cole-

1071 1869 1138 1896 baut
1153 1874 1180 1896 et
1205 1869 1355 1896 tuebantur
1378 1868 1520 1902 pietatem,
1539 1873 1588 1893 eos
1603 1865 1696 1892 multis
1709 1869 1737 1892 et
1755 1863 1861 1897 magnis

1071 1913 1180 1948 subjicit
1198 1912 1342 1939 tormentis
1355 1920 1362 1942 :
1377 1911 1477 1939 deinde
1491 1911 1575 1937 etiam
1595 1910 1772 1937 acerbissime
1784 1916 1832 1936 eos
1845 1916 1861 1935 a

1071 1959 1127 1986 vita
1147 1959 1253 1986 liberat.
1270 1959 1416 1993 Postquam
1438 1965 1503 1984 vero
1525 1957 1576 1984 fuit
1597 1961 1736 1990 peractqu
1753 1956 1787 1982 ab
1808 1955 1861 1982 illia

1072 2005 1244 2039 martyrium,
1261 2003 1337 2038 jubet
1351 2003 1434 2029 etiam
1450 2009 1547 2029 omnes
1563 1999 1762 2035 comprehendi
1780 1999 1862 2026 Chri-

1072 2049 1188 2079 stianos,
1203 2048 1339 2082 quierant
1357 2048 1383 2074 in
1400 2047 1523 2079 civitate,
1534 2051 1562 2073 et
1578 2046 1696 2073 maxime
1718 2046 1765 2079 qui
1780 2049 1862 2072 erant

1072 2095 1133 2122 aliis
1149 2094 1250 2126 pietate
1265 2093 1349 2128 magis
1362 2093 1492 2127 insignes,
1509 2096 1537 2119 et
1549 2096 1613 2119 ante
1635 2091 1724 2126 ipsum
1750 2091 1862 2125 quidem

1072 2140 1136 2176 poni
1147 2139 1330 2167 instrumenta
1342 2138 1553 2173 suppliciorum;
1563 2137 1664 2164 deinde
1674 2137 1747 2172 ipsos
1755 2145 1862 2172 quoque

1074 2185 1133 2214 sisti
1144 2190 1207 2212 ante
1221 2184 1297 2212 illius
1313 2184 1423 2212 faciem.
1434 2183 1499 2216 Quae
1507 2191 1570 2211 cum
1582 2183 1727 2211 celerrime
1738 2183 1809 2210 facta
1821 2191 1862 2210 es-

1075 2238 1146 2263 sent,
1163 2232 1221 2267 ipse
1235 2231 1355 2266 superbo
1365 2230 1477 2264 quidem
1485 2230 1575 2262 vultu,
1592 2229 1754 2264 superbiorc
1771 2233 1862 2256 autem

1076 2279 1174 2314 spiritu
1188 2287 1194 2305 :
1209 2278 1266 2306 Hoc
1280 2283 1333 2309 est,
1351 2277 1451 2311 inquit,
1482 2277 1509 2303 in
1535 2284 1618 2303 manu
1635 2280 1736 2307 vestra,
1752 2280 1781 2303 et
1793 2275 1864 2303 hanc

1076 2333 1133 2352 rem
1145 2330 1242 2352 vestra:
1271 2324 1398 2360 potestati
1425 2323 1620 2358 permittimus,
1645 2327 1674 2349 ut
1687 2322 1729 2350 vel
1756 2322 1862 2349 sacriﬁ-

1076 2376 1179 2403 cantes,
1196 2379 1290 2398 secure
1305 2370 1402 2398 vivatis
1416 2374 1444 2397 et
1458 2370 1554 2401 libere,
1568 2377 1600 2397 ac
1627 2369 1650 2396 si
1662 2377 1716 2396 non
1733 2370 1864 2404 parcatis,

1076 2416 1159 2443 variis
1167 2415 1306 2443 dedamini
1315 2414 1501 2450 suppliciis,et
1509 2414 1610 2442 deinde
1619 2415 1701 2441 etiam
1710 2414 1759 2448 ipsi
1770 2414 1863 2441 morti.

1077 2462 1139 2489 "me
1154 2470 1216 2489 cum
1239 2461 1352 2488 dixisset
1381 2468 1491 2495 praeses,
1515 2465 1543 2487 et
1569 2459 1700 2487 continuo
1729 2463 1865 2486 tormenta

1077 2507 1116 2534 eis
1124 2507 1239 2534 fuissent
1253 2511 1372 2536 ostensa.
1382 2506 1432 2533 viri
1451 2513 1567 2533 numero
1585 2505 1694 2540 triginta
1706 2509 1734 2532 et
1748 2509 1863 2538 septem,

1076 2553 1128 2580 viri
1142 2557 1170 2579 et
1182 2552 1325 2579 sententiis
1339 2552 1433 2579 invicti
1449 2555 1476 2578 et
1494 2551 1603 2582 animis,
1614 2558 1646 2578 ea
1660 2558 1721 2585 quae
1735 2549 1864 2577 diceban-

1077 2603 1121 2625 tur
1137 2597 1295 2629 irridentes,
1310 2605 1371 2631 quae
1380 2597 1576 2628 cernebantur,
1590 2596 1683 2623 omnia
1706 2595 1863 2630 despicien-

1078 2648 1128 2675 tes,
1145 2648 1172 2670 ct
1185 2642 1236 2670 sibi
1251 2642 1367 2669 invicem
1383 2642 1506 2668 animum
1522 2641 1664 2673 addentes,
1679 2648 1741 2668 cum
1759 2642 1812 2668 hoc
1820 2649 1864 2669 so-

1078 2690 1132 2716 lum
1148 2689 1293 2720 dixissent.
1323 2687 1381 2714 Non
1416 2687 1517 2719 solum,
1542 2694 1624 2721 quam
1659 2687 1742 2722 impie
1760 2687 1862 2720 vivere,

1078 2736 1124 2763 sed
1149 2735 1243 2766 ctiam,
1271 2741 1352 2768 quam
1374 2737 1447 2759 recte
1468 2732 1495 2760 in
1527 2733 1628 2766 pietate
1652 2733 1735 2758 vitam
1751 2731 1861 2767 degere,

1078 2789 1128 2816 pro
1145 2781 1203 2816 ipsa
1220 2780 1290 2807 mori
1316 2786 1378 2807 esse
1394 2779 1491 2813 satius,
1505 2778 1533 2806 in
1551 2778 1640 2806 media
1655 2779 1802 2813 prosiliunt
1815 2787 1863 2813 pe-

1079 2826 1174 2857 ricula,
1186 2830 1213 2853 et
1231 2829 1338 2861 tempus
1350 2824 1489 2852 continno'
1500 2823 1646 2858 arripiunt.
1665 2822 1717 2850 Sed
1731 2822 1777 2850 alii
1801 2823 1864 2858 qui-

1080 2871 1141 2900 dem
1160 2871 1186 2898 in
1208 2871 1303 2898 codem
1324 2873 1449 2905 prompto
1460 2874 1487 2897 et
1503 2868 1586 2897 alacri
1603 2867 1685 2895 animi
1699 2868 1798 2898 studio.
1816 2868 1864 2894 σκι-
