2086 3153
201 150 254 181 539

815 147 959 179 MENSIS
978 146 1199 178 DECEMBER.

1781 143 1835 176 διο

198 208 252 235 huc
267 206 463 242 persistebant,
480 213 570 240 neque
583 206 734 243 quidquam
758 207 820 234 illos
844 206 990 234 couturhm

1046 203 1134 237 αὑτῆς
1161 203 1288 239 εἴχοντο,
1313 204 1360 230 καὶ
1385 203 1463 230 οὔδὶν
1489 202 1545 229 τῶν
1569 202 1713 239 παρόντων
1736 202 1836 233 αὐτοὺς

196 253 243 280 bat
257 260 354 280 eorum
368 260 429 286 quae
440 253 564 280 aderant.

235 298 355 326 XXVIII.
372 298 489 331 Quidam
503 303 607 331 autem,
621 299 732 326 nomine
745 299 856 334 quidem
879 298 991 334 Apollo-

197 344 272 375 nius,
283 344 380 371 ordine
409 351 475 371 vero
499 345 597 377 lector,
626 353 689 372 cum
703 345 817 373 vidisset
842 349 991 372 tormento-

198 398 260 417 rum
276 390 392 417 t'ormam
416 395 444 417 et
466 391 683 424 multitudinem,
715 391 814 418 timore
836 391 990 426 completur

196 436 257 471 ejus
272 436 392 467 animus.
418 440 447 464 et
461 436 625 464 dissolvitur
656 442 814 472 promptum
830 437 888 472 ejus
904 437 989 464 animi

196 481 331 509 studium.
343 482 412 510 Cum
425 487 517 510 autem
527 484 628 518 duplex
653 491 716 511 eum
728 484 873 511 invasisset
889 488 988 514 metus.

198 537 270 557 unus
286 529 398 565 quidem
413 531 617 558 imminentium
630 531 841 566 suppliciorum,
862 532 931 558 alter
941 539 990 558 au-

198 579 255 602 tem
269 575 436 611 abuegandm
447 576 607 611 impietatis,
622 577 739 604 mediam
757 578 828 604 inter
842 582 991 612 utrumque

198 620 364 656 ingreditur,
383 626 413 648 ut
437 629 528 656 neque
551 622 672 649 animam
706 622 784 649 daret
807 622 990 653 daemonibus,

197 674 288 702 neque
311 675 413 702 corpus
435 667 591 699 lictoribus,
611 668 659 694 sed
681 675 714 695 ex
731 675 811 702 aequo
832 673 861 695 et
880 668 990 695 illorum

199 713 335 748 ellugeret
351 712 500 744 sacriﬁcia,
515 719 543 740 et
560 713 659 740 horum
684 714 834 741 cruciatus.
855 713 992 747 Quemad-

197 759 311 786 modum
335 761 510 795 autem,jam
540 764 634 794 parata
662 764 704 787 est
721 760 862 788 declarare
891 760 990 787 oratio.

199 805 265 832 Erat
277 805 320 832 vir
333 805 445 839 quidam
463 810 538 833 stans
556 813 641 840 prope
655 805 741 838 illum,
761 806 893 841 religione
907 806 992 841 genti-

196 851 241 883 lis,
257 852 369 879 nomine
383 855 476 879 autem
494 852 647 883 Philemon,
665 858 724 879 arte
740 853 851 884 tibicen,
866 853 912 887 qui
932 860 993 888 pro-

197 900 261 930 pter
273 904 333 924 eam
354 897 388 924 ab
402 897 436 924 iis
448 897 560 931 quidem
575 897 622 932 qui
636 897 799 925 habitabant
823 899 851 925 in
867 887 989 933 regione,
1008 887 1027 915 Π

198 943 350 970 vocabatur
375 943 540 971 Choraules.
563 944 724 972 Dslectabat
750 952 815 972 vero
834 945 856 972 is
880 953 990 980 quoque

197 989 357 1022 Arrianum,
379 990 491 1025 quando
517 990 659 1025 paululum
690 991 798 1018 laxatus
812 999 827 1018 a
843 991 930 1023 curis,
945 999 990 1019 as-

198 1035 361 1070 picieliatad
374 1037 553 1071 voluptatem.
567 1036 637 1064 Cum
657 1045 720 1064 eum
730 1042 822 1065 autent
849 1045 933 1072 prope
947 1038 990 1064 vi-

201 1081 289 1109 disset
313 1082 487 1117 Apollonius.
520 1083 646 1116 advocat,
672 1088 700 1110 et
715 1083 862 1118 pollicetur
881 1083 907 1111 ei
920 1091 991 1119 qua-

198 1132 263 1154 tuor
279 1135 389 1160 aureos,
415 1129 438 1156 si
453 1137 502 1164 pro
518 1130 566 1157 illo
592 1129 738 1162 sacriﬁcet,
755 1134 782 1157 et
799 1137 862 1157 eum
876 1130 989 1165 quidem

197 1173 297 1200 liberet
312 1181 327 1200 a
344 1175 500 1207 tormentis,
525 1183 574 1202 eos
591 1182 656 1202 vero
683 1176 729 1210 qui
748 1175 890 1208 videbant,
907 1179 936 1202 et
950 1176 991 1211 ip-

197 1225 258 1244 sum
271 1218 419 1246 Arrianum
436 1218 586 1254 deciperet,
598 1219 693 1246 dicens
702 1227 731 1247 se
744 1219 929 1254 Apollonium.
939 1220 991 1248 Pa-

197 1268 240 1291 ret
256 1264 300 1291 his
311 1264 455 1292 Philemon
469 1274 476 1297 ;
489 1270 517 1292 et
531 1265 606 1292 illius
618 1265 730 1300 quidem
744 1270 846 1293 vestem
860 1266 989 1300 iuduens,

196 1313 225 1336 et
236 1309 354 1342 vultum,
378 1309 470 1344 quoad
484 1310 545 1344 ejus
562 1309 621 1336 tieri
647 1310 747 1345 potuit.
765 1311 903 1345 operiens,
925 1319 991 1346 per-

200 1355 278 1383 venit
297 1356 331 1383 ad
348 1356 516 1383 sacriﬁcium
534 1365 541 1388 ;
560 1356 632 1383 Deus
649 1361 742 1383 autem
770 1362 839 1389 erat,
867 1357 914 1392 qui
934 1357 991 1384 haec

198 1401 365 1436 procurabat
381 1401 594 1431 admirabiliter,
616 1406 644 1428 et
671 1401 860 1429 Philemonem
877 1402 990 1437 quidem

197 1447 231 1474 ad
246 1454 275 1474 se
290 1447 447 1474 attrabebat
459 1454 507 1481 per
526 1447 722 1481 Apollonium;
736 1455 784 1482 per
801 1448 990 1475 Philemonem

197 1496 290 1519 autem
305 1493 452 1527 Apollonio
474 1493 580 1520 texebat
609 1500 740 1520 coronam
756 1494 891 1529 martyrii,
909 1499 938 1522 ct
950 1496 990 1523 sic

198 1545 246 1573 per
267 1546 298 1566 se
323 1538 440 1566 invicem
461 1539 530 1566 dans
552 1539 688 1567 ambobus
711 1542 896 1574 occasionem,
919 1546 949 1569 ut
964 1541 988 1569 ei

197 1583 348 1611 familiares
364 1583 523 1612 evaderent.

234 1628 331 1657 XXIX.
357 1630 425 1658 Nam
436 1638 499 1658 cum
515 1631 705 1660 Philemonem
719 1636 784 1660 tunc
795 1633 989 1666 illuminasset,

197 1680 238 1709 et,
254 1682 284 1704 ut
299 1684 362 1704 eum
379 1681 456 1704 veste
472 1678 595 1705 animum
609 1686 721 1713 quoque
735 1684 867 1712 mutaret,
881 1680 989 1707 eﬂ'ecis-

198 1727 252 1755 set,
278 1723 345 1750 fecit
370 1728 400 1750 ut
415 1723 466 1751 hoe
494 1724 585 1758 ipsum
614 1730 700 1758 esset,
726 1725 801 1760 quod
829 1726 988 1753 simulabat.

200 1768 268 1795 bam
279 1776 342 1795 rum
357 1776 386 1796 se
395 1769 505 1800 quidem
516 1769 594 1804 signo
606 1770 698 1798 crucis
709 1771 845 1806 signasset
860 1775 989 1806 tanquam

198 1814 383 1846 Christianus,
404 1815 469 1842 utin
488 1815 540 1842 hoc
554 1823 664 1850 quoque
689 1816 849 1844 ostenderet
878 1817 988 1852 Apollo-

200 1861 290 1892 nium,
318 1861 457 1896 profectus
473 1867 515 1889 est
529 1866 602 1889 recta
620 1862 653 1890 ad
672 1863 761 1898 ipsum
775 1863 927 1898 praesidem.
944 1864 990 1892 Ille

200 1914 292 1934 autem
311 1915 373 1934 cum
388 1915 452 1935 eum
468 1908 594 1940 vidisset,
609 1916 658 1936 eos
672 1909 719 1943 qui
731 1908 846 1936 aderant
867 1910 989 1945 rogabat,

199 1954 325 1987 quisnam
350 1958 432 1981 esset.
450 1953 520 1981 Cum
536 1954 576 1981 illi
595 1962 663 1981 vero
683 1954 838 1982 dixissent:
858 1955 906 1984 Est
929 1957 990 1992 qui-

198 2000 261 2026 dem
287 2007 369 2031 unus,
385 2004 414 2026 ut
430 1999 550 2032 videtur,
579 2008 612 2027 ex
635 2000 800 2028 Christianis
817 2010 824 2028 :
841 2001 886 2029 ille
897 2007 988 2030 autem

195 2047 325 2082 iussisset
350 2046 424 2073 illico
448 2054 512 2073 eum
540 2046 707 2079 sacriﬁcare,
737 2051 802 2074 tunc
832 2048 987 2082 Philemon,

198 2100 292 2121 mente
307 2093 416 2121 facilius
430 2097 534 2120 mutata
563 2101 646 2128 quam
666 2099 754 2126 veste,
771 2098 800 2121 ct
829 2094 943 2129 perinde
957 2103 990 2122 ac

197 2139 336 2167 reveritus
355 2144 428 2166 esset
441 2139 469 2166 id
493 2139 568 2174 quod
595 2139 766 2172 imitabatur,
784 2144 832 2167 aut
844 2140 937 2175 potius
951 2141 988 2173 ei,

197 2188 271 2222 quod
298 2191 340 2214 est
358 2186 456 2219 videri,
483 2191 514 2214 ut
529 2190 602 2213 esset
628 2187 714 2214 etiam
744 2187 902 2222 adjecisset,
916 2187 989 2214 clara

1045 249 1185 284 ὲοοριῖσει.
1207 263 1210 265 λ

1084 297 1152 322 KH'.
1174 295 1220 327 Εἷς
1236 297 1264 323 δέ
1280 306 1320 324 τις
1334 297 1384 332 ’τὴν
1399 296 1498 331 κλῆσιν
1516 297 1565 331 μὲν
1582 295 1772 326 Ἀπολλώνιος,
1787 295 1836 328 τὴν

1045 343 1124 376 τάξιν
1147 343 1175 370 δὲ
1197 343 1387 379 ἁναγνὼστης,
1411 343 1445 370 τά
1470 351 1500 369 τε
1526 342 1583 377 είδη
1603 343 1649 368 καὶ
1669 341 1760 375 πλήθη
1784 341 1837 368 τῶν

1045 389 1269 425 βασανιστηρίων
1296 390 1369 420 tam.
1401 390 1485 423 φόὸου
1511 390 1561 423 τὴν
1575 389 1665 423 ψυχὴν
1685 387 1838 422 πληροῦται

1046 438 1093 464 καὶ
1117 437 1166 472 τὴν
1188 437 1345 471 προθυμίαν
1365 436 1492 462 ἐκλύεται
1509 443 1516 451 ’
1541 436 1621 470 διττῴ
1639 435 1667 461 δὲ
1693 435 1768 470 ῳόεῳ
1785 444 1835 461 κα-

1047 483 1230 518 τειλημμένος
1250 483 1288 516 τῷ
1312 483 1362 517 μὲν
1387 482 1510 516 προστὰς
1530 481 1728 516 ἐπηρτημένας
1752 480 1838 516 βασά-

1047 538 1120 561 νους,
1138 529 1176 563 τῷ
1189 530 1216 555 δὲ
1231 529 1300 564 πρὸς
1314 529 1364 562 τὴν
1387 528 1438 563 τῆς
1454 527 1598 558 εὐσεϐείας
1616 527 1733 562 ἄρνησιν
1750 526 1838 561 μέσην

1046 577 1214 612 ἀμφοτέρων
1230 577 1373 612 τρέπεται,
1390 576 1428 607 ὡς
1449 577 1518 611 μήτε
1541 575 1590 611 τὴν
1604 576 1695 610 ψυχὴν
1707 576 1761 606 τοῖς
1778 575 1838 601 διὲ-

1047 632 1112 658 μοσι
1130 625 1200 658 μήτε
1215 623 1245 650 τὺ
1264 623 1346 658 σῶμα
1360 625 1418 655 τοῖς
1437 623 1545 658 δημίοις
1564 621 1701 654 ἐκδοῦναι,
1719 621 1777 647 ἀλλ’
1793 620 1837 647 ἐπ’

1046 670 1109 702 ῐσης
1127 670 1176 696 καὶ
1196 669 1246 701 τὰς
1268 670 1372 696 τούτων
1396 669 1494 700 θυσίας
1514 669 1562 695 καί
1578 670 1627 700 τὰς
1645 669 1708 703 παρ’
1724 667 1837 694 ἐκείνων

1046 716 1184 751 τιμωρίας
1196 715 1349 749 διαφυγεῖν.
1361 715 1397 742 Τὸ
1411 716 1440 742 δὲ
1457 715 1530 745 ὅπως
1546 715 1560 740 ό
1576 714 1654 748 λέγος
1677 715 1727 749 ἥδη
1740 712 1838 747 δηλοῦν

1045 763 1166 796 ἕτοιμος.
1183 762 1333 797 Ἐτύγχανέ
1349 770 1391 793 τις
1405 762 1477 796 ἀνὴρ
1495 761 1611 795 πλησίον
1632 761 1738 787 ἐκείνου
1751 759 1837 790 ἑστὼς

1047 810 1149 845 Ἕλλην
1163 810 1194 836 τὸ
1208 810 1302 842 σέϐας,
1318 809 1367 844 τὴν
1386 809 1483 844 κλῆσιν
1504 809 1646 843 Φιλήμων,
1672 807 1722 840 τὴν
1738 805 1837 840 τέχνην

1046 857 1188 891 αὐλητήςο
1214 856 1243 887 ὂ;
1264 857 1309 883 διὰ
1326 856 1429 892 ταύτην
1444 856 1569 882 ἐκαλεῖτο
1586 855 1636 889 μὲν
1654 855 1710 884 τοῖς
1735 854 1836 886 ἐπιχω-

1045 903 1116 938 ρίοις
1137 903 1283 939 Χοραύλης
1297 911 1304 918 ⁸
1326 903 1425 938 ἔτερπε
1447 901 1476 928 δὲ
1502 901 1550 928 καὶ
1572 900 1714 936 Ἀρριανον
1737 899 1838 925 ὁπόταν

1044 949 1095 976 καὶ
1110 947 1189 980 οὗτος
1206 949 1296 985 μικρὰ
1314 949 1370 975 τῶν
1387 948 1539 984 φροντίδων
1555 947 1714 978 ἀπολυθείς.
1732 946 1836 972 Τοῦτον

1042 995 1128 1029 ἐγγὺς
1145 994 1209 1022 ἰδὼν
1224 994 1406 1026 Ἀπολλώνιος
1425 994 1505 1020 καλεῖ
1525 1002 1555 1020 τε
1579 993 1647 1028 πρὸς
1665 992 1762 1019 ἑαυτδν
1789 993 1837 1018 καὶ

1043 1040 1218 1075 ὑπισχνεῖται
1233 1039 1354 1075 χρυσοῦς
1369 1039 1521 1073 τέσσαρας,
1535 1040 1559 1064 εί
1585 1039 1644 1064 ἀντ’
1661 1038 1768 1064 ἐκείνου
1786 1037 1836 1072 τὴν

1046 1086 1143 1113 θυσίαν
1173 1086 1307 1119 ὑπέλθοι,
1341 1086 1390 1112 καὶ
1419 1085 1515 1112 τοῦτον
1553 1084 1603 1119 μὲν
1630 1083 1685 1110 τῶν
1711 1083 1836 1118 βασάνων

1043 1133 1158 1169 ῥύσαιτο
1171 1153 1178 1165 ,
1195 1132 1261 1164 τοὺς
1278 1131 1402 1167 ὁρῶντας
1417 1131 1446 1157 δὲ
1464 1131 1512 1157 καὶ
1527 1131 1610 1158 αὑτὸν
1636 1131 1783 1165 ’Λρῤιανδν
1798 1129 1837 1160 ὡς

1042 1180 1124 1210 αὐτὸς
1148 1179 1190 1214 εἴη
1214 1177 1412 1209 Ἀπολλώνιος,
1435 1177 1676 1212 παρακρούσαιτο.
1705 1177 1834 1203 Πείθεται

1041 1224 1149 1257 τούτοις
1161 1225 1304 1260 Φιλήμων,
1317 1225 1365 1251 καὶ
1383 1224 1434 1260 τὴν
1454 1224 1562 1251 ἐκείνου
1588 1222 1687 1258 στολὴν
1705 1223 1835 1257 μετενδὺς

1042 1270 1091 1296 καὶ
1116 1270 1148 1296 τδ
1173 1270 1324 1305 πρόσωπον
1352 1269 1391 1301 ὡς
1418 1270 1484 1305 ἐνῆν
1507 1268 1705 1303 καλυψάμενος
1732 1269 1832 1302 ἐχώρει

1043 1317 1114 1351 πρὸς
1131 1315 1181 1351 τὴν
1199 1316 1310 1342 ουσίαν.
1323 1315 1390 1348 Θεὸς
1406 1316 1434 1342 ὁὶ
1451 1315 1506 1350 ἄρα
1524 1313 1557 1352 ἦν
1570 1317 1583 1342 ὁ
1598 1315 1685 1341 ταῦτα
1700 1323 1834 1349 πραγμα-

1042 1361 1193 1396 τευόμενος
1209 1361 1382 1396 παραδόξως.
1398 1362 1447 1388 καὶ
1459 1361 1599 1396 Φιλήμονα
1617 1361 1666 1396 μὲν
1682 1361 1716 1387 δι’
1739 1360 1836 1386 Ἀπολ-

1041 1408 1139 1434 λωνίου
1156 1407 1225 1443 πρὸς
1243 1408 1341 1435 ἑαυτὸν
1357 1408 1562 1443 ἐπισπώμενος,
1577 1408 1622 1435 διὰ
1637 1408 1790 1442 Φιλήμονος
1806 1407 1834 1434 δὲ

1048 1453 1222 1488 Ἀπολλωνίῳ
1240 1453 1288 1480 τοῦ
1305 1454 1461 1489 μαρτυρίου
1488 1453 1598 1480 πλέκων
1617 1453 1662 1480 τδν
1687 1453 1833 1488 στέφανον,

1042 1499 1090 1526 καὶ
1110 1499 1182 1526 οὕτω
1203 1497 1334 1535 ἀφορμὰς
1359 1499 1394 1526 δι’
1411 1500 1538 1536 ἀλλήλων
1555 1499 1726 1535 ἀμφοτέροις
1745 1499 1834 1530 διδοὺς

1003 1555 1024 1586 α
1041 1545 1092 1580 τῆς
1108 1544 1177 1581 πρὸς
1193 1545 1276 1572 αὑτὸν
1291 1545 1470 1577 οἰκειώσεως.

1078 1637 1143 1664 ΚΦ.
1162 1636 1377 1673 Περιαστράψας
1395 1636 1450 1672 γὰρ
1464 1637 1525 1663 τότε
1543 1636 1675 1672 Φιλήμονι
1696 1636 1836 1670 φωτισμὸν

1041 1684 1089 1710 καὶ
1115 1683 1212 1719 ὥσπερ
1236 1683 1296 1718 ἅμα
1321 1684 1355 1719 τῇ
1373 1683 1453 1717 στολῇ
1478 1683 1527 1709 καὶ
1550 1684 1599 1718 τὴν
1615 1683 1704 1718 ψυχὴν
1717 1683 1835 1718 ἀμεῖψαι

1042 1731 1260 1765 παρασκευάσας
1274 1730 1358 1757 ταὺτὸ
1374 1728 1444 1756 εἶναι
1461 1729 1623 1765 πεποίηκεν,
1637 1730 1705 1764 ὅπερ
1719 1728 1774 1764 ἄρα
1789 1729 1835 1755 καὶ

1043 1777 1219 1810 ὑπεκρίνετο·
1240 1776 1468 1812 σφραγισάμενος
1484 1775 1534 1810 μὲν
1544 1776 1598 1810 γὰρ
1611 1772 1655 1801 οἶα
1671 1775 1836 1810 Χριστιανὸς

1042 1822 1082 1857 τῷ
1101 1822 1149 1848 τοῦ
1169 1822 1288 1857 σταυροῦ
1305 1822 1412 1856 σημείῳ
1427 1842 1434 1853 ,
1452 1822 1497 1848 ἵνα
1514 1823 1564 1848 κάν
1580 1821 1668 1855 τούτῳ
1689 1821 1765 1857 δείξῃ
1789 1822 1836 1848 τὶν

1048 1868 1231 1894 ’Λπολλὼνιον
1242 1889 1249 1900 ,
1267 1867 1335 1902 παρ’
1351 1868 1433 1894 αὐτὴν
1449 1867 1551 1898 εὐθέως
1564 1867 1611 1893 τὸν
1628 1867 1752 1902 ἡγεμόνα
1769 1866 1837 1902 ἐχώ-

1043 1923 1095 1950 ρει.
1115 1914 1147 1942 '0
1161 1915 1189 1940 δὲ
1205 1914 1252 1941 τὸν
1274 1914 1360 1949 ἄνδρα
1385 1913 1448 1940 ἰδὼν
1461 1934 1469 1946 ,
1492 1913 1534 1945 τίς
1555 1911 1632 1943 οὗτος
1651 1913 1748 1948 ἠρώτα
1770 1914 1835 1945 τοὺς

1041 1960 1236 1994 παρεστῶτας.
1250 1960 1298 1991 Ὠς
1307 1959 1336 1986 δὲ
1353 1960 1378 1986 οἱ
1395 1959 1456 1994 μὲν,
1474 1959 1535 1986 Τῶν
1551 1958 1734 1994 Χριστιανῶν,
1747 1957 1835 1993 εἷπον,

1041 2007 1137 2042 ὥσπερ
1165 2007 1266 2039 ἔοικεν,
1283 2004 1336 2040 εἷς,
1358 2008 1372 2034 ὀ
1398 2007 1427 2034 δὲ
1457 2007 1533 2033 ούειν
1559 2007 1643 2034 αὐτὸν
1660 2007 1835 2042 παραχρῆμα

1041 2053 1174 2080 ἐπέταττε
1191 2073 1198 2085 ,
1215 2053 1277 2080 τότε
1295 2052 1327 2087 δὴ
1345 2053 1406 2080 τότε
1425 2052 1556 2088 Φιλήμων
1574 2053 1639 2088 ῥᾷον
1655 2052 1670 2086 ἦ
1686 2052 1716 2078 τὸ
1731 2052 1836 2086 ἔνδυμα

1041 2099 1091 2134 τὴν
1105 2099 1221 2135 γνώμην
1236 2099 1402 2134 μεταϐαλὼν
1420 2099 1468 2125 καὶ
1489 2099 1585 2134 ὥσπερ
1601 2099 1615 2125 ὃ
1631 2099 1759 2133 ἐμιμεῖτο
1769 2099 1834 2125 δυσ-

1041 2145 1164 2180 ωπηοεὶς
1191 2144 1208 2180 ἢ
1232 2145 1263 2171 τὸ
1287 2144 1378 2170 δοκεῖν
1415 2143 1519 2179 μᾶλλον
1550 2142 1598 2169 καὶ
1622 2142 1690 2168 αὐτὸ
1708 2142 1738 2169 τὸ
1764 2140 1835 2168 εἶναι

1042 2190 1186 2225 προσθεὶς,
1215 2189 1334 2224 λαμπρᾷ
1361 2188 1399 2219 ὡς
1427 2186 1500 2223 εἶχεν
1527 2187 1663 2221 ἀνέκραγε
1680 2189 1712 2222 τῇ
1739 2188 1835 2222 φωνῇ’

197 2240 276 2264 voce,
293 2236 427 2267 quantum
447 2236 566 2267 poterat,
594 2232 731 2260 clamabat
749 2242 756 2261 :
772 2232 832 2260 Non
852 2233 988 2260 saeritlcu.

1044 2236 1082 2263 Οὐ
1110 2236 1178 2268 θύω,
1207 2235 1374 2270 Χριστιανὸς
1398 2235 1453 2271 γάρ
1477 2233 1546 2269 εἶμι,
1577 2233 1699 2268 Χριστοῦ
1731 2233 1835 2264 δοῦλος,

198 2279 264 2306 Sum
277 2279 352 2305 enim
366 2278 553 2310 Christianus,
570 2278 675 2306 Christi
690 2287 798 2311 servus,
820 2278 923 2306 Christi
941 2279 989 2306 Dei

197 2327 263 2354 vivi.
273 2326 378 2354 Przeses
392 2331 484 2352 autem
500 2334 507 2351 :
524 2325 585 2352 Non
599 2325 690 2353 vidisti
705 2325 786 2360 paulo
798 2330 873 2358 ante,
886 2325 988 2361 inquit,

197 2372 289 2408 qualia
303 2376 331 2400 et
348 2379 430 2407 quam
445 2371 532 2399 multa
548 2371 672 2406 perpessi
699 2371 836 2406 supplicia
850 2372 944 2399 Aselas
962 2376 990 2399 ct

197 2419 345 2452 Leonides,
360 2419 460 2446 deinde
474 2418 557 2446 etiam
578 2422 666 2445 morte
690 2417 766 2445 fuere
788 2419 963 2446 condemnati
979 2419 991 2445 τ

199 2467 256 2493 Hoc
275 2467 377 2500 ipsum.
394 2465 495 2499 inquit,
514 2464 566 2492 [uit
581 2463 648 2491 mihi
664 2464 785 2495 occasio,
803 2472 865 2499 quae
879 2471 922 2492 me
939 2464 989 2492 im-

197 2511 313 2547 pnlitad
342 2511 515 2546 martyrium,
532 2510 607 2545 quod
631 2511 726 2538 Asclas
748 2515 777 2537 et
791 2510 926 2538 Leonides
950 2512 990 2539 sic

198 2558 281 2592 paulo
300 2562 365 2585 ante
385 2557 565 2584 decertarunt
591 2561 704 2591 propter
719 2555 872 2589 Christum,
894 2561 922 2584 et
935 2564 991 2584 ma—

198 2604 270 2630 xime
286 2603 440 2630 tolerantiae
456 2602 521 2630 hinc
543 2602 656 2637 percepi
672 2601 840 2634 doctrinam,
861 2606 891 2629 et
906 2610 990 2637 arguo

199 2655 322 2677 utentum
339 2649 521 2678 fortitudinis.
539 2649 572 2676 Et
585 2648 686 2684 alioqui
701 2648 864 2676 miraculum
877 2648 950 2683 quod
963 2647 991 2676 in

201 2696 246 2723 illa
262 2697 323 2724 navi
338 2701 383 2724 tua
412 2696 452 2724 illi
468 2703 558 2730 nuper
582 2694 778 2726 ostenderunt,
803 2702 897 2729 quam,
928 2702 991 2722 cum

201 2750 250 2778 per
271 2743 390 2770 medium
422 2743 545 2770 ﬂuminis
571 2742 679 2769 alveum
695 2742 824 2773 terretur,
848 2742 990 2773 sisterunt,

201 2796 272 2824 quos
283 2797 338 2816 non
355 2789 507 2821 induxerit,
524 2793 555 2816 ut
568 2796 597 2816 se
623 2792 722 2824 parent
735 2789 768 2815 ad
783 2787 993 2822 suscipiendum

201 2836 341 2861 certamen
366 2841 416 2869 pro
447 2833 575 2869 pietate?
605 2832 676 2861 Cum
711 2832 872 2868 desperaret
899 2833 993 2867 itaque

202 2885 302 2914 pra-ses
331 2886 360 2906 se
387 2886 466 2914 posse
485 2877 561 2906 illum
587 2885 602 2906 a
615 2885 665 2905 sua
681 2877 825 2905 traducere
843 2878 991 2912 sententia,

1042 2281 1164 2318 Χριστοῦ
1181 2281 1229 2309 τοῦ
1248 2281 1350 2314 ζῶντος
1376 2280 1455 2307 Θεοῦ.
1478 2281 1533 2307 Καὶ
1546 2280 1560 2306 ὁ
1577 2279 1704 2315 ἡγεμὼν,
1718 2279 1755 2306 οὐ
1783 2279 1836 2315 πρὸ

1045 2325 1147 2362 μικροῦ
1160 2325 1301 2361 ἑώρακας,
1318 2323 1407 2357 εἴπεν,
1433 2324 1536 2360 ἡλίκων
1559 2325 1607 2351 καὶ
1628 2324 1702 2350 ὃσων
1723 2323 1748 2350 oi
1771 2324 1837 2358 περὶ

1049 2372 1170 2405 ’Δσκλᾶν
1188 2373 1236 2399 καὶ
1250 2372 1388 2407 Λεωνίδην
1401 2371 1581 2407 πειραθέντες
1602 2369 1753 2401 κολάσεων,
1775 2367 1836 2397 εἶτα

1045 2420 1093 2447 καὶ
1117 2419 1233 2446 θάνατον
1262 2419 1484 2454 κατεκρίθησανς
1504 2417 1533 2444 '0
1557 2417 1597 2449 δὲ,
1615 2416 1687 2444 Αὐτὸ
1711 2417 1761 2451 μὲν
1788 2414 1836 2444 οὖν

1045 2465 1136 2498 τοῦτο,
1154 2465 1219 2500 ἔφη,
1242 2465 1290 2492 καὶ
1314 2464 1429 2500 ἀφορμὴ
1452 2463 1500 2490 τοῦ
1518 2463 1672 2499 μαρτυρίου
1689 2472 1735 2498 μοι
1756 2464 1837 2498 γέγο-

1044 2519 1099 2539 νεν’
1118 2512 1160 2538 ὅτι
1176 2513 1224 2538 καὶ
1239 2510 1358 2542 ’Δσκλᾶς
1369 2511 1417 2537 καὶ
1428 2510 1566 2545 Λεωνίδης
1579 2509 1653 2536 οὕτω
1664 2509 1718 2545 πρὸ
1736 2509 1836 2544 μικροῦ

1045 2557 1090 2584 διὰ
1114 2557 1233 2592 Χριστὸν
1254 2557 1437 2592 ἠγωνίσαντο,
1464 2556 1513 2583 καὶ
1543 2556 1678 2591 μεγίστης
1696 2554 1836 2590 ὑπομονῆς

1045 2602 1173 2630 ἑντεῦοεν
1199 2603 1360 2638 ἑδρεψαμην
1398 2602 1576 2629 διδασκαλίαν
1607 2602 1655 2628 καὶ
1686 2600 1837 2636 καρτερίας

1046 2649 1188 2676 ὑπόθεσιν.
1202 2649 1313 2680 Ἀλλως
1327 2657 1358 2675 τε
1371 2649 1418 2676 καὶ
1436 2649 1467 2674 τὸ
1485 2648 1580 2682 θαῦμα
1595 2647 1610 2674 ὃ
1628 2647 1695 2681 περὶ
1718 2647 1769 2681 τὴν
1785 2646 1836 2681 σὴν

1046 2697 1148 2722 ἐκεῖνοι
1167 2694 1234 2722 ναῦν
1253 2694 1431 2727 ἐπεδείξαντο
1448 2695 1604 2730 φερομένην
1619 2693 1706 2727 αὐτὴν
1721 2693 1766 2719 διὰ
1788 2692 1837 2718 τοῦ

1047 2741 1173 2777 ποταμοῦ
1191 2742 1262 2768 κατὰ
1288 2741 1372 2777 μέσον
1388 2741 1435 2767 τὸν
1465 2741 1548 2775 πόρον
1577 2740 1740 2774 στήσαντες,
1760 2738 1837 2769 τίνας

1046 2787 1098 2814 οὒκ
1114 2787 1147 2814 ἂν
1162 2786 1350 2814 ἀποδύσασθαι
1364 2786 1431 2820 πρὸς
1445 2786 1490 2813 τὸν
1506 2785 1588 2812 αὑτὸν
1604 2785 1676 2820 ὑπὲρ
1695 2784 1837 2816 εὐσεϐείας

1047 2833 1142 2867 ἀγῶνα
1167 2832 1409 2868 παρασκευάσειε;
1428 2833 1604 2860 Mam-naida:
1632 2831 1725 2858 τοίνυν
1748 2829 1838 2861 οὓτως

1049 2879 1132 2906 αὑτὸν
1144 2878 1329 2914 ἀπαγορεύων
1341 2878 1354 2904 ὁ
1367 2878 1562 2915 ἡγεμὼν,πρδς
1573 2878 1638 2910 τοὺς
1650 2876 1838 2913 περιεστῶτας
