  <div class='ocr_page' id='page_1' title='image "/cluster/home/n/w/nwhite01/storage/ocr_20150623/116/njp.32101077772984/369.png"; bbox 0 0 2086 3153; ppageno 0'>
   <div class='ocr_carea' id='block_1_1' title="bbox 258 119 310 149">
    <p class='ocr_par' dir='ltr' id='par_1_1' title="bbox 258 119 310 149">
     <span class='ocr_line' id='line_1_1' title="bbox 258 119 310 149; baseline -0.019 0"><span class='ocrx_word' id='word_1_1' title='bbox 258 119 310 149; x_wconf 75' lang='grc'><strong>543</strong></span> 
     </span>
    </p>
   </div>
   <div class='ocr_carea' id='block_1_2' title="bbox 865 118 1233 148">
    <p class='ocr_par' dir='ltr' id='par_1_2' title="bbox 865 118 1233 148">
     <span class='ocr_line' id='line_1_2' title="bbox 865 118 1233 148; baseline 0 -1"><span class='ocrx_word' id='word_1_2' title='bbox 865 118 1008 148; x_wconf 71' lang='lat' dir='ltr'><strong>MENSIS</strong></span> <span class='ocrx_word' id='word_1_3' title='bbox 1027 118 1233 148; x_wconf 71' lang='lat' dir='ltr'><strong>DECEMBER</strong></span> 
     </span>
    </p>
   </div>
   <div class='ocr_carea' id='block_1_3' title="bbox 1835 112 1885 145">
    <p class='ocr_par' dir='ltr' id='par_1_3' title="bbox 1835 112 1885 145">
     <span class='ocr_line' id='line_1_3' title="bbox 1835 112 1885 145; baseline -0.04 0"><span class='ocrx_word' id='word_1_4' title='bbox 1835 112 1885 145; x_wconf 63' lang='grc' dir='ltr'><strong>5η</strong></span> 
     </span>
    </p>
   </div>
   <div class='ocr_carea' id='block_1_4' title="bbox 256 168 1050 210">
    <p class='ocr_par' dir='ltr' id='par_1_4' title="bbox 256 173 1045 210">
     <span class='ocr_line' id='line_1_4' title="bbox 256 173 1045 210; baseline 0.001 -11"><span class='ocrx_word' id='word_1_5' title='bbox 256 173 463 206; x_wconf 54' lang='grc' dir='ltr'><strong>ιιρρτεῐιρηηιοιη</strong></span> <span class='ocrx_word' id='word_1_6' title='bbox 486 174 635 209; x_wconf 72' lang='lat' dir='ltr'><strong>angelicam</strong></span> <span class='ocrx_word' id='word_1_7' title='bbox 659 173 846 210; x_wconf 67' lang='lat' dir='ltr'><strong>hymnodiam.</strong></span> <span class='ocrx_word' id='word_1_8' title='bbox 884 174 960 201; x_wconf 80' lang='lat' dir='ltr'><strong>Sctas</strong></span> <span class='ocrx_word' id='word_1_9' title='bbox 980 182 1045 208; x_wconf 74' lang='lat' dir='ltr'><strong>ergo</strong></span> 
     </span>
    </p>
   </div>
   <div class='ocr_carea' id='block_1_5' title="bbox 1102 168 1885 210">
    <p class='ocr_par' dir='ltr' id='par_1_5' title="bbox 1102 168 1885 208">
     <span class='ocr_line' id='line_1_5' title="bbox 1102 168 1885 208; baseline -0.008 -8"><span class='ocrx_word' id='word_1_10' title='bbox 1102 174 1145 208; x_wconf 77' lang='grc' dir='ltr'><strong>τῆς</strong></span> <span class='ocrx_word' id='word_1_11' title='bbox 1160 174 1308 208; x_wconf 75' lang='grc' dir='ltr'><strong>ἁγγελικῆς</strong></span> <span class='ocrx_word' id='word_1_12' title='bbox 1332 173 1394 206; x_wconf 70' lang='grc' dir='ltr'><strong>ἄγει</strong></span> <span class='ocrx_word' id='word_1_13' title='bbox 1427 180 1461 206; x_wconf 69' lang='grc' dir='ltr'><strong>με</strong></span> <span class='ocrx_word' id='word_1_14' title='bbox 1480 171 1626 206; x_wconf 80' lang='grc' dir='ltr'><strong>ὑμνῳδίας.</strong></span> <span class='ocrx_word' id='word_1_15' title='bbox 1659 169 1727 196; x_wconf 84' lang='grc' dir='ltr'><strong>Ἰσθι</strong></span> <span class='ocrx_word' id='word_1_16' title='bbox 1739 168 1885 202; x_wconf 80' lang='grc' dir='ltr'><strong>τοιγαροῦν</strong></span> 
     </span>
    </p>
   </div>
   <div class='ocr_carea' id='block_1_6' title="bbox 256 218 1043 251">
    <p class='ocr_par' dir='ltr' id='par_1_6' title="bbox 256 218 1043 251">
     <span class='ocr_line' id='line_1_6' title="bbox 256 218 1043 251; baseline 0.004 -8"><span class='ocrx_word' id='word_1_17' title='bbox 256 218 323 248; x_wconf 69' lang='lat' dir='ltr'><strong>fore,</strong></span> <span class='ocrx_word' id='word_1_18' title='bbox 338 223 368 245; x_wconf 91' lang='lat' dir='ltr'><strong>ut</strong></span> <span class='ocrx_word' id='word_1_19' title='bbox 384 218 484 245; x_wconf 75' lang='lat' dir='ltr'><strong>frustra</strong></span> <span class='ocrx_word' id='word_1_20' title='bbox 512 219 633 251; x_wconf 82' lang='lat' dir='ltr'><strong>labores.</strong></span> <span class='ocrx_word' id='word_1_21' title='bbox 653 228 675 248; x_wconf 89' lang='lat' dir='ltr'><strong>st</strong></span> <span class='ocrx_word' id='word_1_22' title='bbox 701 228 743 248; x_wconf 88' lang='lat' dir='ltr'><strong>me</strong></span> <span class='ocrx_word' id='word_1_23' title='bbox 763 219 874 247; x_wconf 86' lang='lat' dir='ltr'><strong>coneris</strong></span> <span class='ocrx_word' id='word_1_24' title='bbox 899 228 913 246; x_wconf 89' lang='lat' dir='ltr'><strong>a</strong></span> <span class='ocrx_word' id='word_1_25' title='bbox 929 227 987 246; x_wconf 87' lang='lat' dir='ltr'><strong>mea</strong></span> <span class='ocrx_word' id='word_1_26' title='bbox 1001 219 1043 246; x_wconf 93' lang='lat' dir='ltr'><strong>di-</strong></span> 
     </span>
    </p>
   </div>
   <div class='ocr_carea' id='block_1_7' title="bbox 256 264 1042 300">
    <p class='ocr_par' dir='ltr' id='par_1_7' title="bbox 256 264 1042 300">
     <span class='ocr_line' id='line_1_7' title="bbox 256 264 1042 300; baseline 0.003 -10"><span class='ocrx_word' id='word_1_27' title='bbox 256 271 367 290; x_wconf 80' lang='lat' dir='ltr'><strong>movere</strong></span> <span class='ocrx_word' id='word_1_28' title='bbox 381 264 518 291; x_wconf 80' lang='lat' dir='ltr'><strong>setttcntia</strong></span> <span class='ocrx_word' id='word_1_29' title='bbox 536 274 543 292; x_wconf 86' lang='grc'>;</span> <span class='ocrx_word' id='word_1_30' title='bbox 564 273 653 300; x_wconf 87' lang='lat' dir='ltr'><strong>neqtte</strong></span> <span class='ocrx_word' id='word_1_31' title='bbox 666 273 731 293; x_wconf 89' lang='lat' dir='ltr'><strong>vero</strong></span> <span class='ocrx_word' id='word_1_32' title='bbox 745 266 832 293; x_wconf 82' lang='lat' dir='ltr'><strong>solum</strong></span> <span class='ocrx_word' id='word_1_33' title='bbox 863 265 935 292; x_wconf 84' lang='lat' dir='ltr'><strong>nihil</strong></span> <span class='ocrx_word' id='word_1_34' title='bbox 958 265 1042 299; x_wconf 81' lang='lat' dir='ltr'><strong>proﬁ-</strong></span> 
     </span>
    </p>
   </div>
   <div class='ocr_carea' id='block_1_8' title="bbox 256 309 1043 346">
    <p class='ocr_par' dir='ltr' id='par_1_8' title="bbox 256 309 1043 346">
     <span class='ocr_line' id='line_1_8' title="bbox 256 309 1043 346; baseline -0.001 -6"><span class='ocrx_word' id='word_1_35' title='bbox 256 309 324 340; x_wconf 64' lang='lat' dir='ltr'><strong>CiL‘S.</strong></span> <span class='ocrx_word' id='word_1_36' title='bbox 349 309 397 336; x_wconf 64' lang='grc' dir='ltr'><strong>θεά</strong></span> <span class='ocrx_word' id='word_1_37' title='bbox 412 311 494 336; x_wconf 83' lang='lat' dir='ltr'><strong>etiam</strong></span> <span class='ocrx_word' id='word_1_38' title='bbox 515 312 601 346; x_wconf 83' lang='lat' dir='ltr'><strong>majus</strong></span> <span class='ocrx_word' id='word_1_39' title='bbox 617 312 685 339; x_wconf 89' lang='lat' dir='ltr'><strong>mihi</strong></span> <span class='ocrx_word' id='word_1_40' title='bbox 702 312 728 338; x_wconf 80' lang='lat' dir='ltr'><strong>in</strong></span> <span class='ocrx_word' id='word_1_41' title='bbox 751 312 890 340; x_wconf 86' lang='lat' dir='ltr'><strong>Christum</strong></span> <span class='ocrx_word' id='word_1_42' title='bbox 907 314 1043 339; x_wconf 78' lang='lat' dir='ltr'><strong>aecendes</strong></span> 
     </span>
    </p>
   </div>
   <div class='ocr_carea' id='block_1_9' title="bbox 256 355 1043 388">
    <p class='ocr_par' dir='ltr' id='par_1_9' title="bbox 256 355 1043 388">
     <span class='ocr_line' id='line_1_9' title="bbox 256 355 1043 388; baseline 0.004 -7"><span class='ocrx_word' id='word_1_43' title='bbox 256 355 438 383; x_wconf 85' lang='lat' dir='ltr'><strong>desiderium.</strong></span> <span class='ocrx_word' id='word_1_44' title='bbox 469 357 573 384; x_wconf 70' lang='lat' dir='ltr'><strong>Przeses</strong></span> <span class='ocrx_word' id='word_1_45' title='bbox 589 363 699 385; x_wconf 84' lang='lat' dir='ltr'><strong>autem:</strong></span> <span class='ocrx_word' id='word_1_46' title='bbox 717 358 769 385; x_wconf 80' lang='lat' dir='ltr'><strong>Sed</strong></span> <span class='ocrx_word' id='word_1_47' title='bbox 789 358 840 385; x_wconf 83' lang='lat' dir='ltr'><strong>etsi</strong></span> <span class='ocrx_word' id='word_1_48' title='bbox 872 358 974 388; x_wconf 81' lang='lat' dir='ltr'><strong>ontnia.</strong></span> <span class='ocrx_word' id='word_1_49' title='bbox 1010 362 1043 384; x_wconf 90' lang='lat' dir='ltr'><strong>ut</strong></span> 
     </span>
    </p>
   </div>
   <div class='ocr_carea' id='block_1_10' title="bbox 258 401 1045 439">
    <p class='ocr_par' dir='ltr' id='par_1_10' title="bbox 258 401 1045 439">
     <span class='ocr_line' id='line_1_10' title="bbox 258 401 1045 439; baseline 0.003 -11"><span class='ocrx_word' id='word_1_50' title='bbox 258 401 363 432; x_wconf 77' lang='lat' dir='ltr'><strong>L’ixisti,</strong></span> <span class='ocrx_word' id='word_1_51' title='bbox 394 402 507 429; x_wconf 86' lang='lat' dir='ltr'><strong>molesta</strong></span> <span class='ocrx_word' id='word_1_52' title='bbox 521 408 548 429; x_wconf 87' lang='lat' dir='ltr'><strong>et</strong></span> <span class='ocrx_word' id='word_1_53' title='bbox 566 404 659 437; x_wconf 80' lang='lat' dir='ltr'><strong>gravia</strong></span> <span class='ocrx_word' id='word_1_54' title='bbox 685 403 948 439; x_wconf 74' lang='lat' dir='ltr'><strong>proptchhristum</strong></span> <span class='ocrx_word' id='word_1_55' title='bbox 962 404 1045 430; x_wconf 80' lang='lat' dir='ltr'><strong>susti-</strong></span> 
     </span>
    </p>
   </div>
   <div class='ocr_carea' id='block_1_11' title="bbox 258 446 1044 482">
    <p class='ocr_par' dir='ltr' id='par_1_11' title="bbox 258 446 1044 482">
     <span class='ocr_line' id='line_1_11' title="bbox 258 446 1044 482; baseline 0.005 -11"><span class='ocrx_word' id='word_1_56' title='bbox 258 447 362 475; x_wconf 81' lang='lat' dir='ltr'><strong>nueris.</strong></span> <span class='ocrx_word' id='word_1_57' title='bbox 384 446 449 480; x_wconf 90' lang='lat' dir='ltr'><strong>quid</strong></span> <span class='ocrx_word' id='word_1_58' title='bbox 474 447 538 473; x_wconf 88' lang='lat' dir='ltr'><strong>hinc</strong></span> <span class='ocrx_word' id='word_1_59' title='bbox 553 447 731 476; x_wconf 79' lang='lat' dir='ltr'><strong>lucrifacies?</strong></span> <span class='ocrx_word' id='word_1_60' title='bbox 761 449 857 482; x_wconf 78' lang='lat' dir='ltr'><strong>Neque</strong></span> <span class='ocrx_word' id='word_1_61' title='bbox 885 449 970 480; x_wconf 85' lang='lat' dir='ltr'><strong>enim,</strong></span> <span class='ocrx_word' id='word_1_62' title='bbox 992 450 1044 475; x_wconf 87' lang='lat' dir='ltr'><strong>etsi</strong></span> 
     </span>
    </p>
   </div>
   <div class='ocr_carea' id='block_1_12' title="bbox 257 491 1045 529">
    <p class='ocr_par' dir='ltr' id='par_1_12' title="bbox 257 491 1045 529">
     <span class='ocr_line' id='line_1_12' title="bbox 257 491 1045 529; baseline 0.005 -13"><span class='ocrx_word' id='word_1_63' title='bbox 257 491 348 517; x_wconf 81' lang='lat' dir='ltr'><strong>omnia</strong></span> <span class='ocrx_word' id='word_1_64' title='bbox 364 491 417 525; x_wconf 90' lang='lat' dir='ltr'><strong>pati</strong></span> <span class='ocrx_word' id='word_1_65' title='bbox 432 491 557 526; x_wconf 79' lang='lat' dir='ltr'><strong>elegeris,</strong></span> <span class='ocrx_word' id='word_1_66' title='bbox 579 500 624 519; x_wconf 85' lang='lat' dir='ltr'><strong>res</strong></span> <span class='ocrx_word' id='word_1_67' title='bbox 639 493 687 520; x_wconf 88' lang='lat' dir='ltr'><strong>tibi</strong></span> <span class='ocrx_word' id='word_1_68' title='bbox 721 495 850 520; x_wconf 85' lang='lat' dir='ltr'><strong>succedet</strong></span> <span class='ocrx_word' id='word_1_69' title='bbox 883 494 915 520; x_wconf 82' lang='lat' dir='ltr'><strong>ad</strong></span> <span class='ocrx_word' id='word_1_70' title='bbox 944 499 1045 529; x_wconf 79' lang='lat' dir='ltr'><strong>marty-</strong></span> 
     </span>
    </p>
   </div>
   <div class='ocr_carea' id='block_1_13' title="bbox 258 536 1044 572">
    <p class='ocr_par' dir='ltr' id='par_1_13' title="bbox 258 536 1044 572">
     <span class='ocr_line' id='line_1_13' title="bbox 258 536 1044 572; baseline 0.005 -10"><span class='ocrx_word' id='word_1_71' title='bbox 258 536 342 562; x_wconf 85' lang='lat' dir='ltr'><strong>rium.</strong></span> <span class='ocrx_word' id='word_1_72' title='bbox 363 536 429 563; x_wconf 89' lang='lat' dir='ltr'><strong>Nam</strong></span> <span class='ocrx_word' id='word_1_73' title='bbox 441 545 530 572; x_wconf 82' lang='lat' dir='ltr'><strong>neque</strong></span> <span class='ocrx_word' id='word_1_74' title='bbox 543 537 630 565; x_wconf 79' lang='lat' dir='ltr'><strong>laetus</strong></span> <span class='ocrx_word' id='word_1_75' title='bbox 643 545 673 565; x_wconf 85' lang='lat' dir='ltr'><strong>es</strong></span> <span class='ocrx_word' id='word_1_76' title='bbox 682 539 982 571; x_wconf 86' lang='lat' dir='ltr'><strong>omninoChristianus,</strong></span> <span class='ocrx_word' id='word_1_77' title='bbox 995 547 1044 566; x_wconf 84' lang='lat' dir='ltr'><strong>ne-</strong></span> 
     </span>
    </p>
   </div>
   <div class='ocr_carea' id='block_1_14' title="bbox 258 583 1046 618">
    <p class='ocr_par' dir='ltr' id='par_1_14' title="bbox 258 583 1046 618">
     <span class='ocr_line' id='line_1_14' title="bbox 258 583 1046 618; baseline 0.004 -10"><span class='ocrx_word' id='word_1_78' title='bbox 258 590 311 616; x_wconf 91' lang='lat' dir='ltr'><strong>que</strong></span> <span class='ocrx_word' id='word_1_79' title='bbox 323 583 454 617; x_wconf 82' lang='lat' dir='ltr'><strong>accepisti</strong></span> <span class='ocrx_word' id='word_1_80' title='bbox 470 583 646 618; x_wconf 72' lang='lat' dir='ltr'><strong>baptismum,</strong></span> <span class='ocrx_word' id='word_1_81' title='bbox 663 585 862 612; x_wconf 79' lang='lat' dir='ltr'><strong>convenienter</strong></span> <span class='ocrx_word' id='word_1_82' title='bbox 883 585 991 613; x_wconf 90' lang='lat' dir='ltr'><strong>illorum</strong></span> <span class='ocrx_word' id='word_1_83' title='bbox 1009 585 1046 612; x_wconf 54' lang='lat' dir='ltr'><strong>le&#39;</strong></span> 
     </span>
    </p>
   </div>
   <div class='ocr_carea' id='block_1_15' title="bbox 258 628 347 662">
    <p class='ocr_par' dir='ltr' id='par_1_15' title="bbox 258 628 347 662">
     <span class='ocr_line' id='line_1_15' title="bbox 258 628 347 662; baseline 0.022 -10"><span class='ocrx_word' id='word_1_84' title='bbox 258 628 347 662; x_wconf 70' lang='lat' dir='ltr'><strong>gibus.</strong></span> 
     </span>
    </p>
   </div>
   <div class='ocr_carea' id='block_1_16' title="bbox 297 672 1046 709">
    <p class='ocr_par' dir='ltr' id='par_1_16' title="bbox 297 672 1046 709">
     <span class='ocr_line' id='line_1_16' title="bbox 297 672 1046 709; baseline 0.007 -11"><span class='ocrx_word' id='word_1_85' title='bbox 297 672 402 700; x_wconf 55' lang='lat' dir='ltr'><strong>XXXII.</strong></span> <span class='ocrx_word' id='word_1_86' title='bbox 421 673 479 700; x_wconf 86' lang='lat' dir='ltr'><strong>Hoc</strong></span> <span class='ocrx_word' id='word_1_87' title='bbox 499 679 642 709; x_wconf 80' lang='lat' dir='ltr'><strong>postquam</strong></span> <span class='ocrx_word' id='word_1_88' title='bbox 655 675 760 702; x_wconf 82' lang='lat' dir='ltr'><strong>audivit</strong></span> <span class='ocrx_word' id='word_1_89' title='bbox 779 675 934 707; x_wconf 82' lang='lat' dir='ltr'><strong>Philemon,</strong></span> <span class='ocrx_word' id='word_1_90' title='bbox 956 677 1046 703; x_wconf 58' lang='lat' dir='ltr'><strong>excla-</strong></span> 
     </span>
    </p>
   </div>
   <div class='ocr_carea' id='block_1_17' title="bbox 260 718 1046 756">
    <p class='ocr_par' dir='ltr' id='par_1_17' title="bbox 260 718 1046 756">
     <span class='ocr_line' id='line_1_17' title="bbox 260 718 1046 756; baseline 0.005 -12"><span class='ocrx_word' id='word_1_91' title='bbox 260 719 344 745; x_wconf 85' lang='lat' dir='ltr'><strong>mavit</strong></span> <span class='ocrx_word' id='word_1_92' title='bbox 365 727 372 744; x_wconf 87' lang='lat'><strong>:</strong></span> <span class='ocrx_word' id='word_1_93' title='bbox 397 718 419 746; x_wconf 93' lang='lat'><strong>0</strong></span> <span class='ocrx_word' id='word_1_94' title='bbox 446 719 536 754; x_wconf 83' lang='lat' dir='ltr'><strong>ignem</strong></span> <span class='ocrx_word' id='word_1_95' title='bbox 558 721 720 753; x_wconf 78' lang='lat' dir='ltr'><strong>spiritalem,</strong></span> <span class='ocrx_word' id='word_1_96' title='bbox 750 721 796 756; x_wconf 86' lang='lat' dir='ltr'><strong>qui</strong></span> <span class='ocrx_word' id='word_1_97' title='bbox 813 728 946 748; x_wconf 80' lang='lat' dir='ltr'><strong>accensus</strong></span> <span class='ocrx_word' id='word_1_98' title='bbox 965 729 996 748; x_wconf 86' lang='lat' dir='ltr'><strong>es</strong></span> <span class='ocrx_word' id='word_1_99' title='bbox 1019 721 1046 747; x_wconf 89' lang='lat' dir='ltr'><strong>in</strong></span> 
     </span>
    </p>
   </div>
   <div class='ocr_carea' id='block_1_18' title="bbox 259 765 1046 802">
    <p class='ocr_par' dir='ltr' id='par_1_18' title="bbox 259 765 1046 802">
     <span class='ocr_line' id='line_1_18' title="bbox 259 765 1046 802; baseline 0.004 -12"><span class='ocrx_word' id='word_1_100' title='bbox 259 765 327 791; x_wconf 82' lang='lat' dir='ltr'><strong>meis</strong></span> <span class='ocrx_word' id='word_1_101' title='bbox 339 766 508 799; x_wconf 55' lang='lat' dir='ltr'><strong>praecordiis,</strong></span> <span class='ocrx_word' id='word_1_102' title='bbox 532 771 665 801; x_wconf 87' lang='lat' dir='ltr'><strong>quantum</strong></span> <span class='ocrx_word' id='word_1_103' title='bbox 694 766 744 794; x_wconf 85' lang='lat' dir='ltr'><strong>tibi</strong></span> <span class='ocrx_word' id='word_1_104' title='bbox 770 767 868 799; x_wconf 84' lang='lat' dir='ltr'><strong>debeo,</strong></span> <span class='ocrx_word' id='word_1_105' title='bbox 893 774 909 794; x_wconf 92' lang='grc' dir='ltr'><strong>ο</strong></span> <span class='ocrx_word' id='word_1_106' title='bbox 936 774 1046 802; x_wconf 57' lang='lat' dir='ltr'><strong>praeses,</strong></span> 
     </span>
    </p>
   </div>
   <div class='ocr_carea' id='block_1_19' title="bbox 260 811 1046 845">
    <p class='ocr_par' dir='ltr' id='par_1_19' title="bbox 260 811 1046 845">
     <span class='ocr_line' id='line_1_19' title="bbox 260 811 1046 845; baseline 0.005 -9"><span class='ocrx_word' id='word_1_107' title='bbox 260 811 332 845; x_wconf 88' lang='lat' dir='ltr'><strong>quod</strong></span> <span class='ocrx_word' id='word_1_108' title='bbox 354 819 397 837; x_wconf 89' lang='lat' dir='ltr'><strong>tne</strong></span> <span class='ocrx_word' id='word_1_109' title='bbox 412 812 494 838; x_wconf 85' lang='lat' dir='ltr'><strong>etiam</strong></span> <span class='ocrx_word' id='word_1_110' title='bbox 512 812 616 839; x_wconf 89' lang='lat' dir='ltr'><strong>invitus</strong></span> <span class='ocrx_word' id='word_1_111' title='bbox 630 813 756 840; x_wconf 71' lang='lat' dir='ltr'><strong>maximis</strong></span> <span class='ocrx_word' id='word_1_112' title='bbox 771 813 884 840; x_wconf 73' lang='lat' dir='ltr'><strong>allecisti</strong></span> <span class='ocrx_word' id='word_1_113' title='bbox 896 813 1046 845; x_wconf 76' lang='lat' dir='ltr'><strong>beneficiis,</strong></span> 
     </span>
    </p>
   </div>
   <div class='ocr_carea' id='block_1_20' title="bbox 1097 215 1881 253">
    <p class='ocr_par' dir='ltr' id='par_1_20' title="bbox 1097 215 1881 253">
     <span class='ocr_line' id='line_1_20' title="bbox 1097 215 1881 253; baseline -0.008 -8"><span class='ocrx_word' id='word_1_114' title='bbox 1097 219 1137 245; x_wconf 76' lang='grc' dir='ltr'><strong>ὅτι</strong></span> <span class='ocrx_word' id='word_1_115' title='bbox 1151 220 1277 253; x_wconf 76' lang='grc' dir='ltr'><strong>ἄπρακτα</strong></span> <span class='ocrx_word' id='word_1_116' title='bbox 1294 219 1421 253; x_wconf 79' lang='grc' dir='ltr'><strong>πονήσεις</strong></span> <span class='ocrx_word' id='word_1_117' title='bbox 1447 218 1498 252; x_wconf 59' lang='lat' dir='ltr'><strong>Ep.)</strong></span> <span class='ocrx_word' id='word_1_118' title='bbox 1515 216 1690 252; x_wconf 69' lang='grc' dir='ltr'><strong>μεταπείσειν</strong></span> <span class='ocrx_word' id='word_1_119' title='bbox 1716 215 1881 250; x_wconf 59' lang='grc' dir='ltr'><strong>ἐπιχειρῶν</strong></span> 
     </span>
    </p>
   </div>
   <div class='ocr_carea' id='block_1_21' title="bbox 1097 261 1885 298">
    <p class='ocr_par' dir='ltr' id='par_1_21' title="bbox 1097 261 1885 298">
     <span class='ocr_line' id='line_1_21' title="bbox 1097 261 1885 298; baseline -0.005 -8"><span class='ocrx_word' id='word_1_120' title='bbox 1097 265 1145 291; x_wconf 81' lang='grc' dir='ltr'><strong>καὶ</strong></span> <span class='ocrx_word' id='word_1_121' title='bbox 1169 265 1200 290; x_wconf 81' lang='grc' dir='ltr'><strong>οὺ</strong></span> <span class='ocrx_word' id='word_1_122' title='bbox 1225 265 1303 298; x_wconf 80' lang='grc' dir='ltr'><strong>μόνον</strong></span> <span class='ocrx_word' id='word_1_123' title='bbox 1316 264 1391 290; x_wconf 73' lang='grc' dir='ltr'><strong>οὐδὲν</strong></span> <span class='ocrx_word' id='word_1_124' title='bbox 1412 263 1529 298; x_wconf 78' lang='grc' dir='ltr'><strong>ὀνήσεις,</strong></span> <span class='ocrx_word' id='word_1_125' title='bbox 1551 263 1618 290; x_wconf 67' lang='grc' dir='ltr'><strong>ἀλλὰ</strong></span> <span class='ocrx_word' id='word_1_126' title='bbox 1635 263 1684 288; x_wconf 79' lang='grc' dir='ltr'><strong>καὶ</strong></span> <span class='ocrx_word' id='word_1_127' title='bbox 1712 261 1825 287; x_wconf 80' lang='grc' dir='ltr'><strong>πλείονά</strong></span> <span class='ocrx_word' id='word_1_128' title='bbox 1841 269 1885 294; x_wconf 91' lang='grc' dir='ltr'><strong>μοι</strong></span> 
     </span>
    </p>
   </div>
   <div class='ocr_carea' id='block_1_22' title="bbox 1097 306 1883 345">
    <p class='ocr_par' dir='ltr' id='par_1_22' title="bbox 1097 306 1883 345">
     <span class='ocr_line' id='line_1_22' title="bbox 1097 306 1883 345; baseline -0.005 -9"><span class='ocrx_word' id='word_1_129' title='bbox 1097 310 1167 345; x_wconf 76' lang='grc' dir='ltr'><strong>πρὸς</strong></span> <span class='ocrx_word' id='word_1_130' title='bbox 1193 311 1308 344; x_wconf 75' lang='grc' dir='ltr'><strong>Χριστὸν</strong></span> <span class='ocrx_word' id='word_1_131' title='bbox 1334 309 1446 344; x_wconf 71' lang='grc' dir='ltr'><strong>ἀνάψεις</strong></span> <span class='ocrx_word' id='word_1_132' title='bbox 1463 310 1509 336; x_wconf 70' lang='grc' dir='ltr'><strong>τὸν</strong></span> <span class='ocrx_word' id='word_1_133' title='bbox 1529 308 1619 335; x_wconf 80' lang='grc' dir='ltr'>πόθον.</span> <span class='ocrx_word' id='word_1_134' title='bbox 1645 308 1699 333; x_wconf 68' lang='grc' dir='ltr'><strong>Καὶ</strong></span> <span class='ocrx_word' id='word_1_135' title='bbox 1725 308 1739 333; x_wconf 83' lang='grc' dir='ltr'><strong>ὁ</strong></span> <span class='ocrx_word' id='word_1_136' title='bbox 1754 306 1883 341; x_wconf 64' lang='grc' dir='ltr'><strong>ἡγεμών</strong></span> 
     </span>
    </p>
   </div>
   <div class='ocr_carea' id='block_1_23' title="bbox 1104 352 1885 390">
    <p class='ocr_par' dir='ltr' id='par_1_23' title="bbox 1104 352 1885 390">
     <span class='ocr_line' id='line_1_23' title="bbox 1104 352 1885 390; baseline -0.006 -8"><span class='ocrx_word' id='word_1_137' title='bbox 1104 357 1172 382; x_wconf 73' lang='grc' dir='ltr'><strong>Ἀλλ’</strong></span> <span class='ocrx_word' id='word_1_138' title='bbox 1188 356 1212 382; x_wconf 83' lang='grc' dir='ltr'><strong>εί</strong></span> <span class='ocrx_word' id='word_1_139' title='bbox 1228 356 1275 382; x_wconf 72' lang='grc' dir='ltr'><strong>καὶ</strong></span> <span class='ocrx_word' id='word_1_140' title='bbox 1292 356 1389 386; x_wconf 79' lang='grc' dir='ltr'><strong>πάντα,</strong></span> <span class='ocrx_word' id='word_1_141' title='bbox 1407 355 1500 389; x_wconf 84' lang='grc' dir='ltr'><strong>ὥσπερ</strong></span> <span class='ocrx_word' id='word_1_142' title='bbox 1520 355 1598 390; x_wconf 79' lang='grc' dir='ltr'><strong>ἔφης.</strong></span> <span class='ocrx_word' id='word_1_143' title='bbox 1616 354 1661 380; x_wconf 81' lang='grc' dir='ltr'><strong>διὰ</strong></span> <span class='ocrx_word' id='word_1_144' title='bbox 1683 352 1801 386; x_wconf 80' lang='grc' dir='ltr'><strong>Χριστὸν</strong></span> <span class='ocrx_word' id='word_1_145' title='bbox 1817 352 1885 378; x_wconf 76' lang='grc' dir='ltr'><strong>ὐπ’)-</strong></span> 
     </span>
    </p>
   </div>
   <div class='ocr_carea' id='block_1_24' title="bbox 1099 398 1885 436">
    <p class='ocr_par' dir='ltr' id='par_1_24' title="bbox 1099 398 1885 436">
     <span class='ocr_line' id='line_1_24' title="bbox 1099 398 1885 436; baseline -0.005 -9"><span class='ocrx_word' id='word_1_146' title='bbox 1099 402 1183 436; x_wconf 72' lang='grc' dir='ltr'><strong>στήσῃ</strong></span> <span class='ocrx_word' id='word_1_147' title='bbox 1199 403 1234 428; x_wconf 72' lang='grc' dir='ltr'><strong>τὰ</strong></span> <span class='ocrx_word' id='word_1_148' title='bbox 1245 401 1365 436; x_wconf 78' lang='grc' dir='ltr'><strong>λυπηρὰ,</strong></span> <span class='ocrx_word' id='word_1_149' title='bbox 1379 401 1404 427; x_wconf 91' lang='grc' dir='ltr'><strong>τί</strong></span> <span class='ocrx_word' id='word_1_150' title='bbox 1415 401 1445 426; x_wconf 75' lang='grc' dir='ltr'><strong>τὸ</strong></span> <span class='ocrx_word' id='word_1_151' title='bbox 1463 401 1557 435; x_wconf 70' lang='grc' dir='ltr'><strong>κέρδος</strong></span> <span class='ocrx_word' id='word_1_152' title='bbox 1571 399 1696 426; x_wconf 74' lang='grc' dir='ltr'><strong>ἐντεῦθεν</strong></span> <span class='ocrx_word' id='word_1_153' title='bbox 1707 399 1777 430; x_wconf 77' lang='grc' dir='ltr'><strong>ἕξεις</strong></span> <span class='ocrx_word' id='word_1_154' title='bbox 1790 406 1796 429; x_wconf 89' lang='grc'><strong>;</strong></span> <span class='ocrx_word' id='word_1_155' title='bbox 1813 398 1885 424; x_wconf 69' lang='grc' dir='ltr'><strong>Οὐδὲ</strong></span> 
     </span>
    </p>
   </div>
   <div class='ocr_carea' id='block_1_25' title="bbox 1098 442 1888 479">
    <p class='ocr_par' dir='ltr' id='par_1_25' title="bbox 1098 442 1888 479">
     <span class='ocr_line' id='line_1_25' title="bbox 1098 442 1888 479; baseline -0.004 -9"><span class='ocrx_word' id='word_1_156' title='bbox 1098 445 1152 478; x_wconf 84' lang='grc' dir='ltr'><strong>γὰρ</strong></span> <span class='ocrx_word' id='word_1_157' title='bbox 1169 445 1208 476; x_wconf 79' lang='grc' dir='ltr'><strong>είς</strong></span> <span class='ocrx_word' id='word_1_158' title='bbox 1225 444 1373 479; x_wconf 82' lang='grc' dir='ltr'><strong>μαρτύριόν</strong></span> <span class='ocrx_word' id='word_1_159' title='bbox 1390 453 1431 470; x_wconf 89' lang='grc' dir='ltr'><strong>σοι</strong></span> <span class='ocrx_word' id='word_1_160' title='bbox 1446 445 1476 470; x_wconf 86' lang='grc' dir='ltr'><strong>τδ</strong></span> <span class='ocrx_word' id='word_1_161' title='bbox 1499 445 1629 478; x_wconf 70' lang='grc' dir='ltr'><strong>πρᾶγμα.</strong></span> <span class='ocrx_word' id='word_1_162' title='bbox 1646 443 1698 470; x_wconf 67' lang='grc' dir='ltr'><strong>κᾶν</strong></span> <span class='ocrx_word' id='word_1_163' title='bbox 1723 444 1812 469; x_wconf 75' lang='grc' dir='ltr'><strong>πάντα</strong></span> <span class='ocrx_word' id='word_1_164' title='bbox 1837 442 1888 478; x_wconf 69' lang='grc' dir='ltr'><strong>ἕλῃ</strong></span> 
     </span>
    </p>
   </div>
   <div class='ocr_carea' id='block_1_26' title="bbox 1098 488 1886 526">
    <p class='ocr_par' dir='ltr' id='par_1_26' title="bbox 1098 488 1886 526">
     <span class='ocr_line' id='line_1_26' title="bbox 1098 488 1886 526; baseline -0.004 -9"><span class='ocrx_word' id='word_1_165' title='bbox 1098 491 1206 523; x_wconf 75' lang='grc' dir='ltr'><strong>παθεῖν,</strong></span> <span class='ocrx_word' id='word_1_166' title='bbox 1227 491 1397 526; x_wconf 76' lang='grc' dir='ltr'><strong>ἀποϐήσεται</strong></span> <span class='ocrx_word' id='word_1_167' title='bbox 1407 499 1413 506; x_wconf 91' lang='grc'><strong>·</strong></span> <span class='ocrx_word' id='word_1_168' title='bbox 1431 491 1488 517; x_wconf 53' lang='grc' dir='ltr'><strong>ἐπεὶ</strong></span> <span class='ocrx_word' id='word_1_169' title='bbox 1502 490 1564 517; x_wconf 69' lang='grc' dir='ltr'><strong>οὗτε</strong></span> <span class='ocrx_word' id='word_1_170' title='bbox 1578 489 1742 524; x_wconf 69' lang='grc' dir='ltr'><strong>Χριστιανὸς</strong></span> <span class='ocrx_word' id='word_1_171' title='bbox 1755 489 1830 522; x_wconf 82' lang='grc' dir='ltr'><strong>ὅμως</strong></span> <span class='ocrx_word' id='word_1_172' title='bbox 1839 488 1886 521; x_wconf 82' lang='grc' dir='ltr'><strong>γέ-</strong></span> 
     </span>
    </p>
   </div>
   <div class='ocr_carea' id='block_1_27' title="bbox 1098 534 1892 573">
    <p class='ocr_par' dir='ltr' id='par_1_27' title="bbox 1098 534 1892 573">
     <span class='ocr_line' id='line_1_27' title="bbox 1098 534 1892 573; baseline -0.004 -10"><span class='ocrx_word' id='word_1_173' title='bbox 1098 546 1178 571; x_wconf 85' lang='grc' dir='ltr'><strong>γονας</strong></span> <span class='ocrx_word' id='word_1_174' title='bbox 1191 537 1252 564; x_wconf 67' lang='grc' dir='ltr'><strong>οὔτε</strong></span> <span class='ocrx_word' id='word_1_175' title='bbox 1269 537 1322 573; x_wconf 76' lang='grc' dir='ltr'><strong>μὴν</strong></span> <span class='ocrx_word' id='word_1_176' title='bbox 1341 537 1410 564; x_wconf 82' lang='grc' dir='ltr'><strong>κατᾶ</strong></span> <span class='ocrx_word' id='word_1_177' title='bbox 1423 537 1486 568; x_wconf 75' lang='grc' dir='ltr'><strong>τοὺς</strong></span> <span class='ocrx_word' id='word_1_178' title='bbox 1503 537 1615 564; x_wconf 76' lang='grc' dir='ltr'><strong>ἐκείνων</strong></span> <span class='ocrx_word' id='word_1_179' title='bbox 1630 537 1728 570; x_wconf 71' lang='grc' dir='ltr'><strong>νόμους</strong></span> <span class='ocrx_word' id='word_1_180' title='bbox 1741 535 1772 561; x_wconf 82' lang='grc' dir='ltr'><strong>τὸ</strong></span> <span class='ocrx_word' id='word_1_181' title='bbox 1792 534 1892 569; x_wconf 80' lang='grc' dir='ltr'><strong>βάπτι-</strong></span> 
     </span>
    </p>
   </div>
   <div class='ocr_carea' id='block_1_28' title="bbox 1100 583 1293 617">
    <p class='ocr_par' dir='ltr' id='par_1_28' title="bbox 1100 583 1293 617">
     <span class='ocr_line' id='line_1_28' title="bbox 1100 583 1293 617; baseline 0.01 -8"><span class='ocrx_word' id='word_1_182' title='bbox 1100 592 1155 617; x_wconf 86' lang='grc' dir='ltr'><strong>σμα</strong></span> <span class='ocrx_word' id='word_1_183' title='bbox 1169 583 1293 617; x_wconf 74' lang='grc' dir='ltr'><strong>εἴληφας.</strong></span> 
     </span>
    </p>
   </div>
   <div class='ocr_carea' id='block_1_29' title="bbox 1135 660 1892 708">
    <p class='ocr_par' dir='ltr' id='par_1_29' title="bbox 1135 660 1892 708">
     <span class='ocr_line' id='line_1_29' title="bbox 1135 660 1892 708; baseline -0.005 -8"><span class='ocrx_word' id='word_1_184' title='bbox 1135 674 1195 701; x_wconf 83' lang='grc' dir='ltr'>ΛΒ¹.</span> <span class='ocrx_word' id='word_1_185' title='bbox 1212 673 1297 700; x_wconf 81' lang='grc' dir='ltr'><strong>Τοῦτο</strong></span> <span class='ocrx_word' id='word_1_186' title='bbox 1308 673 1435 708; x_wconf 74' lang='grc' dir='ltr'><strong>Φιλήμων</strong></span> <span class='ocrx_word' id='word_1_187' title='bbox 1451 660 1490 704; x_wconf 68' lang='grc' dir='ltr'><strong>ῶς</strong></span> <span class='ocrx_word' id='word_1_188' title='bbox 1503 673 1635 707; x_wconf 76' lang='grc' dir='ltr'><strong>ἦκουσεν,</strong></span> <span class='ocrx_word' id='word_1_189' title='bbox 1657 672 1690 697; x_wconf 78' lang='grc' dir='ltr'><strong>Ἦ</strong></span> <span class='ocrx_word' id='word_1_190' title='bbox 1705 670 1752 697; x_wconf 78' lang='grc' dir='ltr'><strong>τοῦ</strong></span> <span class='ocrx_word' id='word_1_191' title='bbox 1765 679 1892 706; x_wconf 87' lang='grc' dir='ltr'><strong>πνευμα-</strong></span> 
     </span>
    </p>
   </div>
   <div class='ocr_carea' id='block_1_30' title="bbox 1099 717 1888 755">
    <p class='ocr_par' dir='ltr' id='par_1_30' title="bbox 1099 717 1888 755">
     <span class='ocr_line' id='line_1_30' title="bbox 1099 717 1888 755; baseline -0.008 -8"><span class='ocrx_word' id='word_1_192' title='bbox 1099 720 1176 747; x_wconf 78' lang='grc' dir='ltr'><strong>τικοῦ</strong></span> <span class='ocrx_word' id='word_1_193' title='bbox 1190 720 1286 755; x_wconf 83' lang='grc' dir='ltr'><strong>πυρδς.</strong></span> <span class='ocrx_word' id='word_1_194' title='bbox 1299 719 1458 754; x_wconf 73' lang='grc' dir='ltr'><strong>ἀνεϐόησεν,</strong></span> <span class='ocrx_word' id='word_1_195' title='bbox 1475 718 1488 744; x_wconf 81' lang='grc' dir='ltr'><strong>ὃ</strong></span> <span class='ocrx_word' id='word_1_196' title='bbox 1503 719 1562 749; x_wconf 82' lang='grc' dir='ltr'><strong>ταῖς</strong></span> <span class='ocrx_word' id='word_1_197' title='bbox 1576 718 1658 752; x_wconf 79' lang='grc' dir='ltr'><strong>ὲμαῖς</strong></span> <span class='ocrx_word' id='word_1_198' title='bbox 1672 717 1767 751; x_wconf 69' lang='grc' dir='ltr'><strong>φρεσὶν</strong></span> <span class='ocrx_word' id='word_1_199' title='bbox 1784 717 1888 750; x_wconf 79' lang='grc' dir='ltr'><strong>ὐπανῆ-</strong></span> 
     </span>
    </p>
   </div>
   <div class='ocr_carea' id='block_1_31' title="bbox 1100 762 1886 800">
    <p class='ocr_par' dir='ltr' id='par_1_31' title="bbox 1100 762 1886 800">
     <span class='ocr_line' id='line_1_31' title="bbox 1100 762 1886 800; baseline -0.006 -8"><span class='ocrx_word' id='word_1_200' title='bbox 1100 766 1166 800; x_wconf 72' lang='grc' dir='ltr'><strong>ῲας·</strong></span> <span class='ocrx_word' id='word_1_201' title='bbox 1184 765 1221 797; x_wconf 87' lang='grc' dir='ltr'><strong>ὡς</strong></span> <span class='ocrx_word' id='word_1_202' title='bbox 1250 765 1351 796; x_wconf 76' lang='grc' dir='ltr'><strong>πολλὰς</strong></span> <span class='ocrx_word' id='word_1_203' title='bbox 1369 764 1470 798; x_wconf 79' lang='grc' dir='ltr'><strong>ὀφείλω</strong></span> <span class='ocrx_word' id='word_1_204' title='bbox 1494 773 1535 790; x_wconf 90' lang='grc' dir='ltr'><strong>σοι</strong></span> <span class='ocrx_word' id='word_1_205' title='bbox 1552 764 1601 795; x_wconf 76' lang='grc' dir='ltr'><strong>τὰς</strong></span> <span class='ocrx_word' id='word_1_206' title='bbox 1623 763 1748 797; x_wconf 69' lang='grc' dir='ltr'><strong>χάριτας,</strong></span> <span class='ocrx_word' id='word_1_207' title='bbox 1762 762 1886 797; x_wconf 78' lang='grc' dir='ltr'><strong>ἡγεμὼν,</strong></span> 
     </span>
    </p>
   </div>
   <div class='ocr_carea' id='block_1_32' title="bbox 1100 805 1891 846">
    <p class='ocr_par' dir='ltr' id='par_1_32' title="bbox 1100 805 1891 846">
     <span class='ocr_line' id='line_1_32' title="bbox 1100 805 1891 846; baseline -0.006 -9"><span class='ocrx_word' id='word_1_208' title='bbox 1100 812 1140 838; x_wconf 84' lang='grc' dir='ltr'><strong>ὅτι</strong></span> <span class='ocrx_word' id='word_1_209' title='bbox 1157 820 1190 846; x_wconf 81' lang='grc' dir='ltr'><strong>με</strong></span> <span class='ocrx_word' id='word_1_210' title='bbox 1205 811 1252 838; x_wconf 73' lang='grc' dir='ltr'><strong>καὶ</strong></span> <span class='ocrx_word' id='word_1_211' title='bbox 1267 812 1341 838; x_wconf 76' lang='grc' dir='ltr'><strong>ἄκων</strong></span> <span class='ocrx_word' id='word_1_212' title='bbox 1353 810 1424 838; x_wconf 70' lang='grc' dir='ltr'><strong>οὕτω</strong></span> <span class='ocrx_word' id='word_1_213' title='bbox 1439 810 1472 837; x_wconf 80' lang='grc' dir='ltr'><strong>τὰ</strong></span> <span class='ocrx_word' id='word_1_214' title='bbox 1485 809 1601 843; x_wconf 83' lang='grc' dir='ltr'><strong>μέγιστα</strong></span> <span class='ocrx_word' id='word_1_215' title='bbox 1614 808 1800 843; x_wconf 73' lang='grc' dir='ltr'><strong>εὐηργέτηκας</strong></span> <span class='ocrx_word' id='word_1_216' title='bbox 1814 805 1891 841; x_wconf 69' lang='grc' dir='ltr'><strong>ἱεροῦ</strong></span> 
     </span>
    </p>
   </div>
   <div class='ocr_carea' id='block_1_33' title="bbox 260 853 1050 892">
    <p class='ocr_par' dir='ltr' id='par_1_33' title="bbox 260 855 1045 890">
     <span class='ocr_line' id='line_1_33' title="bbox 260 855 1045 890; baseline 0.004 -9"><span class='ocrx_word' id='word_1_217' title='bbox 260 862 370 882; x_wconf 84' lang='lat' dir='ltr'><strong>sacrum</strong></span> <span class='ocrx_word' id='word_1_218' title='bbox 394 855 559 890; x_wconf 76' lang='lat' dir='ltr'><strong>baptismum</strong></span> <span class='ocrx_word' id='word_1_219' title='bbox 578 857 604 883; x_wconf 94' lang='lat' dir='ltr'><strong>in</strong></span> <span class='ocrx_word' id='word_1_220' title='bbox 623 857 782 884; x_wconf 86' lang='lat' dir='ltr'><strong>memoriam</strong></span> <span class='ocrx_word' id='word_1_221' title='bbox 816 865 959 884; x_wconf 87' lang='lat' dir='ltr'><strong>revocans.</strong></span> <span class='ocrx_word' id='word_1_222' title='bbox 983 857 1045 884; x_wconf 71' lang='lat' dir='ltr'><strong>Haec</strong></span> 
     </span>
    </p>
   </div>
   <div class='ocr_carea' id='block_1_34' title="bbox 1102 853 1888 892">
    <p class='ocr_par' dir='ltr' id='par_1_34' title="bbox 1102 853 1888 892">
     <span class='ocr_line' id='line_1_34' title="bbox 1102 853 1888 892; baseline -0.009 -8"><span class='ocrx_word' id='word_1_223' title='bbox 1102 857 1281 891; x_wconf 71' lang='grc' dir='ltr'><strong>Ξαπτῖσματοε</strong></span> <span class='ocrx_word' id='word_1_224' title='bbox 1299 858 1468 892; x_wconf 81' lang='grc' dir='ltr'><strong>ἀναμνήσας.</strong></span> <span class='ocrx_word' id='word_1_225' title='bbox 1486 855 1579 882; x_wconf 77' lang='grc' dir='ltr'><strong>Ταῦτα</strong></span> <span class='ocrx_word' id='word_1_226' title='bbox 1601 854 1667 889; x_wconf 71' lang='grc' dir='ltr'><strong>πρὸς</strong></span> <span class='ocrx_word' id='word_1_227' title='bbox 1694 853 1740 879; x_wconf 82' lang='grc' dir='ltr'><strong>τὸν</strong></span> <span class='ocrx_word' id='word_1_228' title='bbox 1768 853 1888 887; x_wconf 67' lang='grc' dir='ltr'><strong>ἡγεμόνα</strong></span> 
     </span>
    </p>
   </div>
   <div class='ocr_carea' id='block_1_35' title="bbox 260 902 1043 936">
    <p class='ocr_par' dir='ltr' id='par_1_35' title="bbox 260 902 1043 936">
     <span class='ocr_line' id='line_1_35' title="bbox 260 902 1043 936; baseline 0 -8"><span class='ocrx_word' id='word_1_229' title='bbox 260 909 322 928; x_wconf 86' lang='lat' dir='ltr'><strong>eum</strong></span> <span class='ocrx_word' id='word_1_230' title='bbox 339 902 454 928; x_wconf 76' lang='lat' dir='ltr'><strong>dixisset</strong></span> <span class='ocrx_word' id='word_1_231' title='bbox 474 902 594 936; x_wconf 62' lang='lat' dir='ltr'><strong>praesidi,</strong></span> <span class='ocrx_word' id='word_1_232' title='bbox 610 902 685 929; x_wconf 88' lang='lat' dir='ltr'><strong>stetit</strong></span> <span class='ocrx_word' id='word_1_233' title='bbox 718 902 744 928; x_wconf 90' lang='lat' dir='ltr'><strong>in</strong></span> <span class='ocrx_word' id='word_1_234' title='bbox 762 902 849 929; x_wconf 86' lang='lat' dir='ltr'><strong>media</strong></span> <span class='ocrx_word' id='word_1_235' title='bbox 877 902 968 934; x_wconf 87' lang='lat' dir='ltr'><strong>turba,</strong></span> <span class='ocrx_word' id='word_1_236' title='bbox 997 906 1043 929; x_wconf 89' lang='lat' dir='ltr'><strong>et:</strong></span> 
     </span>
    </p>
   </div>
   <div class='ocr_carea' id='block_1_36' title="bbox 260 946 1046 982">
    <p class='ocr_par' dir='ltr' id='par_1_36' title="bbox 260 946 1046 982">
     <span class='ocr_line' id='line_1_36' title="bbox 260 946 1046 982; baseline 0.001 -9"><span class='ocrx_word' id='word_1_237' title='bbox 260 946 336 981; x_wconf 82' lang='lat' dir='ltr'><strong>Rogo</strong></span> <span class='ocrx_word' id='word_1_238' title='bbox 353 955 410 978; x_wconf 85' lang='lat' dir='ltr'><strong>vos,</strong></span> <span class='ocrx_word' id='word_1_239' title='bbox 426 948 604 975; x_wconf 84' lang='lat' dir='ltr'><strong>vehementer</strong></span> <span class='ocrx_word' id='word_1_240' title='bbox 613 949 785 981; x_wconf 80' lang='lat' dir='ltr'><strong>exclamavit,</strong></span> <span class='ocrx_word' id='word_1_241' title='bbox 801 948 822 975; x_wconf 86' lang='lat' dir='ltr'><strong>si</strong></span> <span class='ocrx_word' id='word_1_242' title='bbox 836 948 898 982; x_wconf 87' lang='lat' dir='ltr'><strong>quis</strong></span> <span class='ocrx_word' id='word_1_243' title='bbox 917 949 989 975; x_wconf 90' lang='lat' dir='ltr'><strong>inter</strong></span> <span class='ocrx_word' id='word_1_244' title='bbox 999 955 1046 975; x_wconf 85' lang='lat' dir='ltr'><strong>vos</strong></span> 
     </span>
    </p>
   </div>
   <div class='ocr_carea' id='block_1_37' title="bbox 260 992 1046 1028">
    <p class='ocr_par' dir='ltr' id='par_1_37' title="bbox 260 992 1046 1028">
     <span class='ocr_line' id='line_1_37' title="bbox 260 992 1046 1028; baseline 0.003 -10"><span class='ocrx_word' id='word_1_245' title='bbox 260 997 359 1026; x_wconf 63' lang='lat' dir='ltr'><strong>praeest</strong></span> <span class='ocrx_word' id='word_1_246' title='bbox 373 992 548 1024; x_wconf 80' lang='lat' dir='ltr'><strong>Christianis,</strong></span> <span class='ocrx_word' id='word_1_247' title='bbox 565 999 591 1020; x_wconf 92' lang='lat' dir='ltr'><strong>et</strong></span> <span class='ocrx_word' id='word_1_248' title='bbox 616 995 766 1020; x_wconf 80' lang='lat' dir='ltr'><strong>contemnit</strong></span> <span class='ocrx_word' id='word_1_249' title='bbox 782 998 917 1021; x_wconf 89' lang='lat' dir='ltr'><strong>tormenta</strong></span> <span class='ocrx_word' id='word_1_250' title='bbox 935 998 1046 1028; x_wconf 85' lang='lat' dir='ltr'><strong>propter</strong></span> 
     </span>
    </p>
   </div>
   <div class='ocr_carea' id='block_1_38' title="bbox 260 1038 1043 1075">
    <p class='ocr_par' dir='ltr' id='par_1_38' title="bbox 260 1038 1043 1075">
     <span class='ocr_line' id='line_1_38' title="bbox 260 1038 1043 1075; baseline 0.005 -12"><span class='ocrx_word' id='word_1_251' title='bbox 260 1038 402 1072; x_wconf 81' lang='lat' dir='ltr'><strong>pietatem,</strong></span> <span class='ocrx_word' id='word_1_252' title='bbox 423 1039 495 1066; x_wconf 84' lang='lat' dir='ltr'><strong>adsit</strong></span> <span class='ocrx_word' id='word_1_253' title='bbox 517 1040 584 1071; x_wconf 89' lang='lat' dir='ltr'><strong>cito,</strong></span> <span class='ocrx_word' id='word_1_254' title='bbox 597 1044 624 1066; x_wconf 90' lang='lat' dir='ltr'><strong>et</strong></span> <span class='ocrx_word' id='word_1_255' title='bbox 641 1047 684 1066; x_wconf 92' lang='lat' dir='ltr'><strong>me</strong></span> <span class='ocrx_word' id='word_1_256' title='bbox 707 1040 801 1066; x_wconf 88' lang='lat' dir='ltr'><strong>divino</strong></span> <span class='ocrx_word' id='word_1_257' title='bbox 829 1040 970 1075; x_wconf 76' lang='lat' dir='ltr'><strong>impertiat</strong></span> <span class='ocrx_word' id='word_1_258' title='bbox 998 1041 1043 1066; x_wconf 84' lang='lat' dir='ltr'><strong>ha-</strong></span> 
     </span>
    </p>
   </div>
   <div class='ocr_carea' id='block_1_39' title="bbox 261 1085 1047 1120">
    <p class='ocr_par' dir='ltr' id='par_1_39' title="bbox 261 1085 1047 1120">
     <span class='ocr_line' id='line_1_39' title="bbox 261 1085 1047 1120; baseline 0.003 -10"><span class='ocrx_word' id='word_1_259' title='bbox 261 1085 400 1118; x_wconf 80' lang='lat' dir='ltr'><strong>ptistnate.</strong></span> <span class='ocrx_word' id='word_1_260' title='bbox 421 1086 566 1120; x_wconf 79' lang='lat' dir='ltr'><strong>Postquam</strong></span> <span class='ocrx_word' id='word_1_261' title='bbox 582 1091 673 1114; x_wconf 89' lang='lat' dir='ltr'><strong>autem</strong></span> <span class='ocrx_word' id='word_1_262' title='bbox 700 1087 766 1113; x_wconf 82' lang='lat' dir='ltr'><strong>vidit</strong></span> <span class='ocrx_word' id='word_1_263' title='bbox 783 1094 879 1114; x_wconf 84' lang='lat' dir='ltr'><strong>omnes</strong></span> <span class='ocrx_word' id='word_1_264' title='bbox 901 1088 986 1113; x_wconf 76' lang='lat' dir='ltr'><strong>vietos</strong></span> <span class='ocrx_word' id='word_1_265' title='bbox 1011 1086 1047 1112; x_wconf 85' lang='lat' dir='ltr'><strong>ti-</strong></span> 
     </span>
    </p>
   </div>
   <div class='ocr_carea' id='block_1_40' title="bbox 260 1131 1047 1167">
    <p class='ocr_par' dir='ltr' id='par_1_40' title="bbox 260 1131 1047 1167">
     <span class='ocr_line' id='line_1_40' title="bbox 260 1131 1047 1167; baseline 0.001 -11"><span class='ocrx_word' id='word_1_266' title='bbox 260 1138 348 1164; x_wconf 85' lang='lat' dir='ltr'><strong>more,</strong></span> <span class='ocrx_word' id='word_1_267' title='bbox 365 1136 392 1158; x_wconf 90' lang='lat' dir='ltr'><strong>et</strong></span> <span class='ocrx_word' id='word_1_268' title='bbox 404 1131 461 1166; x_wconf 85' lang='lat' dir='ltr'><strong>qui,</strong></span> <span class='ocrx_word' id='word_1_269' title='bbox 480 1136 509 1158; x_wconf 87' lang='lat' dir='ltr'><strong>ut</strong></span> <span class='ocrx_word' id='word_1_270' title='bbox 525 1136 633 1166; x_wconf 83' lang='lat' dir='ltr'><strong>tempus</strong></span> <span class='ocrx_word' id='word_1_271' title='bbox 650 1133 814 1167; x_wconf 69' lang='lat' dir='ltr'><strong>postulabat,</strong></span> <span class='ocrx_word' id='word_1_272' title='bbox 831 1132 898 1158; x_wconf 86' lang='lat' dir='ltr'><strong>nihil</strong></span> <span class='ocrx_word' id='word_1_273' title='bbox 920 1136 1047 1166; x_wconf 82' lang='lat' dir='ltr'><strong>poterant</strong></span> 
     </span>
    </p>
   </div>
   <div class='ocr_carea' id='block_1_41' title="bbox 261 1176 1047 1213">
    <p class='ocr_par' dir='ltr' id='par_1_41' title="bbox 261 1176 1047 1213">
     <span class='ocr_line' id='line_1_41' title="bbox 261 1176 1047 1213; baseline 0 -10"><span class='ocrx_word' id='word_1_274' title='bbox 261 1176 349 1204; x_wconf 80' lang='lat' dir='ltr'><strong>facere</strong></span> <span class='ocrx_word' id='word_1_275' title='bbox 359 1177 529 1213; x_wconf 73' lang='lat' dir='ltr'><strong>iuveniliter,</strong></span> <span class='ocrx_word' id='word_1_276' title='bbox 559 1177 655 1205; x_wconf 84' lang='lat' dir='ltr'><strong>dolore</strong></span> <span class='ocrx_word' id='word_1_277' title='bbox 669 1178 752 1204; x_wconf 88' lang='lat' dir='ltr'><strong>anitni</strong></span> <span class='ocrx_word' id='word_1_278' title='bbox 768 1178 918 1210; x_wconf 80' lang='lat' dir='ltr'><strong>cruciatus,</strong></span> <span class='ocrx_word' id='word_1_279' title='bbox 942 1182 969 1203; x_wconf 83' lang='lat' dir='ltr'><strong>et</strong></span> <span class='ocrx_word' id='word_1_280' title='bbox 981 1185 1047 1204; x_wconf 83' lang='lat' dir='ltr'><strong>cott-</strong></span> 
     </span>
    </p>
   </div>
   <div class='ocr_carea' id='block_1_42' title="bbox 262 1224 1047 1258">
    <p class='ocr_par' dir='ltr' id='par_1_42' title="bbox 262 1224 1047 1258">
     <span class='ocr_line' id='line_1_42' title="bbox 262 1224 1047 1258; baseline 0 -9"><span class='ocrx_word' id='word_1_281' title='bbox 262 1225 341 1250; x_wconf 75' lang='lat' dir='ltr'><strong>tinuo</strong></span> <span class='ocrx_word' id='word_1_282' title='bbox 359 1224 386 1250; x_wconf 91' lang='lat' dir='ltr'><strong>in</strong></span> <span class='ocrx_word' id='word_1_283' title='bbox 403 1232 498 1251; x_wconf 87' lang='lat' dir='ltr'><strong>vocent</strong></span> <span class='ocrx_word' id='word_1_284' title='bbox 514 1231 662 1258; x_wconf 89' lang='lat' dir='ltr'><strong>erumpens</strong></span> <span class='ocrx_word' id='word_1_285' title='bbox 687 1232 748 1251; x_wconf 94' lang='lat' dir='ltr'><strong>cum</strong></span> <span class='ocrx_word' id='word_1_286' title='bbox 774 1224 870 1251; x_wconf 83' lang='lat' dir='ltr'><strong>calidis</strong></span> <span class='ocrx_word' id='word_1_287' title='bbox 896 1224 1024 1258; x_wconf 74' lang='lat' dir='ltr'><strong>lacrymis</strong></span> <span class='ocrx_word' id='word_1_288' title='bbox 1040 1232 1047 1249; x_wconf 90' lang='lat'>:</span> 
     </span>
    </p>
   </div>
   <div class='ocr_carea' id='block_1_43' title="bbox 262 1269 1045 1303">
    <p class='ocr_par' dir='ltr' id='par_1_43' title="bbox 262 1269 1045 1303">
     <span class='ocr_line' id='line_1_43' title="bbox 262 1269 1045 1303; baseline -0.001 -8"><span class='ocrx_word' id='word_1_289' title='bbox 262 1269 336 1295; x_wconf 86' lang='lat' dir='ltr'><strong>Deus</strong></span> <span class='ocrx_word' id='word_1_290' title='bbox 354 1277 431 1296; x_wconf 87' lang='lat' dir='ltr'><strong>meus</strong></span> <span class='ocrx_word' id='word_1_291' title='bbox 453 1269 574 1301; x_wconf 85' lang='lat' dir='ltr'><strong>Christe,</strong></span> <span class='ocrx_word' id='word_1_292' title='bbox 590 1269 691 1303; x_wconf 86' lang='lat' dir='ltr'><strong>inquit,</strong></span> <span class='ocrx_word' id='word_1_293' title='bbox 705 1269 751 1303; x_wconf 86' lang='lat' dir='ltr'><strong>qui</strong></span> <span class='ocrx_word' id='word_1_294' title='bbox 768 1277 810 1296; x_wconf 87' lang='lat' dir='ltr'><strong>tne</strong></span> <span class='ocrx_word' id='word_1_295' title='bbox 839 1269 955 1302; x_wconf 81' lang='lat' dir='ltr'><strong>benigne</strong></span> <span class='ocrx_word' id='word_1_296' title='bbox 972 1269 1045 1303; x_wconf 81' lang='lat' dir='ltr'><strong>aspi-</strong></span> 
     </span>
    </p>
   </div>
   <div class='ocr_carea' id='block_1_44' title="bbox 265 1314 1048 1349">
    <p class='ocr_par' dir='ltr' id='par_1_44' title="bbox 265 1314 1048 1349">
     <span class='ocr_line' id='line_1_44' title="bbox 265 1314 1048 1349; baseline 0.001 -8"><span class='ocrx_word' id='word_1_297' title='bbox 265 1314 353 1347; x_wconf 85' lang='lat' dir='ltr'><strong>ciens,</strong></span> <span class='ocrx_word' id='word_1_298' title='bbox 369 1322 385 1341; x_wconf 89' lang='lat' dir='ltr'><strong>a</strong></span> <span class='ocrx_word' id='word_1_299' title='bbox 402 1314 540 1349; x_wconf 79' lang='lat' dir='ltr'><strong>profundo</strong></span> <span class='ocrx_word' id='word_1_300' title='bbox 557 1323 651 1342; x_wconf 83' lang='lat' dir='ltr'><strong>errore</strong></span> <span class='ocrx_word' id='word_1_301' title='bbox 669 1323 711 1341; x_wconf 88' lang='lat' dir='ltr'><strong>me</strong></span> <span class='ocrx_word' id='word_1_302' title='bbox 732 1315 876 1346; x_wconf 81' lang='lat' dir='ltr'><strong>revocasti,</strong></span> <span class='ocrx_word' id='word_1_303' title='bbox 905 1323 938 1342; x_wconf 92' lang='lat' dir='ltr'><strong>ne</strong></span> <span class='ocrx_word' id='word_1_304' title='bbox 953 1315 991 1342; x_wconf 88' lang='lat' dir='ltr'><strong>sic</strong></span> <span class='ocrx_word' id='word_1_305' title='bbox 1005 1322 1048 1342; x_wconf 87' lang='lat' dir='ltr'><strong>nte</strong></span> 
     </span>
    </p>
   </div>
   <div class='ocr_carea' id='block_1_45' title="bbox 263 1359 1048 1395">
    <p class='ocr_par' dir='ltr' id='par_1_45' title="bbox 263 1359 1048 1395">
     <span class='ocr_line' id='line_1_45' title="bbox 263 1359 1048 1395; baseline 0 -9"><span class='ocrx_word' id='word_1_306' title='bbox 263 1359 409 1395; x_wconf 80' lang='lat' dir='ltr'><strong>despicias,</strong></span> <span class='ocrx_word' id='word_1_307' title='bbox 426 1361 549 1388; x_wconf 87' lang='lat' dir='ltr'><strong>divinum</strong></span> <span class='ocrx_word' id='word_1_308' title='bbox 566 1361 731 1395; x_wconf 81' lang='lat' dir='ltr'><strong>baptismum</strong></span> <span class='ocrx_word' id='word_1_309' title='bbox 748 1361 861 1388; x_wconf 88' lang='lat' dir='ltr'><strong>minime</strong></span> <span class='ocrx_word' id='word_1_310' title='bbox 882 1365 1048 1387; x_wconf 86' lang='lat' dir='ltr'><strong>assecutum.</strong></span> 
     </span>
    </p>
   </div>
   <div class='ocr_carea' id='block_1_46' title="bbox 264 1405 1050 1440">
    <p class='ocr_par' dir='ltr' id='par_1_46' title="bbox 264 1405 1050 1440">
     <span class='ocr_line' id='line_1_46' title="bbox 264 1405 1050 1440; baseline 0.003 -8"><span class='ocrx_word' id='word_1_311' title='bbox 264 1405 317 1432; x_wconf 86' lang='lat' dir='ltr'><strong>Sed</strong></span> <span class='ocrx_word' id='word_1_312' title='bbox 339 1414 393 1440; x_wconf 93' lang='lat' dir='ltr'><strong>quo</strong></span> <span class='ocrx_word' id='word_1_313' title='bbox 409 1406 451 1433; x_wconf 85' lang='lat' dir='ltr'><strong>vis</strong></span> <span class='ocrx_word' id='word_1_314' title='bbox 474 1406 555 1434; x_wconf 88' lang='lat' dir='ltr'><strong>modo</strong></span> <span class='ocrx_word' id='word_1_315' title='bbox 586 1407 700 1434; x_wconf 80' lang='lat' dir='ltr'><strong>ostende</strong></span> <span class='ocrx_word' id='word_1_316' title='bbox 726 1407 792 1434; x_wconf 91' lang='lat' dir='ltr'><strong>mihi</strong></span> <span class='ocrx_word' id='word_1_317' title='bbox 823 1407 994 1434; x_wconf 83' lang='lat' dir='ltr'><strong>sacerdotem</strong></span> <span class='ocrx_word' id='word_1_318' title='bbox 1023 1411 1050 1434; x_wconf 88' lang='lat' dir='ltr'><strong>et</strong></span> 
     </span>
    </p>
   </div>
   <div class='ocr_carea' id='block_1_47' title="bbox 265 1452 1049 1487">
    <p class='ocr_par' dir='ltr' id='par_1_47' title="bbox 265 1452 1049 1487">
     <span class='ocr_line' id='line_1_47' title="bbox 265 1452 1049 1487; baseline 0.001 -9"><span class='ocrx_word' id='word_1_319' title='bbox 265 1459 376 1486; x_wconf 87' lang='lat' dir='ltr'><strong>aquam,</strong></span> <span class='ocrx_word' id='word_1_320' title='bbox 389 1460 403 1478; x_wconf 87' lang='lat' dir='ltr'><strong>a</strong></span> <span class='ocrx_word' id='word_1_321' title='bbox 423 1460 478 1486; x_wconf 89' lang='lat' dir='ltr'><strong>quo</strong></span> <span class='ocrx_word' id='word_1_322' title='bbox 493 1457 520 1479; x_wconf 91' lang='lat' dir='ltr'><strong>et</strong></span> <span class='ocrx_word' id='word_1_323' title='bbox 535 1453 562 1478; x_wconf 96' lang='lat' dir='ltr'><strong>in</strong></span> <span class='ocrx_word' id='word_1_324' title='bbox 577 1460 640 1487; x_wconf 81' lang='lat' dir='ltr'><strong>qua.</strong></span> <span class='ocrx_word' id='word_1_325' title='bbox 666 1452 794 1479; x_wconf 85' lang='lat' dir='ltr'><strong>similiter</strong></span> <span class='ocrx_word' id='word_1_326' title='bbox 814 1457 895 1487; x_wconf 88' lang='lat' dir='ltr'><strong>atqtte</strong></span> <span class='ocrx_word' id='word_1_327' title='bbox 908 1453 953 1479; x_wconf 90' lang='lat' dir='ltr'><strong>alii</strong></span> <span class='ocrx_word' id='word_1_328' title='bbox 968 1453 1049 1479; x_wconf 90' lang='lat' dir='ltr'><strong>Chri-</strong></span> 
     </span>
    </p>
   </div>
   <div class='ocr_carea' id='block_1_48' title="bbox 268 1498 1051 1533">
    <p class='ocr_par' dir='ltr' id='par_1_48' title="bbox 268 1498 1051 1533">
     <span class='ocr_line' id='line_1_48' title="bbox 268 1498 1051 1533; baseline 0.003 -9"><span class='ocrx_word' id='word_1_329' title='bbox 268 1498 361 1530; x_wconf 85' lang='lat' dir='ltr'><strong>stiani,</strong></span> <span class='ocrx_word' id='word_1_330' title='bbox 382 1498 552 1533; x_wconf 83' lang='lat' dir='ltr'><strong>haptizabor.</strong></span> <span class='ocrx_word' id='word_1_331' title='bbox 581 1499 648 1526; x_wconf 88' lang='lat' dir='ltr'><strong>Cum</strong></span> <span class='ocrx_word' id='word_1_332' title='bbox 666 1499 705 1525; x_wconf 83' lang='lat' dir='ltr'><strong>sic</strong></span> <span class='ocrx_word' id='word_1_333' title='bbox 720 1499 843 1531; x_wconf 83' lang='lat' dir='ltr'><strong>dixisset,</strong></span> <span class='ocrx_word' id='word_1_334' title='bbox 856 1499 943 1526; x_wconf 83' lang='lat' dir='ltr'><strong>nubes</strong></span> <span class='ocrx_word' id='word_1_335' title='bbox 969 1500 1051 1526; x_wconf 87' lang='lat' dir='ltr'><strong>desu-</strong></span> 
     </span>
    </p>
   </div>
   <div class='ocr_carea' id='block_1_49' title="bbox 266 1545 1050 1579">
    <p class='ocr_par' dir='ltr' id='par_1_49' title="bbox 266 1545 1050 1579">
     <span class='ocr_line' id='line_1_49' title="bbox 266 1545 1050 1579; baseline 0.003 -8"><span class='ocrx_word' id='word_1_336' title='bbox 266 1552 316 1579; x_wconf 88' lang='lat' dir='ltr'><strong>per</strong></span> <span class='ocrx_word' id='word_1_337' title='bbox 331 1545 463 1572; x_wconf 85' lang='lat' dir='ltr'><strong>continuo</strong></span> <span class='ocrx_word' id='word_1_338' title='bbox 477 1545 658 1577; x_wconf 81' lang='lat' dir='ltr'><strong>descendens,</strong></span> <span class='ocrx_word' id='word_1_339' title='bbox 684 1553 744 1572; x_wconf 89' lang='lat' dir='ltr'><strong>cum</strong></span> <span class='ocrx_word' id='word_1_340' title='bbox 760 1553 821 1572; x_wconf 86' lang='lat' dir='ltr'><strong>eum</strong></span> <span class='ocrx_word' id='word_1_341' title='bbox 845 1550 962 1572; x_wconf 86' lang='lat' dir='ltr'><strong>stantem</strong></span> <span class='ocrx_word' id='word_1_342' title='bbox 991 1553 1050 1573; x_wconf 88' lang='lat' dir='ltr'><strong>me-</strong></span> 
     </span>
    </p>
   </div>
   <div class='ocr_carea' id='block_1_50' title="bbox 266 1589 1050 1625">
    <p class='ocr_par' dir='ltr' id='par_1_50' title="bbox 266 1589 1050 1625">
     <span class='ocr_line' id='line_1_50' title="bbox 266 1589 1050 1625; baseline 0.005 -11"><span class='ocrx_word' id='word_1_343' title='bbox 266 1589 341 1615; x_wconf 87' lang='lat' dir='ltr'><strong>diutn</strong></span> <span class='ocrx_word' id='word_1_344' title='bbox 366 1589 394 1616; x_wconf 87' lang='lat' dir='ltr'><strong>in</strong></span> <span class='ocrx_word' id='word_1_345' title='bbox 414 1589 508 1616; x_wconf 91' lang='lat' dir='ltr'><strong>orbem</strong></span> <span class='ocrx_word' id='word_1_346' title='bbox 537 1589 802 1623; x_wconf 87' lang='lat' dir='ltr'><strong>comprehendisset,</strong></span> <span class='ocrx_word' id='word_1_347' title='bbox 825 1590 982 1625; x_wconf 79' lang='lat' dir='ltr'><strong>baptizavit.</strong></span> <span class='ocrx_word' id='word_1_348' title='bbox 999 1589 1050 1618; x_wconf 89' lang='lat' dir='ltr'><strong>De-</strong></span> 
     </span>
    </p>
   </div>
   <div class='ocr_carea' id='block_1_51' title="bbox 266 1634 1050 1670">
    <p class='ocr_par' dir='ltr' id='par_1_51' title="bbox 266 1634 1050 1670">
     <span class='ocr_line' id='line_1_51' title="bbox 266 1634 1050 1670; baseline 0.003 -9"><span class='ocrx_word' id='word_1_349' title='bbox 266 1634 329 1661; x_wconf 82' lang='lat' dir='ltr'><strong>inde</strong></span> <span class='ocrx_word' id='word_1_350' title='bbox 343 1635 429 1662; x_wconf 85' lang='lat' dir='ltr'><strong>nubes</strong></span> <span class='ocrx_word' id='word_1_351' title='bbox 444 1635 556 1670; x_wconf 89' lang='lat' dir='ltr'><strong>quidem</strong></span> <span class='ocrx_word' id='word_1_352' title='bbox 577 1643 686 1662; x_wconf 84' lang='lat' dir='ltr'><strong>sursum</strong></span> <span class='ocrx_word' id='word_1_353' title='bbox 717 1636 850 1663; x_wconf 88' lang='lat' dir='ltr'><strong>ascendit.</strong></span> <span class='ocrx_word' id='word_1_354' title='bbox 884 1637 929 1663; x_wconf 85' lang='lat' dir='ltr'><strong>ille</strong></span> <span class='ocrx_word' id='word_1_355' title='bbox 945 1641 1050 1667; x_wconf 87' lang='lat' dir='ltr'><strong>autem,</strong></span> 
     </span>
    </p>
   </div>
   <div class='ocr_carea' id='block_1_52' title="bbox 266 1681 1050 1717">
    <p class='ocr_par' dir='ltr' id='par_1_52' title="bbox 266 1681 1050 1717">
     <span class='ocr_line' id='line_1_52' title="bbox 266 1681 1050 1717; baseline 0.003 -10"><span class='ocrx_word' id='word_1_356' title='bbox 266 1681 396 1708; x_wconf 85' lang='lat' dir='ltr'><strong>omnibus</strong></span> <span class='ocrx_word' id='word_1_357' title='bbox 420 1681 590 1714; x_wconf 80' lang='lat' dir='ltr'><strong>videntibus,</strong></span> <span class='ocrx_word' id='word_1_358' title='bbox 607 1681 711 1709; x_wconf 85' lang='lat' dir='ltr'><strong>ﬂuento</strong></span> <span class='ocrx_word' id='word_1_359' title='bbox 741 1682 844 1710; x_wconf 64' lang='lat' dir='ltr'><strong>caelesti</strong></span> <span class='ocrx_word' id='word_1_360' title='bbox 871 1683 1050 1717; x_wconf 83' lang='lat' dir='ltr'><strong>baptizatus:</strong></span> 
     </span>
    </p>
   </div>
   <div class='ocr_carea' id='block_1_53' title="bbox 267 1725 1052 1764">
    <p class='ocr_par' dir='ltr' id='par_1_53' title="bbox 267 1725 1052 1764">
     <span class='ocr_line' id='line_1_53' title="bbox 267 1725 1052 1764; baseline 0.003 -12"><span class='ocrx_word' id='word_1_361' title='bbox 267 1725 362 1757; x_wconf 78' lang='lat' dir='ltr'><strong>Vobis,</strong></span> <span class='ocrx_word' id='word_1_362' title='bbox 377 1727 476 1761; x_wconf 88' lang='lat' dir='ltr'><strong>inquit,</strong></span> <span class='ocrx_word' id='word_1_363' title='bbox 492 1728 623 1755; x_wconf 89' lang='lat' dir='ltr'><strong>omnibus</strong></span> <span class='ocrx_word' id='word_1_364' title='bbox 648 1728 743 1755; x_wconf 82' lang='lat' dir='ltr'><strong>videre</strong></span> <span class='ocrx_word' id='word_1_365' title='bbox 770 1728 860 1760; x_wconf 86' lang='lat' dir='ltr'><strong>licuit,</strong></span> <span class='ocrx_word' id='word_1_366' title='bbox 896 1730 941 1764; x_wconf 92' lang='lat' dir='ltr'><strong>qui</strong></span> <span class='ocrx_word' id='word_1_367' title='bbox 970 1728 1052 1756; x_wconf 84' lang='lat' dir='ltr'><strong>Citri-</strong></span> 
     </span>
    </p>
   </div>
   <div class='ocr_carea' id='block_1_54' title="bbox 269 1771 1051 1805">
    <p class='ocr_par' dir='ltr' id='par_1_54' title="bbox 269 1771 1051 1805">
     <span class='ocr_line' id='line_1_54' title="bbox 269 1771 1051 1805; baseline 0.005 -8"><span class='ocrx_word' id='word_1_368' title='bbox 269 1771 353 1798; x_wconf 90' lang='lat' dir='ltr'><strong>sliaui</strong></span> <span class='ocrx_word' id='word_1_369' title='bbox 371 1771 482 1805; x_wconf 81' lang='lat' dir='ltr'><strong>quidem</strong></span> <span class='ocrx_word' id='word_1_370' title='bbox 497 1773 574 1805; x_wconf 83' lang='lat' dir='ltr'><strong>estis,</strong></span> <span class='ocrx_word' id='word_1_371' title='bbox 597 1773 716 1800; x_wconf 92' lang='lat' dir='ltr'><strong>nondum</strong></span> <span class='ocrx_word' id='word_1_372' title='bbox 733 1779 823 1800; x_wconf 84' lang='lat' dir='ltr'><strong>autern</strong></span> <span class='ocrx_word' id='word_1_373' title='bbox 837 1774 919 1801; x_wconf 90' lang='lat' dir='ltr'><strong>vultis</strong></span> <span class='ocrx_word' id='word_1_374' title='bbox 936 1774 1051 1802; x_wconf 73' lang='lat' dir='ltr'><strong>manife-</strong></span> 
     </span>
    </p>
   </div>
   <div class='ocr_carea' id='block_1_55' title="bbox 268 1819 1051 1855">
    <p class='ocr_par' dir='ltr' id='par_1_55' title="bbox 268 1819 1051 1855">
     <span class='ocr_line' id='line_1_55' title="bbox 268 1819 1051 1855; baseline 0.006 -12"><span class='ocrx_word' id='word_1_375' title='bbox 268 1823 338 1844; x_wconf 90' lang='lat' dir='ltr'><strong>stam</strong></span> <span class='ocrx_word' id='word_1_376' title='bbox 359 1825 418 1845; x_wconf 85' lang='lat' dir='ltr'><strong>esse</strong></span> <span class='ocrx_word' id='word_1_377' title='bbox 430 1823 548 1846; x_wconf 83' lang='lat' dir='ltr'><strong>vestram</strong></span> <span class='ocrx_word' id='word_1_378' title='bbox 567 1819 711 1854; x_wconf 85' lang='lat' dir='ltr'><strong>pietatem,</strong></span> <span class='ocrx_word' id='word_1_379' title='bbox 736 1821 965 1855; x_wconf 87' lang='lat' dir='ltr'><strong>quemadmodum</strong></span> <span class='ocrx_word' id='word_1_380' title='bbox 989 1830 1051 1848; x_wconf 91' lang='lat' dir='ltr'><strong>cum</strong></span> 
     </span>
    </p>
   </div>
   <div class='ocr_carea' id='block_1_56' title="bbox 269 1863 1051 1903">
    <p class='ocr_par' dir='ltr' id='par_1_56' title="bbox 269 1863 1051 1903">
     <span class='ocr_line' id='line_1_56' title="bbox 269 1863 1051 1903; baseline 0.006 -13"><span class='ocrx_word' id='word_1_381' title='bbox 269 1863 362 1890; x_wconf 88' lang='lat' dir='ltr'><strong>nullus</strong></span> <span class='ocrx_word' id='word_1_382' title='bbox 376 1864 470 1898; x_wconf 88' lang='lat' dir='ltr'><strong>utique</strong></span> <span class='ocrx_word' id='word_1_383' title='bbox 485 1865 519 1891; x_wconf 88' lang='lat' dir='ltr'><strong>ad</strong></span> <span class='ocrx_word' id='word_1_384' title='bbox 548 1873 591 1892; x_wconf 87' lang='lat' dir='ltr'><strong>me</strong></span> <span class='ocrx_word' id='word_1_385' title='bbox 607 1874 691 1893; x_wconf 90' lang='lat' dir='ltr'><strong>ausus</strong></span> <span class='ocrx_word' id='word_1_386' title='bbox 719 1872 791 1893; x_wconf 88' lang='lat' dir='ltr'><strong>esset</strong></span> <span class='ocrx_word' id='word_1_387' title='bbox 817 1868 961 1899; x_wconf 82' lang='lat' dir='ltr'><strong>accedere,</strong></span> <span class='ocrx_word' id='word_1_388' title='bbox 992 1869 1051 1903; x_wconf 85' lang='lat' dir='ltr'><strong>ipse</strong></span> 
     </span>
    </p>
   </div>
   <div class='ocr_carea' id='block_1_57' title="bbox 271 1910 1052 1949">
    <p class='ocr_par' dir='ltr' id='par_1_57' title="bbox 271 1910 1052 1949">
     <span class='ocr_line' id='line_1_57' title="bbox 271 1910 1052 1949; baseline 0.006 -13"><span class='ocrx_word' id='word_1_389' title='bbox 271 1910 383 1937; x_wconf 86' lang='lat' dir='ltr'><strong>veniens</strong></span> <span class='ocrx_word' id='word_1_390' title='bbox 402 1915 496 1945; x_wconf 88' lang='lat' dir='ltr'><strong>aperte</strong></span> <span class='ocrx_word' id='word_1_391' title='bbox 509 1911 652 1946; x_wconf 90' lang='lat' dir='ltr'><strong>Dominus,</strong></span> <span class='ocrx_word' id='word_1_392' title='bbox 671 1920 714 1940; x_wconf 87' lang='lat' dir='ltr'><strong>me</strong></span> <span class='ocrx_word' id='word_1_393' title='bbox 726 1913 842 1940; x_wconf 77' lang='lat' dir='ltr'><strong>maximo</strong></span> <span class='ocrx_word' id='word_1_394' title='bbox 864 1913 935 1941; x_wconf 90' lang='lat' dir='ltr'><strong>dono</strong></span> <span class='ocrx_word' id='word_1_395' title='bbox 951 1915 1052 1949; x_wconf 87' lang='lat' dir='ltr'><strong>imper-</strong></span> 
     </span>
    </p>
   </div>
   <div class='ocr_carea' id='block_1_58' title="bbox 269 1956 1052 1994">
    <p class='ocr_par' dir='ltr' id='par_1_58' title="bbox 269 1956 1052 1994">
     <span class='ocr_line' id='line_1_58' title="bbox 269 1956 1052 1994; baseline 0.008 -12"><span class='ocrx_word' id='word_1_396' title='bbox 269 1956 313 1982; x_wconf 89' lang='lat' dir='ltr'><strong>tiit</strong></span> <span class='ocrx_word' id='word_1_397' title='bbox 328 1956 510 1991; x_wconf 86' lang='lat' dir='ltr'><strong>baptismatis.</strong></span> <span class='ocrx_word' id='word_1_398' title='bbox 527 1957 622 1985; x_wconf 82' lang='lat' dir='ltr'><strong>Videte</strong></span> <span class='ocrx_word' id='word_1_399' title='bbox 636 1967 712 1994; x_wconf 77' lang='lat' dir='ltr'><strong>ergo,</strong></span> <span class='ocrx_word' id='word_1_400' title='bbox 739 1964 765 1986; x_wconf 91' lang='lat' dir='ltr'><strong>et</strong></span> <span class='ocrx_word' id='word_1_401' title='bbox 782 1960 854 1994; x_wconf 91' lang='lat' dir='ltr'><strong>turpi</strong></span> <span class='ocrx_word' id='word_1_402' title='bbox 871 1968 902 1987; x_wconf 88' lang='lat' dir='ltr'><strong>ac</strong></span> <span class='ocrx_word' id='word_1_403' title='bbox 925 1960 1052 1988; x_wconf 87' lang='lat' dir='ltr'><strong>illiberali</strong></span> 
     </span>
    </p>
   </div>
   <div class='ocr_carea' id='block_1_59' title="bbox 269 2003 1052 2043">
    <p class='ocr_par' dir='ltr' id='par_1_59' title="bbox 269 2003 1052 2043">
     <span class='ocr_line' id='line_1_59' title="bbox 269 2003 1052 2043; baseline 0.008 -13"><span class='ocrx_word' id='word_1_404' title='bbox 269 2003 368 2030; x_wconf 86' lang='lat' dir='ltr'><strong>timore</strong></span> <span class='ocrx_word' id='word_1_405' title='bbox 396 2003 566 2031; x_wconf 78' lang='lat' dir='ltr'><strong>libet-emitti.</strong></span> <span class='ocrx_word' id='word_1_406' title='bbox 596 2005 750 2037; x_wconf 84' lang='lat' dir='ltr'><strong>Quinetiam</strong></span> <span class='ocrx_word' id='word_1_407' title='bbox 764 2011 792 2033; x_wconf 90' lang='lat' dir='ltr'><strong>tu</strong></span> <span class='ocrx_word' id='word_1_408' title='bbox 820 2015 929 2042; x_wconf 86' lang='lat' dir='ltr'><strong>quoque</strong></span> <span class='ocrx_word' id='word_1_409' title='bbox 951 2009 1052 2043; x_wconf 63' lang='lat' dir='ltr'><strong>aspice,</strong></span> 
     </span>
    </p>
   </div>
   <div class='ocr_carea' id='block_1_60' title="bbox 268 2050 1053 2086">
    <p class='ocr_par' dir='ltr' id='par_1_60' title="bbox 268 2050 1053 2086">
     <span class='ocr_line' id='line_1_60' title="bbox 268 2050 1053 2086; baseline 0.006 -10"><span class='ocrx_word' id='word_1_410' title='bbox 268 2057 380 2084; x_wconf 71' lang='lat' dir='ltr'><strong>pneses,</strong></span> <span class='ocrx_word' id='word_1_411' title='bbox 397 2050 489 2078; x_wconf 81' lang='lat' dir='ltr'><strong>relicta</strong></span> <span class='ocrx_word' id='word_1_412' title='bbox 503 2071 510 2084; x_wconf 84' lang='lat'><strong>,</strong></span> <span class='ocrx_word' id='word_1_413' title='bbox 531 2058 592 2086; x_wconf 61' lang='lat' dir='ltr'><strong>qua</strong></span> <span class='ocrx_word' id='word_1_414' title='bbox 617 2051 687 2078; x_wconf 89' lang='lat' dir='ltr'><strong>nihil</strong></span> <span class='ocrx_word' id='word_1_415' title='bbox 715 2052 798 2079; x_wconf 86' lang='lat' dir='ltr'><strong>habet</strong></span> <span class='ocrx_word' id='word_1_416' title='bbox 832 2053 898 2080; x_wconf 88' lang='lat' dir='ltr'><strong>utile</strong></span> <span class='ocrx_word' id='word_1_417' title='bbox 920 2054 1026 2080; x_wconf 85' lang='lat' dir='ltr'><strong>insania</strong></span> <span class='ocrx_word' id='word_1_418' title='bbox 1045 2063 1053 2082; x_wconf 73' lang='grc' dir='ltr'><strong>ι</strong></span> 
     </span>
    </p>
   </div>
   <div class='ocr_carea' id='block_1_61' title="bbox 268 2096 1054 2133">
    <p class='ocr_par' dir='ltr' id='par_1_61' title="bbox 268 2096 1054 2133">
     <span class='ocr_line' id='line_1_61' title="bbox 268 2096 1054 2133; baseline 0.006 -11"><span class='ocrx_word' id='word_1_419' title='bbox 268 2103 414 2130; x_wconf 77' lang='lat' dir='ltr'><strong>cognosce,</strong></span> <span class='ocrx_word' id='word_1_420' title='bbox 430 2097 540 2124; x_wconf 86' lang='lat' dir='ltr'><strong>cuinam</strong></span> <span class='ocrx_word' id='word_1_421' title='bbox 554 2096 609 2124; x_wconf 85' lang='lat' dir='ltr'><strong>Deo</strong></span> <span class='ocrx_word' id='word_1_422' title='bbox 630 2099 748 2132; x_wconf 87' lang='lat' dir='ltr'><strong>teipsum</strong></span> <span class='ocrx_word' id='word_1_423' title='bbox 766 2098 871 2133; x_wconf 87' lang='lat' dir='ltr'><strong>absque</strong></span> <span class='ocrx_word' id='word_1_424' title='bbox 886 2099 994 2127; x_wconf 88' lang='lat' dir='ltr'><strong>ratione</strong></span> <span class='ocrx_word' id='word_1_425' title='bbox 1011 2100 1054 2127; x_wconf 81' lang='lat' dir='ltr'><strong>fe-</strong></span> 
     </span>
    </p>
   </div>
   <div class='ocr_carea' id='block_1_62' title="bbox 269 2142 1055 2179">
    <p class='ocr_par' dir='ltr' id='par_1_62' title="bbox 269 2142 1055 2179">
     <span class='ocr_line' id='line_1_62' title="bbox 269 2142 1055 2179; baseline 0.005 -11"><span class='ocrx_word' id='word_1_426' title='bbox 269 2142 508 2173; x_wconf 85' lang='lat' dir='ltr'><strong>eerisinimicum.</strong></span> <span class='ocrx_word' id='word_1_427' title='bbox 531 2146 560 2169; x_wconf 87' lang='lat' dir='ltr'><strong>et</strong></span> <span class='ocrx_word' id='word_1_428' title='bbox 577 2143 820 2177; x_wconf 88' lang='lat' dir='ltr'><strong>quemadmodum,</strong></span> <span class='ocrx_word' id='word_1_429' title='bbox 843 2152 876 2171; x_wconf 88' lang='lat' dir='ltr'><strong>eo</strong></span> <span class='ocrx_word' id='word_1_430' title='bbox 889 2145 993 2179; x_wconf 85' lang='lat' dir='ltr'><strong>judice,</strong></span> <span class='ocrx_word' id='word_1_431' title='bbox 1017 2145 1055 2173; x_wconf 86' lang='lat' dir='ltr'><strong>sis</strong></span> 
     </span>
    </p>
   </div>
   <div class='ocr_carea' id='block_1_63' title="bbox 269 2185 501 2220">
    <p class='ocr_par' dir='ltr' id='par_1_63' title="bbox 269 2185 501 2220">
     <span class='ocr_line' id='line_1_63' title="bbox 269 2185 501 2220; baseline 0.013 -9"><span class='ocrx_word' id='word_1_432' title='bbox 269 2185 391 2213; x_wconf 88' lang='lat' dir='ltr'><strong>luiturus</strong></span> <span class='ocrx_word' id='word_1_433' title='bbox 406 2193 501 2220; x_wconf 83' lang='lat' dir='ltr'><strong>poenas</strong></span> 
     </span>
    </p>
   </div>
   <div class='ocr_carea' id='block_1_64' title="bbox 306 2232 1057 2271">
    <p class='ocr_par' dir='ltr' id='par_1_64' title="bbox 306 2232 1057 2271">
     <span class='ocr_line' id='line_1_64' title="bbox 306 2232 1057 2271; baseline 0.008 -12"><span class='ocrx_word' id='word_1_434' title='bbox 306 2232 427 2260; x_wconf 79' lang='lat' dir='ltr'><strong>XXXI&quot;.</strong></span> <span class='ocrx_word' id='word_1_435' title='bbox 445 2233 513 2261; x_wconf 84' lang='lat' dir='ltr'><strong>Cum</strong></span> <span class='ocrx_word' id='word_1_436' title='bbox 538 2239 642 2270; x_wconf 85' lang='lat' dir='ltr'><strong>martyr</strong></span> <span class='ocrx_word' id='word_1_437' title='bbox 667 2235 707 2262; x_wconf 89' lang='lat' dir='ltr'><strong>sic</strong></span> <span class='ocrx_word' id='word_1_438' title='bbox 719 2240 792 2262; x_wconf 88' lang='lat' dir='ltr'><strong>esset</strong></span> <span class='ocrx_word' id='word_1_439' title='bbox 815 2235 936 2267; x_wconf 87' lang='lat' dir='ltr'><strong>locutus,</strong></span> <span class='ocrx_word' id='word_1_440' title='bbox 956 2244 1057 2271; x_wconf 69' lang='lat' dir='ltr'><strong>prazscs</strong></span> 
     </span>
    </p>
   </div>
   <div class='ocr_carea' id='block_1_65' title="bbox 274 2280 1056 2314">
    <p class='ocr_par' dir='ltr' id='par_1_65' title="bbox 274 2280 1056 2314">
     <span class='ocr_line' id='line_1_65' title="bbox 274 2280 1056 2314; baseline 0.006 -9"><span class='ocrx_word' id='word_1_441' title='bbox 274 2287 364 2314; x_wconf 85' lang='lat' dir='ltr'><strong>neque</strong></span> <span class='ocrx_word' id='word_1_442' title='bbox 375 2287 406 2307; x_wconf 87' lang='lat' dir='ltr'><strong>ea</strong></span> <span class='ocrx_word' id='word_1_443' title='bbox 421 2287 482 2314; x_wconf 73' lang='lat' dir='ltr'><strong>quae</strong></span> <span class='ocrx_word' id='word_1_444' title='bbox 494 2280 565 2308; x_wconf 84' lang='lat' dir='ltr'><strong>vidit</strong></span> <span class='ocrx_word' id='word_1_445' title='bbox 577 2281 761 2311; x_wconf 83' lang='lat' dir='ltr'><strong>admirabilia.</strong></span> <span class='ocrx_word' id='word_1_446' title='bbox 780 2282 895 2309; x_wconf 92' lang='lat' dir='ltr'><strong>omnino</strong></span> <span class='ocrx_word' id='word_1_447' title='bbox 907 2282 1056 2310; x_wconf 88' lang='lat' dir='ltr'><strong>attendens</strong></span> 
     </span>
    </p>
   </div>
   <div class='ocr_carea' id='block_1_66' title="bbox 271 2326 1056 2363">
    <p class='ocr_par' dir='ltr' id='par_1_66' title="bbox 271 2326 1056 2363">
     <span class='ocr_line' id='line_1_66' title="bbox 271 2326 1056 2363; baseline 0.003 -11"><span class='ocrx_word' id='word_1_448' title='bbox 271 2326 327 2362; x_wconf 91' lang='lat' dir='ltr'><strong>(res</strong></span> <span class='ocrx_word' id='word_1_449' title='bbox 348 2326 420 2353; x_wconf 88' lang='lat' dir='ltr'><strong>enim</strong></span> <span class='ocrx_word' id='word_1_450' title='bbox 436 2326 517 2361; x_wconf 88' lang='lat' dir='ltr'><strong>plane</strong></span> <span class='ocrx_word' id='word_1_451' title='bbox 535 2334 617 2358; x_wconf 68' lang='lat' dir='ltr'><strong>caeca,</strong></span> <span class='ocrx_word' id='word_1_452' title='bbox 636 2331 678 2354; x_wconf 90' lang='lat' dir='ltr'><strong>est</strong></span> <span class='ocrx_word' id='word_1_453' title='bbox 691 2327 800 2362; x_wconf 90' lang='lat' dir='ltr'><strong>vitium)</strong></span> <span class='ocrx_word' id='word_1_454' title='bbox 821 2335 827 2353; x_wconf 95' lang='lat'><strong>:</strong></span> <span class='ocrx_word' id='word_1_455' title='bbox 849 2327 913 2355; x_wconf 66' lang='lat' dir='ltr'><strong>Hmc</strong></span> <span class='ocrx_word' id='word_1_456' title='bbox 931 2327 1056 2363; x_wconf 89' lang='lat' dir='ltr'><strong>quidem,</strong></span> 
     </span>
    </p>
   </div>
   <div class='ocr_carea' id='block_1_67' title="bbox 271 2372 1056 2408">
    <p class='ocr_par' dir='ltr' id='par_1_67' title="bbox 271 2372 1056 2408">
     <span class='ocr_line' id='line_1_67' title="bbox 271 2372 1056 2408; baseline 0.003 -8"><span class='ocrx_word' id='word_1_457' title='bbox 271 2373 374 2408; x_wconf 82' lang='lat' dir='ltr'><strong>inquit,</strong></span> <span class='ocrx_word' id='word_1_458' title='bbox 389 2372 478 2405; x_wconf 87' lang='lat' dir='ltr'><strong>mitte,</strong></span> <span class='ocrx_word' id='word_1_459' title='bbox 503 2381 520 2401; x_wconf 95' lang='lat' dir='ltr'><strong>o</strong></span> <span class='ocrx_word' id='word_1_460' title='bbox 547 2373 701 2402; x_wconf 89' lang='lat' dir='ltr'><strong>Philemon.</strong></span> <span class='ocrx_word' id='word_1_461' title='bbox 721 2373 795 2401; x_wconf 87' lang='lat' dir='ltr'><strong>Nihil</strong></span> <span class='ocrx_word' id='word_1_462' title='bbox 811 2373 884 2401; x_wconf 81' lang='lat' dir='ltr'><strong>enim</strong></span> <span class='ocrx_word' id='word_1_463' title='bbox 901 2379 944 2402; x_wconf 86' lang='lat' dir='ltr'><strong>est</strong></span> <span class='ocrx_word' id='word_1_464' title='bbox 962 2374 1056 2406; x_wconf 86' lang='lat' dir='ltr'><strong>aliud.</strong></span> 
     </span>
    </p>
   </div>
   <div class='ocr_carea' id='block_1_68' title="bbox 271 2418 1059 2455">
    <p class='ocr_par' dir='ltr' id='par_1_68' title="bbox 271 2418 1059 2455">
     <span class='ocr_line' id='line_1_68' title="bbox 271 2418 1059 2455; baseline 0 -9"><span class='ocrx_word' id='word_1_465' title='bbox 271 2419 326 2446; x_wconf 89' lang='lat' dir='ltr'><strong>nisi</strong></span> <span class='ocrx_word' id='word_1_466' title='bbox 339 2418 429 2445; x_wconf 89' lang='lat' dir='ltr'><strong>solutn</strong></span> <span class='ocrx_word' id='word_1_467' title='bbox 445 2419 588 2446; x_wconf 88' lang='lat' dir='ltr'><strong>oculorum</strong></span> <span class='ocrx_word' id='word_1_468' title='bbox 604 2419 730 2453; x_wconf 87' lang='lat' dir='ltr'><strong>deceptio</strong></span> <span class='ocrx_word' id='word_1_469' title='bbox 742 2424 770 2446; x_wconf 87' lang='lat' dir='ltr'><strong>et</strong></span> <span class='ocrx_word' id='word_1_470' title='bbox 787 2420 942 2455; x_wconf 60' lang='lat' dir='ltr'><strong>praestigiae.</strong></span> <span class='ocrx_word' id='word_1_471' title='bbox 958 2419 999 2446; x_wconf 90' lang='lat' dir='ltr'><strong>Tu</strong></span> <span class='ocrx_word' id='word_1_472' title='bbox 1010 2428 1059 2446; x_wconf 83' lang='lat' dir='ltr'><strong>au-</strong></span> 
     </span>
    </p>
   </div>
   <div class='ocr_carea' id='block_1_69' title="bbox 270 2464 1058 2500">
    <p class='ocr_par' dir='ltr' id='par_1_69' title="bbox 270 2464 1058 2500">
     <span class='ocr_line' id='line_1_69' title="bbox 270 2464 1058 2500; baseline 0.001 -8"><span class='ocrx_word' id='word_1_473' title='bbox 270 2469 326 2492; x_wconf 90' lang='lat' dir='ltr'><strong>tem</strong></span> <span class='ocrx_word' id='word_1_474' title='bbox 340 2464 526 2499; x_wconf 83' lang='lat' dir='ltr'><strong>dic,quanam</strong></span> <span class='ocrx_word' id='word_1_475' title='bbox 535 2465 570 2492; x_wconf 88' lang='lat' dir='ltr'><strong>de</strong></span> <span class='ocrx_word' id='word_1_476' title='bbox 584 2472 665 2492; x_wconf 88' lang='lat' dir='ltr'><strong>causa</strong></span> <span class='ocrx_word' id='word_1_477' title='bbox 685 2473 729 2492; x_wconf 86' lang='lat' dir='ltr'><strong>res</strong></span> <span class='ocrx_word' id='word_1_478' title='bbox 758 2465 878 2500; x_wconf 86' lang='lat' dir='ltr'><strong>despicis</strong></span> <span class='ocrx_word' id='word_1_479' title='bbox 906 2466 974 2493; x_wconf 87' lang='lat' dir='ltr'><strong>adeo</strong></span> <span class='ocrx_word' id='word_1_480' title='bbox 997 2465 1058 2493; x_wconf 91' lang='lat' dir='ltr'><strong>dul-</strong></span> 
     </span>
    </p>
   </div>
   <div class='ocr_carea' id='block_1_70' title="bbox 273 2510 1060 2545">
    <p class='ocr_par' dir='ltr' id='par_1_70' title="bbox 273 2510 1060 2545">
     <span class='ocr_line' id='line_1_70' title="bbox 273 2510 1060 2545; baseline 0.003 -8"><span class='ocrx_word' id='word_1_481' title='bbox 273 2518 329 2543; x_wconf 89' lang='lat' dir='ltr'><strong>ces,</strong></span> <span class='ocrx_word' id='word_1_482' title='bbox 353 2515 384 2538; x_wconf 92' lang='lat' dir='ltr'><strong>ut</strong></span> <span class='ocrx_word' id='word_1_483' title='bbox 400 2518 489 2545; x_wconf 85' lang='lat' dir='ltr'><strong>neque</strong></span> <span class='ocrx_word' id='word_1_484' title='bbox 511 2515 619 2538; x_wconf 90' lang='lat' dir='ltr'><strong>tuarum</strong></span> <span class='ocrx_word' id='word_1_485' title='bbox 649 2510 778 2538; x_wconf 81' lang='lat' dir='ltr'><strong>tibiarum</strong></span> <span class='ocrx_word' id='word_1_486' title='bbox 802 2512 885 2538; x_wconf 92' lang='lat' dir='ltr'><strong>ullam</strong></span> <span class='ocrx_word' id='word_1_487' title='bbox 903 2511 987 2539; x_wconf 77' lang='lat' dir='ltr'><strong>ducas</strong></span> <span class='ocrx_word' id='word_1_488' title='bbox 1016 2520 1060 2539; x_wconf 90' lang='lat' dir='ltr'><strong>ra-</strong></span> 
     </span>
    </p>
   </div>
   <div class='ocr_carea' id='block_1_71' title="bbox 274 2556 1060 2591">
    <p class='ocr_par' dir='ltr' id='par_1_71' title="bbox 274 2556 1060 2591">
     <span class='ocr_line' id='line_1_71' title="bbox 274 2556 1060 2591; baseline 0.001 -8"><span class='ocrx_word' id='word_1_489' title='bbox 274 2557 387 2589; x_wconf 89' lang='lat' dir='ltr'><strong>tionem,</strong></span> <span class='ocrx_word' id='word_1_490' title='bbox 402 2564 494 2591; x_wconf 88' lang='lat' dir='ltr'><strong>neque</strong></span> <span class='ocrx_word' id='word_1_491' title='bbox 506 2557 656 2583; x_wconf 85' lang='lat' dir='ltr'><strong>maximum</strong></span> <span class='ocrx_word' id='word_1_492' title='bbox 672 2561 800 2583; x_wconf 88' lang='lat' dir='ltr'><strong>nostrum</strong></span> <span class='ocrx_word' id='word_1_493' title='bbox 822 2556 922 2584; x_wconf 87' lang='lat' dir='ltr'><strong>festum</strong></span> <span class='ocrx_word' id='word_1_494' title='bbox 941 2557 982 2584; x_wconf 88' lang='lat' dir='ltr'><strong>vel</strong></span> <span class='ocrx_word' id='word_1_495' title='bbox 1002 2561 1060 2584; x_wconf 76' lang='lat' dir='ltr'><strong>tan-</strong></span> 
     </span>
    </p>
   </div>
   <div class='ocr_carea' id='block_1_72' title="bbox 274 2601 1059 2637">
    <p class='ocr_par' dir='ltr' id='par_1_72' title="bbox 274 2601 1059 2637">
     <span class='ocr_line' id='line_1_72' title="bbox 274 2601 1059 2637; baseline 0.001 -9"><span class='ocrx_word' id='word_1_496' title='bbox 274 2601 360 2628; x_wconf 85' lang='lat' dir='ltr'><strong>tilium</strong></span> <span class='ocrx_word' id='word_1_497' title='bbox 374 2602 467 2629; x_wconf 77' lang='lat' dir='ltr'><strong>veniat</strong></span> <span class='ocrx_word' id='word_1_498' title='bbox 487 2602 514 2629; x_wconf 95' lang='lat' dir='ltr'><strong>in</strong></span> <span class='ocrx_word' id='word_1_499' title='bbox 530 2607 663 2634; x_wconf 90' lang='lat' dir='ltr'><strong>mentem,</strong></span> <span class='ocrx_word' id='word_1_500' title='bbox 692 2609 782 2637; x_wconf 88' lang='lat' dir='ltr'><strong>neque</strong></span> <span class='ocrx_word' id='word_1_501' title='bbox 809 2602 894 2630; x_wconf 82' lang='lat' dir='ltr'><strong>ullum</strong></span> <span class='ocrx_word' id='word_1_502' title='bbox 916 2603 999 2630; x_wconf 89' lang='lat' dir='ltr'><strong>totius</strong></span> <span class='ocrx_word' id='word_1_503' title='bbox 1012 2610 1059 2637; x_wconf 87' lang='lat' dir='ltr'><strong>p0-</strong></span> 
     </span>
    </p>
   </div>
   <div class='ocr_carea' id='block_1_73' title="bbox 276 2647 1060 2684">
    <p class='ocr_par' dir='ltr' id='par_1_73' title="bbox 276 2647 1060 2684">
     <span class='ocr_line' id='line_1_73' title="bbox 276 2647 1060 2684; baseline 0.006 -12"><span class='ocrx_word' id='word_1_504' title='bbox 276 2647 333 2682; x_wconf 79' lang='lat' dir='ltr'><strong>puli</strong></span> <span class='ocrx_word' id='word_1_505' title='bbox 346 2652 371 2673; x_wconf 66' lang='lat' dir='ltr'><strong>te</strong></span> <span class='ocrx_word' id='word_1_506' title='bbox 383 2649 473 2682; x_wconf 81' lang='lat' dir='ltr'><strong>capiat</strong></span> <span class='ocrx_word' id='word_1_507' title='bbox 491 2648 659 2676; x_wconf 85' lang='lat' dir='ltr'><strong>desiderium</strong></span> <span class='ocrx_word' id='word_1_508' title='bbox 677 2657 684 2675; x_wconf 85' lang='lat'><strong>:</strong></span> <span class='ocrx_word' id='word_1_509' title='bbox 699 2649 746 2683; x_wconf 88' lang='lat' dir='ltr'><strong>qui</strong></span> <span class='ocrx_word' id='word_1_510' title='bbox 771 2653 916 2684; x_wconf 84' lang='lat' dir='ltr'><strong>postquam</strong></span> <span class='ocrx_word' id='word_1_511' title='bbox 933 2650 1060 2677; x_wconf 79' lang='lat' dir='ltr'><strong>venerint</strong></span> 
     </span>
    </p>
   </div>
   <div class='ocr_carea' id='block_1_74' title="bbox 275 2694 1062 2730">
    <p class='ocr_par' dir='ltr' id='par_1_74' title="bbox 275 2694 1062 2730">
     <span class='ocr_line' id='line_1_74' title="bbox 275 2694 1062 2730; baseline 0.004 -11"><span class='ocrx_word' id='word_1_512' title='bbox 275 2694 385 2728; x_wconf 89' lang='lat' dir='ltr'><strong>quidem</strong></span> <span class='ocrx_word' id='word_1_513' title='bbox 414 2695 441 2721; x_wconf 87' lang='lat' dir='ltr'><strong>in</strong></span> <span class='ocrx_word' id='word_1_514' title='bbox 459 2694 607 2726; x_wconf 79' lang='lat' dir='ltr'><strong>theatrum.</strong></span> <span class='ocrx_word' id='word_1_515' title='bbox 637 2699 664 2722; x_wconf 89' lang='lat' dir='ltr'><strong>te</strong></span> <span class='ocrx_word' id='word_1_516' title='bbox 688 2699 780 2722; x_wconf 86' lang='lat' dir='ltr'><strong>autem</strong></span> <span class='ocrx_word' id='word_1_517' title='bbox 809 2703 862 2722; x_wconf 92' lang='lat' dir='ltr'><strong>non</strong></span> <span class='ocrx_word' id='word_1_518' title='bbox 887 2695 1062 2730; x_wconf 84' lang='lat' dir='ltr'><strong>adspexerint</strong></span> 
     </span>
    </p>
   </div>
   <div class='ocr_carea' id='block_1_75' title="bbox 276 2740 1062 2776">
    <p class='ocr_par' dir='ltr' id='par_1_75' title="bbox 276 2740 1062 2776">
     <span class='ocr_line' id='line_1_75' title="bbox 276 2740 1062 2776; baseline 0.001 -9"><span class='ocrx_word' id='word_1_519' title='bbox 276 2740 412 2767; x_wconf 88' lang='lat' dir='ltr'><strong>concinne</strong></span> <span class='ocrx_word' id='word_1_520' title='bbox 425 2745 453 2767; x_wconf 93' lang='lat' dir='ltr'><strong>et</strong></span> <span class='ocrx_word' id='word_1_521' title='bbox 469 2740 609 2768; x_wconf 77' lang='lat' dir='ltr'><strong>modulate</strong></span> <span class='ocrx_word' id='word_1_522' title='bbox 626 2745 784 2774; x_wconf 86' lang='lat' dir='ltr'><strong>canentem,</strong></span> <span class='ocrx_word' id='word_1_523' title='bbox 802 2741 850 2768; x_wconf 86' lang='lat' dir='ltr'><strong>sed</strong></span> <span class='ocrx_word' id='word_1_524' title='bbox 864 2741 948 2768; x_wconf 86' lang='lat' dir='ltr'><strong>alium</strong></span> <span class='ocrx_word' id='word_1_525' title='bbox 967 2750 1017 2776; x_wconf 91' lang='lat' dir='ltr'><strong>pro</strong></span> <span class='ocrx_word' id='word_1_526' title='bbox 1035 2746 1062 2769; x_wconf 91' lang='lat' dir='ltr'><strong>te</strong></span> 
     </span>
    </p>
   </div>
   <div class='ocr_carea' id='block_1_76' title="bbox 275 2786 1061 2823">
    <p class='ocr_par' dir='ltr' id='par_1_76' title="bbox 275 2786 1061 2823">
     <span class='ocr_line' id='line_1_76' title="bbox 275 2786 1061 2823; baseline 0.004 -11"><span class='ocrx_word' id='word_1_527' title='bbox 275 2790 428 2814; x_wconf 85' lang='lat' dir='ltr'><strong>sumentem</strong></span> <span class='ocrx_word' id='word_1_528' title='bbox 445 2786 538 2819; x_wconf 87' lang='lat' dir='ltr'><strong>tibias,</strong></span> <span class='ocrx_word' id='word_1_529' title='bbox 568 2792 715 2822; x_wconf 88' lang='lat' dir='ltr'><strong>quantum,</strong></span> <span class='ocrx_word' id='word_1_530' title='bbox 731 2792 822 2822; x_wconf 80' lang='lat' dir='ltr'><strong>putas,</strong></span> <span class='ocrx_word' id='word_1_531' title='bbox 837 2788 986 2823; x_wconf 75' lang='lat' dir='ltr'><strong>lugebant,</strong></span> <span class='ocrx_word' id='word_1_532' title='bbox 1001 2795 1061 2815; x_wconf 84' lang='lat' dir='ltr'><strong>mo-</strong></span> 
     </span>
    </p>
   </div>
   <div class='ocr_carea' id='block_1_77' title="bbox 276 2831 1060 2866">
    <p class='ocr_par' dir='ltr' id='par_1_77' title="bbox 276 2831 1060 2866">
     <span class='ocr_line' id='line_1_77' title="bbox 276 2831 1060 2866; baseline 0.004 -8"><span class='ocrx_word' id='word_1_533' title='bbox 276 2831 375 2858; x_wconf 82' lang='lat' dir='ltr'><strong>dorum</strong></span> <span class='ocrx_word' id='word_1_534' title='bbox 395 2837 504 2860; x_wconf 88' lang='lat' dir='ltr'><strong>lttorutn</strong></span> <span class='ocrx_word' id='word_1_535' title='bbox 521 2831 712 2866; x_wconf 82' lang='lat' dir='ltr'><strong>recordantes,</strong></span> <span class='ocrx_word' id='word_1_536' title='bbox 729 2837 756 2861; x_wconf 89' lang='lat' dir='ltr'><strong>et</strong></span> <span class='ocrx_word' id='word_1_537' title='bbox 771 2838 823 2861; x_wconf 64' lang='lat' dir='ltr'><strong>tua?</strong></span> <span class='ocrx_word' id='word_1_538' title='bbox 836 2834 975 2862; x_wconf 86' lang='lat' dir='ltr'><strong>illicicntis</strong></span> <span class='ocrx_word' id='word_1_539' title='bbox 997 2842 1060 2862; x_wconf 81' lang='lat' dir='ltr'><strong>sua-</strong></span> 
     </span>
    </p>
   </div>
   <div class='ocr_carea' id='block_1_78' title="bbox 1097 898 1889 938">
    <p class='ocr_par' dir='ltr' id='par_1_78' title="bbox 1097 898 1889 938">
     <span class='ocr_line' id='line_1_78' title="bbox 1097 898 1889 938; baseline -0.009 -9"><span class='ocrx_word' id='word_1_540' title='bbox 1097 903 1283 938; x_wconf 73' lang='grc' dir='ltr'><strong>φθεγξάμενος</strong></span> <span class='ocrx_word' id='word_1_541' title='bbox 1299 904 1327 927; x_wconf 71' lang='grc' dir='ltr'><strong>ὲν</strong></span> <span class='ocrx_word' id='word_1_542' title='bbox 1344 903 1418 937; x_wconf 78' lang='grc' dir='ltr'><strong>μέσῳ</strong></span> <span class='ocrx_word' id='word_1_543' title='bbox 1433 901 1486 927; x_wconf 88' lang='grc' dir='ltr'><strong>τῶν</strong></span> <span class='ocrx_word' id='word_1_544' title='bbox 1498 901 1584 935; x_wconf 64' lang='grc' dir='ltr'><strong>ὅρων</strong></span> <span class='ocrx_word' id='word_1_545' title='bbox 1599 900 1665 934; x_wconf 83' lang='grc' dir='ltr'><strong>ἔστη</strong></span> <span class='ocrx_word' id='word_1_546' title='bbox 1677 919 1688 931; x_wconf 78' lang='lat'><strong>,</strong></span> <span class='ocrx_word' id='word_1_547' title='bbox 1705 899 1752 925; x_wconf 69' lang='grc' dir='ltr'><strong>καὶ</strong></span> <span class='ocrx_word' id='word_1_548' title='bbox 1765 919 1772 930; x_wconf 84' lang='grc'>,</span> <span class='ocrx_word' id='word_1_549' title='bbox 1788 898 1889 931; x_wconf 72' lang='grc' dir='ltr'><strong>Δέομαι</strong></span> 
     </span>
    </p>
   </div>
   <div class='ocr_carea' id='block_1_79' title="bbox 1099 943 1890 985">
    <p class='ocr_par' dir='ltr' id='par_1_79' title="bbox 1099 943 1890 985">
     <span class='ocr_line' id='line_1_79' title="bbox 1099 943 1890 985; baseline -0.01 -9"><span class='ocrx_word' id='word_1_550' title='bbox 1099 949 1190 985; x_wconf 74' lang='grc' dir='ltr'><strong>ὑμῶν.</strong></span> <span class='ocrx_word' id='word_1_551' title='bbox 1201 950 1354 984; x_wconf 75' lang='grc' dir='ltr'><strong>ἀνέκραγεν</strong></span> <span class='ocrx_word' id='word_1_552' title='bbox 1367 948 1494 983; x_wconf 79' lang='grc' dir='ltr'><strong>ἰσχυρῶς,</strong></span> <span class='ocrx_word' id='word_1_553' title='bbox 1509 947 1535 973; x_wconf 82' lang='grc' dir='ltr'><strong>εἴ</strong></span> <span class='ocrx_word' id='word_1_554' title='bbox 1549 955 1590 977; x_wconf 83' lang='grc' dir='ltr'><strong>τις</strong></span> <span class='ocrx_word' id='word_1_555' title='bbox 1601 947 1628 972; x_wconf 74' lang='grc' dir='ltr'><strong>ἐν</strong></span> <span class='ocrx_word' id='word_1_556' title='bbox 1642 946 1705 980; x_wconf 85' lang='grc' dir='ltr'><strong>ὑμῖν</strong></span> <span class='ocrx_word' id='word_1_557' title='bbox 1721 943 1890 979; x_wconf 68' lang='grc' dir='ltr'><strong>Χριστιανῶν</strong></span> 
     </span>
    </p>
   </div>
   <div class='ocr_carea' id='block_1_80' title="bbox 1097 989 1892 1031">
    <p class='ocr_par' dir='ltr' id='par_1_80' title="bbox 1097 989 1892 1031">
     <span class='ocr_line' id='line_1_80' title="bbox 1097 989 1892 1031; baseline -0.011 -9"><span class='ocrx_word' id='word_1_558' title='bbox 1097 996 1140 1031; x_wconf 85' lang='grc' dir='ltr'><strong>εἴη</strong></span> <span class='ocrx_word' id='word_1_559' title='bbox 1153 995 1330 1030; x_wconf 79' lang='grc' dir='ltr'><strong>προεστηκὼς</strong></span> <span class='ocrx_word' id='word_1_560' title='bbox 1343 995 1390 1021; x_wconf 83' lang='grc' dir='ltr'><strong>καὶ</strong></span> <span class='ocrx_word' id='word_1_561' title='bbox 1402 994 1527 1029; x_wconf 70' lang='grc' dir='ltr'><strong>βασάνων</strong></span> <span class='ocrx_word' id='word_1_562' title='bbox 1543 991 1720 1026; x_wconf 79' lang='grc' dir='ltr'><strong>καταφρονῶν</strong></span> <span class='ocrx_word' id='word_1_563' title='bbox 1728 991 1772 1017; x_wconf 80' lang='grc' dir='ltr'><strong>διὰ</strong></span> <span class='ocrx_word' id='word_1_564' title='bbox 1783 991 1831 1024; x_wconf 76' lang='grc' dir='ltr'><strong>τὴν</strong></span> <span class='ocrx_word' id='word_1_565' title='bbox 1846 989 1892 1014; x_wconf 77' lang='grc' dir='ltr'><strong>εὑ-</strong></span> 
     </span>
    </p>
   </div>
   <div class='ocr_carea' id='block_1_81' title="bbox 1098 1036 1888 1076">
    <p class='ocr_par' dir='ltr' id='par_1_81' title="bbox 1098 1036 1888 1076">
     <span class='ocr_line' id='line_1_81' title="bbox 1098 1036 1888 1076; baseline -0.008 -8"><span class='ocrx_word' id='word_1_566' title='bbox 1098 1042 1216 1074; x_wconf 78' lang='grc' dir='ltr'><strong>σέὃειαν,</strong></span> <span class='ocrx_word' id='word_1_567' title='bbox 1229 1042 1335 1076; x_wconf 78' lang='grc' dir='ltr'><strong>παρίτω</strong></span> <span class='ocrx_word' id='word_1_568' title='bbox 1354 1041 1383 1066; x_wconf 82' lang='grc' dir='ltr'><strong>τὸ</strong></span> <span class='ocrx_word' id='word_1_569' title='bbox 1407 1041 1488 1074; x_wconf 77' lang='grc' dir='ltr'><strong>τάχος</strong></span> <span class='ocrx_word' id='word_1_570' title='bbox 1515 1039 1562 1066; x_wconf 81' lang='grc' dir='ltr'><strong>καὶ</strong></span> <span class='ocrx_word' id='word_1_571' title='bbox 1584 1037 1769 1073; x_wconf 75' lang='grc' dir='ltr'><strong>βαπτίσμιτός</strong></span> <span class='ocrx_word' id='word_1_572' title='bbox 1783 1045 1816 1071; x_wconf 80' lang='grc' dir='ltr'><strong>με</strong></span> <span class='ocrx_word' id='word_1_573' title='bbox 1841 1036 1888 1062; x_wconf 85' lang='grc' dir='ltr'><strong>τοῦ</strong></span> 
     </span>
    </p>
   </div>
   <div class='ocr_carea' id='block_1_82' title="bbox 1097 1083 1892 1122">
    <p class='ocr_par' dir='ltr' id='par_1_82' title="bbox 1097 1083 1892 1122">
     <span class='ocr_line' id='line_1_82' title="bbox 1097 1083 1892 1122; baseline -0.008 -8"><span class='ocrx_word' id='word_1_574' title='bbox 1097 1088 1170 1114; x_wconf 80' lang='grc' dir='ltr'><strong>Θείου</strong></span> <span class='ocrx_word' id='word_1_575' title='bbox 1189 1087 1362 1122; x_wconf 74' lang='grc' dir='ltr'><strong>μεταδιδότω.</strong></span> <span class='ocrx_word' id='word_1_576' title='bbox 1381 1086 1424 1117; x_wconf 86' lang='grc' dir='ltr'><strong>Ὡς</strong></span> <span class='ocrx_word' id='word_1_577' title='bbox 1450 1086 1478 1111; x_wconf 76' lang='grc' dir='ltr'>δὲ</span> <span class='ocrx_word' id='word_1_578' title='bbox 1497 1085 1600 1115; x_wconf 82' lang='grc' dir='ltr'><strong>πάντας</strong></span> <span class='ocrx_word' id='word_1_579' title='bbox 1617 1084 1691 1118; x_wconf 78' lang='grc' dir='ltr'><strong>ἐώρα</strong></span> <span class='ocrx_word' id='word_1_580' title='bbox 1702 1083 1757 1109; x_wconf 74' lang='grc' dir='ltr'><strong>δέει</strong></span> <span class='ocrx_word' id='word_1_581' title='bbox 1772 1083 1892 1116; x_wconf 87' lang='grc' dir='ltr'><strong>νικωμέ-</strong></span> 
     </span>
    </p>
   </div>
   <div class='ocr_carea' id='block_1_83' title="bbox 1097 1130 1891 1167">
    <p class='ocr_par' dir='ltr' id='par_1_83' title="bbox 1097 1130 1891 1167">
     <span class='ocr_line' id='line_1_83' title="bbox 1097 1130 1891 1167; baseline -0.008 -7"><span class='ocrx_word' id='word_1_582' title='bbox 1097 1143 1158 1165; x_wconf 78' lang='grc' dir='ltr'><strong>νους</strong></span> <span class='ocrx_word' id='word_1_583' title='bbox 1172 1134 1219 1160; x_wconf 76' lang='grc' dir='ltr'><strong>καὶ</strong></span> <span class='ocrx_word' id='word_1_584' title='bbox 1232 1134 1316 1167; x_wconf 79' lang='grc' dir='ltr'><strong>μηδὲν</strong></span> <span class='ocrx_word' id='word_1_585' title='bbox 1330 1132 1376 1159; x_wconf 72' lang='grc' dir='ltr'><strong>τοῦ</strong></span> <span class='ocrx_word' id='word_1_586' title='bbox 1390 1131 1487 1167; x_wconf 81' lang='grc' dir='ltr'><strong>καιροῦ</strong></span> <span class='ocrx_word' id='word_1_587' title='bbox 1503 1132 1602 1166; x_wconf 74' lang='grc' dir='ltr'><strong>δρᾶσαι</strong></span> <span class='ocrx_word' id='word_1_588' title='bbox 1621 1130 1787 1164; x_wconf 73' lang='grc' dir='ltr'><strong>δυναμένους</strong></span> <span class='ocrx_word' id='word_1_589' title='bbox 1802 1137 1891 1154; x_wconf 86' lang='grc' dir='ltr'><strong>νεανι-</strong></span> 
     </span>
    </p>
   </div>
   <div class='ocr_carea' id='block_1_84' title="bbox 1099 1175 1898 1214">
    <p class='ocr_par' dir='ltr' id='par_1_84' title="bbox 1099 1175 1898 1214">
     <span class='ocr_line' id='line_1_84' title="bbox 1099 1175 1898 1214; baseline -0.008 -8"><span class='ocrx_word' id='word_1_590' title='bbox 1099 1179 1227 1214; x_wconf 78' lang='grc' dir='ltr'><strong>κώτερον,</strong></span> <span class='ocrx_word' id='word_1_591' title='bbox 1239 1179 1311 1213; x_wconf 85' lang='grc' dir='ltr'><strong>λύπῃ</strong></span> <span class='ocrx_word' id='word_1_592' title='bbox 1321 1179 1467 1212; x_wconf 70' lang='grc' dir='ltr'><strong>συγχυθεὶς</strong></span> <span class='ocrx_word' id='word_1_593' title='bbox 1480 1177 1528 1212; x_wconf 80' lang='grc' dir='ltr'><strong>τὴν</strong></span> <span class='ocrx_word' id='word_1_594' title='bbox 1539 1177 1628 1212; x_wconf 72' lang='grc' dir='ltr'><strong>ψυχὴν</strong></span> <span class='ocrx_word' id='word_1_595' title='bbox 1641 1177 1687 1202; x_wconf 73' lang='grc' dir='ltr'><strong>καὶ</strong></span> <span class='ocrx_word' id='word_1_596' title='bbox 1701 1176 1792 1210; x_wconf 67' lang='grc' dir='ltr'><strong>φωνὴν</strong></span> <span class='ocrx_word' id='word_1_597' title='bbox 1803 1175 1898 1209; x_wconf 83' lang='grc' dir='ltr'><strong>αἴρων,</strong></span> 
     </span>
    </p>
   </div>
   <div class='ocr_carea' id='block_1_85' title="bbox 1100 1221 1889 1259">
    <p class='ocr_par' dir='ltr' id='par_1_85' title="bbox 1100 1221 1889 1259">
     <span class='ocr_line' id='line_1_85' title="bbox 1100 1221 1889 1259; baseline -0.008 -8"><span class='ocrx_word' id='word_1_598' title='bbox 1100 1225 1202 1256; x_wconf 77' lang='grc' dir='ltr'><strong>εὐθέως</strong></span> <span class='ocrx_word' id='word_1_599' title='bbox 1213 1224 1284 1259; x_wconf 78' lang='grc' dir='ltr'><strong>μετὰ</strong></span> <span class='ocrx_word' id='word_1_600' title='bbox 1293 1224 1402 1258; x_wconf 71' lang='grc' dir='ltr'><strong>θερμῶν</strong></span> <span class='ocrx_word' id='word_1_601' title='bbox 1414 1224 1467 1250; x_wconf 82' lang='grc' dir='ltr'><strong>τῶν</strong></span> <span class='ocrx_word' id='word_1_602' title='bbox 1480 1223 1616 1258; x_wconf 63' lang='grc' dir='ltr'><strong>ὁλκρύων,</strong></span> <span class='ocrx_word' id='word_1_603' title='bbox 1634 1221 1661 1248; x_wconf 90' lang='lat'>&#39;0</span> <span class='ocrx_word' id='word_1_604' title='bbox 1672 1221 1736 1251; x_wconf 73' lang='grc' dir='ltr'><strong>Θεὸς</strong></span> <span class='ocrx_word' id='word_1_605' title='bbox 1753 1230 1813 1255; x_wconf 88' lang='grc' dir='ltr'><strong>μου,</strong></span> <span class='ocrx_word' id='word_1_606' title='bbox 1826 1221 1889 1254; x_wconf 72' lang='grc' dir='ltr'><strong>ἔφη,</strong></span> 
     </span>
    </p>
   </div>
   <div class='ocr_carea' id='block_1_86' title="bbox 1099 1267 1890 1305">
    <p class='ocr_par' dir='ltr' id='par_1_86' title="bbox 1099 1267 1890 1305">
     <span class='ocr_line' id='line_1_86' title="bbox 1099 1267 1890 1305; baseline -0.006 -8"><span class='ocrx_word' id='word_1_607' title='bbox 1099 1271 1212 1305; x_wconf 76' lang='grc' dir='ltr'><strong>Χριστὲ,</strong></span> <span class='ocrx_word' id='word_1_608' title='bbox 1229 1270 1258 1302; x_wconf 86' lang='grc' dir='ltr'><strong>ὃς</strong></span> <span class='ocrx_word' id='word_1_609' title='bbox 1276 1271 1388 1304; x_wconf 73' lang='grc' dir='ltr'><strong>εὐμενές</strong></span> <span class='ocrx_word' id='word_1_610' title='bbox 1403 1278 1447 1304; x_wconf 79' lang='grc' dir='ltr'><strong>μοι</strong></span> <span class='ocrx_word' id='word_1_611' title='bbox 1474 1269 1574 1304; x_wconf 54' lang='grc' dir='ltr'><strong>βλέψας</strong></span> <span class='ocrx_word' id='word_1_612' title='bbox 1591 1270 1639 1304; x_wconf 77' lang='grc' dir='ltr'><strong>τῆς</strong></span> <span class='ocrx_word' id='word_1_613' title='bbox 1663 1268 1773 1303; x_wconf 76' lang='grc' dir='ltr'><strong>βαθείας</strong></span> <span class='ocrx_word' id='word_1_614' title='bbox 1786 1267 1890 1301; x_wconf 81' lang='grc' dir='ltr'><strong>πλάνης</strong></span> 
     </span>
    </p>
   </div>
   <div class='ocr_carea' id='block_1_87' title="bbox 1100 1311 1892 1350">
    <p class='ocr_par' dir='ltr' id='par_1_87' title="bbox 1100 1311 1892 1350">
     <span class='ocr_line' id='line_1_87' title="bbox 1100 1311 1892 1350; baseline -0.005 -8"><span class='ocrx_word' id='word_1_615' title='bbox 1100 1316 1255 1342; x_wconf 74' lang='grc' dir='ltr'><strong>ἀνεκαλέσω</strong></span> <span class='ocrx_word' id='word_1_616' title='bbox 1265 1324 1310 1350; x_wconf 82' lang='grc' dir='ltr'><strong>με,</strong></span> <span class='ocrx_word' id='word_1_617' title='bbox 1327 1315 1365 1350; x_wconf 82' lang='grc' dir='ltr'><strong>μὴ</strong></span> <span class='ocrx_word' id='word_1_618' title='bbox 1376 1315 1448 1342; x_wconf 72' lang='grc' dir='ltr'><strong>οὕτω</strong></span> <span class='ocrx_word' id='word_1_619' title='bbox 1464 1324 1497 1350; x_wconf 85' lang='grc' dir='ltr'><strong>με</strong></span> <span class='ocrx_word' id='word_1_620' title='bbox 1511 1314 1634 1349; x_wconf 76' lang='grc' dir='ltr'><strong>περιίδῃς</strong></span> <span class='ocrx_word' id='word_1_621' title='bbox 1644 1314 1690 1340; x_wconf 76' lang='grc' dir='ltr'><strong>τοῦ</strong></span> <span class='ocrx_word' id='word_1_622' title='bbox 1704 1313 1777 1339; x_wconf 78' lang='grc' dir='ltr'><strong>θείου</strong></span> <span class='ocrx_word' id='word_1_623' title='bbox 1796 1311 1892 1347; x_wconf 77' lang='grc' dir='ltr'><strong>βαπτί-</strong></span> 
     </span>
    </p>
   </div>
   <div class='ocr_carea' id='block_1_88' title="bbox 1101 1358 1891 1396">
    <p class='ocr_par' dir='ltr' id='par_1_88' title="bbox 1101 1358 1891 1396">
     <span class='ocr_line' id='line_1_88' title="bbox 1101 1358 1891 1396; baseline -0.005 -9"><span class='ocrx_word' id='word_1_624' title='bbox 1101 1369 1203 1396; x_wconf 75' lang='grc' dir='ltr'><strong>σματος</strong></span> <span class='ocrx_word' id='word_1_625' title='bbox 1214 1361 1405 1396; x_wconf 79' lang='grc' dir='ltr'><strong>ἀκοινώνητον,</strong></span> <span class='ocrx_word' id='word_1_626' title='bbox 1424 1360 1481 1387; x_wconf 70' lang='grc' dir='ltr'><strong>ἀλλ’</strong></span> <span class='ocrx_word' id='word_1_627' title='bbox 1493 1361 1522 1387; x_wconf 78' lang='grc' dir='ltr'><strong>ὃν</strong></span> <span class='ocrx_word' id='word_1_628' title='bbox 1536 1360 1626 1396; x_wconf 80' lang='grc' dir='ltr'><strong>βούλει</strong></span> <span class='ocrx_word' id='word_1_629' title='bbox 1637 1360 1737 1394; x_wconf 78' lang='grc' dir='ltr'><strong>τρόπον</strong></span> <span class='ocrx_word' id='word_1_630' title='bbox 1752 1358 1891 1390; x_wconf 65' lang='grc' dir='ltr'><strong>ὑπόδειξᾶν</strong></span> 
     </span>
    </p>
   </div>
   <div class='ocr_carea' id='block_1_89' title="bbox 1103 1402 1890 1442">
    <p class='ocr_par' dir='ltr' id='par_1_89' title="bbox 1103 1402 1890 1442">
     <span class='ocr_line' id='line_1_89' title="bbox 1103 1402 1890 1442; baseline -0.006 -9"><span class='ocrx_word' id='word_1_631' title='bbox 1103 1416 1148 1442; x_wconf 65' lang='grc' dir='ltr'><strong>μοι</strong></span> <span class='ocrx_word' id='word_1_632' title='bbox 1165 1407 1213 1433; x_wconf 73' lang='grc' dir='ltr'><strong>καὶ</strong></span> <span class='ocrx_word' id='word_1_633' title='bbox 1231 1407 1305 1442; x_wconf 78' lang='grc' dir='ltr'><strong>ἱερέα</strong></span> <span class='ocrx_word' id='word_1_634' title='bbox 1317 1408 1364 1433; x_wconf 80' lang='grc' dir='ltr'><strong>καὶ</strong></span> <span class='ocrx_word' id='word_1_635' title='bbox 1380 1406 1452 1442; x_wconf 79' lang='grc' dir='ltr'><strong>ὕδωρ</strong></span> <span class='ocrx_word' id='word_1_636' title='bbox 1467 1407 1532 1441; x_wconf 83' lang='grc' dir='ltr'><strong>παρ’</strong></span> <span class='ocrx_word' id='word_1_637' title='bbox 1546 1403 1576 1432; x_wconf 73' lang='grc' dir='ltr'><strong>οὗ</strong></span> <span class='ocrx_word' id='word_1_638' title='bbox 1590 1406 1636 1432; x_wconf 77' lang='grc' dir='ltr'><strong>καὶ</strong></span> <span class='ocrx_word' id='word_1_639' title='bbox 1653 1407 1681 1432; x_wconf 77' lang='grc' dir='ltr'><strong>ἐν</strong></span> <span class='ocrx_word' id='word_1_640' title='bbox 1695 1402 1717 1438; x_wconf 80' lang='grc' dir='ltr'>ᾧ</span> <span class='ocrx_word' id='word_1_641' title='bbox 1730 1406 1785 1435; x_wconf 71' lang='grc' dir='ltr'><strong>τοῖς</strong></span> <span class='ocrx_word' id='word_1_642' title='bbox 1798 1404 1890 1434; x_wconf 79' lang='grc' dir='ltr'><strong>ἄλλοις</strong></span> 
     </span>
    </p>
   </div>
   <div class='ocr_carea' id='block_1_90' title="bbox 1101 1450 1890 1487">
    <p class='ocr_par' dir='ltr' id='par_1_90' title="bbox 1101 1450 1890 1487">
     <span class='ocr_line' id='line_1_90' title="bbox 1101 1450 1890 1487; baseline -0.005 -9"><span class='ocrx_word' id='word_1_643' title='bbox 1101 1453 1200 1487; x_wconf 80' lang='grc' dir='ltr'><strong>ὁμοίως</strong></span> <span class='ocrx_word' id='word_1_644' title='bbox 1215 1453 1386 1486; x_wconf 83' lang='grc' dir='ltr'><strong>Χριστιανοτς</strong></span> <span class='ocrx_word' id='word_1_645' title='bbox 1403 1452 1635 1486; x_wconf 73' lang='grc' dir='ltr'><strong>βαπτισθήσομχι.</strong></span> <span class='ocrx_word' id='word_1_646' title='bbox 1657 1451 1750 1480; x_wconf 71' lang='grc' dir='ltr'><strong>Οὕτως</strong></span> <span class='ocrx_word' id='word_1_647' title='bbox 1767 1450 1890 1479; x_wconf 68' lang='grc' dir='ltr'><strong>εἰπόντος</strong></span> 
     </span>
    </p>
   </div>
   <div class='ocr_carea' id='block_1_91' title="bbox 1103 1494 1892 1532">
    <p class='ocr_par' dir='ltr' id='par_1_91' title="bbox 1103 1494 1892 1532">
     <span class='ocr_line' id='line_1_91' title="bbox 1103 1494 1892 1532; baseline -0.004 -9"><span class='ocrx_word' id='word_1_648' title='bbox 1103 1498 1201 1532; x_wconf 69' lang='grc' dir='ltr'><strong>νεφέλη</strong></span> <span class='ocrx_word' id='word_1_649' title='bbox 1217 1497 1320 1524; x_wconf 72' lang='grc' dir='ltr'><strong>ἄνωθεν</strong></span> <span class='ocrx_word' id='word_1_650' title='bbox 1337 1497 1417 1528; x_wconf 68' lang='grc' dir='ltr'><strong>εὐθὺς</strong></span> <span class='ocrx_word' id='word_1_651' title='bbox 1436 1497 1633 1524; x_wconf 69' lang='grc' dir='ltr'><strong>ὑποκαταόἄπα</strong></span> <span class='ocrx_word' id='word_1_652' title='bbox 1650 1496 1695 1521; x_wconf 69' lang='grc' dir='ltr'><strong>καὶ</strong></span> <span class='ocrx_word' id='word_1_653' title='bbox 1709 1495 1792 1530; x_wconf 79' lang='grc' dir='ltr'><strong>μέσον</strong></span> <span class='ocrx_word' id='word_1_654' title='bbox 1810 1494 1892 1521; x_wconf 67' lang='grc' dir='ltr'><strong>αὑτὸν</strong></span> 
     </span>
    </p>
   </div>
   <div class='ocr_carea' id='block_1_92' title="bbox 1102 1540 1893 1578">
    <p class='ocr_par' dir='ltr' id='par_1_92' title="bbox 1102 1540 1893 1578">
     <span class='ocr_line' id='line_1_92' title="bbox 1102 1540 1893 1578; baseline -0.005 -8"><span class='ocrx_word' id='word_1_655' title='bbox 1102 1545 1236 1578; x_wconf 75' lang='grc' dir='ltr'><strong>ἑστηκότα</strong></span> <span class='ocrx_word' id='word_1_656' title='bbox 1250 1544 1343 1578; x_wconf 59' lang='grc' dir='ltr'><strong>κύκλῳ</strong></span> <span class='ocrx_word' id='word_1_657' title='bbox 1359 1543 1544 1578; x_wconf 68' lang='grc' dir='ltr'><strong>περιλαϐιῦσα</strong></span> <span class='ocrx_word' id='word_1_658' title='bbox 1565 1543 1721 1569; x_wconf 73' lang='grc' dir='ltr'><strong>ἐϐάπτισεν.</strong></span> <span class='ocrx_word' id='word_1_659' title='bbox 1739 1540 1833 1576; x_wconf 79' lang='grc' dir='ltr'><strong>Εἷταή</strong></span> <span class='ocrx_word' id='word_1_660' title='bbox 1851 1549 1893 1567; x_wconf 86' lang='grc' dir='ltr'><strong>νε-</strong></span> 
     </span>
    </p>
   </div>
   <div class='ocr_carea' id='block_1_93' title="bbox 1102 1587 1892 1625">
    <p class='ocr_par' dir='ltr' id='par_1_93' title="bbox 1102 1587 1892 1625">
     <span class='ocr_line' id='line_1_93' title="bbox 1102 1587 1892 1625; baseline -0.003 -9"><span class='ocrx_word' id='word_1_661' title='bbox 1102 1590 1170 1625; x_wconf 82' lang='grc' dir='ltr'><strong>φέλη</strong></span> <span class='ocrx_word' id='word_1_662' title='bbox 1183 1589 1231 1624; x_wconf 83' lang='grc' dir='ltr'><strong>μὲν</strong></span> <span class='ocrx_word' id='word_1_663' title='bbox 1240 1590 1328 1616; x_wconf 77' lang='grc' dir='ltr'><strong>ἄνεισι</strong></span> <span class='ocrx_word' id='word_1_664' title='bbox 1343 1589 1423 1616; x_wconf 77' lang='grc' dir='ltr'><strong>πάλιν</strong></span> <span class='ocrx_word' id='word_1_665' title='bbox 1432 1598 1438 1604; x_wconf 93' lang='grc'><strong>·</strong></span> <span class='ocrx_word' id='word_1_666' title='bbox 1452 1589 1465 1614; x_wconf 82' lang='grc' dir='ltr'><strong>ὁ</strong></span> <span class='ocrx_word' id='word_1_667' title='bbox 1478 1589 1506 1615; x_wconf 83' lang='grc' dir='ltr'>δὲ</span> <span class='ocrx_word' id='word_1_668' title='bbox 1521 1588 1574 1615; x_wconf 78' lang='grc' dir='ltr'><strong>ὑπὸ</strong></span> <span class='ocrx_word' id='word_1_669' title='bbox 1586 1590 1642 1620; x_wconf 84' lang='grc' dir='ltr'><strong>τοῖς</strong></span> <span class='ocrx_word' id='word_1_670' title='bbox 1653 1589 1779 1614; x_wconf 80' lang='grc' dir='ltr'><strong>ἁπάντων</strong></span> <span class='ocrx_word' id='word_1_671' title='bbox 1791 1587 1892 1621; x_wconf 71' lang='grc' dir='ltr'><strong>ὀφθαλ-</strong></span> 
     </span>
    </p>
   </div>
   <div class='ocr_carea' id='block_1_94' title="bbox 1104 1633 1891 1672">
    <p class='ocr_par' dir='ltr' id='par_1_94' title="bbox 1104 1633 1891 1672">
     <span class='ocr_line' id='line_1_94' title="bbox 1104 1633 1891 1672; baseline -0.006 -9"><span class='ocrx_word' id='word_1_672' title='bbox 1104 1638 1164 1672; x_wconf 82' lang='grc' dir='ltr'><strong>μοῖς</strong></span> <span class='ocrx_word' id='word_1_673' title='bbox 1177 1636 1296 1672; x_wconf 74' lang='grc' dir='ltr'><strong>οὐρανίῳ</strong></span> <span class='ocrx_word' id='word_1_674' title='bbox 1324 1636 1425 1670; x_wconf 77' lang='grc' dir='ltr'><strong>νάματι</strong></span> <span class='ocrx_word' id='word_1_675' title='bbox 1457 1635 1679 1670; x_wconf 69' lang='grc' dir='ltr'><strong>βαπτισὰμενος,</strong></span> <span class='ocrx_word' id='word_1_676' title='bbox 1706 1633 1789 1668; x_wconf 73' lang='grc' dir='ltr'><strong>Ὀρᾷν</strong></span> <span class='ocrx_word' id='word_1_677' title='bbox 1816 1633 1891 1668; x_wconf 81' lang='grc' dir='ltr'><strong>ὑμῖν,</strong></span> 
     </span>
    </p>
   </div>
   <div class='ocr_carea' id='block_1_95' title="bbox 1103 1679 1893 1718">
    <p class='ocr_par' dir='ltr' id='par_1_95' title="bbox 1103 1679 1893 1718">
     <span class='ocr_line' id='line_1_95' title="bbox 1103 1679 1893 1718; baseline -0.008 -8"><span class='ocrx_word' id='word_1_678' title='bbox 1103 1683 1167 1718; x_wconf 73' lang='grc' dir='ltr'><strong>ἔφη,</strong></span> <span class='ocrx_word' id='word_1_679' title='bbox 1183 1683 1325 1718; x_wconf 78' lang='grc' dir='ltr'><strong>πρόκειται</strong></span> <span class='ocrx_word' id='word_1_680' title='bbox 1336 1683 1418 1709; x_wconf 78' lang='grc' dir='ltr'><strong>πᾶσιν</strong></span> <span class='ocrx_word' id='word_1_681' title='bbox 1429 1682 1485 1708; x_wconf 76' lang='grc' dir='ltr'><strong>ὅσοι</strong></span> <span class='ocrx_word' id='word_1_682' title='bbox 1497 1682 1654 1716; x_wconf 83' lang='grc' dir='ltr'><strong>Χριστιανοὶ</strong></span> <span class='ocrx_word' id='word_1_683' title='bbox 1670 1680 1720 1714; x_wconf 81' lang='grc' dir='ltr'><strong>μέν</strong></span> <span class='ocrx_word' id='word_1_684' title='bbox 1734 1681 1806 1711; x_wconf 78' lang='grc' dir='ltr'><strong>ἐστε,</strong></span> <span class='ocrx_word' id='word_1_685' title='bbox 1816 1679 1893 1705; x_wconf 74' lang='grc' dir='ltr'><strong>οὔπω</strong></span> 
     </span>
    </p>
   </div>
   <div class='ocr_carea' id='block_1_96' title="bbox 1102 1725 1891 1763">
    <p class='ocr_par' dir='ltr' id='par_1_96' title="bbox 1102 1725 1891 1763">
     <span class='ocr_line' id='line_1_96' title="bbox 1102 1725 1891 1763; baseline -0.005 -8"><span class='ocrx_word' id='word_1_686' title='bbox 1102 1729 1129 1755; x_wconf 74' lang='grc' dir='ltr'><strong>δὲ</strong></span> <span class='ocrx_word' id='word_1_687' title='bbox 1144 1729 1190 1755; x_wconf 76' lang='grc' dir='ltr'><strong>καὶ</strong></span> <span class='ocrx_word' id='word_1_688' title='bbox 1218 1729 1292 1763; x_wconf 74' lang='grc' dir='ltr'><strong>δῆλοι</strong></span> <span class='ocrx_word' id='word_1_689' title='bbox 1322 1727 1372 1762; x_wconf 83' lang='grc' dir='ltr'><strong>τὴν</strong></span> <span class='ocrx_word' id='word_1_690' title='bbox 1386 1727 1525 1754; x_wconf 78' lang='grc' dir='ltr'><strong>εὑσέὃειαν</strong></span> <span class='ocrx_word' id='word_1_691' title='bbox 1556 1725 1625 1753; x_wconf 83' lang='grc' dir='ltr'><strong>εἶναι</strong></span> <span class='ocrx_word' id='word_1_692' title='bbox 1652 1725 1791 1761; x_wconf 70' lang='grc' dir='ltr'><strong>βούλεσθε,</strong></span> <span class='ocrx_word' id='word_1_693' title='bbox 1817 1726 1891 1757; x_wconf 77' lang='grc' dir='ltr'><strong>ὅπως</strong></span> 
     </span>
    </p>
   </div>
   <div class='ocr_carea' id='block_1_97' title="bbox 1101 1772 1892 1808">
    <p class='ocr_par' dir='ltr' id='par_1_97' title="bbox 1101 1772 1892 1808">
     <span class='ocr_line' id='line_1_97' title="bbox 1101 1772 1892 1808; baseline -0.005 -8"><span class='ocrx_word' id='word_1_694' title='bbox 1101 1774 1208 1805; x_wconf 74' lang='grc' dir='ltr'><strong>οὐδενὸς</strong></span> <span class='ocrx_word' id='word_1_695' title='bbox 1221 1774 1298 1808; x_wconf 80' lang='grc' dir='ltr'><strong>ὑμῶν</strong></span> <span class='ocrx_word' id='word_1_696' title='bbox 1309 1773 1370 1799; x_wconf 79' lang='grc' dir='ltr'><strong>οὐδὲ</strong></span> <span class='ocrx_word' id='word_1_697' title='bbox 1384 1772 1544 1806; x_wconf 82' lang='grc' dir='ltr'><strong>προσελθεῖν</strong></span> <span class='ocrx_word' id='word_1_698' title='bbox 1558 1780 1603 1806; x_wconf 85' lang='grc' dir='ltr'><strong>μοι</strong></span> <span class='ocrx_word' id='word_1_699' title='bbox 1618 1772 1689 1806; x_wconf 83' lang='grc' dir='ltr'><strong>τάχα</strong></span> <span class='ocrx_word' id='word_1_700' title='bbox 1705 1772 1892 1806; x_wconf 72' lang='grc' dir='ltr'><strong>θαρσήσαντος</strong></span> 
     </span>
    </p>
   </div>
   <div class='ocr_carea' id='block_1_98' title="bbox 1104 1817 1892 1854">
    <p class='ocr_par' dir='ltr' id='par_1_98' title="bbox 1104 1817 1892 1854">
     <span class='ocr_line' id='line_1_98' title="bbox 1104 1817 1892 1854; baseline -0.005 -8"><span class='ocrx_word' id='word_1_701' title='bbox 1104 1820 1184 1852; x_wconf 78' lang='grc' dir='ltr'><strong>αὐτὸς</strong></span> <span class='ocrx_word' id='word_1_702' title='bbox 1201 1819 1339 1854; x_wconf 75' lang='grc' dir='ltr'><strong>ἐπιφανῶς</strong></span> <span class='ocrx_word' id='word_1_703' title='bbox 1353 1819 1438 1845; x_wconf 76' lang='grc' dir='ltr'><strong>ἐλθὼν</strong></span> <span class='ocrx_word' id='word_1_704' title='bbox 1449 1819 1462 1845; x_wconf 79' lang='grc' dir='ltr'>ὁ</span> <span class='ocrx_word' id='word_1_705' title='bbox 1481 1819 1619 1852; x_wconf 75' lang='grc' dir='ltr'><strong>Δεσπότης</strong></span> <span class='ocrx_word' id='word_1_706' title='bbox 1639 1818 1687 1852; x_wconf 81' lang='grc' dir='ltr'><strong>τῆς</strong></span> <span class='ocrx_word' id='word_1_707' title='bbox 1702 1817 1833 1852; x_wconf 72' lang='grc' dir='ltr'><strong>μεγίστης</strong></span> <span class='ocrx_word' id='word_1_708' title='bbox 1847 1825 1892 1851; x_wconf 87' lang='grc' dir='ltr'><strong>μοι</strong></span> 
     </span>
    </p>
   </div>
   <div class='ocr_carea' id='block_1_99' title="bbox 1103 1865 1892 1902">
    <p class='ocr_par' dir='ltr' id='par_1_99' title="bbox 1103 1865 1892 1902">
     <span class='ocr_line' id='line_1_99' title="bbox 1103 1865 1892 1902; baseline -0.005 -9"><span class='ocrx_word' id='word_1_709' title='bbox 1103 1867 1150 1893; x_wconf 81' lang='grc' dir='ltr'><strong>τοῦ</strong></span> <span class='ocrx_word' id='word_1_710' title='bbox 1181 1867 1369 1902; x_wconf 67' lang='grc' dir='ltr'><strong>βαπτίσματος</strong></span> <span class='ocrx_word' id='word_1_711' title='bbox 1396 1866 1560 1901; x_wconf 72' lang='grc' dir='ltr'><strong>ἐκοινώνησε</strong></span> <span class='ocrx_word' id='word_1_712' title='bbox 1586 1865 1702 1900; x_wconf 79' lang='grc' dir='ltr'><strong>δωρεᾶς.</strong></span> <span class='ocrx_word' id='word_1_713' title='bbox 1730 1865 1814 1891; x_wconf 82' lang='grc' dir='ltr'><strong>Ἰδετε</strong></span> <span class='ocrx_word' id='word_1_714' title='bbox 1836 1872 1892 1890; x_wconf 86' lang='grc' dir='ltr'><strong>τοι-</strong></span> 
     </span>
    </p>
   </div>
   <div class='ocr_carea' id='block_1_100' title="bbox 1104 1910 1894 1948">
    <p class='ocr_par' dir='ltr' id='par_1_100' title="bbox 1104 1910 1894 1948">
     <span class='ocr_line' id='line_1_100' title="bbox 1104 1910 1894 1948; baseline -0.003 -10"><span class='ocrx_word' id='word_1_715' title='bbox 1104 1913 1217 1948; x_wconf 79' lang='grc' dir='ltr'><strong>γαροῠι,</strong></span> <span class='ocrx_word' id='word_1_716' title='bbox 1234 1912 1280 1938; x_wconf 64' lang='grc' dir='ltr'><strong>καὶ</strong></span> <span class='ocrx_word' id='word_1_717' title='bbox 1293 1912 1376 1946; x_wconf 75' lang='grc' dir='ltr'><strong>φόϐου</strong></span> <span class='ocrx_word' id='word_1_718' title='bbox 1393 1912 1440 1938; x_wconf 75' lang='grc' dir='ltr'><strong>καὶ</strong></span> <span class='ocrx_word' id='word_1_719' title='bbox 1469 1911 1569 1942; x_wconf 77' lang='grc' dir='ltr'><strong>δειλίας</strong></span> <span class='ocrx_word' id='word_1_720' title='bbox 1585 1913 1634 1945; x_wconf 75' lang='grc' dir='ltr'><strong>τῆς</strong></span> <span class='ocrx_word' id='word_1_721' title='bbox 1657 1910 1785 1944; x_wconf 82' lang='grc' dir='ltr'><strong>ἀγεννοῦς</strong></span> <span class='ocrx_word' id='word_1_722' title='bbox 1804 1911 1894 1937; x_wconf 84' lang='grc' dir='ltr'><strong>ἁπαλ-</strong></span> 
     </span>
    </p>
   </div>
   <div class='ocr_carea' id='block_1_101' title="bbox 1104 1958 1894 1993">
    <p class='ocr_par' dir='ltr' id='par_1_101' title="bbox 1104 1958 1894 1993">
     <span class='ocr_line' id='line_1_101' title="bbox 1104 1958 1894 1993; baseline -0.003 -8"><span class='ocrx_word' id='word_1_723' title='bbox 1104 1959 1215 1993; x_wconf 86' lang='grc' dir='ltr'><strong>λάγητε.</strong></span> <span class='ocrx_word' id='word_1_724' title='bbox 1230 1959 1285 1985; x_wconf 76' lang='grc' dir='ltr'><strong>Καὶ</strong></span> <span class='ocrx_word' id='word_1_725' title='bbox 1301 1959 1333 1985; x_wconf 78' lang='grc' dir='ltr'><strong>σὺ</strong></span> <span class='ocrx_word' id='word_1_726' title='bbox 1345 1958 1383 1990; x_wconf 82' lang='grc' dir='ltr'><strong>δὲ,</strong></span> <span class='ocrx_word' id='word_1_727' title='bbox 1400 1958 1564 1993; x_wconf 71' lang='grc' dir='ltr'><strong>περέἦλεπτε</strong></span> <span class='ocrx_word' id='word_1_728' title='bbox 1576 1958 1698 1993; x_wconf 81' lang='grc' dir='ltr'><strong>ἡγεμὼν,</strong></span> <span class='ocrx_word' id='word_1_729' title='bbox 1711 1958 1809 1992; x_wconf 82' lang='grc' dir='ltr'><strong>μανίας</strong></span> <span class='ocrx_word' id='word_1_730' title='bbox 1817 1958 1894 1984; x_wconf 74' lang='grc' dir='ltr'><strong>οὐδὲν</strong></span> 
     </span>
    </p>
   </div>
   <div class='ocr_carea' id='block_1_102' title="bbox 1105 2003 1894 2040">
    <p class='ocr_par' dir='ltr' id='par_1_102' title="bbox 1105 2003 1894 2040">
     <span class='ocr_line' id='line_1_102' title="bbox 1105 2003 1894 2040; baseline -0.005 -8"><span class='ocrx_word' id='word_1_731' title='bbox 1105 2005 1221 2040; x_wconf 69' lang='grc' dir='ltr'><strong>ἐχούσης</strong></span> <span class='ocrx_word' id='word_1_732' title='bbox 1239 2004 1377 2036; x_wconf 84' lang='grc' dir='ltr'><strong>λυσιτελὲς</strong></span> <span class='ocrx_word' id='word_1_733' title='bbox 1389 2004 1521 2035; x_wconf 76' lang='grc' dir='ltr'><strong>ἀποστὰς,</strong></span> <span class='ocrx_word' id='word_1_734' title='bbox 1538 2003 1623 2037; x_wconf 83' lang='grc' dir='ltr'><strong>γνῶθι</strong></span> <span class='ocrx_word' id='word_1_735' title='bbox 1638 2003 1690 2030; x_wconf 76' lang='grc' dir='ltr'><strong>τίνι</strong></span> <span class='ocrx_word' id='word_1_736' title='bbox 1704 2003 1764 2038; x_wconf 84' lang='grc' dir='ltr'><strong>Θεῷ</strong></span> <span class='ocrx_word' id='word_1_737' title='bbox 1781 2003 1894 2029; x_wconf 77' lang='grc' dir='ltr'><strong>σεαυτὸν</strong></span> 
     </span>
    </p>
   </div>
   <div class='ocr_carea' id='block_1_103' title="bbox 1105 2049 1896 2086">
    <p class='ocr_par' dir='ltr' id='par_1_103' title="bbox 1105 2049 1896 2086">
     <span class='ocr_line' id='line_1_103' title="bbox 1105 2049 1896 2086; baseline -0.004 -8"><span class='ocrx_word' id='word_1_738' title='bbox 1105 2052 1210 2086; x_wconf 75' lang='grc' dir='ltr'><strong>ἀλόγως</strong></span> <span class='ocrx_word' id='word_1_739' title='bbox 1228 2051 1447 2084; x_wconf 81' lang='grc' dir='ltr'><strong>ὲξεπολέμωσας,</strong></span> <span class='ocrx_word' id='word_1_740' title='bbox 1465 2050 1510 2076; x_wconf 74' lang='grc' dir='ltr'><strong>καὶ</strong></span> <span class='ocrx_word' id='word_1_741' title='bbox 1522 2050 1599 2081; x_wconf 79' lang='grc' dir='ltr'><strong>ὅπως</strong></span> <span class='ocrx_word' id='word_1_742' title='bbox 1611 2050 1658 2075; x_wconf 80' lang='grc' dir='ltr'><strong>ὑπ’</strong></span> <span class='ocrx_word' id='word_1_743' title='bbox 1670 2049 1744 2085; x_wconf 82' lang='grc' dir='ltr'><strong>αὐτῷ</strong></span> <span class='ocrx_word' id='word_1_744' title='bbox 1756 2049 1896 2080; x_wconf 71' lang='grc' dir='ltr'><strong>δικάζοντι</strong></span> 
     </span>
    </p>
   </div>
   <div class='ocr_carea' id='block_1_104' title="bbox 1112 2097 1565 2134">
    <p class='ocr_par' dir='ltr' id='par_1_104' title="bbox 1112 2097 1565 2134">
     <span class='ocr_line' id='line_1_104' title="bbox 1112 2097 1565 2134; baseline -0.004 -10"><span class='ocrx_word' id='word_1_745' title='bbox 1112 2099 1218 2134; x_wconf 79' lang='grc' dir='ltr'><strong>μέλλεις</strong></span> <span class='ocrx_word' id='word_1_746' title='bbox 1233 2098 1284 2133; x_wconf 75' lang='grc' dir='ltr'><strong>τὴν</strong></span> <span class='ocrx_word' id='word_1_747' title='bbox 1299 2097 1411 2124; x_wconf 75' lang='grc' dir='ltr'><strong>κόλασιν</strong></span> <span class='ocrx_word' id='word_1_748' title='bbox 1425 2097 1565 2132; x_wconf 70' lang='grc' dir='ltr'><strong>ὑποσχεῖν.</strong></span> 
     </span>
    </p>
   </div>
   <div class='ocr_carea' id='block_1_105' title="bbox 1143 2233 1896 2270">
    <p class='ocr_par' dir='ltr' id='par_1_105' title="bbox 1143 2233 1896 2270">
     <span class='ocr_line' id='line_1_105' title="bbox 1143 2233 1896 2270; baseline 0 -10"><span class='ocrx_word' id='word_1_749' title='bbox 1143 2233 1204 2260; x_wconf 87' lang='grc' dir='ltr'><strong>ΛΓ¹.</strong></span> <span class='ocrx_word' id='word_1_750' title='bbox 1224 2234 1301 2261; x_wconf 80' lang='grc' dir='ltr'><strong>Οὕτω</strong></span> <span class='ocrx_word' id='word_1_751' title='bbox 1324 2234 1513 2270; x_wconf 74' lang='grc' dir='ltr'><strong>φθεγξαμένου</strong></span> <span class='ocrx_word' id='word_1_752' title='bbox 1530 2235 1576 2262; x_wconf 79' lang='grc' dir='ltr'><strong>τοῦ</strong></span> <span class='ocrx_word' id='word_1_753' title='bbox 1596 2235 1734 2270; x_wconf 83' lang='grc' dir='ltr'><strong>μάρτυρος</strong></span> <span class='ocrx_word' id='word_1_754' title='bbox 1759 2234 1896 2269; x_wconf 82' lang='grc' dir='ltr'><strong>ὁὴγεμὼν</strong></span> 
     </span>
    </p>
   </div>
   <div class='ocr_carea' id='block_1_106' title="bbox 1109 2277 1897 2316">
    <p class='ocr_par' dir='ltr' id='par_1_106' title="bbox 1109 2277 1897 2316">
     <span class='ocr_line' id='line_1_106' title="bbox 1109 2277 1897 2316; baseline 0 -10"><span class='ocrx_word' id='word_1_755' title='bbox 1109 2280 1177 2315; x_wconf 85' lang='grc' dir='ltr'><strong>μήτε</strong></span> <span class='ocrx_word' id='word_1_756' title='bbox 1194 2281 1299 2312; x_wconf 80' lang='grc' dir='ltr'><strong>τούτοις</strong></span> <span class='ocrx_word' id='word_1_757' title='bbox 1324 2277 1364 2311; x_wconf 71' lang='grc' dir='ltr'><strong>οἷς</strong></span> <span class='ocrx_word' id='word_1_758' title='bbox 1391 2280 1492 2315; x_wconf 74' lang='grc' dir='ltr'><strong>ἢκουσε</strong></span> <span class='ocrx_word' id='word_1_759' title='bbox 1517 2281 1586 2316; x_wconf 84' lang='grc' dir='ltr'><strong>μήτε</strong></span> <span class='ocrx_word' id='word_1_760' title='bbox 1604 2277 1644 2311; x_wconf 77' lang='grc' dir='ltr'><strong>οἷς</strong></span> <span class='ocrx_word' id='word_1_761' title='bbox 1659 2278 1713 2306; x_wconf 79' lang='grc' dir='ltr'><strong>εἶδε</strong></span> <span class='ocrx_word' id='word_1_762' title='bbox 1736 2280 1897 2316; x_wconf 81' lang='grc' dir='ltr'><strong>παραδόξοις</strong></span> 
     </span>
    </p>
   </div>
   <div class='ocr_carea' id='block_1_107' title="bbox 1107 2326 1897 2361">
    <p class='ocr_par' dir='ltr' id='par_1_107' title="bbox 1107 2326 1897 2361">
     <span class='ocr_line' id='line_1_107' title="bbox 1107 2326 1897 2361; baseline 0 -9"><span class='ocrx_word' id='word_1_763' title='bbox 1107 2326 1183 2360; x_wconf 85' lang='grc' dir='ltr'><strong>ὅμως</strong></span> <span class='ocrx_word' id='word_1_764' title='bbox 1211 2326 1356 2361; x_wconf 62' lang='grc' dir='ltr'><strong>προσσχὼν</strong></span> <span class='ocrx_word' id='word_1_765' title='bbox 1389 2326 1507 2361; x_wconf 80' lang='grc' dir='ltr'><strong>(τυφλὸν</strong></span> <span class='ocrx_word' id='word_1_766' title='bbox 1521 2327 1575 2361; x_wconf 86' lang='grc' dir='ltr'><strong>γὰρ</strong></span> <span class='ocrx_word' id='word_1_767' title='bbox 1607 2326 1762 2361; x_wconf 77' lang='grc' dir='ltr'><strong>ἀκριϐῶςὴ</strong></span> <span class='ocrx_word' id='word_1_768' title='bbox 1788 2326 1897 2360; x_wconf 84' lang='grc' dir='ltr'><strong>κακία),</strong></span> 
     </span>
    </p>
   </div>
   <div class='ocr_carea' id='block_1_108' title="bbox 1108 2371 1898 2408">
    <p class='ocr_par' dir='ltr' id='par_1_108' title="bbox 1108 2371 1898 2408">
     <span class='ocr_line' id='line_1_108' title="bbox 1108 2371 1898 2408; baseline -0.001 -9"><span class='ocrx_word' id='word_1_769' title='bbox 1108 2371 1202 2400; x_wconf 85' lang='grc' dir='ltr'><strong>Ταῦτα</strong></span> <span class='ocrx_word' id='word_1_770' title='bbox 1222 2372 1283 2407; x_wconf 80' lang='grc' dir='ltr'><strong>μὲν,</strong></span> <span class='ocrx_word' id='word_1_771' title='bbox 1304 2371 1375 2404; x_wconf 81' lang='grc' dir='ltr'><strong>εἷπε,</strong></span> <span class='ocrx_word' id='word_1_772' title='bbox 1400 2372 1530 2407; x_wconf 81' lang='grc' dir='ltr'><strong>Φιλῆμον,</strong></span> <span class='ocrx_word' id='word_1_773' title='bbox 1547 2373 1610 2408; x_wconf 77' lang='grc' dir='ltr'><strong>ὲᾷν·</strong></span> <span class='ocrx_word' id='word_1_774' title='bbox 1639 2373 1716 2399; x_wconf 68' lang='grc' dir='ltr'><strong>οὐδὲν</strong></span> <span class='ocrx_word' id='word_1_775' title='bbox 1731 2373 1784 2407; x_wconf 78' lang='grc' dir='ltr'><strong>γὰρ</strong></span> <span class='ocrx_word' id='word_1_776' title='bbox 1800 2372 1840 2398; x_wconf 78' lang='grc' dir='ltr'><strong>ὅτι</strong></span> <span class='ocrx_word' id='word_1_777' title='bbox 1860 2373 1898 2408; x_wconf 85' lang='grc' dir='ltr'><strong>μὴ</strong></span> 
     </span>
    </p>
   </div>
   <div class='ocr_carea' id='block_1_109' title="bbox 1107 2418 1897 2453">
    <p class='ocr_par' dir='ltr' id='par_1_109' title="bbox 1107 2418 1897 2453">
     <span class='ocr_line' id='line_1_109' title="bbox 1107 2418 1897 2453; baseline 0 -9"><span class='ocrx_word' id='word_1_778' title='bbox 1107 2418 1258 2453; x_wconf 79' lang='grc' dir='ltr'><strong>ὀφθαλμῶν</strong></span> <span class='ocrx_word' id='word_1_779' title='bbox 1274 2418 1366 2453; x_wconf 69' lang='grc' dir='ltr'><strong>ἀπάτη</strong></span> <span class='ocrx_word' id='word_1_780' title='bbox 1387 2418 1467 2453; x_wconf 78' lang='grc' dir='ltr'><strong>μόνον</strong></span> <span class='ocrx_word' id='word_1_781' title='bbox 1492 2418 1541 2444; x_wconf 74' lang='grc' dir='ltr'><strong>καὶ</strong></span> <span class='ocrx_word' id='word_1_782' title='bbox 1565 2418 1692 2453; x_wconf 76' lang='grc' dir='ltr'><strong>τερατεία</strong></span> <span class='ocrx_word' id='word_1_783' title='bbox 1705 2426 1712 2433; x_wconf 92' lang='grc'><strong>·</strong></span> <span class='ocrx_word' id='word_1_784' title='bbox 1745 2419 1776 2445; x_wconf 72' lang='grc' dir='ltr'><strong>σὺ</strong></span> <span class='ocrx_word' id='word_1_785' title='bbox 1794 2418 1821 2445; x_wconf 77' lang='grc' dir='ltr'><strong>δὲ</strong></span> <span class='ocrx_word' id='word_1_786' title='bbox 1837 2419 1897 2445; x_wconf 73' lang='grc' dir='ltr'><strong>ὅτου</strong></span> 
     </span>
    </p>
   </div>
   <div class='ocr_carea' id='block_1_110' title="bbox 1108 2464 1898 2500">
    <p class='ocr_par' dir='ltr' id='par_1_110' title="bbox 1108 2464 1898 2500">
     <span class='ocr_line' id='line_1_110' title="bbox 1108 2464 1898 2500; baseline -0.001 -9"><span class='ocrx_word' id='word_1_787' title='bbox 1108 2465 1189 2500; x_wconf 73' lang='grc' dir='ltr'><strong>χάριν</strong></span> <span class='ocrx_word' id='word_1_788' title='bbox 1206 2465 1291 2499; x_wconf 79' lang='grc' dir='ltr'><strong>ἡδέων</strong></span> <span class='ocrx_word' id='word_1_789' title='bbox 1306 2464 1377 2491; x_wconf 78' lang='grc' dir='ltr'><strong>οὕτω</strong></span> <span class='ocrx_word' id='word_1_790' title='bbox 1398 2465 1570 2500; x_wconf 80' lang='grc' dir='ltr'><strong>πραγμάτων</strong></span> <span class='ocrx_word' id='word_1_791' title='bbox 1595 2465 1703 2498; x_wconf 81' lang='grc' dir='ltr'><strong>ἀμελῶς</strong></span> <span class='ocrx_word' id='word_1_792' title='bbox 1719 2465 1797 2498; x_wconf 75' lang='grc' dir='ltr'><strong>ἔσχες</strong></span> <span class='ocrx_word' id='word_1_793' title='bbox 1824 2464 1898 2495; x_wconf 75' lang='grc' dir='ltr'><strong>εἰπὲ,</strong></span> 
     </span>
    </p>
   </div>
   <div class='ocr_carea' id='block_1_111' title="bbox 1108 2510 1899 2545">
    <p class='ocr_par' dir='ltr' id='par_1_111' title="bbox 1108 2510 1899 2545">
     <span class='ocr_line' id='line_1_111' title="bbox 1108 2510 1899 2545; baseline 0 -9"><span class='ocrx_word' id='word_1_794' title='bbox 1108 2510 1147 2543; x_wconf 83' lang='grc' dir='ltr'><strong>ὡς</strong></span> <span class='ocrx_word' id='word_1_795' title='bbox 1165 2511 1234 2545; x_wconf 76' lang='grc' dir='ltr'><strong>μήτε</strong></span> <span class='ocrx_word' id='word_1_796' title='bbox 1253 2510 1308 2537; x_wconf 88' lang='grc' dir='ltr'><strong>τῶν</strong></span> <span class='ocrx_word' id='word_1_797' title='bbox 1324 2510 1434 2537; x_wconf 78' lang='grc' dir='ltr'><strong>οἰκείων</strong></span> <span class='ocrx_word' id='word_1_798' title='bbox 1448 2511 1537 2537; x_wconf 77' lang='grc' dir='ltr'><strong>αὐλῶν</strong></span> <span class='ocrx_word' id='word_1_799' title='bbox 1552 2511 1656 2545; x_wconf 80' lang='grc' dir='ltr'><strong>μηδένα</strong></span> <span class='ocrx_word' id='word_1_800' title='bbox 1666 2510 1745 2544; x_wconf 88' lang='grc' dir='ltr'><strong>λόγον</strong></span> <span class='ocrx_word' id='word_1_801' title='bbox 1759 2511 1899 2537; x_wconf 79' lang='grc' dir='ltr'><strong>ποιεῖσθαι</strong></span> 
     </span>
    </p>
   </div>
   <div class='ocr_carea' id='block_1_112' title="bbox 1111 2556 1900 2592">
    <p class='ocr_par' dir='ltr' id='par_1_112' title="bbox 1111 2556 1900 2592">
     <span class='ocr_line' id='line_1_112' title="bbox 1111 2556 1900 2592; baseline 0 -10"><span class='ocrx_word' id='word_1_802' title='bbox 1111 2557 1181 2592; x_wconf 87' lang='grc' dir='ltr'><strong>μήτε</strong></span> <span class='ocrx_word' id='word_1_803' title='bbox 1197 2556 1246 2590; x_wconf 80' lang='grc' dir='ltr'><strong>τῆς</strong></span> <span class='ocrx_word' id='word_1_804' title='bbox 1267 2556 1398 2590; x_wconf 90' lang='grc' dir='ltr'><strong>μεγίστης</strong></span> <span class='ocrx_word' id='word_1_805' title='bbox 1417 2556 1496 2591; x_wconf 80' lang='grc' dir='ltr'><strong>ἡμῶν</strong></span> <span class='ocrx_word' id='word_1_806' title='bbox 1519 2557 1616 2591; x_wconf 77' lang='grc' dir='ltr'><strong>ἑορτῆς</strong></span> <span class='ocrx_word' id='word_1_807' title='bbox 1642 2557 1703 2591; x_wconf 85' lang='grc' dir='ltr'><strong>μηδ’</strong></span> <span class='ocrx_word' id='word_1_808' title='bbox 1717 2557 1754 2587; x_wconf 79' lang='grc' dir='ltr'><strong>είς</strong></span> <span class='ocrx_word' id='word_1_809' title='bbox 1769 2556 1900 2592; x_wconf 83' lang='grc' dir='ltr'><strong>βραχεῖαν</strong></span> 
     </span>
    </p>
   </div>
   <div class='ocr_carea' id='block_1_113' title="bbox 1110 2601 1899 2636">
    <p class='ocr_par' dir='ltr' id='par_1_113' title="bbox 1110 2601 1899 2636">
     <span class='ocr_line' id='line_1_113' title="bbox 1110 2601 1899 2636; baseline 0 -8"><span class='ocrx_word' id='word_1_810' title='bbox 1110 2601 1263 2636; x_wconf 75' lang='grc' dir='ltr'><strong>ἀνάμνησιν</strong></span> <span class='ocrx_word' id='word_1_811' title='bbox 1282 2601 1420 2635; x_wconf 77' lang='grc' dir='ltr'><strong>ἔρχεσθαι,</strong></span> <span class='ocrx_word' id='word_1_812' title='bbox 1451 2601 1520 2636; x_wconf 88' lang='grc' dir='ltr'><strong>μήτε</strong></span> <span class='ocrx_word' id='word_1_813' title='bbox 1538 2602 1584 2628; x_wconf 82' lang='grc' dir='ltr'><strong>τοῦ</strong></span> <span class='ocrx_word' id='word_1_814' title='bbox 1619 2603 1777 2636; x_wconf 75' lang='grc' dir='ltr'><strong>σύμπαντος</strong></span> <span class='ocrx_word' id='word_1_815' title='bbox 1803 2602 1899 2628; x_wconf 70' lang='grc' dir='ltr'><strong>τούτου</strong></span> 
     </span>
    </p>
   </div>
   <div class='ocr_carea' id='block_1_114' title="bbox 1110 2647 1899 2683">
    <p class='ocr_par' dir='ltr' id='par_1_114' title="bbox 1110 2647 1899 2683">
     <span class='ocr_line' id='line_1_114' title="bbox 1110 2647 1899 2683; baseline -0.001 -9"><span class='ocrx_word' id='word_1_816' title='bbox 1110 2647 1231 2683; x_wconf 81' lang='grc' dir='ltr'><strong>πλήθους</strong></span> <span class='ocrx_word' id='word_1_817' title='bbox 1249 2647 1333 2673; x_wconf 70' lang='grc' dir='ltr'><strong>πόθον</strong></span> <span class='ocrx_word' id='word_1_818' title='bbox 1349 2647 1508 2682; x_wconf 75' lang='grc' dir='ltr'><strong>λαμϐάνειν,</strong></span> <span class='ocrx_word' id='word_1_819' title='bbox 1519 2647 1544 2673; x_wconf 90' lang='grc' dir='ltr'><strong>οἳ</strong></span> <span class='ocrx_word' id='word_1_820' title='bbox 1561 2647 1669 2673; x_wconf 76' lang='grc' dir='ltr'><strong>ἐπειδὰν</strong></span> <span class='ocrx_word' id='word_1_821' title='bbox 1682 2648 1836 2681; x_wconf 86' lang='grc' dir='ltr'><strong>ἀφίκωνται</strong></span> <span class='ocrx_word' id='word_1_822' title='bbox 1849 2648 1899 2681; x_wconf 74' lang='grc' dir='ltr'><strong>μὲν</strong></span> 
     </span>
    </p>
   </div>
   <div class='ocr_carea' id='block_1_115' title="bbox 1111 2693 1900 2729">
    <p class='ocr_par' dir='ltr' id='par_1_115' title="bbox 1111 2693 1900 2729">
     <span class='ocr_line' id='line_1_115' title="bbox 1111 2693 1900 2729; baseline 0.001 -10"><span class='ocrx_word' id='word_1_823' title='bbox 1111 2695 1151 2725; x_wconf 81' lang='grc' dir='ltr'><strong>εἰς</strong></span> <span class='ocrx_word' id='word_1_824' title='bbox 1161 2693 1191 2720; x_wconf 72' lang='grc' dir='ltr'><strong>τὸ</strong></span> <span class='ocrx_word' id='word_1_825' title='bbox 1203 2693 1328 2728; x_wconf 81' lang='grc' dir='ltr'><strong>θέατρον,</strong></span> <span class='ocrx_word' id='word_1_826' title='bbox 1341 2693 1370 2719; x_wconf 76' lang='grc' dir='ltr'><strong>σὲ</strong></span> <span class='ocrx_word' id='word_1_827' title='bbox 1382 2693 1409 2719; x_wconf 79' lang='grc' dir='ltr'><strong>δὲ</strong></span> <span class='ocrx_word' id='word_1_828' title='bbox 1422 2693 1460 2729; x_wconf 83' lang='grc' dir='ltr'><strong>μὴ</strong></span> <span class='ocrx_word' id='word_1_829' title='bbox 1474 2693 1626 2720; x_wconf 78' lang='grc' dir='ltr'><strong>θεάσωνται</strong></span> <span class='ocrx_word' id='word_1_830' title='bbox 1636 2693 1666 2720; x_wconf 82' lang='grc' dir='ltr'><strong>τὺ</strong></span> <span class='ocrx_word' id='word_1_831' title='bbox 1680 2694 1798 2729; x_wconf 75' lang='grc' dir='ltr'><strong>ἐμμελὲς</strong></span> <span class='ocrx_word' id='word_1_832' title='bbox 1811 2694 1900 2720; x_wconf 82' lang='grc' dir='ltr'><strong>ὲκεῐνο</strong></span> 
     </span>
    </p>
   </div>
   <div class='ocr_carea' id='block_1_116' title="bbox 1111 2739 1900 2777">
    <p class='ocr_par' dir='ltr' id='par_1_116' title="bbox 1111 2739 1900 2777">
     <span class='ocr_line' id='line_1_116' title="bbox 1111 2739 1900 2777; baseline -0.003 -9"><span class='ocrx_word' id='word_1_833' title='bbox 1111 2742 1159 2768; x_wconf 78' lang='grc' dir='ltr'><strong>καὶ</strong></span> <span class='ocrx_word' id='word_1_834' title='bbox 1173 2740 1314 2777; x_wconf 84' lang='grc' dir='ltr'><strong>γλαφυρὸν</strong></span> <span class='ocrx_word' id='word_1_835' title='bbox 1333 2739 1440 2775; x_wconf 79' lang='grc' dir='ltr'><strong>ᾄδοντα,</strong></span> <span class='ocrx_word' id='word_1_836' title='bbox 1455 2740 1523 2768; x_wconf 76' lang='grc' dir='ltr'><strong>ἀλλὰ</strong></span> <span class='ocrx_word' id='word_1_837' title='bbox 1536 2739 1599 2769; x_wconf 73' lang='grc' dir='ltr'><strong>τοὺς</strong></span> <span class='ocrx_word' id='word_1_838' title='bbox 1615 2740 1720 2772; x_wconf 54' lang='lat' dir='ltr'><strong>allicit.”</strong></span> <span class='ocrx_word' id='word_1_839' title='bbox 1731 2740 1825 2775; x_wconf 68' lang='grc' dir='ltr'><strong>ἕτερον</strong></span> <span class='ocrx_word' id='word_1_840' title='bbox 1840 2741 1900 2766; x_wconf 68' lang='grc' dir='ltr'><strong>ἀντὶ</strong></span> 
     </span>
    </p>
   </div>
   <div class='ocr_carea' id='block_1_117' title="bbox 1113 2785 1901 2820">
    <p class='ocr_par' dir='ltr' id='par_1_117' title="bbox 1113 2785 1901 2820">
     <span class='ocr_line' id='line_1_117' title="bbox 1113 2785 1901 2820; baseline -0.003 -7"><span class='ocrx_word' id='word_1_841' title='bbox 1113 2786 1161 2813; x_wconf 78' lang='grc' dir='ltr'><strong>σοῦ</strong></span> <span class='ocrx_word' id='word_1_842' title='bbox 1175 2785 1305 2819; x_wconf 76' lang='grc' dir='ltr'><strong>λαῆόντα,</strong></span> <span class='ocrx_word' id='word_1_843' title='bbox 1327 2785 1398 2812; x_wconf 83' lang='grc' dir='ltr'><strong>πόσα</strong></span> <span class='ocrx_word' id='word_1_844' title='bbox 1412 2785 1501 2817; x_wconf 85' lang='grc' dir='ltr'><strong>δοκεῖς</strong></span> <span class='ocrx_word' id='word_1_845' title='bbox 1515 2785 1701 2820; x_wconf 77' lang='grc' dir='ltr'><strong>ἀνοιμώζουσι</strong></span> <span class='ocrx_word' id='word_1_846' title='bbox 1714 2786 1768 2811; x_wconf 82' lang='grc' dir='ltr'><strong>τῶν</strong></span> <span class='ocrx_word' id='word_1_847' title='bbox 1783 2785 1838 2812; x_wconf 86' lang='grc' dir='ltr'><strong>σῶν</strong></span> <span class='ocrx_word' id='word_1_848' title='bbox 1852 2793 1901 2820; x_wconf 74' lang='grc' dir='ltr'><strong>με·</strong></span> 
     </span>
    </p>
   </div>
   <div class='ocr_carea' id='block_1_118' title="bbox 1116 2831 1901 2867">
    <p class='ocr_par' dir='ltr' id='par_1_118' title="bbox 1116 2831 1901 2867">
     <span class='ocr_line' id='line_1_118' title="bbox 1116 2831 1901 2867; baseline -0.003 -8"><span class='ocrx_word' id='word_1_849' title='bbox 1116 2832 1246 2867; x_wconf 70' lang='grc' dir='ltr'><strong>ιινημένοι</strong></span> <span class='ocrx_word' id='word_1_850' title='bbox 1260 2831 1347 2867; x_wconf 70' lang='grc' dir='ltr'><strong>μελῶν</strong></span> <span class='ocrx_word' id='word_1_851' title='bbox 1361 2832 1407 2858; x_wconf 69' lang='grc' dir='ltr'><strong>καὶ</strong></span> <span class='ocrx_word' id='word_1_852' title='bbox 1426 2831 1475 2866; x_wconf 80' lang='grc' dir='ltr'><strong>τῆς</strong></span> <span class='ocrx_word' id='word_1_853' title='bbox 1489 2831 1620 2865; x_wconf 78' lang='grc' dir='ltr'><strong>γλυκείας</strong></span> <span class='ocrx_word' id='word_1_854' title='bbox 1647 2831 1730 2862; x_wconf 66' lang='grc' dir='ltr'><strong>ὅντως</strong></span> <span class='ocrx_word' id='word_1_855' title='bbox 1763 2832 1855 2865; x_wconf 46' lang='lat' dir='ltr'><strong>low/1;</strong></span> <span class='ocrx_word' id='word_1_856' title='bbox 1871 2839 1901 2856; x_wconf 72' lang='grc' dir='ltr'><strong>τε</strong></span> 
     </span>
    </p>
   </div>
  </div>
