2086 3153
161 198 214 230 5ί5

605 201 839 231 MARTYRIUM
857 202 886 231 S.
904 201 1046 231 THYRSl
1068 202 1116 231 ET
1137 202 1342 233 SOCIORUM.

1734 205 1786 236 546

161 260 205 284 καὶ
222 258 351 293 χάριτοςς
374 258 453 285 Ἀλλὰ
474 258 561 286 ταῦτα
577 260 716 295 ὀὴγεμὼν
735 261 835 294 γυναιξὶ.
849 261 944 296 μᾶλλον

1002 261 1094 288 vitatis
1108 265 1135 288 et
1156 261 1274 296 gratiae?
1306 261 1358 288 Sed
1393 261 1449 289 haec
1465 262 1575 296 quidem
1600 271 1708 296 praeses.
1727 272 1788 298 qu.c

160 304 303 339 ῆάνδράσι
326 305 500 340 προσήκοντα
530 305 630 339 λέγων,
649 307 695 333 καλ.
708 307 839 342 κολακείᾳ
860 306 950 334 δουλος

160 351 262 384 ngam!
285 349 454 386 διαφθείρειν
482 351 572 386 ψυχῆς
599 351 739 386 εὐγένειαν
757 352 949 387 προελόμενος.

159 395 288 430 Φιλήμονι
305 396 333 422 δὲ
357 396 484 423 τοσοῦτον
513 397 629 431 ἐμέλησε
661 398 716 424 τῶν
747 398 884 433 ῥηθέντων
899 398 948 429 ὡς,

130 475 132 478 ν
159 441 217 468 ἐπεὶ
229 441 300 475 ἔγνω
315 442 361 468 τὺν
375 442 495 477 ἡγεμόνα
506 443 588 469 οίονεί
603 452 628 469 τι
641 443 739 478 δέλεαρ
751 443 824 478 αὐτῷ
838 444 948 478 προτεί-

124 480 128 481 V
161 496 241 514 νοντα
258 487 319 518 τοὺς
337 484 593 519 αεῖιλοίιςκαὶοῦτως
608 488 689 514 αὑτὸν
704 488 836 523 θηρεῦοαι
847 488 950 523 πειρώ-

161 542 252 568 μενον,
286 534 372 560 ἐδεῖτο
398 533 551 568 θερμότατα
568 533 614 559 τοῦ
639 533 707 560 Θεοῦ
730 534 786 569 πῦρ
802 534 872 561 κατὰ
893 535 948 561 τῶν

158 579 250 605 αὺλῶν
265 580 373 614 ἀφεῖναι
387 581 434 606 καὶ
448 579 551 614 τέφραν
566 580 664 610 αὐτοὺς
686 580 828 614 ἀποφῆναι
842 581 889 606 καὶ
903 580 947 606 κό-

157 634 211 656 νιν,
232 626 398 652 Εἰσάκουσόν
411 634 462 660 μου
474 627 520 652 καὶ
535 625 592 657 νῦν,
610 625 706 660 λέγων,
722 626 806 660 Κύριε
825 626 947 661 βασιλεῦ,

156 673 205 697 καὶ
225 671 318 705 ὥσπερ
333 671 375 697 ἐπ’
387 671 437 705 ἐμὲ
452 671 534 706 ὕδωρ,
551 671 621 698 οὕτω
647 672 693 698 καὶ
723 672 768 698 ἐπὶ
784 672 846 703 τοὺς
864 673 947 706 ἐμοὺς

155 717 257 748 αὐλοὺς
273 716 327 752 πῦρ
342 716 441 743 ἐλθέτω
455 717 501 743 καὶ
519 717 702 751 καταφαγέτω
715 717 823 750 αὐτοὺς,
839 717 886 749 οὓς
900 717 947 744 hri.

155 765 185 790 τ⁵>
205 763 253 790 σὺν
268 762 417 798 μαρτύριον
440 763 487 789 καὶ
497 764 558 795 ταῖς
575 763 671 798 χερσὶν
690 763 760 798 ἔχων
785 763 947 798 παρεθέμην

162 811 343 845 Ἀπολλωνίῳ.
362 809 426 842 Ναὶ,
444 810 569 837 Δέσποτα
599 809 698 844 Ἰησοῦ,
717 810 761 836 ῐνα
778 811 864 844 μηδέν
892 819 944 846 μου

154 856 235 890 τῆσδε
252 856 300 890 τῆς
321 855 532 890 ματαιοτεχνίας
551 855 702 890 ὑπολειφθῇ
727 854 864 890 λείψανον,
879 856 945 891 μηδέ

154 911 194 933 τις
211 902 274 929 ἰδὼν
299 902 354 928 τῶν
377 901 517 935 ἀπίστων,
535 898 627 932 Οὗτοι,
651 902 683 928 ἃν
694 902 778 935 εἴποι,
794 902 946 937 Φιίήμονος

154 957 242 976 αυλσ.
605 963 607 966 ·

188 995 249 1021 AA'.
265 994 349 1021 Οὔπω
364 994 441 1026 τέλος
457 993 610 1028 ἐλάμϐανεν
624 994 641 1028 ἠ
663 993 741 1029 εὐχὴ,
766 994 812 1021 καὶ
828 993 948 1028 σκηπτὸς

155 1041 205 1074 μὲν
220 1041 268 1066 ἐπὶ
282 1040 331 1071 τὰς
357 1040 537 1067 Ἀπολλωνίου
566 1041 661 1074 χεῖρας
679 1040 790 1066 καθίετο
800 1047 808 1056 ο
833 1042 879 1066 καὶ
892 1041 947 1066 τῶν

154 1086 254 1122 χειρῶν
269 1086 317 1120 μὲν
335 1085 495 1120 παραδόξως
515 1086 584 1119 ἁγαν
595 1086 742 1120 ἀπέσχετο,
755 1085 904 1120 κατέφλεξε
920 1085 947 1112 δὲ

154 1133 219 1162 τοὺς
235 1131 331 1162 αὐλοὺς
350 1132 397 1158 καὶ
423 1133 462 1163 είς
485 1131 550 1166 χοῦν
579 1131 680 1163 αὐτοὺς
694 1132 742 1158 καὶ
756 1133 831 1158 κόνιν
847 1132 948 1162 εὐθέως

153 1178 275 1212 διέθηκε,
288 1177 414 1213 καθάπερ
422 1177 494 1210 τινὸς
508 1177 553 1204 τὸν
564 1178 684 1213 σκηπτὸν
697 1179 886 1213 περιάγοντος,
897 1179 945 1204 καὶ

153 1223 235 1250 τίνων
243 1224 290 1258 μὲν
298 1233 313 1258 χ
319 1224 366 1258 ρῆν
373 1224 532 1259 ἀπέχεσθαι,
539 1224 617 1251 τίνων
628 1224 655 1251 δὲ
663 1224 782 1259 ἅψασθαι
789 1224 948 1251 διαδεικνύνι

153 1277 209 1299 τος.
221 1269 358 1295 Ἑντευθεν
369 1268 510 1303 ἀμςότερα
517 1268 692 1304 κατωρθοῦτο
702 1269 788 1295 ταῦτα
801 1278 805 1283 -
816 1269 946 1304 Φιλήμονι

155 1312 206 1346 μὲν
222 1313 276 1349 γὰρ
287 1315 303 1348 ἡ
319 1313 385 1348 εὐχὴ
399 1314 487 1348 πέρας
498 1311 555 1348 εἶχε
570 1313 618 1339 καὶ
642 1314 682 1344 είς
700 1313 780 1348 ἔργον
796 1313 944 1347 ἐξέϐαινεν,

153 1358 327 1392 Ἀπολλωνίῳ
334 1358 361 1384 δὲ
373 1358 422 1393 ήδη
434 1358 503 1392 θύρα
511 1358 578 1394 πρὸς
585 1358 614 1384 τὸ
625 1367 662 1392 μα
668 1358 735 1393 ρτύρ
748 1367 776 1384 ον
783 1358 944 1393 διηνοίγετο.

152 1403 228 1429 Θέων
241 1403 294 1438 γὰρ
305 1403 318 1429 ὁ
327 1403 474 1437 Φιλήμονος
483 1403 595 1438 ἀδελφὸς
604 1403 716 1436 εὐθέως,
725 1403 820 1439 ὥσπερ
831 1403 862 1430 ἐκ
872 1412 945 1436 τινος

151 1449 303 1484 ἀποιτολῆς
318 1449 439 1485 δραμὼν,
454 1450 543 1477 πάντα
550 1450 596 1477 τοῦ
609 1450 746 1486 δράματος
762 1451 890 1486 γνωρίζει
906 1451 944 1486 τῷ

153 1495 279 1529 ἡγεμόνι,
293 1495 367 1527 ὅπως
380 1503 410 1522 τε
427 1496 560 1530 Φιλήμονι
574 1497 622 1530 τὴν
637 1496 741 1522 οἰκείαν
755 1497 852 1530 στολὴν
866 1505 943 1530 περι-

151 1541 251 1567 έϐαλεν
269 1541 459 1575 Ἀπολλώνιος,
476 1542 550 1574 ὅπως
566 1550 594 1568 τε
613 1542 672 1568 ἀντ’
690 1542 796 1569 ἐκείνου
820 1543 944 1577 χωρῆσαι

155 1589 222 1622 πρὸς
238 1588 299 1619 τοὺς
311 1588 418 1622 ἀγῶνα»
431 1588 514 1615 αὑτὸν
535 1589 741 1623 παρεσκεύασε,
752 1589 799 1616 καὶ
813 1589 850 1620 ὡς
862 1590 943 1621 αὐτὸς

153 1631 230 1666 οὗτος
242 1635 285 1669 εῐη
299 1634 349 1669 τῆς
363 1634 467 1661 ἐκείνου
481 1634 631 1670 διαφθορᾶς
642 1634 814 1666 αἰτιώτατος.
830 1635 944 1669 ’Δγεται

153 1678 198 1707 οὖν
214 1681 316 1707 αὐτίκα
330 1681 377 1708 καὶ
390 1681 579 1713 Ἀπολλώνιος,
589 1679 610 1714 ᾧ
627 1681 739 1716 μανικόν
753 1690 779 1708 τι
789 1682 836 1708 καὶ
849 1682 944 1716 ἄγριον

153 1727 295 1762 ἐμϐλέψας
321 1727 480 1763 Ἄρρωνος·
507 1728 539 1754 Τί
567 1727 657 1760 τοῦτο,
689 1728 768 1763 φησι,
788 1728 942 1764 μιαρώτατε

155 1774 268 1800 πάντων
284 1773 447 1808 ἀνθρώπων,
472 1773 485 1800 ὃ
500 1774 547 1800 καὶ
573 1775 648 1809 ἡμᾶς
664 1774 711 1801 καὶ
729 1775 780 1808 τὴν
793 1775 870 1801 πόλιν
896 1774 944 1801 καὶ

152 1820 262 1846 τουτονὶ
277 1820 322 1845 τὸν
336 1819 453 1846 δείλαιον
470 1820 617 1855 εἴργασαι;
641 1820 737 1856 ὅτιπερ
767 1820 943 1856 ἀπονοίίμὲν

153 1865 201 1892 καὶ
214 1864 286 1892 θεῶν
297 1865 344 1892 καὶ
358 1865 448 1900 νόμων
460 1865 650 1900 ὑπερφρονῶν,
662 1865 749 1900 δειλίᾳ
760 1865 787 1892 δὲ
796 1867 844 1896 τὰς
858 1866 944 1900 βασά-

154 1919 215 1939 νους
230 1911 375 1943 ἐκκλίνων,
401 1911 521 1945 ἧμειψάς
540 1919 569 1937 τε
584 1911 651 1945 πρὸς
675 1911 755 1937 αὑτὸν
780 1911 830 1945 τὴν
844 1911 943 1945 ἐσθῆτα

153 1959 199 1984 καί
219 1957 377 1992 μαγγανεία
399 1957 452 1983 τινὶ
478 1956 528 1992 τὴν
543 1957 626 1983 αὐτοῦ
655 1957 768 1992 καρδίαν
789 1957 941 1992 διέτρεψας,

155 2002 290 2036 μεγίστης
306 2001 402 2035 ἡδονῆς
416 2001 465 2035 τὴν
483 2001 559 2027 πόλιν
571 2002 739 2035 ἀποστήσας.
758 2001 831 2027 Ἔδει
847 2009 877 2027 σε
888 2001 943 2028 τοί-

154 2056 210 2079 νυν,
228 2048 254 2073 εἰ
270 2047 320 2078 τὰς
333 2047 456 2077 κολάσεις
473 2045 558 2076 οὕτως
573 2046 729 2078 ἐδεδοίκεις,
748 2047 810 2081 ἐμοὶ
828 2047 943 2081 προσελ-

153 2094 235 2120 θόντα
255 2092 304 2127 τὴν
320 2092 433 2126 γνώμην
444 2092 628 2126 ἀποκαλύψαι.
652 2092 723 2126 Ἐγὼ
744 2092 773 2119 δέ
789 2101 819 2118 σε
835 2093 944 2123 πάντως

153 2140 246 2174 ἀνῆκα
261 2138 294 2165 ἂν
305 2138 397 2173 νόμοις
411 2139 616 2173 φιλανθρωπίας
629 2138 789 2173 πειθόμενος
800 2148 806 2154 ·
823 2140 869 2166 καὶ
881 2139 943 2166 οὔτε

154 2186 185 2211 ἂν
208 2184 292 2215 αὐτὸς
313 2184 467 2218 πράγματα
484 2182 643 2218 εἷχες,ούτε
667 2184 772 2218 ἑτέροις
799 2187 941 2220 παρεῖχες,

154 2232 223 2258 ἀλλὰ
246 2231 323 2262 δέους
353 2230 400 2256 καὶ
420 2229 550 2257 κινδύνων
577 2229 745 2264 ἀπαλλαγεὶς
765 2230 852 2262 ἀδεῶς
878 2231 942 2266 ἔζης

155 2279 201 2304 καὶ
216 2276 410 2311 ἀπραγμόνως.

191 2324 256 2350 ΛΕ’.
287 2322 380 2349 Ταῦτα
410 2322 457 2349 τοῦ
485 2321 621 2357 ἡγεμόνος
649 2322 773 2354 εἰπόντος
799 2322 945 2349 ὑπολαϐὼν

161 2369 359 2400 ¹Λπολλών;ο;·
379 2368 441 2394 Ὀτι
471 2368 520 2402 μὲν
546 2368 666 2401 εὐλόγως
693 2369 769 2403 ἡμᾶς
793 2368 943 2405 διαλοιδορῇ

157 2417 204 2442 καὶ
217 2416 312 2450 ἱῦρεσι
324 2414 444 2447 πλύνεις,
457 2414 517 2441 οὐδὲ
533 2414 614 2446 αὐτὸς
624 2415 656 2440 ἂν
669 2415 825 2448 ἀντείποιμι
838 2412 945 2449 πρῶτος

156 2461 280 2496 ἐμαυτοῦ
311 2461 464 2495 κατήγορος
489 2459 546 2487 ὥν·
577 2461 648 2496 πλὴν
674 2461 724 2496 οὐχ
754 2461 795 2487 ὅτι
810 2461 945 2487 τοσούτων

157 2507 269 2539 ἀγαθῶν
284 2505 379 2540 ἐκείνῳ
396 2507 530 2540 κατέστην
545 2507 643 2538 αἴτιος,
658 2506 716 2533 ἀλλ’
740 2507 781 2532 ὅτι
799 2507 837 2541 μὴ
854 2506 944 2541 πολλῷ

157 2554 292 2588 πρότερον
321 2551 449 2585 ἐμαυτῷ·
479 2552 525 2577 καὶ
550 2553 600 2585 οὐχ
627 2552 667 2578 ὃτι
695 2548 772 2583 οὗτος
803 2552 852 2587 τὴν
875 2551 945 2586 ἐμὴν

158 2599 261 2632 ὲαθῇτα
286 2596 371 2627 ἐνέδυ,
399 2595 456 2621 ἀλλ’
484 2597 526 2622 ὅτι
548 2597 651 2632 ταύτην
678 2597 826 2632 ὲπενδύθην
852 2598 942 2628 αὐτὸς.

159 2644 255 2680 Ὀμως
269 2644 330 2669 ἐπεὶ
346 2642 477 2677 διἀὐτῆς
499 2643 649 2678 ἀμφότεροι
675 2645 810 2679 σωτήριον
837 2644 945 2679 ἀληθῶς

158 2690 259 2725 ἔνωμα
275 2689 407 2725 κρίμασιν
423 2686 463 2721 οἷς
475 2686 546 2715 οἶδεν
569 2690 583 2715 ό
601 2683 718 2725 ἀψευδὴς
746 2690 812 2722 Θεὸς
837 2690 942 2717 ἐνδεδύ-

161 2738 239 2771 μεθα,
255 2736 309 2763 ἴσθι
325 2736 418 2770 σαφῶς
433 2737 470 2768 ὡς
482 2735 544 2762 οὔτε
570 2737 700 2771 Φιλήμων
723 2737 754 2763 τὺ
773 2739 842 2771 μετὰ
857 2738 944 2764 ταῦτα

159 2783 218 2808 οὔτε
241 2784 293 2818 μὴν
310 2782 489 2814 Ἀπολλώνιος
507 2783 577 2814 θεοῖς
593 2782 721 2817 θύσομεν.
761 2783 831 2809 Ἀλλ’
848 2785 872 2810 εί
898 2785 944 2810 καὶ

159 2830 289 2866 πρότερον
306 2839 347 2857 σοι
360 2830 464 2862 δειλίας
480 2830 637 2866 ὑπέςχομεν
660 2830 781 2865 γραφὴν,
800 2831 847 2856 νῦν
864 2831 943 2866 μεγί-

161 2884 225 2911 στην
249 2879 296 2903 καὶ
319 2879 440 2913 φανερὰν
466 2877 637 2912 ἐπιδείξομαι
663 2878 712 2912 τὴν
729 2877 852 2912 ἀνδρίαν.
872 2878 942 2912 Πρὸς

162 2922 246 2948 ταῦτα
257 2922 342 2958 θυμοῦ
359 2924 478 2956 πνεύσας
499 2924 643 2959 Ἀῥριανδς
666 2924 746 2949 αὑτὸν
763 2923 812 2958 μὲν
836 2923 942 2958 μείζοτι

1002 307 1090 341 magis
1103 307 1222 338 feminis,
1240 314 1322 342 quam
1340 306 1408 333 viris
1448 309 1626 339 conreniunt.
1640 308 1788 336 servilibus

1005 352 1148 379 blanditiis
1160 353 1255 379 rolcns
1273 359 1452 387 corrumpere
1469 360 1633 388 generosum
1653 354 1786 381 animum.

1002 396 1156 423 Philemoni
1175 401 1267 424 autem
1298 401 1379 425 tantae
1397 405 1472 425 cura:
1496 398 1608 425 luerunt
1623 405 1656 425 ea
1672 407 1732 432 qua:
1746 399 1789 426 di-

1003 446 1046 468 cta
1063 446 1137 473 sunt,
1155 446 1185 468 ιιι
1208 447 1352 477 postquam
1367 443 1495 478 cognovit
1514 443 1657 476 praesidem
1669 444 1695 470 ei
1708 444 1789 470 tibias

1006 491 1135 521 tanquam
1147 494 1226 514 escas
1243 494 1454 522 proponentem,
1469 493 1497 515 ct
1508 489 1547 515 sic
1564 496 1626 515 cum
1641 494 1787 516 conantem

1001 531 1119 564 illicere,
1136 533 1221 560 Deum
1241 533 1342 567 rogarit
1354 533 1558 565 ardentissime,
1577 538 1606 560 ut
1620 534 1710 568 ignem
1735 533 1788 560 im-

1002 577 1126 605 mitteret
1141 578 1168 605 iu
1183 578 1275 610 tibias,
1293 583 1321 605 et
1335 586 1381 606 eas
1406 579 1433 605 in
1451 579 1572 606 cinerem
1606 579 1744 613 redigeret
1760 583 1789 606 et

1000 626 1142 660 pulverem
1174 633 1181 652 :
1213 625 1317 652 Exaudi
1350 631 1393 652 me
1419 632 1493 652 nunc
1522 632 1643 659 quoque,
1682 624 1788 658 dicens,

999 671 1115 699 Domine
1144 679 1203 703 rex,
1233 675 1262 698 et
1276 671 1416 705 quomodo
1442 678 1526 705 supra
1559 679 1601 697 me
1635 679 1717 705 aqua,
1751 672 1788 698 ita

997 719 1080 745 etiam
1124 725 1209 752 supra
1251 724 1326 744 meas
1363 717 1444 744 tibias
1464 717 1556 743 veniat
1583 717 1663 751 ignis.
1689 721 1717 744 et
1742 724 1790 743 eas

997 763 1123 796 devoret,
1135 771 1217 798 quas,
1234 762 1268 790 ad
1287 769 1363 790 tuum
1382 770 1498 790 currens
1520 763 1690 798 martyrium,
1705 763 1790 797 depo-

997 810 1039 837 sui
1055 809 1128 844 apud
1144 809 1330 844 Apollonium.
1355 809 1405 840 Ita,
1425 808 1541 836 Domine
1569 809 1646 841 ιιι-ευ,
1675 813 1704 835 ιιι
1724 808 1788 835 vani

997 855 1081 890 hujus
1092 855 1146 882 mei
1175 854 1284 882 artificii
1302 854 1384 881 nulla:
1399 859 1565 881 remaneant
1579 854 1712 889 reliquiae,
1737 863 1788 882 nc-

995 909 1050 936 que
1061 909 1108 929 eas
1123 901 1219 928 videns
1243 901 1381 935 quispiam
1398 907 1431 927 ex
1446 900 1603 927 infidelibus
1615 920 1622 933 ,
1635 901 1726 928 dicat:
1742 901 1788 928 lla:

959 937 983 967 Β
999 952 1065 974 sunt
1086 947 1160 974 tibia:
1177 946 1360 974 Philemonis.

1033 992 1153 1020 XXXIV.
1166 991 1292 1019 Nondum
1307 992 1390 1018 ﬁnita:
1404 995 1483 1019 erant
1499 999 1605 1026 preces,
1631 996 1659 1019 et
1670 991 1787 1018 descen-

997 1039 1038 1067 dit
1052 1039 1162 1074 quidem
1184 1039 1288 1066 fulmen
1315 1046 1399 1072 supra
1426 1045 1537 1077 manus_
1551 1038 1701 1072 Apollonii,
1722 1043 1749 1064 et
1771 1046 1786 1066 a

999 1087 1128 1115 manibus
1153 1086 1265 1121 quidem
1281 1086 1418 1113 abstinuit
1429 1085 1641 1117 admirabiliter,
1658 1085 1788 1111 combus-

1000 1134 1036 1162 sit
1049 1139 1141 1161 autem
1159 1133 1253 1165 tibias,
1275 1137 1303 1159 et
1318 1139 1366 1159 eas
1376 1132 1506 1159 continuo
1521 1131 1627 1166 redegit
1651 1131 1678 1158 in
1693 1131 1788 1165 pulve-

998 1188 1056 1207 rem
1069 1184 1096 1207 et
1112 1179 1233 1206 cinerem
1255 1187 1262 1205 :
1286 1177 1398 1213 perinde
1413 1185 1444 1204 ac
1470 1177 1492 1204 si
1508 1177 1612 1204 fulmen
1626 1177 1785 1204 circumdu-

997 1231 1074 1252 ceret
1087 1225 1236 1259 quispiam,
1253 1229 1279 1251 et
1294 1231 1308 1250 ο
1334 1223 1498 1258 quibusnam
1510 1223 1620 1257 quidem
1635 1223 1786 1252 abstinere.

997 1277 1121 1305 quamam
1138 1277 1203 1296 vero
1233 1273 1343 1304 tangere
1361 1273 1496 1303 oporteat,
1523 1268 1693 1296 ostenderet.
1717 1268 1786 1294 Iliuc

998 1321 1111 1350 utraque
1137 1318 1340 1343 successerunt.
1358 1314 1423 1342 Nam
1442 1319 1470 1342 et
1497 1313 1666 1342 Philemonis
1691 1317 1784 1340 votum

996 1362 1145 1389 deductum
1174 1365 1216 1388 est
1233 1361 1267 1388 ad
1287 1360 1436 1393 effectum;
1461 1360 1606 1395 Apollonio
1623 1364 1714 1386 autem
1729 1360 1783 1394 jam

996 1411 1089 1441 aperta
1104 1410 1165 1434 erat
1181 1406 1264 1441 janua
1279 1405 1311 1432 ad
1329 1406 1505 1440 martyrium.
1531 1405 1601 1432 Nam
1619 1404 1712 1431 Theon
1732 1403 1786 1430 fra-

997 1457 1038 1479 ter
1051 1452 1236 1483 Philemonis,
1253 1457 1381 1486 tanquam
1397 1453 1430 1479 ab
1445 1452 1537 1486 aliquo
1547 1451 1786 1482 tnissus,currens

995 1507 1105 1527 onmem
1121 1506 1178 1526 rem
1191 1503 1294 1534 gestam
1312 1498 1449 1533 signiﬁcat
1464 1497 1585 1531 praesidi,
1603 1496 1784 1531 quemadmo-

995 1545 1061 1572 dum
1078 1545 1269 1572 Philemonem
1284 1551 1332 1571 sua
1360 1549 1437 1570 veste
1450 1543 1541 1570 induit
1560 1543 1732 1577 Apollonius,
1756 1546 1785 1568 et

957 1606 978 1636 ο
995 1591 1230 1627 quemadmodum
1248 1590 1382 1622 eﬂ‘ecerit,
1399 1594 1429 1617 ut
1445 1597 1494 1623 ιϊο
1509 1589 1555 1616 illo
1572 1589 1661 1615 adiret
1676 1589 1709 1615 ad
1725 1595 1784 1614 cer-

997 1643 1099 1669 tamen,
1117 1641 1146 1665 et
1159 1642 1189 1665 ut
1217 1637 1300 1664 fuerit
1315 1637 1374 1672 ipse
1390 1635 1535 1671 prmcipua.
1545 1642 1626 1661 causa
1641 1634 1715 1661 illius
1727 1633 1786 1661 exi-

996 1685 1036 1712 tii.
1052 1684 1209 1712 Addueitur
1221 1691 1286 1719 ergo
1303 1691 1365 1710 mox
1382 1689 1493 1717 quoque
1507 1680 1679 1716 Apollonius.
1697 1680 1785 1712 Quem

996 1735 1075 1757 torvo
1088 1734 1116 1758 et
1139 1729 1246 1756 furioso
1271 1728 1348 1756 vultu
1373 1728 1486 1754 intuens
1510 1726 1645 1754 Arrianus
1677 1734 1683 1752 :
1712 1725 1785 1757 Quid

995 1776 1048 1804 hoc
1063 1780 1114 1807 est,
1133 1775 1233 1810 inquit,
1245 1782 1262 1802 ο
1275 1774 1396 1802 omnium
1409 1773 1550 1800 hominum
1560 1772 1784 1803 sceleratissime.

994 1821 1068 1857 quod
1093 1821 1182 1849 fecisti
1195 1825 1223 1849 et
1239 1820 1330 1853 nobis,
1357 1825 1385 1847 et
1401 1819 1518 1852 civitati,
1531 1824 1559 1846 et
1583 1818 1646 1846 huic
1659 1817 1759 1844 misero
1775 1825 1782 1842 :

993 1868 1070 1902 quod
1087 1872 1201 1901 propter
1215 1865 1398 1901 arrogantiam
1431 1865 1542 1900 quidem
1566 1863 1633 1891 deos
1658 1869 1685 1890 et
1710 1864 1784 1898 leges

993 1911 1159 1945 despiciens,
1175 1914 1249 1937 metu
1273 1915 1364 1937 autem
1393 1914 1527 1936 tormenta
1550 1909 1700 1938 declinans,
1721 1915 1783 1935 cum

993 1964 1027 1984 eo
1047 1955 1159 1983 mutasti
1170 1961 1284 1986 vestem,
1297 1959 1326 1982 et
1338 1955 1502 1990 quibusdam
1515 1954 1713 1982 maleﬁciiscor
1724 1954 1785 1988 ejus

994 2002 1162 2037 pervertisti,
1187 2001 1300 2035 privans
1317 2001 1458 2029 civitatem
1476 2001 1594 2028 maxima
1619 1999 1784 2034 voluptate?

994 2048 1157 2082 Oportebat,
1182 2048 1206 2075 si
1223 2048 1262 2074 sic
1280 2048 1394 2075 timebas
1422 2047 1566 2082 supplicia,
1585 2047 1619 2074 ad
1637 2054 1680 2073 me
1707 2053 1783 2074 acce«

995 2094 1071 2126 dere,
1087 2098 1115 2120 et
1130 2098 1206 2121 tuum
1217 2094 1339 2120 animum
1361 2093 1480 2127 aperire.
1509 2093 1567 2127 Ego
1581 2100 1646 2120 vero
1671 2092 1784 2119 omnino

995 2140 1022 2167 id
1043 2139 1091 2167 tibi
1109 2139 1275 2167 remisissem
1298 2140 1357 2174 lege
1373 2138 1551 2166 humanitatis
1571 2142 1599 2166 et
1623 2145 1711 2172 neque
1735 2137 1783 2164 tibi

994 2186 1091 2214 fuisset
1113 2186 1267 2213 exhibitum
1285 2189 1438 2221 negotium,
1462 2191 1552 2219 neque
1569 2189 1598 2211 tu
1610 2183 1784 2211 exhibuisses

995 2233 1057 2260 aliis
1074 2243 1080 2259 :
1098 2233 1146 2260 sed
1159 2232 1292 2259 liberatus
1304 2240 1319 2259 a
1333 2237 1408 2259 metu
1423 2237 1451 2258 et
1467 2231 1609 2267 periculis,
1631 2237 1727 2257 secure
1744 2229 1776 2256 vi-

954 2275 981 2305 D
994 2279 1091 2310 xisses,
1106 2283 1133 2305 et
1148 2278 1207 2306 sine
1224 2279 1277 2305 ulla
1292 2278 1429 2305 molestia.

1030 2324 1140 2352 XXXV.
1170 2324 1233 2352 Haec
1267 2332 1329 2352 cum
1355 2325 1468 2351 dixisset
1496 2331 1614 2359 pra‘ses,
1645 2324 1784 2359 excipiens

995 2371 1180 2406 Apollonius:
1199 2370 1277 2403 Quod
1295 2377 1345 2397 nos
1357 2370 1469 2404 quidem
1494 2369 1668 2397 contumeliis
1682 2374 1708 2396 et
1725 2377 1782 2396 ma-

996 2418 1106 2445 ledictis
1120 2417 1182 2452 jure
1199 2417 1352 2449 insecteris,
1381 2424 1415 2443 ne
1431 2416 1489 2450 ipse
1506 2415 1618 2450 quidem
1645 2416 1769 2443 contradi

995 2464 1095 2496 xerim,
1123 2463 1216 2497 utqui
1233 2463 1367 2497 meipsum
1386 2462 1491 2496 primus
1514 2469 1639 2489 accusem
1659 2470 1666 2488 :
1686 2469 1782 2489 verum

995 2518 1051 2537 non
1066 2510 1139 2541 ideo,
1155 2509 1227 2543 quod
1245 2514 1383 2537 tantorum
1403 2509 1538 2535 bonorum
1563 2507 1602 2534 illi
1622 2514 1704 2534 causa
1722 2507 1782 2534 fue-

996 2556 1060 2588 rim,
1072 2555 1120 2582 scd
1133 2555 1206 2590 quod
1222 2563 1275 2582 non
1295 2555 1361 2581 mihi
1379 2555 1465 2581 multo
1479 2554 1556 2588 prius
1575 2562 1582 2580 :
1596 2558 1624 2581 et
1635 2561 1689 2580 non
1708 2553 1781 2587 quod

997 2602 1055 2635 ipse
1073 2607 1160 2626 meam
1175 2603 1279 2626 vestem
1299 2599 1432 2630 induerit,
1460 2598 1506 2626 sed
1523 2599 1594 2632 quod
1608 2606 1658 2633 ego
1676 2603 1779 2625 vestem

996 2647 1073 2674 illius
1094 2646 1243 2672 induerim.
1258 2645 1392 2678 Quoniam
1407 2649 1496 2671 tamen
1523 2652 1572 2678 per
1599 2644 1683 2678 ipsam
1700 2645 1780 2672 ambo

994 2693 1109 2721 salutari
1125 2692 1287 2719 indumento
1301 2690 1390 2718 induti
1407 2698 1513 2723 sumus,
1536 2691 1570 2717 iis
1582 2691 1702 2726 judieiis,
1721 2698 1781 2725 qum

995 2749 1076 2768 verus
1093 2740 1171 2767 novit
1186 2740 1270 2771 Deus,
1285 2744 1362 2766 certo
1383 2738 1465 2769 scias,
1483 2745 1571 2772 neque
1590 2738 1704 2772 posthac
1719 2738 1782 2765 Phi-

993 2785 1142 2816 lemonem,
1174 2792 1263 2818 neque
1290 2783 1465 2818 Apollonium
1490 2782 1544 2810 diis
1566 2783 1780 2811 sacriﬁcaturus.

994 2831 1072 2864 Quod
1084 2831 1107 2858 si
1124 2830 1200 2865 prius
1219 2829 1376 2856 timiditatis
1391 2837 1405 2856 τι
1420 2833 1445 2856 te
1462 2836 1520 2856 sum
1537 2833 1694 2861 accusatus,
1709 2836 1781 2856 nunc

994 2878 1138 2904 maximam
1154 2881 1181 2903 et
1193 2881 1317 2910 apertam
1331 2876 1474 2902 ostendam
1489 2874 1689 2902 fortitudinem.
1714 2874 1780 2902 Pro-

994 2929 1056 2959 pter
1078 2924 1136 2951 haec
1161 2923 1228 2950 iram
1247 2922 1355 2957 spirans
1384 2922 1527 2955 Arrianus,
1558 2921 1647 2956 ipsum
1668 2920 1778 2952 quidem
