2086 3153
277 208 329 239 54⁸1

891 194 1032 226 MENSIS
1050 192 1266 224 DECEMBER.

1860 191 1914 222 548

276 264 356 300 jubet
390 259 547 294 majoribus
559 263 696 285 reservari
716 254 898 287 cruciatibus,
914 252 1067 281 Philomeni

1121 250 1225 277 κελεύει
1253 249 1405 286 τιμωρίαις
1435 248 1626 285 ταμιευθῆναι,
1655 248 1796 283 Φιλήμονα
1823 248 1850 275 δὲ
1863 249 1916 274 ὑπὸ

273 298 367 337 autem
381 315 396 335 a
417 306 507 333 tribus
521 303 656 332 militibus
669 302 778 330 fortiter
793 300 860 328 caedi
875 300 982 327 oculos.
998 298 1067 326 Cum

273 363 340 382 vero
355 353 472 389 populus
481 359 513 379 ea
523 358 584 386 qua:
594 349 706 381 ﬁebant,
720 355 791 383 aegre
802 347 920 379 tulisset,
928 351 956 373 et
965 345 1068 373 clama-

273 406 325 432 ret,
337 405 367 428 ut
381 399 483 426 milites
496 397 570 424 abeo
583 395 755 423 abstinerent
766 393 775 429 (
787 393 901 420 moleste
910 391 984 418 enim
999 390 1070 417 fere.

274 447 341 473 hant
358 446 435 473 illum
447 443 514 479 pali,
528 441 574 476 qui
588 448 636 468 eos
651 440 792 475 voluptate
820 437 978 468 aﬂecerat),
992 435 1070 462 dice-

274 493 320 521 bat
336 499 437 527 prteses
450 499 457 518 :
471 490 521 517 Tui
537 489 633 516 saltem
645 487 727 514 modo
748 485 892 514 miserere,
909 481 1067 509 Philemon.

274 538 323 565 Sin
340 537 443 569 minus,
466 539 494 563 at
508 533 600 570 populi
618 532 740 568 quidem,
761 531 841 565 cujus
855 537 907 564 pro
924 533 951 555 te
968 527 1070 554 acerbe

276 586 474 620 discerpuntur
491 583 606 610 viscera.
624 581 662 608 Te
679 580 752 607 enim
761 581 871 613 oportet
880 575 1069 606 considerare,

273 631 346 667 quod
359 631 380 658 si
393 635 420 657 te
432 634 484 657 tam
503 635 617 664 parvum
633 631 661 655 et
674 626 734 653 leve
745 625 882 653 subeunte
892 621 1070 657 supplicium,

275 677 425 705 ostendunt
460 680 562 702 tantam
592 672 677 701 animi
707 670 946 707 perturbationem
972 676 978 695 :
1003 667 1070 702 quid

275 725 333 756 lict,
351 723 373 750 si
393 721 545 756 majoribus
573 719 654 748 malis
676 718 823 746 alliciaris?
840 717 897 751 Ego
925 715 1010 747 enim,
1040 718 1071 741 ut

276 770 325 797 tibi
343 776 453 804 quaque
472 774 561 795 meam
578 771 698 794 mentem
726 763 860 800 aperiam,
883 770 938 790 non
965 765 1071 789 temere

275 823 388 852 possum
405 815 523 842 credere
538 813 574 841 iis
590 821 650 848 qua:
677 811 808 839 videntur
824 819 832 837 :
850 809 898 837 sed
923 809 975 836 hoc
1000 807 1071 835 mihi

276 863 326 890 das
341 860 559 897 conjiciendum,
585 858 659 894 quod
684 858 777 893 populi
795 857 892 884 volens
908 856 935 883 in
953 859 978 882 te
993 862 1071 882 amo-

276 917 334 937 rem
354 908 485 943 experiri,
511 906 648 934 simulasti
678 909 704 933 tc
726 912 788 932 esse
815 902 1018 934 Christianum,
1043 905 1072 929 et

278 955 334 982 diis
352 953 510 981 sacriﬁcare
535 951 679 979 recusasti.
707 950 735 977 Si
753 957 818 985 ergo
848 949 908 976 haec
937 951 979 975 est
1004 954 1069 974 vera

278 1007 360 1027 causa
377 1004 430 1026 tua:
444 997 614 1029 mutationis,
633 1001 659 1024 et
683 996 800 1032 pulchre
824 995 907 1028 nosti,
934 999 1068 1030 quantum

277 1044 327 1072 tibi
343 1044 412 1072 bene
425 1043 491 1071 velit
514 1042 643 1078 populus,
670 1046 698 1070 ct
727 1040 974 1077 quemadmodum,
1005 1047 1069 1067 cum

278 1089 329 1116 tibi
345 1088 461 1116 caeditur
477 1088 571 1121 facies,
585 1087 637 1123 ipsi
661 1087 744 1114 corde
757 1091 785 1113 et
798 1086 891 1113 animo
910 1086 999 1121 magis
1010 1085 1069 1112 alli-

277 1135 399 1168 ciuntur,
416 1134 540 1162 saerillca
563 1137 591 1161 tu
608 1140 729 1168 quoque.
761 1131 916 1164 Philemon,
935 1136 964 1159 et
986 1139 1068 1166 quem

276 1188 308 1208 ex
334 1180 454 1207 incussis
469 1179 518 1206 tibi
531 1178 658 1214 colaphis
672 1181 840 1212 acceperunt
853 1177 990 1208 dolorem,
1014 1176 1069 1204 leni

277 1233 327 1260 per
356 1225 499 1260 gaudium,
523 1223 597 1258 quod
627 1228 720 1258 postea
747 1225 942 1256 consequetur.
983 1220 1070 1247 Pran-

278 1272 393 1299 deamus
412 1271 440 1298 in
470 1269 573 1304 templo
600 1269 756 1304 Serapidis,
783 1272 810 1294 et
825 1267 919 1294 laetitia
951 1266 1069 1294 maxima

279 1317 406 1343 fruamur
415 1320 444 1342 et
458 1314 575 1342 deliciis.

314 1361 435 1389 XXXVI.
452 1360 596 1388 Philemon
619 1364 712 1386 autem
725 1358 832 1393 judici:
852 1357 918 1384 Mihi
945 1357 1069 1392 quidem,

278 1409 378 1444 inquit,
394 1415 471 1435 caena
488 1411 583 1442 parata
602 1411 643 1433 est
661 1405 687 1432 in
700 1404 796 1437 cmlis;
814 1404 846 1430 ad
860 1405 992 1439 populum
1005 1412 1070 1432 vero

279 1461 430 1482 conversus
453 1452 546 1485 :Cur,-
576 1452 674 1487 inquit,
699 1452 722 1479 si
745 1459 796 1486 ego
808 1451 908 1484 etedar,
933 1451 1013 1478 vobis
1029 1456 1071 1479 est

280 1499 446 1527 molestum?
466 1499 549 1533 Atqui
568 1498 678 1533 quando
701 1505 776 1525 eratn
798 1496 962 1530 Choraulcs,
990 1498 1069 1525 multi

283 1553 334 1573 nos
349 1545 482 1572 feriebant
516 1544 673 1572 adulatores
693 1553 699 1570 :
714 1549 742 1571 et
760 1550 958 1578 nonnunquam
984 1543 1069 1570 facie-

281 1593 347 1620 bant
362 1594 443 1619 etiam
457 1592 550 1626 pejora
564 1596 590 1618 et
607 1591 751 1626 graviora;
780 1597 827 1618 vos
842 1595 934 1618 autem
947 1590 1070 1618 suaviter
1084 1609 1105 1638 C

278 1645 306 1666 et
322 1638 432 1674 profuse
445 1637 581 1665 ridebatis
596 1657 604 1671 ,
620 1644 736 1671 eamque
748 1643 805 1663 rem
822 1643 871 1664 vos
896 1644 993 1664 revL-ra
1010 1644 1071 1664 esse

278 1689 385 1712 vestras
398 1684 534 1719 putabatis
558 1683 682 1711 delicias.
700 1682 753 1710 Sed
769 1689 844 1709 nunc
855 1687 1070 1710 consentaneum

279 1737 332 1762 est,
347 1737 468 1757 vestrum
497 1729 621 1757 dolorem
650 1736 712 1757 esse
740 1728 863 1756 laetitiam
892 1734 920 1756 et
940 1729 1069 1764 gaudium

280 1777 441 1812 angelorum
457 1785 464 1803 :
480 1783 597 1811 quorum
609 1775 702 1802 laetitia
722 1780 766 1802 est
778 1773 846 1801 mihi
861 1782 965 1810 magnae
983 1782 1070 1808 curae,

281 1828 307 1850 et
324 1829 393 1857 quos
404 1829 454 1857 ego
470 1822 533 1849 volo
549 1829 597 1856 per
613 1828 656 1848 me
670 1821 816 1854 delectare,
834 1828 896 1848 cum
922 1821 973 1848 sim
989 1820 1070 1848 Chri-

281 1869 396 1900 stianus,
421 1871 450 1896 et
475 1867 561 1895 colam
590 1868 733 1902 pietatem.
763 1867 826 1894 Hec
855 1875 918 1896 cum
949 1867 1071 1895 audisset

279 1921 389 1948 praeses,
407 1917 434 1940 et
451 1913 485 1941 de
502 1913 665 1940 Philemone
691 1920 800 1940 omnem
817 1919 893 1948 spem
912 1913 1069 1949 abjecisset,

280 1965 346 1987 tunc
375 1959 402 1987 in
417 1967 480 1987 eum
498 1959 626 1995 graviora
653 1958 813 1994 aggreditur
839 1959 973 1994 supplicia
1002 1968 1010 1987 :
1042 1965 1070 1988 et

279 2006 432 2034 Philemoni
445 2011 473 2033 et
488 2005 635 2041 Apollonio
644 2004 724 2041 jubet
734 2004 842 2040 perfodi
856 2005 935 2035 talos.
950 2009 978 2033 et
990 2005 1070 2033 funes

279 2052 322 2079 eis
336 2051 454 2087 alligari,
468 2055 495 2079 ct
522 2051 563 2079 sic
577 2059 627 2087 per
643 2055 728 2078 totam
749 2050 888 2078 civitatem
907 2050 971 2078 dttci
993 2058 1069 2078 mar-

280 2102 363 2133 tyres.
379 2097 448 2125 Cum
467 2097 522 2124 cito
534 2101 628 2124 autem
646 2097 747 2124 factum
760 2096 869 2128 fuisset,
893 2097 968 2131 quod
980 2097 1069 2132 jusse-

279 2149 331 2176 rat,
344 2152 393 2171 eos
409 2151 506 2171 rursus
517 2143 596 2179 jubet
607 2143 641 2170 ad
659 2151 688 2171 se
705 2143 817 2170 adduci.
833 2142 885 2175 Qui
899 2149 962 2169 cum
976 2147 1070 2170 essent

278 2191 402 2223 adducti,
417 2190 532 2225 propius
550 2189 685 2218 accedens
697 2189 731 2216 ad
746 2189 934 2216 Philemonem
952 2196 958 2214 :
976 2186 1067 2221 Vides,

281 2237 381 2271 inquitl
408 2243 424 2263 ο
440 2235 597 2268 Philemon,
610 2242 694 2270 quam
710 2234 766 2261 sint
781 2233 873 2268 gravia
888 2233 923 2266 {et
940 2233 1067 2266 molesta,

1119 296 1206 330 τριῶν
1229 295 1346 327 εὐτόνως
1372 294 1550 331 στρατιωτῶν
1570 295 1620 326 τὰς
1645 294 1722 329 Wst:
1737 293 1916 329 ῥαπίζεσθαι.

1119 341 1174 369 Τοῦ
1203 341 1291 377 δήμου
1316 342 1344 369 δὲ
1359 343 1416 373 τοῖς
1430 342 1584 376 γινομένοις
1611 342 1854 376 περιπαθήσαντος
1866 341 1917 368 καὶ

1119 389 1272 424 ἀπέχεσθαι
1286 389 1370 415 αὐτοῦ
1396 389 1513 424 βοῶντος
1539 389 1604 420 τοὺς
1628 387 1802 423 στρατιώτας
1819 387 1915 422 (λελὺ-

1121 446 1207 472 πηντο
1219 437 1273 472 γὰρ
1288 437 1385 463 τούτου
1411 437 1563 472 πάσχοντος
1578 436 1608 470 ἐξ
1622 433 1710 470 οὗπερ
1726 436 1826 471 ἡδονὰς
1842 433 1916 471 εἰχον

1120 484 1219 510 ἐκεῖνοι
1232 483 1253 517 ),
1270 483 1283 509 6
1297 483 1422 518 ἡγεμὼν,
1440 483 1500 509 Κᾶν
1512 483 1575 517 ἄρτι
1600 482 1726 515 σεαυτὸν,
1745 479 1818 513 εἷπε,
1833 482 1914 516 Φιλῆ-

1123 538 1183 565 μον,
1217 530 1346 564 ἐλέησον·
1363 530 1386 555 εἰ
1404 529 1428 556 δ’
1452 527 1510 560 οὖν,
1535 528 1603 555 ἀλλὰ
1632 528 1678 555 τὸν
1698 529 1788 563 δῆμον
1807 529 1917 563 πικρῶς

1121 576 1193 612 ὑπὲρ
1205 575 1251 602 σοῦ
1269 577 1303 602 τὰ
1331 575 1474 610 σπλάγχνα
1498 575 1729 610 διαχοπτόμενον·
1759 574 1917 609 λογίζεσθαι

1121 623 1177 658 γάρ
1204 631 1233 649 σε
1265 623 1318 658 χρὴ
1335 622 1382 654 ὡς,
1405 623 1429 648 εί
1461 624 1508 649 καὶ
1525 622 1632 658 κούφην
1656 622 1727 649 οὕτω
1742 625 1790 649 καὶ
1814 624 1917 658 μικρὰν

1123 670 1272 704 ὑπέχοντος
1299 669 1449 703 τιμωρίαν,
1465 669 1594 703 τοιαύτην
1617 668 1819 695 ἐπιδείκνυνται
1835 678 1917 704 περι-

1123 715 1250 746 πάθειαν,
1261 715 1286 742 τί
1304 723 1372 741 ποτε
1387 715 1419 742 ἂν
1432 713 1506 742 οὗτοι
1517 715 1640 746 πάθοιεν,
1655 715 1777 750 μείζοσιν
1794 715 1913 741 ἐκδοθέν-

1121 770 1166 793 τος
1178 762 1276 793 κακοῖς
1291 770 1298 792 ι
1324 761 1395 795 Ἐγὼ
1411 762 1478 796 γὰρ,
1509 761 1552 788 ίνα
1566 770 1606 788 σοι
1624 763 1672 788 καὶ
1687 763 1736 796 τὴν
1751 762 1822 797 ἐμὴν
1834 764 1917 789 ἑκκα-

1122 806 1199 841 λύψω
1209 806 1334 842 γνώμην,
1347 807 1408 834 οὐδὶ
1425 807 1567 834 πιστεύειν
1587 807 1682 837 ἁπλῶς
1698 807 1753 842 ἔχω
1768 808 1829 839 τοῖς
1844 808 1917 842 opto-

1125 853 1235 888 μένοις¹
1253 853 1311 880 ἀλλ’
1323 853 1412 880 ἐκεῖνό
1429 862 1474 888 μοι
1490 853 1570 885 δίδως
1594 854 1721 880 ὑπονοεῖν
1742 853 1780 885 ὡς
1798 854 1852 888 ἄρα
1870 853 1917 880 τὶν

1123 899 1189 934 περὶ
1204 899 1233 925 σὲ
1248 899 1299 934 τῆς
1314 899 1418 931 πόλεως
1431 888 1570 935 γυμνᾶσαι
1592 899 1676 926 πόθον
1693 899 1857 934 βουλόμενος
1872 899 1917 925 τὸν

1122 945 1287 978 Χριστιανὸν
1303 944 1457 980 ὑπεκρίϐης
1486 945 1534 971 καὶ
1550 945 1624 972 θύειν
1642 946 1698 976 τοῖς
1717 944 1789 975 θεοῖς
1807 945 1918 979 ἀπηγέ-

1123 1000 1236 1027 ρευκας.
1250 991 1337 1026 Εἴπερ
1350 988 1397 1018 οὖν
1411 991 1480 1026 αὕτη
1498 991 1599 1025 πιτῆς
1613 991 1767 1026 μεταϐολῆς
1782 991 1798 1026 ἡ
1812 991 1917 1025 ἀληθὴς

1121 1038 1210 1069 αἰτία,
1237 1038 1285 1064 καὶ
1316 1037 1440 1072 ἀκριϐῶς
1456 1037 1543 1071 ἔγνως
1558 1038 1620 1064 ὅσον
1645 1037 1691 1063 ἐπὶ
1708 1038 1749 1063 σοὶ
1766 1037 1812 1064 τοῦ
1829 1037 1918 1071 δήμου

1120 1083 1151 1110 τδ
1165 1083 1288 1119 φίλτρον,
1318 1085 1365 1110 καὶ
1395 1083 1471 1114 ὅπως
1487 1091 1535 1109 σου
1562 1081 1747 1117 ραπιζομένου
1772 1083 1822 1114 τὰς
1835 1083 1916 1117 ὄψεις

1122 1130 1202 1156 αὐτοὶ
1212 1130 1262 1158 τὴν
1283 1129 1398 1164 καρδίαν
1416 1129 1519 1164 μᾶλλον
1538 1128 1586 1155 καὶ
1598 1128 1648 1159 τὰς
1661 1128 1754 1162 ψυχὰς
1766 1128 1918 1163 πάσχουσ·,

1121 1175 1203 1202 θῦσον
1217 1176 1265 1202 καὶ
1282 1176 1374 1207 αὐτὸς,
1391 1175 1525 1210 Φιλῆμον,
1540 1176 1588 1202 καὶ
1603 1175 1654 1211 τὴν
1678 1175 1725 1201 ἐπὶ
1747 1176 1806 1206 τοῖς
1834 1175 1918 1210 ῥαπί-

1122 1229 1206 1256 σμασι
1219 1221 1308 1257 λύπην
1323 1220 1415 1248 αὐτῶν
1429 1221 1473 1247 διὰ
1489 1221 1539 1256 τῆς
1570 1221 1641 1256 μετὰ
1663 1221 1749 1248 ταῦτα
1765 1221 1851 1256 χαρᾶς
1865 1229 1918 1246 πα-

1122 1267 1292 1302 ραμύθησαι,
1312 1267 1586 1302 Ἀριστοποιηθῶμεν
1599 1268 1628 1294 ἐν
1643 1266 1681 1301 τῷ
1697 1266 1855 1302 Σεραπείῳ,
1867 1267 1915 1293 καὶ

1123 1312 1257 1348 μεγίστης
1270 1312 1330 1347 ἅμα
1343 1312 1392 1338 καὶ
1406 1313 1510 1348 τρυφῆς
1528 1312 1575 1339 καὶ
1588 1312 1687 1348 ἡδονῆς
1698 1312 1913 1346 ἀπολαύσωμεν.

1157 1357 1228 1391 Aq'.
1247 1358 1302 1384 Καὶ
1321 1359 1334 1384 ὸ
1359 1357 1488 1392 Φιλήμων
1514 1358 1585 1393 πρὸς
1617 1358 1668 1392 μὲν
1695 1357 1741 1384 τὸν
1768 1358 1918 1392 δικαστὴν,

1127 1403 1206 1438 Ἐμοὶ
1217 1403 1248 1430 τὸ
1262 1403 1382 1436 δεῖπνον,
1405 1401 1493 1436 εἶπεν,
1518 1404 1548 1431 ὲν
1560 1404 1688 1438 οὐρανοῖς
1700 1403 1895 1439 εὐτρεπίζετσι
1909 1411 1916 1418 ·

1123 1450 1190 1485 πρὸς
1207 1450 1236 1476 δὲ
1252 1451 1298 1476 fw
1312 1450 1399 1485 δῆμον
1417 1450 1599 1485 ἐπιστραφεὶς
1613 1470 1622 1482 ,
1648 1450 1729 1486 Ὑμῖν
1748 1449 1776 1476 δὲ
1791 1451 1853 1477 ὅτου
1866 1450 1919 1485 χά-

1124 1505 1167 1532 ριν
1183 1497 1249 1531 ἐμοῦ
1269 1497 1457 1532 ραπιζομίνου
1474 1496 1559 1532 λύπη,
1578 1497 1658 1532 φησὶ,
1690 1497 1780 1524 καίτοι
1797 1497 1918 1532 ὁπηνίκα

1127 1542 1273 1577 Χοραύλης
1287 1540 1330 1579 ἦν,
1347 1543 1442 1570 ἔπαιον
1456 1544 1496 1574 εἰς
1512 1544 1585 1578 ἡμᾶς
1604 1543 1697 1570 πολλοὶ
1715 1543 1770 1570 τῶν
1779 1544 1916 1570 κολάκων·

1123 1589 1182 1616 ιστι
1200 1590 1222 1616 δ’
1237 1589 1282 1616 ὅτε
1305 1589 1354 1617 καὶ
1373 1589 1458 1624 χείρω
1483 1590 1530 1617 καὶ
1547 1589 1688 1625 βαρύτερα
1701 1589 1898 1624 διεπράττοντο

1123 1637 1197 1672 ὑμᾶς
1212 1637 1240 1663 δὲ
1257 1636 1348 1663 πλατὺ
1361 1637 1463 1672 μᾶλλον
1481 1637 1530 1664 καὶ
1550 1637 1659 1671 ἣδιστον
1685 1636 1808 1669 ἐγελᾶτε,
1825 1636 1873 1663 καὶ
1885 1635 1917 1663 τὸ

1123 1684 1240 1718 πρᾶγμα
1251 1683 1360 1719 τρυφὴν
1381 1683 1490 1710 οἰκείαν
1514 1683 1636 1718 ἀτεχνῶς
1659 1683 1812 1718 ἐνομίζετε.
1834 1683 1918 1708 Ἀλλὰ

1122 1729 1169 1756 νῦν
1183 1730 1256 1756 ἔοικε
1273 1729 1324 1765 τὴν
1340 1730 1479 1765 ὑμετέραν
1491 1729 1582 1765 λύπην
1596 1729 1685 1765 χαρὰν
1701 1729 1829 1763 ἀγγέλων
1844 1726 1917 1755 εἶναι

1121 1777 1168 1803 καὶ
1180 1777 1288 1812 ἡδονὴν,
1311 1772 1350 1803 ὧν
1363 1776 1426 1811 ἐμοὶ
1451 1775 1559 1811 σφόδρα
1580 1775 1657 1811 μέλει
1678 1776 1727 1809 τῆς
1744 1775 1917 1810 εὐφροσύνης

1122 1823 1170 1849 καὶ
1185 1822 1232 1855 οὓς
1246 1821 1301 1857 ἐγὼ
1313 1823 1427 1858 τέρπειν
1438 1822 1474 1849 δι’
1489 1820 1609 1857 ἐμαυτοῦ
1630 1821 1772 1856 βούλομαι,
1786 1821 1918 1856 Χριστια-

1122 1869 1166 1900 νὸς
1193 1867 1231 1894 ὢν
1254 1869 1302 1894 καὶ
1327 1867 1473 1899 εὐσεεείας
1500 1859 1746 1902 μεταποιούμενος.
1781 1867 1918 1894 Τούτωνὸ

1122 1914 1234 1950 ἡγεμὼν
1249 1914 1368 1946 ἀκούσας
1386 1915 1434 1941 καὶ
1446 1914 1539 1940 τέλεον
1555 1914 1694 1947 ἀπογνοὺς
1708 1914 1755 1940 τὸν
1765 1914 1917 1949 Φιλήμονα,

1121 1961 1182 1987 τότε
1197 1961 1230 1996 δὴ
1244 1961 1290 1987 καὶ
1309 1960 1469 1996 βαρυτέρων
1495 1959 1555 1987 κατ’
1569 1960 1655 1987 αὐτοῦ
1681 1961 1820 1987 κολάσεων
1832 1961 1918 1986 ἄπτε-

1122 2016 1180 2040 ται,
1193 2009 1241 2034 καὶ
1256 2008 1365 2034 κελεύει
1378 2006 1557 2042 διατρηθῆναι
1567 2007 1698 2041 Φιλήμονι
1715 2007 1763 2033 καὶ
1778 2005 1918 2033 Ἀπολλω-

1121 2054 1170 2089 νίῳ
1189 2054 1251 2086 τοὺς
1269 2054 1324 2081 τῶν
1337 2053 1425 2079 ποδῶν
1438 2053 1629 2088 ἀστραγάλους
1646 2053 1770 2089 σχοίνους
1783 2062 1813 2079 τε
1825 2053 1918 2080 αὐτῶν

1122 2099 1277 2134 ὲκδεθῆναι,
1305 2099 1354 2125 καὶ
1380 2097 1452 2124 οὕτω
1479 2098 1524 2124 διὰ
1539 2099 1629 2133 πάσης
1657 2099 1708 2133 τῆς
1732 2099 1836 2130 πόλεως
1854 2099 1919 2129 τοὺς

1123 2145 1266 2180 μάρτυρας
1279 2145 1416 2171 ἕλκεσθαι.
1433 2145 1538 2172 Θᾶττον
1560 2145 1588 2171 δὲ
1601 2145 1776 2176 τελεσθέντος
1797 2145 1844 2172 τοῦ
1857 2146 1919 2172 ἑπι-

1121 2193 1263 2228 τάγματος
1278 2193 1428 2228 παρίστησι
1438 2192 1484 2218 καὶ
1494 2192 1576 2218 πάλιν
1587 2193 1696 2224 αὐτοὺς,
1707 2192 1754 2219 καὶ
1771 2192 1917 2228 προσσχὼν

1121 2238 1162 2273 τῷ
1183 2238 1334 2273 Φιλήμονι,
1361 2238 1456 2273 Ὁρᾷς,
1484 2233 1508 2265 ὦ
1532 2237 1663 2271 Φιλῆμον,
1693 2235 1781 2269 εἶπεν,
1808 2238 1882 2267 ὅπως
1898 2238 1916 2273 ἠ

277 2290 339 2316 quae
355 2282 521 2314 inferuntur,
545 2280 700 2316 supplicia?
731 2279 784 2307 Ubi
807 2283 850 2306 est
872 2284 964 2306 autent
990 2278 1069 2306 vobis

1123 2283 1177 2310 τῶν
1189 2283 1316 2319 βασάνων
1329 2283 1464 2318 ἐπαγωγὴ
1480 2283 1586 2318 χαλεπὴ
1599 2283 1660 2310 λίαν
1671 2283 1717 2310 καὶ
1729 2283 1914 2319 περιώδυνοςς

279 2328 398 2355 invictus
413 2329 458 2355 ille
471 2327 556 2361 Deus,
586 2331 615 2355 et
631 2335 681 2354 cur
705 2334 762 2354 non
778 2334 828 2354 vos
850 2333 865 2353 a
888 2325 1018 2361 prmsenti
1034 2325 1069 2352 li-

278 2373 388 2401 beravit
413 2373 590 2400 calamitate?
613 2372 655 2400 Ad
678 2373 737 2399 haec
752 2371 918 2399 Philemon:
937 2371 1068 2398 Nondum

281 2422 367 2454 nosti,
384 2422 486 2456 inquit,
512 2421 640 2453 Arriano,
656 2420 888 2456 quemadmodum
903 2427 960 2447 non
977 2418 1070 2447 verbis

279 2469 380 2500 solum,
400 2467 447 2495 sed
458 2467 540 2495 etiam
560 2467 642 2494 factis
664 2466 838 2494 ostendimus
866 2465 1068 2498 fortitudinem,

277 2523 305 2543 et
327 2519 464 2542 tormenta
475 2514 592 2541 vicimus
607 2512 800 2548 experientia?
821 2511 914 2539 Nostri
933 2518 1001 2539 vero
1021 2511 1069 2539 Dei

278 2562 389 2588 virtutis
399 2560 485 2587 multa
501 2558 614 2594 quidem
629 2558 712 2586 etiam
740 2558 793 2585 alia
816 2556 911 2584 vidisti
937 2557 965 2584 in
988 2557 1069 2584 nobis

279 2607 357 2642 signa
373 2614 380 2633 :
398 2613 498 2640 aquam
523 2604 558 2632 de
569 2604 650 2635 coelo,
668 2603 759 2638 ignem
779 2602 813 2630 de
827 2602 908 2635 cmlo,
925 2609 961 2630 ne
977 2602 1068 2630 dicam

278 2661 308 2679 t-a
327 2661 389 2687 qum
405 2652 496 2679 vidisti
511 2659 561 2686 per
576 2651 686 2678 Asclam
713 2654 741 2677 et
762 2648 925 2676 Leonidam.
954 2648 1032 2682 Quod
1045 2649 1068 2676 si

279 2698 361 2724 ttiam
379 2698 456 2732 plura
470 2697 582 2732 quzeris,
595 2704 646 2731 ego
658 2696 706 2723 tibi
719 2702 830 2730 quoque
842 2695 894 2722 alia
905 2694 1066 2729 ostendam;

278 2746 454 2779 primumque
481 2745 529 2772 tibi
554 2744 631 2780 quasi
663 2744 691 2770 in
712 2742 830 2777 imagine
848 2749 982 2776 exponam
998 2749 1069 2776 quo-

279 2791 360 2818 modo
375 2791 409 2817 ab
422 2791 469 2818 illo
485 2791 632 2818 salvantur.
650 2789 713 2817 Haec
731 2796 794 2816 cum
810 2787 935 2819 dixisset,
949 2787 1018 2822 petit
1037 2791 1068 2815 ut

279 2836 330 2863 sibi
349 2840 526 2863 construatur
547 2835 659 2871 quidam
693 2842 782 2862 ocnus
799 2840 893 2861 tenens
907 2852 914 2865 ,
930 2833 1067 2868 signillcat

279 2889 344 2909 vero
371 2882 444 2916 apud
460 2888 520 2913 eos,
535 2882 592 2916 .qui
612 2882 639 2908 in
673 2888 705 2908 ea
733 2880 844 2911 regione
860 2878 987 2905 habitant
1012 2879 1065 2907 hoc

279 2926 454 2960 vocabulum,
484 2926 604 2962 speciem
623 2925 768 2961 quamdam
781 2930 881 2953 currus
893 2923 1047 2952 muliebris.

1123 2329 1177 2356 Ποῦ
1192 2329 1220 2357 δὲ
1236 2330 1281 2356 καὶ
1294 2329 1401 2365 ἄμαχος
1415 2329 1479 2364 ὑμῖν
1492 2330 1594 2361 ἐκεῖνος
1611 2329 1689 2363 Θεὸς,
1705 2330 1752 2356 καὶ
1764 2330 1810 2357 διὰ
1821 2330 1850 2356 τί
1864 2330 1915 2365 τῆς

1121 2376 1263 2412 παρούσης
1290 2376 1363 2412 ὐμᾶς
1377 2376 1501 2410 ἀνάγκης
1519 2375 1570 2402 οὐκ
1593 2375 1710 2408 ἐξείλετο
1723 2384 1730 2409 ;
1745 2376 1816 2410 Πρὸς
1826 2376 1914 2402 ταῦτα

1120 2423 1289 2458 ὁΦιλήμων,
1317 2422 1374 2450 Καὶ
1401 2421 1496 2455 οὔπω,
1518 2423 1611 2457 φησὶν,
1638 2421 1736 2456 ἔγνως,
1772 2422 1913 2458 Ἀρῤιανὲ,

1120 2468 1194 2499 ὅπως
1208 2468 1237 2494 οὐ
1253 2467 1344 2502 λόγοις
1359 2468 1452 2503 μόνον,
1464 2467 1533 2494 ἀλλὰ
1551 2468 1598 2494 καὶ
1622 2467 1714 2503 ἔργοις
1737 2469 1787 2502 τὴν
1810 2477 1914 2503 καρτε-

1121 2514 1183 2550 ρίαν
1197 2514 1410 2549 ὲπιδεδείγμεθα
1425 2514 1474 2541 καὶ
1489 2514 1575 2550 πείρᾳ
1587 2514 1635 2546 τὰς
1646 2514 1781 2549 βασάνου;
1796 2514 1913 2550 ἡλέγξα-

1121 2569 1188 2596 μεν;
1200 2560 1256 2595 Τῆς
1270 2560 1298 2587 δὲ
1309 2560 1356 2587 τοῦ
1368 2562 1506 2597 ἡμετέρου
1523 2560 1591 2587 Θεοῦ
1605 2560 1747 2596 δυνάμεως
1761 2561 1847 2589 πολλὰ
1862 2562 1914 2597 μὲν

1120 2605 1190 2639 εἶδες
1208 2606 1253 2642 ἐφ’
1271 2607 1337 2642 ἡμῖν
1354 2607 1456 2643 σημεῖα
1475 2607 1522 2634 καὶ
1535 2606 1614 2640 ἄλλα,
1643 2607 1715 2642 ὒξωρ
1731 2607 1760 2640 ἐξ
1783 2608 1913 2644 οὐρανοῦ,

1121 2652 1177 2688 πῦρ
1191 2652 1219 2685 ἐξ
1237 2652 1365 2688 οὐρανοῦ,
1392 2652 1436 2679 ίνα
1463 2654 1501 2688 μὴ
1519 2653 1565 2679 καὶ
1579 2654 1629 2679 ὅσα
1646 2652 1680 2680 δι’
1712 2654 1815 2681 Ἀσκλᾶ
1839 2654 1912 2688 λέγω

1119 2699 1166 2725 καὶ
1184 2698 1318 2725 Λεωνίδου
1334 2698 1481 2726 τεθέασαι·
1498 2700 1523 2725 εί
1537 2699 1564 2726 δὲ
1579 2700 1626 2726 καὶ
1643 2699 1732 2726 πλείω
1743 2700 1912 2736 ζητεῖς,ὲγὼ

1120 2752 1161 2770 σοι
1183 2745 1230 2771 καὶ
1247 2744 1330 2779 ἔτερα
1347 2744 1486 2778 ἐπιδείξω,
1509 2745 1643 2781 πρότερον
1666 2746 1695 2773 δὲ
1708 2747 1757 2773 καὶ
1769 2747 1844 2778 ὅπως
1857 2756 1912 2781 φυ-

1119 2789 1253 2825 λάττομαι
1268 2790 1333 2825 παρ’
1350 2789 1446 2824 αὑτοῦ,
1473 2791 1602 2828 καθάπερ
1614 2792 1643 2819 ὲν
1658 2792 1736 2828 τύπῳ
1751 2794 1806 2820 τινὶ
1818 2801 1911 2828 παρα-

1121 2836 1214 2870 στήσω
1227 2844 1278 2863 σοι.
1295 2836 1390 2864 Ταῦτα
1405 2835 1491 2864 εἰπὼν
1507 2837 1587 2864 ὄκνον
1603 2838 1679 2873 αὑτῷ
1690 2839 1808 2866 αἰτεῖται
1821 2849 1910 2866 κατα-

1119 2881 1302 2916 σκευασῡῆναι
1317 2881 1445 2916 χαλκοῦν.
1462 2882 1593 2910 Βούλεται
1604 2883 1632 2910 δὲ
1646 2884 1727 2911 τοῦτο
1737 2887 1792 2918 τοῖς
1805 2886 1910 2922 ἐπιχω-

1119 2927 1186 2963 ρίοις
1198 2927 1295 2963 δίφρου
1312 2927 1384 2960 τινος
1404 2929 1562 2962 γυναικείου
1578 2926 1649 2962 εἶδος
1666 2927 1746 2958 εἶναι.
