2086 3153
276 121 329 152 555
886 121 1028 152 MENSIS
1048 122 1262 154 DECEMBER.
1840 127 1892 159 556

274 176 338 203 liter
362 175 388 201 in
409 181 443 202 eo
465 174 663 208 quiescentem.
680 173 743 201 Haec
773 182 835 202 cum
863 175 979 203 vidisset
994 176 1050 203 Dio-

1110 178 1257 214 βασιλείοις
1274 178 1345 211 τινὸς
1368 178 1500 214 οἰόμενος.
1522 179 1599 206 Ἐδόα
1619 181 1666 208 οὖν
1689 180 1737 208 καὶ
1751 182 1895 209 συνεκάλει

273 220 419 251 eletiauus,
451 218 503 246 fuit
522 219 704 246 conturbatus
729 224 759 247 et
783 220 943 254 exterritus,
967 221 1045 249 existi

1107 224 1171 254 τοὺς
1182 223 1365 259 βοηθήσοντας
1377 233 1382 239 ·
1399 224 1540 260 Ἀῤῥιανὺς
1550 224 1590 258 δὲ,
1602 226 1649 261 M’q
1660 225 1788 261 θορυὸοὗ,
1799 228 1895 261 πράως

274 274 351 294 manu
374 265 493 300 aliquem
522 272 554 292 ex
571 265 604 292 iis
629 265 675 300 qui
688 269 768 292 erant
781 266 809 293 in
823 266 907 301 regia,
930 267 1050 295 invadert

1109 270 1162 296 ἀπὺ
1173 270 1223 305 τῆς
1237 270 1332 306 κλίνης
1354 271 1429 306 αὑτῷ
1446 271 1627 308 ὑπερεφώνει,
1650 273 1737 304 οὐδεὶς
1756 273 1894 308 ἐπανέστη

271 310 457 347 tyrannidem.
469 309 612 338 Clamabat
626 309 719 344 itaque
728 314 756 338 et
768 313 938 338 convocabat
951 319 1000 339 eos
1011 320 1046 348 qu

1108 315 1163 342 τῶν
1176 315 1228 342 ὑπὸ
1236 317 1328 352 χεῖρα,
1339 316 1393 342 οὐδ’
1406 318 1536 354 ἐπιϐουλή
1544 327 1587 350 τις
1597 319 1742 354 εἷργαοται
1753 320 1826 346 κατὰ
1836 320 1895 352 σοῦ,

270 361 366 385 essent
381 364 461 392 opem
479 356 579 390 laturi;
600 357 733 383 Arrianus
751 365 817 385 vero
830 358 855 385 ei
873 357 971 385 leniter
988 358 1050 385 dixil

1108 360 1165 387 ἀλλ’
1179 361 1235 395 ἐγώ
1253 371 1294 388 σοι
1309 363 1416 395 ἐκεῖνος
1432 363 1576 399 Ἀῤῥιανὸς
1601 365 1615 390 ὁ
1631 364 1743 400 ἡγεμὼν
1760 365 1896 399 Θηϐαΐδος

271 411 286 430 e
302 403 376 430 lecto
390 409 396 428 :
409 402 448 429 Ne
462 401 648 435 conturberis;
664 409 745 428 nemo
762 409 795 429 ex
811 402 844 429 iis
860 402 907 436 qui
923 407 988 430 sunt
1003 408 1050 430 tua

1106 405 1135 433 ὃν
1147 406 1186 438 είς
1199 408 1229 433 τδ
1241 407 1335 442 χάσμα
1351 408 1451 442 βαλὼν,
1465 409 1589 443 Ἰδωμεν,
1601 409 1704 443 ἔλεγες,
1717 411 1742 436 εί
1758 412 1812 438 τῶν
1821 412 1897 446 ἐμῶν

271 447 389 484 subjecti
411 447 551 482 potestati,
579 445 713 473 adversus
742 451 768 474 te
793 447 952 478 insurrcxit.
968 455 1050 482 neque

1108 450 1189 477 αὑτὸν
1205 451 1339 483 ἐξελείται
1356 455 1454 489 χειρῶν
1470 455 1485 481 ὸ
1501 456 1630 489 Χριστός.

273 497 335 524 ullae
357 495 407 523 tibi
425 499 490 522 sunt
513 499 612 530 parata!
630 494 756 528 insidiae;
784 495 830 522 sed
845 502 896 530 ego
910 503 970 523 sum
989 496 1034 523 ille
1053 497 1196 531 Arrianus,
1214 500 1364 528 Thebaidis
1381 506 1558 536 procurator,
1577 511 1658 538 quem
1670 511 1733 531 cum
1748 505 1776 532 in
1787 511 1892 533 vastum

273 544 352 571 illum
384 541 476 578 jecisti
509 541 625 575 hiatum,
644 541 801 574 Videamus,
817 542 939 573 dicebas,
952 550 985 569 an
1000 542 1126 572 Christus
1153 545 1242 580 ipsum
1257 554 1271 573 a
1285 547 1354 574 meis
1372 547 1502 576 liberabit
1517 550 1652 577 manibus.

308 590 405 618 XLlll.
421 590 536 625 Propter
554 589 613 617 hac
629 589 817 617 Diocletianus
833 589 885 616 fuit
899 590 991 617 animo
1006 591 1055 618 oh-

274 637 455 673 stupel‘actus,
471 643 617 671 sermoque
629 635 679 663 fuit
692 636 718 663 ei
732 635 892 670 impeditus,
916 641 945 663 et
967 644 1056 671 neque

275 692 368 712 vocem
383 683 494 718 quidem
518 683 631 709 omnino
648 686 756 717 poterat
771 681 907 710 emittere.
927 682 976 708 Vix
997 686 1057 709 tan-

274 732 335 758 dem
349 730 383 758 ad
397 737 426 758 se
440 729 558 759 rediens,
576 729 649 756 foras
669 728 818 763 processit,
832 729 929 755 timore
947 733 1057 763 pertur-

276 778 365 809 batus,
379 781 407 803 et
426 776 546 803 clamore
569 775 692 809 implevit
711 775 813 809 regiam
837 783 843 801 :
863 774 884 801 0
902 774 1055 808 improbam

274 827 373 855 artem,
391 822 498 854 dicens,
514 829 530 848 ο
550 821 700 856 praestigias
717 820 723 846 Ι
743 828 824 848 nemo
845 821 987 851 hucusque
1003 821 1056 847 tale

274 869 340 903 quid
355 868 429 901 fecit;
442 873 469 895 et
482 867 582 894 multas
592 866 726 901 ejusmodi
739 866 833 893 dicens
844 873 940 901 nugas.
953 866 1057 893 Deinde

273 914 356 942 etiam
376 913 473 949 majori
492 914 531 940 ira
544 920 686 944 accensus,
696 912 775 946 jussit
791 912 881 939 statim
894 920 1003 939 saccum
1014 911 1055 939 af-

273 958 354 990 terri,
371 958 399 985 in
414 965 468 993 quo
482 962 555 985 esset
568 957 678 992 quidem
694 964 789 988 arena,
802 956 849 983 sed
866 964 921 984 non
936 961 1007 984 esset
1024 964 1056 984 ea

273 1005 380 1039 plenus.
392 1004 447 1032 imo
455 1009 528 1031 esset
537 1011 632 1038 magna
642 1011 674 1030 ex
685 1008 760 1038 parte
770 1011 883 1035 vacuus,
897 1008 928 1030 ut
936 1004 1056 1038 pondere

271 1050 395 1085 quidem,
413 1050 512 1080 aiebat.
530 1057 619 1077 arenae
636 1049 764 1077 deorsum
779 1049 903 1077 trahatur
925 1058 932 1076 :
957 1058 991 1077 eo
1008 1058 1057 1076 au-

269 1103 337 1131 tem,
360 1098 434 1133 quod
459 1103 503 1125 est
524 1104 654 1130 vacuum,
680 1097 813 1132 suscipiat
832 1097 998 1130 Arrianum;
1028 1098 1055 1124 in

269 1151 350 1179 quem
364 1143 494 1179 injectum
515 1144 593 1179 jubet
608 1151 671 1171 cum
687 1143 788 1170 dimitti
804 1144 831 1170 in
847 1143 901 1170 alto
916 1144 995 1170 mari.
1011 1143 1055 1170 ln-

269 1188 348 1215 terim
365 1196 431 1215 vero
451 1192 625 1222 protectores
647 1195 769 1222 quoque,
784 1193 814 1214 ut
836 1195 953 1222 quorum
970 1187 1055 1214 animi

269 1234 361 1268 priore
386 1234 519 1261 miraculo
546 1239 639 1261 essent
663 1234 742 1265 moti,
766 1233 932 1260 conﬁtentur
948 1241 978 1260 se
995 1241 1056 1261 esse

269 1280 455 1313 Christianos,
474 1284 502 1306 et
517 1279 680 1306 accedentes
696 1279 730 1305 ad
746 1279 945 1306 Diocletianum
960 1286 968 1305 :
984 1278 1055 1311 Qua-

270 1334 331 1354 nam
356 1326 390 1353 de
414 1333 509 1358 causa,
533 1325 654 1356 aiebant,
671 1325 822 1357 hominem.
839 1325 885 1359 qui
902 1324 971 1351 nihil
989 1324 1053 1350 mali

270 1371 381 1406 quidem
393 1371 470 1402 fecit,
489 1371 543 1397 imo
558 1378 624 1398 vero
637 1370 694 1398 Deo
708 1378 776 1397 vero
789 1374 832 1397 est
851 1371 1015 1405 conjunctus
1028 1375 1054 1396 et

269 1417 423 1448 familiaris,
438 1420 467 1443 et
479 1424 528 1451 per
541 1416 630 1451 ipsum
651 1424 706 1442 non
721 1423 808 1450 pauca
823 1415 887 1442 fecit
905 1416 1050 1448 miracula,

269 1463 338 1490 adeo
352 1466 382 1489 ut
397 1470 493 1489 omnes
509 1462 555 1497 qui
579 1463 604 1489 ei
632 1462 688 1490 Deo
710 1462 896 1493 crediderunt,
914 1461 1054 1489 conﬁdant

1140 593 1207 620 Ml“.
1227 595 1298 628 [1977;
1311 594 1399 621 ταῦτα
1410 596 1603 630 Διοκλητιανὸς
1615 597 1754 632 ἐξεπλάγη
1774 597 1824 632 τὴν
1840 599 1895 633 ψυ-

1105 637 1167 673 χὴν,
1188 639 1340 676 ἐπεσχέσθη
1372 640 1402 667 τὸ
1419 641 1600 675 φθέγμα,καὶ
1626 643 1685 669 οὐδὲ
1713 643 1804 678 φωνὴν
1818 645 1895 679 ὅμως

1105 684 1237 720 προέσθαι
1249 686 1361 717 δυνατὸς
1372 683 1416 720 ἦν.
1434 687 1560 721 Βραόἑως
1573 687 1603 714 δὲ
1627 689 1674 713 καὶ
1688 689 1765 723 μόλις
1781 691 1892 724 ἀνενεγ-

1105 728 1160 755 κὼν
1174 729 1225 762 ἔξω
1240 738 1270 755 τε
1292 729 1422 764 περιδεὴς
1447 729 1545 764 ἐχώρει
1560 731 1606 756 καὶ
1630 731 1695 766 βοῆς
1709 731 1744 757 τὰ
1770 732 1894 766 βασίλεια

1106 774 1309 809 ὲνεπίπλα,Τῆς
1320 774 1509 809 κακοτεχνίας,
1522 775 1620 809 λέγων,
1631 775 1680 810 τῆς
1691 777 1817 810 γοητείας
1829 777 1835 803 ί
1848 778 1893 803 οὺς

1106 819 1150 845 δὲν
1160 819 1266 846 οὐδέπω
1280 819 1410 846 τοσοῦτον
1425 821 1580 855 εἴργασται,
1597 821 1645 847 καὶ
1667 821 1755 848 πολλὰ
1778 822 1892 848 τοιαῦτα

1108 865 1205 899 λέγων.
1223 863 1288 892 Εἶτα
1302 866 1429 901 καὶπρὸς
1443 866 1555 901 μείζονα
1575 867 1660 901 θυμὸν
1676 867 1805 902 ὲξαφθεὶς
1823 869 1891 896 σάκ-

1108 919 1154 937 κον
1182 911 1261 942 εὐθὺς
1295 912 1425 939 ἐπέταττε
1455 913 1622 947 κομισθῆναι
1636 913 1750 948 ψάμμον
1776 914 1889 948 ἔχοντα,

1108 955 1178 990 πλὴν
1190 957 1219 982 οὑ
1239 957 1349 990 μεστὸν,
1366 958 1424 984 ἀλλ’
1439 959 1562 993 ἐπιχειλῆ
1578 959 1625 985 καὶ
1643 959 1780 991 διάκενον,
1793 959 1837 986 ἵνα
1851 960 1890 994 τῷ

1107 1002 1156 1036 μὲν
1168 1002 1243 1036 ἄχθει
1257 1003 1307 1036 τῆς
1332 1003 1457 1038 ψάμμου,
1475 1004 1552 1039 φησὶ,
1579 1005 1756 1040 καθέλκητιιι,
1775 1007 1814 1042 τῷ
1830 1006 1889 1032 δια-

1106 1047 1176 1082 κένῳ
1187 1048 1214 1073 δὲ
1230 1048 1276 1074 τὴν
1303 1049 1448 1084 ’Λῤῥιανὶν
1464 1050 1640 1085 ὑποδέχηταιο
1666 1047 1689 1084 ᾧ
1716 1051 1889 1087 ἐμϐληθέντα

1105 1094 1273 1128 προσωτέρω
1296 1095 1435 1130 θαλάσσης
1462 1097 1635 1132 ἐπέσκηπτεν
1662 1097 1810 1132 ἀφεθῆναι.
1846 1098 1890 1124 Ἐν

1105 1139 1191 1173 τούτῳ
1216 1139 1245 1165 δὲ
1263 1140 1310 1166 καὶ
1334 1140 1359 1166 oi
1386 1141 1590 1176 προτέχτωρες,
1603 1140 1647 1168 οἷα
1667 1143 1705 1177 τῷ
1723 1143 1887 1177 προλαὸόντι

1106 1184 1203 1218 αἵματι
1213 1185 1261 1216 τὰς
1277 1185 1365 1220 ψυχὰς
1377 1187 1606 1221 προκεκινημένοι
1622 1188 1804 1222 Χριστιανοὺς
1825 1189 1890 1215 ἑαυ-

1105 1229 1167 1260 τοὺς
1182 1230 1387 1264 ἁνομολογοῦσι,
1404 1232 1449 1257 καὶ
1475 1233 1671 1267 προσελθόντες
1687 1233 1887 1269 Διοκλητιανῷ.

1106 1274 1187 1300 Ὄτου
1203 1275 1292 1310 χάριν,
1309 1275 1394 1308 εἷπον,
1408 1277 1552 1312 ἄνθρωπον
1566 1278 1717 1305 etestva
1732 1280 1782 1314 μὲν
1794 1280 1890 1314 ἀδική-

1106 1328 1201 1351 σαντα,
1214 1320 1274 1354 Θεῷ
1287 1321 1315 1346 δὲ
1331 1323 1432 1356 μᾶλλον
1444 1324 1556 1358 ἀψευδεῖ
1578 1326 1826 1359 προσοικειωθέντα
1839 1328 1887 1352 καὶ

1103 1364 1136 1391 δι’
1150 1365 1231 1391 αὑτοῦ
1247 1366 1386 1401 Θαυμάσια
1415 1369 1466 1395 οὐκ
1492 1369 1571 1404 ὀλίγα
1600 1371 1786 1405 ὲνηργηκότα.
1814 1371 1885 1398 ὥστε

1104 1411 1215 1446 Θαρρεἰν
1228 1411 1350 1444 ἅπαντας
1365 1414 1429 1445 τοὺς
1445 1415 1504 1449 Θεῷ
1525 1415 1639 1450 τοιούτῳ
1666 1419 1887 1448 πεπιστευκότας

1102 1454 1153 1485 ὅτι,
1170 1453 1220 1481 κᾶν
1235 1456 1366 1483 ἀποθάνοι
1379 1465 1430 1489 τις,
1447 1458 1570 1493 ζήσεται,
1588 1460 1638 1486 κᾶν
1651 1461 1679 1486 ὲν
1695 1461 1783 1496 βόθρῳ
1799 1462 1885 1497 βληθῇ

270 1507 343 1543 quod
369 1507 476 1535 etiamsi
501 1507 563 1542 quis
585 1512 709 1535 mortuus
731 1507 824 1539 fuerit.
842 1507 925 1540 vivet,
948 1507 999 1534 etsi
1023 1507 1049 1534 in

1104 1501 1149 1526 καὶ
1171 1500 1254 1533 λίθοις
1285 1503 1462 1538 καταχωσϐᾓ.
1494 1506 1548 1531 κᾶν
1578 1506 1709 1533 ὑποκάτω
1742 1509 1851 1543 πετρῶν
1869 1509 1886 1543 ἢ

268 1555 369 1582 fossam
387 1554 470 1581 fuerit
485 1555 634 1589 projectus,
648 1553 753 1581 etiamsi
769 1553 907 1587 lapidibus
921 1552 1050 1585 obrutus,

267 1599 375 1628 etiamsi
391 1600 427 1627 sit
441 1600 492 1627 sub
508 1599 604 1632 petris,
624 1599 732 1626 etiamsi
749 1599 841 1625 omnia
862 1599 943 1625 simul
967 1598 1051 1625 fuerit

267 1653 364 1680 passus
381 1646 486 1681 gravia,
504 1645 592 1680 possit
611 1652 708 1672 rursus
727 1643 831 1671 servari
846 1651 879 1671 ex
894 1644 1023 1670 omnibus
1043 1653 1048 1670 :

266 1700 315 1719 eur
330 1699 393 1719 eum
409 1697 537 1726 tanquam
553 1690 709 1717 maleficum
727 1691 883 1724 quempiam
895 1689 1004 1724 jussisti
1024 1689 1050 1715 in

266 1744 342 1764 mare
357 1737 458 1772 dejici?
473 1736 542 1764 Cum
560 1736 620 1770 ipso
632 1743 697 1771 ergo
716 1743 767 1763 nos
781 1743 891 1770 quoque
901 1743 952 1762 nos
978 1735 1051 1769 ipsos

264 1783 429 1817 praebemus,
444 1786 472 1810 et
489 1789 629 1816 rogamus,
644 1786 674 1808 ut
685 1781 810 1808 eamdem
825 1784 952 1812 mortem,
970 1787 1050 1815 quam

266 1829 334 1864 ipse,
350 1827 506 1855 subeamus.
519 1827 665 1854 Credimus
680 1826 752 1854 enim
769 1826 854 1853 Demu
867 1826 988 1857 Arriani,
1003 1825 1049 1860 qui

271 1881 334 1901 eum
349 1874 443 1901 eduxit
457 1881 489 1900 ex
502 1872 638 1908 profundo
654 1877 742 1904 teme,
760 1875 787 1898 et
803 1871 934 1902 vinculis,
950 1875 978 1898 et
990 1875 1052 1897 tan-

265 1921 300 1947 tis
317 1919 467 1955 lapidibus.
486 1926 566 1954 posse
588 1926 638 1946 nos
662 1925 772 1953 quoque
798 1918 946 1950 suscitare,
968 1921 995 1944 et
1015 1917 1048 1943 ad

264 1967 394 2002 optimam
409 1966 493 1992 vitam
508 1965 651 1992 traducere
664 1969 691 1991 et
706 1964 786 1999 longe
801 1962 999 1991 beatissimam.

248 2038 252 2044 _
300 2011 394 2038 XLIV.
422 2009 461 2038 Ad
493 2011 551 2037 h:ec
583 2009 628 2036 ille
657 2009 805 2036 admodum
832 2008 935 2035 iruuice
960 2016 966 2034 :
992 2007 1049 2041 Ego

266 2057 349 2084 etiam
365 2056 452 2091 prius,
467 2055 567 2090 inquit,
588 2054 698 2088 quando
721 2060 831 2081 eramus
846 2053 969 2088 ejusdem
987 2060 1050 2079 sen—

263 2102 368 2134 tentiae,
383 2106 411 2129 et
425 2102 507 2129 eratis
524 2100 651 2132 studiosi,
672 2104 701 2127 ut
714 2106 757 2126 me
771 2098 966 2129 observaretis,
987 2098 1049 2124 nul-

261 2150 329 2181 tam,
342 2153 373 2175 ut
388 2147 476 2179 scitis.
487 2152 606 2174 vestram
620 2146 708 2181 repuli
722 2145 897 2180 petitionem,
913 2144 960 2171 sed
974 2151 1048 2171 sem-

262 2202 312 2229 per
327 2201 375 2221 vos
389 2193 527 2223 exaudivi,
541 2197 568 2219 et
584 2197 613 2219 ut
629 2196 705 2226 pater
731 2191 849 2218 ﬁliorum
865 2209 872 2223 ,
896 2190 936 2217 sic
961 2189 1046 2217 vestri

263 2247 358 2267 curam
373 2239 455 2274 gessi.
474 2239 546 2271 Quin
560 2238 642 2265 etiam
660 2244 734 2263 nunc
746 2244 869 2271 quoque,
884 2235 936 2262 etsi
952 2235 980 2262 in
995 2243 1045 2270 pa-

263 2285 331 2312 trios
348 2284 414 2312 deos
429 2284 517 2318 impii,
533 2289 561 2310 et
575 2283 602 2310 in
619 2290 669 2310 nos
684 2282 809 2309 inﬁdeles
822 2281 993 2312 cxstileritis,
1012 2287 1047 2307 ne

261 2330 303 2358 sic
320 2330 431 2365 quidem
446 2336 495 2356 vos
514 2328 655 2363 repellam.
669 2327 721 2355 Sed
733 2327 864 2362 quoniam
876 2326 960 2354 sititis
972 2333 1046 2353 eum-

261 2376 326 2404 dem
349 2379 484 2406 mortem,
504 2380 585 2408 quam
613 2373 756 2403 Arrianus,
783 2379 833 2406 ego
855 2379 915 2398 eam
936 2377 1046 2405 quoque

261 2421 342 2449 vobis
354 2420 504 2448 concedam
523 2418 714 2446 libentissime.
740 2417 916 2452 Theclyehus
931 2421 1021 2444 autem
1037 2435 1044 2447 .

261 2469 308 2503 qui
326 2471 386 2494 erat
399 2467 506 2501 primus
520 2465 641 2497 illorum,
656 2464 797 2498 excipiens
812 2472 818 2490 ε
836 2464 918 2496 Deus,
937 2462 1043 2497 inquit,

259 2522 277 2541 ο
290 2514 450 2548 imperator,
466 2512 499 2538 ad
512 2519 593 2546 quem
611 2510 769 2546 litigamus,
782 2510 849 2536 etin
863 2516 944 2543 quem
961 2509 1045 2536 resul-

260 2561 351 2587 vimur
368 2568 376 2586 :
391 2559 437 2593 qui
463 2557 544 2586 nobis
565 2564 664 2583 nomen
681 2555 798 2591 praebuit
821 2553 993 2586 admirabile,
1017 2557 1044 2580 et

260 2607 303 2634 cui
320 2606 423 2642 placuit
439 2610 468 2632 ut
483 2611 534 2632 nos
553 2609 668 2630 mortem
685 2610 734 2638 pro
749 2609 782 2629 eo
798 2602 964 2632 subiremus.
982 2600 1041 2635 ipse

260 2660 286 2680 te
302 2651 523 2679 remunerabitur
545 2657 595 2685 pro
614 2649 719 2676 meritis
733 2651 786 2675 tua:
805 2647 832 2674 in
851 2654 901 2674 nos
922 2646 1044 2673 atl‘eclio-

260 2696 304 2723 uis
317 2704 325 2726 :
344 2696 391 2724 sed
409 2695 432 2722 si
445 2696 497 2723 hoc
509 2702 620 2730 quoque
633 2702 647 2721 a
662 2698 688 2721 te
703 2697 793 2729 potest
809 2692 962 2727 impetrari,
978 2699 1044 2725 rogo

260 2747 296 2772 te.
316 2749 332 2769 ο
352 2742 510 2777 imperator,
526 2746 554 2768 ut
570 2748 645 2767 meas
670 2738 814 2766 facultates
829 2738 911 2765 liceat
928 2737 956 2764 in
973 2736 1042 2764 duas

259 2791 351 2820 parth
368 2786 498 2819 dividere,
508 2791 536 2814 et
550 2794 603 2813 uua
616 2786 727 2821 quidem
743 2791 808 2819 pars
818 2783 887 2810 aula:
897 2789 1043 2810 consecre-

256 2836 304 2859 tur
321 2831 411 2865 regite,
430 2832 514 2858 altera
529 2840 592 2859 vero
613 2831 794 2858 distribuatur
809 2828 939 2864 orphauis
955 2833 981 2855 et
999 2827 1040 2854 vi-

1103 1546 1189 1580 όρέων
1200 1545 1228 1583 ᾖ,
1244 1549 1296 1574 κᾶν
1309 1549 1378 1584 ὁμοῦ
1394 1550 1474 1577 πάθοι
1493 1551 1528 1578 τὰ
1541 1551 1616 1578 δεινὰ
1631 1552 1751 1585 ἅπαντα,
1774 1554 1887 1581 δυνατὸν

1102 1592 1178 1627 αὐτῷ
1191 1594 1273 1620 πάλιν
1289 1595 1321 1620 ἐκ
1334 1595 1442 1622 πάντων
1460 1596 1636 1632 ἀνασωθῆναι
1648 1606 1655 1613 ⁸
1679 1599 1723 1625 διὰ
1735 1600 1760 1625 τί
1775 1600 1807 1635 δὴ
1825 1601 1886 1627 τοῦ·

1102 1646 1147 1664 τον
1159 1639 1254 1674 ὥσπερ
1267 1641 1328 1668 τινὰ
1343 1641 1397 1667 τῶν
1414 1643 1576 1677 κακούργων
1598 1644 1734 1679 ἀφεθῆναι
1747 1647 1819 1672 κατὰ
1839 1646 1886 1673 Θα-

1101 1684 1204 1720 λάσσης
1215 1686 1377 1718 Meleon“;
1395 1687 1447 1714 Σὺν
1463 1689 1537 1723 αὐτῷ
1551 1687 1598 1716 οὗν
1613 1691 1660 1716 καὶ
1674 1692 1754 1726 ἡμεῖς
1768 1692 1882 1724 ἑαυτοὺς

1103 1730 1310 1766 ὲμπαρέχομεν,
1323 1732 1445 1766 δεόμενοι
1457 1733 1502 1759 τὸν
1511 1734 1567 1760 ἴσον
1580 1736 1676 1771 ἐκείνῳ
1688 1736 1804 1764 θάνατον
1815 1739 1882 1765 ὑπο-

1103 1775 1207 1809 στῆναι,
1223 1775 1391 1810 Πιστεύομεν
1408 1777 1462 1813 γὰρ
1477 1779 1515 1810 ὼς
1530 1780 1544 1806 ὁ
1559 1780 1703 1815 ’Δρῤιανοῦ
1720 1782 1786 1813 Θεὸς
1799 1785 1812 1809 ὁ
1823 1783 1884 1811 τοῦ·

1100 1828 1146 1846 τον
1157 1822 1189 1847 ἐκ
1208 1820 1293 1856 μυχοῦ
1308 1822 1357 1856 γῆς
1370 1823 1416 1848 καὶ
1434 1823 1541 1858 δεσμῶν
1553 1825 1600 1852 καὶ
1618 1825 1700 1853 λίθων
1715 1828 1882 1863 τηλικούτων

1101 1866 1254 1900 ἐξαγαγὼν,
1280 1867 1361 1899 αὐτὸς
1383 1869 1496 1901 δυνατὸς
1518 1871 1594 1897 ἔσται
1611 1873 1720 1904 πάντως
1744 1875 1792 1901 καὶ
1808 1877 1882 1909 ἡμᾶς

1100 1911 1252 1946 ἀναστῆσαι
1268 1914 1315 1939 καὶ
1331 1915 1371 1945 είς
1391 1916 1534 1950 κρείττονα
1549 1917 1623 1952 ζωὴν
1638 1919 1686 1944 καὶ
1703 1921 1883 1955 μακαριωτά-

1099 1966 1150 1991 την
1164 1959 1323 1993 ἀναγαγεῖν.

1134 2005 1199 2031 MA'.
1217 2006 1286 2038 Πρὸς
1303 2006 1389 2033 ταῦτα
1405 2007 1474 2043 μετὰ
1490 2009 1593 2043 πολλῆς
1607 2010 1713 2042 ἐκεῖνος
1735 2011 1785 2046 τῆς
1800 2013 1882 2047 είρω-

1099 2051 1183 2084 νείας,
1204 2051 1274 2086 Ἐγὼ
1290 2054 1337 2079 καὶ
1355 2054 1499 2089 πρότερον,
1519 2053 1606 2086 εἶπεν,
1632 2057 1713 2091 ἡνίκα
1726 2058 1777 2091 τῆς
1796 2059 1882 2094 αὐτῆς

1099 2097 1270 2123 ἑκοινωνεῖτέ
1285 2106 1330 2132 μοι
1347 2097 1461 2133 γνώμης
1488 2099 1534 2125 καὶ
1547 2100 1610 2134 περὶ
1624 2101 1674 2134 τὴν
1698 2102 1769 2136 ἒμὴν
1784 2103 1881 2129 ἐσπου-

1099 2142 1194 2173 δάζετε
1222 2142 1381 2178 Θεραπείαν,
1404 2145 1454 2170 οὐκ
1481 2145 1605 2179 ἀγνοεῖτε
1627 2148 1737 2179 πάντως
1765 2147 1803 2179 ὡς
1819 2149 1880 2175 ob“

1064 2184 1085 2211 D
1101 2188 1166 2222 μίαν
1180 2188 1235 2214 τῶν
1247 2189 1387 2223 ὑμετέρων
1403 2189 1544 2223 διωσάμην
1557 2191 1704 2225 αἰτήσεων,
1721 2192 1780 2219 ἀλλ’
1811 2194 1881 2228 ἐπή-

1099 2241 1162 2259 κοον
1178 2234 1295 2268 ἐμαυτὸν
1307 2234 1351 2260 ἀεὶ
1365 2236 1495 2269 παρεῖχον
1512 2236 1576 2270 ὑμῖν
1588 2237 1634 2262 καὶ
1649 2237 1746 2272 ὥσπερ
1767 2246 1809 2268 τις
1826 2247 1880 2264 πα-

1099 2277 1152 2312 τὴρ
1181 2279 1284 2305 παίδων
1302 2279 1421 2314 γνησίων
1443 2280 1514 2307 οὕτω
1533 2283 1713 2318 περιειχόμην
1735 2283 1818 2317 ὑμῖν·
1833 2286 1880 2310 καὶ

1098 2324 1146 2351 νῦν
1164 2324 1191 2350 δὲ
1222 2324 1331 2356 ἀσεϐεῖς
1361 2334 1389 2351 τε
1407 2326 1470 2360 περὶ
1486 2328 1549 2358 τοὺς
1567 2328 1710 2363 πατρῴους
1730 2329 1807 2361 θεοὺς
1833 2331 1880 2356 καὶ

1098 2371 1162 2404 περὶ
1179 2370 1254 2404 ἡμᾶς
1275 2370 1407 2402 ἀπίστους
1425 2372 1615 2406 ἀναφανέντας
1631 2374 1693 2400 οὐδὲ
1707 2374 1793 2406 οὕτως
1808 2376 1880 2410 ὑμᾶς

1098 2415 1254 2450 ἀπώσομαι.
1286 2417 1356 2443 Ἀλλ’
1373 2418 1435 2443 ἐπεὶ
1463 2419 1506 2444 τὸν
1523 2420 1605 2445 αὑτὸν
1636 2419 1769 2455 Ἀῤῥιανῷ
1784 2421 1878 2454 mean

1096 2461 1222 2494 Θάνατον,
1241 2461 1297 2495 ἐγὼ
1320 2463 1365 2488 καὶ
1382 2463 1461 2490 τοῦτο
1477 2464 1541 2497 ὑμῖν
1556 2464 1752 2500 προθυμότατα
1767 2466 1879 2500 χαριοῦ-

1099 2516 1158 2542 μαι.
1173 2507 1305 2542 Θεότυκος
1318 2509 1345 2534 δὲ
1357 2510 1371 2534 ὁ
1397 2510 1506 2544 πρῶτος
1534 2511 1647 2537 ἐκείνων
1675 2512 1830 2543 ὑπολαϐὼν,
1849 2513 1879 2538 '0

1096 2553 1173 2584 Θεὸς,
1185 2551 1274 2584 εἶπεν,
1290 2551 1314 2580 ὦ
1326 2554 1447 2588 βασιλεῦ,
1460 2556 1529 2590 πρὸς
1542 2556 1571 2581 ὃν
1584 2556 1758 2592 ἐκδημοῦμεν
1776 2559 1823 2584 καὶ
1838 2559 1878 2589 είς

1095 2599 1124 2624 ἓν
1140 2599 1305 2633 ἀναλύομεν,
1316 2600 1330 2625 ὁ
1340 2599 1370 2625 τὸ
1379 2600 1536 2635 θαυμαστὸν
1547 2602 1614 2636 ἡμῖν
1628 2603 1878 2638 περιποιησάμενος

1095 2645 1180 2679 ὄνομα
1195 2645 1243 2671 καὶ
1265 2645 1311 2671 τὸν
1326 2645 1397 2681 ὑπὲρ
1412 2646 1494 2672 αὐτοῦ
1510 2647 1660 2682 εὐδοκήσας
1673 2647 1788 2674 θάνατον
1804 2649 1879 2683 ἡμᾶς

1096 2689 1256 2724 ὑποστῆναι,
1272 2691 1354 2722 αὐτός
1383 2699 1412 2717 σε
1429 2692 1479 2726 τῆς
1496 2692 1563 2727 πρὸς
1579 2693 1654 2728 ἡμᾶς
1667 2693 1750 2725 ἀξίως
1762 2694 1878 2728 ἁμιὶψε-

1094 2744 1139 2762 ται
1156 2736 1312 2768 διαθέσεως.
1328 2737 1401 2772 Πλὴν
1416 2739 1442 2765 ετ
1457 2747 1498 2770 τις
1511 2739 1558 2766 καὶ
1575 2740 1650 2772 παρὰ
1665 2739 1769 2766 τοιοῦδε
1784 2740 1878 2774 χάρις,

1094 2782 1149 2815 ἐγὼ
1165 2783 1212 2809 καὶ
1227 2783 1305 2809 τοῦτο
1318 2791 1363 2809 σου
1375 2783 1481 2818 δέομαι,
1501 2785 1622 2819 βασιλεῦ,
1633 2785 1703 2812 ὥστε
1715 2785 1764 2821 τὴν
1784 2785 1878 2811 οὖσίαν

1093 2828 1141 2863 τὴν
1155 2828 1225 2863 ἐμὴν
1246 2829 1350 2863 ἐφεῖναι
1368 2829 1427 2855 δυσὶ
1444 2830 1551 2866 μοίραις
1567 2831 1751 2866 διαιρεθῆναι,
1767 2831 1814 2857 καὶ
1826 2830 1878 2866 τὴν
