2086 3153
258 137 316 167 ’5ὲ9
875 135 1016 166 MENSIS
1042 137 1256 167 DECEMBER.
1828 140 1880 172 56)

254 190 312 217 illic
338 190 541 224 deposuissent,
571 190 669 218 uberes
699 191 806 218 fructus
836 191 1035 219 miraculorum
1053 197 1076 226 Α

1056 197 1076 226 Α
1091 192 1229 228 λαμπρῶς
1242 191 1313 219 αὐτὰ
1328 193 1376 221 καὶ
1391 192 1545 225 πολυτελῶς
1557 193 1615 220 ἐκεῖ
1628 194 1813 229 καταθέμενοι
1831 196 1879 222 δα-

254 234 380 270 quotidie
402 235 556 270 colligunt,
576 236 611 263 ad
631 237 744 271 gloriam
767 237 856 264 Patris
875 241 904 264 et
927 237 987 264 Filii
1011 244 1038 265 et

1090 237 1181 272 ψιλεῐς
1196 237 1251 264 τῶν
1263 237 1412 272 θαυμάτων
1427 237 1547 272 ἑκάστης
1563 238 1710 272 δρέπονται
1729 238 1796 271 τοὺς
1811 248 1879 276 καρ-

253 280 374 315 Spiritus
387 281 486 313 sancti,
500 281 585 308 unius
602 281 755 309 divinitatis
769 286 798 310 et
811 283 950 317 potenlim,
965 291 1037 310 nunc

1093 284 1173 314 ποὺς,
1189 285 1228 314 εἰς
1244 283 1323 315 δόξαν
1338 283 1455 319 Πατρὺς.
1469 284 1534 310 Υἱοῦ
1547 285 1596 311 καὶ
1614 285 1693 319 ἁγίου
1708 286 1878 320 Πνεύματος,

251 330 280 353 et
296 333 417 362 semper,
432 331 460 355 et
473 328 501 354 in
516 328 615 355 saecula
629 329 803 357 saeculorum.
820 329 918 356 Amen.

1093 329 1143 363 τῆς
1157 329 1222 363 μιᾶς
1233 329 1366 363 Θεότητὸς
1381 338 1411 356 τε
1424 330 1624 364 καὶδυνάμεως
1637 330 1696 363 νῦν,
1714 331 1762 358 καὶ
1777 331 1822 358 ἀεὶ
1833 333 1879 359 καὶ

1092 375 1132 405 si;
1144 374 1207 406 τοὺς
1222 375 1324 406 αἰῶνας
1341 375 1395 402 τῶν
1408 376 1525 403 αἰώνων.
1550 377 1649 412 Ἀμήν.

255 461 1863 475 .___.___._______.._________—_____________.

780 545 1351 603 COMMENTARIUS

899 657 969 686 ΒΕ.ῐί
977 659 996 687 U
1003 657 1026 684 Μ
1044 656 1231 688 GESTARUM

321 749 556 835 SANGTI
620 748 704 833 ET
766 745 1079 830 GL0lil0SI
1146 748 1465 832 APtlSTOLl
1528 750 1793 835 Tﬂ0M/E.

651 910 750 941 (Surius
763 912 792 936 ad
808 911 872 935 diem
884 910 913 936 21
931 911 1007 939 Dec.;
1022 909 1106 936 Grece
1121 915 1169 933 non
1180 910 1262 934 exstat
1273 909 1297 933 in
1311 915 1369 933 mss.
1384 909 1475 940 Paris.)

284 1067 304 1094 Ι.
321 1065 391 1094 Olim
404 1064 515 1100 quidem
540 1064 567 1091 in
593 1069 666 1091 terra
684 1069 825 1091 versantes
852 1063 980 1098 apostoli,
1006 1066 1034 1089 et
1049 1064 1071 1093 Β
1086 1062 1113 1089 in
1129 1062 1183 1089 vita
1200 1069 1331 1096 paupere,
1347 1066 1376 1088 et
1391 1065 1477 1088 artem
1495 1068 1626 1088 exercens
1638 1062 1822 1096 piscatoriam,
1839 1063 1869 1092 in

246 1119 358 1145 terram,
376 1119 438 1146 quas
458 1115 500 1138 est
523 1110 575 1138 sub
601 1110 681 1142 coelo,
705 1110 850 1140 obeuntes,
870 1109 904 1135 iis
919 1109 966 1143 qui
981 1108 1033 1134 im-
1084 1113 1199 1142 utroque
1213 1113 1312 1141 potens
1327 1112 1367 1133 est
1381 1107 1508 1141 cognitus
1528 1114 1583 1134 :cx
1608 1115 1662 1135 uno
1678 1108 1790 1142 quidem
1813 1109 1871 1137 for-

244 1159 340 1194 pietati
357 1158 554 1189 inservierunt,
569 1156 754 1192 praedicarunt
770 1156 937 1186 libertatem,
949 1154 1032 1181 mira-
1083 1158 1173 1179 matus
1188 1152 1222 1180 ad
1239 1153 1412 1183 tenuitatem,
1429 1160 1489 1186 qua:
1508 1158 1573 1180 sunt
1588 1160 1802 1186 supervacanea,
1819 1156 1870 1182 mi-

241 1206 315 1233 cnlis
329 1204 362 1233 ad
381 1204 496 1232 salutem
523 1204 558 1230 ab
582 1209 677 1230 errore
695 1202 897 1232 abstrahentes,
923 1205 950 1227 et
968 1200 1030 1227 ﬁdei
1081 1199 1157 1226 nime
1171 1198 1371 1229 admittenlem,
1392 1203 1419 1225 et
1435 1198 1533 1225 doctus
1549 1206 1609 1226 esse
1625 1204 1785 1227 contentum
1803 1202 1871 1229 solis

243 1252 407 1286 malagmate
424 1250 594 1277 medicantes
613 1248 729 1278 animas,
743 1254 803 1281 qua:
816 1245 975 1273 laborabant
989 1246 1031 1272 in-
1081 1243 1260 1275 necessariis;
1279 1243 1313 1269 ab
1328 1243 1413 1270 altero
1434 1248 1526 1270 autem
1549 1243 1692 1271 institutus
1707 1246 1739 1272 ad
1757 1247 1866 1281 patien-

243 1298 386 1325 tidelitate.
399 1297 548 1329 Postquam
561 1298 652 1322 autem
666 1292 818 1326 migrarunt
830 1292 862 1318 ad
871 1292 1029 1323 Dominum,
1081 1288 1146 1316 tiam
1161 1289 1188 1316 in
1202 1288 1353 1320 laboribus,
1377 1293 1404 1315 et
1420 1289 1452 1316 ad
1468 1289 1530 1321 hoc,
1554 1293 1584 1316 ut
1600 1291 1682 1317 rebus
1701 1291 1825 1318 molestis
1839 1297 1868 1319 et

243 1343 296 1378 piis
313 1343 485 1376 reliquerunt
507 1346 635 1373 corpora,
659 1338 772 1372 pignora
788 1337 896 1369 salutis,
911 1341 939 1363 ut
954 1337 1026 1370 quod
1079 1336 1183 1368 asperis
1200 1342 1248 1361 sua
1263 1340 1360 1368 sponte
1381 1335 1487 1369 primus
1503 1341 1691 1364 exerceretur.

242 1396 306 1416 cum
321 1387 446 1418 aderant,
464 1385 614 1416 faciebant,
632 1383 686 1410 hoc
699 1383 781 1410 etiam
805 1387 948 1416 postquam
974 1382 1028 1408 mi-
1115 1380 1161 1407 Ill.
1180 1380 1309 1408 Protinus
1325 1381 1416 1415 itaque
1437 1381 1511 1408 nulla
1524 1381 1656 1411 dilatione
1674 1391 1739 1410 usus
1751 1387 1861 1411 estnec

241 1436 377 1468 grnssent,
395 1431 545 1462 elicerent,
559 1429 680 1457 celestis
694 1428 766 1456 illius
780 1428 898 1462 publicae
913 1427 1030 1454 celebri.
1078 1427 1264 1458 cunctatione,
1281 1434 1332 1453 nec
1347 1427 1463 1454 tardavit
1475 1427 1509 1454 ad
1527 1428 1697 1455 vocationem
1715 1438 1722 1459 ;
1737 1428 1783 1456 sed
1799 1429 1868 1456 adeo

242 1479 308 1506 tatis
334 1477 477 1512 imagines,
504 1483 600 1503 eorum
626 1475 764 1502 memoriae
780 1474 848 1500 festa
875 1473 953 1500 nobis
978 1473 1030 1499 lar-
1079 1472 1207 1500 celeriter
1220 1472 1271 1498 fuit
1289 1477 1419 1505 mutatus,
1435 1478 1463 1500 et
1478 1473 1586 1500 vinctus
1602 1481 1666 1500 voce
1684 1475 1816 1504 vocantis,
1834 1478 1864 1501 ut

240 1525 347 1559 gientes
360 1531 366 1550 :
381 1527 410 1550 ut
424 1527 553 1557 tanquam
573 1529 634 1549 eum
647 1521 830 1556 prxesemibus
845 1525 872 1548 et
888 1521 1029 1548 disseren-
1078 1520 1151 1547 dicto
1164 1519 1245 1547 citius
1264 1520 1421 1547 oSIenderet
1438 1521 1633 1548 obedientiam.
1646 1523 1734 1556 Atque
1748 1523 1788 1549 sic
1800 1522 1865 1556 qui-

240 1570 315 1598 tibus
334 1577 429 1596 rursus
450 1572 600 1601 versantes,
618 1567 803 1602 percipiamus
829 1568 942 1600 gratiam
960 1574 1028 1600 apo-
1077 1566 1140 1594 dem
1166 1567 1195 1593 tit
1209 1565 1298 1594 Verbo
1313 1566 1464 1596 familiaris.
1480 1571 1508 1593 et
1527 1567 1646 1594 refertur
1673 1568 1699 1594 in
1718 1575 1863 1595 numerum

238 1615 375 1643 stolicam.
385 1613 462 1641 Unde
473 1613 557 1640 etiam
571 1620 646 1639 nunc
658 1612 827 1639 clarissimus
839 1611 1026 1646 apostolorum
1077 1612 1256 1646 reliquorum,
1281 1613 1328 1646 qui
1346 1612 1435 1639 vocati
1450 1612 1561 1640 fuerant
1577 1621 1583 1639 :
1601 1613 1684 1647 litqne
1708 1614 1862 1647 discipulus

240 1662 378 1693 Thomas,
402 1667 451 1695 per
473 1659 533 1694 ejus
559 1659 720 1686 memoriam
745 1658 888 1685 nobiscum
916 1664 1027 1684 rursum
1077 1658 1161 1685 animi
1179 1658 1270 1685 studio
1287 1658 1519 1693 promptissimus,
1535 1659 1660 1685 minister
1674 1659 1862 1691 fidelissimus,

239 1711 367 1734 versatur
384 1694 538 1736 :VTbomas,
557 1703 604 1738 qni
616 1708 659 1731 est
675 1703 738 1730 ﬁdei
763 1707 864 1730 nostrae
887 1707 964 1737 pater
988 1709 1023 1728 ex
1048 1736 1057 1738 Ξ
1078 1694 1275 1737 apostolusque
1300 1707 1328 1730 et
1348 1710 1508 1730 oeconomus
1525 1703 1734 1737 probatissimus
1754 1709 1865 1738 aposto~

239 1751 445 1782 incredulitate,
460 1753 488 1776 et
506 1736 587 1777 inde:
605 1749 743 1784 perlectus
757 1736 902 1775 veritatis:
921 1748 968 1782 qui
985 1747 1027 1774 in-
1040 1736 1060 1765 Ο
1077 1748 1149 1777 latus
1166 1736 1287 1784 gentium
1299 1769 1306 1781 ,
1320 1749 1367 1784 qui
1387 1749 1438 1776 fuit
1449 1749 1474 1776 ei
1490 1736 1623 1777 creditus.
1649 1750 1745 1777 Statim
1769 1736 1863 1778 autem

239 1795 412 1824 credulitatis
441 1795 612 1821 occasionem
639 1793 790 1828 amputavit
815 1793 976 1824 incredulis,
997 1796 1026 1819 ct
1076 1798 1104 1820 et
1116 1793 1152 1819 ad
1167 1796 1349 1827 apostolatum
1365 1794 1416 1821 fuit
1431 1795 1639 1827 carroboratus,
1654 1799 1683 1822 et
1699 1795 1791 1822 divina
1809 1796 1861 1823 itn-

238 1843 321 1870 tidein
340 1840 527 1876 apostolorum
555 1847 603 1874 per
629 1838 848 1866 incredulitatem
872 1836 955 1864 edicit
976 1836 1026 1863 ﬁr-
1076 1839 1167 1874 pletus
1191 1839 1293 1867 virtute
1307 1859 1314 1870 ,
1330 1845 1357 1866 et
1374 1840 1567 1867 miraculornm
1593 1841 1669 1867 dives
1691 1841 1862 1875 operatione.

239 1889 366 1916 miorem.
1075 1885 1171 1911 statuit
1188 1892 1250 1912 cum
1267 1884 1357 1912 Verbo
1372 1885 1475 1912 versari
1488 1891 1630 1920 perpetuo.
1650 1887 1719 1914 Cum
1733 1894 1789 1920 quo
1801 1887 1864 1921 qui-

273 1933 307 1960 ll.
324 1931 438 1965 Quando
450 1930 524 1958 enim
540 1929 698 1965 unigenitus
707 1929 755 1956 Dei
765 1929 862 1962 Filius,
876 1930 923 1965 qui
939 1935 980 1958 est
996 1931 1024 1958 in
1075 1930 1137 1958 dem
1152 1931 1254 1965 degens
1269 1935 1326 1958 toto
1338 1936 1470 1966 tempore,
1484 1939 1539 1966 quo
1553 1932 1635 1959 vitam
1648 1933 1704 1966 egit
1723 1933 1750 1960 in
1767 1940 1861 1964 isrne.

237 1978 299 2007 sinu
317 1977 417 2009 Patris.
432 1985 488 2004 non
506 1976 598 2003 ferens
614 1975 707 2002 videre
723 1982 803 2002 suum
817 1976 977 2010 ﬁgmentum
993 1976 1022 2004 in
1075 1976 1174 2003 multas
1190 1976 1300 2010 quidem
1326 1983 1388 2003 cum
1411 1983 1444 2003 eo
1466 1976 1552 2003 subiit
1569 1976 1741 2007 aﬂlictioncs,
1760 1977 1861 2006 multas

236 2024 340 2059 peccati
352 2023 514 2050 servitutem
527 2019 744 2053 redactum,suis
758 2020 809 2046 hac
821 2022 848 2046 in
861 2028 891 2047 re
903 2021 1020 2048 inﬂexus
1073 2025 1164 2048 autem
1179 2020 1387 2056 persecutiones
1407 2025 1436 2048 et
1454 2021 1644 2055 migrationes.
1661 2021 1695 2048 Et
1710 2021 1861 2055 aliquando

235 2067 401 2099 visceribus,
414 2066 489 2094 visus
502 2070 544 2093 est
555 2065 627 2093 sicut
638 2073 699 2097 nos,
709 2065 732 2092 si
745 2070 887 2099 peccatum
897 2060 1024 2100 dempse-
1073 2067 1184 2102 quidem
1199 2075 1261 2095 cum
1276 2068 1334 2101 ipse
1348 2074 1363 2094 a
1372 2067 1475 2094 Iudaeis
1487 2067 1685 2101 expelleretur,
1697 2067 1778 2094 simul
1792 2075 1862 2102 quo-

235 2114 284 2146 ris,
296 2118 362 2141 tunc
373 2112 419 2139 hic
435 2118 545 2146 quoque
554 2110 1021 2145 maguusapostolus,postaliorum
1072 2120 1125 2148 que
1141 2119 1203 2140 cum
1218 2120 1251 2141 eo
1264 2112 1451 2146 expellebatur
1464 2120 1471 2144 ;
1492 2117 1520 2139 et
1542 2120 1604 2140 cum
1622 2113 1761 2147 lapidibus
1775 2120 1861 2148 appe-

235 2159 434 2194 ἀίωῖΡιηοτυηὶ
460 2156 634 2188 elationem:
660 2155 707 2190 αυί
730 2154 825 2182 “sum
842 2159 906 2181 '“ﬂl
922 2155 1021 2187 secuti.
1072 2163 1187 2190 teretur,
1204 2158 1260 2192 ipse
1277 2165 1388 2193 quoque
1401 2158 1482 2185 simul
1499 2158 1860 2195 appetebatur;aliquando

230 2206 328 2240 Ιυδῧυδ
340 2208 382 2232 εει
398 2203 477 2238 setlui
496 2203 653 2230 Dominum.
685 2201 753 2229 Nam
774 2208 839 2228 cum
855 2200 882 2227 in
897 2200 991 2228 Judaea
1006 2209 1021 2229 a
1072 2209 1163 2232 autem
1177 2211 1239 2231 cum
1257 2204 1346 2238 ipsum
1362 2203 1463 2231 vellent
1486 2203 1514 2230 in
1535 2211 1611 2231 suam
1632 2204 1756 2238 redigere
1780 2209 1858 2238 pote.

235 2256 324 2279 matre
341 2255 415 2278 esset
429 2250 456 2277 iu
471 2249 560 2276 lucem
573 2248 677 2280 editus,
690 2247 795 2277 habens
814 2252 952 2282 parentes,
972 2248 1020 2282 qui
1075 2254 1185 2283 atatem,
1202 2254 1232 2277 et
1259 2253 1348 2277 morte
1368 2248 1487 2281 allicere,
1511 2254 1624 2284 paratus
1647 2257 1706 2277 erat
1729 2250 1857 2277 alacriter

234 2299 317 2324 vitam
333 2297 452 2325 tenuiter
471 2295 608 2330 agebant,
621 2294 656 2321 ab
675 2293 716 2321 eis
738 2293 862 2320 alebatur
879 2297 908 2319 et
920 2293 1020 2320 educa—
1071 2302 1133 2325 cum
1153 2295 1213 2330 ipso
1226 2299 1316 2322 morte
1330 2294 1410 2328 allici,
1429 2294 1566 2322 desiderio
1584 2295 1690 2329 plenam
1713 2295 1785 2324 illam
1807 2303 1857 2322 vo.

233 2344 325 2374 batur,
340 2348 367 2371 et
393 2340 427 2368 ad
445 2341 528 2369 vitam
553 2338 724 2367 [ornabatur
748 2337 879 2370 similem,
896 2338 981 2365 velini
1004 2346 1020 2366 a
1071 2348 1130 2370 eem
1147 2341 1276 2369 emittens
1298 2340 1332 2367 ad
1354 2340 1500 2367 Dominum
1516 2348 1523 2367 :
1539 2349 1548 2366 ι
1568 2340 1679 2372 Eamus,
1702 2346 1730 2368 et
1755 2341 1855 2368 moria-

229 2387 350 2422 quodaio
365 2387 470 2421 optimo
485 2385 641 2420 padagogo,
661 2388 822 2419 paupertate
845 2384 978 2414 eruditus.
991 2388 1019 2411 et
1036 2403 1056 2429 ο
1071 2395 1133 2414 mur
1151 2395 1213 2415 cum
1230 2387 1290 2421 ipso
1303 2387 1322 2413 ‘.
1339 2395 1348 2412 ι
1366 2385 1482 2419 Quando
1496 2386 1570 2414 enim
1586 2387 1705 2414 amicum
1722 2386 1855 2415 Lazarum

228 2434 266 2463 ad
280 2433 388 2462 Domini
408 2432 615 2467 suscipiendum
630 2434 799 2465 praep-tum
820 2435 902 2465 aptus
925 2430 1018 2458 reddi-
1070 2441 1085 2460 a
1103 2433 1221 2460 mortuis
1246 2433 1432 2460 suscitaturus
1450 2433 1580 2467 pergebat
1596 2431 1731 2465 Salvator,
1745 2434 1858 2467 quando

232 2488 286 2509 tua.
306 2480 407 2508 Libros
430 2479 523 2513 itaque
548 2478 641 2512 legens
665 2477 799 2505 Mosaicos
815 2477 848 2511 (ii
865 2477 941 2504 enim
955 2477 1020 2504 dili-
1070 2485 1119 2513 per
1133 2477 1284 2506 absentiam
1300 2479 1438 2506 concessit
1465 2478 1545 2506 morti
1565 2486 1699 2513 superare
1717 2483 1855 2510 naturam.

231 2532 325 2561 pater
343 2525 568 2561 proponebantur
581 2523 821 2558 tiliisludieoruni)
837 2523 1019 2557 componebat
1068 2522 1178 2558 quando
1196 2521 1280 2550 voluit
1299 2522 1448 2550 ostendere
1464 2522 1620 2557 sepulcrum
1636 2522 1725 2552 somni
1750 2522 1854 2554 locum,

230 2574 342 2610 quidem
356 2581 422 2600 suos
435 2579 527 2600 mores
549 2571 583 2599 ad
609 2570 783 2598 honestatem
802 2577 809 2595 :
826 2569 951 2597 doctrina
969 2576 1019 2597 au-
1069 2568 1183 2603 quando
1198 2568 1322 2597 vinetum
1338 2571 1476 2597 mortuum
1493 2567 1579 2596 voluit
1603 2566 1710 2595 edicere
1724 2567 1757 2594 ad
1772 2574 1854 2598 voea-

231 2627 287 2647 iem
301 2619 471 2647 l‘ormabatur
483 2617 516 2646 ad
530 2624 574 2645 res
588 2616 749 2648 diviniores,
773 2620 801 2643 et
820 2623 835 2643 a
863 2615 1017 2650 puerilibus
1067 2615 1169 2642 tionem
1188 2614 1256 2641 vivis
1274 2613 1445 2646 celeriorem,
1459 2617 1526 2643 tunc
1547 2613 1711 2641 accedentes
1725 2612 1854 2647 discipuli

231 2665 327 2698 procul
341 2669 464 2693 remotus
478 2663 620 2696 ludibriis,
638 2662 838 2693 instituebatur
859 2665 888 2690 ct
911 2669 1018 2691 cresce.
1066 2666 1170 2691 meth
1185 2660 1372 2695 praedicabant
1384 2659 1554 2690 Judzeorum.
1568 2659 1673 2694 lapides
1687 2659 1854 2687 revocabant

230 2711 288 2742 bat,
313 2711 401 2738 donec
424 2710 594 2744 pervenisset
619 2708 654 2736 ad
688 2709 836 2744 perfectam
860 2715 1017 2735 mensuram
1067 2706 1095 2735 in
1112 2707 1285 2736 memoriam,
1301 2704 1522 2734 dehortabantur
1553 2712 1588 2732 ne
1605 2704 1768 2732 accederet:
1786 2703 1854 2731 ila-

227 2756 319 2789 aﬂatia
331 2756 446 2784 Christi.
460 2756 562 2784 Vivens
582 2755 673 2790 enim,
690 2755 761 2784 sicut
788 2754 864 2789 prius
885 2753 1016 2786 diximus,
1067 2752 1164 2787 sister.
1186 2751 1322 2783 dicentes,
1350 2758 1424 2782 nunc
1448 2750 1609 2786 quarebant
1633 2749 1718 2778 Judaei
1736 2753 1761 2776 te
1779 2749 1852 2777 occi-

281 2845 292 2861 ι
311 2845 390 2874 Joan.
405 2852 443 2878 si,
461 2844 501 2871 l6.
