2086 3153
209 211 259 244 56l

757 213 849 242 VITA
870 212 901 242 S.
919 211 1063 242 ΤΗΟΜΕ
1083 211 1280 242 APOSTOLI.

1778 210 1830 242 562

208 270 284 301 dere,
300 274 328 296 et
346 276 439 296 rursus
453 268 531 296 vadis
543 268 608 296 illuc
621 267 651 294 ’ἵ
671 277 680 293 ι
698 268 765 295 Cum
777 273 868 295 autem
884 268 921 295 illi
939 275 993 295 non
1009 269 1031 298 Α
1046 267 1122 294 cruci
1140 266 1307 294 aiIixcrunt?
1322 266 1374 299 Qui
1398 266 1510 294 Thomas
1534 274 1588 294 non
1614 273 1808 302 persuaserunt
1821 286 1828 297 .

208 316 322 350 possent
336 311 501 347 persuadere
515 312 581 346 (non
593 311 666 338 enim
679 311 823 346 opertebat
840 311 992 341 infantiam.

208 367 270 396 quas
285 365 350 386 tunc
363 363 432 391 erat,
449 358 659 393 discipttlorum,
677 358 757 385 morti
769 365 848 392 opem
864 357 935 384 ferre
949 356 995 383 ad-

209 413 306 432 versus
319 405 462 436 Lazarum,
477 411 567 438 neque
581 403 806 438 impedimentum
824 401 997 430 liberationis

209 458 242 478 ex
256 450 403 484 sepulcris.
427 450 538 477 illorum
555 450 629 477 cerni
657 449 852 483 timiditatem),
870 453 945 475 metu
969 453 996 476 et

169 530 177 533 _
212 496 352 523 desiderio
368 495 508 523 distractis
521 503 618 522 eorum
636 495 743 526 animis,
764 496 998 523 convertebantur

212 541 246 569 ad
272 541 356 569 animi
378 541 581 576 aegritudinem.
603 541 655 568 Sed
683 541 801 569 Thomas
823 547 949 576 prompte
970 546 998 568 et

213 588 340 615 alacriter
354 588 462 614 solvens
479 588 610 622 apostolis
623 587 775 615 molestiam
794 595 802 614 :
827 596 836 612 ι
857 587 958 615 Eamus
971 591 998 614 et

190 663 194 667 Δ
215 640 277 665 nos,
303 632 404 667 inquit,
421 638 448 659 et
465 632 616 658 moriamur
642 639 704 660 cum
726 632 796 666 ipso.
825 641 835 657 ι
858 631 905 658 Est
923 632 997 659 enim

190 678 311 713 “quavis
336 679 391 704 vita
416 678 524 709 melior,
539 685 599 712 qua:
624 685 687 705 cum
711 677 826 705 Domino
853 678 998 714 accipitur.

215 723 327 751 occisio.
347 723 435 757 Atque
462 723 518 750 haec
536 723 646 757 quidem
669 724 709 751 sic
735 732 764 751 se
794 724 944 756 habebant,
971 729 1000 752 et

216 769 403 804 apostolorum
419 768 526 796 animos
539 769 677 796 detinebat
696 769 853 801 admiratio,
873 770 999 806 cogitan-

216 820 257 843 tes
274 815 454 850 condiscipuli
471 815 612 843 audaciam
630 816 664 843 ad
680 821 795 844 mortem
816 817 998 844 subeundam.

249 861 294 888 iV.
310 862 361 889 Sed
374 869 435 888 cum
449 869 517 888 crux
530 862 580 888 fixa
596 862 702 895 luisset,
718 868 745 890 et
759 870 833 889 mors
844 868 917 890 esset
936 871 999 891 sus-

217 913 310 941 pensa,
326 911 354 933 et
372 906 495 933 infernus
516 906 670 934 traheretur
685 908 821 942 captivus,
840 912 868 935 et
896 913 1001 936 mutata

216 955 289 979 esset
312 951 354 978 lex
379 952 510 986 sepulcri,
529 956 555 979 ct
582 960 656 979 mors
683 952 785 981 Christi
808 953 904 981 eﬂecta
929 959 1002 982 esset

216 1004 291 1024 mors
306 998 410 1030 tnortis,
423 1005 537 1033 surgens
551 998 676 1024 Salvator
687 1003 749 1032 post
762 1004 854 1027 erecta
869 999 940 1033 apud
957 999 1001 1026 in-

217 1042 290 1070 feros
306 1043 437 1070 adversus
453 1048 566 1069 mortem
583 1049 697 1077 tropaea,
709 1047 822 1078 apparet
834 1044 890 1071 suis
905 1044 1002 1072 amicis

218 1088 375 1122 lugentibus
383 1092 410 1114 et
421 1087 560 1120 ﬂentibus,
573 1088 601 1115 in
619 1089 670 1116 hoc
682 1098 791 1124 quoque
806 1090 884 1118 fidem
901 1091 1003 1119 faciens

217 1133 340 1161 victoria!
355 1142 362 1160 z
379 1134 424 1168 qui
442 1141 533 1160 rerum
560 1139 634 1162 recte
653 1141 791 1169 gestarum
811 1136 873 1164 illos
898 1137 1003 1166 faciens

218 1184 397 1214 spectatores,
412 1185 486 1207 certe
501 1187 551 1207 nec
565 1180 652 1215 ipsum
669 1182 781 1216 quidem
796 1183 921 1217 permisit
938 1191 1000 1212 esse

219 1229 359 1258 expertem
378 1224 529 1259 primorum
549 1226 753 1253 miraculorum.
773 1227 802 1255 ln
822 1229 938 1262 quadam
953 1229 1003 1256 do-

220 1270 349 1297 muncula
365 1270 515 1306 discipulos
531 1271 682 1299 in/arctum
700 1276 764 1299 tunc
781 1278 870 1301 metus
886 1274 1002 1309 cogebat

219 1312 376 1343 Ju'dteorum
397 1324 403 1342 :
422 1324 476 1351 quo
495 1317 605 1351 quidem
622 1318 649 1344 in
666 1319 737 1352 loco,
757 1319 911 1353 periculum
938 1329 1007 1355 pra:~_

218 1361 354 1394 videntes,
370 1363 527 1390 manebant.
546 1363 575 1390 ln
594 1363 714 1390 tnedium
728 1371 793 1399 ergo
808 1373 903 1393 eorum
917 1367 1003 1395 laten-

223 1406 292 1434 tium
309 1408 416 1435 accedit
428 1408 517 1441 Jesus,
528 1417 583 1436 non
598 1417 694 1437 vocem
708 1411 839 1439 emittens
855 1417 1002 1447 antequam

218 1452 399 1486 aspiceretur,
430 1461 484 1480 non
507 1454 661 1488 pulsatione
685 1456 748 1483 ostii
777 1458 878 1485 territis
902 1466 997 1486 corum

218 1497 317 1524 animis
337 1506 344 1524 :
363 1497 409 1524 sed
427 1499 521 1533 pedes,
536 1500 582 1534 qui
612 1508 659 1535 per
683 1509 758 1529 mare
783 1506 846 1529 sunt
865 1503 977 1538 ingressi
992 1525 1001 1538 ,

220 1543 297 1570 ostiis
313 1551 421 1578 quoque
437 1552 491 1571 non
511 1546 615 1579 apertis
629 1546 766 1574 intrarunt
787 1547 914 1583 (negabat
930 1551 1004 1577 enim

1046 312 1186 348 quomodo
1195 312 1396 347 reputabuntur
1404 312 1488 348 digni,
1498 312 1731 347 quiadmittantur
1743 321 1831 348 agen—

1048 358 1139 386 tibus?
1153 359 1213 386 Non
1246 365 1272 386 te
1298 358 1403 393 pudore
1419 358 1550 390 alliciunt,
1564 364 1592 386 et
1606 359 1639 386 ad
1652 360 1732 387 [idem
1746 364 1831 387 attra-

1047 405 1127 437 hunt,
1143 405 1358 440 praecedentium
1378 404 1503 439 ingentes
1519 404 1607 432 turbae
1621 405 1828 433 miraculorum:

1048 451 1173 486 leprosus
1190 451 1359 482 mundatus;
1377 450 1544 486 paralyticus
1568 450 1682 485 integris
1694 450 1832 478 membro-

1049 504 1111 524 tum
1126 497 1304 533 compagibus
1327 498 1490 529 restitutus;
1513 503 1602 524 caacus
1621 496 1731 523 videndi
1748 496 1833 523 facul-

1050 543 1099 571 tati
1125 543 1265 576 redditus;
1291 551 1388 570 manus
1411 547 1500 570 morte
1517 542 1613 569 alIct-ta
1627 562 1635 574 ,
1655 549 1717 576 qua
1739 549 1834 568 rursus

1049 590 1101 617 fuit
1118 589 1151 616 ad
1168 590 1248 616 vitam
1264 594 1408 621 revocata;
1424 588 1532 620 filiolus,
1548 595 1598 623 per
1610 594 1679 622 quos
1698 587 1835 614 inceditur

1050 636 1184 670 pedibus;
1209 639 1237 662 et
1260 634 1381 662 Lazarus
1392 634 1550 669 sepulcrum
1566 641 1683 665 exuens,
1703 637 1834 667 tanquam

1050 680 1174 707 vestem?
1197 679 1346 715 quomodo,
1372 679 1451 713 cujus
1477 678 1625 706 admiraris
1649 685 1742 712 opera.
1775 678 1836 712 ejus

1050 731 1206 761 suspectam
1223 725 1308 752 habes
1323 724 1574 752 resurrectionem?
1588 723 1648 750 Non
1662 723 1757 750 credat
1772 722 1835 750 Cai-

1051 771 1136 806 phas;
1159 771 1267 798 Curiose
1290 774 1429 797 scrutetur
1451 769 1634 801 Nieodemus;
1653 768 1837 796 calumnietur

1051 816 1171 843 Judaeus.
1181 816 1236 843 Cur
1245 814 1482 847 dubitatThomas
1495 813 1529 841 de
1545 813 1749 841 resurrectione
1761 813 1773 840 Υ
1784 813 1836 840 Sed

1053 866 1148 889 contra
1163 861 1318 896 discipulus
1331 860 1442 887 videtur
1457 860 1548 887 dicere
1558 859 1677 895 justiora
1691 867 1700 886 ς
1713 859 1767 886 Cur
1778 866 1836 887 mea

1054 907 1189 935 dubitatio
1197 911 1240 934 est
1250 915 1265 934 a
1278 906 1356 934 vobis
1369 905 1606 941 reprehendenda.
1615 913 1633 932 ο
1646 904 1782 940 apostoli?
1796 904 1836 932 Ad

1052 954 1162 982 Iudaeos
1181 954 1294 981 emittor
1313 960 1403 988 praeco
1424 951 1656 984 resurrectionis;
1677 951 1750 980 sicut
1767 959 1816 979 vos
1830 971 1838 982 .

1054 1000 1215 1036 proficiscor
1239 999 1383 1035 apostolus
1406 998 1440 1026 ad
1457 997 1613 1026 docendum
1632 1001 1728 1032 gentes
1744 1004 1839 1025 resur-

1055 1047 1217 1074 rectionem.
1232 1045 1379 1079 Quomodo
1398 1052 1475 1080 ergo,
1489 1044 1591 1079 quibus
1611 1051 1667 1071 non
1684 1043 1723 1071 fui
1746 1043 1838 1071 socius

1053 1092 1214 1127 spectaculi,
1230 1091 1380 1125 suscipiam
1398 1097 1477 1125 aeque
1490 1094 1573 1123 atque
1590 1089 1641 1124 ipsi
1655 1089 1839 1124 legationem!

1053 1138 1208 1171 Quomodo,
1226 1144 1344 1172 quorum
1358 1144 1411 1164 non
1430 1136 1516 1163 habeo
1531 1135 1726 1170 cognitionem.
1741 1142 1773 1161 ea
1788 1142 1839 1169 ego

1054 1184 1160 1212 docebo
1171 1184 1257 1211 alios?
1267 1182 1410 1216 Quomodo
1423 1182 1515 1216 lingua
1530 1188 1562 1208 ea
1573 1181 1645 1207 dicet
1657 1180 1837 1208 confidenter.

1054 1237 1171 1265 quorum
1187 1234 1271 1257 testes
1285 1237 1339 1256 non
1360 1228 1442 1256 habet
1461 1227 1576 1255 oculos?
1601 1226 1698 1254 Verbis
1727 1225 1838 1253 credam

1053 1276 1138 1304 solis?
1151 1275 1204 1303 Sed
1221 1275 1322 1303 ludatis
1334 1281 1383 1301 cro
1395 1274 1423 1300 in
1441 1273 1493 1300 [ide
1509 1278 1666 1308 suspectus,
1683 1279 1783 1306 meque
1799 1271 1838 1298 fa-

1055 1322 1167 1348 cilitatis
1192 1321 1362 1348 damnabunt
1386 1324 1414 1346 ct
1438 1319 1566 1347 levitatis.
1585 1317 1707 1345 Gentiles
1730 1323 1840 1352 quoque

1055 1367 1138 1394 verba
1156 1374 1211 1394 non
1233 1366 1397 1398 admittent;
1419 1365 1510 1400 potius
1534 1369 1625 1391 autem
1651 1371 1742 1391 meum
1767 1363 1841 1390 ride-r

1055 1412 1125 1440 bunt
1145 1412 1343 1443 testimonium,
1361 1411 1407 1446 qui
1423 1418 1456 1437 ex
1478 1410 1537 1438 solo
1552 1409 1649 1436 auditu
1666 1409 1783 1444 praedico
1799 1416 1841 1435 rc-

1055 1458 1265 1486 surrectioncm.

1091 1505 1136 1532 VI.
1152 1505 1211 1532 Non
1227 1504 1344 1531 moltutn
1367 1502 1524 1530 intercessit
1541 1501 1682 1535 temporis,
1701 1505 1729 1528 et
1745 1507 1841 1527 rursus

1056 1551 1145 1579 adfuit
1155 1551 1297 1582 Dotninus,
1311 1549 1451 1584 ingressus
1465 1548 1628 1575 miraculum
1646 1554 1719 1574 nunc
1732 1553 1841 1581 quoque

218 1595 282 1616 ⁵⁸³³
302 1589 376 1624 1⁸80⁵
399 1595 495 1617 "illum
517 1591 590 1626 lus-5a
615 1600 629 1619 ³
645 1592 783 1628 nomino).
800 1599 828 1621 et
843 1595 889 1629 qui
908 1596 1001 1624 omnia
1016 1593 1037 1621 Ο
1055 1597 1180 1625 similiter
1194 1595 1352 1625 ostendens,
1371 1599 1400 1622 ut
1419 1602 1480 1629 quas
1500 1594 1561 1621 aliis
1581 1593 1661 1621 simul
1685 1593 1838 1627 discipulis.

219 1634 330 1667 fecerat,
349 1635 375 1662 in
388 1643 467 1662 suum
485 1638 615 1671 templum
634 1637 786 1673 ingreditur
800 1641 900 1668 clausis
913 1641 1005 1672 ostiis;

218 1686 245 1706 et
260 1682 306 1714 qui
321 1688 370 1715 per
383 1681 486 1716 lignum
500 1688 615 1710 mortem
629 1684 769 1716 contrivit,
782 1693 853 1712 nunc
865 1687 1006 1722 \imjatl‘ert

222 1727 273 1760 ipsi
290 1726 355 1761 ligni
373 1731 487 1754 naturae.
501 1728 582 1756 Venit
597 1738 662 1765 ergo
687 1730 814 1759 Christus
832 1733 859 1760 in
884 1733 1005 1761 medium

221 1779 331 1802 eorum,
345 1772 480 1799 miraculo
496 1773 636 1808 ingressus
653 1775 819 1805 conﬁrmans
843 1778 1005 1807 miraculum

222 1817 444 1846 resurrectionis.
463 1818 496 1845 Et
510 1819 549 1846 sic
563 1819 674 1855 quidem
691 1822 819 1857 discipuli
841 1825 908 1859 ipsis
918 1826 1005 1853 oculis

220 1862 290 1897 cius,
308 1870 389 1897 quem
418 1863 629 1898 desiderabant,
653 1866 774 1894 fructum
798 1869 980 1904 percipientes
996 1890 1005 1902 ,

220 1907 311 1934 laetitia
329 1908 525 1937 adiciebantur.
544 1911 626 1939 Solus
641 1917 731 1940 autent
749 1913 868 1942 Thomas
884 1916 972 1943 abfuit
988 1925 1003 1944 a

219 1955 376 1987 spectaculo
389 1963 396 1981 :
409 1956 454 1990 qui
469 1956 562 1985 divino
572 1959 702 1992 quodam,
716 1965 746 1987 ut
760 1961 879 1993 videtur,
890 1963 1005 1989 consilio

220 2007 275 2027 non
289 2001 391 2032 adt-rat,
408 2007 438 2029 ut
450 2011 511 2030 cum
529 2005 691 2032 miraculum
707 2007 795 2040 magis
810 2007 1006 2039 esam‘inasset.

219 2051 292 2074 esset
307 2048 463 2082 pra-clarior
472 2057 560 2084 praeco
575 2052 799 2079 resurrectionis.
814 2052 867 2079 Sed
881 2053 1006 2081 Salvator

220 2093 332 2127 quidem
346 2101 408 2121 cum
424 2095 465 2122 sui
482 2097 639 2130 spectaculo
654 2097 834 2132 impertiisset
854 2099 1004 2133 apostolos,

221 2139 334 2165 recessit
350 2140 483 2173 protinus,
498 2141 692 2176 perfectiorem
705 2144 945 2178 contemplationis
958 2145 1006 2172 vi~

220 2185 326 2213 sionem
344 2185 454 2214 Thomte
469 2189 569 2221 amico,
583 2193 613 2215 ut
630 2189 747 2223 videtur,
763 2198 917 2219 reservans.

257 2231 287 2258 V.
305 2231 373 2259 Cum
387 2237 478 2260 autem
495 2241 621 2262 reversus
650 2240 723 2263 esset
747 2236 877 2269 Thomas,
902 2241 930 2264 et
957 2245 1003 2265 vc-

221 2279 305 2305 nisset
321 2278 348 2305 in
367 2283 486 2306 mentem
502 2280 645 2315 discipulis
667 2282 692 2308 ei
714 2281 805 2309 dicere
824 2291 830 2308 :
851 2291 859 2308 ι
879 2283 1004 2312 Vidimus

223 2324 379 2356 Dominum,
396 2334 405 2350 ι
424 2325 470 2352 ille
481 2331 594 2361 propler
612 2326 638 2354 id
655 2327 729 2362 quod
747 2327 886 2359 audiebat,
911 2329 1005 2356 Iustitia

222 2369 346 2402 affectus,
371 2371 443 2405 quod
464 2371 521 2398 fieri
543 2371 736 2406 desiderabat,
754 2373 806 2402 hoc
825 2373 926 2402 factum
945 2383 1007 2402 esse

221 2416 346 2448 audiens,
359 2424 412 2444 non
425 2418 566 2445 credebat.
580 2418 675 2446 Solent
687 2420 761 2446 enim
775 2421 893 2456 ingentis
904 2421 1007 2448 laetitia:

221 2462 448 2496 cxsnperationes
469 2471 528 2490 esse
546 2464 681 2492 tardiores
691 2464 724 2492 ad
739 2473 770 2492 ea
783 2466 919 2493 credenda
944 2474 1005 2501 quae

222 2510 363 2537 dicuntur.
382 2509 527 2544 Discipulis
544 2510 626 2545 igitur
641 2519 648 2538 :
664 2520 674 2536 ι
694 2511 761 2545 Nisi,
784 2512 891 2548 inquit,
909 2513 1006 2540 videro

222 2555 249 2583 in
269 2555 396 2583 manibus
408 2556 468 2591 ejus
480 2556 604 2584 ﬁssuram
620 2558 758 2585 clavorum
773 2577 781 2590 ,
800 2564 828 2586 et
846 2559 950 2586 mittam
965 2560 1006 2587 di-

221 2602 307 2636 gitum
320 2609 411 2628 meum
426 2601 454 2629 iu
467 2601 559 2629 locum
569 2603 720 2636 clavorum,
733 2607 761 2631 et
775 2604 881 2632 mittam
894 2613 1003 2632 manum

221 2654 308 2674 meam
330 2647 358 2674 in
373 2646 444 2674 latus
460 2647 530 2682 ejus,
544 2655 598 2675 non
614 2649 723 2676 credam
736 2650 758 2676 ‘.
774 2659 786 2676 ι
803 2650 843 2678 Ad
859 2650 917 2677 hare
935 2650 1005 2678 forte

222 2691 337 2726 apostoli
355 2701 362 2719 :
379 2691 449 2725 Quid
465 2692 518 2719 sibi
530 2694 596 2724 vult,
610 2701 626 2720 ο
642 2694 758 2727 Thoma,
773 2702 865 2722 sermo
878 2696 1006 2723 incredu-

223 2737 326 2765 litatis?
343 2737 371 2766 Si
387 2745 440 2766 non
465 2738 554 2765 credit
571 2738 734 2774 discipulus,
759 2743 895 2776 quomodo
912 2742 1000 2769 credi-

223 2783 315 2812 derint
328 2785 434 2813 Judaei?
452 2785 479 2812 Si
494 2787 634 2820 apostolus
645 2791 674 2814 et
688 2787 794 2815 amicus
815 2795 870 2816 non
886 2788 1005 2817 admittit

222 2832 473 2864 resurrectionem,
497 2833 636 2867 quomodo
652 2841 712 2861 eam
731 2834 894 2863 admiserint
919 2836 935 2863 ii
955 2837 1002 2871 qui

260 2927 269 2941 ’
282 2926 359 2954 Joan.
376 2933 404 2957 n,
423 2925 448 2952 8.
507 2927 516 2941 ³
530 2927 607 2956 Joan.
629 2936 678 2961 xx,
694 2929 738 2955 ‘35.
755 2928 763 2942 ⁸
780 2927 846 2954 Ibid.
869 2928 915 2955 99.

1055 1650 1088 1670 ca
1102 1642 1154 1670 soli
1168 1637 1278 1676 quoque
1293 1641 1407 1668 Thomas
1429 1640 1568 1674 largiatur.
1585 1638 1710 1667 Ostendit
1728 1646 1794 1673 ergo
1814 1638 1839 1665 ei

1056 1688 1133 1723 signa
1149 1687 1260 1718 crucis,
1277 1695 1309 1714 ac
1329 1686 1453 1714 vulneris
1473 1685 1547 1720 quod
1568 1685 1676 1720 accepit
1693 1685 1721 1711 in
1743 1685 1841 1716 latere.

1056 1734 1179 1761 ostendit
1193 1732 1364 1768 signaculum
1376 1752 1384 1764 ,
1402 1731 1504 1759 deinde
1524 1740 1531 1758 :
1550 1740 1559 1757 ι
1578 1730 1646 1764 Quia
1669 1730 1762 1758 vidisti
1785 1737 1840 1761 me.

1056 1780 1157 1814 inquit,
1175 1778 1327 1806 credidisti.
1346 1777 1420 1805 Beati
1438 1778 1484 1812 qui
1502 1785 1557 1805 non
1582 1775 1721 1808 viderunt,
1734 1780 1763 1804 et
1780 1783 1842 1803 cre-

1055 1825 1186 1852 diderunt
1201 1827 1223 1856 ',
1244 1834 1253 1850 ι
1275 1831 1402 1859 magnam
1427 1823 1507 1850 nobis
1533 1818 1679 1857 repositam
1693 1821 1842 1850 ostendens

1056 1870 1276 1902 beatitudinem,
1316 1869 1363 1904 qui
1395 1868 1564 1896 credidimus
1597 1875 1646 1903 per
1685 1874 1840 1895 sermonem

1055 1915 1264 1950 discipulorum.
1293 1914 1362 1942 illud
1385 1921 1450 1949 ergo
1477 1913 1600 1940 divinum
1624 1917 1650 1939 et
1679 1911 1843 1940 admirabile

1056 1962 1241 1997 spectaculum
1257 1968 1319 1989 cum
1340 1965 1505 1988 consecutus
1531 1963 1604 1986 esset
1632 1958 1762 1989 Thomas,
1787 1958 1839 1984 fuit

1057 2008 1139 2035 etiam
1157 2015 1238 2034 causa
1255 2007 1397 2041 apostolis,
1413 2011 1443 2033 ut
1460 2006 1504 2032 illa
1524 2006 1673 2037 discerent,
1689 2011 1749 2039 qua:
1766 2003 1842 2038 prius

1056 2060 1111 2079 non
1126 2055 1275 2084 noverant;
1292 2059 1372 2079 suum
1387 2051 1461 2078 enim
1476 2051 1560 2077 Deum
1577 2054 1606 2077 et
1620 2049 1763 2075 Dominum
1779 2055 1843 2075 con-

1057 2098 1147 2125 fessus
1166 2100 1209 2124 est
1220 2104 1283 2124 eum
1302 2103 1384 2131 quem
1400 2098 1552 2129 aspexerat.
1574 2094 1680 2121 Revera
1701 2093 1774 2120 enim
1792 2092 1840 2120 Dei

1056 2147 1098 2171 est
1122 2142 1268 2178 pulchrum
1294 2141 1401 2169 facinus
1417 2141 1640 2168 resurrectionis.
1655 2139 1724 2167 Cum
1747 2143 1840 2167 autem

1056 2196 1118 2227 post
1133 2191 1191 2218 haec
1213 2190 1341 2218 Christus
1356 2198 1370 2217 a
1386 2189 1528 2223 discipulis
1541 2196 1638 2224 magna
1657 2196 1689 2216 ex
1705 2193 1784 2223 parte
1801 2188 1840 2214 vi-

1056 2238 1116 2266 deri
1134 2246 1187 2266 non
1205 2241 1309 2272 posset,
1326 2240 1355 2263 ut
1374 2236 1421 2270 qui
1444 2239 1517 2263 esset
1530 2234 1699 2270 glorificatus
1713 2233 1841 2260 incorru-

1056 2286 1150 2322 ptione
1165 2283 1298 2318 corporis,
1314 2287 1341 2310 et
1356 2290 1412 2310 non
1423 2285 1516 2317 posset
1533 2279 1657 2316 compici
1679 2279 1843 2307 mortalibus

1055 2331 1154 2364 oculis,
1169 2331 1292 2364 seipsum
1308 2328 1482 2356 matiifestum
1497 2326 1640 2357 reddebat,
1664 2325 1774 2361 quando
1791 2333 1840 2352 vo-

1056 2377 1141 2410 lebat,
1152 2380 1181 2404 et
1190 2375 1301 2411 quando
1317 2378 1433 2402 noverat
1446 2373 1569 2400 futurum
1583 2372 1649 2399 utile
1663 2372 1697 2399 iis
1707 2371 1755 2406 qui
1768 2371 1841 2406 aspi-

1055 2423 1174 2450 ciebant.
1188 2421 1283 2456 itaque
1295 2428 1357 2448 cum
1369 2419 1530 2447 Dominicis
1541 2418 1650 2445 deesset
1663 2420 1839 2451 conspectus,

1056 2476 1150 2496 curam
1165 2467 1298 2503 gerebant
1314 2466 1414 2494 veteris
1430 2465 1497 2492 artis
1509 2483 1517 2496 ,
1536 2463 1563 2498 in
1581 2471 1633 2498 qua
1649 2463 1758 2490 fuerant
1771 2463 1840 2490 edu-

1057 2513 1121 2542 cati.
1137 2513 1183 2540 llla
1207 2518 1298 2540 autem
1324 2515 1398 2542 erat.
1426 2510 1554 2545 scapham
1577 2507 1737 2538 ascendere,
1762 2511 1790 2534 et
1812 2507 1838 2534 in

1056 2558 1221 2593 profundum
1253 2557 1335 2585 maris
1358 2557 1425 2584 retia
1450 2555 1605 2583 demittere.
1626 2553 1749 2586 Quodam
1776 2559 1840 2580 vero

1056 2605 1111 2637 die,
1130 2604 1195 2632 dum
1210 2604 1261 2639 ipsi
1277 2603 1375 2630 intenti
1392 2606 1472 2630 erant
1484 2600 1639 2636 piscationi,
1656 2599 1784 2634 apparuit
1797 2598 1839 2626 eia

1057 2651 1229 2678 desideratus
1247 2649 1345 2681 Iesus,
1364 2654 1438 2677 stans
1459 2649 1487 2675 io
1510 2647 1615 2678 littore.
1639 2651 1667 2673 et
1690 2645 1790 2681 iubens
1806 2645 1838 2672 ad

1057 2698 1197 2725 dexteram
1217 2701 1323 2731 partem
1339 2695 1417 2723 navis
1440 2698 1498 2721 rete
1521 2693 1676 2721 demittere.
1697 2692 1783 2726 Capta
1797 2696 1839 2719 est

1059 2748 1150 2771 autem
1162 2742 1308 2771 multitudo
1321 2742 1437 2777 piscium
1448 2738 1676 2772 innumerabilis;
1691 2742 1751 2765 erat
1765 2735 1839 2765 enim

1059 2789 1143 2817 divini
1157 2790 1250 2824 jussus
1265 2789 1399 2824 operatio.
1415 2787 1493 2814 Tunc
1517 2785 1598 2814 simul
1613 2792 1674 2813 cum
1690 2784 1724 2811 iis
1743 2783 1838 2811 aderat

1059 2837 1140 2864 etiam
1159 2835 1288 2868 Thomas,
1305 2839 1332 2863 et
1347 2834 1429 2862 simul
1445 2832 1590 2868 navigabat
1604 2851 1611 2864 ,
1635 2835 1661 2859 et
1678 2830 1760 2858 simul
1775 2835 1842 2864 0pc—
