2086 3153
257 227 310 258 553

869 230 1011 261 MENSIS
1033 231 1208 262 DECEMBE
1214 233 1247 263 ιζ.

1823 227 1873 262 δτι

258 285 379 316 rabatnr,
393 287 421 310 et
438 282 586 319 diligenter
604 283 719 311 curabat
732 284 818 317 retia,
834 290 862 312 et
878 293 907 313 se
922 286 1038 320 paratis-
1053 289 1077 317 Α
1091 286 1172 321 longo
1188 292 1311 321 tempore
1331 286 1490 314 confirmata
1503 307 1510 319 ,
1528 285 1672 313 inducebat
1695 283 1874 312 consuetudi-

257 331 356 357 simum
382 329 547 356 ostendebat
574 328 608 356 ad
633 329 827 357 obediendum.
864 330 1040 364 Expetientia

255 375 329 403 enim
342 375 478 402 didicerat
494 375 529 402 iis
542 375 668 407 credere,
682 383 742 410 qua:
758 375 829 403 Deus
846 375 930 402 fuerit
942 383 1040 409 opera-

258 426 302 448 tus
322 429 328 447 :
347 426 376 448 et
391 421 455 448 ideo
470 429 524 448 una
541 420 706 456 navigabat,
723 425 750 448 et
771 420 852 448 simul
875 421 1040 455 operabatur

258 474 319 494 cum
336 466 479 502 discipulis
496 467 517 493 '.

294 509 350 538 VII.
365 509 433 538 Cum
451 515 544 538 autem
556 511 610 546 jam
627 510 733 538 adesset
750 516 856 545 tempus
870 511 1040 544 Assumptio-

258 556 312 589 nis,
327 564 382 591 quo
395 564 458 584 cum
474 565 507 584 eo
518 557 591 591 quod
607 564 639 584 ex
654 557 734 584 nobis
748 562 942 592 assutnpscrat,
958 565 1041 591 opor-

258 601 332 630 tebat
345 602 484 630 Christum
502 603 650 630 ascendere
665 603 698 630 ad
723 603 829 630 Patrem
845 625 850 634 ,
868 603 925 638 ipse
948 603 1040 630 educit

259 653 359 684 mystas
383 654 459 676 extra
486 649 646 676 Bethaniatn
677 657 763 684 usque
787 650 819 676 ad
836 649 991 681 Oliietum;
1013 653 1040 676 et

257 693 314 721 illic
334 693 369 721 de
385 701 414 721 se
435 695 582 727 disserens,
600 699 627 721 et
644 703 676 721 ex
692 695 843 730 Scripturis
870 695 1040 730 conjungcns

257 741 425 773 testimonia,
443 748 504 768 cum
523 745 550 768 et
564 748 656 768 coram
674 741 716 767 eis
733 740 908 771 comedisset,
929 744 956 768 et
974 748 1040 767 con-

255 786 392 814 ﬁrmasset
411 794 440 814 se
456 795 510 814 non
527 795 588 814 esse
603 787 741 822 spiritum,
754 792 783 814 ut
801 787 851 822 ipsi
868 787 1041 814 existimave-

261 837 332 865 rant,
345 837 373 859 et
387 832 485 860 deinde
502 833 609 859 sublata
626 840 707 859 manu
726 833 766 859 eis
779 832 937 859 immisisset
955 832 1039 859 bene-

257 878 418 910 dictionem,
433 877 478 904 ille
493 877 603 912 quidem
620 877 742 904 ascendit
761 878 789 903 in
803 877 898 908 caelos;
912 875 978 910 ipsis
992 883 1040 902 au-

259 928 313 951 tem
329 931 390 951 cum
406 931 503 957 magno
519 923 618 957 gaudio
629 923 682 950 fuit
697 923 800 950 reditus
817 923 843 950 in
857 923 1008 950 Jerusalem
1018 923 1038 948 '.

257 969 358 1002 Quidni
371 969 444 996 enim
460 969 604 1004 gauderet,
621 974 650 995 et
674 976 737 996 cum
754 970 816 996 aliis
841 969 980 996 laetaretur
995 969 1037 995 di-

256 1015 382 1050 scipulis,
400 1019 593 1042 sacrosanctus
623 1015 674 1043 iste
699 1019 726 1043 et
750 1023 864 1050 magnus
887 1015 1038 1049 apostolus,

257 1061 354 1088 videns
370 1061 451 1089 verba
463 1061 590 1089 .deducta
605 1069 664 1089 esse
678 1061 711 1089 ad
729 1061 868 1093 eli'ectum,
893 1066 921 1088 et
946 1068 1040 1088 susce-

255 1112 308 1142 pta:
328 1107 419 1135 carnis
434 1115 529 1134 verum
552 1115 612 1135 esse
636 1107 808 1143 mysterium,
831 1114 918 1142 neque
936 1107 1040 1134 frustra

258 1152 284 1179 in
301 1160 336 1179 eo
348 1158 483 1180 versatam
500 1153 584 1180 fuisse
603 1153 845 1180 incredulitatem?
868 1153 956 1186 Atque
979 1151 1039 1178 dies

255 1197 367 1233 quidem
386 1199 430 1226 ille
444 1207 458 1226 a
473 1199 589 1226 Domino
606 1198 784 1233 prastitutus,
798 1198 853 1232 jam
868 1198 948 1224 ﬁnem
966 1196 1039 1224 acci-

255 1244 347 1279 piebat
364 1245 560 1272 convenienter
577 1244 622 1275 iis,
644 1252 705 1279 qua:
722 1244 766 1271 ille
784 1243 890 1270 dixerat
910 1251 917 1270 :
944 1247 972 1269 ct
997 1241 1039 1268 di-

255 1290 336 1316 vinus
359 1289 479 1324 Spiritus
504 1290 538 1316 ad
565 1297 612 1316 eos
637 1289 780 1320 advolans,
806 1294 932 1323 tanquam
956 1295 1040 1315 sonus

254 1336 365 1370 quidam
380 1335 460 1362 ﬂatus
475 1335 656 1366 vehementis,
676 1335 766 1362 statim
784 1335 810 1361 in
826 1335 932 1369 linguas
949 1335 1041 1369 igneas

253 1381 438 1408 dividebatur.
452 1381 503 1413 Qui
516 1389 578 1408 cum
597 1380 692 1407 fuisset
707 1388 789 1414 super
804 1388 1039 1414 unumquemque,

255 1427 373 1454 faciebat
387 1434 435 1454 eos
453 1427 527 1461 loqui
545 1427 646 1462 linguis
667 1427 773 1457 alienis,
791 1426 860 1453 adeo
877 1432 916 1458 ut,
928 1426 976 1461 qui
991 1434 1041 1452 au-

256 1473 380 1505 diebant,
408 1473 582 1500 adicerentur
608 1481 703 1508 magna
729 1473 945 1500 admiratione’.
963 1471 1040 1500 Tunc

254 1527 323 1554 ergo
338 1519 382 1546 hic
394 1527 503 1555 quoque
517 1527 632 1554 magnus
644 1519 783 1554 apostolus
794 1527 854 1546 cum
867 1518 975 1546 sederet
987 1526 1040 1545 una

255 1573 319 1592 cum
335 1565 447 1600 reliquis
463 1565 614 1600 discipulis.
632 1566 689 1600 ipse
708 1573 817 1600 quoque
832 1566 857 1592 in
881 1565 967 1600 igneis
986 1565 1038 1592 lin-

1092 339 1154 358 nem
1170 351 1178 363 ,
1200 332 1306 359 ratione
1331 331 1426 366 quavis
1453 331 1646 366 potentiorem.
1666 330 1697 357 ln
1720 330 1791 356 hanc
1806 336 1874 364 ergo

1091 377 1230 412 regionem
1258 385 1371 412 magnus
1403 376 1560 412 ingrediens
1588 375 1738 410 apostolus,
1767 375 1872 402 nullum

1091 431 1147 456 pra).
1164 432 1192 450 se
1208 424 1269 451 tulit
1283 423 1382 450 fastum
1396 427 1423 450 et
1434 422 1630 457 arrogantiam,
1643 429 1732 456 neque
1744 421 1813 448 elate
1826 425 1874 448 aut

1091 468 1208 502 gloriose
1231 469 1370 503 quippiam
1392 473 1434 496 est
1459 468 1578 497 loeutus.
1600 474 1690 502 neque
1710 467 1785 494 aliud
1808 466 1875 493 fecit

1092 515 1210 549 superbe
1225 519 1254 541 et
1269 515 1420 542 insolenter
1444 514 1478 541 ad
1500 513 1711 540 ostentationem
1734 520 1741 538 :
1759 512 1806 539 sed
1827 520 1875 539 or-

1092 565 1172 586 natus
1195 558 1296 586 Christi
1315 558 1512 589 moderatione,
1529 562 1557 585 et
1574 566 1624 592 pro
1639 557 1737 592 quovis
1757 557 1813 584 alio
1829 564 1873 583 or-

1092 609 1220 633 namento
1230 610 1256 632 et
1269 604 1365 636 lorica,
1379 613 1410 631 ea
1423 604 1631 636 indutus,coma
1643 602 1782 634 sordidus,
1794 602 1874 629 vultu

1091 651 1219 685 pallidus,
1238 655 1310 678 totus
1325 651 1419 677 aridus
1436 655 1464 678 et
1479 650 1636 683 exsanguis,
1650 653 1679 675 et
1695 649 1774 683 plane
1791 656 1875 676 succo

1091 704 1196 728 carens,
1215 701 1242 722 et
1258 701 1286 723 ut
1301 696 1384 723 semel
1399 695 1436 722 dit
1444 703 1499 727 am,
1523 702 1578 721 non
1596 700 1649 721 tam
1665 702 1777 729 corpus,
1792 702 1876 729 quam

1093 742 1217 769 umbram
1242 742 1368 777 corporis
1391 742 1602 773 circumferens,
1621 741 1734 768 sordido
1757 745 1785 768 et
1807 741 1874 768 trito

1091 787 1209 814 amictus
1221 787 1312 821 pallio,
1328 787 1451 814 tnoribus
1465 787 1546 819 lenis,
1556 793 1685 814 sermone
1703 785 1786 817 utilis,
1798 785 1877 812 factis

1091 833 1170 860 valde
1188 832 1371 865 admirabilis,
1384 832 1579 860 humilioribus
1595 839 1624 860 se
1639 831 1875 864 accommodabat,

1091 879 1204 914 spiritus
1218 879 1344 905 altiorum
1360 879 1528 914 deprimens.

1127 925 1171 952 IX.
1189 926 1255 952 Cum
1273 925 1374 952 talibus
1388 925 1510 952 moribus
1523 928 1551 952 et
1568 924 1623 952 vita
1638 924 1768 959 praeditus
1781 924 1813 951 ad
1832 924 1876 951 ln—

1092 971 1141 998 dos
1159 971 1289 1001 vertisset,
1307 970 1449 1005 visumque
1464 970 1488 997 ei
1504 974 1575 997 esset
1597 970 1687 1005 gentis
1713 969 1818 1004 ingredi
1832 969 1877 996 in-

1093 1017 1207 1048 tcriora,
1226 1022 1369 1051 postquam
1384 1016 1452 1043 vidit
1474 1015 1570 1043 falsam
1595 1017 1749 1043 daemonum
1768 1017 1878 1051 religio-

1091 1070 1153 1090 nem
1167 1069 1216 1089 eos
1229 1060 1482 1095 comprehendisse,
1497 1065 1524 1088 et
1535 1061 1597 1087 imis
1610 1068 1705 1088 eorum
1719 1061 1820 1088 animis
1835 1060 1878 1087 in-

1091 1109 1206 1139 sedisse,
1223 1116 1277 1134 non
1301 1107 1391 1134 statim
1416 1107 1548 1141 processit
1566 1107 1600 1134 ad
1617 1115 1665 1134 eos
1688 1107 1875 1138 refellendos,

1091 1162 1145 1181 non
1163 1154 1269 1180 induxit
1284 1153 1524 1188 reprehensiones,
1541 1160 1595 1179 non
1613 1156 1743 1187 tanquam
1757 1153 1877 1180 medica-

1092 1203 1183 1226 mento
1203 1206 1269 1226 usus
1285 1203 1327 1225 est
1352 1198 1529 1231 austeritate;
1546 1198 1650 1225 sciebat
1681 1198 1755 1225 enim
1768 1219 1776 1230 ,
1800 1197 1875 1233 quod

1091 1253 1151 1280 qua:
1169 1245 1248 1280 longa
1265 1244 1464 1272 consuetudine
1479 1244 1505 1271 in
1524 1244 1626 1272 nostris
1638 1244 1798 1271 conﬁrmata
1811 1249 1877 1272 sunt

1090 1292 1200 1324 animis,
1215 1300 1269 1319 non
1285 1297 1400 1326 possunt
1415 1291 1492 1319 facile
1513 1291 1598 1318 deleri
1612 1311 1619 1324 ,
1645 1296 1672 1318 et
1696 1290 1873 1325 persuasione

1093 1340 1190 1372 magis,
1205 1347 1287 1373 quam
1304 1339 1329 1365 vi
1349 1343 1502 1365 mutantur.
1518 1338 1668 1372 Propterea
1692 1337 1776 1372 magis
1790 1337 1877 1364 utitur

1092 1385 1318 1416 mansuetudine,
1331 1390 1358 1412 et
1372 1385 1452 1412 bonis
1468 1384 1637 1416 moribus,et
1652 1383 1761 1410 blandis
1772 1383 1874 1414 verbis,

1092 1437 1207 1465 magnus
1223 1434 1250 1457 et
1266 1429 1374 1464 dignus,
1394 1429 1440 1464 qui
1460 1429 1486 1455 in
1504 1429 1608 1455 honore
1635 1428 1794 1459 haberetur,
1819 1435 1875 1454 non

1091 1483 1123 1502 ex
1138 1475 1207 1501 fastu
1222 1480 1250 1501 et
1263 1479 1380 1507 tumore,
1393 1480 1421 1501 et
1438 1474 1529 1501 verbis
1546 1474 1708 1508 magniﬁcis,
1725 1472 1773 1500 sed
1788 1481 1821 1500 ex
1834 1472 1875 1499 fa-

1091 1522 1143 1548 ctis
1157 1525 1183 1548 et
1195 1521 1279 1556 signis
1288 1521 1328 1548 eis
1342 1528 1489 1556 apparens,
1503 1525 1529 1546 et
1543 1520 1641 1554 insigni
1653 1519 1768 1551 Christi,
1778 1527 1875 1553 nempe

1091 1567 1257 1599 humilitate,
1274 1567 1352 1594 valde
1371 1571 1487 1594 ornatus
1502 1576 1508 1593 :
1528 1574 1583 1601 quo
1597 1565 1708 1600 quidem
1728 1573 1775 1592 eos
1791 1565 1877 1599 magis

255 1611 318 1645 guis
332 1611 438 1645 accepit
462 1611 578 1646 gratiam
595 1620 601 1637 :
618 1615 645 1637 el
662 1618 724 1637 cum
745 1610 772 1636 in
791 1618 870 1636 suum
897 1610 1038 1637 Itabilncu-
1051 1612 1074 1644 C
1089 1613 1214 1648 cipiebat
1227 1617 1255 1640 et
1276 1612 1433 1640 attrahebat
1448 1613 1480 1639 ad
1496 1611 1678 1646 agnitionem,
1702 1610 1774 1645 quod
1799 1615 1874 1637 esset

258 1658 314 1684 lum
329 1660 419 1684 totum
439 1656 631 1683 intromisisset
647 1655 793 1690 Spiritum,
811 1659 883 1682 totus
898 1655 949 1682 fuit
966 1655 1039 1683 illius

255 1703 480 1734 instrumentum,
493 1701 571 1728 valde
584 1701 722 1735 sapienter
735 1705 762 1728 et
778 1705 931 1735 opportune
946 1700 1040 1736 pulsa-

255 1752 324 1774 tum.
343 1746 390 1773 Sic
413 1754 479 1780 ergo
499 1745 619 1774 Thomas
643 1746 677 1773 ab
694 1746 750 1773 alto
772 1746 950 1773 continuatus
964 1765 971 1777 ,
989 1745 1040 1772 fuit

255 1796 388 1828 perpetuo
401 1793 550 1824 accinctus,
566 1798 748 1827 promptuque
760 1797 788 1819 et
803 1792 884 1819 alacri
898 1794 988 1819 animo
1006 1792 1040 1819 ad

256 1837 490 1873 przedicationem,
506 1837 575 1864 nihil
593 1837 692 1863 timens
707 1844 803 1864 eorum
820 1844 880 1871 quae
905 1842 968 1864 sunt
984 1841 1038 1863 ter-

257 1884 359 1917 ribilia,
371 1890 423 1911 nec
438 1887 552 1918 stupens
565 1883 667 1918 aliquid
685 1890 780 1910 eorum
807 1890 868 1917 quae
890 1887 954 1910 sunt
967 1884 1039 1910 clara

253 1936 283 1958 et
295 1930 422 1958 illustria.

292 1977 360 2004 Vill.
376 1976 444 2004 Cum
461 1984 527 2011 ergo
543 1983 586 2003 res
601 1975 732 2010 apostolis
746 1982 774 2002 se
787 1974 920 2002 haberent
935 1983 968 2002 ex
981 1974 1040 2001 ani-

257 2023 294 2049 mi
311 2023 464 2052 sententia.
489 2025 628 2056 oporteret
651 2024 740 2047 autem
757 2021 864 2047 Domini
881 2021 984 2055 iussum
1007 2020 1040 2047 fi—

257 2076 319 2096 nem
332 2069 468 2103 aecipere,
484 2068 530 2102 qui
546 2067 657 2102 quidem
671 2070 731 2093 erat
750 2074 757 2093 :
775 2075 783 2092 t
800 2066 904 2094 Euntes
918 2066 944 2093 in
960 2074 1040 2093 mun-

256 2115 333 2146 dum,
348 2114 444 2141 docete
458 2121 554 2140 omnes
569 2117 665 2148 gentes
677 2113 716 2144 ⁸,»
729 2113 799 2140 alius
812 2113 921 2147 quidem
937 2120 969 2139 ex
977 2120 1042 2147 apo-

257 2160 335 2188 stolis
348 2160 429 2187 aliam
449 2159 526 2186 orbis
545 2163 624 2186 terra:
639 2163 745 2193 partem
769 2158 884 2185 sortitus
899 2162 951 2188 est,
967 2158 1040 2185 sicut

256 2205 309 2236 eis,
334 2204 381 2239 qui
409 2205 567 2234 advenerat,
596 2203 736 2237 Spiritus,
761 2208 863 2231 sortem
887 2203 1040 2230 deﬁnierat.

257 2251 377 2278 Thomas
393 2250 475 2285 igitur
489 2251 588 2277 missus
599 2254 640 2276 est
652 2248 803 2280 inlndiam,
818 2256 879 2283 qua:
888 2252 947 2275 erat
961 2248 1040 2283 plane

257 2296 387 2328 barbara,
403 2300 432 2323 et
445 2296 471 2322 in
489 2295 602 2323 nefariis
617 2295 779 2322 versabatur
794 2295 960 2322 actionibus.
978 2295 1039 2330 lpsa

255 2338 348 2370 autem
362 2342 414 2369 sita
423 2346 464 2368 est
479 2341 638 2376 longissime
656 2341 690 2368 ab
706 2340 834 2376 Egypto;
850 2341 962 2369 alluitur
975 2348 1041 2368 vero

257 2388 325 2416 mari
345 2387 422 2415 valde
439 2386 597 2421 navigabili,
616 2390 643 2413 et
656 2390 698 2413 est
712 2386 822 2420 quidem
851 2393 936 2421 egena
951 2394 1041 2413 rerum

256 2435 485 2463 necessariarum.
496 2432 714 2460 abundatautem
732 2432 813 2459 rebus
827 2433 953 2466 pretiosis
967 2436 996 2459 et
1007 2432 1041 2459 ad

229 2497 232 2502 ι
255 2481 350 2508 luxum
368 2478 592 2506 accommodatis.
611 2478 676 2505 Eam
690 2478 794 2505 habitat
808 2479 835 2505 id
851 2486 946 2514 genus,
967 2479 1042 2513 quod

255 2527 358 2554 dctum
373 2530 425 2558 est,
441 2524 514 2559 quod
529 2528 570 2552 est
592 2524 853 2559 lrequentissimutn,
867 2529 895 2551 et
916 2525 1039 2552 deditum

221 2586 232 2601 ,η
256 2574 428 2603 mercaturae,
447 2575 475 2596 et
489 2576 585 2604 inagna
599 2577 632 2596 ex
649 2573 726 2603 parte
752 2569 854 2596 nudum
870 2588 877 2600 ,
902 2573 931 2596 et
956 2569 1043 2597 instar

257 2618 395 2651 ferarum,
420 2624 481 2651 qum
503 2615 606 2650 degunt
623 2615 650 2642 in
676 2614 829 2646 tuentibus,
847 2615 928 2642 vitam
947 2622 1041 2649 agens.

257 2664 343 2696 Quam
359 2663 395 2690 ob
410 2670 521 2690 causam
541 2668 689 2696 corporum
712 2661 884 2695 nuperliciem
903 2661 974 2688 radii
997 2669 1043 2688 so-

257 2710 327 2737 lares
352 2709 486 2736 invadunt
503 2708 645 2735 ardentius
658 2727 666 2740 ,
685 2707 819 2741 valdeque
837 2707 997 2738 incendunt,
1013 2712 1041 2734 et

257 2755 413 2790 denigrant,
430 2759 458 2781 et
480 2754 602 2781 elliciunt
623 2754 683 2780 visu
697 2752 887 2780 deformiores.
906 2752 1042 2779 Colebant

258 2806 348 2828 autem
366 2800 410 2827 isti
426 2800 572 2827 simulacra
592 2800 663 2827 facta
676 2807 710 2826 ex
721 2806 802 2826 omne
815 2805 902 2834 genus
914 2799 1038 2826 materia:

258 2851 286 2873 et
302 2845 374 2880 quod
391 2846 418 2872 in
443 2853 473 2872 ea
499 2845 693 2873 conferebatur
715 2845 848 2877 studium,
867 2849 895 2872 et
912 2844 1019 2871 cultura
1032 2863 1039 2876 ,

293 2937 303 2953 '
317 2936 396 2967 Joan.
413 2945 467 2969 tm,
486 2936 496 2963 l
515 2943 592 2971 seqq.
631 2936 640 2951 '
654 2935 719 2962 an.
736 2944 807 2971 xxiv,
820 2935 853 2963 36
870 2942 945 2970 seqq.

1003 2935 1010 2947 ⁷
1025 2934 1085 2963 Act.
1103 2943 1132 2969 ιι,
1150 2934 1160 2962 l
1182 2942 1257 2970 seqq.

1091 1659 1222 1694 operibus
1235 1658 1347 1693 quidem
1364 1657 1546 1687 admirabilis,
1568 1657 1668 1691 spiritu
1692 1661 1783 1683 autem
1801 1657 1876 1683 mitis

1091 1709 1118 1732 et
1130 1703 1298 1731 tnoderatus.
1313 1703 1407 1737 Itaque
1419 1702 1484 1729 moti
1498 1701 1678 1729 admiratione
1690 1701 1760 1733 lndi,
1779 1708 1875 1735 rogare

1091 1753 1234 1784 cmperunt
1250 1748 1376 1783 quisnam
1392 1753 1475 1780 esset,
1493 1753 1521 1774 et
1537 1747 1614 1782 cuias
1627 1754 1727 1781 genere
1738 1766 1745 1778 ,
1760 1751 1787 1773 et
1801 1754 1877 1780 qua:-

1091 1803 1155 1822 nam
1167 1800 1239 1822 esset
1252 1794 1312 1829 ejus
1325 1793 1432 1828 religio,
1445 1797 1473 1820 et
1486 1793 1560 1828 quod
1577 1792 1710 1819 studium.
1724 1792 1770 1819 llle
1784 1799 1876 1819 autem

1094 1839 1225 1875 (habebat
1243 1839 1316 1866 enim
1332 1838 1359 1864 in
1378 1845 1406 1865 se
1423 1837 1562 1865 Christum
1586 1837 1756 1873 magistrum)
1778 1837 1877 1864 leniter

1090 1891 1118 1914 et
1134 1886 1256 1912 modeste
1280 1884 1430 1918 respondit,
1454 1884 1526 1918 quod
1551 1888 1624 1910 esset
1646 1891 1746 1918 genere
1763 1883 1875 1917 quidem

1091 1932 1212 1962 Iudaeus,
1231 1930 1383 1965 discipulus
1409 1934 1501 1957 autem
1527 1929 1639 1964 insignis
1661 1929 1735 1955 illius
1755 1928 1877 1963 Moysis,

1092 1977 1166 2004 illius
1187 1976 1297 2010 inquam
1319 1975 1426 2010 Moysis,
1437 1974 1484 2009 qui
1506 1982 1567 2001 cum
1580 1974 1634 2000 Deo
1649 1978 1691 2000 est
1702 1973 1854 2001 collocutus
1867 1994 1875 2006 ,

1094 2021 1194 2050 deinde
1211 2021 1294 2048 etiam
1307 2020 1409 2047 Christi
1428 2019 1488 2047 Filii
1501 2019 1550 2046 Dei
1564 2019 1726 2054 discipulus,
1739 2019 1786 2053 qui
1803 2019 1877 2045 venit

1093 2069 1126 2096 ad
1146 2068 1242 2096 mundi
1258 2068 1385 2099 salutem,
1400 2071 1427 2093 et
1439 2065 1511 2100 quod
1529 2065 1610 2092 vitam
1623 2069 1752 2092 aeternam
1777 2070 1805 2091 et
1818 2065 1877 2091 ani-

1092 2123 1198 2142 marum
1215 2114 1330 2142 salutem
1346 2113 1451 2140 veniret
1467 2111 1662 2139 annuntiatqu
1681 2121 1687 2137 :
1703 2111 1804 2146 quibus
1827 2111 1876 2145 qui

1093 2160 1278 2192 crediderint,
1297 2162 1381 2186 erunt
1398 2157 1581 2185 inetfabilium
1599 2157 1734 2184 bonorum
1761 2155 1876 2189 partici-

1093 2215 1150 2243 pes.
1170 2208 1304 2235 Praeterea
1327 2209 1419 2232 narrat
1438 2203 1541 2232 Christi
1564 2203 1611 2230 Dei
1634 2203 1715 2230 Verbi
1735 2202 1879 2230 demissio-

1094 2261 1168 2285 nem,
1188 2252 1326 2286 refertque
1339 2250 1471 2277 miracula
1494 2257 1554 2284 qum
1576 2249 1651 2281 fecit,
1668 2248 1733 2275 dum
1751 2249 1778 2276 in
1796 2249 1877 2275 terris

1095 2299 1122 2326 in
1137 2305 1219 2325 carne
1236 2301 1345 2332 ageret;
1362 2297 1505 2331 ipsamque
1519 2295 1688 2330 passionem,
1706 2302 1766 2329 quce
1785 2294 1879 2322 multis

1094 2344 1202 2372 videtur
1219 2343 1373 2378 probrosa;
1395 2342 1524 2368 virtutem
1548 2340 1768 2372 resurrectionis,
1793 2346 1820 2368 ct
1842 2340 1876 2367 ad

1095 2391 1180 2418 caelos
1195 2390 1383 2416 ascensionem
1402 2396 1410 2414 :
1425 2388 1510 2422 Cujus
1526 2386 1688 2421 discipulus,
1702 2386 1787 2421 inquit
1803 2407 1810 2418 ,
1827 2393 1878 2420 ego

1094 2441 1122 2463 ct
1140 2435 1264 2463 minister
1279 2434 1497 2464 admirabilium,
1511 2440 1572 2467 quae
1587 2432 1644 2466 ipse
1660 2432 1740 2463 fecit,
1758 2431 1880 2458 miracu-

1094 2481 1195 2513 lorum,
1211 2484 1293 2515 atque
1306 2478 1467 2506 oeconomiae
1481 2497 1488 2508 ,
1511 2484 1567 2512 qua
1588 2477 1639 2503 fuit
1655 2477 1728 2504 Deus
1742 2481 1769 2503 et
1785 2476 1878 2507 homo,

1093 2531 1203 2554 ercatus
1224 2532 1285 2553 sum
1299 2532 1406 2559 praeco;
1422 2523 1501 2557 cujus
1522 2522 1688 2550 annuntians
1709 2522 1735 2548 in
1754 2521 1880 2548 homines

1093 2571 1300 2606 benignitatem,
1312 2575 1339 2597 et
1349 2570 1509 2596 immensam
1522 2569 1548 2595 in
1561 2569 1634 2604 ipsos
1648 2567 1876 2600 misericordiam,

1093 2617 1126 2645 ad
1143 2624 1192 2643 vos
1208 2622 1294 2650 usque
1311 2613 1434 2646 accessi;
1452 2614 1530 2648 cujus
1549 2613 1637 2640 factus
1659 2620 1719 2640 sum
1746 2616 1832 2647 mysta
1851 2617 1879 2639 et

1094 2662 1246 2698 apostolus.
1268 2660 1300 2686 Et
1317 2667 1377 2686 cum
1397 2659 1464 2693 ipsis
1479 2658 1569 2686 oculis
1589 2658 1659 2685 facta
1674 2658 1709 2685 sit
1724 2657 1790 2684 mihi
1811 2657 1878 2685 ﬁdes

1095 2714 1190 2734 eorum
1208 2713 1271 2740 qua:
1283 2704 1426 2736 dicuntur,
1444 2711 1498 2730 non
1511 2703 1536 2730 vi
1554 2711 1602 2730 eos
1622 2703 1668 2738 qui
1685 2707 1816 2736 renuunt,
1830 2702 1879 2730 sed

1095 2752 1170 2780 omni
1186 2752 1320 2779 charitate
1336 2750 1487 2785 amplector
1499 2757 1548 2776 eos
1561 2749 1606 2783 qui
1623 2750 1835 2784 persuadentur.

1130 2797 1164 2826 Χ.
1181 2797 1238 2829 llis,
1254 2802 1281 2824 et
1297 2796 1421 2831 pluribus
1434 2795 1495 2822 aliis
1504 2795 1635 2821 divinitus
1649 2794 1761 2829 prolatis
1774 2793 1889 2828 verbis,’

1095 2843 1225 2871 Indorum
1244 2841 1362 2877 populus
1382 2841 1415 2867 ad
1435 2840 1596 2876 mysterium
1617 2839 1803 2873 introductus,
1819 2839 1881 2867 suis

1297 2935 1307 2948 ⁵
1329 2933 1422 2961 Matth.
1439 2940 1532 2966 xxvnt,
1554 2931 1594 2959 l8.
