2086 3153
201 206 255 239 565

648 208 883 239 MARTYRIUM
905 210 956 239 SS.
974 210 999 239 Χ
1021 209 1089 241 MM.
1104 211 1366 243 CRETENSIUM.

1765 216 1816 246 566

202 263 304 291 animis
332 263 454 298 sttsceplt
478 264 553 292 verbi
577 271 681 293 semen.
705 265 808 293 Deinde
832 266 873 301 (ut
896 267 985 294 dicam
1004 273 1022 298 Α
1041 276 1103 302 pus,
1121 267 1242 295 ﬁdelium
1255 268 1382 295 manibus
1392 268 1522 296 decenter
1537 268 1729 304 compositum,
1745 276 1822 303 sepe—

202 316 266 336 cum
280 309 375 336 divino
395 309 552 345 Evangelia)
566 310 682 339 Domino
700 312 858 346 adjuvante,
878 317 906 339 et
922 320 983 340 ser-

203 361 313 382 manem
328 354 508 383 conﬂrmante
522 363 573 391 per
584 357 659 392 signa
672 358 880 392 consequentia,
895 359 987 393 μυία-

204 400 253 427 tlm
268 396 381 435 quidem
400 401 512 429 abducti
527 408 592 430 sunt
607 404 642 430 ab
656 403 791 431 idolorum
809 404 987 432 libaminibus

200 450 231 474 et
243 446 508 480 abominationibus,
521 449 554 475 ad
573 457 666 476 veram
682 454 773 477 autem
792 449 873 477 ﬁdem
890 458 985 477 acces-

201 494 311 522 serunt,
332 496 359 518 et
382 492 422 518 sic
447 493 605 526 apostolicis
631 494 815 521 transformati
841 494 985 527 doctrinis,

200 534 313 564 Christo
327 536 476 564 familiares
488 545 635 566 evaserunt
648 547 697 574 per
708 539 873 574 baptismum
886 547 892 566 :
906 533 986 573 adeo,

201 585 235 608 ut
251 582 334 608 etiam
351 589 437 617 usque
454 583 487 610 ad
505 583 591 617 ipsum
607 592 697 620 regem
715 585 869 619 pervenerit
887 585 988 620 praedi-

199 627 286 658 catio,
301 627 409 654 etiamsi
432 636 487 655 non
503 631 651 663 penetrarit
668 637 754 664 usque
771 630 804 657 ad
821 630 987 664 profundum

199 673 262 708 ejus
278 675 386 701 mentis.
405 675 498 710 itaque
513 677 559 710 qui
574 684 674 711 genere
696 677 808 712 quidem
830 677 863 704 ad
890 685 982 712 regem

198 719 368 752 attinebant,
381 729 442 748 cuin
455 729 483 748 se
496 727 568 749 totos
584 722 725 750 dedissent
735 723 910 751 sermonibus
923 731 988 758 apo-

199 765 278 796 stoli,
294 765 329 792 ab
344 773 378 792 eo
395 767 476 794 avelli
498 775 553 794 non
573 773 725 802 pcterant:
749 776 794 795 rex
815 772 907 795 autem
931 769 989 804 ipse

200 808 333 837 detentus
349 818 362 836 a
382 811 518 845 profunda
536 813 651 847 caligine
665 813 837 848 ignorantiae,
852 818 880 840 ct
894 821 909 840 a
925 813 988 848 qui-

200 853 256 880 bus
270 854 409 882 miraculis
424 857 569 890 oportebat
593 857 626 883 ad
648 857 738 884 lucem
762 857 880 888 traduci,
897 858 930 884 ab
947 858 989 885 eis

201 898 356 926 voluntaria
370 902 492 928 caecitate
505 902 538 928 ad
551 903 680 937 majorem
695 909 830 930 accensus
843 902 988 935 insaniant,

1038 313 1122 341 litur:
1136 314 1207 348 regis
1218 318 1309 341 autem
1323 313 1395 340 illius
1409 313 1507 340 incidit
1520 314 1547 340 in
1558 321 1667 348 gravem
1681 313 1820 344 morbum.

1037 365 1066 387 et
1079 359 1126 395 qui
1137 365 1198 387 erat
1209 363 1268 386 arte
1276 359 1395 386 humana
1404 359 1533 386 validior.
1543 359 1624 386 Pater
1635 366 1700 393 ergo
1714 359 1820 393 (quidni

1038 405 1123 437 enim,
1141 405 1165 432 si
1180 404 1287 440 pater?)
1306 403 1456 431 inﬂectitur
1478 411 1493 430 a
1508 408 1605 430 natura
1618 403 1782 438 tletibusque
1796 408 1823 430 ct

1037 451 1169 486 lacrymis
1193 451 1334 486 irrigatur,
1359 449 1604 477 lamentationibus
1619 449 1756 481 laniatur;
1775 450 1822 476 sed

1038 497 1142 524 nullam
1167 497 1312 524 inveniens
1337 497 1399 524 mali
1424 495 1601 527 solutionem,
1628 494 1822 522 miraculomm

1038 544 1154 580 apostoli
1170 544 1342 576 recordatur,
1368 548 1395 570 et
1418 542 1558 578 quaerebat
1575 548 1686 576 parvam
1704 541 1823 574 aliquam

1038 593 1142 624 partem
1158 596 1192 616 ex
1207 589 1266 623 ejus
1282 588 1405 624 reliquiis
1419 587 1451 615 ad
1467 586 1633 614 medendum
1647 586 1672 613 ei
1686 586 1733 620 qui
1750 586 1825 613 labo-

1039 634 1127 661 rabat.
1157 633 1304 668 Postquam
1329 639 1420 661 autem
1447 632 1558 660 rescivit
1578 638 1631 658 non
1658 638 1818 665 comparere

1038 687 1138 714 corpus
1153 679 1348 714 apostolicum,
1366 679 1462 706 saltem
1484 678 1636 712 pulverem,
1651 683 1733 711 quem
1755 676 1822 703 illud

1039 725 1139 761 tetigit,
1164 726 1246 762 jussit
1269 725 1377 752 aﬂ'erre.
1405 723 1483 757 Quod
1503 722 1615 758 quidem
1633 729 1696 749 cum
1721 723 1822 748 tactum

1039 775 1122 802 esset,
1136 776 1226 806 pater,
1244 769 1386 806 aegrotanti
1409 769 1464 796 tilio
1485 769 1598 804 pulvere
1622 767 1760 802 imposito,
1778 774 1823 799 sa-

1039 823 1106 842 num
1124 815 1192 842 vidit
1207 823 1281 847 eum,
1294 822 1375 849 quem
1389 813 1505 848 putabat
1522 813 1698 845 moriturum,
1713 812 1823 839 etiamsi

1040 860 1085 888 ille
1098 860 1233 888 modicam
1248 860 1336 887 lucem
1351 859 1509 894 agnitionis,
1519 865 1599 893 quam
1612 863 1763 892 acceperat,
1775 865 1824 885 sua

1040 910 1138 940 sponte
1161 906 1310 941 repulerat,
1331 910 1359 932 et
1384 912 1448 932 vere
1472 909 1532 932 erat
1559 910 1696 937 mortuus,
1722 909 1752 931 ut
1777 905 1824 938 qui

203 945 376 972 consultabat
398 946 432 974 dc
448 951 536 974 tnorte
562 947 689 982 apostoli.
713 948 898 981 Quamobrem
914 949 987 976 dicto
1007 947 1026 973 Β
1040 951 1170 980 acerbam
1197 956 1312 978 mortem
1337 951 1502 985 suscepisset
1526 950 1683 984 impietatis.
1715 949 1748 976 Et
1767 950 1825 977 haec

204 991 290 1018 citius
306 991 332 1018 in
349 999 414 1018 eum
427 993 480 1019 l'ert
492 994 658 1020 sententiam
674 1003 680 1021 :
696 999 724 1021 et
741 994 843 1022 lanceis
854 994 888 1021 de
901 994 991 1021 medio

205 1036 311 1064 tollitur
327 1045 441 1072 magnus
453 1038 498 1065 hic
507 1039 658 1072 apostolus,
668 1040 714 1074 qui
729 1046 841 1075 propter
851 1040 992 1068 Christum

205 1087 323 1110 mortem
338 1084 454 1111 libenter
471 1086 602 1120 suscepit.
622 1086 690 1112 Eum
707 1086 816 1113 beatum
831 1086 994 1121 quideiuju-

205 1128 310 1156 dicavit
326 1129 427 1156 chorus
440 1138 536 1157 eorum
553 1131 599 1165 qui
615 1139 662 1165 per
682 1131 771 1166 ipsum
786 1131 964 1158 crediderunt
981 1140 987 1157 ε

207 1174 319 1200 beatum
344 1179 434 1202 autem
452 1176 561 1202 censuit
583 1184 693 1212 quoque
713 1177 816 1204 chorus
831 1185 925 1204 eorum
941 1178 988 1210 qui

208 1222 275 1244 sunt
301 1218 327 1245 in
349 1219 466 1246 excelsis
482 1227 490 1246 :
505 1220 661 1255 plausitque
678 1222 815 1256 justorum
842 1222 990 1249 multitudo

207 1271 271 1290 rum
285 1265 426 1298 apostolis,
445 1266 569 1294 videntes
587 1274 693 1294 sacram
717 1267 789 1294 illam
815 1271 844 1295 et
868 1267 988 1294 divinam

207 1309 328 1336 animam
344 1310 371 1337 in
389 1311 472 1338 caelos
485 1311 675 1344 asendentem,
690 1317 718 1340 et
732 1313 859 1348 stipatam
877 1313 987 1348 angelo-

207 1362 270 1381 rum
287 1355 442 1383 ordinibus.

245 1399 289 1426 Xl.
306 1401 378 1434 Quid
398 1407 490 1429 autem
505 1402 635 1438 deinceps
648 1403 838 1438 consequitur,
853 1409 880 1431 et
894 1404 959 1438 quid
975 1412 990 1431 e

207 1447 316 1481 superis
342 1448 467 1482 providet
494 1454 521 1476 et
550 1449 693 1484 dispensat
719 1450 839 1481 bonitas,
865 1450 991 1477 homines

206 1493 351 1521 attraham
365 1494 398 1521 ad
414 1495 564 1529 pietatem?
579 1495 692 1522 Sacrum
707 1495 818 1530 quidem
834 1495 901 1522 illud
926 1503 989 1522 cor-

210 1576 295 1583 -μ,

1040 998 1150 1032 quidem
1163 1002 1296 1032 quantum
1315 997 1395 1024 licuit
1419 1004 1473 1024 non
1499 996 1653 1023 aberrando
1670 1004 1685 1022 a
1697 995 1824 1026 veritate,

1041 1045 1192 1078 composita
1208 1043 1331 1074 fuerunt.
1345 1046 1373 1070 et
1386 1042 1543 1076 conscripta
1554 1061 1562 1074 ,
1576 1046 1603 1069 et
1618 1041 1733 1076 apostoli
1751 1041 1824 1068 laudi

1041 1093 1106 1115 sunt
1121 1089 1257 1116 dedicata.
1277 1088 1370 1115 Tanta
1381 1088 1459 1115 nobis
1474 1088 1575 1116 laetitia:
1589 1095 1669 1114 causa
1679 1092 1721 1114 est
1739 1087 1824 1114 hodie

1043 1134 1172 1161 Thomas.
1185 1133 1237 1161 Per
1253 1140 1335 1168 quem
1351 1134 1434 1161 etiam
1453 1133 1581 1160 lndorum
1594 1133 1718 1160 barbarae
1731 1135 1827 1168 gentes

1043 1179 1202 1207 didicerunt
1221 1187 1282 1207 eam
1303 1179 1386 1211 viam,
1402 1186 1462 1213 qua:
1475 1179 1574 1206 fertad
1592 1179 1676 1206 ratio:
1692 1183 1739 1206 :et
1756 1186 1826 1213 quo-

1045 1232 1106 1252 rum
1125 1232 1241 1260 corpora
1265 1231 1344 1251 erant
1372 1224 1438 1251 solis
1456 1224 1540 1251 radiis
1555 1225 1708 1259 denigrata,
1727 1231 1824 1252 evase-

1043 1275 1107 1297 runt
1118 1269 1242 1296 candidis
1256 1269 1379 1304 laatisque
1394 1274 1421 1296 et
1438 1269 1575 1296 alacribus
1598 1269 1697 1296 animis
1709 1290 1716 1302 ,
1734 1269 1780 1304 qui
1797 1269 1825 1295 in

1043 1315 1250 1349 intelligentiam
1265 1315 1348 1346 cadit,
1368 1314 1425 1341 sole
1443 1322 1511 1349 pure
1527 1322 1558 1341 ac
1573 1314 1693 1341 suaviter
1710 1315 1750 1341 eis
1763 1314 1826 1340 illu-

1042 1364 1168 1387 cescente
1184 1367 1190 1385 :
1205 1359 1237 1386 ad
1253 1359 1368 1394 gloriam
1391 1359 1481 1386 Patris
1496 1378 1503 1390 .
1518 1364 1546 1386 et
1561 1359 1634 1393 Filii,
1656 1363 1685 1386 et
1706 1359 1828 1394 Spiritus

1042 1406 1150 1437 sancti,
1168 1405 1259 1436 unius.
1279 1409 1306 1432 et
1322 1412 1383 1440 quae
1397 1404 1482 1432 dividi
1499 1413 1553 1432 non
1572 1409 1672 1440 potest,
1691 1405 1823 1432 divinita-

1042 1450 1079 1477 tis
1099 1458 1106 1477 :
1123 1458 1205 1485 quam
1221 1449 1301 1477 decet
1314 1449 1418 1484 gloria,
1436 1449 1525 1477 honor
1543 1454 1571 1477 et
1594 1449 1717 1478 adoratio
1738 1457 1823 1483 nunc,

1044 1503 1162 1531 semper,
1180 1499 1207 1523 et
1222 1496 1248 1522 in
1264 1496 1362 1522 sarcula
1377 1495 1551 1523 saeculorum.
1571 1494 1668 1523 Amen.

1137 1576 1292 1583 ω

419 1651 739 1695 ΜΑΡΤΥΡΙΟΝ
776 1652 889 1694 ΤΩΝ
925 1652 1005 1694 ΑΓ]

1041 1651 1092 1693 ΣΝ
1133 1642 1282 1693 ΔΕΚΑ
1318 1650 1613 1694 ΜΑΡΤΥΡΩΝ

711 1749 860 1806 ΤΩΝ
900 1749 999 1806 ΕΝ
1039 1748 1321 1804 ΚΡΗΤΗ.

353 1948 781 2007 MARTYRIUM
828 1948 929 2003 SS.
979 1947 1215 2003 DECEM
1262 1945 1670 2002 MARTY‘RUM

597 2068 700 2118 QUI
742 2067 806 2110 IN
845 2065 1032 2109 CRISTA
1073 2063 1228 2107 PASSI
1267 2064 1443 2108 SUNT.

359 2165 455 2194 (Grece
467 2165 530 2195 apud
541 2164 692 2194 Coruellutn,
704 2165 774 2189 Creta
785 2169 865 2192 sacra,
878 2163 903 2187 ι·
916 2161 1028 2187 Venetiis
1041 2161 1118 2191 1755;
1130 2161 1216 2187 Latine
1228 2162 1291 2193 apud
1305 2160 1402 2187 Surium
1412 2163 1442 2187 ad
1453 2161 1484 2186 εδ
1497 2161 1660 2195 Decembris.)

245 2312 287 2340 A'.
307 2312 404 2342 ’Ἄλλος
422 2311 472 2345 μὶν
485 2310 550 2337 ἄλλο
568 2320 593 2337 τι
606 2312 655 2345 τῆς
671 2311 857 2346 Θρυλουμὲνης
873 2310 994 2342 διεξιέτω

1086 2310 1106 2337 1.
1123 2310 1200 2338 Alius
1211 2310 1324 2344 quidem
1348 2309 1450 2344 aliquid
1475 2309 1548 2337 aliud
1574 2315 1755 2346 persequatur
1769 2319 1830 2339 oru-

209 2359 336 2393 Κρήτης,
347 2358 361 2383 6
372 2358 422 2390 μὲν
437 2357 467 2383 τὸ
482 2358 591 2389 κάλλος,
602 2359 616 2384 6
629 2358 657 2384 δι
673 2359 702 2384 τὸ
715 2357 841 2392 μέγεθος,
857 2358 905 2383 καὶ
918 2358 931 2383 6
946 2356 995 2391 μὲν

211 2405 291 2438 τείχη
310 2403 357 2429 καὶ
372 2402 496 2437 λιμένας,
508 2404 521 2429 6
536 2403 565 2429 δὲ
578 2403 631 2429 τῶν
645 2403 725 2436 ὡρῶν
734 2404 783 2438 τὴν
794 2404 892 2438 κρᾶσιν
909 2404 953 2429 καὶ
966 2403 996 2429 τὸ

211 2450 265 2476 τῶν
277 2448 394 2484 καρπῶν
408 2448 540 2484 εὒφορον·
569 2450 625 2483 ἐγὼ
648 2449 676 2476 δὲ
690 2449 704 2475 ὃ
728 2450 816 2476 πάντα
836 2449 919 2476 τᾶλλα
933 2449 997 2483 νικᾷ

211 2495 257 2521 κιὶ
274 2495 308 2529 ἣν
326 2494 410 2528 μόνην
426 2494 504 2526 ἀξίαν
519 2495 625 2529 εἴποιμι
648 2495 696 2521 τοῦ
712 2495 813 2530 ταύτης
827 2493 996 2529 δημιουργοῦ

211 2541 311 2575 quod”,
327 2539 432 2574 ταύτην
457 2540 511 2575 πρὸ
522 2540 576 2566 τῶν
590 2540 678 2567 ἄλλων
702 2541 771 2575 ἐρῶ.
797 2540 844 2571 Τίς
856 2540 884 2566 δὲ
894 2536 971 2570 οὗτος
982 2540 996 2565 6

212 2585 320 2619 καρπδς
340 2585 388 2610 καὶ
415 2583 459 2615 τίς
472 2585 487 2610 ὸ
501 2584 629 2615 τοσοῦτος
646 2583 696 2618 τῆς
710 2583 926 2618 νήσου-κόσμος
947 2581 996 2619 Τις

211 2631 305 2666 ἕτερος
319 2629 334 2664 ἢ
347 2631 361 2656 6
377 2630 450 2661 θεῖος
460 2629 516 2656 τῶν
533 2630 683 2665 μαρτύρων
694 2629 785 2665 χορὸς,
801 2630 816 2656 6
831 2628 994 2663 ἐπαινούμε-

213 2684 257 2706 vo;
274 2675 404 2712 ἀριθμὺς,
433 2676 464 2702 ab
488 2675 598 2702 πάντων
624 2676 674 2710 μὲν
704 2676 850 2710 θεαμάτων
876 2675 996 2710 ἥδιστον,

214 2722 323 2748 πὶντων
342 2721 371 2748 δὲ
402 2721 586 2755 ἀκουσμάτων
615 2721 844 2756 ὠφελιμώτατον;
868 2722 893 2748 ot
918 2721 995 2752 δάκοι,

214 2767 295 2801 φημὶ,
325 2767 373 2794 τοῦ
397 2767 518 2801 Χριστοῦ
544 2768 796 2802 στεφανῖται,οἱέκ
823 2767 927 2800 ταύτης
945 2767 996 2802 μὲν

215 2813 402 2846 προελθόντες,
415 2813 595 2846 γενναιότατα
607 2813 636 2839 δὲ
651 2813 698 2840 καὶ
712 2813 782 2848 ὑπὲρ
798 2811 915 2847 Χριστδῦ
927 2820 997 2847 μαρ-

215 2859 394 2893 τυρήσαντες,
411 2859 435 2886 οἳ
450 2860 498 2886 καὶ
509 2859 580 2886 καλά
596 2867 628 2894 γε
647 2859 732 2891 ὅντως
749 2859 935 2886 ἀποδεδώκασι
962 2858 996 2884 τὰ

217 2907 327 2939 τροφεῖα
344 2906 426 2941 τιμῆς
448 2907 513 2941 ὅσης
538 2905 622 2941 αὐτὴν
636 2906 802 2939 ἀξιώσαντες
817 2906 847 2932 τὸ
864 2913 996 2941 μαρτυρι-

1048 2355 1132 2388 tione,
1153 2355 1227 2383 illius
1243 2363 1304 2390 qua:
1318 2355 1399 2390 vulgo
1408 2356 1536 2391 jactatttr,
1552 2354 1655 2388 Cretae;
1684 2356 1753 2384 alius
1767 2359 1829 2392 qui-

1048 2401 1110 2428 dem
1130 2401 1375 2436 pulchritudittem,
1399 2401 1469 2428 alius
1483 2408 1547 2428 vero
1563 2401 1787 2436 magnitudinem,
1802 2408 1830 2430 et

1046 2446 1117 2472 alius
1131 2445 1243 2480 quidem
1259 2446 1359 2473 muenia
1383 2451 1412 2473 et
1428 2451 1533 2480 portus,
1549 2447 1619 2474 alius
1648 2452 1739 2475 autem
1758 2451 1829 2475 aeris

1035 2491 1273 2526 temperationem
1289 2496 1317 2518 et
1333 2492 1471 2518 fructuum
1496 2492 1675 2520 fertilitatem.
1693 2494 1749 2530 Ego
1765 2502 1829 2521 vero

1048 2538 1169 2573 id,quod
1185 2539 1237 2566 alia
1262 2539 1349 2566 vincit
1371 2539 1477 2572 omnia,
1506 2544 1535 2567 et
1558 2547 1639 2574 quam
1662 2540 1745 2567 solam
1770 2540 1830 2576 eius

1046 2583 1143 2618 opilioe
1174 2584 1282 2619 dignam
1308 2584 1423 2612 dixerim
1449 2585 1628 2618 feracitatem,
1655 2593 1714 2613 eam
1739 2586 1826 2614 dicam

1047 2634 1110 2656 ante
1124 2629 1187 2656 alia.
1200 2630 1330 2663 Quisnam
1349 2635 1392 2657 est
1406 2631 1452 2658 hic
1466 2631 1581 2663 fructus,
1595 2635 1624 2658 et
1636 2631 1773 2665 quodnam
1786 2639 1829 2660 est

1047 2679 1152 2700 tantum
1166 2673 1263 2701 insulae
1279 2676 1490 2702 ornamentum?
1506 2675 1578 2708 Quid
1600 2675 1687 2707 aliud.
1711 2676 1766 2704 nisi
1785 2676 1829 2704 di<

1047 2719 1240 2747 vinuscborus
1263 2726 1423 2756 martyrum,
1442 2726 1470 2748 et
1487 2721 1534 2756 qui
1550 2721 1676 2749 laudatur
1688 2730 1829 2754 numerus,
1848 2739 1851 2741 -

1046 2772 1075 2794 et
1086 2766 1159 2801 quod
1175 2767 1297 2794 omnium
1313 2767 1423 2801 quidem
1440 2772 1481 2794 est
1503 2768 1719 2803 spectaculorum
1732 2769 1832 2804 jucun-

1047 2813 1200 2844 dissimum,
1217 2821 1251 2840 ac
1275 2817 1460 2840 acroamatum
1486 2814 1608 2841 omnium
1635 2814 1833 2843 utilissimum‘.I

1048 2859 1157 2891 Decem,
1173 2859 1296 2894 inquam,
1327 2859 1367 2886 illi
1383 2866 1433 2895 pro
1456 2859 1566 2888 Christo
1582 2860 1704 2896 martyrii
1722 2861 1837 2888 curonis~

1047 2906 1164 2934 redimiti
1187 2905 1259 2941 :qui
1283 2913 1316 2933 ex
1333 2913 1364 2933 ea
1388 2905 1498 2941 quidem
1519 2910 1721 2941 processerunt,
1739 2906 1837 2934 tostis—-
