2086 3153
263 173 313 206 571

873 171 1016 202 MENSIS
1036 171 1254 203 DECEMBER.

1836 169 1886 199 ΓΞ

262 230 430 257 mirarentur
441 227 607 256 athletarum
631 227 825 260 constantiam,
842 231 869 254 et
890 235 967 255 suam
982 234 1048 254 con-

1107 227 1170 254 ὒστε
1198 227 1338 262 θαυμάσαι
1364 227 1414 263 τῆς
1442 227 1589 262 καρτερίας
1607 226 1668 257 τοὺς
1695 223 1814 258 ἀθλητὰς
1837 225 1885 249 καὶ

262 276 405 302 ﬁrmarent
415 274 562 309 pietatem;
579 273 606 301 hi
621 278 723 305 autem,
739 278 770 301 ut
787 273 937 301 irriderent
951 280 1046 300 eorum

263 319 435 348 tolerantiam
450 323 478 347 et
494 326 590 346 eorum
608 319 696 354 plagis
710 319 913 354 quodammodo
922 319 1049 347 laetaren-

260 371 305 393 tur
333 370 447 401 propter
472 365 607 401 insignem
636 365 837 393 crudelitatem.
865 365 1048 398 Quamobrem

262 419 319 439 non
340 412 423 439 modo
454 412 529 439 nulla
559 411 739 439 movebantur
762 412 962 445 misericordia,
999 412 1048 440 sed

265 457 350 484 etiam
368 457 513 492 pmsidem
531 462 558 484 et
569 457 680 484 lictores
694 457 780 491 magis
792 457 937 484 irritabant
955 457 1049 485 adsae—

263 503 371 531 vitiam.
387 503 420 530 Et
438 503 465 530 hi
481 503 591 538 quidem
608 502 649 530 sic
674 503 836 534 incitabant,
865 503 910 530 ille
927 511 992 531 vero
1004 505 1049 539 ju-

263 549 355 581 bebat,
373 549 485 576 lictores
498 553 590 575 autem
601 549 833 582 exsequebantur.
849 550 935 577 Porro
956 555 1048 577 autem

262 602 351 629 ιιι-2εο
362 602 473 629 quoque
487 594 621 621 clamabat
633 603 639 619 :
656 594 761 621 Parcite
771 594 849 621 vobis
862 595 944 629 ipsis;
956 599 1049 629 parete

261 640 449 676 principibus;
474 640 626 667 sacriﬁcate
638 639 703 667 diis.
717 640 850 675 Martyres
861 645 954 668 autem
966 642 1049 668 etiam

263 685 290 712 in
302 689 377 712 tanta
391 685 469 719 copia
494 692 586 712 rerum
617 693 788 719 asperarum,
816 691 896 713 erant
922 686 1050 714 omnibus

262 730 345 758 simul
357 731 527 765 superiores,
543 731 632 762 turba,
651 739 788 766 praecone,
814 732 971 763 tormentis,
989 732 1050 766 ipso

263 777 389 812 praeside,
405 781 434 804 et
454 782 517 804 ante
530 785 578 804 eos
601 777 724 804 omnium
746 777 869 812 principe
896 777 1007 810 Satana,
1024 782 1052 805 et

265 823 402 850 universis
411 831 471 858 quae
483 823 523 850 eis
531 823 726 858 subjiciuntur,
740 823 836 857 copiis.
849 823 951 851 Omnes
964 824 1049 855 enim,

262 869 351 896 veluti
367 869 447 903 signo
459 869 534 901 dato,
549 876 631 895 unam
647 869 730 896 simul
745 877 843 896 vocem
862 869 962 896 tollunt
979 869 1050 897 :Su-

264 921 327 942 mus
340 913 503 946 Christiani,
533 914 636 941 Christi
660 915 766 946 hostiae,
793 914 896 942 Christi
913 915 1047 948 victimae;

265 959 375 989 etiamsi
392 960 492 987 millies
511 960 581 987 mori
596 964 733 994 oporteat,
749 959 868 987 libenter
888 961 1049 987 moriemur.

301 1048 358 1076 VII.
371 1048 439 1076 Cum
453 1053 544 1075 autem
559 1053 708 1082 martyrum
730 1048 842 1081 negotio
863 1048 954 1074 omnia
977 1052 1052 1082 post-

265 1099 445 1130 ponerentnr,
461 1094 507 1128 qui
521 1093 672 1120 eratvalde
699 1098 845 1127 proruptus
872 1092 979 1120 Satanae
1001 1093 1053 1120 mi—

267 1140 353 1167 nister
366 1139 475 1170 Decius,
492 1139 642 1173 desperans
655 1138 713 1165 ﬁeri
727 1146 817 1173 posse.
832 1143 862 1164 ut
877 1138 1054 1172 persuaderet

266 1185 358 1212 adhuc
382 1189 410 1211 et
426 1189 547 1217 cogeret,
577 1184 632 1211 fert
648 1184 676 1210 in
689 1191 737 1210 eos
755 1183 852 1210 mortis
877 1183 1053 1210 sententiam.

269 1230 448 1258 Ducebanlur
465 1230 558 1264 itaque
574 1229 673 1259 sancti,
690 1232 721 1254 ut
743 1236 808 1256 ense
822 1228 1053 1258 interﬁcerentur,

268 1276 302 1303 ad
317 1275 423 1308 locum,
445 1276 491 1310 qui
521 1283 620 1309 parum
637 1274 749 1308 quidem
764 1275 842 1301 abest
856 1281 870 1300 a
883 1273 1002 1305 civitate,
1022 1274 1056 1301 ab

269 1323 369 1350 incolis
384 1330 452 1350 vero
468 1327 582 1349 vocatur
597 1321 738 1348 Alonium.
765 1321 806 1348 Ad
821 1329 884 1348 eum
896 1321 1057 1348 lestinantes

273 1374 422 1403 martyres,
436 1367 619 1394 ostenderunt
632 1374 734 1393 novum
745 1366 824 1400 quid,
838 1371 866 1393 et
891 1367 964 1400 quod
982 1366 1058 1393 vide-

269 1415 348 1440 ltatnr
360 1413 511 1440 insolitum.
522 1412 550 1439 In
561 1416 618 1439 toto
626 1412 699 1439 enim
709 1419 789 1439 cursu
801 1413 936 1448 martyrii,
947 1413 1019 1440 inter
1028 1421 1057 1440 se

270 1459 417 1486 tmanimes
430 1464 459 1485 et
471 1459 553 1486 simul
569 1459 769 1492 conspirantes,
787 1459 812 1485 in
833 1460 883 1486 hoc
895 1459 983 1486 solum
995 1468 1059 1487 con-

271 1504 432 1535 tendebant,
453 1505 578 1539 quisnam
601 1513 696 1532 eorum
711 1505 816 1539 primus
833 1513 925 1532 ensem
942 1506 1056 1539 subiret,

1099 274 1277 309 βεϐαιοτέραν
1304 273 1398 301 θέσθαι
1425 274 1491 309 παρ’
1504 274 1611 304 ἑαυτοῖς
1625 272 1675 306 τὴν
1689 270 1841 300 εὺσέὃειαν,
1860 269 1884 294 οἱ

1097 321 1126 347 δι
1143 321 1208 355 κρὺς
1224 321 1255 346 τὸ
1274 320 1443 355 μυκτηρίσαι
1461 319 1562 355 μᾶλλον
1578 319 1628 353 τὴν
1654 316 1767 343 ἐκείνων
1781 315 1894 349 unum:

1098 366 1146 401 νὴν
1156 366 1205 392 καὶ
1222 363 1267 393 οἷα
1278 367 1336 398 ταῖς
1350 365 1440 392 αὐτῶν
1451 365 1570 401 πληγαῖς
1582 363 1734 398 ἐφησθῆναι
1749 361 1794 388 διὰ
1806 368 1886 394 περι-

1098 413 1192 439 ουσίαν
1209 412 1360 446 ὠμότητος.
1392 412 1426 438 δι’
1453 413 1485 447 ἢν
1515 411 1607 437 αἰτίαν
1634 409 1664 435 οὐ
1691 408 1772 443 μόνον
1790 406 1886 433 οὗδύνα

1099 456 1188 485 οἶκτον
1203 457 1356 492 ἑλάμὸανον
1382 457 1454 484 οὕτω
1469 457 1641 492 πασχόντων,
1659 455 1728 482 ἀλλὰ
1754 453 1799 480 καὶ
1819 452 1887 486 πρὸς

1099 504 1249 539 ἀγριότητα
1266 503 1366 537 μᾶλλον
1384 503 1465 529 αὐτόν
1481 511 1511 529 τε
1538 502 1585 528 τὸν
1601 501 1720 535 ἄρχοντα
1746 499 1794 526 καὶ
1823 498 1887 528 τοὺς

1098 549 1213 584 δημίους
1227 548 1365 583 ἠρέθιζον.
1379 548 1435 574 Καὶ
1448 549 1472 574 οἱ
1490 548 1539 582 μὲν
1556 546 1630 573 οὕτω
1645 543 1803 578 παρέθηγον
1813 551 1822 558 ο
1833 543 1846 568 ὁ
1859 543 1887 568 δὲ

1099 594 1257 620 ἐκέλευσεν·
1273 595 1297 619 οἱ
1315 593 1343 619 δὲ
1353 593 1510 619 ἐπετέλουν.
1528 590 1645 617 Ἐπεσόα
1660 589 1689 616 δὲ
1704 588 1750 615 καὶ
1761 587 1775 613 ὁ
1788 585 1886 621 κήρυξο

1100 640 1230 666 Φείσασθε
1258 639 1373 671 ἑαυτῶν,
1394 637 1526 671 πείσθητε
1546 637 1603 667 τοῖς
1627 634 1770 668 κρατοῦσι,
1788 632 1889 658 θύῖατι

1099 687 1156 717 τοῖς
1174 686 1256 715 θεοῖς.
1270 685 1302 711 0i
1316 685 1456 720 μάρτυρες
1466 682 1495 709 aa
1513 682 1561 708 καὶ
1579 681 1648 714 πρὸς
1671 679 1794 714 τοσαύτῃ
1806 676 1890 712 χαλε-

1101 731 1161 757 πῶν
1168 730 1285 764 ἀφθονίᾳ
1297 730 1402 756 τούτων
1411 728 1479 763 ὁμυῡ
1491 728 1632 762 κρείττους
1643 724 1724 760 ἦσαν,
1739 724 1784 750 τοῦ
1797 723 1888 758 ὄχλου,

1100 776 1147 802 τοῦ
1159 776 1291 811 κήρυκος,
1305 775 1360 801 τῶν
1371 774 1509 809 βασάνων,
1528 771 1612 799 αὑτοῦ
1627 771 1674 797 τοῦ
1685 771 1826 804 ἄρχοντος,
1837 767 1890 801 πρὸ

1101 821 1128 848 δὲ
1140 821 1243 848 τούτων
1261 821 1369 847 πάντων
1383 818 1432 846 τοῦ
1446 819 1575 854 ἄρχοντος
1587 817 1696 843 Σατανᾶ
1710 817 1756 842 κιιπ¹
1775 815 1826 848 τῆς
1844 812 1890 840 ὑπ’

1101 867 1182 894 αὑτὸν
1192 867 1301 901 ἁπάσης
1315 866 1470 900 δυνάμεως.
1483 865 1589 898 Ὠσπερ
1603 864 1658 897 γὰρ
1670 863 1702 888 ὲκ
1719 861 1892 894 συνθήματος

1103 914 1205 945 πάντες
1223 914 1288 948 μίαν
1306 912 1430 946 αἴρουσιν
1454 911 1522 946 ὁμοῦ
1536 911 1586 945 τὴν
1614 908 1716 943 φωνὴν,
1730 906 1890 940 Χριστιανοί

1102 961 1197 994 ἐσμεν,
1210 957 1330 992 Χριστοῦ
1345 957 1448 989 θυσίαι,
1459 955 1577 991 Χριστοῦ
1590 955 1705 989 σφάγια.
1716 953 1775 979 Κᾶν
1789 952 1891 987 μυριά-

1103 1014 1146 1036 κις
1157 1005 1205 1040 δέῃ
1218 1004 1320 1037 θανεῖν,
1342 1004 1426 1038 ἡδέως
1446 1001 1669 1036 ἀποθανούμεθα.

1139 1051 1176 1078 Ζ’.
1198 1051 1242 1082 Ὠς
1270 1049 1317 1077 οὖν
1342 1051 1432 1076 πάντα
1448 1049 1502 1075 τῶν
1520 1048 1669 1083 μαρτύρων
1694 1046 1808 1081 δεύτερα
1819 1043 1863 1080 ἦν,
1878 1047 1892 1072 ό

1103 1097 1176 1123 πάνυ
1192 1096 1332 1131 πρόθυμος
1347 1095 1488 1131 ὑπηρέτης
1499 1093 1546 1120 τοῦ
1559 1093 1667 1127 Σατανᾷ
1687 1092 1794 1122 Δέκιος,
1810 1092 1893 1117 ἀπει-

1104 1143 1162 1169 πὼν
1178 1143 1225 1169 καὶ
1237 1143 1267 1168 τὸ
1282 1141 1387 1168 πείθειν
1414 1140 1454 1167 ἔτι
1484 1140 1533 1166 καὶ
1548 1139 1579 1165 τὸ
1595 1138 1750 1173 βιάζεσθαι,
1778 1137 1829 1171 τὴν
1844 1135 1892 1163 τοῦ

1105 1188 1220 1214 θανάτου
1236 1187 1295 1213 κατ’
1318 1187 1410 1214 αὐτῶν
1419 1186 1510 1221 ψῆφον
1524 1185 1646 1220 ἐκφέρει.
1669 1184 1787 1217 Ἥγοντο
1803 1182 1850 1209 οὖν
1867 1183 1892 1208 οι

1107 1235 1179 1268 ἅγιοι
1207 1233 1250 1260 διὰ
1267 1232 1360 1266 ξίφους
1382 1231 1574 1265 θανατωθῆναι
1604 1229 1681 1263 παρὰ
1707 1228 1753 1255 τὸν
1766 1229 1850 1254 τόπον
1863 1226 1892 1257 ὃς

1108 1279 1194 1315 βραχὺ
1223 1279 1274 1313 μὲν
1302 1279 1399 1312 ἀπεῖχε
1424 1277 1473 1311 τῆς
1498 1276 1683 1307 πόλεως-,τοίς
1709 1273 1851 1309 ἐγχωρίοις
1864 1272 1892 1299 δὲ

1113 1324 1385 1352 Ἀλώνιονέχαλεῖτο.
1410 1323 1488 1358 Παρὰ
1502 1321 1595 1348 τοῦτον
1618 1321 1642 1347 οι
1659 1321 1798 1355 μάρτυρες
1818 1320 1893 1345 ὲπει-

1108 1371 1221 1405 γόμενοι
1238 1369 1332 1396 καινόν
1350 1377 1374 1394 τι
1390 1370 1436 1394 καὶ
1451 1367 1546 1394 δοκοῦν
1559 1366 1693 1401 ἀσύνηθες
1710 1366 1817 1395 ἑαυτοῖς
1832 1366 1894 1390 ιπε-

1108 1418 1259 1444 δείκνυντο.
1277 1415 1357 1450 Παρὰ
1372 1416 1461 1441 πάντα
1473 1414 1526 1448 γὰρ
1541 1414 1586 1439 τὸν
1602 1412 1650 1438 τοῦ
1668 1411 1820 1447 μαρτυρίου
1832 1411 1893 1446 δρό-

1111 1473 1160 1496 μον
1176 1463 1316 1497 σύμπνουν
1333 1470 1358 1486 τι
1375 1461 1421 1486 καὶ
1436 1460 1575 1494 ὸμὸψυχον
1586 1458 1711 1492 ἀλλήλοις
1728 1458 1894 1488 πνεύσαντες

1110 1509 1180 1536 κατὰ
1191 1507 1271 1534 τοῦτο
1284 1507 1363 1542 μόλον
1378 1505 1565 1540 ἐφιλονείκουν
1581 1504 1622 1535 τίς
1638 1505 1670 1530 ἂν
1685 1504 1775 1530 αὐτῶν
1788 1503 1895 1538 πρῶτος

272 1554 301 1577 et
315 1550 420 1585 primus
431 1558 562 1582 coronam
589 1551 735 1586 acciperet.
766 1550 842 1578 Hanc
865 1556 954 1579 autem
979 1552 1055 1578 litem

1109 1555 1221 1582 ὑπέλθοι
1252 1554 1282 1580 τὸ
1299 1553 1373 1586 ξίφος
1394 1553 1441 1578 καὶ
1466 1552 1575 1586 πρῶτος
1602 1551 1655 1585 ἄρῃ
1677 1550 1723 1576 τὸν
1751 1550 1894 1584 στέφανον.

269 1597 409 1631 componit
438 1597 609 1631 Tlieodulns,
647 1599 693 1632 qui
718 1602 778 1625 erat
803 1606 874 1625 unus
900 1605 933 1624 ex
963 1598 1056 1624 divino

270 1643 367 1675 choro,
383 1643 516 1671 dictitans
535 1645 609 1679 quod
627 1645 650 1671 is
667 1644 777 1671 futurus
786 1648 858 1671 esset
880 1644 994 1678 primus.
1011 1644 1057 1678 qui

269 1688 393 1715 omnium
410 1689 525 1716 ultimus
537 1691 693 1721 excederet,
723 1698 784 1717 cum
800 1690 869 1717 nihil
880 1695 958 1724 turpe
971 1695 998 1717 ct
1014 1691 1058 1717 in-

270 1733 403 1759 decorum
415 1741 449 1760 ex
466 1735 625 1768 spectaculo
637 1735 754 1762 aliorum
772 1735 945 1766 sustinuerit,
957 1736 1003 1762 sed
1019 1736 1058 1762 sic

273 1784 371 1804 revera
386 1778 473 1805 multa
486 1779 636 1805 certamina
657 1779 784 1806 subierit.
800 1780 905 1806 Placuit
918 1780 1057 1812 omnibus,

271 1822 346 1856 quod
371 1818 478 1850 dixerat
493 1832 500 1850 :
521 1829 549 1856 et
564 1825 682 1858 primum
697 1825 808 1859 quidem
829 1825 862 1852 ad
879 1826 963 1852 Deum
982 1834 1058 1853 corn-

272 1876 382 1895 utuncm
394 1869 524 1904 hymnum
537 1875 659 1897 canunt:
679 1870 862 1898 (Benedictus
876 1879 916 1902 es,
934 1873 1057 1905 Domine,

272 1913 409 1946 dicentes,
422 1916 468 1950 qui
491 1923 545 1942 non
560 1915 659 1942 dedisti
676 1923 727 1943 nos
745 1916 772 1943 in
795 1918 951 1951 captionem
967 1918 1057 1946 denti-

273 1959 326 1986 bus
339 1967 445 1991 eorum,
467 1969 476 1986 ι
496 1966 524 1988 et
536 1969 596 1996 qum.
615 1961 745 1995 deinecps
762 1962 872 1996 scripsit
893 1963 1060 1998 Psalmogra-

272 2004 345 2038 phus
354 2005 373 2031 ι.
386 2005 489 2032 Deinde
504 2007 586 2033 etiam
596 2006 629 2033 ad
641 2007 732 2034 locum
745 2009 914 2040 accedentes,
934 2010 1059 2036 fecerunt

272 2051 469 2085 unusquisque
502 2053 675 2080 orationem:
700 2053 794 2086 Parce,
824 2054 949 2086 Domine,
971 2056 1058 2082 servis

272 2096 338 2128 tuis,
355 2097 489 2130 dicentes,
515 2103 543 2125 et
556 2099 664 2137 suscipe
679 2100 842 2133 sanguinem
869 2105 993 2127 nostrum
1010 2109 1059 2135 pro

272 2142 365 2174 nobis,
392 2151 442 2177 pro
457 2144 570 2176 nostris,
586 2153 635 2178 pro
651 2150 744 2172 nostra
754 2145 852 2179 patria,
869 2149 898 2172 ut
912 2153 943 2172 ea
958 2146 1059 2174 libere-

270 2192 317 2215 tur
331 2196 345 2215 a
369 2189 492 2216 tenebris
511 2190 704 2225 ignorationis,
729 2196 758 2218 et
778 2191 855 2226 puris
882 2192 972 2219 oculis
991 2200 1057 2220 con-

1109 1601 1195 1628 Παύει
1225 1599 1252 1625 δὲ
1277 1599 1326 1632 τὴν
1353 1598 1411 1632 ἑριν
1435 1596 1537 1631 ταύτην
1554 1595 1707 1626 Θεάδουλος,
1737 1592 1778 1626 εἷς
1795 1594 1833 1621 ὢν
1847 1594 1895 1620 τοῦ

1109 1646 1180 1672 θείου
1195 1644 1272 1671 τοῦδε
1288 1643 1383 1679 χοροῦ,
1398 1642 1522 1668 ἐπειπὼν
1533 1641 1570 1672 ὡς
1587 1639 1671 1672 Οὗτος
1689 1641 1720 1667 ἂν
1738 1642 1780 1676 είη
1796 1640 1896 1675 μᾶλλον

1109 1690 1226 1718 ἐνταῦθα
1240 1690 1346 1725 πρῶτος
1357 1689 1386 1720 ὃς
1400 1688 1432 1714 ἂν
1445 1687 1557 1714 ἁπέλθοι
1577 1687 1631 1713 τῶν
1648 1686 1756 1713 πάντων
1769 1686 1894 1719 ἔσχατος,

1111 1737 1194 1773 μηδὲν
1221 1735 1335 1769 ἀγεννὲς
1355 1734 1476 1765 ὑποστὰς
1506 1734 1538 1760 ὲκ
1568 1733 1618 1767 τῆς
1634 1733 1688 1759 τῶν
1718 1732 1806 1759 ἄλλων
1821 1732 1896 1764 θέας,

1110 1783 1178 1810 ἀλλὰ
1195 1783 1242 1808 καὶ
1261 1780 1413 1811 πολύαθλος
1427 1780 1515 1811 οὕτως
1534 1780 1662 1810 επιεικῶς
1675 1779 1821 1813 γενόμενος
1854 1779 1896 1805 διὰ

1110 1829 1189 1854 τοῦτο
1216 1828 1264 1853 καὶ
1290 1826 1421 1852 πλειόνων
1451 1826 1504 1861 ἄρα
1535 1825 1676 1860 στεφάνων
1692 1826 1777 1858 ἄξιος.
1796 1826 1896 1859 Ἤρεσε

1109 1875 1166 1904 τοῖς
1179 1874 1263 1899 πᾶσιν
1274 1872 1288 1898 ὁ
1303 1872 1381 1905 λόγος
1394 1878 1400 1884 “
1415 1871 1462 1898 καὶ
1471 1871 1566 1905 πρῶτα
1581 1872 1630 1906 μὲν
1644 1871 1736 1906 κοινὴν
1758 1871 1897 1897 ποιοῦνται

1111 1919 1178 1953 πρὸς
1192 1917 1258 1944 Θεὸν
1271 1917 1320 1952 τὴν
1335 1916 1416 1952 ᾠδὴν,
1435 1926 1444 1942 ι
1464 1917 1617 1951 Εὐλογητὸς
1633 1915 1668 1948 εἷ,
1687 1917 1784 1951 Κύριε,
1804 1926 1812 1942 ι
1831 1916 1898 1951 ψάλ-

1109 1965 1211 1998 λοντες,
1226 1973 1236 1990 ι
1250 1964 1279 1995 ὃς
1293 1964 1343 1990 οὐκ
1357 1963 1460 1994 ἔδωκας
1476 1963 1549 1997 ἡμᾶς
1564 1963 1605 1994 εἰς
1620 1963 1707 1997 θήραν
1720 1964 1777 1994 -ιοῖς
1792 1962 1897 1989 ὀδοῦσιν

1109 2012 1210 2044 αὑτῶν,
1234 2019 1243 2036 ι
1259 2010 1306 2046 κα).
1327 2010 1377 2036 ὅσα
1395 2009 1440 2035 ἐπὶ
1453 2009 1556 2039 τούτοις
1571 2010 1585 2035 ὁ
1599 2009 1762 2043 Ψαλμῳδίς.
1781 2009 1896 2035 Ἔπειτα

1110 2058 1158 2083 καὶ
1186 2055 1331 2089 παριόντες
1364 2054 1410 2080 ἐπὶ
1436 2054 1482 2080 τὸν
1497 2053 1580 2079 τόπον
1606 2054 1721 2084 ἕκαστος
1744 2053 1898 2088 προσευχὴν

1110 2100 1262 2130 ἐποιοῦντο.
1276 2101 1381 2132 illatam,
1398 2099 1495 2133 Κύριε,
1509 2098 1563 2124 τῶν
1575 2097 1676 2124 δούλων
1692 2106 1751 2130 σου,
1761 2098 1896 2131 λέγοντες,

1110 2149 1156 2174 καὶ
1167 2146 1242 2179 δέξαι
1258 2146 1288 2172 τδ
1302 2143 1374 2179 αἷμα
1391 2145 1471 2179 ἡμῶν
1487 2144 1557 2179 ὑπὲρ
1573 2143 1663 2179 ἡμῶν,
1680 2143 1749 2178 ὑπὲρ
1766 2144 1821 2170 τῶν
1833 2144 1894 2178 ἠμε-

1110 2195 1207 2229 τέρων,
1221 2194 1292 2227 ὑπὲρ
1309 2191 1450 2226 πατρίδος.
1468 2191 1538 2217 ὥστε
1553 2190 1600 2216 τοῦ
1617 2190 1731 2221 σκότους
1750 2189 1832 2223 αὐτὴν
1849 2191 1898 2224 τῆς

273 2235 421 2269 templetur
446 2236 587 2270 pietatem,
619 2241 647 2264 et
674 2241 699 2264 te
711 2244 802 2264 veram
827 2237 927 2270 lucem,
959 2245 975 2265 ο
999 2239 1055 2266 Rex

1111 2240 1223 2273 ἀγνοίας
1238 2238 1429 2271 ἀπαλλαγῆναι
1456 2237 1503 2263 καὶ
1519 2236 1650 2270 καθαροῖς
1678 2235 1783 2270 δμμασι
1800 2235 1896 2261 θεάσα-

271 2286 386 2308 aeterne.

308 2371 375 2400 Vill.
398 2372 550 2406 Postquam
571 2373 612 2400 sic
629 2374 732 2407 precati
748 2378 842 2401 essent
858 2376 1059 2410 unusquisque,

272 2426 352 2445 sacra
363 2423 392 2446 et
408 2419 522 2446 victoria
539 2419 657 2454 insignia
672 2420 713 2447 eis
725 2425 789 2447 sunt
801 2426 941 2455 amputata
959 2422 1060 2456 capita,

272 2473 336 2492 cum
350 2472 380 2492 se
390 2465 486 2500 patriae
497 2465 722 2492 distriltuissent:
736 2470 764 2493 et
777 2467 937 2501 sanguinem
949 2467 1060 2501 quidem

273 2511 398 2544 inferna},
408 2519 508 2546 nempe
518 2511 586 2539 illud
599 2512 673 2546 quod
687 2512 792 2544 interit,
809 2513 969 2545 intereunti,
984 2514 1064 2548 spiri-

274 2562 330 2585 tum
341 2562 433 2586 autem
442 2557 583 2586 dedissent
594 2565 730 2592 superum,
739 2558 763 2585 ei
773 2567 832 2593 qum
841 2566 949 2594 semper
959 2563 1061 2590 manet,

275 2601 342 2629 illud
361 2602 437 2637 quod
460 2606 503 2630 est
520 2609 696 2637 permanens.
707 2602 774 2629 Cum
786 2610 852 2629 vero
865 2608 924 2637 post
938 2611 1065 2632 consum—

276 2648 425 2675 mationem
450 2648 628 2676 recessissent
656 2648 779 2681 lictores,
793 2648 903 2683 quidam
921 2657 955 2677 ex
969 2657 1064 2676 eorum

275 2694 410 2728 cognatis,
421 2695 466 2728 qui
479 2694 548 2722 ineo
560 2695 622 2722 loco
641 2700 843 2727 remanserant,
857 2694 956 2722 horum
972 2703 1064 2724 sacras

279 2739 474 2767 venerabiliter
488 2744 659 2775 componunt
672 2743 701 2767 et
717 2739 860 2774 deponunt
876 2741 1016 2775 reliquias.
1029 2741 1065 2768 Et

281 2786 346 2811 tunc
361 2784 473 2819 quidem
504 2791 628 2814 mortuos
644 2785 753 2818 habuit,
786 2794 846 2820 quae
865 2786 924 2814 illos
954 2787 1062 2814 tulerat.

320 2881 329 2895 '
345 2878 415 2906 Psal.
437 2885 530 2909 cum,
545 2880 572 2906 6.

1113 2287 1174 2312 σθαι
1189 2285 1239 2320 τὴν
1257 2283 1401 2310 εὐσέϐειαν
1416 2283 1463 2308 καὶ
1481 2283 1510 2309 σὲ
1525 2283 1556 2308 τὸ
1574 2281 1702 2317 ἀληθινὸν
1719 2281 1788 2315 φῶς,
1808 2280 1900 2307 ultima

1114 2330 1239 2367 βασιλεῦ.

1149 2376 1189 2405 H'.
1206 2376 1299 2407 Οὕτως
1308 2375 1423 2406 ἕκαστος
1438 2373 1658 2410 προσευξάμενοι
1668 2374 1716 2405 τὰς
1731 2373 1901 2404 καλλινίκους

1114 2422 1188 2457 αὐτῷ
1200 2423 1247 2448 καὶ
1259 2421 1335 2456 ἱερὰς
1353 2419 1553 2455 ἀπετμήθησαν
1565 2420 1696 2454 κεφαλὰς,
1713 2419 1902 2454 διανείμαντες

1114 2469 1229 2499 ἑαυτοὺς
1259 2469 1319 2498 ταῖς
1349 2465 1481 2501 πατρίςι’
1496 2465 1544 2491 κα)⁵
1564 2465 1594 2491 τὸ
1619 2466 1669 2500 μὲν
1693 2462 1762 2499 αἷμα
1776 2466 1809 2499 τῇ
1826 2465 1900 2490 κάτω

1114 2514 1215 2545 δίντες,
1226 2515 1258 2548 τῇ
1275 2512 1442 2547 φθειρομένη
1459 2511 1489 2537 τὸ
1501 2511 1690 2546 φθειρόμενον,
1707 2511 1737 2536 τὸ
1752 2510 1863 2544 πνεῦμα
1875 2509 1902 2535 δὲ

1115 2561 1148 2595 τῇ
1164 2559 1230 2592 ἄνω,
1243 2560 1276 2594 τῇ
1293 2558 1337 2584 ἀεὶ
1350 2557 1467 2593 μενούσῃ
1478 2557 1508 2583 τδ
1521 2557 1660 2591 διαμένον.
1678 2556 1739 2582 Τῶν
1755 2555 1783 2582 δὲ
1798 2556 1903 2591 δημίων

1119 2607 1188 2641 μετὰ
1205 2606 1253 2640 τὴν
1267 2603 1410 2631 τελείωσιν
1425 2603 1673 2638 ὑποχωρησάντων,
1689 2603 1743 2629 τῶν
1762 2604 1902 2636 συγγενῶν

1117 2652 1209 2682 αὺτοῖς
1225 2659 1307 2683 τινες,
1324 2650 1389 2685 περὶ
1407 2650 1453 2676 τὺν
1468 2650 1551 2676 τόπον
1572 2649 1780 2683 ὑπολειφθέντες
1794 2650 1829 2676 τὰ
1844 2649 1904 2684 ιερὰ

1118 2695 1221 2722 τούτων
1236 2695 1351 2730 λείψανα
1365 2693 1573 2729 περιστέλλουσι
1589 2702 1618 2720 τε
1636 2693 1735 2728 τιμίως
1754 2695 1801 2720 καὶ
1819 2702 1903 2720 καταε

1118 2740 1250 2767 τίθενται.
1263 2740 1318 2766 Καὶ
1331 2740 1394 2766 τότε
1410 2740 1460 2774 μὲν
1470 2739 1542 2775 ἢπερ
1558 2740 1656 2770 αὐτοὺς
1674 2739 1800 2774 ἤνεγκεν,
1812 2740 1902 2774 ἐκείνη

1120 2788 1165 2814 καὶ
1179 2787 1343 2823 τεθνηκότας
1357 2784 1445 2821 εἶχεν·
1465 2786 1578 2821 ὓστερον
1593 2786 1620 2811 δὲ
1634 2786 1715 2813 ὁπότε
1732 2787 1747 2821 ή
1763 2785 1812 2820 τῆς
1828 2786 1903 2812 εὐσε-
