2086 3153
288 90 341 121 579

911 89 1058 120 MENSIS
1081 90 1300 121 DECEMBER.

1867 92 1920 124 580

286 143 446 178 largiamur,
458 142 506 170 sed
521 147 546 169 te
562 141 646 169 etiam
663 141 755 170 statim
762 142 877 170 efﬁciam
888 143 1070 179 magmeurbii

1132 146 1266 180 μεγίστης
1279 144 1400 180 ἔπαρχον
1413 144 1559 178 ἀποδείξω.
1595 145 1623 172 '0
1642 145 1671 172 δὲ
1688 145 1758 181 μήτε
1774 146 1825 182 τῆς
1841 147 1920 182 βασι·

285 189 380 216 Romae
401 189 572 223 prmfectum.
590 189 639 215 ille
655 193 748 216 autem
763 197 814 216 nec
830 189 1012 224 imperatoria
1024 196 1075 224 po—

286 234 393 261 testatis
414 234 625 268 obstupefactus
644 235 847 270 magnitudine,
870 243 961 270 neque
987 235 1076 262 dono-
1096 270 1100 274 ν

285 287 345 306 rum
360 279 446 307 ﬂexus
474 280 577 314 ingenti
608 280 758 313 oblatione,
782 281 869 308 libere
899 281 967 308 dixit
991 290 997 308 :
1022 280 1076 316 Ego

284 332 370 352 unum
392 325 481 353 solum
505 326 567 352 novi
590 325 688 357 Deum,
710 332 738 353 et
759 335 822 353 eum
844 327 954 361 quidem
981 326 1075 361 judico

284 373 382 407 quavis
398 372 456 399 luce
475 373 631 400 suaviorem
646 392 654 405 ,
668 373 766 408 quavis
782 381 848 400 vero
865 374 919 400 vita
931 373 1074 400 desidera-

285 417 424 448 biliorem,
439 418 567 444 omnibus
584 422 675 444 autem
694 418 818 452 pecuniis
831 418 1072 452 quaestuosiorem.

284 461 355 489 Eum
370 466 398 488 et
411 461 501 488 anima
518 462 588 494 colo,
603 467 631 489 et
646 462 728 489 labris
744 464 885 495 conliteor,
902 467 929 490 et
947 463 1076 490 omnibus

284 507 443 535 videntibus
458 508 543 534 adoro
558 508 683 543 genibus.
698 509 817 535 Deorum
840 513 932 535 autem
949 509 1076 536 multitu-

284 553 377 580 dinem
393 559 420 579 et
437 553 544 580 fabulas
557 559 585 580 et
600 553 750 582 daemones.
765 558 869 580 tantum
883 554 961 581 abest
979 559 1009 581 ut
1029 562 1076 581 co-

283 598 349 631 lam,
382 603 411 626 ut
437 599 488 626 sim
527 600 650 634 ejusdem
677 607 739 627 cum
768 600 881 627 Socrate
914 602 1068 632 sententiae,

283 649 411 679 oportere
429 652 477 672 eos
492 644 586 680 fugere
603 653 653 680 pro
670 646 787 678 viribus,
803 650 832 672 ut
848 646 895 680 qui
912 646 966 673 sint
985 646 1075 673 Immi-

282 697 349 717 num
364 690 506 725 deceptio,
521 695 549 717 et
564 692 717 718 animarum
735 696 829 726 aperta
846 691 994 726 pernicies.
1010 692 1076 725 Quae

283 743 350 763 vero
367 744 382 763 a
407 740 432 763 te
461 736 528 763 mihi
554 742 747 772 proponuntur
767 745 880 764 munera
901 743 929 764 et
944 738 1075 770 honores,

283 782 351 809 nihil
384 782 483 809 melius
511 782 614 809 habere
641 783 779 816 arbitror,
807 791 890 818 quam
919 784 1025 811 somnia
1048 789 1076 811 et

283 828 405 860 umbras,
418 833 448 855 et
457 836 487 855 ea
498 828 576 855 nihili
589 829 671 856 facio.
1091 830 1112 858 Β

319 882 376 910 VII.
391 882 451 910 Non
469 884 532 910 tulit
546 883 656 910 dicendi
678 884 834 912 libertatem
848 885 1011 919 imperator,
1026 884 1075 912 sed

283 928 398 962 perinde
415 936 446 955 ac
459 929 485 956 in
502 930 589 964 prima
605 935 771 964 prostratum
791 931 997 966 congressione,
1011 939 1075 958 eum

283 974 403 1009 abripuit
420 976 548 1010 impetus,
578 980 607 1002 ut
629 977 679 1003 soli
696 977 742 1002 irte
754 976 1077 1012 gratiﬁcaretur;jubet—

282 1027 337 1055 quo
358 1026 387 1047 ut
402 1029 464 1048 cum
482 1022 509 1048 in
524 1021 663 1049 desertum
679 1023 770 1050 locum
787 1023 931 1050 duxissent
953 1023 1075 1058 Chryso-

282 1073 394 1101 gonum,
422 1068 448 1093 ei
471 1072 554 1102 caput
568 1073 753 1102 amputarent,
773 1069 875 1096 invitus
898 1077 961 1096 eum
981 1070 1075 1104 majori

282 1112 402 1139 alliciens
415 1114 560 1147 beneficio,
575 1122 655 1149 quam
670 1116 781 1150 quando
805 1116 895 1143 libens
914 1116 986 1143 dona
1005 1117 1075 1144 0ὕέ-

282 1157 369 1189 rebat,
385 1159 545 1185 existimans
561 1159 628 1190 fore.
655 1164 685 1186 ut
699 1168 762 1187 eum
779 1160 807 1187 in
823 1168 900 1187 suam
917 1161 1075 1188 traduceret

281 1205 458 1231 sententiam.
479 1205 569 1240 Atque
592 1205 646 1232 hoc
662 1206 774 1240 quidem
797 1206 901 1233 factum
924 1212 966 1234 est
993 1212 1074 1241 prout

281 1249 338 1284 ipse
353 1250 474 1277 decrevit
488 1260 495 1277 :
512 1255 540 1278 et
554 1259 662 1278 sacrum
678 1252 745 1279 illud
763 1259 863 1286 corpus
887 1253 1033 1287 projicitur
1046 1254 1074 1281 in

281 1296 373 1323 littore
391 1297 475 1323 maris
499 1297 544 1323 ubi
565 1297 648 1324 etiam
667 1302 723 1324 tres
741 1305 851 1325 sorores
867 1303 896 1325 et
922 1299 1032 1331 animis,
1048 1305 1074 1328 et

281 1342 460 1375 corporibus,
471 1343 641 1376 etpietatein
655 1343 751 1375 Deum,
762 1351 838 1370 suam
852 1344 1075 1372 liabebanthabi-

283 1388 415 1414 tationem
431 1396 493 1415 cum
510 1388 628 1423 quodam
644 1389 720 1416 Zoilo
730 1390 788 1416 viro
804 1392 849 1424 pio
860 1394 888 1417 et
903 1392 1072 1426 presbytero.

281 1431 431 1460 Sororibus
448 1439 542 1462 autem
556 1439 634 1461 erant
652 1436 773 1467 nomina,
792 1438 883 1471 Agape
903 1442 931 1463 et
946 1437 1071 1471 Chiouia,

281 1482 309 1505 et
320 1478 410 1506 lrene.
426 1479 475 1506 llic
488 1487 553 1506 vero
563 1479 667 1511 Zoilus,
680 1488 740 1508 cum
757 1482 809 1508 sibi
826 1482 960 1510 revelatas
971 1489 1071 1519 marty-

280 1524 318 1551 ris
327 1524 494 1560 Chrysogoni
512 1527 642 1560 reliquias
659 1528 877 1555 sustulissetuna
893 1537 954 1556 cum
970 1530 1070 1564 capite,

278 1576 306 1597 et
322 1573 348 1597 ln
367 1572 483 1605 quadam
508 1579 589 1606 capsa
605 1580 668 1598 cum
689 1579 793 1607 quanto
820 1575 944 1608 oportuit
965 1575 1070 1602 honore

278 1617 463 1652 deposuisset,
489 1619 633 1645 abscondit
653 1619 679 1645 in
697 1627 745 1646 sua
770 1620 949 1647 domuncula.
979 1621 1069 1656 Atque

279 1665 435 1690 tricesimus
459 1664 569 1698 quidem
585 1669 644 1691 erat
657 1664 726 1696 dies,
751 1673 785 1692 ex
809 1673 863 1700 quo
882 1667 942 1693 sita:
959 1665 1070 1694 fuerant

279 1709 413 1743 reliquiae,
434 1709 461 1735 in
478 1710 581 1737 somnis
590 1715 681 1737 autem
700 1711 859 1746 presbytero
875 1711 952 1739 Zoilo
965 1717 1068 1748 martyr

280 1759 416 1787 apparens
432 1753 644 1789 Chrysogonus,
673 1756 732 1782 haec
747 1757 772 1782 ei
791 1756 866 1784 visus
887 1763 930 1784 est
955 1757 1066 1785 dicere:

279 1798 356 1826 Scias
371 1799 485 1834 impium
500 1800 692 1834 imperatorem
716 1801 931 1834 Diocletianum,
950 1811 1013 1830 cum
1033 1804 1067 1831 de

278 1844 380 1872 Christi
396 1846 504 1873 ancillis
524 1852 552 1873 et
567 1847 722 1878 sororibus,
738 1847 823 1879 lrene.
839 1849 930 1884 Agape
946 1854 971 1876 et
985 1850 1068 1877 Chio-

278 1891 324 1918 nia
346 1892 430 1918 fuerit
455 1892 543 1919 factus
573 1894 686 1924 certior,
717 1894 789 1920 intra
814 1902 912 1922 novem
931 1895 990 1922 dius
1007 1896 1067 1924 illas

279 1945 389 1972 quoque
403 1938 472 1964 velle
489 1939 735 1973 comprehendere.
757 1939 795 1966 Tu
811 1946 900 1967 autem
923 1941 1010 1974 eﬂice,
1037 1947 1066 1969 ut

278 1983 420 2011 Anastasia
443 1984 489 2011 Dei
501 1985 598 2011 ancilla
615 1992 660 2012 eas
682 1990 760 2012 curet
783 1993 833 2020 pro
850 1987 967 2020 viribus,
989 1992 1017 2014 et
1031 1988 1065 2014 ad

275 2035 414 2057 certamen
433 2031 642 2065 sus-lpiendum
658 2031 698 2058 eis
721 2031 804 2058 addat
820 2033 952 2066 animum,
978 2034 1066 2061 donec

275 2075 378 2103 fuerint
393 2077 528 2104 redimita:
541 2085 642 2104 corona
655 2078 795 2112 martyrii;
811 2079 867 2112 ipse
884 2087 950 2105 vero
965 2079 1064 2106 bonam

275 2130 351 2156 spem
361 2123 510 2158 concipias,
519 2122 578 2150 fore
589 2128 619 2150 ut
629 2125 807 2151 suavissimas
820 2123 926 2151 fructus
939 2124 1063 2153 laborum

1128 191 1208 226 λικῆς
1236 191 1362 224 ἐξουσίας
1378 191 1425 218 τὸν
1438 191 1520 225 ὄγκον
1536 191 1735 225 καταπλαγεὶς,
1763 192 1834 228 μήτε
1850 194 1919 228 πρὸς

1131 235 1161 262 τὸ
1176 237 1225 271 τῆς
1238 236 1342 272 δωρεᾶς
1368 237 1486 272 μέγεθος
1500 237 1643 271 καθυφεὶς,
1665 236 1747 270 Ἐγὼ,
1765 239 1835 272 μετὰ
1849 240 1920 275 παῤ-

1128 281 1227 316 ῤηίας
1241 281 1304 317 ἔφη,
1327 281 1376 308 ἕνα
1393 282 1472 317 μόνον
1495 279 1554 308 οἰδα
1566 281 1632 308 Θεὸν
1649 282 1696 308 καὶ
1708 281 1803 308 τοῦτον
1819 283 1919 314 παντδς

1129 327 1180 361 μὲν
1194 328 1280 362 κρίνω
1308 328 1397 361 φωτὸς
1422 328 1565 362 ἠδύτερον,
1598 328 1707 354 πάντων
1723 327 1750 354 δὲ
1765 328 1918 362 χρημάτων

1126 373 1363 407 κερδαλεώτερον
1380 373 1475 400 τοῦτον
1491 375 1538 400 καὶ
1550 373 1624 408 ψυχῇ
1636 373 1760 407 λατρεύω
1771 375 1819 400 καὶ
1830 374 1918 408 χείλεα

1128 429 1170 446 σιν
1181 420 1305 454 ὁμολογῶ
1319 421 1366 446 καὶ
1382 420 1491 446 πάντων
1507 419 1634 455 ὁρώντων
1647 421 1703 451 τοῗς
1717 419 1813 453 γόνασι
1829 427 1917 453 προτ-

1128 467 1211 493 κυνῶ.
1242 466 1317 493 Θεῶν
1347 467 1374 492 δὲ
1392 466 1494 501 πλῆθος
1510 466 1558 492 καὶ
1589 465 1691 500 μὺθους
1722 467 1769 492 καὶ
1786 465 1917 499 δαίμονας

1126 512 1255 538 τοσοῦτον
1275 513 1370 546 ἀπέχω
1386 511 1542 547 λατρεύειν,
1562 511 1633 537 ὥστε
1652 511 1699 537 καὶ
1715 511 1753 546 τῷ
1769 511 1808 546 σῷ
1820 511 1917 546 κράτει

1127 559 1361 594 συμϐουλεύσαιμι
1393 558 1426 585 ἂν
1455 558 1566 592 φεύγειν
1596 558 1696 588 αὐτοὺς
1727 557 1779 584 ἀνὰ
1814 557 1916 593 κράτος

1125 605 1163 636 ὼς
1193 606 1302 640 ἀπάτην
1322 604 1476 640 ἀνθρώπων
1503 605 1549 630 καὶ
1566 603 1661 638 Ψυχῶν
1674 603 1764 638 λύμην
1796 603 1918 638 φανερὰν

1126 650 1382 685 ἀποδεδειγμένους.
1404 650 1444 676 Τὰ
1455 650 1484 676 δέ
1501 658 1532 684 γε
1547 650 1623 684 παρά
1649 649 1697 675 σοῦ
1713 657 1759 683 μοι
1777 649 1918 684 προτεινό-

1127 705 1198 731 μενα
1213 697 1287 731 δῶρα
1300 696 1406 726 καὶτὰς
1420 697 1503 731 τιμὰς
1514 696 1590 722 οὐδὲν
1602 696 1751 730 ὀνειράτων
1762 696 1824 721 οὐδὲ
1837 697 1917 727 σκιᾶς

1125 745 1237 778 ἄμεινον
1254 742 1469 778 ἕχεινὴήγοῦμαι,
1486 743 1532 769 καὶ
1553 743 1620 777 παρ’
1632 742 1709 769 οὐδὲν
1720 742 1845 777 τίθεμαι.

1163 882 1200 908 Z'.
1212 881 1269 908 Οὐκ
1297 881 1396 916 ἤνεγκε
1425 881 1474 916 τὴν
1501 881 1658 918 παρρησίαν
1672 882 1686 907 ὁ
1705 881 1845 916 βασιλεὺς.
1859 881 1916 908 ἀλλ’

1128 927 1222 962 ὥσπερ
1239 927 1297 963 ἅμα
1312 929 1350 960 τῷ
1374 927 1569 963 συμπλακῆναι
1590 927 1782 962 καταϐληθεὶς,
1802 927 1917 964 ὥρμησε

1129 974 1202 1008 μόνῳ
1216 973 1281 1007 γοῦν
1304 974 1342 1008 τῷ
1372 974 1449 1008 θυμῷ
1466 974 1644 1008 χαρίσασθαι,
1671 975 1719 1000 καὶ
1749 973 1856 1000 κελεύει
1873 974 1916 1000 τὸν

1126 1019 1299 1055 Χρυσόγονον
1316 1021 1345 1046 ὲν
1368 1021 1466 1055 ἐρήμῳ
1490 1021 1566 1055 τόπῳ
1581 1020 1715 1052 ὶαϐόντας
1729 1020 1780 1055 τὴν
1794 1020 1916 1054 κεφαλὴν

1126 1067 1267 1101 ἐκτεμεῖν,
1285 1067 1360 1093 ἄκων
1377 1067 1452 1102 αὐτῷ
1467 1067 1579 1101 μείζονα
1589 1067 1650 1098 δοὺς
1663 1067 1712 1101 τὴν
1726 1067 1915 1102 εὐεργεσίανῆ

1125 1112 1169 1138 ὅτε
1185 1113 1255 1139 ἑκὼν
1270 1113 1414 1148 ἐχαρίζετο
1425 1113 1600 1147 μεταπείσειν
1610 1112 1916 1147 ὐπολαμϐόινων.’1ὀῦτο

1128 1159 1178 1193 μὲν
1205 1157 1251 1185 οὖν
1268 1160 1338 1185 κατὰ
1366 1159 1396 1185 τὸ
1414 1159 1557 1193 διατακθὲν
1574 1159 1726 1193 ἐπράττετο
1740 1160 1787 1185 καὶ
1803 1159 1833 1185 τὺ
1845 1159 1916 1194 lepid

1125 1205 1214 1231 ἐκεῖνο
1228 1204 1308 1239 σῶμα
1326 1204 1395 1239 πρὸς
1409 1204 1448 1238 τῷ
1462 1204 1580 1239 αἰγιαλῷ
1605 1204 1653 1236 τῆς
1669 1203 1807 1238 θαλάσσης
1824 1204 1916 1238 ῥίπτε-

1125 1258 1180 1282 ται,
1200 1250 1244 1276 ἵνα
1257 1251 1305 1277 καὶ
1320 1252 1396 1285 τρεῖς
1409 1249 1525 1284 ἀδελφαὶ
1541 1250 1588 1276 καὶ
1611 1248 1723 1284 γνώμας
1738 1251 1785 1276 καὶ
1802 1250 1916 1283 σώματα

1125 1296 1172 1322 καὶ
1184 1295 1232 1330 τὴν
1250 1296 1318 1330 πρὸς
1333 1296 1399 1322 Θεὶιν
1413 1296 1557 1322 εὐσέϐειαν
1573 1295 1642 1330 μετὰ
1657 1296 1760 1321 Ζωΐλου
1781 1295 1855 1326 τινος
1869 1296 1912 1321 eii-

1125 1341 1226 1373 λαϐοὖς
1242 1342 1286 1367 καὶ
1300 1341 1489 1376 πρεσϐυτέρου
1504 1341 1553 1376 τὴν
1567 1341 1675 1376 οἴκησιν
1687 1342 1838 1368 ἐποιοῦντο.
1849 1341 1915 1372 Ταῖς

1124 1388 1251 1422 ἀδελφαῖς
1263 1387 1291 1413 δὲ
1306 1389 1340 1414 τὰ
1359 1388 1479 1422 ὀνόματα
1497 1387 1604 1422 Ἀγάπη
1617 1390 1663 1415 καὶ
1673 1387 1768 1414 Χιονία
1783 1389 1854 1422 φημὶ
1868 1388 1915 1414 καὶ

1124 1433 1238 1468 Εἰρήνη.
1250 1430 1334 1464 Οὖτις
1350 1434 1440 1467 μέντοι
1456 1435 1470 1460 ὁ
1482 1434 1583 1465 Ζωΐλος
1592 1435 1786 1468 ἁποκαλυφθὲν
1798 1435 1872 1467 αὖτῷ
1884 1434 1915 1461 τὺ

1123 1479 1170 1505 τοῦ
1188 1480 1327 1514 μάρτυρος
1342 1480 1516 1514 Χρυσογόνου
1533 1480 1661 1514 λεὶψανον
1677 1480 1839 1513 ἀνελόμενος
1855 1479 1915 1514 ἃμα

1123 1525 1156 1559 τῇ
1173 1525 1278 1559 κεφαλῇ
1293 1527 1342 1551 καὶ
1358 1525 1431 1560 θήκῃ
1446 1526 1500 1551 τινὶ
1520 1525 1585 1560 μεθ’
1602 1526 1668 1559 ὅσης
1690 1525 1744 1551 ἔδει
1763 1525 1846 1560 τιμῆς
1862 1535 1914 1552 κα-

1122 1572 1283 1606 ταθέμενος,
1300 1572 1328 1598 ὲν
1341 1571 1379 1606 τῷ
1392 1571 1521 1606 δωματίῳ
1539 1571 1578 1606 τῷ
1594 1570 1692 1597 ἑαυτοῦ
1709 1572 1912 1606 κατακρύπτει.

1122 1616 1279 1652 Τριακοστῇ
1310 1616 1359 1650 μὲν
1385 1614 1431 1641 οὖν
1456 1617 1550 1650 ἡμέρᾳ⁵
1578 1615 1616 1650 τῷ
1643 1615 1763 1650 λειψάνῳ
1793 1617 1912 1651 κειμένῳ

1121 1664 1214 1699 Ζωΐλῳ
1227 1664 1294 1698 ὄναρ
1309 1664 1322 1689 ὸ
1337 1663 1443 1698 μάρτυς
1459 1662 1604 1697 ἐπιφανεὶς
1628 1662 1801 1698 Χρυσόγονος
1824 1662 1912 1689 ταῦτά

1119 1711 1144 1736 οι
1155 1711 1244 1744 λέγειν
1257 1711 1346 1737 ἐδόκει
1359 1718 1365 1725 ·
1387 1711 1459 1736 ’Ἱσθι
1472 1710 1517 1736 τὸν
1530 1709 1648 1745 δυσσεϐῆ
1668 1709 1783 1743 βασιλέα
1798 1710 1912 1743 Amida,-

1119 1757 1222 1790 τιανδν,
1235 1756 1355 1790 γνωσθὲν
1371 1756 1446 1791 αὐτῷ
1461 1756 1525 1790 περὶ
1544 1755 1598 1781 τῶν
1615 1755 1660 1781 τοῦ
1674 1754 1793 1789 Χριστοῦ
1808 1755 1911 1781 δούλων

1119 1801 1167 1827 καὶ
1197 1801 1322 1834 ἀδελφῶν
1336 1801 1466 1836 Εἰρήνης,
1499 1801 1622 1834 Ἀγάπης
1636 1801 1682 1827 καὶ
1702 1800 1826 1834 Χιονιαῖ,
1844 1801 1910 1826 Eleo)

1118 1846 1232 1881 ἡμερῶν
1247 1847 1323 1872 ἐννέα
1340 1846 1520 1873 συλλαϐέσθαι
1537 1848 1583 1873 καὶ
1599 1847 1684 1878 αὐτὰς
1700 1846 1854 1881 βούλεσθαι.
1872 1846 1909 1872 ΣΞ)

1118 1892 1146 1918 δὲ
1155 1891 1212 1918 ἀλλ’
1228 1892 1409 1918 ’Δναστασίαν
1419 1892 1468 1926 τὴν
1479 1892 1525 1919 τοῦ
1538 1892 1605 1918 Θεοῦ
1619 1892 1717 1926 δούλην
1731 1893 1910 1926 παρασκεύα-

1119 1947 1166 1964 σον
1187 1939 1288 1970 ταύτας
1307 1939 1378 1965 κατὰ
1403 1939 1434 1964 τὸ
1461 1938 1573 1965 δυνατὸν
1591 1938 1638 1964 καὶ
1667 1937 1836 1972 θεραπεῦσαι
1860 1939 1908 1965 καὶ

1118 1984 1186 2018 πρὸς
1203 1984 1249 2010 τὸν
1263 1985 1357 2017 ἀγῶνα
1375 1984 1559 2020 ἐπιθαρρῦναι
1571 1985 1635 2019 ἄχρι
1651 1985 1760 2010 καὶτὸν
1775 1993 1908 2020 μιρτυρι-

1117 2031 1166 2056 κὶιν
1182 2030 1360 2065 ἀναδήσονται
1390 2031 1533 2064 στέφανον.
1558 2031 1645 2061 Αὐτὸς
1659 2030 1687 2056 δὲ
1704 2030 1768 2062 τοὺς
1781 2030 1907 2065 καρπούς

1117 2082 1159 2100 σοι
1172 2075 1226 2101 τῶν
1241 2075 1328 2101 πόνων
1340 2075 1466 2110 ἠδίστους
1481 2074 1631 2101 ἀπολαϐεῖν
1646 2074 1756 2105 εὒελπις
1773 2074 1829 2102 ἔσο.
1839 2075 1906 2101 Μετ’

1117 2121 1147 2146 οὑ
1168 2120 1236 2146 πολὺ
1249 2121 1302 2155 γὰρ
1323 2120 1378 2146 τῶν
1389 2120 1508 2147 ἐνταῦθά
1521 2129 1551 2146 τε
1568 2121 1708 2147 ἐπιπόνων
1719 2121 1905 2157 ἁπαλλατήσῃ

275 2168 405 2203 accipias.
433 2168 499 2195 Nam
516 2177 569 2195 non
586 2170 671 2196 multo
687 2175 750 2205 post
765 2174 897 2204 tempore,
915 2174 943 2197 et
961 2178 974 2198 a
990 2171 1064 2198 labe--

1122 2167 1164 2192 ml.
1188 2166 1258 2201 μετὰ
1281 2167 1336 2192 τῶν
1358 2166 1430 2201 ὑπὲρ
1454 2167 1574 2201 Χριστοῦ
1594 2166 1772 2200 ἀθλησάντων
1795 2167 1905 2202 Χριστῷ

276 2214 361 2246 ribus,
378 2215 424 2249 qui
438 2215 482 2241 hic
496 2220 570 2247 sunt,
588 2216 762 2248 liberaberis,
776 2220 803 2243 et
819 2216 852 2242 ad
864 2215 1003 2243 Christum
1018 2219 1064 2244 ad-

274 2259 385 2287 duceris
397 2267 459 2287 cum
477 2260 510 2287 iis
527 2261 574 2294 qui
591 2269 641 2295 pro
657 2261 764 2287 Christo
777 2261 964 2288 decertarunt.

313 2304 380 2332 Vlll.
407 2304 530 2332 Fuerunt
556 2306 613 2332 haec
633 2313 742 2340 quoque
765 2306 873 2341 cognita
900 2306 1064 2333 venerandae

273 2351 410 2386 imprimis
423 2351 586 2382 Anastasiae,
605 2355 633 2377 et
652 2351 744 2378 divino
763 2350 866 2385 Spiritu
884 2356 967 2384 motal
987 2352 1064 2379 venit

274 2398 366 2424 statim
383 2397 415 2424 ad
431 2397 638 2428 domunculam,
654 2404 735 2431 quam
761 2397 882 2424 nondum
907 2401 1061 2432 aspexerat,

273 2449 301 2471 et
315 2443 450 2471 accedens
465 2443 497 2470 ad
515 2444 707 2477 presbyterum
723 2444 840 2476 Zoilum,
866 2444 1005 2478 quaerebat
1019 2451 1063 2471 so-

274 2497 361 2521 rores,
379 2493 407 2516 et
427 2489 540 2522 rcgabat
560 2488 594 2516 de
610 2489 643 2515 iis
663 2496 724 2523 quae
749 2490 776 2515 in
802 2489 906 2516 somnis
928 2489 979 2515 sibi
1005 2489 1063 2515 visa

272 2535 393 2562 fuerant.
409 2535 476 2561 Cum
493 2539 585 2562 autem
604 2535 718 2562 vidisset
732 2534 862 2570 virgines,
884 2539 913 2561 et
927 2535 1017 2562 locum
1035 2536 1062 2563 in

274 2589 328 2616 quo
345 2581 404 2608 sita;
420 2585 498 2607 erant
511 2580 682 2617 Chrysogoni
699 2581 834 2615 reliquias,
847 2588 909 2608 cum
926 2581 985 2608 illas
999 2582 1062 2615 qui-

273 2627 335 2654 dcm
352 2635 448 2661 magna
463 2627 609 2654 affectione
624 2631 652 2654 et
667 2627 768 2661 pietate
782 2627 931 2658 adorasset,
945 2634 1006 2653 cum
1022 2627 1062 2654 eis

274 2679 366 2701 autem
382 2681 463 2700 unam
480 2678 588 2700 noctem
605 2672 792 2707 transegisset.
806 2673 901 2707 eisque
915 2678 1061 2707 congratu-

274 2717 339 2748 lata,
360 2717 393 2745 ad
409 2719 530 2753 martyrii
545 2718 652 2746 fortiter
668 2719 811 2746 subeunda
837 2718 986 2745 certamina
1003 2718 1062 2745 ani-

278 2770 351 2790 mum
369 2765 436 2791 satis
451 2764 612 2797 addidisset,
631 2765 751 2800 profecta
776 2765 992 2800 est_Aquilciam.
1011 2765 1061 2792 Eas

276 2808 349 2835 enim
368 2816 430 2836 cum
453 2810 547 2837 multis
562 2811 622 2837 aliis
646 2811 750 2838 sciebat
767 2818 878 2839 cursum
903 2816 1061 2844 peracturas

1115 2212 1291 2248 παραστήσῃ.

1151 2303 1192 2331 Η’.
1218 2302 1357 2338 Ἐγνὼσθη
1380 2303 1468 2330 ταῦτα
1482 2304 1530 2330 καὶ
1543 2305 1575 2339 τῇ
1597 2305 1750 2341 σεμνοτάτῃ
1772 2305 1904 2333 Ἀναστα-

1116 2349 1173 2383 σία,
1186 2349 1232 2375 καὶ
1248 2349 1387 2383 Πνεύματι
1412 2349 1480 2375 Θεοῦ
1499 2350 1642 2383 κινηθεῖσα
1661 2351 1706 2376 τὸν
1725 2352 1857 2384 οἰκίσκον,
1872 2353 1904 2379 δν

1114 2393 1220 2420 οὐδέπω
1236 2395 1357 2427 τεθέατο,
1372 2396 1545 2430 παραχρῆμα
1557 2396 1776 2431 καταλαμϐάνει,
1797 2398 1845 2424 καὶ
1865 2398 1904 2433 τῷ

1115 2440 1296 2475 πρεσϐυτέρῳ
1312 2441 1477 2475 παραστᾶσα
1497 2441 1591 2476 Ζωΐλῳ
1608 2443 1658 2473 τὰς
1678 2443 1796 2476 ἀδελφὰς
1811 2444 1903 2478 ἐζήτει

1115 2485 1162 2511 καὶ
1174 2485 1238 2519 περὶ
1251 2485 1304 2510 τῶν
1316 2484 1383 2519 ὄναρ
1399 2485 1467 2520 αὐτῇ
1484 2487 1664 2519 γνωσθέντων
1686 2488 1901 2516 ἀνεπυνθάνετο.

1120 2529 1222 2556 Ἰδοῦσα
1235 2530 1263 2556 δὲ
1287 2530 1335 2561 τὰς
1353 2531 1505 2565 παρθένους
1532 2532 1580 2558 καὶ
1596 2534 1641 2558 τὶν
1657 2533 1739 2559 τόπον
1755 2533 1818 2559 ἔνθα
1834 2543 1903 2560 κατ-

1114 2575 1202 2602 έκειτο
1212 2576 1242 2602 τὸ
1255 2576 1303 2602 τοῦ
1319 2577 1493 2611 Χρυσογόνου
1518 2577 1657 2612 λείψανον,
1677 2580 1707 2605 τὸ
1720 2579 1769 2613 μὲν
1784 2588 1904 2614 περιπα-

1115 2622 1168 2653 θῶς
1182 2622 1239 2656 ἆμα
1256 2623 1303 2649 καὶ
1328 2623 1446 2654 ιὺὶαϐὦς
1475 2625 1701 2659 προσκυνήσασα,
1717 2626 1778 2657 ταῖς
1794 2625 1821 2652 ὁὶ
1838 2626 1903 2660 μίαν

1113 2668 1198 2695 νύκτα
1219 2669 1438 2703 συνδιαγαγοῡσα
1453 2670 1500 2695 καὶ
1516 2670 1682 2704 συνησθείσα
1693 2671 1822 2706 καὶπρὸς
1837 2673 1902 2703 τοὺς

1115 2717 1300 2751 μαρτυρικοὺς
1329 2717 1426 2748 ἄθλους
1456 2717 1557 2750 ἱκανῶς
1584 2718 1761 2753 ὑπαλείψασα
1792 2720 1834 2751 εις
1852 2720 1903 2753 τὴν

1119 2762 1272 2790 ’Δκουῖλίαν
1286 2763 1434 2798 ἐπορεύθη.
1452 2764 1563 2796 Ταύτας
1573 2773 1603 2791 τι
1618 2766 1672 2800 γὰρ
1688 2765 1757 2801 μετὰ
1774 2766 1821 2791 καὶ
1838 2765 1902 2791 tr).-

1113 2809 1166 2836 λῶν
1181 2809 1268 2836 ἄλλων
1284 2810 1371 2836 ἐκεῖσε
1388 2810 1432 2837 τὸν
1444 2810 1546 2845 δρόμον
1563 2812 1622 2847 ᾔδει
1644 2812 1839 2847 δραμουμένη
1853 2811 1901 2838 τοῦ
