2086 3153
172 134 219 166 581
557 135 794 166 MARTYRIUM
811 135 845 165 S.
867 133 1090 164 ANASTASM‘J
1110 133 1160 163 ET
1179 133 1389 165 SOCIARUM.

1739 134 1793 166 5f!

172 188 322 224 μαρτυρίου
336 189 384 215 καὶ
397 188 455 223 ἅμα
471 188 521 224 τῆς
538 190 666 225 προνοίας
681 191 727 217 καὶ
740 190 824 225 αὐτὴν
834 188 951 222 εὐαφόρ-

1010 187 1138 223 nartyrii,
1161 187 1335 222 providentia
1362 195 1472 222 quoque
1499 187 1581 216 simul
1609 187 1707 222 ipsam,
1733 197 1796 217 cum

172 242 228 268 μως
241 234 286 260 ἐπὶ
300 235 345 260 τὸν
355 235 447 267 ἀγῶνα
470 235 719 270 παραπεμπούσης.
743 235 816 269 Αὕτη
838 234 888 269 μὲν
908 232 955 260 οὖν

171 279 325 315 ἔπορεύετο,
343 280 428 306 καὶτὸ
443 281 599 316 προρρηθὲν
614 282 641 307 δὲ
656 281 749 316 Ζωΐλῳ
768 281 854 315 πέρας
872 280 956 315 ἐλάμ-

169 325 245 351 6ανε.
264 326 307 359 Τῷ
326 326 379 360 γὰρ
390 325 449 360 Θεῷ
461 325 541 352 τοῦτο
554 326 649 352 δοκοῦν
663 327 718 353 τῶν
732 326 873 361 παρόντων
888 326 954 361 μεθ·

172 370 273 397 ίστατο.
293 371 368 396 Ἐπεὶ
381 371 408 397 δὲ
425 371 478 397 ἔδει
493 372 561 407 μηδὲ
575 372 608 398 τά
620 372 689 398 κατά
703 372 752 406 τὴν
776 372 899 405 ’Λγάπην
910 371 957 398 καὶ

169 416 286 451 Εὲρήνην
306 418 352 442 καὶ
377 417 488 442 Χιο-ιίαν
514 418 575 452 εικῆ
590 417 628 452 τῷ
656 416 818 452 Χρυσογόνῳ
831 416 956 452 ῥηθῆναι,

169 462 259 496 μαθὼν
275 463 321 488 καὶ
334 463 366 488 τὰ
382 463 442 489 κατ’
452 463 537 494 αὑτὰς
546 464 559 488 ὁ
571 463 680 489 πάντων
693 463 722 488 ἐν
734 462 877 496 δυσσεϐείᾳ
889 470 957 496 κρα-

167 508 451 542 τήσαςΔιοκλητιανὸς
466 509 648 542 μετακλήτου;
659 508 758 535 αὐτίκα
773 508 856 538 ποιεῖ,
866 506 956 542 ἵστησί

166 562 194 580 τε
208 555 294 584 αὑτὰς
310 555 363 587 πρὸ
374 553 422 580 τοῦ
436 555 567 589 βήματος.
585 555 733 589 Ἀγάμενος
748 554 775 580 δὲ
788 553 832 580 τοῦ
848 563 876 580 τε
891 553 958 588 σχή-

169 609 249 635 ματος
266 600 315 626 καὶ
328 602 499 635 φρονήματος
526 601 572 627 καὶ
599 602 668 636 πρὸς
695 601 800 631 τούτοις
822 601 870 634 τῆς
883 600 958 635 ὧρας

167 647 212 672 καὶ
224 647 276 680 τῇς
304 646 474 681 ἐπανθούσης
501 648 596 678 αὐταῖς
622 648 660 682 τῷ
676 647 814 682 προσώπῳ
837 648 956 682 χάριτος,

166 693 249 723 ἄλλως
268 701 297 718 τε
312 693 338 718 δὲ
352 694 398 719 καὶ
413 693 491 719 τοῦτο
515 694 617 724 ἐκεῖνος
640 693 717 724 εἰδὼς
731 693 768 724 ὼς
783 693 864 727 ἤθους
876 693 958 727 βάρος

166 740 211 766 καὶ
225 739 317 773 ψυχῆς
336 739 443 774 ἀξίωμα
459 739 505 765 καὶ
523 740 647 772 εὐγένεια
665 740 714 765 οὐκ
729 740 760 766 ἂν
780 747 844 765 ποτε
857 738 960 773 τραχύ-

165 793 242 819 τητος
273 785 412 819 ἡττηθείη,
428 785 484 810 ἀλλ’
495 785 586 819 ἠπίαις
609 786 709 818 μᾶλλον
725 785 814 818 λόγοις
826 783 895 809 εῐκει
911 783 959 810 καὶ

166 830 312 856 κλέπτεται
323 830 492 864 θεραπείαις,
502 831 644 866 τιύτηνῑὴ
659 833 705 858 καὶ
721 831 801 863 αὐτὸς
815 831 869 866 ᾔει.

201 919 241 947 Θ’.
259 921 316 947 Καὶ
337 920 433 955 πρῶτα
459 920 509 955 μιν
533 921 600 951 ὁμοῦ
625 921 678 946 τῶν
703 921 786 955 τριῶν
816 920 959 954 διάπειραν

169 967 296 997 ιποιεῖτο,
314 967 433 992 ἐπαινῶν
457 975 487 992 τε
508 967 566 1000 ἅμα
585 967 632 993 καὶ
655 966 809 1001 παραινῶν,
827 966 914 1001 Ὁρῶν
930 968 959 993 ὲν

169 1012 244 1046 ὑμῖν,
273 1011 368 1045 λέγων,
398 1012 476 1043 ἄνθος
501 1020 530 1037 τε
547 1010 654 1045 ἡλικίας
676 1013 723 1037 καὶ
737 1011 809 1046 ὥραν
824 1010 958 1045 σώματος,

169 1057 222 1089 πρὸ
233 1056 260 1082 δὲ
275 1056 377 1082 τούτων
393 1055 482 1090 ψυχῆς
499 1055 668 1090 παράστημα
691 1055 803 1088 εὐγενὲς
828 1055 875 1080 καὶ
891 1055 959 1088 φρό-

168 1111 243 1136 νημα
258 1102 307 1136 τῆς
325 1100 423 1133 ἔξωθεν
442 1102 491 1136 οὐχ
517 1099 598 1136 ἧττον
611 1102 720 1134 χάριτος
746 1100 910 1134 διαλάμπον,
929 1100 959 1126 οὺ

170 1148 223 1182 μὴν
237 1147 305 1173 ἀλλά
318 1147 364 1173 καὶ⁸
377 1147 481 1180 ἀγαθὰς
493 1147 538 1172 καὶ
552 1146 581 1178 ἐξ
596 1146 706 1180 ἀγαθῶν
722 1145 865 1180 γεγονυίας
879 1145 960 1172 ἁκού-

169 1202 231 1224 σας,
242 1194 310 1228 πρὸς
324 1193 352 1219 δὲ
367 1193 471 1223 τούτοις
487 1194 533 1219 καὶ
544 1192 630 1226 λόγων
647 1192 745 1224 ἱκανῶς
759 1191 958 1228 μετασχούσας,

169 1237 259 1264 οἷκτον
272 1238 358 1273 ὑμῶν,
373 1239 410 1272 μὰ
425 1239 486 1269 τοὺς
500 1239 587 1271 θεοὺς,
605 1239 655 1264 οὐκ
669 1238 758 1272 ὀλίγον
777 1238 917 1272 λαμῦάιω,
935 1238 959 1263 εί

170 1287 235 1320 περὶ
251 1285 334 1311 ταῦτα
356 1285 442 1311 πάντα
458 1284 505 1311 καὶ
521 1285 570 1320 τὴν
597 1285 735 1320 ὑμετέραν
751 1285 823 1319 ζωὴν
838 1285 882 1312 τὸν
900 1285 958 1311 κίν-

169 1331 248 1358 δυνον
263 1331 447 1366 ὑποστήσεσθε
462 1332 508 1357 καὶ
525 1331 562 1366 μή
575 1341 600 1357 τι
614 1331 732 1365 χρηστὸν
751 1331 873 1366 φθάσητε
895 1331 959 1365 βου-

169 1377 319 1403 λεύσασθαι
332 1378 395 1411 περὶ
411 1377 526 1404 ἑαυτῶν.
546 1377 647 1403 Τούτου
665 1376 718 1411 γὰρ
738 1376 818 1402 ἕνεκα
835 1377 882 1402 καὶ
898 1377 957 1402 κατ’

170 1423 230 1458 ῠψιν
244 1423 314 1458 ὑμᾶς
328 1422 394 1458 ἐμοῦ
407 1423 502 1457 στῆναι
514 1425 560 1449 καὶ
570 1423 656 1456 λέγων
668 1421 828 1457 μεταδοῦναι
842 1422 957 1457 ἠξίωσα,

170 1470 212 1495 ῐνα
231 1471 278 1496 καὶ
295 1469 359 1503 παρ’
376 1469 441 1504 ἐμοῦ
457 1470 503 1495 καὶ
519 1469 583 1503 παρ’
606 1469 710 1495 ἑαυτῶν
734 1468 769 1494 τὰ
783 1467 876 1494 δέοντα
894 1476 957 1494 συν-

173 1516 236 1543 ιδεῖν
253 1515 409 1550 δυνηθεῖσαι
427 1514 584 1549 ἀπόσχησθε
602 1514 651 1548 μὲν
664 1513 803 1548 λογισμῶν
818 1514 956 1549 ἀφρόνων,

172 1561 266 1588 θυσίαν
283 1561 311 1587 δὲ.
324 1562 379 1591 τοις
391 1560 460 1591 θεοῖς
478 1560 679 1595 προσενέγκητε
692 1566 699 1574 ”
716 1560 763 1586 καὶ
777 1559 822 1586 διὰ
832 1559 910 1586 τοῦτο
932 1561 958 1586 τί

171 1607 209 1642 μὴ
221 1607 275 1633 τῶν
300 1606 410 1640 ἀγαθῶν
427 1606 536 1636 ἑαυταῖς
553 1604 808 1640 πραγματεύσεσθε,
821 1604 890 1630 θεῶν
914 1614 959 1639 φι-

170 1653 240 1683 λίαν,
257 1650 329 1686 ἐμὴν
356 1649 473 1681 εὔνοιαν,
490 1648 569 1682 δόξης
592 1649 732 1682 ἀφθονίαν,
753 1649 886 1682 νυμφίους
912 1647 959 1674 τοῦ

170 1697 284 1726 κάλλους
301 1695 377 1729 ὑμῶν
405 1695 507 1727 ἀξίους,
531 1693 644 1720 πλοῦτον
664 1694 711 1720 καὶ
731 1693 826 1725 ἡδονὰς
843 1693 891 1720 καὶ
906 1693 959 1718 πᾶν

170 1745 184 1770 ὃ
202 1752 228 1769 τι
247 1751 301 1777 περ
318 1741 446 1775 εὖδαιμον
464 1740 509 1767 τοῦ
525 1740 584 1775 βίου
602 1741 648 1767 καὶ
665 1739 766 1773 ἀγαθόν
779 1739 835 1766 ἔστι
858 1748 887 1766 τε
914 1741 959 1766 καὶ

169 1790 252 1816 δοκεῖ.

207 1835 234 1862 l’.
248 1835 319 1870 Πρὸς
331 1833 417 1860 ταῦτα
427 1834 444 1868 ἡ
459 1833 508 1866 τὴν
523 1832 629 1867 ἡλικίαν
643 1832 748 1867 πρώτη,
761 1832 810 1868 τὴν
824 1833 852 1860 δὲ
864 1833 959 1868 κλῆσιν

179 1880 299 1912 Ἀγάπη,
318 1878 429 1912 πρώτην
447 1879 493 1903 καὶ
512 1877 560 1912 τὴν
575 1879 613 1908 είς
630 1876 696 1903 Θεὸν
719 1878 829 1913 ἀγάπην
845 1877 960 1911 ὀφθῆναι

172 1924 325 1950 σπεύδουσα
339 1923 409 1949 αἰδοῖ
426 1922 525 1957 μίξασα
542 1922 709 1958 παρρησίαν,
729 1923 870 1957 εὐκόσμως
886 1932 915 1949 τε
927 1923 960 1949 τὰ

171 1969 247 2004 χείλη
260 1969 389 2002 διάρασα,
405 1968 506 2002 Μηδεις
523 1975 580 1999 σου,
601 1968 680 2001 φησὶ,
711 1968 829 1994 πειθέτω
841 1964 960 2001 λόγος,ὣ

173 2013 297 2048 βασιλεῦ,
314 2013 351 2044 ὡς
365 2013 437 2048 ἡμᾶς
455 2013 471 2047 ἢ
485 2012 566 2045 φόϐος
581 2014 724 2047 πτοήσειεν
740 2013 755 2047 ἣ
771 2013 856 2040 πειθὼ
872 2014 961 2040 δελεά-

173 2060 271 2094 οειενῆ
293 2059 416 2089 κολάσεις
443 2057 689 2092 διαπειλούμεναιῆ
708 2058 799 2092 ἁγαθά
821 2060 960 2093 προτεινό-

173 2115 242 2141 μενα
257 2106 274 2140 ἢ
288 2106 411 2139 νεότητος
427 2101 515 2135 οἶκτος
526 2104 542 2138 ἢ
555 2103 669 2135 κάλλους
685 2104 756 2135 ἕλεος
776 2104 792 2139 ἢ
806 2104 852 2131 τοῦ
866 2106 960 2138 γένους

171 2152 333 2187 λαμπρότης
352 2150 472 2184 μαλακόν
495 2158 519 2176 τι
543 2150 663 2176 πείσειεν
677 2150 745 2181 ὅλως
760 2150 960 2186 ὕπονοήσασθσι

174 2198 211 2232 μὴ
224 2199 265 2224 ὅτι
282 2205 314 2230 γε
330 2198 374 2222 καὶ
384 2196 481 2225 εἰπεῖν,
497 2195 553 2222 ἀλλ’
573 2196 642 2222 αὐτὰ
659 2196 691 2231 δὴ
703 2196 787 2222 ταῦτα
801 2197 888 2222 πείθει
913 2197 958 2224 καὶ

1011 2197 1125 2229 cordia,
1158 2202 1206 2224 aut
1243 2200 1446 2226 commiseratio
1477 2202 1691 2235 pulchritudinis

175 2243 292 2278 μάλιστα
313 2242 428 2268 θανάτου
447 2242 635 2276 καταφρονεῖν,
659 2242 699 2267 ὅτι
726 2241 861 2272 τοσούτοις
886 2243 960 2275 παρὰ

173 2290 238 2316 Θεοῦ
269 2288 450 2322 κοσμηθεῖσαι
476 2288 532 2318 τοῖς
557 2287 668 2320 ἀγαθοῖς
693 2288 740 2313 καὶ
754 2287 825 2313 οὕτω
854 2287 961 2318 πολλοῖς

174 2334 391 2368 πλεονεκτήμασι
417 2333 594 2367 διαφέρουσαι
612 2334 719 2359 πάντων
737 2333 770 2359 ἂν
800 2333 961 2368 ἀτοπώτερα

173 2381 347 2416 eameam
361 2379 502 2414 φανῶμεν,
525 2380 549 2405 εἰ
574 2379 618 2405 τὸν
641 2379 777 2407 δεδωκότα
799 2379 865 2405 Θεὸν
881 2380 960 2414 ἡμεῖς

173 2427 356 2462 ἀρνηθείημεν
382 2425 503 2456 ἀϐούλως
529 2425 631 2459 σφόδρα
650 2426 696 2452 καὶ
719 2425 895 2460 ἀγνωμόνως,
912 2426 960 2452 καὶ

175 2474 210 2510 μὴ
227 2475 260 2500 τὰ
278 2472 342 2507 παρ’
359 2471 440 2498 αὐτοῦ
453 2471 553 2505 μᾶλλον
568 2473 597 2497 ὲν
609 2472 699 2502 αὐτοῖς
711 2472 780 2506 ὑπὲρ
796 2471 878 2498 αὑτοῦ
893 2471 959 2506 πρό-

175 2527 256 2553 φασιν
271 2516 376 2547 εὐνοίας
393 2516 438 2542 καὶ
455 2515 574 2546 πίστεως
586 2515 720 2549 ἀσφαλοῦς
734 2516 914 2550 ποιησόμεθα.

1008 233 1078 260 bona
1093 238 1121 260 et
1132 232 1203 259 facili
1213 233 1369 264 occasione,
1381 233 1584 260 transmittent:
1600 234 1632 260 ad
1647 238 1795 262 certamen.

1007 279 1096 313 Atque
1112 279 1170 313 ipsa
1186 278 1297 312 quidem
1317 278 1554 312 proﬁciscebatur,
1582 284 1610 306 et
1635 279 1680 313 qui
1699 280 1797 313 praedi-

1007 329 1069 350 ctus
1083 323 1159 350 Zoilo
1181 323 1281 355 fuerat,
1300 325 1361 349 vita:
1377 322 1439 349 linis
1455 324 1578 357 contigit.
1593 323 1659 350 Nam
1672 331 1734 350 cuin
1747 325 1799 351 hoc

1007 369 1110 395 Deoita
1128 368 1216 394 visum
1230 372 1312 399 esset,
1330 367 1449 394 excessit
1461 375 1476 394 a
1498 368 1552 394 vita
1569 369 1706 401 praesenti.
1722 369 1798 401 Quo-

1007 414 1081 440 niam
1099 417 1190 440 autem
1209 421 1298 448 neque
1315 413 1348 440 de
1374 414 1465 448 Agapc
1479 418 1506 439 et
1536 413 1613 440 lrcne
1639 419 1665 440 et
1682 413 1798 441 Chionia

1010 461 1156 494 oportebat
1173 465 1276 487 temere
1291 460 1396 486 dietum
1411 467 1471 486 esse
1487 468 1501 486 τι
1524 460 1714 494 Chrysogono,
1734 468 1796 487 cum

1008 506 1042 533 de
1057 506 1089 533 iis
1116 506 1283 538 reseivisset,
1301 506 1346 540 qui
1371 513 1467 532 omnes
1490 505 1630 540 impietate
1647 506 1798 540 superavit,

1010 552 1204 582 Dioc‘etianus.
1224 560 1272 579 eas
1292 552 1384 579 statim
1398 554 1523 583 accersit,
1540 556 1567 578 et
1582 552 1653 578 sistit
1673 558 1737 579 ante
1752 553 1800 579 tri-

1009 596 1112 623 bunal:
1130 601 1157 623 et
1171 596 1312 622 admirans
1338 604 1432 622 earum
1459 596 1582 622 habitum
1607 600 1634 622 et
1656 597 1796 631 spiritum,

1009 647 1036 669 et
1052 646 1185 676 praeterea
1207 642 1338 677 speciem,
1353 647 1381 669 et
1395 650 1455 676 quae
1473 643 1498 668 in
1516 650 1610 668 earum
1629 643 1705 669 vultu
1725 643 1797 677 vige-

1010 687 1065 719 bat,
1078 687 1206 721 gratiam,
1217 688 1353 721 ctalioqui
1367 695 1428 714 cttm
1441 688 1492 714 hoc
1507 688 1598 718 sciret,
1608 687 1680 722 quod
1694 695 1800 716 morum

1010 733 1138 768 gravitas,
1155 737 1182 759 et
1197 732 1329 768 dignitate
1351 732 1483 768 prmditus
1506 740 1537 759 ac
1563 741 1714 767 generosus
1739 734 1799 760 aui-

1011 788 1073 808 mus
1093 789 1234 818 nunquam
1265 782 1384 808 vincitur
1406 781 1440 808 ab
1462 782 1619 815 asperitate,
1650 782 1697 809 sed
1727 783 1801 810 cedit

1011 827 1105 861 potius
1123 828 1213 854 verbis
1236 827 1365 854 mollibus
1394 832 1422 854 et
1449 828 1575 863 placidis,
1600 833 1628 854 et.
1651 829 1801 855 attrahitur

1010 863 1116 904 ofﬁciis,
1133 881 1164 899 ea
1181 874 1226 899 via
1243 874 1300 907 ipse
1316 882 1425 909 quoque
1442 875 1608 909 ingreditur.

1047 917 1097 946 IX.
1112 918 1145 945 Et
1161 919 1277 952 primum
1296 919 1408 953 quidem
1435 920 1517 946 trium
1539 920 1620 947 simul
1644 920 1708 947 facit
1724 922 1799 956 peri-

1010 962 1114 994 culum,
1128 964 1209 990 simul
1225 964 1339 991 laudans
1353 970 1381 991 et
1395 965 1548 991 admonens
1564 976 1568 991 :
1586 965 1654 993 Cum
1672 967 1699 993 in
1720 968 1800 995 vobis

1010 1008 1130 1041 videam,
1146 1009 1252 1040 dicens,
1269 1017 1295 1036 et
1314 1009 1407 1036 florem
1423 1012 1511 1038 aetatis
1528 1032 1535 1043 ,
1552 1016 1579 1038 et
1596 1013 1715 1046 speciem
1739 1021 1800 1040 cor-

1011 1054 1099 1088 poris,
1115 1060 1141 1081 et
1157 1063 1304 1090 generosos
1320 1061 1451 1090 prmterea
1467 1057 1591 1092 spiritus,
1612 1059 1659 1093 qui
1675 1067 1730 1086 non
1748 1061 1799 1086 mi-

1010 1107 1063 1126 nus
1082 1101 1268 1138 resplendent,
1285 1109 1366 1135 quam
1389 1109 1500 1129 externa
1516 1104 1601 1137 gratia
1617 1113 1624 1131 :
1638 1105 1702 1138 quin
1717 1106 1799 1132 etiam

1011 1145 1163 1172 audivernn
1181 1154 1229 1174 vos
1245 1155 1303 1174 esse
1323 1147 1416 1179 bonas,
1441 1152 1468 1174 et
1488 1148 1567 1176 bonis
1593 1155 1750 1184 prognatus,
1774 1157 1802 1178 et

1010 1196 1142 1225 praeterea
1159 1192 1283 1219 doctrina
1301 1200 1410 1227 quoque
1431 1202 1484 1220 non
1502 1195 1679 1223 mediocriter
1705 1196 1801 1223 excul-

1010 1241 1062 1270 tas,
1083 1245 1131 1272 per
1147 1237 1225 1270 deos,
1252 1246 1363 1265 moveor
1392 1247 1445 1279 non
1474 1248 1557 1274 parva
1582 1241 1666 1268 vestri
1695 1242 1802 1269 miscri-

1010 1283 1114 1315 cordia,
1138 1283 1160 1309 si
1183 1283 1216 1310 de
1240 1284 1283 1311 his
1306 1285 1435 1312 omnibus
1459 1291 1486 1312 et
1510 1286 1543 1313 de
1571 1293 1661 1314 vestra
1691 1296 1802 1323 quoque

1010 1328 1066 1354 vita
1090 1329 1207 1355 venietis
1228 1329 1255 1356 in
1281 1330 1446 1364 periculum,
1464 1336 1491 1358 et
1515 1340 1568 1359 non
1592 1333 1666 1367 prius
1690 1334 1801 1368 aliquod

1010 1372 1113 1400 bonum
1123 1374 1156 1401 de
1169 1374 1246 1402 vobis
1258 1374 1323 1409 ipsis
1335 1376 1448 1410 capietis
1456 1378 1613 1404 consilium.
1627 1378 1681 1406 Hac
1688 1381 1760 1406 enim
1767 1380 1801 1407 de

1009 1426 1090 1446 causa
1110 1427 1159 1446 vos
1175 1428 1285 1454 quoque
1302 1421 1374 1447 volui
1392 1427 1454 1448 ante
1469 1430 1559 1449 meum
1574 1429 1751 1458 conspectum
1763 1425 1802 1452 si-

1009 1470 1083 1492 stere
1093 1470 1118 1492 et
1129 1473 1177 1492 vos
1185 1466 1343 1498 convenire,
1354 1470 1384 1492 ut
1392 1474 1453 1493 eum
1468 1475 1500 1494 ex
1511 1476 1554 1495 me
1562 1472 1589 1495 et
1601 1476 1633 1496 ex
1645 1470 1724 1497 vobis
1735 1470 1802 1505 ipsis

1010 1518 1041 1538 ea
1057 1518 1117 1544 qua:
1141 1515 1260 1545 oportet,
1284 1513 1430 1546 potueritis
1445 1513 1607 1548 intelligere,
1635 1516 1800 1544 abstineatis

1010 1556 1121 1590 quidem
1136 1557 1168 1584 ab
1186 1557 1382 1591 insipientibus
1403 1560 1625 1593 cogitationibus,
1639 1562 1693 1589 diis
1708 1568 1802 1591 autem

1011 1601 1133 1628 offeratis
1156 1603 1333 1634 sacriﬁcium,
1361 1607 1386 1630 et
1416 1611 1465 1638 per
1485 1605 1537 1632 hoc
1559 1607 1627 1640 quid
1653 1615 1707 1634 non
1734 1607 1800 1635 boni

1011 1647 1090 1674 vobis
1102 1647 1169 1682 ipsis
1178 1649 1472 1682 comparetis,deorum
1483 1651 1644 1684 amicitiam,
1655 1660 1741 1679 meam
1750 1653 1798 1680 be-

1013 1694 1210 1727 nevolentiam,
1224 1695 1318 1729 gloria:
1341 1696 1549 1729 abundantiam,
1576 1705 1692 1732 sponsos
1704 1699 1802 1734 dignm

1010 1744 1099 1766 vestra
1111 1740 1327 1774 pulchritudine,
1341 1741 1451 1768 divitias
1459 1747 1487 1769 et
1501 1743 1662 1777 voluptates.
1677 1749 1705 1772 et
1718 1745 1800 1780 quid—

1010 1786 1076 1820 quid
1093 1785 1119 1812 in
1135 1787 1190 1813 vita
1207 1786 1272 1813 felix
1289 1786 1447 1822 bonumque
1461 1793 1503 1815 est
1522 1793 1550 1816 et
1562 1789 1679 1817 videtur.

1046 1831 1079 1859 Χ.
1099 1832 1139 1860 Ad
1153 1833 1210 1860 hac
1226 1838 1316 1860 autem
1334 1842 1366 1861 ea
1381 1842 1441 1869 qum
1454 1840 1512 1862 erat
1528 1837 1614 1872 major
1628 1843 1798 1870 natu,voca-

1011 1879 1092 1906 batur
1114 1887 1179 1906 vero
1201 1879 1302 1915 Agape,
1328 1889 1388 1915 qure
1412 1881 1543 1909 studebat
1570 1891 1680 1918 quoque
1713 1884 1800 1912 videri

1011 1925 1096 1958 prima
1121 1925 1267 1952 dilectione
1299 1926 1327 1953 in
1352 1927 1451 1956 Deum.
1480 1935 1541 1954 cum
1564 1929 1729 1956 verecundia
1747 1931 1799 1956 mi-

1011 1977 1092 1997 scens
1114 1970 1223 1998 dicendi
1246 1972 1413 2004 libeltatem.
1445 1979 1472 2001 et
1495 1975 1571 2002 labra
1596 1976 1711 2004 honeste
1737 1985 1800 2012 ape-

1013 2015 1087 2041 riens
1101 2024 1107 2041 :
1123 2015 1212 2046 Nulla.
1231 2017 1330 2051 inquit,
1348 2019 1417 2045 ratio
1434 2019 1481 2046 tibi
1496 2021 1669 2054 persuadeat,
1685 2029 1701 2048 ο
1718 2022 1801 2058 impe-

1013 2066 1096 2092 rator,
1113 2061 1186 2095 quod
1202 2068 1253 2089 nos
1274 2063 1317 2089 vel
1348 2069 1438 2091 metus
1465 2067 1656 2098 perterruerit.
1679 2072 1801 2102 antper-

1013 2105 1105 2132 suasio
1145 2105 1325 2135 ineseaverit.
1354 2112 1401 2134 aut
1431 2109 1571 2137 intentata:
1602 2111 1799 2146 suppliciorum

1012 2151 1103 2182 mima,
1129 2155 1177 2178 aut
1195 2151 1264 2179 bona
1278 2154 1428 2188 proposita,
1450 2159 1498 2182 au-t
1518 2157 1675 2190 iuventutis
1692 2159 1800 2185 miseri-

1752 2211 1799 2232 ant

1012 2242 1142 2276 splendor
1166 2245 1286 2278 generis,
1307 2245 1388 2272 nobis
1417 2247 1531 2274 omnino
1557 2250 1737 2282 persuaserit,
1768 2256 1798 2278 ut

1011 2287 1114 2321 aliquid
1140 2289 1222 2316 molle
1247 2293 1274 2316 et
1298 2289 1446 2318 delicatum
1484 2293 1597 2320 omnino
1636 2296 1798 2329 cogitemus,

1013 2333 1114 2360 nedum
1129 2339 1160 2362 ut
1183 2335 1317 2364 dicamus.
1335 2336 1388 2364 Sed
1404 2338 1461 2365 ha-c
1475 2339 1585 2373 quidem
1602 2340 1658 2375 ipsa
1681 2341 1722 2368 vel
1741 2349 1799 2368 ma-

1011 2379 1083 2405 xime
1107 2380 1272 2414 persuadent
1297 2387 1415 2410 mortem
1439 2389 1629 2418 contemnere,
1655 2387 1729 2421 quod
1759 2392 1799 2414 tot

1011 2424 1120 2452 bonisa
1136 2425 1193 2453 Deo
1215 2432 1329 2459 ornatae,
1355 2433 1409 2455 tam
1427 2431 1521 2458 multis
1550 2433 1702 2459 commodis
1730 2440 1800 2467 pne-

1010 2476 1126 2504 stantes,
1145 2473 1268 2500 omnium
1284 2474 1483 2503 absurdissima
1496 2477 1654 2504 videremur
1665 2478 1796 2513 cogitare,

1010 2517 1032 2543 si
1050 2517 1147 2550 Deum,
1164 2519 1210 2552 qui
1223 2526 1254 2546 ea
1265 2519 1352 2552 dedit,
1367 2529 1418 2548 nos
1431 2521 1632 2550 inconsiderate
1645 2523 1794 2550 admodum

173 2571 200 2593 et
228 2565 334 2598 ingrate
356 2561 550 2596 negaverimus
570 2566 598 2588 et
615 2569 669 2588 non
695 2569 726 2589 ea
751 2571 811 2597 quae
845 2563 880 2590 ab
905 2571 939 2590 eo
964 2565 1130 2598 accepimus,
1165 2565 1193 2592 in
1226 2565 1260 2593 iis
1278 2574 1338 2601 qna:
1353 2575 1402 2602 pro
1419 2567 1479 2602 ipso
1494 2575 1614 2603 passura:
1628 2576 1734 2602 sumus,
1751 2577 1798 2597 oc-

173 2611 310 2639 casionem
328 2608 534 2640 benevolentiae,
557 2614 694 2644 certaque
721 2614 749 2637 et
762 2610 869 2637 stabilis
890 2610 952 2637 fidei
972 2609 1141 2638 duxerimus.

207 2658 257 2686 ΙΝ.
276 2657 385 2692 Ταύτην
397 2659 411 2684 ὁ
431 2657 562 2692 τύραννος
577 2657 627 2692 τὴν
651 2657 806 2693 παρρησίαν
835 2658 958 2689 ἐκτόπως

174 2704 317 2738 θαυμάσας
333 2704 382 2730 καὶ
398 2703 511 2738 νομίσας
526 2701 595 2730 εἶναι
611 2702 718 2737 μανίαν,
727 2702 764 2733 ὣς
773 2703 801 2729 δὲ
814 2703 861 2730 καὶ
873 2702 955 2729 καλά-

175 2757 232 2782 σσς,
248 2749 353 2776 οἴκοθεν
367 2748 486 2784 ἀτεχνῶς
497 2748 547 2783 τὴν
561 2748 650 2783 κρίσιν
662 2747 819 2782 ποιούμενος
831 2748 880 2783 τῆς
902 2748 953 2782 μιν

179 2795 298 2829 Ἀγάπης
309 2795 339 2821 οὐ
355 2795 434 2821 πλέον
447 2794 627 2828 ἀπεπειρᾶτο,
643 2793 773 2828 δευτέραν
788 2793 816 2820 δὲ
827 2794 875 2828 τὴν
892 2795 953 2821 δευ-

173 2838 254 2874 τέραν
269 2841 388 2877 παριστᾷ
401 2840 447 2868 καὶ
459 2840 522 2872 τοὺς
533 2840 628 2874 λῦγους
643 2840 788 2874 προσῆγεν.
809 2841 852 2872 Ὠς
866 2841 892 2868 δὲ
907 2844 953 2871 καὶ

1045 2657 1094 2686 XI.
1118 2658 1193 2686 Hanc
1207 2659 1337 2694 loquendi
1351 2660 1507 2688 libertatem
1524 2669 1606 2696 supra
1618 2662 1730 2690 modum
1747 2663 1796 2690 ad-

1010 2701 1279 2739 miratus'tyrannus.
1296 2710 1325 2733 et
1345 2711 1420 2733 ratus
1441 2715 1502 2735 esse
1528 2707 1674 2741 insaniam,
1690 2712 1719 2736 et
1735 2716 1795 2735 eam

1007 2749 1046 2777 ita
1060 2750 1208 2784 appellans,
1245 2758 1276 2778 ex
1293 2758 1322 2778 se
1344 2752 1422 2786 plane
1441 2752 1545 2780 faciens
1557 2753 1703 2788 judicium.
1727 2754 1797 2790 Aga-

1007 2803 1058 2830 pen
1081 2795 1194 2829 quidem
1218 2803 1272 2823 non
1298 2797 1414 2824 tentavit
1435 2798 1571 2832 amplius,
1601 2799 1725 2826 secundo
1746 2806 1796 2826 mt-

1009 2847 1062 2869 lt'm
1084 2842 1165 2876 jussit
1210 2843 1270 2882 sisti
1298 2843 1457 2878 set-undam,
1488 2849 1516 2872 et
1546 2845 1637 2872 verbis
1664 2852 1725 2872 eam
1752 2850 1795 2872 est
