2060 3153
183 144 232 176 591

793 149 937 180 MENSIS
955 149 1173 182 DECEMBER.

1754 151 1808 182 592

181 196 331 232 suppliciis.
357 197 408 226 Ubi
426 198 484 226 lucc
503 207 568 235 ergo
594 199 700 228 audivit
712 201 880 236 Leucadius,
895 211 965 238 quo-

1024 213 1090 236 mtg.
1109 206 1153 237 Ὠς
1168 205 1216 232 οὖν
1227 205 1315 233 ταῦτα
1330 207 1448 241 ἠκουσεν
1463 206 1477 233 ὀ
1492 206 1650 240 Λευκάδιος,
1663 206 1724 232 επεὶ
1736 214 1807 241 παρ-

181 241 253 269 niam
268 247 380 278 paratus
406 249 466 272 erat
492 253 545 272 una
568 253 630 273 cum
647 247 804 282 egrediente
825 249 899 276 exire
917 250 968 276 im-

180 292 316 322 peratore,
334 288 408 316 domi
436 290 547 325 quidem
558 292 669 327 reliquit
697 293 880 327 Theodotem,
908 295 967 330 ipse

181 341 246 361 vero
266 334 318 361 iter
345 339 388 362 est
416 335 571 371 ingressus,
587 337 737 366 Theodotaa
751 340 890 375 negotium
911 348 966 368 non

180 379 277 406 leviter
293 384 321 407 et
340 380 367 407 in
381 381 496 409 transitu
510 383 683 411 tractandum
699 392 759 412 esse
788 386 903 418 ducens,
920 386 968 414 sed

181 424 208 452 id
226 432 369 454 reservans
380 427 412 453 ad
425 427 511 454 otium
529 432 557 454 et
575 433 684 464 tempus
700 431 878 459 conveniens.
894 431 962 460 Cum

181 478 246 505 erg.)
260 471 380 499 relaxata
406 472 505 500 fuisset
521 473 673 508 Theodote,
694 479 722 503 et
735 476 852 504 similem
873 477 900 504 in
913 478 969 504 vir-

181 519 240 543 tutc
257 520 285 542 ct
310 516 362 543 Iltle
376 518 571 552 assumpsisset
599 519 786 553 Anastasiam,
810 529 864 548 una
884 522 967 550 animi

182 561 323 589 alacritate
347 567 375 590 et
405 564 596 596 consensione,
621 569 649 592 et
664 566 740 600 quasi
753 567 965 602 conspiratione,

181 609 298 642 parique
319 608 378 636 zelo
400 611 567 645 peragebant
595 611 706 639 solitum
723 620 833 640 cursum
859 614 969 649 pietatis

182 653 358 685 Christianis.
369 655 415 690 qui
430 656 457 682 in
469 656 630 684 carceribus
639 657 757 692 publicis
767 658 866 686 inclusi
877 664 966 692 erant,

183 699 290 727 eﬁ'cctae
323 700 427 732 omnia,
461 701 559 728 medici
577 702 734 735 vulnerum,
749 704 969 738 suppeditatores

184 746 374 780 pecuniarum,
394 748 596 781 praeteritorum
622 749 757 776 malorum
785 750 926 782 Solatium,
942 755 970 780 et

183 791 216 818 ad
238 792 357 819 futurum
384 793 554 821 validissima
578 795 740 822 consolatio.
755 795 788 822 Et
805 795 844 823 sic
858 796 968 831 quidem

184 837 315 873 virgines.

216 884 286 911 XXI.
308 884 375 912 Cum
392 890 483 912 autem
500 894 595 913 rursus
618 886 800 914 intellexisset
821 887 970 916 Diocletia-
982 871 1006 901 Β

183 938 244 962 nus,
261 938 343 965 quam
361 935 452 958 essent
467 932 578 966 quidem
614 933 723 967 angusti
749 940 874 960 carceres
902 941 968 968 pro-

183 979 245 1010 pter
261 976 464 1003 multitudinem
495 976 614 1010 piorum,
631 978 677 1012 qui
709 977 736 1004 in
753 978 787 1005 iis
809 978 970 1006 detineban-

183 1024 237 1054 tur,
251 1026 342 1049 essent
355 1030 421 1053 vero
437 1022 527 1050 inania
545 1023 804 1059 quaevisexengitata
822 1028 968 1058 tormenta,

182 1074 197 1093 a
213 1066 387 1093 confessione
413 1067 521 1095 nemine
550 1075 646 1095 eorum
671 1069 826 1102 recedente,
847 1077 893 1096 eos
909 1070 970 1104 qui-

182 1112 245 1140 dem
261 1113 338 1148 jubet
361 1113 479 1140 diversis
497 1113 594 1140 mortis
611 1113 693 1141 illatis
707 1115 855 1149 generibus
865 1116 898 1142 de
911 1123 969 1142 me—

182 1158 227 1186 dio
242 1159 298 1186 tolli
315 1166 348 1186 ex
376 1158 546 1192 hominibus,
562 1164 591 1186 et
603 1159 640 1186 ita
664 1159 756 1186 locum
770 1160 836 1187 dare
850 1161 970 1188 carceri-

181 1203 234 1231 bus
247 1213 255 1231 :
269 1204 338 1231 alios
353 1208 445 1232 autem
461 1204 711 1240 comprehendere,
729 1205 776 1240 qui
791 1206 886 1233 eadem
906 1213 970 1234 sen-

183 1250 288 1278 tiebant
308 1258 314 1276 :
330 1256 358 1278 et
374 1251 492 1285 primum
508 1251 620 1286 quidem
642 1251 669 1278 in
694 1252 805 1280 vincula
819 1253 969 1288 conjicere,

182 1296 283 1325 deinde
298 1297 319 1324 si
330 1296 382 1324 sibi
395 1305 450 1324 non
467 1297 666 1332 persuaderent
677 1302 707 1324 ut
721 1305 798 1325 suam
810 1299 971 1333 abjurarent

184 1343 346 1378 religionem
363 1364 370 1376 ,
399 1350 448 1371 eos
472 1343 618 1370 tormentis
633 1343 782 1371 allicerent.
804 1344 891 1372 Tanta
912 1350 971 1372 erat

186 1389 265 1424 impii
297 1391 439 1418 contentio
471 1390 605 1418 adversus
630 1389 826 1424 Christianos,
864 1392 972 1420 oceulto

183 1439 313 1471 tyranno,
326 1435 478 1467 communi,
493 1435 618 1470 inquam,
643 1435 721 1463 hostc
749 1436 969 1464 Christianorum

186 1481 262 1509 illum
277 1481 310 1508 ad
323 1481 376 1509 hoc
389 1481 533 1509 incitante.
546 1483 635 1517 Atque
646 1482 748 1510 sanctis
763 1482 875 1518 quidem
886 1483 971 1512 multa

1018 251 1168 278 εσκεύαστο
1183 251 1335 286 ὲξορμῶντι
1362 251 1423 278 τότε
1442 251 1481 286 τῷ
1505 251 1610 287 βασιλεῖ
1625 251 1807 285 συνοίχεσϐαι,

1018 297 1067 332 τὴν
1082 297 1130 332 μὲν
1150 297 1281 332 Θεοδότην
1291 299 1362 325 οἶκοι
1379 297 1553 330 καταλείπει,
1570 298 1583 324 ὀ
1596 297 1625 324 δὲ
1637 297 1809 332 παραχρῆμα

1019 343 1078 369 ὁδοῦ
1098 344 1198 378 εἴχετο,
1210 344 1241 370 τὸ
1255 344 1321 377 περῖ
1337 344 1468 378 Θεοδότης
1480 343 1559 379 ἔργον
1572 343 1621 370 οὒκ
1634 343 1661 370 ὲν
1677 343 1808 377 παρέργῳ

1019 389 1114 421 τιθεὶς,
1137 389 1196 416 ἀλλ’
1212 390 1241 417 ἐν
1253 390 1333 426 σχολῇ
1344 390 1424 417 τοῦτο
1439 389 1639 425 ταμιευόμενος
1657 389 1705 416 καὶ
1719 388 1809 422 καιρῷ

1019 435 1194 471 προσήκοντι.
1233 435 1373 462 Ἀνεθεῖσα
1402 435 1493 462 τοίνυν
1514 435 1530 470 ἡ
1558 434 1674 469 Θεοδότη
1697 434 1744 460 καὶ
1759 434 1809 468 τὴν

1019 481 1115 515 ὁμοίαν
1132 482 1173 513 είς
1185 481 1285 516 ἀρετὴν
1300 482 1348 508 καὶ
1375 481 1467 508 πίστιν
1489 481 1669 507 Ἀναστασίαν
1684 480 1810 514 παραλα-

1019 526 1104 553 ϐοῦσα
1120 527 1172 563 μιᾷ
1182 527 1322 562 προθυμίᾳ
1337 536 1366 553 τε
1386 528 1433 554 καὶ
1449 527 1587 562 συμπνοίᾳ
1602 526 1648 553 καὶ
1668 527 1718 561 ἴσῳ
1734 526 1810 560 ζήλῳ

1018 574 1064 600 τὸν
1080 573 1183 609 συνήθη
1204 573 1304 608 δρόμον
1331 573 1380 607 τῆς
1409 572 1550 604 εὐσεϐείας
1576 573 1699 608 ἔτρεχον,
1719 571 1758 598 πά
1775 580 1809 598 τα

1019 621 1076 651 τοῖς
1090 620 1119 646 ὲν
1134 619 1279 655 δημοσίαις
1296 619 1431 652 φυλακαῖς
1448 619 1620 654 είργομὲνοις
1634 619 1810 654 Χριστιανοῐς

1019 666 1178 701 γινόμεναι,
1197 665 1364 701 τραυμάτων
1381 665 1480 700 ἰατροὶ,
1507 665 1621 700 χορηγοὶ
1644 663 1809 699 χρημάτων,

1020 711 1075 737 τῶν
1092 719 1120 737 τε
1137 711 1329 747 παρελθόντων
1344 711 1440 737 δεινῶν
1461 711 1611 746 παραψυχὴ
1627 711 1675 737 καὶ
1696 710 1763 745 πρὸς
1779 709 1810 735 τδ

1022 757 1118 793 μέλλον
1135 757 1300 792 ἰσχυροτάτη
1317 757 1501 792 παράκλησις.
1521 757 1553 782 Δί
1571 756 1621 792 μὲν
1643 754 1689 783 οὖν
1707 756 1810 792 παρθέ-

1020 811 1061 830 νοι
1079 812 1176 835 ουτως.

1058 894 1124 920 KA'.
1141 893 1333 927 Διοκλητιανὺς
1355 893 1383 920 δὲ
1402 893 1495 929 μαθὼν
1517 894 1564 921 καὶ
1578 891 1654 925 αὖθις
1678 894 1741 929 περὶ
1755 892 1810 919 τῶν

1021 939 1143 965 εὐσεϐῶν
1164 938 1201 970 ὡς
1233 939 1260 965 αἱ
1280 939 1330 974 μὲν
1354 939 1475 974 φυλακαὶ
1507 939 1545 974 τῷ
1563 940 1664 975 πλήθει
1682 940 1735 966 τῶν
1758 940 1810 974 ἥδη

1022 985 1246 1020 κατασχεϐἑντων
1263 985 1365 1018 στεναὶ,
1376 987 1452 1012 κεναὶ
1468 985 1496 1012 δὲ
1511 986 1658 1012 πᾶσαιτῶν
1677 985 1810 1019 ἀλγεινίῗν

1021 1032 1048 1057 αι
1060 1031 1190 1064 ἐπίνοιαι,
1207 1031 1319 1066 μηδενὸς
1336 1032 1425 1058 αὐτῶν
1435 1033 1482 1066 τῆς
1495 1032 1641 1066 ὁμολογίας
1656 1031 1810 1066 ἀφισταμέ-

1021 1086 1080 1109 νου,
1094 1077 1207 1110 τούτους
1225 1078 1275 1113 μὲν
1287 1078 1394 1105 κελεύει
1408 1078 1549 1113 διαξόροις
1564 1078 1688 1105 θανάτων
1700 1079 1811 1111 ἐπαγω-

1021 1125 1085 1158 γαῖς
1102 1123 1132 1156 ἐξ
1154 1123 1306 1159 ἀνθρώπων
1321 1125 1420 1157 ποιεῖν,
1445 1125 1492 1150 καὶ
1506 1125 1578 1150 οὕτω
1600 1123 1693 1159 χώραν
1709 1123 1809 1150 διδόναι

1021 1172 1082 1203 ταῖς
1107 1170 1255 1204 φυλακαῖς,
1282 1170 1393 1206 ἑτέρους
1420 1170 1448 1197 δὲ
1476 1169 1676 1204 συλλαμϐάνειν
1694 1170 1727 1196 τὰ
1739 1168 1810 1195 αὐτὰ

1023 1217 1200 1254 φρονοῦντας,
1211 1218 1258 1244 καὶ
1270 1218 1367 1252 πρῶτα
1380 1218 1429 1251 μὲν
1443 1218 1500 1247 τοῖς
1515 1216 1713 1251 δεσμωτηρίοις
1727 1216 1811 1250 ἔγκα-

1021 1263 1170 1296 τακλείειν,
1185 1263 1281 1290 ἔπειτα
1290 1263 1318 1290 δὲ
1335 1263 1374 1298 μὴ
1390 1263 1570 1298 πειθομένους
1596 1262 1626 1289 τὸ
1646 1263 1745 1288 οίκεῖον
1769 1262 1813 1295 ἑξ-

1024 1309 1158 1345 όμνυσθαι
1167 1309 1250 1340 σέὕας
1262 1310 1321 1340 ταῖς
1336 1308 1463 1344 βασάνοις
1476 1308 1669 1344 παραδιδόναι·
1690 1308 1811 1343 τοσαύτη

1024 1355 1174 1389 φιλονεικία
1186 1354 1224 1389 τῷ
1236 1354 1388 1389 παρανόμῳ
1400 1355 1471 1381 κατὰ
1483 1353 1667 1389 Χριστιανῶν.
1681 1353 1734 1380 Τοῦ
1748 1362 1812 1388 κρυ-

1024 1400 1093 1427 πτοῦ
1109 1400 1243 1435 τυράννου
1269 1398 1316 1426 τοῦ
1334 1399 1426 1426 κοινοῦ
1455 1399 1509 1426 τῶν
1526 1399 1698 1435 Χριστιανῶν
1712 1398 1809 1434 ἐχθροῦ

1025 1447 1130 1473 ἐκεῖνον
1159 1446 1368 1481 διερεθίζοντος,
1387 1447 1450 1478 τοὺς
1469 1446 1520 1481 μὲν
1538 1446 1634 1480 ἁγίους
1653 1445 1745 1472 πολλοὶ
1764 1445 1812 1473 καὶ

1026 1491 1145 1519 ποικίλοι
1160 1491 1278 1519 θανάτου
1293 1492 1389 1527 τρόποι
1404 1491 1593 1527 διεμερίζοντο
1603 1499 1611 1508 ο
1641 1492 1688 1517 καὶ
1699 1491 1745 1523 οὓς
1763 1492 1813 1526 μὲν

185 1531 214 1555 et
230 1527 306 1555 varia
322 1527 418 1556 mortis
430 1535 530 1563 genera
543 1533 607 1556 sunt
620 1528 762 1564 dispertita
775 1539 781 1557 :
796 1534 823 1556 ct
834 1529 901 1557 alios
912 1530 971 1566 qui-

1024 1538 1091 1573 πῦρ,
1106 1538 1153 1570 οὒς
1171 1537 1199 1564 δὲ
1214 1537 1296 1573 ὕδωρ,
1313 1537 1359 1569 οὓς
1372 1538 1400 1565 δὲ
1412 1538 1499 1572 ξίφος,
1515 1538 1600 1570 οὓςδὶ
1617 1538 1682 1565 ἄλλο
1697 1547 1722 1564 τι
1738 1537 1813 1573 παρὰ

187 1574 249 1602 dem
263 1574 343 1610 ignis,
360 1575 428 1602 alios
441 1582 507 1603 vero
523 1583 604 1611 aqua,
617 1575 684 1603 alios
698 1580 790 1604 autem
806 1576 891 1608 ensis,
904 1576 973 1604 alios

185 1629 253 1649 vero
270 1621 372 1657 aliquid
392 1621 467 1649 aliud
482 1629 515 1649 ex
528 1622 607 1649 novis
620 1621 675 1649 illis
692 1627 790 1657 praeter
804 1623 859 1650 hzec
878 1622 974 1650 iuven-

187 1667 222 1695 lis
235 1672 348 1701 repente
363 1672 391 1694 et
406 1668 434 1695 in
455 1675 509 1695 una
535 1673 615 1696 nocte
637 1675 734 1696 omnes
753 1668 972 1703 comprehendit.

219 1713 303 1741 XXII.
320 1713 469 1748 Martyrum
481 1717 573 1740 autem
589 1721 697 1747 amans,
708 1722 769 1749 quae
784 1714 842 1748 ipsa
863 1721 974 1749 quoque

184 1767 249 1786 mox
266 1764 370 1795 martyr
386 1764 446 1787 erat
461 1759 564 1792 futura,
577 1760 731 1792 Anastasia,
747 1767 809 1787 cum
822 1759 856 1787 de
870 1759 913 1787 his
931 1767 975 1787 re-

184 1805 313 1834 scivisset
328 1806 418 1842 (mane
439 1806 517 1834 enim
549 1806 717 1839 advenerat,
739 1814 772 1834 ex
794 1813 871 1834 more
894 1806 975 1834 solito

185 1853 341 1888 curatura),
358 1853 405 1880 ubi
424 1852 557 1880 intellexit
568 1860 686 1880 vacuum
706 1860 768 1881 esse
781 1860 931 1885 carcerem,
947 1857 975 1880 et

186 1905 279 1925 aerem
297 1897 422 1933 implevit
434 1897 648 1932 vociferatione,
672 1903 699 1926 et
725 1898 824 1926 uberes
848 1898 976 1934 lacrymaa

186 1943 290 1971 ﬂuxere
301 1951 336 1971 ex
353 1944 443 1972 oculis
458 1951 594 1980 :eamque
610 1944 784 1980 opprimebat
806 1944 933 1980 gemitus,
947 1949 975 1972 et

185 1989 345 2017 lacerabant
361 1990 489 2024 ejulatus.
509 1990 613 2026 Rogata
625 1997 691 2018 vero
707 1998 756 2017 cur
772 1989 861 2022 ﬂeret,
874 1990 919 2017 illa
933 1990 975 2017 ni-

187 2036 226 2063 hil
241 2036 338 2067 verita,
356 2043 448 2070 neque
461 2036 555 2064 volens
575 2044 636 2064 eSse
650 2040 787 2064 nocturna
810 2036 914 2064 Christi
931 2037 975 2064 di-

185 2082 301 2118 scipula,
313 2082 360 2110 sed
376 2082 477 2110 timens
491 2083 583 2118 potius
599 2091 633 2111 ne
649 2091 698 2118 pro
713 2090 747 2111 eo
762 2091 818 2111 non
834 2087 975 2118 pateretur

185 2135 238 2156 nec
255 2133 422 2160 moreretur,
433 2127 590 2156 vociferans
605 2128 674 2156 dixit
697 2137 704 2155 :
728 2128 828 2162 Qumro
852 2129 901 2156 Dei
920 2129 974 2156 mei

186 2182 291 2208 servos,
306 2174 353 2209 qui
368 2173 451 2202 modo
465 2179 544 2202 erant
559 2175 585 2202 in
597 2175 733 2202 custodia.
753 2174 901 2210 Postquam
922 2182 974 2202 au-

1024 1585 1111 1612 ταῦτα
1133 1585 1189 1611 τῶν
1214 1584 1319 1611 καινῶν
1349 1585 1455 1611 ἐκείνου
1489 1585 1684 1620 ἐξευρημάτων
1707 1583 1813 1619 ἀθρόως

1026 1627 1072 1654 καὶ
1084 1627 1113 1654 ὲν
1125 1627 1176 1663 μιᾷ
1188 1628 1267 1655 νυκτὶ
1282 1629 1387 1659 πάντας
1399 1626 1564 1663 ἐλάμϐανεν.

1061 1715 1125 1743 KB’.
1143 1714 1177 1742 Ἥ
1192 1714 1221 1741 δὲ
1244 1714 1418 1750 φιλόμαρτυς
1434 1715 1481 1742 καὶ
1505 1715 1569 1741 ὅσον
1584 1714 1660 1742 οὔπω
1676 1714 1724 1742 καὶ
1744 1715 1814 1752 αὑτὴ

1027 1760 1133 1795 μάρτυς
1156 1761 1323 1787 Ἀναστασία
1344 1759 1468 1795 γνωσθὲν
1485 1761 1554 1797 αὐτῇ
1567 1761 1601 1788 τὰ
1626 1762 1689 1797 περὶ
1713 1761 1814 1793 αὐτοὺς

1026 1805 1147 1840 (ἐπέστη
1162 1807 1216 1840 γὰρ
1232 1805 1296 1840 ἄρτι
1312 1806 1376 1840 περὶ
1400 1806 1450 1841 τὴν
1462 1806 1511 1839 ἓω,
1530 1806 1576 1833 τὸν
1594 1807 1697 1842 συνήθη
1712 1806 1814 1841 τρόπον

1025 1850 1137 1883 τούτους
1154 1851 1413 1887 ἑκθεραπεύουσα),
1433 1851 1470 1884 ὡς
1491 1852 1540 1888 τὴν
1556 1852 1670 1888 εἱρκτὴν
1691 1851 1814 1887 ἐμάνθα-

1026 1905 1071 1924 νεν
1087 1895 1159 1924 εἶναι
1176 1897 1269 1932 κενὴν,
1286 1897 1350 1933 βοῆς
1364 1906 1394 1925 τε
1419 1898 1466 1924 τὸν
1485 1898 1554 1933 ἀέρα
1569 1898 1689 1933 ἐπλήρου
1704 1899 1750 1924 καὶ
1768 1898 1815 1925 δά-

1026 1951 1110 1978 κρυον
1130 1943 1242 1978 δαψιλὲς
1259 1943 1314 1970 τῶν
1332 1943 1464 1978 ὀμμάτων
1487 1944 1631 1980 κατέρρεε,
1651 1945 1815 1979 στεναγμοῖς

1025 1996 1055 2014 τε
1072 1988 1212 2023 συνείχετο
1223 1988 1271 2015 καὶ
1288 1988 1416 2024 ὀδυρμοῖς
1428 1989 1570 2016 ἒκὸπτετο.
1593 1989 1774 2024 Ἐρωτωμένη
1784 1989 1814 2016 δὲ

1026 2033 1074 2069 τὴν
1090 2034 1181 2061 αίτίαν
1194 2034 1249 2060 τῶν
1261 2034 1400 2070 ὀδυρμῶν,
1415 2035 1508 2071 ἐκείνη
1522 2035 1609 2070 μηδὲν
1621 2035 1734 2062 δείσασα
1747 2035 1814 2071 μηδὲ

1027 2079 1171 2116 νυκτερινὴ
1189 2079 1329 2116 μαθήτρια
1353 2080 1500 2115 τυγχάνειν
1517 2080 1649 2107 ἐθέλουσα
1669 2080 1717 2107 τοῦ
1747 2081 1815 2116 Χρι-

1028 2125 1102 2158 στοῦ,
1117 2124 1188 2153 ἀλλὰ
1201 2124 1231 2152 τδ
1247 2126 1284 2160 μή
1297 2134 1323 2152 τι
1333 2125 1430 2153 παθεῖν
1445 2126 1546 2161 μᾶλλον
1561 2126 1629 2161 μηδὲ
1643 2126 1733 2152 θανεῖν
1745 2127 1815 2163 ὑπὲρ

1028 2171 1110 2199 αὐτοῦ
1121 2170 1270 2205 δεδοικυῖα,
1289 2171 1338 2198 σὺν
1355 2171 1417 2207 βοῇ,
1435 2172 1506 2204 Τοὺς
1523 2172 1570 2199 τοῦ
1584 2171 1653 2199 Θεοῦ
1672 2181 1735 2206 μου,
1750 2173 1816 2206 ἔφα-

188 2225 242 2248 tem
255 2219 451 2249 intellexerunt
467 2227 528 2248 eam
542 2227 603 2249 esse
617 2220 816 2253 Christianam,
833 2229 893 2248 eam
909 2229 972 2256 pro-

1030 2227 1089 2253 σκε,
1106 2217 1218 2250 δούλους
1229 2239 1237 2251 ,
1257 2218 1379 2254 ἐπιζητῶ
1393 2219 1456 2250 τοὺς
1473 2218 1537 2255 ἄρτι
1564 2220 1640 2255 παρὰ
1655 2222 1688 2256 τῇ
1706 2221 1814 2258 φυλακῇ

187 2267 262 2294 tinus
282 2265 516 2301 comprehensam
538 2265 677 2295 duxerunt
691 2266 726 2294 ad
750 2265 863 2294 Florum
881 2265 976 2301 praefe-

187 2318 264 2342 ctum
277 2311 388 2348 Illyrici,
404 2311 529 2341 dicentes
542 2319 550 2339 :
566 2312 725 2340 Invenimus
739 2312 809 2340 hanc
821 2311 932 2341 ﬂentem
947 2312 975 2340 in

185 2367 308 2394 carcere,
326 2365 354 2387 et
370 2366 434 2388 cum
449 2358 685 2387 intellexissemus
699 2366 761 2386 csse
775 2358 973 2391 Christianam,

185 2411 213 2434 et
226 2406 292 2434 ﬂere
308 2410 424 2441 propter
434 2404 618 2437 Christianos,
633 2411 694 2432 eam
705 2405 740 2432 ad
754 2409 831 2432 tuum
843 2404 976 2440 judiciale

186 2451 306 2480 tribunal
324 2451 502 2479 adduximus.
519 2450 588 2479 Cum
605 2457 671 2478 vero
689 2450 834 2486 praefectus
852 2457 913 2477 eam
936 2450 976 2477 in-

187 2501 434 2534 terrogassetcum
460 2496 667 2524 admiratione:
687 2495 727 2523 Tu
754 2503 822 2532 ergo
847 2503 877 2524 es
892 2495 976 2523 Chri-

186 2542 295 2571 stiana?
319 2543 364 2571 illa
389 2543 466 2572 clara
481 2550 549 2571 voce
564 2551 572 2570 :
586 2541 680 2576 Certe,
700 2542 801 2578 inquit,
818 2550 879 2570 sum
895 2542 976 2571 Chri-

185 2591 285 2618 stiana.
302 2589 370 2618 Nam
386 2590 460 2626 quod
475 2590 525 2618 tibi
543 2589 654 2618 videtur
669 2597 731 2617 esse
748 2597 834 2617 unum
849 2597 882 2616 ex
899 2589 976 2617 ncia-

186 2636 245 2669 riis,
264 2637 317 2665 hoc
346 2641 387 2664 est
413 2637 479 2664 mihi
497 2640 692 2665 ornamentum
709 2640 737 2663 et
759 2643 860 2664 nomen
881 2634 977 2670 praeei-

185 2691 281 2718 puum.

222 2731 320 2760 XXIII.
339 2731 487 2767 Postquam
503 2735 597 2759 autem
620 2731 666 2758 ille
683 2735 711 2758 et
726 2731 788 2758 vitae
802 2730 862 2766 ejus
878 2730 976 2758 condi-

188 2778 304 2810 tionem,
320 2783 348 2805 et
362 2777 491 2812 patriam,
506 2781 533 2804 et
545 2785 632 2811 genus
647 2776 766 2811 accepit,
780 2776 853 2811 quod
866 2777 977 2804 scilicet

185 2823 216 2853 in
231 2823 320 2851 veteri
336 2824 403 2850 urbe
421 2823 508 2851 Roma
523 2823 621 2850 illustri
641 2823 702 2850 loco
719 2828 792 2850 esset
807 2828 871 2850 nata
904 2823 976 2856 Quid

188 2869 379 2905 vero,vinquit,
394 2874 420 2897 te
435 2869 583 2905 persuasit.
596 2875 625 2896 ut
642 2869 757 2896 Romam
768 2870 878 2905 quidem
894 2870 977 2898 relin-

1026 2265 1117 2297 ὄντας.
1130 2265 1206 2292 Ἐπεὶ
1221 2265 1249 2292 δὲ
1261 2266 1429 2302 Χριστιανὴν
1440 2265 1510 2294 εἶναι
1527 2267 1632 2303 ταύτην
1648 2268 1813 2304 ἐμάνθανον,

1027 2312 1129 2339 αὐτίκα
1150 2311 1297 2348 συσχόντις
1323 2313 1392 2349 πρὸς
1412 2313 1520 2349 Φλῶρον
1551 2315 1597 2342 τὶν
1628 2314 1747 2351 ἐπαρχον
1767 2315 1814 2342 τοῦ

1034 2359 1184 2394 Ἰλλυρικοῦ
1210 2360 1386 2395 παρήγαγον,
1408 2360 1518 2395 Ταύτην
1535 2360 1663 2397 εὕρομεν,
1678 2362 1814 2396 λέγοντες,

1029 2406 1097 2442 πρὸς
1111 2407 1144 2441 τῇ
1163 2406 1272 2442 φυλακῇ
1290 2405 1449 2440 κλαίουσαν,
1474 2407 1522 2434 καὶ
1542 2408 1675 2443 μαθόντες
1690 2409 1730 2436 ὅτι
1748 2410 1814 2443 Χρι-

1029 2453 1126 2488 στιανὴ
1146 2452 1193 2479 καὶ
1215 2452 1389 2488 Χριστιανῶν
1408 2454 1489 2489 χάριν
1502 2454 1570 2489 αὐτῇ
1591 2454 1619 2480 τδ
1632 2454 1762 2490 δακρύειν
1776 2455 1815 2491 τῷ

1027 2497 1177 2534 δικαστικῷ
1197 2506 1244 2525 σου
1260 2498 1366 2534 βήματι
1390 2501 1613 2535 παρεστήσαμεν.
1650 2501 1679 2528 '0
1695 2500 1817 2536 ἔπαρχος

1027 2546 1118 2572 τοίνυν
1130 2545 1167 2577 ὡς
1180 2545 1264 2581 ἤρετο
1284 2546 1342 2582 μετ’
1360 2546 1520 2581 ἐκπλήξεως
1534 2554 1541 2561 ·
1562 2547 1598 2573 Σὺ
1621 2547 1648 2573 δὲ
1669 2547 1725 2582 ἄρα
1749 2547 1818 2582 Χρι-

1028 2591 1142 2626 στιανή;
1177 2590 1271 2626 ἐκείνη
1296 2591 1411 2627 λαμπρᾷ
1424 2593 1457 2627 τῇ
1479 2593 1568 2628 φωνῇ,
1585 2592 1640 2618 Ναὶ
1651 2592 1815 2627 Χριστιανὴ,

1027 2637 1079 2673 ἔφη
1092 2645 1099 2653 ·
1117 2639 1166 2664 καὶ
1194 2638 1249 2674 γὰρ
1265 2639 1332 2674 ὅπερ
1350 2639 1391 2665 σοὶ
1416 2638 1445 2665 ἐν
1464 2647 1488 2665 τι
1515 2639 1569 2665 τῶν
1590 2639 1729 2673 ἀθεμίτων
1745 2636 1816 2665 εἶναι

1027 2684 1112 2716 δοκεῖ,
1125 2683 1210 2710 ’τοῦτο
1224 2684 1286 2719 ἐμοὶ
1304 2684 1406 2717 κόσμος
1419 2685 1465 2711 καὶ
1477 2684 1563 2720 ὄνομα
1579 2685 1760 2720 κυριώτατον.

1065 2729 1129 2757 ΚΓ.
1155 2730 1233 2757 Ἐπεὶ
1253 2730 1281 2757 δὲ
1299 2730 1346 2757 καὶ
1361 2730 1446 2766 τύχην
1462 2732 1564 2762 ἐκεῖνος
1579 2733 1625 2758 καὶ
1637 2731 1686 2766 τὴν
1703 2733 1817 2763 ἐνεγκα-

1030 2778 1115 2812 μένην
1128 2780 1175 2804 tui
1184 2777 1215 2805 τὸ
1230 2778 1308 2812 γένος
1324 2778 1461 2813 ἐμάνθανε
1479 2780 1525 2805 καὶ
1543 2779 1584 2805 ὅτι
1599 2779 1648 2814 τῆς
1665 2777 1816 2814 πρεσϐυτέ-

1031 2832 1081 2859 ρας
1102 2824 1211 2859 Ῥώμης
1223 2825 1282 2851 ὲστὶ
1295 2825 1406 2852 καὶτῶν
1423 2826 1581 2860 ἐπισήμων,
1599 2825 1632 2851 Τί
1653 2823 1699 2852 οἷν
1713 2825 1742 2851 τὸ
1756 2824 1817 2851 πεῖ-

1029 2879 1089 2904 σαν,
1118 2871 1194 2903 αὖθις
1223 2872 1317 2906 εἴρηκε
1347 2872 1416 2908 πρὶς
1441 2872 1536 2906 αὐτὴν,
1557 2872 1606 2908 τὴν
1633 2872 1682 2906 μὲν
1703 2870 1815 2906 Ῥώμην
