2060 3153
183 208 234 238 595

796 210 936 240 MENSIS
960 211 1172 240 DECEMBER.

1754 210 1806 240 59$

178 263 265 296 cium,
278 263 417 298 quomodo
430 268 507 299 pater
526 269 589 292 tuus
605 266 716 299 obtulit,
731 267 776 294 sed
800 267 834 294 iis
856 267 964 299 relictis,

1021 269 1078 302 γεῖν
1092 268 1163 298 Θεοῖς
1176 268 1206 294 ὃν
1225 268 1326 302 τρόπον
1343 268 1389 294 καὶ
1406 268 1420 294 ὁ
1433 267 1478 298 σὸς
1490 265 1610 301 προσῆγε
1629 264 1729 299 πατὴρ,
1740 265 1808 291 ἀλλὰ

178 308 245 336 colis
259 308 409 343 Christum,
427 317 508 344 quem
526 310 616 337 nescis
633 316 661 339 et
677 320 710 339 ex
724 312 827 340 Juda-is
851 318 945 340 natum
959 334 966 345 ,

178 359 204 382 et
221 355 255 381 ab
269 354 303 382 iis
324 355 390 390 ipsis
406 360 536 390 tanquam
550 357 705 384 maleficum
718 358 752 385 de
767 358 858 385 medio
875 359 968 386 subla-

179 400 250 427 tum?
258 399 402 428 Anastasia
420 406 511 429 autem
527 403 687 437 respondit:
702 403 758 438 Ego
771 404 837 431 deos
849 409 878 431 et
889 404 965 437 deas,

175 452 246 480 quos
262 449 290 473 tu
305 446 384 480 dicis,
402 447 525 474 colcbam
549 448 715 482 aliquando;
742 457 814 477 nunc
838 457 904 477 vero
922 457 966 477 re-

174 491 258 518 ctiori
274 498 402 528 suscepta
417 494 565 526 sententia,
584 502 632 521 eos
649 495 759 530 quidem
777 496 812 524 ab
831 497 898 531 ipsis
915 497 967 524 im-

176 537 273 568 positis
294 538 402 565 araneis
416 543 444 566 et
460 538 567 571 avibus,
583 547 644 574 qua:
656 548 704 567 eos
721 541 877 570 adiciebant
892 543 966 578 inju-

175 582 225 613 ria.
243 587 270 610 et
293 591 308 611 a
323 585 425 614 muscis
440 592 501 619 quae
519 586 546 612 in
565 586 605 613 eis
623 586 784 615 habitabant
796 609 803 620 ,
827 588 964 622 liberans,

176 628 230 662 igni
251 629 352 657 tradidi
371 638 377 656 :
396 635 424 658 et
449 639 513 659 cum
532 631 572 659 sie
585 639 633 660 eos
653 634 852 663 convertissem
867 636 893 663 in
915 643 964 670 pe-

176 675 283 707 cunias.
296 676 394 704 satiavi
412 677 561 705 multorum
574 683 684 706 ventres
694 680 857 713 esurientes,
868 685 895 708 et
905 681 967 710 aliis

177 721 321 756 egentibus
333 723 438 757 praebui
455 724 517 751 vita:
534 724 711 753 adminicula.
735 725 834 761 Sicque
854 735 887 754 ea
905 736 966 762 quae

178 765 245 792 nulli
259 771 340 793 erant
357 767 428 798 usui,
461 768 539 795 cil‘eei
558 774 587 796 ut
608 777 662 797 non
686 776 779 798 essent
797 772 894 803 otiosa,
917 773 965 800 sed

177 811 258 838 valde
273 812 359 839 utilia.
377 812 527 841 Praefectus
551 819 644 842 autem
667 816 758 843 statim
784 825 844 844 cum
869 825 965 852 magna

178 857 329 885 acerbitate
347 865 353 883 :
371 858 404 885 At
418 866 479 894 ego,
498 859 596 894 inquit,
615 869 667 888 non
690 862 788 896 patiar,
809 868 838 890 ut
855 863 906 890 hoc
920 872 964 892 sa—

180 903 313 938 crilegum
342 904 448 932 facinus
472 914 507 933 ne
527 907 640 934 auribus
667 909 777 943 quidem
802 910 962 944 accipiatur.

180 948 331 976 Subridens
346 958 411 978 vero
427 955 549 987 martyr:
567 953 668 988 ingenii
685 956 721 981 tui
739 963 854 983 acumen
870 957 959 983 admi-

181 1001 239 1028 ror,
266 1003 282 1022 0
297 996 393 1031 judex,
411 998 485 1032 quod
509 999 580 1026 hanc
604 1008 661 1027 rcm
684 1009 763 1028 voces
778 1003 962 1037 sacrilegium.

180 1040 209 1068 Si
227 1043 301 1068 enim
319 1042 392 1070 ullus
409 1051 516 1076 sensus.
533 1050 579 1072 aut
597 1046 649 1072 ulla
666 1047 705 1073 vis
721 1053 793 1075 esset
810 1050 837 1074 in
853 1048 895 1075 bis
908 1049 963 1076 ina-

179 1086 271 1120 nimis,
285 1088 351 1122 quid
371 1089 502 1122 obstaret,
514 1091 660 1125 quominus
673 1093 736 1124 sibi,
750 1093 814 1120 dum
831 1094 964 1129 frangun—

179 1136 225 1159 tur
236 1136 265 1160 et
273 1134 476 1169 convelluntur,
488 1141 516 1163 et
526 1136 579 1163 alia
595 1138 747 1172 patiuntur,
759 1146 837 1173 opem
850 1139 964 1173 ferrent,

178 1182 207 1206 et
223 1186 271 1207 eos
296 1180 342 1215 qui
369 1180 522 1216 insultant,
550 1183 757 1217 ulciscerentur,
778 1190 826 1212 aut
843 1186 964 1213 alienum

178 1226 275 1253 saltem
287 1231 315 1254 et
326 1233 451 1256 vestrum
464 1234 529 1256 tunc
542 1229 721 1264 implorarent
730 1231 877 1259 auxilium?
887 1233 966 1260 Nune

177 1274 269 1298 autem
287 1279 322 1299 ne
341 1272 393 1301 hoc
406 1272 496 1309 ipsum
509 1274 620 1308 quidem
634 1277 725 1303 sciunt
739 1283 833 1312 aperte
851 1285 880 1305 se
898 1279 964 1313 pati.

177 1316 334 1345 Orationem
344 1327 408 1346 vero
422 1319 627 1355 interrumpens
643 1322 786 1356 praefectus
802 1332 809 1350 :
825 1324 967 1352 Divinissi—

178 1370 249 1394 mus,
264 1363 364 1398 inquit,
377 1370 471 1392 noster
481 1367 630 1400 imperator
641 1367 730 1401 jussit,
745 1374 773 1396 ut
789 1369 842 1396 alia
854 1370 964 1404 quidem

175 1407 303 1443 iuberem
318 1410 419 1442 valere,
451 1410 503 1437 hoc
515 1416 606 1438 autem
619 1413 708 1440 solum
724 1413 854 1448 facerem,
866 1424 965 1451 nempe

179 1460 208 1481 ut
223 1455 266 1482 vel
281 1456 478 1490 persuaderetur
503 1462 532 1484 ut
560 1459 739 1492 sacriﬁcares,
752 1465 799 1489 aut
814 1465 841 1489 tu
862 1463 964 1498 alioqui

178 1501 249 1528 male
264 1502 378 1536 pcrEres.

213 1637 305 1667 XXVI.
337 1639 484 1674 Postquam
507 1648 574 1668 vero
590 1641 658 1668 dixit
681 1647 794 1677 martyr,
819 1650 873 1670 non
902 1650 962 1670 esse

177 1684 277 1718 perire,
294 1686 363 1712 mori
384 1692 494 1721 propter
516 1687 667 1720 Christum,
693 1688 740 1715 sed
763 1689 845 1716 vitam
873 1689 963 1724 potius

178 1735 309 1758 emeritam
336 1731 452 1759 ﬁrmiter
478 1733 687 1767 apprehendere
708 1743 716 1761 ι
737 1743 799 1761 eum
819 1735 965 1770 praefectus

179 1783 275 1803 rursus
291 1777 423 1804 movisset
436 1778 522 1805 multa
544 1780 690 1806 verborum
707 1781 843 1813 exantim,
862 1782 963 1809 multos

178 1826 271 1848 autem
290 1827 379 1850 metus
393 1827 474 1858 atque
491 1825 560 1851 adeo
572 1825 657 1858 ipsam
671 1830 786 1853 mortem
798 1827 824 1853 ei
838 1828 960 1862 redegis-

178 1872 220 1894 set
246 1868 274 1895 in
300 1869 470 1899 memoriam.
497 1869 543 1896 ubi
559 1869 627 1896 vidit
643 1878 703 1897 eam
718 1872 810 1899 omnia
834 1880 867 1899 ex
882 1881 960 1908 aequo

178 1914 328 1947 ridentem,
354 1915 447 1942 omnia
473 1923 570 1944 rursus
596 1916 679 1944 refert
703 1917 737 1944 ad
756 1918 961 1952 imperatorem.

178 1960 293 1995 Propter
310 1969 371 1996 qua:
384 1969 446 1989 cum
463 1962 508 1990 ille
524 1962 622 1990 fuisset
636 1963 722 1998 magis
737 1964 770 1991 ad
783 1965 853 1992 iram
867 1966 965 1994 incita-

177 2012 232 2038 tus,
249 2012 276 2035 et
287 2008 416 2042 quidnam
432 2009 464 2036 de
479 2017 510 2036 ea
531 2014 673 2044 oporteret
699 2011 770 2044 fieri,
789 2012 962 2046 deliberaret,

178 2054 285 2082 accedit
298 2055 399 2089 aliquis
412 2063 444 2081 ex
462 2056 495 2083 iis
504 2056 552 2090 qui
566 2064 630 2084 cum
645 2065 679 2085 eo
694 2059 885 2093 versabantur,
899 2065 927 2088 et
938 2061 964 2088 ei

177 2100 323 2127 studebant
341 2101 500 2135 gratificari,
512 2107 539 2129 et
553 2110 559 2128 :
576 2102 656 2136 Jube,
670 2103 767 2138 inquit,
777 2112 794 2131 0
807 2105 965 2140 imperator,

177 2153 237 2172 eam
255 2146 324 2173 tradi
343 2146 457 2180 Ulpiano
475 2147 598 2181 pontiﬁci
613 2147 753 2183 Capitolii.
775 2150 806 2178 Ei
829 2151 903 2178 enim
922 2153 965 2180 vel

177 2191 297 2218 maxime
312 2199 385 2219 cura:
398 2193 462 2224 erit,
477 2198 506 2220 ut
520 2194 566 2227 qui
583 2194 618 2221 sit
638 2194 753 2222 deorum
778 2196 898 2230 pontifex
909 2217 916 2229 ,
935 2203 963 2224 et

176 2237 220 2264 vel
241 2239 355 2266 omnino
371 2239 562 2273 persuadebit,
578 2240 621 2267 vel
645 2241 822 2268 acerbissime
847 2242 966 2276 puniens

1017 314 1130 345 τούτους
1149 313 1322 340 ἀπολιποῦσα
1350 314 1417 349 σέῆῃ
1442 312 1572 348 Χριστὸν,
1592 312 1622 338 ὃν
1641 311 1692 337 οὐκ
1715 309 1808 344 οἶδας,

1018 359 1161 394 ἄνθρωπον
1180 361 1256 395 παρά
1279 360 1419 391 Ἰουδαίοις
1441 368 1471 386 τε
1494 359 1658 393 γεννηθέντα
1673 357 1720 384 καὶ
1739 357 1806 392 παρ’

1017 407 1107 432 αὐτῶν
1127 406 1239 433 ἐκείνων
1264 404 1308 433 οἷα
1324 405 1481 440 κακοῦργον
1499 404 1696 440 ἀναιρεθέντα;
1716 405 1772 430 Καὶ
1790 404 1807 439 ἡ

1024 452 1191 479 Ἀναστασία
1201 460 1207 468 ·
1233 452 1302 486 Ἐγὼ
1320 452 1399 483 θεοὺς
1419 451 1466 482 οὒς
1479 451 1567 484 λέγεις
1578 450 1659 481 αὐτὸς
1673 450 1722 476 καὶ
1742 449 1808 481 θεὰς

1018 498 1092 533 ἥμην
1108 499 1174 525 ποτὲ
1190 498 1310 533 τιμῶσα,
1326 498 1408 534 ἡνίκα
1423 506 1468 532 μοι
1487 497 1620 532 νηπιῶδες
1631 497 1678 522 καὶ
1688 496 1719 522 τι
1736 504 1805 530 φρο-

1017 546 1073 571 νεῖν
1089 543 1139 580 ἦν·
1162 545 1210 571 νῦν
1236 545 1265 572 δὲ
1282 544 1457 580 βεϐαιοτέρου
1488 543 1662 578 φρονήματος
1680 541 1809 568 ἐπιλαϐο-

1019 591 1098 626 μένη,
1114 590 1226 622 τούτους
1242 591 1293 625 μὲν
1305 591 1360 618 τῶν
1375 590 1558 624 ἐπικειμένων
1567 588 1666 619 αὐτοὺς
1680 586 1807 623 ἀραχνῶν

1018 633 1130 660 καὶτῶν
1147 634 1346 670 ἐξυϐριζόντων
1357 634 1398 666 εἰς
1414 634 1514 664 αὐτοὺς
1531 633 1634 666 ὀρνέων
1652 632 1706 658 τῶν
1735 632 1806 658 ἐνοι-

1019 679 1140 707 κούντων
1158 689 1187 706 τε
1213 681 1307 712 αὐτοῖς
1325 680 1401 715 μυῶν
1415 679 1627 706 ἀπαλλάττουσι
1643 679 1710 712 πυρὶ
1727 677 1809 704 δέδω-

1018 735 1063 758 κα,
1077 727 1126 753 καὶ
1152 726 1240 757 οὕτως
1260 727 1299 758 είς
1321 727 1451 761 χρήματα
1480 725 1672 760 μεταϐαλοῦσα
1700 724 1807 750 πολλῶν

1016 772 1153 804 πεινώσας
1165 773 1302 807 γαστέρας
1315 772 1493 807 ἐμπέπληκα,
1507 772 1552 798 καὶ
1569 771 1707 805 δεομένοις
1718 770 1807 801 ἀλλοες

1015 818 1064 849 τὰς
1080 818 1147 853 πῷς
1174 818 1224 853 ζῇν
1252 818 1380 852 ἀφορμὰς
1399 817 1549 851 παρέσχον,
1577 816 1663 851 ταύτῃ
1689 815 1724 841 τὰ
1738 815 1810 850 πρὸς

1015 865 1092 890 οὐδὲν
1120 865 1255 899 χρήσιμον
1286 863 1465 890 συντελοῦντα
1496 863 1594 897 ἐνεργᾶ
1623 862 1728 897 σφόδρα
1758 861 1807 887 καὶ

1016 910 1133 945 χρειώδη
1171 910 1298 944 γενέσθαι
1324 910 1568 945 παρασκευάσασα.
1594 907 1807 942 Καὶόὲτεαρχος

1016 956 1116 982 αὐτίκα
1135 956 1204 990 μετά
1220 956 1322 990 πολλῆς
1336 956 1402 989 ὅσης
1417 956 1467 990 τῆς
1485 954 1649 989 αὐστηρίας,
1674 953 1744 979 Ἀλλ’
1756 953 1807 988 οὐχ

1018 1002 1156 1036 ὑπομενῶ,
1189 1002 1252 1036 ἔφη,
1269 1002 1319 1037 τὴν
1351 1001 1489 1036 ἱερόσυλον
1515 1000 1618 1035 ταύτην
1641 999 1740 1034 πρᾶξιν
1750 998 1810 1033 ἐγὼ

1015 1048 1077 1075 οὐδὲ
1094 1049 1149 1078 τοῖς
1161 1049 1230 1074 ὠσὶν
1250 1048 1377 1074 ἀκοῦσαι.
1391 1047 1557 1081 Μ;ιὸιάματι
1577 1045 1606 1072 δὲ
1620 1047 1636 1081 ἡ
1655 1046 1759 1080 μάρτυς
1770 1044 1806 1072 τὰ

1016 1095 1091 1129 χείλη
1112 1095 1302 1127 διακινήοασα.
1324 1093 1448 1128 Ἀγαμαί
1469 1102 1498 1120 σε
1514 1094 1564 1128 τῆς
1577 1092 1806 1128 ἀγχινοίας,ἐφη,

1016 1138 1038 1167 ὧ
1048 1141 1172 1172 δικαστίι,
1189 1141 1286 1175 ὅτιπερ
1303 1140 1459 1175 ἱεροσυλίαν
1474 1140 1505 1166 τὸ
1522 1141 1640 1175 πρᾶγμα
1654 1139 1759 1170 καλεῖς.
1773 1138 1806 1165 El

1016 1188 1070 1222 γάρ
1083 1196 1126 1219 τις
1143 1187 1271 1222 αἴσθησις
1284 1189 1314 1214 ὲν
1324 1188 1380 1218 τοῖς
1398 1186 1514 1221 ἀψύχοις
1538 1185 1644 1216 τούτοις
1658 1185 1674 1219 ἢ
1688 1184 1807 1218 δύναμις

1015 1231 1060 1268 ἦν,
1076 1233 1101 1259 τί
1115 1232 1218 1259 ἐκώλυε
1234 1232 1459 1267 κατακλωμένοις
1483 1232 1575 1262 αὐτοῖς
1589 1231 1636 1257 καὶ
1653 1238 1801 1257 κατασπω-

1017 1279 1109 1314 μὶνοις
1130 1280 1178 1305 καὶ
1193 1279 1278 1306 τᾶλλα
1293 1278 1473 1313 πάσχουσινῆ
1492 1279 1600 1308 ἑαυτοῖς
1623 1277 1733 1312 βοηθεῖν
1755 1276 1804 1303 καὶ

1014 1325 1078 1355 τοὺς
1090 1324 1327 1358 ἐμπαροινοῦντας
1342 1323 1509 1358 ἀμύνασθαι,
1525 1323 1541 1357 ἦ
1554 1322 1620 1356 γοῦν
1634 1323 1697 1354 τοὺς
1706 1322 1804 1353 ἄλλους

1016 1369 1124 1400 πάντως
1135 1369 1208 1403 ὑμᾶς
1218 1368 1287 1403 πρὸς
1298 1368 1404 1402 ἄμυναν
1421 1369 1490 1400 τέως
1505 1367 1706 1403 ἐπιϐοήσασθαι
1717 1376 1724 1399 ;
1735 1367 1805 1393 Νυνὶ

1015 1415 1043 1441 δὲ
1058 1415 1114 1441 οὐδ’
1131 1415 1196 1441 αὐτὸ
1213 1414 1294 1440 τοῦτο
1311 1414 1454 1450 ἄντικρυς,
1473 1415 1512 1440 ὅτι
1529 1414 1690 1448 πάσχουσιν,
1703 1413 1803 1440 ἴσασιν.

1023 1460 1158 1495 Ἐγκάψας
1175 1460 1202 1486 δὲ
1230 1460 1276 1487 τὸν
1303 1460 1383 1493 λόγον
1410 1461 1424 1486 ὀ
1456 1460 1587 1494 ἔπαρχος,
1621 1460 1652 1486 '0
1667 1458 1806 1490 θειότατος

1015 1506 1094 1542 ἡμῶν
1108 1506 1243 1541 βασιλεὺς,
1261 1505 1325 1541 ἔψη,
1344 1505 1427 1534 τᾶλλα
1447 1506 1496 1541 μὲν
1520 1505 1627 1541 χαίρειν
1649 1506 1707 1540 ἐᾷν,
1723 1504 1805 1531 τοῦτο

1014 1552 1042 1578 δὲ
1060 1552 1140 1588 μόνον
1158 1553 1287 1588 πράττειν
1314 1553 1469 1584 ἐκέλευσεν,
1507 1552 1523 1587 ἦ
1544 1552 1625 1579 θῦσαι
1649 1553 1706 1583 τοῖς
1731 1551 1803 1583 θεοῖς

978 1610 998 1638 c
1016 1599 1186 1632 πεισθεῖσαν,
1200 1599 1217 1634 ἢ
1237 1599 1332 1630 κακῶς
1349 1598 1510 1626 ἀπολέσθαι.

1050 1646 1123 1679 Κςν.
1142 1645 1219 1672 Ἐπεὶ
1231 1645 1260 1672 δὲ
1274 1646 1292 1680 ἡ
1309 1645 1425 1680 μάρτυς,
1449 1645 1506 1672 Οὐκ
1523 1645 1597 1671 ἔστιν
1611 1645 1760 1672 ἀπολέσθαι
1774 1645 1806 1671 τὸ

1013 1692 1056 1718 διὰ
1082 1692 1199 1727 Χριστὸν
1214 1692 1372 1724 ἀποθανεῖν,
1401 1691 1505 1725 Ελιγεν,
1533 1691 1602 1718 ἀλλὰ
1616 1692 1688 1726 ζωῆς
1705 1691 1806 1726 μᾶλλον

1015 1739 1124 1764 αἰωνίου
1155 1738 1272 1773 βεϐαίως
1301 1737 1506 1768 ἀντιλαϐέσθαι,
1531 1737 1647 1768 πολλοὺς
1664 1739 1710 1764 καὶ
1725 1736 1805 1768 αὖθις

1015 1785 1130 1819 κινήσας
1152 1785 1166 1810 ὁ
1194 1784 1286 1818 ἄρχων
1305 1784 1394 1817 λόγων
1414 1783 1526 1817 ἐσμοὺς,
1545 1783 1651 1810 πολλῶν
1664 1783 1694 1810 δὲ
1713 1783 1804 1817 φάὸων

1015 1831 1062 1857 καὶ
1073 1829 1157 1856 αὐτοῦ
1171 1830 1332 1864 ὑπομνήσας
1345 1829 1475 1861 θανάτου,
1493 1829 1555 1855 ἐπεὶ
1578 1829 1688 1856 πάντων
1706 1830 1804 1864 ἐπίσης

1015 1877 1088 1911 ἑώρα
1106 1875 1315 1909 καταγελὼσαν,
1339 1876 1471 1910 ἀναφέρει
1489 1875 1538 1902 καὶ
1556 1873 1635 1906 αὖθις
1661 1875 1750 1902 πάντα
1765 1874 1804 1909 τῷ

1017 1923 1132 1957 βασιλεῖ’
1148 1919 1242 1957 ἐερ⁴οἶς
1258 1921 1364 1948 ἐκείνου
1383 1920 1485 1955 μᾶλλον
1505 1922 1545 1953 εἰς
1565 1920 1651 1956 ὀργὴν
1670 1921 1804 1955 ὑποκινηε

1016 1970 1121 2000 θέντος,
1137 1969 1184 1995 καὶ
1199 1968 1224 1994 τί
1244 1967 1299 1994 δέοι
1310 1968 1442 2001 πράττειν
1458 1967 1501 1993 ἐπ’
1518 1967 1587 2002 αὐτῇ
1601 1966 1804 2000 διασκεπτομέ-

1015 2024 1071 2046 νου,
1088 2013 1216 2049 πρόσεισί
1239 2023 1281 2045 τις
1301 2014 1355 2040 τῶν
1383 2014 1518 2039 συνόντων
1538 2012 1586 2038 καὶ
1603 2012 1765 2047 χαρίζεσθαί
1778 2013 1803 2038 οἱ

1014 2060 1057 2086 διὰ
1072 2059 1191 2093 σπουδῆς
1204 2058 1366 2093 τιθεμένων,
1384 2058 1444 2090 καὶ,
1462 2057 1608 2088 Κέλευσον,
1624 2053 1747 2091 (priami)
1758 2056 1808 2092 βα-

1017 2106 1103 2138 σιλεῦ,
1119 2104 1264 2140 Οὐλπιανῷ
1290 2104 1392 2139 ταύτην
1417 2104 1456 2139 τῷ
1473 2104 1597 2138 ἀρχιερεῖ
1611 2103 1659 2130 τοῦ
1683 2111 1807 2129 καπιτω-

1016 2152 1073 2178 λίου
1086 2151 1284 2186 παραδοθῆναι.
1297 2151 1393 2185 Τούτῳ
1405 2150 1459 2185 γὰρ
1472 2150 1518 2176 καὶ
1532 2149 1650 2184 μάλιστα
1660 2149 1697 2181 ὡς
1713 2150 1807 2184 ἀρχιτ-

1018 2200 1060 2234 psi
1075 2200 1128 2225 τῶν
1143 2197 1213 2225 θεῶν
1234 2197 1359 2232 μελήσει,
1377 2197 1425 2223 καὶ
1440 2196 1456 2231 ἢ
1478 2195 1570 2222 πείσει
1584 2196 1705 2227 πάντως,
1723 2196 1739 2229 ῆ
1761 2204 1809 2221 πιο

1018 2243 1138 2278 κρότατα
1151 2242 1358 2279 τιμωρούμενος
1371 2243 1530 2276 ἀναιρήσει,
1546 2241 1596 2277 τὴν
1610 2241 1640 2268 δέ
1653 2249 1684 2275 γε
1697 2249 1809 2276 περιου-

178 2283 257 2311 tollet
272 2283 306 2311 dc
320 2284 429 2316 medio;
453 2292 550 2313 onmes
575 2291 665 2314 autem
689 2288 750 2322 ejus
774 2287 927 2321 facultates,
943 2289 964 2316 si

1021 2290 1083 2316 σίαν
1096 2289 1181 2324 αὐτῆς
1197 2290 1300 2320 πᾶσαν,
1318 2288 1345 2314 εἴ
1360 2296 1400 2319 τις
1421 2288 1476 2323 ἄρα
1491 2288 1538 2314 καὶ
1551 2287 1754 2318 ὑπολέλειπται,
1767 2287 1807 2321 τῷ

178 2329 262 2357 modo
287 2329 342 2357 sint
360 2329 421 2357 ulla:
436 2331 559 2366 reliquae,
585 2332 721 2359 dedicabit
739 2331 884 2368 Capitolio.
903 2335 966 2362 Pla-

177 2384 296 2407 cuerunt
310 2379 368 2406 haec
388 2379 557 2414 imperatori,
588 2385 616 2409 et
633 2388 714 2416 prout
730 2382 819 2410 fuerat
836 2383 966 2415 monitus,

179 2425 312 2453 accersito
329 2425 456 2459 Ulpianu,
472 2433 532 2453 eam
545 2427 569 2454 ei
592 2427 686 2454 tradit.
701 2427 748 2455 [Ile
770 2435 834 2456 vero
860 2428 967 2456 faciens

179 2471 319 2499 diversum
345 2471 380 2497 ab
404 2471 553 2506 asperitate
577 2472 751 2506 imperatoris
769 2478 852 2506 ,astu
875 2479 966 2501 autem

180 2518 271 2552 potius
294 2525 323 2545 se
342 2525 403 2544 eam
429 2524 490 2545 esse
508 2523 716 2553 superaturum,
734 2525 761 2546 et
776 2519 800 2546 ei
818 2527 962 2554 persuasu-

180 2571 240 2590 rum
259 2562 410 2595 confidens,
429 2570 489 2590 eam
512 2563 662 2591 honoritice
677 2564 789 2592 abducit
804 2564 832 2590 in
855 2564 966 2590 domum

182 2616 271 2636 suam.

217 2652 324 2680 XXVII.
343 2654 376 2680 Et
393 2653 511 2688 primurn
527 2653 638 2688 quidem
656 2654 749 2681 multis
766 2654 853 2689 iisque
871 2656 967 2690 proba-

180 2697 283 2726 bilibus
299 2699 390 2727 verbis
402 2719 409 2732 ,
435 2708 483 2735 [er
499 2699 626 2728 auditum
644 2700 847 2735 quodammodo
875 2701 967 2728 infun-

181 2744 247 2772 dere
262 2753 399 2772 venenum
413 2745 606 2773 contendebat.
619 2745 722 2773 Deinde
735 2746 817 2773 etiam
831 2754 878 2780 per
889 2754 968 2781 aspe-

183 2794 256 2816 ctum
271 2791 397 2818 adhibuit
415 2791 604 2826 deceptioncm
617 2813 623 2823 ,
638 2792 716 2819 valde
732 2793 852 2825 improbe
868 2798 893 2819 ct
913 2801 968 2818 ma-

183 2836 273 2864 litiose
289 2845 430 2870 oppuncns
444 2839 581 2864 contraria
594 2839 757 2865 contrariis:
777 2839 840 2864 hinc.
856 2839 966 2872 quidem

185 2883 304 2909 mundos
322 2883 470 2910 muliebres
489 2884 644 2910 luculentus
668 2889 695 2910 et
719 2889 905 2918 sumptuosos,
935 2884 968 2910 il-

184 2930 239 2958 linc
266 2935 357 2957 autem
381 2937 461 2956 omne
486 2938 571 2964 genus
600 2934 752 2963 tormenta;
783 2930 846 2956 hinc
865 2930 967 2964 lapides

1022 2335 1180 2369 καπιτωλίῳ
1207 2335 1352 2369 ἁνάθηται.
1383 2334 1503 2369 ἼΙρεσκε
1530 2332 1670 2367 ταῦτατῷ
1689 2333 1806 2368 βασιλεῖ,

1022 2382 1068 2408 καὶ
1084 2381 1154 2407 κατὰ
1167 2382 1215 2411 τὰς
1229 2381 1372 2415 ὑποθήκας
1399 2379 1551 2406 Οὐλπιανὸν
1570 2379 1687 2410 καλέσας
1703 2379 1805 2412 ταύτην

1022 2426 1096 2462 αὐτῷ
1111 2427 1305 2462 παραδίδωσιν.
1330 2427 1359 2452 '0
1375 2426 1402 2452 δὲ
1418 2427 1466 2459 τῆς
1484 2425 1617 2460 βασιλέως
1634 2425 1805 2460 τραχύτητος

1021 2473 1178 2499 τούναντίον
1201 2472 1298 2506 ποιῶν,
1314 2473 1445 2507 δεινότητι
1468 2472 1496 2498 δὲ
1515 2471 1616 2506 μᾶλλον
1630 2472 1811 2508 περιέσεσθαι

1023 2521 1069 2545 καὶ
1085 2520 1178 2546 πεῖσαι
1205 2519 1314 2554 θαρρῶν
1336 2519 1384 2545 σὺν
1398 2519 1465 2553 τιμῇ
1491 2518 1592 2553 ταύτην
1607 2520 1646 2549 εἰς
1663 2518 1708 2544 τὸν
1726 2517 1810 2543 αὐτο]

1022 2561 1096 2590 οἷκον
1109 2563 1225 2596 ἀπάγει.

1058 2655 1121 2682 ΚΖ’.
1134 2655 1188 2680 Καὶ
1205 2654 1303 2688 πρῶτα
1322 2653 1371 2688 μὲν
1387 2653 1495 2683 πολλοῖς
1515 2653 1561 2678 καὶ
1584 2652 1705 2684 πιθα-,οῖς
1720 2652 1809 2686 λύγοις

1022 2702 1065 2729 διὰ
1078 2702 1126 2736 τῆς
1141 2701 1226 2735 ἀκοῆς
1237 2699 1331 2734 ὥσπερ
1347 2700 1493 2734 κατασχεῖν
1505 2700 1668 2732 ἐφιλονλκει
1684 2699 1714 2724 τὸ
1728 2698 1810 2733 δηλη-

1022 2748 1132 2782 τήριον·
1152 2744 1212 2773 εἶτα
1234 2745 1281 2772 καὶ
1297 2745 1330 2772 δι’
1357 2745 1447 2779 ὅψεως
1473 2745 1522 2780 τὴν
1550 2746 1659 2779 ἀπάτην
1686 2745 1808 2779 προσῆγε

1024 2793 1124 2828 σφόδρα
1142 2792 1313 2826 κακοτέχνως
1337 2792 1370 2817 τὰ
1394 2791 1503 2817 ἐναντία
1518 2792 1572 2821 τοῖς
1588 2790 1718 2821 ἐναντίοις
1735 2790 1809 2815 ἀντι·

1023 2840 1122 2870 τιθείς·
1141 2839 1217 2865 ἕιθεν
1236 2839 1286 2873 μὲν
1299 2837 1472 2871 γυναικείους
1483 2838 1603 2871 κόσμους
1623 2836 1748 2867 εὐανθεῖς
1761 2836 1809 2862 καὶ

1024 2883 1192 2915 πκλυτελεῖς,
1210 2881 1315 2907 ἐκεῖθεν
1327 2881 1354 2906 δὲ
1367 2881 1526 2907 παντώαπὰ
1543 2881 1751 2915 στρεϐλωτήρια
1764 2879 1810 2906 καὶ

1027 2930 1153 2956 πγκίὶιυν
1179 2929 1283 2964 ὅρκιανα
1315 2926 1544 2962 βασανιστηρίων,
1567 2927 1642 2952 ἔνθεν
1663 2925 1752 2957 λίθους
1770 2934 1812 2951 τι-
