2060 3153
294 188 347 220 €07

910 189 1052 220 MENSIS
1078 188 1204 219 DECEM
1210 189 1295 220 BER.

1867 193 1881 224 ί
1885 193 1922 226 08

290 243 368 274 dixit.
386 242 438 269 hoc
452 249 563 277 quoque
583 243 677 270 datum
697 251 757 271 csse
771 252 786 270 a
800 244 916 271 Domino
930 243 1071 271 animabus

1130 244 1199 278 μετὰ
1211 244 1259 278 τὴν
1273 244 1399 272 ἐντεῦθεν
1409 245 1565 281 ἀποδημίαν
1580 247 1724 282 ὲπιφοιτᾷν
1739 247 1805 283 παρ’
1823 248 1869 278 οὓς
1884 249 1918 275 ἂν

289 292 451 322 martyrem,
471 291 511 320 ut,
526 292 671 322 postquam
687 288 753 315 hinc
767 290 949 321 excesserint,
964 288 1076 316 veniam

288 333 322 360 ad
337 340 408 367 quos
428 333 523 364 velint,
536 337 565 360 et
580 341 642 361 cum
662 334 703 361 eis
722 341 864 362 sermones
877 334 1032 367 conferant,
1048 339 1076 361 et

287 388 336 407 eos
350 380 537 408 consolentur.

324 425 458 453 XXXVII.
487 426 555 454 Cum
580 427 701 455 venisset
726 435 792 455 vero
818 428 878 456 dies
904 429 1072 464 tricesimus,

287 471 451 498 existimans
466 472 612 507 praefectus
627 473 698 500 fame
718 478 746 500 et
767 474 819 500 alia
845 474 992 502 afﬂictione
1008 483 1076 503 con-

288 517 390 544 fectam
407 525 467 545 esse
486 523 645 554 martyrem,
658 524 686 546 et
698 519 802 554 aliquid
819 520 853 547 de
867 528 915 547 sua
934 522 1074 549 remisisse

289 566 453 595 constantia.
467 564 512 592 ubi
527 572 587 592 eam
602 566 774 598 accersisset.
791 572 819 594 et
831 568 992 595 alacriorem
1007 570 1077 597 libe-

293 609 407 644 riusque
425 618 506 645 quam
525 611 602 645 prius
614 612 771 647 loquentem
791 614 914 648 vidisset,
928 616 1013 644 iratus
1024 616 1077 643 fuit

290 656 463 688 custodibus,
481 662 510 684 ut
528 658 575 692 qui
591 659 616 685 ei
631 659 771 687 dedissent
785 661 900 696 aliquid,
917 670 972 697 quo
986 671 1015 691 se
1032 671 1075 691 re-

289 701 395 728 ﬁceret.
420 702 531 729 Illorum
548 703 641 738 itaque
656 705 851 740 benignitatem
867 716 999 736 accusans
1016 714 1076 736 tan-

287 753 370 781 quam
394 747 512 781 crimen,
529 755 578 775 eos
594 756 718 777 removet
731 759 746 778 a
768 752 892 779 custodia
912 760 919 778 :
935 761 994 780 eam
1010 762 1076 782 vero

287 793 438 821 committit
450 794 521 826 aliis,
537 803 606 830 quos
623 796 729 823 sciebat
743 797 862 825 libenter
878 800 968 826 omnia
986 800 1076 828 factu-

287 845 333 865 ros
346 846 379 865 ex
395 839 455 874 ejus
467 841 550 867 animi
563 843 710 869 sententia.
727 842 795 870 Cum
813 852 860 871 eos
883 853 947 881 ergo
966 845 990 873 ei
1005 854 1076 881 prae-

286 883 408 918 fecisset,
423 891 450 913 et
462 887 523 914 aliis
538 888 649 923 triginta
663 889 760 917 diebus
772 898 831 917 eam
853 893 994 920 custodire
1011 893 1073 928 jus-

287 930 380 962 sisset,
396 936 424 958 et
441 933 589 967 signaculis
608 935 762 962 custodiam
782 936 955 972 obsignasset
967 956 975 970 ,
993 938 1072 966 abiit.

288 974 337 1003 Illa
353 982 443 1004 autem
457 998 464 1009 ,
480 979 532 1006 etsi
548 987 641 1007 secum
658 981 694 1007 ita
710 986 848 1016 ageretur,
873 991 927 1010 non
954 984 1071 1011 cessavit

289 1025 380 1049 tamen
399 1022 491 1052 facere
514 1032 545 1053 ca
569 1034 630 1060 quae
650 1033 832 1055 consueverat
849 1034 857 1055 τ
873 1029 920 1056 sed
942 1029 969 1057 in
988 1030 1073 1058 vehe-

288 1068 374 1095 menti
391 1069 526 1103 oratione,
550 1076 577 1098 et
601 1077 734 1100 nocturna
756 1075 891 1106 statione,
913 1080 941 1102 et
964 1075 1073 1104 assidua

286 1114 446 1142 extensione
475 1123 605 1143 manuum
635 1118 841 1151 perseverabat.
874 1119 978 1148 Deinde
1009 1129 1072 1149 cum

287 1161 433 1196 prchectus
459 1163 535 1190 illinc
558 1171 618 1191 eam
642 1164 794 1197 eduxisset,
821 1166 985 1194 condemnat
1009 1176 1072 1196 cum

287 1208 384 1235 multis
398 1209 460 1236 aliis
477 1211 543 1241 reis,
559 1213 588 1237 ut
603 1211 630 1237 in
648 1211 813 1245 profundum
829 1214 912 1240 maris
925 1215 1074 1250 projicere-

287 1259 341 1281 tur.
357 1254 421 1282 Erat
433 1260 525 1282 autent
538 1264 590 1283 una
607 1264 669 1284 cum
683 1257 718 1285 iis
732 1259 814 1285 etiam
831 1260 944 1293 quidam
960 1261 1000 1288 vir
1011 1263 1074 1297 pius

287 1300 399 1328 nomine
414 1301 602 1337 Eutychianus
619 1322 626 1334 ,
643 1304 690 1337 qui
712 1305 770 1338 ipse
793 1313 902 1340 quoque
917 1312 1029 1342 propter
1043 1308 1074 1335 ll-

289 1346 351 1373 dem
365 1346 392 1372 in
404 1345 555 1377 Christum,
569 1347 689 1375 nudatus
701 1348 890 1383 facultatibus,
905 1353 1073 1379 condemna-

288 1395 332 1417 tus
348 1390 408 1422 fuit,
426 1391 605 1425 utjaceretur
618 1391 645 1418 ia
663 1400 747 1418 mare.

323 1435 465 1463 XXXVIII.
482 1437 628 1472 Postquam
643 1446 707 1465 vero
721 1438 747 1466 in
762 1439 852 1467 medio
868 1441 934 1467 mari
950 1440 1072 1474 fuerunt,

287 1481 333 1514 qui
357 1489 406 1509 eus
429 1481 568 1510 ducebant
594 1484 711 1515 milites,
734 1485 783 1519 ipsi
811 1486 922 1521 quidem
948 1488 1072 1522 cymbam

287 1528 435 1561 quamdam
451 1529 647 1561 ascendentes,
664 1530 690 1557 in
707 1535 806 1558 terram
822 1533 1002 1568 navigarunt,
1020 1541 1071 1560 na-

287 1581 348 1600 vem
366 1580 475 1607 autem,
491 1583 552 1610 qua:
567 1575 688 1604 ducebat
711 1577 811 1605 Christi
837 1583 983 1614 martyrem
1008 1587 1070 1607 cum
1085 1590 1106 1619 ρ

287 1618 458 1654 Entycbiano
474 1625 502 1648 et
517 1622 623 1649 czcleris
639 1623 830 1650 condemnatis
842 1645 849 1656 ,
863 1633 924 1651 cum
950 1626 1071 1660 undique

287 1664 486 1699 perforassent,
502 1674 562 1693 eam
575 1689 581 1699 ,
605 1675 667 1694 cum
684 1669 710 1695 in
727 1673 803 1696 tanto
825 1676 980 1697 versaretur
997 1672 1071 1706 peri~

286 1709 358 1740 culo,
377 1710 537 1745 relinquunt
554 1712 694 1739 ﬂuetibus.
710 1712 755 1740 Sic
779 1721 877 1741 navem
900 1722 973 1743 mare
998 1721 1072 1751 tege-

288 1752 345 1783 bat.
360 1757 388 1780 et
403 1754 443 1780 cis
462 1759 554 1788 parata
567 1763 582 1782 a
597 1756 652 1784 Deo
663 1757 783 1792 adjutrix
797 1758 876 1786 missa
890 1759 968 1787 beata
982 1761 1070 1788 Theo-

286 1797 360 1829 dote,
381 1802 409 1825 et
423 1800 484 1826 velo
502 1799 624 1828 insidens
639 1804 803 1829 cernebatur
824 1812 831 1830 :
849 1809 876 1831 et
903 1805 1009 1833 clavum
1030 1807 1071 1834 di-

286 1842 378 1877 rigens
408 1846 594 1878 securissimc,
611 1848 652 1874 eis
666 1849 858 1883 navigantibus
877 1858 987 1879 cursum
1001 1861 1071 1888 pra:-

286 1888 368 1915 heliat
391 1892 633 1920 sccundissimum.
661 1894 701 1921 Ad
729 1900 829 1923 terram
855 1903 946 1925 autem
971 1907 1069 1927 navem

286 1934 366 1962 duxit
379 1936 439 1963 sine
455 1938 588 1970 periculo.
600 1940 671 1972 Quin
685 1941 767 1968 etiam
785 1943 905 1971 ostendit
920 1944 1070 1980 Eutyehia-

287 1987 354 2007 num
370 1981 456 2009 fuisse
472 1991 700 2014 connumeratum
721 1987 794 2015 inter
807 1988 910 2016 Christi
925 1997 1068 2028 martyres.

285 2024 362 2053 'l'unc
387 2027 490 2062 itaque,
514 2031 560 2064 qui
575 2036 654 2058 erant
669 2032 696 2059 in
715 2041 784 2064 nave
803 2024 1066 2069 condemiiati,‘ob-

283 2072 431 2107 stupefacti
455 2074 598 2108 miraculo,
612 2077 646 2104 ad
670 2078 831 2114 Eutycbiani
847 2082 931 2116 pedes
944 2085 1070 2116 procide-

283 2117 350 2145 bant
366 2124 394 2146 et
415 2122 554 2156 martyris,
569 2127 596 2148 et
609 2124 741 2158 rogabant
758 2129 787 2152 ut
803 2126 971 2154 docerentur
985 2130 1068 2157 ratio-

282 2171 345 2191 nem
362 2164 437 2193 ﬁdei.
455 2166 491 2193 Ea
506 2175 572 2202 ergo
586 2177 646 2203 quae
664 2171 804 2205 petebant,
822 2176 982 2207 consecuti,
996 2180 1024 2202 et
1042 2177 1068 2203 in

283 2211 386 2245 pietate
402 2216 432 2239 ut
447 2219 556 2248 oportet
573 2215 684 2249 initiati,
707 2217 734 2244 in
753 2218 856 2246 Christi
880 2228 989 2255 gregem
1004 2227 1069 2249 sunt

1130 290 1176 316 καὶ
1193 289 1341 324 βούλοιντο,
1354 291 1402 318 καὶ
1417 292 1526 326 ὁμιλίας
1545 294 1591 320 καὶ
1604 293 1805 329 παρακλήσεως
1816 292 1916 325 absab;

1127 335 1232 368 ἀξιοῦν.

1163 423 1226 452 AZ'.
1246 424 1416 461 Τριακοστῆς
1433 426 1461 453 δὲ
1477 427 1629 462 ἐπιστάσης
1647 428 1754 464 ἡμέρας
1769 428 1917 458 ὑπολαϐὼν

1128 469 1275 505 ὁὲπαρχος
1301 471 1339 505 τῷ
1366 479 1396 497 τε
1424 471 1497 507 λιμῷ
1514 473 1560 499 καὶ
1583 474 1616 508 τῇ
1645 473 1714 510 ἄλλῃ
1745 476 1918 512 κακοπαθείᾳ

1129 516 1352 551 κατεργασθῆναι
1375 517 1423 552 τὴν
1454 519 1583 553 μάρτυρα
1611 520 1658 546 καὶ
1687 521 1737 554 τῆς
1762 521 1918 554 ἑνστάσεως

1129 561 1284 594 ὐποδοῦναι,
1297 563 1546 598 μεταπεμψάμενος
1558 565 1670 600 ταύτην,
1684 565 1721 597 ὡς
1735 564 1788 593 εἶδε
1801 568 1918 602 φαιδρὰν

1129 606 1229 642 μᾶλλον
1254 608 1302 634 καὶ
1328 609 1646 646 πεπαρρησιασμένηνῆ
1671 611 1815 646 πρότερον,
1831 612 1918 647 ὠργί-

1129 652 1192 685 ζετο
1209 654 1280 680 κατὰ
1310 654 1365 681 τῶν
1387 655 1516 688 φυλάκων
1532 656 1569 687 ὡς
1588 656 1620 690 δή
1647 665 1719 688 τινο;
1739 658 1804 693 παρ’
1825 659 1918 685 αὐτῶν

1127 697 1275 730 εὐπαθείας
1303 699 1502 735 ἁπολαυούσης.
1538 701 1666 728 Ἐκείνων
1695 702 1743 737 μὲν
1760 703 1806 729 οὖν
1821 704 1857 735 ὡς
1870 704 1918 738 Ey-

1128 744 1220 779 κλημα
1233 745 1283 779 τὴν
1300 745 1505 779 φιλανθρωπίαν
1522 748 1715 781 κατηγορήσας
1726 749 1775 782 τῆς
1792 749 1918 784 φυλακῆς

1126 789 1224 821 αὐτοὺς
1244 790 1400 826 ἐξίστησινο
1422 792 1526 827 ἑτέροις
1542 793 1570 819 δὲ
1583 794 1687 830 ταύτην
1705 795 1850 830 ἐπιτρέπει
1868 796 1914 829 οὓς

1127 835 1185 871 ᾔδει
1196 836 1242 862 καὶ
1258 837 1376 871 μάλιστα
1393 838 1481 865 πάντα
1505 839 1577 865 κατὰ
1600 839 1663 865 νοῦν
1679 840 1754 876 αύτῷ
1769 843 1815 868 καὶ
1830 851 1914 878 κεχα-
1952 857 1953 860 η

1127 882 1263 917 ρισμένως
1280 883 1416 918 ποιήσειν.
1445 884 1565 916 Τούτους
1591 885 1638 912 οὖν
1667 887 1736 922 αὐτῇ
1764 888 1916 923 ἐπιστήσας

1124 927 1171 954 καὶ
1186 929 1230 954 ἐπὶ
1243 928 1353 962 ἑτέραις
1367 929 1518 964 τριάκοντα
1535 930 1681 964 φυλάττειν
1696 932 1813 967 ἡμέραις
1830 941 1916 968 προσ-

1125 972 1218 1006 τάξας,
1229 973 1295 1008 πρὸς
1305 974 1332 1000 δὲ
1343 975 1389 1000 καὶ
1403 977 1535 1010 σφραγῖσι
1545 975 1594 1011 τὴν
1608 977 1730 1012 φυλακὴν
1741 978 1821 1012 stum;
1827 980 1917 1013 μηνά-

1128 1026 1219 1052 μενο;,
1235 1017 1331 1054 ᾤχετο.
1365 1019 1397 1046 'H
1413 1020 1441 1047 δὲ
1464 1021 1516 1047 κάν
1531 1021 1637 1054 τούτοις
1650 1022 1718 1049 οὖσα
1735 1024 1785 1050 οὐκ
1802 1024 1915 1051 ἐπέλιπε

1127 1065 1161 1092 τὰ
1182 1067 1285 1101 συνήθη
1300 1067 1397 1097 ποιεῖν,
1414 1067 1472 1094 ἀλλ’
1490 1068 1556 1102 εὐχῇ
1573 1077 1602 1095 τε
1624 1070 1743 1104 συντόνῳ
1755 1072 1803 1097 καὶ
1821 1072 1916 1099 στάσει

1125 1111 1252 1148 παννύχῳ
1268 1114 1313 1140 καὶ
1324 1113 1453 1141 ἀνατάσει
1467 1115 1568 1150 χειρῶν
1579 1115 1746 1152 ἀδιαλείπτῳ
1760 1125 1916 1152 προσεκαρ-

1124 1157 1209 1192 τέρει.
1227 1156 1292 1185 Εἶτα
1317 1159 1423 1186 ἐκεῖθεν
1446 1161 1532 1196 αὐτὴν
1551 1161 1694 1195 ὲξαγαγὼν
1709 1163 1723 1189 ὁ
1737 1162 1858 1198 ἔπαρχος
1872 1164 1912 1199 τῷ

1127 1202 1200 1238 βυθῷ
1210 1205 1259 1239 τῆς
1276 1204 1412 1241 θαλάσσης
1423 1206 1531 1242 σύναμα
1544 1208 1591 1234 καὶ
1604 1208 1696 1240 ἄλλοις
1708 1209 1816 1242 πολλοῖς
1830 1219 1914 1238 κατα-

1125 1249 1210 1281 δίκοις
1231 1251 1365 1286 ἀφεθῆναι
1383 1253 1618 1289 καταψηφίζεται.
1650 1255 1737 1290 Συνῆν
1766 1256 1794 1282 δὲ
1809 1257 1914 1290 τούτοις

1125 1295 1172 1322 καί
1186 1305 1226 1328 τις
1238 1297 1307 1333 ἀνὴρ
1323 1299 1449 1334 εὐσεδὴς,
1463 1301 1628 1336 Εὐτυχιανῦς
1645 1303 1741 1338 ὄνομα,
1756 1303 1786 1334 ὃς
1798 1304 1845 1329 καὶ
1861 1305 1911 1330 αύ-

1124 1341 1169 1373 τὸς
1184 1342 1228 1368 διὰ
1238 1342 1286 1379 τὴν
1299 1345 1338 1375 εἰς
1356 1344 1472 1380 Χριστὸν
1489 1347 1581 1375 πίστιν
1596 1349 1749 1383 γυμνωθεὶς
1760 1349 1815 1376 τῶν
1825 1349 1912 1377 ὄντων

1125 1387 1170 1414 τὸν
1181 1390 1208 1414 ὲν
1223 1388 1343 1425 θαλάττῃ
1359 1391 1542 1426 κατεδικάσθη
1560 1392 1686 1423 θάνατοι.

1158 1434 1222 1462 ΛΗ’.
1246 1435 1290 1467 Ὠς
1313 1436 1342 1462 δὲ
1358 1437 1390 1472 δὴ
1405 1438 1476 1464 κατὰ
1491 1439 1575 1473 μέσον
1590 1441 1675 1476 αὐτῆς
1701 1441 1790 1477 δήπου
1803 1442 1852 1478 τῆς
1864 1442 1912 1469 θα-

1124 1479 1224 1515 λάττης
1251 1478 1322 1515 ἦσαν
1337 1483 1360 1508 οι
1381 1483 1493 1516 τούτους
1511 1485 1623 1519 ἄγοντες
1645 1488 1819 1523 στρατιῶται,
1831 1488 1911 1516 αὗτοὶ

1125 1524 1175 1558 μὲν
1187 1525 1301 1553 ἀκατίου
1316 1527 1385 1559 τινὸς
1399 1529 1543 1562 ἐπιόάντες
1554 1532 1621 1566 πρὶς
1632 1533 1682 1568 τὴν
1695 1534 1747 1569 γῆν
1761 1534 1909 1569 ἀπέπλεον,

1124 1569 1171 1605 τὴν
1187 1570 1216 1597 δὲ
1230 1571 1295 1598 ναῦν
1312 1573 1327 1607 ἢ
1343 1573 1394 1609 τὴν
1407 1574 1453 1601 τοῦ
1471 1576 1589 1611 Χριστοῦ
1614 1578 1744 1616 μάρτυρα
1760 1580 1807 1606 σὺν
1825 1580 1912 1607 Εὐτυι

1125 1617 1220 1653 χιανῷ,
1246 1620 1328 1654 φημὶ,
1355 1622 1403 1646 καὶ
1423 1623 1478 1654 τοῖς
1501 1624 1657 1657 καταδίκαις
1681 1624 1753 1662 ἦγε,
1777 1628 1911 1655 πάντοθεν

1124 1663 1327 1700 διατρήσαντες,
1342 1666 1428 1698 οὕτως
1445 1669 1605 1704 ἐπισφαλῶς
1616 1671 1732 1707 ἔχουσαν
1749 1675 1805 1705 τοῖς
1819 1674 1911 1709 κύμα-

1125 1717 1167 1736 σιν
1186 1711 1310 1745 ἀφιᾶσιν.
1329 1712 1471 1749 Οῡπωτὴν
1489 1715 1555 1742 ναῦν
1571 1717 1707 1745 ἐκάλυπτε
1720 1718 1852 1752 θάλασσα,
1862 1722 1911 1748 καὶ

1125 1756 1203 1791 παρὰ
1214 1757 1281 1784 Θεοῦ
1292 1758 1402 1794 ἕτοιμος
1415 1761 1506 1793 αὑτιῖς
1518 1761 1615 1798 βοηθὸς
1630 1764 1647 1799 ἡ
1658 1766 1783 1801 μακαρία
1794 1766 1910 1802 Θεοδότη

1125 1803 1281 1836 πεμφθεῖσα
1295 1804 1333 1840 τῷ
1348 1805 1425 1840 ίστίῳ
1437 1815 1466 1833 τε
1481 1808 1530 1842 τῆς
1543 1809 1607 1844 νηὸς
1629 1810 1824 1848 ἐπικαθημένη
1841 1813 1908 1840 καθ-

1124 1849 1239 1884 εωρᾶτο,
1252 1851 1299 1877 καὶ
1314 1851 1350 1883 ὠς
1363 1853 1555 1888 ἀσφαλέστατα
1565 1855 1721 1885 ausam“
1736 1860 1767 1886 τὸ
1778 1861 1909 1895 πηδάλιον

1123 1894 1256 1931 εὔδρομον
1269 1897 1319 1932 μὲν
1331 1899 1420 1931 αὐτοῖς
1437 1903 1553 1937 παρεῖχε
1564 1902 1610 1930 τὸν
1623 1904 1708 1931 πλοῦν
1720 1925 1727 1938 ,
1742 1894 1814 1941 πρὸς
1823 1907 1849 1933 δὲ
1862 1907 1910 1942 τὴν

1123 1940 1220 1976 χέρσον
1233 1943 1382 1975 ἀκινδύνως
1394 1942 1445 1980 ἦγε
1462 1946 1510 1981 τὴν
1524 1947 1589 1974 ναῦν
1604 1956 1610 1963 ·
1639 1949 1810 1977 ἐπεδείκνυτο
1823 1952 1850 1978 δὲ
1863 1940 1910 1979 κᾷι

1123 1987 1167 2013 τὸν
1181 1988 1346 2023 Εὑτυχιανὺν
1360 1990 1396 2022 ὡς
1408 1992 1451 2026 εἴη
1464 1994 1510 2019 καὶ
1526 1995 1607 2026 αὐτὸς
1631 1997 1688 2027 τοῖς
1707 1997 1826 2032 μάρτυσι
1842 1999 1910 2033 Χρι-

1124 2033 1187 2058 στοῦ
1210 2035 1400 2070 συναρίθμιος.
1417 2037 1484 2063 Τότε
1496 2038 1560 2072 γοῦν
1578 2041 1602 2065 οἱ
1620 2042 1648 2066 ὲν
1662 2041 1700 2076 τῷ
1721 2043 1807 2078 πλοίῳ
1825 2047 1905 2072 κατά·

1122 2079 1191 2106 δικοι
1206 2080 1246 2115 τῷ
1269 2082 1412 2118 παραδόξῳ
1427 2085 1652 2120 καταπλαγέντες
1675 2089 1862 2123 προσέπιπτον
1879 2099 1908 2117 τι

1121 2126 1161 2161 τῷ
1178 2127 1337 2164 Εὐτυχιανῴ
1353 2130 1400 2156 σὺν
1415 2132 1448 2166 τῇ
1467 2132 1600 2168 μάρτυρι,
1621 2134 1667 2161 καὶ
1682 2135 1839 2172 διδαχθῆναι
1863 2139 1909 2164 τὸν

1124 2173 1172 2206 τῆς
1188 2174 1305 2206 πίστεως
1334 2176 1411 2210 λόγον
1424 2177 1527 2212 ἠξίουν.
1555 2179 1688 2215 Τυχόντες
1712 2183 1858 2218 τοιγαροῦν
1871 2181 1908 2210 ὦν

1123 2218 1226 2245 ἐδέοντο
1246 2223 1292 2247 καὶ
1319 2222 1370 2256 τὴν
1398 2223 1541 2250 εὐσέϐειαν
1557 2225 1596 2258 ὡς
1621 2227 1674 2262 χρὴ
1702 2228 1853 2263 μυηθέντες
1868 2229 1908 2265 τῷ

282 2257 412 2291 cooptati,
424 2259 470 2293 qui
485 2264 566 2287 erant
583 2268 680 2289 omnes
694 2262 778 2290 simul
795 2269 906 2292 centum
923 2271 951 2293 et
970 2266 1066 2301 viginti

1123 2264 1165 2290 τοῦ
1190 2265 1310 2301 Χριστοῦ
1326 2268 1446 2303 ποιμνίῳ
1471 2257 1728 2307 συγκατελέξθησαν
1740 2257 1826 2308 bium;
1845 2257 1907 2307 ῦλος

283 2310 347 2330 Vl".

317 2349 437 2377 XXXIX.
454 2350 517 2379 llaec
537 2352 618 2381 tertio
634 2359 695 2389 post
715 2355 758 2383 die
785 2357 975 2392 significantur
998 2368 1069 2394 prae-

280 2396 363 2423 fecto.
378 2397 430 2429 Qui
450 2405 513 2425 cum
536 2401 627 2427 statim
651 2409 750 2436 magno
770 2403 862 2431 studio
883 2408 969 2431 tolum
994 2405 1068 2433 hunc

279 2443 408 2474 chorum.
424 2452 512 2479 nuper
527 2446 675 2480 initiatum,
697 2450 973 2483 comprehendisset,
989 2456 1017 2479 et
1034 2452 1068 2480 ad

282 2489 403 2517 tribunal
417 2491 556 2520 sistendos
569 2498 712 2526 curasset,
732 2502 781 2522 eos
803 2496 954 2524 arbitratus
976 2498 1068 2526 adhuc

281 2535 396 2568 primam
410 2544 521 2565 servare
535 2540 711 2572 sententiam,
731 2540 772 2568 eis
797 2549 895 2569 aurum
917 2543 1018 2572 obtulit
1039 2550 1068 2572 et

280 2581 402 2612 divitias,
417 2587 445 2610 et
459 2584 578 2610 honores
590 2585 687 2618 partim
702 2587 814 2621 quidem
835 2588 891 2623 jam
914 2591 1066 2624 prmbebat,

281 2628 380 2662 partim
395 2636 460 2656 vero
476 2630 668 2664 pollicebatur,
685 2633 708 2659 si
730 2633 818 2661 solum
840 2635 955 2663 vidisset
979 2642 1068 2665 muta-

281 2678 335 2705 tos,
347 2679 375 2701 et
386 2680 483 2701 rursus
496 2676 627 2710 gentilem
644 2683 787 2706 servantes
799 2680 972 2715 religionem.
987 2683 1067 2710 Post-

280 2726 362 2754 quam
381 2725 471 2746 autem
485 2728 533 2755 spe
544 2721 618 2749 valde
636 2722 688 2750 fuit
702 2723 797 2757 falsus,
815 2725 900 2753 fortes
916 2731 943 2754 et
961 2728 1066 2756 validos

280 2767 378 2794 videns
395 2774 491 2794 eorum
505 2770 628 2802 animos,
643 2771 683 2798 eis
698 2775 793 2799 contra
808 2773 971 2802 ostendebat
986 2784 1066 2804 enses

280 2814 380 2843 nudos.
393 2818 421 2840 et
441 2814 541 2848 ignem,
558 2820 586 2843 et
607 2818 772 2852 catapultas,
798 2823 826 2846 et
848 2821 1019 2856 sartagines:
1036 2823 1064 2851 Si

278 2858 385 2892 nolitis,
409 2859 516 2893 dicens,
541 2867 567 2889 at
591 2863 649 2889 lucc
672 2868 721 2891 Vos
737 2865 839 2893 invitos
859 2868 1065 2901 persuadebunt

280 2905 445 2934 :acriﬂcare.
463 2907 610 2942 Postquam
627 2914 720 2937 autem
744 2910 781 2938 illi
807 2920 839 2940 ex
868 2921 947 2948 aequo
976 2922 1064 2951 neque

1120 2310 1225 2345 ἀνδρῶν
1237 2313 1276 2343 εἰς
1288 2312 1375 2339 εἴκοσι
1389 2315 1436 2341 καὶ
1449 2315 1547 2343 ἑκατὸν
1560 2317 1765 2353 ἀριθμούμενοι.

1157 2354 1219 2382 ΔΘ¹.
1233 2355 1326 2383 Ταῦτα
1346 2358 1416 2392 μετὰ
1427 2359 1523 2394 τρίτην
1540 2362 1650 2395 γνωστὰ
1668 2362 1706 2397 τῷ
1726 2364 1839 2400 ἐπάρχῳ
1864 2366 1908 2400 γί-

1119 2410 1204 2434 νεται,
1219 2404 1264 2429 καὶ
1277 2405 1376 2432 αὐτίκα
1390 2406 1474 2442 πολλῇ
1490 2409 1592 2444 σπουδῇ
1607 2409 1653 2435 τὸν
1670 2410 1800 2445 ἀρτιτελῆ
1814 2412 1908 2439 τοῦτον

1119 2447 1207 2474 πάντα
1222 2449 1301 2484 χορὸν
1316 2451 1457 2478 συλλαδὼν
1471 2453 1511 2487 τῷ
1523 2454 1626 2489 βήματι
1640 2458 1832 2492 παρεστήσατο
1842 2466 1848 2473 ·
1861 2461 1907 2485 καὶ

1118 2495 1149 2530 δὴ
1163 2497 1211 2530 τὴν
1236 2498 1347 2533 πρώτην
1376 2499 1474 2531 αὐτοὺς
1508 2502 1555 2527 καὶ
1578 2502 1618 2528 ἔτι
1636 2503 1749 2539 γνώμην
1763 2504 1906 2537 διασώζειν

1119 2542 1262 2570 ὐτολεὸὼν
1285 2546 1386 2579 χρυσὸν
1403 2547 1494 2580 αὐτοῖς
1520 2549 1629 2584 παρῆγε
1641 2558 1648 2565 ·
1667 2551 1714 2576 καὶ
1730 2551 1843 2578 πλοῦτον
1862 2553 1905 2578 καὶ

1117 2590 1201 2623 τιμὰς
1214 2591 1262 2621 τὰς
1278 2591 1328 2625 μὲν
1346 2591 1395 2627 ἤδη
1408 2596 1533 2629 παρεῖχε,
1550 2596 1600 2626 τὰς
1614 2595 1642 2622 δὲ
1657 2596 1851 2631 ἐπηγγέλλετο,
1873 2598 1905 2633 ἢν

1119 2636 1198 2669 μόνον
1222 2636 1265 2672 ἴδῃ
1284 2638 1485 2672 μεταθεμένους
1511 2642 1557 2667 καὶ
1577 2642 1626 2676 τὴν
1646 2642 1808 2678 Ἑλληνικὴν
1826 2644 1905 2670 πάλιν

1118 2680 1266 2716 θρησκείαν
1293 2685 1506 2718 πρεσὸεύοντας.
1541 2687 1618 2714 Ἐπεὶ
1641 2689 1668 2714 δὲ
1680 2689 1801 2725 ἐψεύσθη
1828 2691 1905 2726 παρᾶ

1117 2728 1183 2754 πολυ
1197 2728 1250 2754 τῶν
1277 2730 1473 2766 ἐλπιζομένων,
1490 2734 1651 2768 ἐρρωμένας
1672 2736 1760 2761 αὐτῶν
1776 2737 1823 2768 τὰς
1836 2737 1905 2770 γνώ-

1118 2783 1172 2809 μας
1192 2777 1272 2811 ὁρῶν,
1293 2778 1447 2805 τούναντίον
1463 2781 1553 2813 αὐτοῖς
1569 2782 1633 2818 ξίφη
1654 2784 1747 2818 γυμνὰ
1761 2784 1903 2811 ὺπεδείκνυ

1116 2823 1164 2848 καὶ
1178 2824 1232 2859 πῦρ
1244 2825 1290 2850 καὶ
1304 2826 1476 2858 καταπέλτας
1489 2835 1525 2854 κα
1544 2829 1662 2863 τήγανα.
1676 2830 1728 2856 Ἤν
1743 2830 1780 2864 μὴ
1794 2831 1903 2865 θύσητε,

1116 2869 1212 2903 λέγων,
1228 2871 1295 2897 ἀλλὰ
1311 2872 1397 2898 ταῦτα
1413 2873 1484 2907 ὑμᾶς
1498 2875 1543 2900 καὶ
1565 2875 1681 2908 ἇκ-ιντας
1697 2876 1777 2902 θῦσαι
1804 2878 1902 2904 πείσει.

1122 2917 1150 2943 Ὠ
1179 2917 1205 2943 5‘2
1224 2918 1319 2953 ὲπῖσης
1337 2920 1433 2946 ἑκεῖψ,ι
1446 2920 1506 2947 ηὖτε
1526 2921 1579 2948 τῶι
1594 2923 1687 2949 κακῶν
1704 2923 1832 2958 ἡττῶντο,
1842 2923 1903 2951 οὗτε
