2060 3153
197 174 250 206 617

761 173 997 204 MARTYRIUM
1013 173 1043 205 S.
1064 173 1256 204 EUGENl/E.

1760 174 1814 206 618

195 231 289 258 λαϐεῖν
304 230 365 262 τοῦς
377 229 540 266 ὲπιχωρῖους
551 229 589 262 ὡς
598 229 679 261 αὐτὸς
689 229 739 265 μὲν
751 229 794 265 εἴη
809 228 980 264 ἀπεσταλμέ-

1035 227 1088 255 Deo
1110 229 1229 255 maxime
1259 227 1379 254 invisum
1395 249 1402 261 ,
1434 236 1532 264 nempe
1556 229 1655 257 famam
1681 232 1816 265 sparsisse

195 285 240 308 νος
256 275 308 302 ὑπὸ
325 275 444 311 Χριστοῦ
456 275 607 311 εὐεργέτης
628 274 779 309 ἀνθρώπων
795 275 841 302 καὶ
855 275 982 302 διδάσκει.

194 321 240 353 λος
248 322 357 356 ἀγαθὸς,
371 321 470 357 ψευδὴς
484 321 512 348 δὲ
529 321 639 353 Ἕλενος
656 321 745 357 μάτην
759 322 847 357 ἑαυτῷ
864 321 894 348 τὸ
910 321 982 348 διδα-

195 368 324 395 σκαλικδν
348 368 456 403 ἀξίωμα
475 369 646 404 περιαπτων.
679 368 804 404 Ἐνὸμιζε
832 368 886 403 γὰρ
903 368 941 400 ὡς
958 368 982 394 εί

193 416 239 442 τον
254 414 373 450 ποιμένα
389 414 428 450 τῷ
445 415 564 451 ποιμνίῳ
589 411 790 450 ἐκπολεμώσοι,
819 415 867 441 τοῦ
884 413 980 441 λοιποῦ

195 460 295 496 ῥᾳδίως
324 460 417 491 αὐτοῖς
447 459 542 494 ὥσπερ
561 459 729 494 ἀφυλάκτοις
752 459 872 486 ἐπελθὼν
897 459 982 494 epse.

193 515 275 541 μασι,
292 507 406 542 θήραμα
421 507 471 534 οὐκ
485 507 727 542 εὐκαταφρόνητον
747 506 786 540 τῷ
802 507 886 541 πατρὶ
897 506 980 533 αὑτοῦ

190 553 232 587 τῷ
249 554 367 588 διαϐόλῳ
382 555 589 589 προσενεγκεῖν.
605 553 698 581 Ταῦτα
715 554 802 588 λέγων
817 554 920 585 ἐκεῖνος
934 554 981 581 καὶ

192 599 306 631 πιθανὸς
323 598 357 635 ἦν
375 601 408 626 ὲκ
435 600 614 634 κακουργίας.
643 600 716 626 ’Ἱστε
732 599 786 634 γὰρ
799 599 874 631 ὅπως
889 600 983 626 ἀνυσι·

192 646 321 680 μώτατον
336 646 352 680 ἠ
369 645 453 672 κακία
468 646 515 672 καὶ
532 646 595 677 τοὺς
625 645 738 676 πολλοὺς
770 646 883 671 ἑλκύσαι
910 645 981 671 πάνυ

191 691 286 725 ῥᾳδία·
302 691 374 718 ὥστε
388 691 487 725 καὶτῷ
506 691 606 727 Ἑλένῳ
620 692 666 718 τὸν
691 691 769 726 δχλον
784 690 981 727 προσελθόντας

192 738 284 764 εἰπεῖν
301 737 317 772 ἢ
333 739 422 765 κοινὸν
433 739 481 765 καὶ
496 738 577 765 αὐτὸν
597 739 726 765 κοινωνδν
741 738 790 773 τῆς
805 737 981 769 διδασκαλίας

191 782 326 819 λαϐεῖν,ῆ
344 784 409 818 γοῦν
427 785 496 818 πρὸς
521 785 644 818 διάλογον
666 784 859 820 ἁμιλληθῆναι,
878 785 922 810 ἵνα
942 783 981 818 τῷ

191 829 307 856 νικῶντι
318 830 365 856 καὶ¹
381 831 459 858 αὐτοὶ
473 831 646 866 πρόσθοιντο.
667 831 801 865 ’Ᾱσμενος
813 830 860 857 οὖν
873 830 886 856 ὁ
904 830 982 856 Ἐλε-

190 884 239 907 νος
254 877 303 911 τὴν
323 876 373 911 τῆς
394 876 511 911 ἁμίλλης
537 877 721 912 καταδέχεται
735 877 833 910 πεῖραν
844 883 851 890 ·
868 876 980 911 ἐθάρρει

191 922 248 956 γὰρ
259 921 298 957 τῷ
311 921 433 957 Χριστῷ.
449 922 486 948 Τὸ
502 921 530 948 δὲ
546 922 673 948 κοινωνὸν
688 921 794 955 Ζαρέαν
812 920 981 956 παραλαϐεῖν

191 967 338 1003 ἄνθρωπον
347 969 501 1003 τερατείαις
512 967 646 1002 δαιμόνων
656 967 893 1002 ὲπικαυχώμενον,
903 966 982 993 τοῦτο

193 1015 242 1040 καὶ
257 1014 326 1050 ἀκοῇ
340 1014 408 1050 μόνῃ
421 1013 514 1039 λαὸεῖν
530 1012 667 1039 ἀπευκτὸν
683 1013 785 1047 ἠγεῖτο.
813 1012 857 1043 Ὠς
872 1011 919 1038 οὖν
934 1011 982 1037 καὶ

192 1060 210 1094 ἡ
225 1059 308 1095 κυρία
320 1059 424 1094 παρῆν,
434 1059 503 1094 πρὸς
514 1058 578 1090 τοὺς
588 1057 684 1091 λάγους
698 1056 796 1092 ἐχώρει
807 1057 853 1083 καὶ
867 1057 916 1092 τὴν
925 1057 983 1083 διά-

191 1105 277 1137 λεξιν.
291 1105 345 1131 Καὶ
363 1105 480 1139 ἰσχυρῶς
512 1104 562 1138 μὲν
579 1103 678 1138 πρῶτα
708 1103 849 1130 ἐπετίθετο
864 1104 910 1130 καὶ
930 1111 983 1130 πυ-

193 1153 270 1182 κνοῖς
286 1151 344 1186 ἅμα
355 1151 401 1177 τὸν
418 1151 505 1185 μάγον
527 1149 624 1176 ἕὸαλλε
634 1151 690 1180 τοῖς
716 1149 839 1184 ιλέγχοις
853 1158 860 1165 ·
877 1150 938 1176 ἐπεὶ
953 1150 982 1176 δὲ

194 1198 271 1232 ἑώρα
285 1199 317 1232 τῇ
333 1196 463 1232 αὐθαδείᾳ
476 1196 513 1228 ὡς
535 1196 611 1232 ὅπλῳ
625 1195 778 1230 χρώμενον,
797 1195 845 1222 καὶ
860 1196 889 1221 τὸ
905 1196 982 1231 νικᾷν

193 1244 248 1270 οὐκ
268 1243 298 1269 ἐκ
310 1244 359 1277 τῆς
372 1243 513 1276 ἀληθείας,
530 1242 588 1269 ἀλλ’
614 1243 645 1268 ὲκ
658 1242 708 1276 τῆς
726 1242 864 1274 ἀναιδείας
884 1242 983 1276 μᾶλλον

193 1290 287 1324 ἑαυτῷ
317 1289 478 1324 περιῡὲσθαι
508 1288 723 1323 φιλονεικοῦντα,
745 1287 878 1323 ἑργῳτὴν
892 1288 984 1322 κρίσιν

191 1336 344 1370 ἐπέτρεπε,
374 1335 421 1362 καὶ
448 1335 504 1370 πῦρ
531 1335 599 1361 πολὺ
615 1334 686 1361 κατὰ
717 1334 799 1368 μέσον
814 1335 864 1368 τῆς
880 1333 984 1364 πόλεως

192 1381 349 1417 ἀναφθῆναι
369 1381 485 1413 κελεύει,
498 1380 628 1415 ἑπιόῆναι
639 1380 667 1407 δὲ
682 1381 732 1415 τῆς
745 1380 845 1414 φλογὸς
862 1380 984 1414 ἀμφοτέ-

193 1435 272 1462 ρους,
288 1427 333 1453 καὶ
347 1427 376 1458 ὃς
391 1427 423 1454 ἂν
436 1426 526 1454 αὐτῶν
542 1426 650 1461 ἀπαοὴς
667 1426 758 1461 μείναι
771 1427 818 1452 καὶ
831 1425 879 1452 τοῦ
899 1425 984 1461 πυρὸς

193 1473 383 1508 ἰσχυρότερος,
395 1473 489 1500 τοῦτον
502 1471 570 1500 εἶναι
582 1472 675 1507 σαφῶς
686 1473 732 1499 τὸν
746 1473 792 1499 καὶ
803 1473 854 1498 ὑπο
865 1472 983 1508 Χριστοῦ

191 1519 361 1554 πεμφθέντα
373 1519 422 1546 καὶ
440 1519 487 1546 τὸν
502 1519 606 1546 ἐκείνου
625 1518 724 1554 κλῆρον
748 1518 885 1545 διδάσκειν
898 1518 983 1551 ἄξιον.

229 1609 276 1638 Η’.
296 1610 341 1642 Ὦς
354 1607 401 1637 οὖν
417 1610 431 1636 ὁ
454 1609 532 1643 λόγος
548 1608 631 1644 ἔργου
646 1608 746 1642 εἴχετο,
762 1607 809 1634 καὶ
822 1608 839 1642 ὴ
856 1607 922 1641 φλὺξ
934 1607 985 1642 ἤδη

188 1657 267 1692 πρὸς
284 1655 350 1691 ὕψος
370 1656 461 1691 ⁴ᾔρετο,
480 1655 564 1690 δειλίᾳ
586 1654 666 1685 εὐθὺς
682 1654 812 1688 δΖαρέας
836 1653 984 1688 συνείχετο,

188 1705 240 1730 καὶ
254 1703 305 1728 τὸν
325 1702 435 1728 Ἕλενον
450 1701 580 1734 ἐπιόῆναι
596 1699 704 1733 πρῶτον
714 1699 892 1730 διεκελεύετο,
907 1699 985 1725 τοῦτο

187 1747 253 1774 καθ’
271 1746 379 1779 ἑαυτὸν,
398 1747 434 1777 ὡς
445 1745 527 1777 ἔοικε,
548 1744 712 1779 διανοηθεὶς,
733 1743 769 1775 ὡς
785 1746 809 1770 εἰ
826 1744 863 1779 μὴ
879 1744 984 1780 θαρρή-

187 1803 241 1825 σας
257 1793 374 1823 ’Ἕλενος
387 1792 518 1827 αἰσχύνην
532 1790 682 1825 ὀφλήσοι,ἦ
696 1789 761 1824 γοῦν
775 1790 986 1825 κατατολμήσας

188 1837 364 1875 ἁπορῤἠξειε
373 1837 422 1872 τὴν
436 1836 537 1872 ψυχὴν,
548 1837 594 1862 καί
610 1835 695 1867 οὕτως
709 1836 741 1862 ἂν
752 1836 817 1870 ῥᾷον
833 1836 862 1861 τὸ
875 1838 987 1871 κρατεῖν

189 1884 384 1920 περιγένοιτο,
397 1881 603 1917 ἀνταγωνιστὴν
623 1881 788 1908 ἀποὸαλόντι
812 1881 886 1916 μάλα
905 1883 986 1917 στερ-

191 1931 254 1966 ρὸν,
268 1930 316 1956 καὶ
329 1929 406 1964 παρὰ
421 1927 500 1954 τοῦτο
517 1927 620 1958 πάντας
638 1926 683 1961 ὑφ’
697 1927 796 1953 ἑαυτὸν
812 1927 924 1953 ἑλκύσαι
939 1928 985 1953 δυ.

190 1978 278 2007 νατδς
294 1975 417 2010 γένηται.
436 1975 513 2000 Ἐπεὶ
525 1974 552 2000 δὲ
567 1973 612 1999 καὶ
625 1974 673 2008 τὴν
691 1974 789 2008 π;ἶραν
806 1974 819 2000 ὀ
834 1974 905 2004 θείος
916 1975 986 2008 ἀνὴρ

187 2023 350 2057 ὑποστῆναι
361 2021 469 2055 πρῶτος
481 2020 679 2054 διωμολόγησε,
705 2020 752 2046 καὶ
767 2020 986 2054 προσευξάμενος

186 2069 326 2096 ιπεὸαινε
340 2067 388 2101 τῆς
406 2067 495 2101 πυρᾶς
505 2073 511 2080 ·
530 2065 579 2100 τὴν
593 2065 620 2091 δὲ
632 2065 682 2091 οὐκ
696 2064 840 2091 ὲλάνῡανεν
850 2066 925 2097 ὅστις
943 2066 985 2100 εἴη

187 2115 241 2142 καὶ
254 2112 318 2139 οὐδὲ
332 2112 424 2146 τριχὸς
444 2110 548 2137 ἐκείνου
568 2110 666 2144 ψαύειν
689 2109 800 2144 ἐτόλμα·
821 2110 882 2136 τότε
895 2110 926 2145 δὴ
941 2111 987 2136 τὸν

188 2159 288 2195 μάγον
305 2157 387 2191 φόϐου
406 2157 452 2183 καί
470 2156 570 2187 δειλίας
581 2155 789 2190 ὑποπλησοέντα
804 2156 921 2190 μάλιστα
937 2156 986 2191 μὲν

186 2202 320 2231 ικποδὼν
335 2202 461 2237 γενέσθαι
475 2203 522 2229 καὶ
536 2202 680 2237 διαδρᾶναι
690 2202 740 2236 τὴν
756 2204 853 2237 πεῖραν
869 2204 986 2238 φανερδν

187 2250 369 2284 καταστῆναι
390 2250 406 2284 ἦ
431 2249 480 2284 τὴν
495 2249 576 2284 ’ᾍδου
600 2249 686 2283 κυνῆν
716 2248 866 2275 ὑπελθόντα
883 2249 983 2282 λαθςῖν,
1003 2238 1023 2266 θ

187 2299 247 2326 ὑπὸ
263 2297 296 2323 δὲ
306 2296 353 2323 τοῦ
371 2295 489 2331 πλήθους
510 2297 556 2321 καὶ
571 2295 673 2322 ἄκοντα
688 2295 892 2330 συνωθούμενον
902 2298 985 2330 ἀναγ-

187 2345 286 2376 καίως
311 2343 361 2379 τὴν
389 2344 504 2378 κάμινον
529 2342 679 2368 εὶσελΘεῑνυ
703 2342 764 2377 ἥτις
793 2343 875 2369 αὐτὸν
891 2343 988 2370 θᾶττον

186 2390 268 2418 οὕτω
289 2387 507 2423 περιελάμϐανεν
522 2386 573 2421 ήδη
597 2386 644 2413 καὶ
668 2386 852 2412 κατεόόσκετο
872 2385 909 2418 ὡς
926 2387 988 2413 οὐδὲ

189 2437 263 2473 μίαν
290 2434 356 2468 ὓλην
377 2433 474 2468 ἑτέραν
497 2432 633 2465 καυθῆναι
659 2433 770 2468 ῥᾳδίαν·
802 2433 849 2458 καὶ
866 2433 923 2466 εἴγε
951 2436 988 2468 μὴ

189 2483 309 2518 φθάσας
329 2481 342 2506 ὁ
360 2479 446 2514 μέγας
461 2479 571 2509 Ἕλενος
595 2479 737 2514 οἰκτείρων
750 2478 845 2514 ὥσπερ
857 2479 905 2514 τῆ;
921 2488 986 2514 συμ-

189 2529 288 2567 φορᾶς
318 2526 363 2553 τὸν
383 2526 474 2552 ἄθλιον
497 2525 664 2559 ἡμίφλεκτον
680 2525 762 2557 εὐθὺς
775 2527 920 2565 γενόμενον
942 2528 987 2553 τοῦ

190 2575 289 2612 πυρὸς
307 2571 536 2603 Δινεσώσατο,”κᾶν
544 2572 583 2601 εἰς
594 2571 669 2602 τέλος
681 2572 748 2605 αὐτῇ
762 2573 863 2607 μαγείᾳ
877 2573 923 2598 καί
934 2574 988 2604 mi;

190 2623 356 2658 σοφίσμασι
384 2617 531 2653 διεφθάρη,
565 2617 654 2649 καλῶς
680 2617 751 2643 οὓτω
769 2618 816 2644 τοῦ
840 2618 924 2653 πυρὸς
939 2619 988 2654 τὴ)

189 2670 311 2703 ἀπάτην
327 2668 376 2693 σὺν
387 2665 501 2700 ἀληθείᾳ
514 2663 689 2693 κολάσαντος.
706 2663 799 2690 Ταῦτα
813 2664 927 2691 ἐκείνων
946 2665 989 2690 λε-

189 2714 330 2753 γόντωνὴ
344 2713 468 2748 μακαρία
482 2711 599 2738 παντοία
611 2711 663 2737 ὑπὸ
679 2711 858 2746 περιχαρείας
872 2713 988 2746 ἐγίνετο,

189 2763 300 2799 ἥδετο,
329 2759 527 2793 ἐξεπλήττετο,
557 2757 612 2783 τῶν
641 2757 871 2791 ἀπαγγελλόντων
901 2758 991 2784 ἐδέετο

191 2806 393 2846 προσαχθῆναι
412 2813 440 2831 τε
455 2805 488 2831 δι’
502 2804 593 2831 αὐτῶν
613 2804 660 2830 καὶ
676 2804 808 2838 συστῆναι
821 2804 861 2839 τῷ
875 2805 990 2831 ἐπισκό-

191 2866 239 2891 πῳ
257 2852 350 2887 αὑτήν
365 2861 395 2879 τε
410 2854 456 2878 καὶ
470 2850 518 2883 οὒς
533 2851 667 2885 ἐπάγεται
682 2849 825 2885 ἀδελφοὺς,
845 2851 892 2878 και
905 2852 990 2883 οὕτως

193 2901 253 2930 ὑπὸ
263 2901 300 2935 τῇ
320 2899 387 2933 μονῇ
401 2897 464 2933 τῇδε
483 2897 565 2932 ζῆσαι
591 2898 668 2931 κοινῇ
688 2897 891 2933 συνδιάγοντας.
911 2897 990 2925 Οὕτω

366 2947 502 2977 Ρλτιιοι..
527 2946 584 2976 Gn.
608 2943 710 2976 CXVI.

1032 273 1106 301 inter
1121 282 1180 306 eos,
1205 276 1254 309 qui
1272 274 1329 302 illic
1347 273 1521 307 habitabant,
1537 277 1611 310 quod
1628 278 1687 311 ipse
1705 278 1817 312 quidem

1031 324 1106 348 esset
1133 328 1147 347 a
1176 320 1287 347 Christo
1311 319 1412 347 missus
1437 319 1598 348 benefactor
1623 322 1767 350 hominum
1789 329 1818 352 et

1032 367 1130 394 doctor
1148 367 1247 398 bonus,
1266 366 1384 394 mendax
1403 370 1495 394 autem
1517 367 1647 400 Helenus,
1667 371 1817 398 auctorita-

1033 417 1088 440 tem
1127 413 1244 440 docendi
1283 412 1337 440 sibi
1369 412 1438 440 falso
1469 412 1604 440 tribuens.
1636 414 1818 443 Existimabat

1032 455 1117 487 enim,
1139 456 1212 490 quod
1229 457 1251 483 si
1273 460 1412 491 pastorem
1427 456 1561 484 adversus
1578 465 1688 493 gregem
1706 459 1739 486 ad
1763 460 1819 487 bel-

1031 501 1089 528 lum
1110 502 1274 533 concitaret,
1295 510 1343 529 eos
1361 502 1504 538 deinceps,
1528 506 1656 538 tanquam
1674 512 1739 532 oves
1757 514 1818 541 quae

1032 555 1087 574 non
1106 552 1171 575 sunt
1188 548 1347 580 custodiae,
1368 549 1542 584 aggrediens,
1559 558 1614 576 non
1637 554 1818 579 contemnen-

1031 594 1093 621 dam
1109 595 1229 629 prredam
1251 595 1388 629 prteberet
1402 596 1471 630 patri
1489 603 1540 622 suo
1554 595 1675 624 diabolo.
1694 597 1757 625 llatc
1771 598 1818 626 ille

1032 641 1136 673 dicens,
1151 641 1231 667 fidem
1245 641 1365 668 faciebat
1376 648 1425 668 sua
1438 641 1626 676 improbitate.
1639 643 1721 670 Scitis
1732 645 1818 676 enim,

1034 693 1116 719 quam
1131 685 1166 712 sit
1181 685 1284 712 malitia
1301 686 1393 712 cllicax
1413 690 1441 713 et
1455 694 1536 720 quam
1556 686 1635 714 facile
1656 688 1758 715 multos
1774 694 1818 715 at-

1033 732 1144 757 trahat:
1161 730 1240 762 adeo,
1263 736 1294 758 ut
1318 731 1352 757 ad
1374 731 1507 758 llclenum
1525 732 1605 759 turba
1630 734 1775 766 accedens,
1793 735 1819 762 ci

1032 775 1143 808 dixerit,
1162 781 1192 803 ut
1212 777 1252 803 vel
1268 777 1358 811 ipsum
1375 777 1510 805 doctrina:
1526 785 1680 808 assumeret
1700 780 1818 814 socium,

1032 828 1079 850 aut
1101 829 1176 850 certe
1191 823 1262 850 inter
1279 831 1308 850 se
1329 822 1516 857 disputarem,
1536 828 1566 850 ut
1587 825 1639 859 ipsi
1651 825 1677 852 ei
1695 827 1743 860 qui
1761 826 1819 853 vin-

1032 873 1119 901 ceret,
1143 869 1320 896 accederent.
1356 869 1459 896 Libens
1484 869 1577 905 itaque
1608 871 1729 899 llelenus
1759 873 1820 899 adit

1034 915 1186 949 periculum
1210 923 1271 942 cum
1287 922 1321 942 eo
1334 915 1504 950 disputandi.
1521 916 1683 944 Conﬁdebat
1699 918 1772 945 enim
1791 919 1819 946 in

1033 960 1154 988 (Ihristo.
1181 961 1295 988 Zaream
1316 966 1407 988 autem
1429 969 1569 990 assumere
1587 963 1704 994 socium,
1729 965 1821 992 horni-

1036 1014 1099 1033 nem
1130 1008 1177 1041 qui
1205 1007 1375 1040 gloriabatur
1404 1007 1560 1035 drrmonum
1582 1010 1743 1045 praestigiis,
1769 1011 1822 1038 hoc

1034 1052 1210 1080 existimabat
1237 1053 1280 1080 vel
1303 1053 1364 1080 solo
1387 1061 1448 1081 esse
1470 1055 1565 1081 auditu
1592 1055 1820 1084 abominandum.

1035 1097 1184 1133 Postquam
1206 1106 1272 1133 ergo
1292 1099 1353 1126 dics
1370 1099 1449 1126 aﬂuit
1466 1100 1629 1135 praefinitus,
1652 1103 1769 1129 accessit
1787 1104 1821 1130 ad

1035 1144 1262 1178 disputationem.
1283 1144 1318 1172 Et
1343 1145 1464 1179 primum
1492 1146 1605 1180 quidem
1628 1154 1691 1174 eutn
1719 1148 1824 1176 acriter

1036 1195 1078 1218 est
1093 1190 1218 1222 adortus,
1245 1195 1273 1217 et
1293 1190 1400 1217 crebris
1425 1199 1533 1226 magum
1552 1192 1653 1220 invasit
1672 1202 1820 1228 argumen-

1037 1237 1082 1263 tis.
1099 1237 1251 1271 Postquam
1273 1242 1366 1264 autem
1392 1237 1461 1264 vidit
1476 1245 1538 1264 eum
1559 1239 1599 1265 uti
1622 1242 1781 1276 arrogantia
1795 1246 1824 1268 et

1035 1283 1192 1316 insolentia,
1210 1288 1340 1318 tanquam
1362 1284 1459 1316 armis,
1480 1290 1508 1311 et
1524 1285 1692 1314 contendere
1709 1287 1761 1314 sibi
1776 1295 1824 1321 pa-

1035 1337 1098 1357 rare
1116 1329 1273 1362 victoriam,
1293 1338 1347 1357 non
1368 1338 1401 1358 ex
1415 1331 1542 1363 veritate,
1560 1332 1608 1359 sed
1627 1341 1661 1360 ex
1678 1334 1825 1367 impuden-

1035 1376 1086 1408 tia,
1112 1376 1239 1411 permisit
1266 1376 1338 1404 facto
1357 1377 1512 1412 judicium;
1539 1382 1564 1405 et
1590 1379 1668 1414 jubet
1694 1387 1824 1415 magnum

1035 1422 1127 1457 ignem
1153 1422 1268 1450 accendi
1295 1424 1324 1450 in
1349 1422 1440 1450 media
1463 1423 1587 1456 civitate,
1611 1425 1707 1452 ambos
1731 1429 1825 1454 autem

1036 1467 1174 1494 ﬂammam
1193 1468 1314 1503 ingredi,
1326 1473 1353 1496 et
1365 1469 1411 1503 qui
1426 1477 1523 1496 eorum
1541 1475 1667 1498 maneret
1682 1471 1785 1499 illa'sus
1797 1477 1826 1499 et

1036 1513 1099 1548 igne
1123 1513 1233 1547 fortior,
1259 1522 1323 1541 eum
1343 1522 1405 1542 esse
1429 1519 1535 1550 aperte,
1559 1517 1606 1550 qui
1624 1523 1638 1542 a
1654 1515 1766 1544 Christo
1783 1523 1826 1544 est

997 1570 1019 1599 ρ
1037 1560 1147 1592 missus,
1169 1564 1197 1587 et
1217 1560 1330 1596 dignum
1348 1568 1420 1592 esse,
1435 1562 1482 1596 qui
1501 1561 1597 1589 doceat
1614 1562 1689 1589 illius
1708 1562 1825 1590 clerum.

1073 1607 1140 1635 Vlll.
1162 1606 1310 1642 Postquam
1328 1614 1392 1633 vero
1408 1607 1491 1634 verba
1512 1607 1545 1634 ad
1572 1615 1629 1635 rem
1652 1612 1717 1634 sunt
1741 1608 1827 1634 dedu-

1027 1658 1092 1687 ‘cta,
1116 1654 1267 1681 etflamma
1283 1654 1339 1689 jam
1365 1653 1418 1681 fuit
1434 1655 1462 1680 in
1487 1655 1572 1681 altum
1596 1654 1714 1686 sublata,
1736 1659 1826 1680 metus

1038 1700 1149 1735 quidem
1166 1700 1260 1728 statim
1277 1700 1379 1727 invasit
1391 1699 1517 1731 Zarcam,
1533 1704 1560 1726 et
1573 1699 1690 1735 jubebat
1706 1699 1825 1734 primum

1036 1746 1147 1782 ingredi
1166 1746 1312 1779 Helenum,
1333 1746 1386 1774 hoc
1403 1745 1475 1780 apud
1493 1752 1534 1776 se,
1561 1749 1589 1772 ut
1604 1744 1726 1777 videtur,
1752 1744 1827 1780 cogi-

1039 1798 1099 1821 tans
1131 1793 1205 1828 quod
1233 1793 1276 1820 vel
1298 1800 1353 1820 non
1384 1793 1507 1824 audens,
1540 1792 1676 1819 dedecore
1706 1791 1826 1819 lleleuus

1038 1839 1184 1873 afficietur,
1201 1845 1249 1866 aut
1267 1839 1290 1866 si
1307 1846 1391 1866 ausus
1412 1838 1509 1871 fuerit,
1527 1839 1635 1866 emittet
1650 1839 1781 1870 animam,
1797 1843 1826 1864 et

1037 1886 1078 1912 sic
1096 1885 1176 1912 facile
1198 1885 1284 1912 fuerit
1305 1885 1330 1912 ei
1355 1885 1480 1918 vincere,
1497 1892 1560 1912 eum
1583 1884 1683 1911 fortem
1700 1883 1826 1910 amiserit

1038 1931 1241 1963 adversarium,
1261 1935 1290 1957 et
1308 1930 1349 1957 sic
1363 1937 1460 1957 omnes
1477 1929 1580 1964 poterit
1595 1929 1627 1955 ad
1651 1936 1679 1955 se
1703 1929 1824 1955 trahere.

1039 1978 1188 2011 Postquam
1209 1979 1301 2003 autem
1318 1975 1361 2002 vir
1376 1975 1421 2002 ille
1444 1975 1555 2002 divinus
1571 1973 1713 2009 professus
1736 1978 1777 2000 est
1797 1981 1826 1999 se

1039 2025 1160 2060 primum
1190 2022 1348 2049 subiturum
1371 2022 1536 2055 perieulum,
1561 2026 1672 2049 etcum
1699 2025 1826 2055 precatus

1038 2073 1121 2100 esset,
1141 2074 1237 2102 rogum
1250 2071 1292 2094 est
1315 2066 1472 2101 ingressus;
1487 2067 1563 2093 illum
1582 2073 1647 2093 vero
1663 2073 1717 2093 non
1734 2066 1825 2098 latuit,

1038 2114 1166 2149 quisnam
1190 2117 1274 2150 esset,
1294 2117 1322 2140 et
1340 2120 1391 2140 nec
1404 2112 1478 2139 illius
1499 2112 1611 2147 quidem
1631 2111 1716 2146 pilum
1741 2119 1827 2139 ausus

1038 2166 1079 2189 est
1112 2167 1249 2196 tangore;
1275 2164 1340 2186 tunc
1361 2160 1439 2186 aiunt
1464 2166 1572 2193 magum
1593 2158 1670 2185 illum
1701 2162 1775 2185 metu
1799 2164 1828 2186 et

1040 2213 1146 2235 terrore
1170 2207 1303 2241 repletum
1320 2226 1327 2237 ,
1355 2205 1502 2232 recessisse
1524 2204 1647 2239 quidem.
1677 2209 1706 2231 et
1731 2208 1827 2238 aperte

1039 2254 1195 2282 ostendisse
1219 2261 1247 2279 se
1266 2254 1354 2279 vitare
1379 2251 1545 2286 periculum,
1571 2256 1618 2278 aut
1638 2249 1766 2278 Plutonis
1782 2258 1827 2285 pa-

1039 2301 1109 2328 leam
1134 2300 1298 2327 subeuntem
1323 2297 1436 2325 latuisse
1458 2304 1497 2324 :a
1525 2297 1703 2324 multitudine
1734 2303 1826 2323 autem

1039 2352 1210 2382 protrusum,
1238 2344 1379 2371 fornacem
1399 2343 1441 2371 vel
1469 2343 1586 2370 invitum
1604 2343 1733 2370 intrasse.
1763 2343 1828 2375 Quae

1040 2399 1102 2418 cum
1117 2399 1194 2426 aeque
1212 2390 1291 2417 facile
1306 2390 1361 2425 jam
1381 2388 1634 2423 comprehendebat
1655 2394 1683 2415 et
1697 2390 1829 2422 depasce-

1040 2438 1096 2469 bat,
1111 2441 1192 2471 atque
1208 2435 1335 2470 quamvis
1352 2435 1434 2462 aliam
1456 2438 1549 2469 aptam
1566 2433 1599 2461 ad
1618 2434 1753 2461 urendum
1775 2441 1828 2460 ma-

1041 2484 1138 2511 teriam
1152 2493 1158 2510 ;
1170 2487 1198 2510 et
1211 2483 1264 2510 nisi
1281 2489 1395 2517 magnus
1408 2481 1530 2508 llclenus
1549 2481 1644 2508 miseri
1660 2480 1828 2508 calamitatis

1041 2530 1182 2563 misertus,
1202 2537 1276 2560 eum,
1290 2537 1353 2556 cum
1369 2529 1424 2564 jam
1447 2532 1520 2556 esset
1536 2528 1695 2562 semiustus,
1716 2535 1826 2556 servas-

1042 2582 1094 2607 set,
1116 2577 1175 2611 ipsa
1200 2576 1288 2610 magia
1313 2580 1341 2602 et
1361 2576 1470 2602 callidis
1486 2575 1544 2602 suis
1567 2575 1689 2603 inventis
1713 2575 1826 2602 omnino

1041 2623 1181 2658 periisset,
1199 2621 1239 2649 sic
1254 2621 1368 2656 pulchre
1385 2622 1447 2656 igne
1461 2621 1588 2648 fraudem
1608 2620 1740 2656 puniente
1762 2627 1825 2648 cum

1042 2669 1166 2696 veritate.
1180 2667 1243 2694 Haec
1258 2667 1313 2694 illis
1333 2667 1502 2698 dicentibus,
1519 2667 1598 2695 beata
1613 2667 1661 2695 illa
1686 2675 1743 2702 pra:
1762 2674 1828 2702 gau-

1041 2715 1087 2742 dio
1103 2715 1177 2741 varie
1193 2713 1375 2744 adiciebatur,
1387 2713 1542 2745 laetabatur,
1561 2711 1763 2745 admirabatur,
1777 2719 1828 2740 eos

1041 2761 1088 2795 qui
1105 2760 1264 2791 narrabant,
1291 2759 1405 2793 rogabat
1421 2764 1451 2786 ut
1468 2767 1517 2795 per
1534 2760 1609 2795 ipsos
1625 2758 1825 2790 adduceretur,

1041 2811 1068 2833 et
1087 2805 1216 2840 episcopo
1231 2804 1473 2831 commendaretur
1495 2805 1555 2839 ipsa
1577 2808 1604 2832 et
1627 2804 1729 2832 fratres
1757 2812 1828 2839 quos

1042 2851 1164 2884 adducit,
1190 2857 1217 2878 et
1243 2851 1284 2878 sic
1309 2850 1338 2878 in
1369 2851 1421 2878 hoc
1446 2852 1617 2879 monasterio
1641 2852 1829 2879 communiter

1043 2900 1179 2927 viverent.
1194 2897 1233 2925 lia
1247 2897 1348 2925 obnixe
1364 2905 1471 2933 rogans,
1489 2897 1639 2933 persuadet
1655 2896 1783 2932 cuiquam
1794 2903 1829 2923 ex

1547 2943 1584 2977 20
