2060 3153
250 173 302 203 619

863 161 1007 192 MENSJS
1027 159 1245 190 DECEMBER.

1822 149 1873 181 £2)

248 229 281 255 iis
299 226 346 261 qui
364 223 490 252 aderant.
509 219 556 255 qui
577 218 729 247 vocabatur
745 217 907 251 Eutropius,
923 219 953 242 ut
975 215 1034 242 hmc

1100 214 1155 240 ιετὰ
1171 213 1271 248 πολλῆς
1294 211 1408 247 δεομένη
1433 210 1480 246 τῆς
1497 207 1661 244 προσεδρῖας
1672 206 1761 233 πείθει
1773 205 1805 241 δὴ
1821 206 1875 232 τῶν

248 273 340 301 omnia
357 270 382 297 ei
397 269 506 300 tierent,
524 271 551 294 ct
569 273 667 302 preces
680 264 802 292 deferret
815 263 849 290 ad
863 262 1034 297 episcopum.

248 317 376 353 Quando,
397 315 500 350 inquit,
517 312 630 340 divertit
647 315 675 338 et
691 311 813 346 palulum
827 308 976 343 requievit.
992 308 1036 334 ille

248 369 407 400 Opportune
423 367 451 389 et
472 362 500 388 in
520 359 578 387 otio
594 357 701 394 prazbet
716 357 742 384 ei
763 356 810 391 qui
829 354 908 388 dicit,
923 354 1037 381 audien-

248 418 325 439 llﬂlll.

284 501 330 531 IX.
352 500 466 528 interim
483 502 574 526 autem
590 504 655 524 eum
675 495 734 522 haec
754 495 828 522 inter
841 501 871 522 se
887 493 1040 528 loqueban-

250 556 308 581 tur,
321 547 581 583 appropinquarunt
595 542 775 574 monasterio,
790 546 816 568 et
833 540 883 575 ipsi
901 540 1040 566 intrarunt

250 604 314 624 cum
333 594 475 629 episcopo.
494 591 552 619 Una
569 597 635 617 vero
650 596 712 615 cum
727 588 767 614 eis
784 587 907 622 ingressa
923 590 965 613 est
984 585 1039 611 Eu-

251 643 343 679 genio,
359 638 527 668 adolescenti
543 637 624 672 plane
639 635 738 662 similis
753 638 780 661 et
791 641 869 661 coma
885 637 911 659 et
925 631 1038 659 vestitu.

250 675 320 717 eum
343 688 399 723 jam
423 689 515 712 autem
542 682 674 710 incitatus
704 680 801 707 luisset
827 678 978 712 Eutropius
1005 675 1039 704 ad

251 722 463 770 signiﬁcandum
483 730 517 757 de
533 736 565 756 ea
584 727 724 762 episeopo,
744 724 882 760 quoddam
902 722 1039 750 somnium

251 767 397 809 sewobtulit
415 777 531 807 Heleno,
548 774 596 810 qui
611 777 673 809 post
686 771 809 799 divinam
826 769 949 805 mysterii
967 767 1041 796 cele—

253 826 410 854 hrationem
437 822 470 850 ad
504 827 632 848 somnum
661 818 857 845 declinaverat.
883 815 949 842 Erat
976 821 1041 840 vero

255 869 413 908 hujusmodi
426 867 564 896 somnium
581 875 587 892 :
604 865 746 899 Sculptum
762 861 901 898 quoddam
917 859 1042 887 mulieris

1088 260 1231 294 παρόντων
1240 259 1288 286 ἕνα
1296 259 1357 286 τινὰ
1367 257 1516 292 Εὐτρόπιον
1525 256 1596 283 οὕτω
1605 254 1771 289 καλούμενον
1784 253 1875 280 πάντα

1087 307 1175 342 ταύτῃ
1186 305 1313 340 γενέσθαι
1327 305 1375 331 καὶ
1390 304 1428 338 τῷ
1446 303 1589 336 ὲπισκόπῳ
1612 301 1661 336 τὴν
1681 300 1773 336 δέησιν
1787 307 1876 335 προσ-

1088 354 1224 387 αγγεῖλαι.
1244 351 1380 387 Ὀπηνίκα
1396 350 1428 385 δὴ
1443 348 1614 392 κειταλύσας,
1633 346 1726 382 φησὶν,
1752 344 1818 391 εἶταἑ
1829 354 1876 380 μιν

1089 399 1155 434 κρὸν
1182 397 1436 432 διαναπαυσὰμενος
1460 383 1602 428 εὐκαίρως
1626 394 1673 420 καὶ
1691 393 1762 419 κατὰ
1778 382 1876 428 σίολὴν

1089 447 1192 476 ἐκεῖνος
1206 444 1301 478 ὑπέχει
1316 444 1365 477 τὴν
1381 441 1465 477 ἀκοὴν
1482 441 1519 476 τῷ
1533 441 1648 474 λέγοντι.

1126 493 1167 520 θ’.
1187 492 1232 518 Ἐν
1251 487 1272 525 ᾧ
1287 490 1315 516 δὲ
1329 489 1415 516 ταῦτα
1426 489 1495 524 πρὸς
1510 487 1640 522 ἀλλήλους
1654 486 1784 519 ὠμῆουν,
1796 486 1879 521 ἠγγι-

1092 548 1142 566 σαν
1153 537 1191 572 τῷ
1210 536 1396 572 μονσιστηρίῳ,
1418 536 1464 562 καὶ
1479 534 1556 561 αὐτοί
1580 542 1609 561 τε
1627 533 1695 567 μετὰ
1711 532 1756 559 τοῦ
1769 531 1880 559 ἐπισκό-

1092 594 1143 612 που
1159 585 1298 620 είσῄεσαν,
1325 583 1373 610 καὶ
1393 582 1442 618 τὴν
1458 581 1590 615 Εὐγενίαν
1604 578 1676 615 εἶχον
1690 579 1879 606 συνεισιοῦσαν

1091 631 1228 665 νεανίσκῳ
1245 629 1312 666 πρὸς
1328 627 1472 663 ἀκρίϐειαν
1493 627 1614 653 ἐοικυῖαν
1625 626 1656 660 τῇ
1682 634 1712 651 τε
1743 625 1817 659 κόμῃ
1833 626 1880 651 καὶ

1091 678 1126 712 τῇ
1145 675 1237 711 στολῇ,
1255 675 1323 709 Ἤδη
1342 674 1370 700 δὲ
1388 672 1556 708 ὡρμημένου
1573 671 1619 697 τοῦ
1643 670 1795 705 Εὐτροπίου
1812 678 1881 703 γνω-

1095 722 1167 757 ρίσαι
1183 721 1221 756 τῷ
1240 721 1384 754 ἐπισκόπῳ
1400 719 1434 745 τὰ
1461 719 1521 744 κατ’
1549 717 1644 752 αὐτὴν,
1670 715 1774 750 ὔνειρός
1784 724 1824 746 τις
1837 716 1882 749 ἐφ-

1095 767 1207 795 ίπταται
1230 766 1269 802 τῷ
1302 765 1400 800 Ἑλένῳ
1431 764 1500 800 μετὰ
1514 764 1563 799 τὴν
1579 763 1654 790 θείαν
1683 761 1882 798 μυσταγωγίαν

1094 814 1162 850 πρὸς
1180 813 1263 840 ὕπνον
1293 812 1422 839 κλίνοντι.
1454 809 1538 837 Καὶὸ
1561 809 1681 844 ὄνειρος·
1707 807 1831 834 Γλυπτόν
1855 815 1882 833 τι

1095 861 1182 887 ἐδόκει
1199 859 1329 894 γυναικὸς
1346 858 1457 885 εἴδωλον
1474 855 1522 884 ὑπ’
1536 855 1642 892 ἀνδρῶν
1658 855 1773 890 ἐντίμως
1788 854 1884 881 διαϐα-

255 896 411 908 ἠτιι-τ-νητν
671 896 679 899 -
772 896 779 898 ν

254 919 433 947 simulacrum
453 913 602 942 videbatur
622 919 637 938 a
653 911 722 938 viris
742 909 809 937 ferri
827 907 990 938 honoriﬁce,
1015 910 1042 933 ct

1100 907 1241 942 IréJsaOat
1252 907 1297 932 καὶ
1311 905 1390 931 τοῦτο
1401 896 1560 939 νομίζεσθαι
1571 903 1636 937 παρ’
1653 902 1745 933 αὐτοῖς
1759 901 1795 932 ὡς
1807 899 1882 926 θεόν·

252 966 281 994 id
300 965 335 992 ab
358 963 401 990 eis
425 967 553 996 tanquam
575 959 657 986 deum
684 955 829 991 reputari;
851 954 928 981 illum
950 956 1042 978 autent

253 1019 326 1047 :cgre
338 1010 482 1039 ferentem,
493 1006 568 1042 quod
581 1004 709 1032 homines
717 1001 928 1036 deciperentur,
940 998 1044 1025 dixisse

255 1059 281 1086 ei
296 1057 365 1088 dem,
377 1062 437 1090 quc
449 1057 509 1081 erat
523 1051 596 1088 apud
612 1051 687 1085 ipsos
703 1058 709 1076 :
724 1049 810 1079 itane,
827 1053 889 1073 cum
903 1045 941 1072 sis
962 1052 976 1070 a
988 1043 1043 1070 Deo

255 1111 346 1132 creata
362 1107 389 1130 ct
403 1101 484 1129 nobis
496 1106 641 1130 conserva,
653 1095 775 1124 sustines
790 1093 824 1120 ab
840 1093 907 1128 ipsis
922 1090 1042 1123 adorari,

254 1157 281 1179 et
298 1151 354 1178 Deo
371 1155 464 1185 parent
485 1144 628 1181 reputari?
644 1143 691 1171 Hla
703 1149 772 1170 vero
793 1148 856 1168 cum
875 1139 927 1166 hoc
942 1137 1046 1165 audiis-

255 1203 306 1230 set,
320 1184 445 1231 protinus
457 1200 519 1220 cum
532 1191 624 1218 adhuc
640 1191 810 1223 portaretur,
823 1193 837 1212 a
850 1185 917 1212 viris
933 1184 1044 1219 quidem

255 1230 390 1274 recessit;
410 1248 473 1268 eum
489 1243 583 1266 autem
600 1240 645 1264 est
664 1241 771 1266 secuta,
789 1233 856 1260 tales
869 1239 951 1259 voces
966 1230 1047 1258 eruit-—

258 1295 319 1317 tens
344 1298 350 1315 ι
369 1288 404 1316 At
423 1293 475 1321 ego
497 1293 511 1311 a
537 1288 562 1310 te
587 1281 704 1308 minime
727 1278 868 1310 recedam,
896 1277 984 1304 donec
1002 1281 1045 1302 me

255 1333 406 1363 adduxeris
429 1331 462 1359 ad
492 1329 663 1358 Creatorem.
689 1326 754 1353 Hme
782 1323 902 1351 Helenus
934 1321 1046 1357 quidem

254 1381 325 1408 vidit
342 1380 369 1406 in
389 1376 506 1404 somnis.
525 1374 668 1401 Excitatus
683 1375 788 1401 autem,
805 1367 878 1404 apud
896 1374 925 1395 se
938 1367 1048 1393 dubita-

257 1427 315 1459 bat,
340 1429 460 1460 quonam
479 1419 636 1447 rediturum
659 1419 743 1448 esset,
768 1414 843 1450 quod
869 1421 884 1440 a
904 1420 934 1441 se
957 1412 1046 1439 visum

257 1458 357 1499 fuerat:
386 1468 484 1496 Statim
511 1472 578 1492 vero
600 1462 711 1491 advenit
734 1461 896 1495 Eutropius,
919 1458 966 1493 qui
992 1462 1049 1484 tan-

257 1524 339 1552 quam
359 1515 393 1542 de
413 1514 474 1541 viro
493 1512 612 1546 loquens
629 1510 664 1537 de
685 1507 807 1543 Eugenia
820 1515 826 1534 :
840 1506 910 1539 Viri,
925 1505 964 1533 ait
987 1503 1046 1539 epi-

257 1570 355 1598 scopo,
383 1566 451 1592 tres,
473 1559 576 1586 fratres
605 1556 717 1588 animis,
745 1554 848 1582 fratres
872 1551 1044 1587 corporibus,

259 1607 393 1644 ahjuratis
409 1605 490 1633 modo
510 1604 594 1631 rebus
610 1601 766 1637 gentilium,
784 1601 812 1627 in
829 1604 876 1626 tuo
893 1605 974 1634 grege
985 1604 1046 1624 ver-

257 1659 377 1686 santur,
402 1652 436 1679 ad
465 1650 608 1678 Christum
646 1647 830 1677 accedentes,
862 1649 890 1672 et
923 1644 1048 1671 divinum

258 1699 427 1734 baptismum
455 1699 584 1730 rOgantes
610 1693 722 1728 assequi
739 1696 787 1719 :et
807 1690 907 1718 deinde
928 1689 1047 1721 tonderi,

260 1749 288 1772 et
305 1742 403 1770 referri
419 1742 447 1768 in
464 1747 612 1767 numerum
633 1739 733 1765 horutn
751 1735 962 1763 monachorum.
979 1734 1048 1761 Cum

260 1790 317 1817 sint
344 1792 436 1815 autem
457 1787 585 1822 iuvenes,
614 1789 642 1812 et
670 1792 685 1811 a
714 1791 743 1810 se
770 1781 890 1809 invicem
912 1780 1050 1815 pendeant

261 1832 476 1862 admirabiliter,
506 1830 558 1857 hoc
580 1833 678 1864 petunt
705 1831 807 1863 praeter
831 1831 940 1857 caetera,
968 1830 997 1852 ut
1021 1832 1049 1851 se

262 1879 379 1907 invicem
400 1877 474 1905 nulla
501 1877 527 1903 in
553 1883 583 1904 re
603 1875 810 1910 disjungantur,
830 1880 884 1899 non
910 1871 938 1898 in
955 1879 1049 1906 opere,

264 1932 317 1951 non
333 1923 360 1950 in
377 1921 558 1954 habitatione,
572 1928 662 1955 neque
681 1919 710 1946 in
728 1919 819 1953 aliqua
836 1918 888 1944 alia
906 1924 1051 1944 conversa-

263 1969 338 1996 tione
354 1975 361 1994 :
378 1967 425 1995 sed
440 1966 528 1993 dividi
542 1973 597 1992 non
609 1963 726 2000 possint,
740 1963 787 1997 qui
803 1963 843 1989 sic
857 1966 920 1989 sunt
937 1960 1052 1995 conjun-

263 2014 300 2042 cti
316 2013 343 2040 in
354 2012 458 2040 Christi
473 2010 598 2038 nomine.
612 2009 675 2036 Haec
687 2008 755 2035 mihi
766 2008 908 2038 dixerunt,
922 2005 1053 2040 lacrymis

262 2061 369 2087 vultum
386 2065 482 2086 eorum
504 2055 661 2092 rigantibus
675 2058 713 2087 et,
735 2059 766 2081 ut
785 2052 879 2081 omnia
895 2050 944 2078 tibi
964 2050 1053 2078 decla-

264 2115 292 2133 ra
297 2113 364 2137 rem,
383 2104 562 2131 vehementer
576 2109 695 2136 rngarun
701 2105 720 2128 ι.

300 2157 332 2185 Χ.
354 2156 424 2183 Cum
450 2163 484 2182 ex
514 2155 559 2181 his
591 2153 758 2188 coniecisset
792 2149 930 2178 somnium
956 2149 1053 2176 beatus

264 2205 398 2235 Helenus,
412 2207 440 2230 et
455 2190 485 2229 ut
500 2201 658 2236 oportebat,
676 2206 725 2234 pro
741 2198 873 2225 omnibus
885 2196 940 2222 Deo
953 2195 1053 2230 egisset

1095 955 1141 981 τον
1168 954 1196 981 δὲ
1213 955 1246 989 τῇ
1272 953 1366 988 ἀπάτῃ
1382 951 1437 978 τῶν
1467 950 1621 986 ἀνθρώπων
1648 948 1884 984 περιαλγήσαντα,

1096 1000 1179 1036 φάναι
1195 999 1264 1034 πρὸς
1277 999 1325 1034 τὴν
1340 998 1406 1033 παρ’
1422 997 1516 1028 αὐτοῖς
1530 996 1609 1023 θεάν·
1622 994 1700 1026 Εἶτα.
1713 996 1745 1021 σὺ
1760 995 1788 1022 δὲ
1801 995 1886 1031 ἀνέχῃ

1096 1047 1200 1081 κτίσμα
1227 1043 1295 1072 οὖσα
1322 1045 1390 1072 Θεοῦ
1411 1044 1458 1071 καὶ
1475 1045 1540 1079 ἡμῖν
1555 1043 1700 1079 ὁμόδουλος
1718 1041 1764 1069 ὑπ’
1794 1041 1885 1068 αὐτῶν

1097 1092 1311 1128 προσκυνεῖσθαι
1326 1092 1374 1118 καὶ
1387 1091 1432 1117 ἴσα
1447 1090 1506 1125 Θεῷ
1520 1088 1681 1124 νομίζεσθαι
1695 1097 1702 1120 ;
1715 1087 1801 1114 Τοῦτο
1814 1087 1886 1114 ὲκεί-

1097 1149 1145 1175 νην
1169 1139 1328 1166 ἀκούσασαν
1343 1137 1424 1170 εὐθὺς
1449 1137 1490 1164 ἐτι
1505 1135 1716 1171 βασταζομὲνην
1731 1135 1886 1169 ἀποστῆναι

1098 1186 1148 1221 μὲν
1165 1186 1220 1212 τῶν
1236 1184 1352 1221 ἀνδρῶν,
1365 1183 1522 1211 ἀκολουθεῖν
1533 1183 1560 1209 δὲ
1570 1182 1645 1217 αὐτῷ
1656 1183 1784 1213 τοιαύτας
1795 1182 1887 1215 ἀφιεῖ-

1097 1241 1148 1260 σαν
1165 1233 1267 1268 φωνάς·
1290 1232 1360 1258 Ἀλλ’
1377 1232 1466 1265 ἔγωγε
1482 1230 1608 1264 οὐδαμῶς
1628 1228 1825 1263 ἀποστήσομαί
1839 1236 1886 1254 σου

1097 1279 1149 1310 ἕως
1166 1279 1198 1305 ἂν
1217 1278 1255 1313 τῷ
1283 1278 1381 1313 κτίστῃ
1411 1285 1445 1312 με
1471 1276 1665 1311 προσαγάγῃς.
1691 1275 1785 1301 Ταῦτα
1809 1274 1888 1309 μένό

1099 1326 1209 1357 Ἕλενος
1224 1325 1297 1360 ἐώρα
1310 1324 1382 1351 κατὰ
1395 1324 1458 1355 τοὺς
1472 1323 1584 1354 ὕπνους.
1610 1322 1768 1356 Διεγεροεὶς
1785 1321 1814 1347 δὲ
1831 1321 1888 1355 διη‹

1098 1366 1176 1407 step-at
1193 1370 1253 1398 καθ’
1271 1371 1368 1397 ἑαυτὴν
1381 1370 1421 1401 εἰς
1435 1370 1461 1396 τί
1475 1369 1508 1396 ἂν
1535 1369 1583 1395 καὶ
1600 1368 1719 1402 ἀποϐαιη
1732 1367 1762 1394 τὸ
1776 1367 1887 1402 ὁραθέν.

1099 1419 1150 1445 Καὶ
1177 1417 1276 1444 αὐτίκα
1306 1417 1428 1452 παρέστη
1450 1417 1463 1442 ὁ
1491 1415 1656 1450 Εὗτρόπιος,
1673 1415 1702 1446 ὃς
1717 1414 1774 1450 ἄρα
1787 1414 1833 1440 καλ
1850 1413 1887 1444 ὡς

1098 1465 1163 1498 περὶ
1188 1463 1282 1498 ἀνδρὸς
1314 1463 1364 1496 τῆς
1393 1461 1528 1495 Εὐγενίας
1554 1461 1698 1493 διεξελθὼν
1722 1460 1768 1487 τὸν
1790 1459 1888 1494 λόγον,

1100 1509 1225 1545 ¹Ἄνδρες,
1246 1509 1297 1544 ἔφη
1317 1508 1384 1543 πρὸς
1414 1508 1459 1535 τὸν
1487 1507 1648 1540 ἐπίσκοπον,
1667 1508 1752 1542 τρεῖς,
1776 1506 1889 1541 ἀδελφοὶ

1099 1555 1147 1588 τὰς
1162 1555 1262 1590 ψυχὰς,
1279 1555 1389 1589 ἀδελφοὶ
1410 1554 1442 1581 τὰ
1458 1554 1584 1589 σώματα,
1598 1554 1757 1588 ὁμοφρόνως
1777 1553 1838 1588 ἄρτι
1854 1552 1888 1578 τὰ

1105 1603 1239 1636 Ἑλλήνων
1260 1601 1470 1636 ἑξομοσάμενοι,
1498 1601 1550 1628 ἀνὰ
1567 1602 1617 1636 τὴν
1640 1602 1689 1635 σὴν
1716 1599 1887 1634 διατρίϐουσι

1099 1647 1220 1682 ποίμνην
1235 1646 1347 1682 Χριστῷ
1376 1645 1573 1681 προσελθόντες
1584 1645 1631 1672 τοῦ
1653 1654 1683 1672 τε
1700 1645 1772 1671 θείου
1789 1644 1888 1679 βαπτί-

1100 1703 1203 1729 σματος
1217 1694 1355 1726 ἀξιοῦντες
1370 1694 1474 1728 τυχεῖν,
1496 1690 1555 1719 εἶτα
1575 1691 1721 1727 κείρασθαι
1737 1693 1785 1723 τὰς
1800 1692 1890 1725 κόμας

1100 1742 1215 1772 καὶτοῖς
1226 1738 1277 1767 ὧδε
1295 1741 1423 1775 μοναχοῖς
1440 1739 1612 1774 ὲγκριθῆναι.
1630 1739 1694 1765 Νὲοι
1707 1740 1735 1766 δὲ
1749 1739 1826 1770 ὄντες
1842 1739 1890 1765 κ.ὶ

1101 1788 1223 1822 ἀλλήλων
1240 1787 1388 1821 ὑπερφυῶς
1407 1787 1558 1822 ἠρτημένοι
1576 1786 1624 1812 καὶ
1639 1786 1720 1813 τοῦτο
1740 1786 1809 1820 πρὸς
1833 1787 1890 1817 τοῖς

1100 1833 1192 1864 ἄλλοις
1217 1833 1358 1859 αἰτοῦνται
1375 1832 1443 1867 μηδὲ
1464 1832 1528 1867 μίαν
1546 1832 1636 1858 αὐτῶν
1654 1833 1682 1858 ὲν
1702 1833 1797 1867 μηδενὶ
1811 1833 1889 1866 γενέ-

1102 1878 1166 1904 σθαι
1184 1877 1338 1910 διάστασιν,
1359 1878 1396 1912 μὴ
1422 1878 1493 1904 κατὰ,
1523 1877 1573 1913 τὴν
1590 1878 1733 1912 ἐργασίαν,
1764 1879 1802 1912 μὴ
1818 1877 1890 1904 κατὰ

1102 1925 1150 1959 τὴν
1168 1926 1286 1958 οἴκησιν,
1304 1925 1373 1959 μήτε
1389 1925 1442 1959 μὴν
1454 1924 1519 1959 περί
1533 1933 1595 1951 τινα
1608 1924 1694 1959 ἄλλην
1704 1924 1890 1959 ἀναστροφὴν,

1102 1971 1161 1998 ἀλλ’
1178 1970 1265 2002 οὕτως
1289 1970 1459 2006 ἀδιαιρέτους
1484 1968 1554 1997 εἶναι
1572 1969 1694 2006 Χριστοῦ
1713 1970 1751 2004 τῷ
1777 1970 1892 2004 ὀνόματι

1104 2017 1305 2053 συνημμένους.
1328 2017 1421 2043 Ταῦτα
1451 2017 1521 2051 πρὸς
1547 2025 1582 2052 με
1613 2017 1743 2052 εἰρήκασι
1767 2016 1892 2051 δακρύων

1103 2065 1193 2091 αὐτῶν
1215 2065 1272 2095 τοῖς
1299 2064 1457 2099 προσώποις
1487 2064 1693 2099 ὐπορῥεόντων,
1720 2063 1767 2090 καὶ
1802 2063 1892 2090 πάντα

1105 2109 1174 2144 πρὸς
1191 2109 1220 2135 σὲ
1231 2108 1401 2143 διασαφῆσαι
1413 2107 1523 2143 θερμῶς
1541 2108 1673 2142 ἠξίωσαν.

1139 2155 1167 2181 Ῑ¹.
1185 2154 1256 2189 Πρὸς
1283 2153 1371 2180 ταῦτα
1397 2153 1443 2180 τὸν
1461 2153 1566 2188 ὃνειρον
1593 2154 1606 2180 δ
1625 2153 1761 2188 μακάριος
1782 2153 1893 2186 Ἕλενος

1106 2200 1254 2235 συμϐαλὼν
1271 2200 1318 2226 καὶ
1345 2200 1414 2235 ὅπερ
1441 2199 1494 2225 ἔδει
1513 2199 1592 2234 χάριν
1619 2199 1679 2234 Θεῴ
1696 2199 1766 2234 ὑπὲρ
1783 2201 1894 2226 πάντων

264 2251 468 2287 gratias,jubet
489 2256 538 2276 eos
561 2254 618 2275 tres
640 2246 724 2274 simul
746 2246 772 2273 ei
791 2245 852 2272 sisti
877 2244 905 2271 in
929 2250 1048 2276 conspe-

1105 2247 1287 2282 ὁμολογήσας,
1303 2245 1349 2272 ὑπ’
1365 2245 1424 2280 ὄψιν
1438 2245 1512 2280 αὐτῷ
1527 2246 1591 2276 τοὺς
1601 2247 1675 2280 τρεῖς
1687 2245 1744 2278 ἅμα
1762 2246 1829 2280 πρὸς
1842 2247 1893 2273 αὺ-

265 2304 351 2327 ctum.
365 2297 515 2331 Postquam
536 2299 629 2321 autem
648 2291 840 2323 accessissent,
853 2289 945 2317 statim
957 2290 1053 2315 dextra

265 2342 478 2380 apprehendens
491 2339 653 2375 Eugeniam,
662 2342 690 2366 et
701 2345 761 2365 eam
776 2337 919 2371 alloquens
927 2334 1053 2366 hilarius,

266 2390 375 2426 placido
386 2393 414 2415 et
424 2388 486 2414 laeto
499 2386 577 2413 vultu
589 2383 696 2419 rogavit
714 2389 810 2410 eorum
824 2381 946 2412 nomina,
968 2386 1055 2416 genus

268 2442 296 2465 et
326 2435 454 2472 patriam.
479 2433 526 2460 llla
555 2439 622 2459 vero
653 2429 832 2462 verecunde,
856 2432 884 2455 et
909 2435 970 2455 cum
1001 2434 1055 2459 eo,

267 2485 315 2521 qui
340 2483 475 2518 virginem
499 2478 618 2507 maxime
638 2477 730 2509 decet,
752 2476 865 2508 rubore,
889 2474 974 2502 Nobis
995 2473 1059 2508 qui-

268 2532 342 2563 dem,
360 2529 461 2564 inquit,
474 2535 490 2554 ο
507 2525 633 2554 divinant
647 2527 741 2559 caput,
762 2522 849 2557 patria
868 2526 896 2548 et
911 2528 999 2556 genus
1014 2524 1058 2546 est

269 2577 390 2613 gloriosa
418 2574 520 2606 Roma;
556 2571 657 2599 fratres
683 2575 777 2597 autem
806 2575 901 2602 sumus
926 2567 1056 2594 invicem.

269 2611 376 2651 l‘iomen
400 2627 465 2648 vero
489 2618 580 2654 primo
600 2616 711 2652 quidem
734 2619 778 2642 est
796 2613 910 2645 Protas;
934 2611 1058 2639 secundo

271 2673 374 2701 autem,
387 2664 579 2702 Hyacinthus;
595 2662 662 2689 mihi
680 2668 756 2693 vero,
769 2659 918 2694 Eugenius.
932 2657 1058 2686 Jucundc

272 2719 364 2742 autem
388 2719 448 2739 eam
478 2711 592 2738 intuens
617 2708 717 2735 beatus
741 2705 862 2733 Helenus
883 2703 1004 2731 :Merito
1033 2707 1059 2730 te

273 2760 438 2796 Eugenium,
455 2757 558 2792 inquit,
573 2762 695 2786 voeas,o
710 2752 841 2788 Eugenia,
857 2756 887 2778 ut
900 2755 1059 2782 nontenltuo

274 2807 434 2842 respondeat
454 2803 576 2839 spiritui,
598 2810 661 2830 cum
679 2801 788 2828 virilem
809 2799 912 2826 habeas
927 2799 1060 2832 animam,

273 2860 301 2883 et
318 2854 396 2881 valde
418 2858 445 2879 te
470 2850 621 2878 masculum
645 2847 776 2876 ostendas
792 2847 819 2873 in
837 2845 968 2873 omnibus
985 2853 992 2872 :
1012 2846 1060 2872 sed

271 2900 418 2940 proposito
440 2897 531 2925 adhuc
557 2897 651 2924 vincas
675 2899 814 2928 naturam,
842 2898 869 2921 et
896 2893 923 2920 i-n
948 2892 1060 2921 Christo

1106 2294 1151 2320 τὸν
1169 2292 1265 2326 στῆναι
1288 2291 1404 2318 κελεύει.
1429 2291 1473 2323 Ὠς
1494 2292 1522 2318 δὲ
1535 2293 1724 2327 παρέστησαν,
1744 2292 1893 2328 λαϐόμενος

1107 2339 1240 2373 Εὐγενίας
1256 2338 1337 2370 εὐθὺς
1349 2339 1380 2364 ὲκ
1396 2338 1444 2372 τῆς
1457 2337 1557 2371 δεξιᾶ;,
1576 2338 1621 2364 καὶ
1643 2338 1809 2373 naptham-to;
1823 2339 1894 2374 αὐτῇ

1107 2386 1225 2422 ἐντυχὼν
1249 2385 1309 2422 ἦθει
1332 2394 1363 2412 τε
1383 2386 1539 2420 εὐπροσίτῳ
1559 2386 1607 2412 καὶ
1633 2385 1773 2421 προσώπῳ
1788 2385 1894 2420 φαιδρῷ

1108 2433 1229 2468 ὀνόματα
1242 2431 1344 2459 τούτων
1362 2432 1409 2458 καὶ
1429 2432 1508 2466 γένος
1524 2433 1571 2458 καὶ
1602 2432 1721 2467 πατρίδα
1747 2432 1896 2458 διεπυνθά-

1109 2487 1179 2506 νετο.
1199 2477 1230 2504 'H
1246 2478 1274 2504 at
1295 2477 1364 2512 μετὰ
1377 2478 1427 2511 τῆς
1441 2477 1522 2511 φίλης
1540 2477 1632 2508 αἰδοῦς
1648 2477 1694 2503 καὶ
1703 2477 1750 2503 τοῦ
1765 2477 1894 2512 παρθένῳ

1112 2525 1231 2560 μάλιστα
1243 2524 1429 2558 προσήκοντος
1446 2523 1629 2558 ἐρυθήματος,
1643 2523 1745 2558 Πατρὶς
1756 2523 1804 2557 μὲν
1817 2524 1895 2557 ἡμῖν,

1110 2570 1173 2604 ἔφη,
1191 2567 1213 2596 ὧ
1230 2569 1289 2595 θεία
1308 2577 1352 2604 μοι
1378 2568 1496 2603 κεφαλὴ,
1513 2569 1562 2595 καὶ
1579 2569 1657 2602 γένος
1669 2570 1686 2604 ὴ
1713 2568 1896 2603 μεγαλόδοξος

1117 2617 1221 2651 Ῥώμη,
1234 2615 1343 2649 ἀδελφοὶ
1362 2614 1485 2649 ἀλλήλων
1501 2615 1593 2648 ἡμεῖς,
1606 2614 1724 2649 ὀνόματα
1746 2615 1774 2641 δὲ
1790 2614 1829 2649 τῷ
1845 2615 1895 2648 μὲν

1112 2661 1215 2696 πρώτῳ
1230 2661 1356 2696 Πρωτᾶς,
1373 2660 1411 2695 τῷ
1426 2661 1454 2687 δὲ
1469 2662 1538 2696 μετὰ
1553 2661 1648 2687 τοῦτον
1667 2661 1819 2692 Ὑάκινθος,
1835 2661 1898 2694 ἐμοὶ

1111 2708 1139 2735 δὲ
1157 2708 1296 2742 Εὺγένιος.
1319 2708 1384 2734 Ἡδὺ
1397 2707 1424 2734 δὲ
1440 2708 1508 2742 αὖτῇ
1529 2707 1702 2742 προσϐλέψας
1720 2709 1734 2734 ὁ
1763 2708 1898 2742 μακάριος

1112 2755 1234 2787 Ἕλενος,
1250 2755 1385 2789 Εὺλόγως,
1403 2755 1466 2790 ἔφη,
1491 2755 1619 2788 Εὐγένιον
1633 2755 1760 2790 σεαυτὴν,
1776 2751 1798 2781 ὦ
1812 2754 1899 2787 Εὐγε-

1112 2802 1166 2833 νία,
1183 2801 1358 2836 μετακαλεῖς,
1386 2800 1430 2827 ἵνα
1445 2800 1477 2834 δή
1496 2809 1537 2826 σοι
1568 2801 1616 2827 καὶ
1632 2801 1663 2826 τὸ
1678 2801 1764 2836 ονομα
1788 2800 1855 2836 πρὸς
1869 2799 1900 2826 τὸ

1114 2845 1272 2882 φρόνημα
1286 2846 1413 2880 ἀνδρείαν
1430 2854 1461 2872 τε
1483 2845 1573 2880 ψυχὴν
1595 2846 1695 2882 ἐχούσῃ
1722 2847 1770 2873 καὶ
1787 2846 1854 2872 πολὺ
1871 2846 1901 2871 τὺ

1114 2893 1274 2929 ἀρρενωπὸν
1288 2893 1316 2920 ἐν
1333 2891 1435 2919 ἅπασιν
1447 2893 1669 2929 ἐπιδεικνυμένῃ.
1705 2894 1786 2921 Ἀλλὰ
1799 2893 1866 2928 mp
1880 2902 1900 2926 ,ς
