2060 3153
181 194 229 225 illi

180 252 227 276 καὶ
241 250 280 277 ἔτι
294 252 324 286 τῇ
338 252 467 287 προθέσει
482 254 533 290 τὴν
547 255 629 290 φύσιν
654 258 702 284 καὶ
726 260 920 295 κατισχύσειας
936 262 964 288 ὲν

178 296 298 332 Χριστῷ,
312 297 347 323 δι’
371 298 400 325 ὃν
417 299 464 326 καὶ
480 299 528 327 νῦν
543 301 578 328 τὰ
602 302 658 329 τῶν
682 304 791 338 ἀνδρῶν
812 306 959 343 ὑποκρίνῃ,

176 342 242 376 γυνὴ
265 340 333 369 οὖσα
355 344 403 370 καὶ
432 345 624 379 μεταλαϐοῦσα
652 348 698 376 διὰ
720 349 766 376 τὸν
789 351 859 385 πρὸς
878 340 959 379 αὐτον

174 387 261 422 ἔρωτα
276 390 322 415 καὶ
347 391 439 425 σχῆμα
453 392 501 418 καὶ
517 392 613 426 ὖνομα.
641 394 696 421 Καὶ
711 395 799 422 ταῦτα
813 397 843 423 οὐ
857 397 957 432 θριαμ-

173 432 261 459 ϐεύειν
275 433 310 460 τὰ
323 434 358 461 σὰ
374 435 537 471 βουλόμενος
551 438 565 464 6
580 439 647 471 Θεὸς
672 441 735 475 ἐμοὶ
756 441 955 478 διευκρίνησεν,

170 478 226 504 ἀλλ’
238 479 279 505 ἵνα
293 480 365 515 γνῷς
377 481 426 508 ὅσα
441 483 516 516 μέλει
527 484 566 518 τῷ
578 484 637 519 Θεῷ
664 494 722 518 σου,
739 487 823 522 μηδὲν
834 489 956 524 ἀποκρύ-

167 525 220 559 ψας
232 525 287 551 τῶν
301 526 355 553 σῶν
367 527 468 560 ἔδειξεν
493 530 568 562 ὅστις
587 539 618 557 τε
633 530 692 566 εἴης
709 532 756 559 καὶ
781 534 855 565 ὅπως
865 535 953 569 ἥκεις,

167 572 212 597 καὶ
237 571 311 602 τίνες
326 572 350 599 oi
368 574 431 609 περὶ
456 575 485 601 σὲ
503 576 550 602 καὶ
563 577 623 608 οἴας
645 577 723 613 δόξης
737 580 767 606 ἐν
789 579 827 614 τῷ
843 580 893 616 βίῳ
907 583 954 608 καὶ

166 616 259 650 γένους
277 618 385 653 ἔτυχες.
395 620 515 649 Σπεῦσον
530 619 586 655 οὖν,
601 623 727 658 Εὑγενία,
746 627 784 660 μὴ
798 625 908 654 ἔλαττον
923 628 952 654 τὸ

164 662 213 696 τῆς
225 663 318 699 ψυχῆς
332 665 442 699 εὐγενὲς
464 667 480 702 ἢ
497 668 528 694 τὸ
540 669 588 696 τοῦ
613 670 740 704 σώματος
753 672 950 706 ἐπιδείξασθαι.

163 707 216 734 Καὶ
227 709 282 744 γὰρ
297 709 328 744 δή
342 719 388 745 μοι
402 713 448 738 καὶ
459 713 537 740 τοῦτο
547 715 602 740 τῶν
615 715 703 742 ἄλλων
711 717 759 752 οὐχ
771 716 853 753 ἧττον
863 720 950 752 ὲγνώα

162 762 236 788 ρισεν
255 755 269 780 ὸ
288 755 365 790 Θεὸς,
382 757 456 790 ὅπως
467 759 542 795 αὐτῷ
559 761 679 796 καθαρὸν
699 762 803 798 δοχετον
833 766 949 800 σεαυτὴν

161 801 368 836 προητοίμασας
396 804 448 839 τὴν
471 805 521 840 μὲν
537 807 686 842 παρθενίαν
704 809 828 842 ἄσπιλον,
855 812 905 846 τὴν
919 812 948 838 δὲ

158 846 273 881 καρδίαν
305 848 421 884 ἄμωμον
448 851 583 886 τηροῦσα,
613 854 659 880 καὶ
688 855 738 889 τὴν
757 856 806 890 μὲν
822 857 870 883 τοῦ
888 857 946 892 βίου

156 891 235 924 δόξαν
258 893 369 926 ἀδοξίαν
396 896 557 931 νομίζουσα,
581 899 627 925 τὸν
650 899 679 926 δὲ
697 901 812 928 πλοῦτον
837 904 944 936 πενίαν,

157 937 242 970 λύπας
261 939 290 966 δὶ
316 941 366 972 τὰς
390 942 497 978 ἡδονὰς,
521 945 568 970 καὶ
591 946 668 972 οὐδὲν
689 946 788 982 ἔχουσα
809 948 880 982 μέγα
894 950 944 984 τὴν

156 984 231 1017 παρὰ
243 984 399 1020 ἀνθρώποις
419 987 570 1021 εὐγένειαν,
585 990 694 1026 ἐκείνης
708 992 736 1017 δὲ
754 992 838 1027 μόνης
852 994 944 1028 ἐρῶσα

153 1027 186 1065 ἧς
201 1031 336 1058 ἐκπτωτοι
350 1033 395 1059 διὰ
411 1034 456 1060 τὸν
471 1035 592 1069 πρῶτον,
606 1037 651 1063 καὶ
664 1037 829 1072 κληρονόμοι
844 1027 886 1066 δια
897 1041 943 1066 τὸν

153 1075 281 1112 δεύτερον
309 1078 395 1114 ’Δδὰμ
426 1081 591 1116 γεγόναμεν.
620 1082 675 1110 Καὶ
696 1083 785 1111 ταῦτα
810 1085 859 1120 μὲν
876 1087 943 1121 πρὸς

151 1121 286 1157 Εὑγενὶαν
301 1125 315 1150 ὁ
332 1124 454 1157 Ἕλενος.

184 1264 237 1292 lA'.
262 1265 335 1301 Πρδς
349 1266 377 1293 δὲ
392 1267 437 1293 τὸν
458 1268 574 1304 Πρωτᾶν
592 1269 641 1297 καὶ
663 1270 818 1306 Ὑάκινθον,
842 1273 938 1309 ’Υμεῖς

145 1310 185 1343 δὲ,
201 1312 296 1346 φησὶν,
311 1313 373 1339 οὐδὲ
390 1313 454 1348 γὰρ,
480 1315 539 1341 οὐδὲ
554 1317 588 1342 τὰ
604 1316 683 1350 ὑμῶν
700 1318 830 1354 εὐδόκησα
844 1319 937 1347 λαθεῖν

145 1357 158 1382 6
171 1357 301 1392 Χριστὸς.
315 1358 387 1392 οἵγε
400 1360 450 1394 τὴν
463 1360 512 1394 μὲν
529 1361 614 1396 τύχην
627 1363 726 1396 δοῦλοι,
748 1364 799 1400 τὴν
815 1365 843 1391 δὲ
863 1366 934 1400 γνὼ-

145 1411 199 1437 μην
229 1403 368 1440 ἐλεύθεροι
386 1407 532 1440 τυγχάνετε
555 1408 641 1441 δντες,
667 1410 714 1436 καὶ
737 1410 767 1436 τὸ
782 1411 830 1446 τῆς
842 1412 935 1448 ψυχῆς

143 1450 293 1478 ἀδέσποτον
306 1453 454 1487 σεμνύνετε
464 1454 571 1490 ἀξίωμα
584 1456 776 1492 διατηροῦντες
786 1460 818 1493 τῇ
835 1460 930 1496 ἀρετῇ,

144 1497 211 1530 πρὸς
221 1497 268 1530 οὒς
278 1499 481 1534 καὶὁΧριστὸς,
497 1510 507 1526 ί
523 1502 622 1528 Οὐκέτι
637 1503 709 1538 ὑμᾶς
723 1504 797 1531 καλῶ
810 1505 930 1538 δούλους,

141 1543 208 1570 ἀλλὰ
218 1544 340 1578 φίλους»
351 1546 418 1580 φησὶ
428 1553 435 1560 ⁸
448 1548 578 1584 μακάριοι
591 1549 639 1583 τῆς
650 1547 815 1586 ἐλευθερίας,
830 1553 930 1586 μᾶῖλον

139 1589 167 1616 δὲ
184 1590 231 1624 τῆς
253 1592 323 1624 πρὺς
350 1592 468 1627 Χριστὸν
487 1594 578 1628 φιλίας
594 1595 640 1622 καὶ
667 1597 841 1629 οἱκειώσεως·
861 1599 926 1625 διότι
941 1614 964 1641 c

137 1634 184 1660 τὸν
200 1636 308 1662 ἐκείνου
321 1636 403 1670 ζυγὸν
421 1637 548 1665 ὑπελθεῖν
563 1639 686 1674 ἑλόμενοι
700 1642 729 1666 ὲν
749 1643 799 1677 μιᾷ
810 1644 843 1677 τῇ
859 1645 925 1678 πρὶς

136 1679 273 1715 ἀλλήλους
290 1682 429 1718 συμπνοίᾳ
445 1684 520 1710 οὐδὲν
534 1685 659 1719 ἐμποδὼν
675 1687 736 1714 οὐδὲ
748 1689 780 1723 τῇ
800 1691 925 1724 μακαρίᾳ⁴

135 1727 222 1763 ταύτῃ
240 1729 288 1755 τοῦ
306 1729 410 1762 ἀγαθοῦ
439 1731 590 1766 κατέστητε
616 1733 828 1769 ἐγχειρήματος,
857 1736 925 1763 ἀλλὰ

134 1773 180 1800 νῦν
192 1783 222 1800 τε
236 1776 305 1810 αὐτῇ
318 1775 468 1810 προθύμως
480 1778 668 1813 συμπάρεστι,
682 1781 728 1806 καὶ
744 1780 865 1817 ἀπιούσῃ
875 1781 922 1808 τοῦ

134 1820 193 1855 βίου
207 1821 292 1847 κάκεῖ
306 1822 526 1856 συμπαρέσεσθε,
554 1825 601 1850 καὶ
620 1824 676 1850 τῶν
695 1826 760 1852 ῐσων
775 1826 844 1862 αὐτῇ
863 1836 922 1853 στε-

133 1866 226 1900 φάνων
258 1867 306 1893 καὶ
330 1868 419 1902 γερῶν
435 1869 573 1902 τεύξεσθε.
602 1870 697 1897 Ταῦτα
712 1872 826 1906 μηδενὸς
841 1873 920 1900 ἄλλου

131 1913 270 1946 παρόντος
292 1913 306 1939 ὁ
323 1912 473 1946 ἐπίσκοπος
504 1916 623 1950 εἰρηκὼς
644 1917 694 1953 τὴν
719 1918 768 1953 μὲν
789 1919 920 1952 Εὑγενίαν

129 1957 228 1991 ἀφίησι
241 1959 282 1994 τῷ
294 1959 414 1994 ἀνδρικῷ
426 1962 546 1995 σχήματι
558 1962 735 1996 προσμένειν,
744 1963 831 1990 οὐδενὶ
842 1965 920 1990 τοῦτο

127 2004 254 2038 γνωσθὲν
277 2005 339 2031 οὒτε
367 2005 475 2042 πρῶτον
489 2005 551 2032 οὗτε
579 2007 631 2042 μὴν
647 2009 716 2042 μετᾶ
733 2008 782 2043 τὴν
798 2009 844 2035 τοῦ
859 2010 918 2036 ἐπι-

128 2051 232 2077 σκόπου
261 2051 390 2083 διάλεξιν.
417 2051 498 2083 ’Ἣτις
516 2052 625 2087 σύναμα
643 2054 690 2080 καὶ
705 2056 761 2085 τοῖς
779 2054 918 2090 εὐνούχοις

124 2096 155 2122 οὑ
172 2097 310 2131 πρότερον
334 2096 416 2123 αὐτὸν
447 2097 549 2132 ἀνῆκεν
579 2099 630 2130 ἕως
647 2099 752 2126 ἐκείνου
779 2101 858 2136 χερσὶ
869 2101 916 2128 τοῦ

125 2143 200 2169 θείου
216 2142 434 2174 καταξιωθέντες
443 2143 631 2179 βαπτίσματος
642 2145 672 2172 τὸ
688 2146 782 2180 σχῆμά
796 2155 824 2173 τε
838 2147 916 2182 ἤμει-

122 2188 177 2222 ψαν
191 2189 239 2214 καὶ
256 2188 289 2223 τῇ
303 2189 359 2215 τῶν
386 2189 513 2224 μοναχῶν
538 2190 634 2226 χορείᾳ
660 2192 913 2228 συγκατελέγησαν.

123 2233 243 2260 Τοιαῦτα
259 2234 308 2269 μὲν
319 2234 369 2261 ὅσα
378 2235 408 2261 τὸ
422 2235 504 2272 μέχρι
518 2236 595 2263 τοῦδε
609 2237 652 2263 διὰ
665 2237 782 2273 Χριστὸν
794 2238 912 2272 Εὑγενία

121 2279 286 2314 διεσκέψατό
305 2289 334 2307 τε
359 2282 404 2308 καὶ
421 2281 552 2316 θεοφιλῶς
575 2282 741 2318 διεπράξατο
752 2292 758 2299 ·
775 2284 809 2310 τὰ
822 2284 849 2310 δὲ
869 2285 912 2311 ὲν-
927 2273 951 2303 D

121 2326 217 2353 τεῦθεν
247 2327 321 2360 ὃπως
337 2336 365 2354 τε
396 2329 420 2355 oi
445 2329 570 2362 τεκόντες
600 2330 643 2356 ἐπ’
659 2331 725 2366 αὐτῇ
742 2330 912 2367 διετέθησαν,

121 2373 167 2398 καὶ
180 2371 227 2400 οἷα
238 2373 288 2409 μὲν
302 2374 366 2409 περὶ
379 2375 636 2409 αὑτῆςέλογίζοντο,
648 2373 694 2403 οἷα
702 2376 730 2402 δὲ
743 2377 814 2411 μετὰ
825 2377 913 2404 ταῦτα

119 2419 173 2445 τῶν
190 2420 307 2447 ἐλπίδων
332 2421 527 2456 διαμαρτόντες
560 2422 684 2458 ἤλγησαν
701 2430 708 2438 ·
721 2423 816 2457 διψᾶτε
844 2423 910 2459 γὰρ,

118 2465 188 2500 οιδα,
208 2467 360 2494 καὶταῦτα
379 2467 476 2502 μαθεῖν
491 2476 498 2484 ·
519 2467 594 2500 ἄξιον
609 2469 753 2505 παρελθεῖν
771 2470 908 2505 οὐδαμῶς.

152 2558 205 2585 1Β’.
228 2558 306 2584 Ἐπεὶ
322 2558 374 2594 γὰρ
391 2559 461 2593 ἀωρὶ
477 2559 531 2586 τῶν
553 2561 658 2587 νυκτῶν
685 2562 798 2596 μηδενὸς
817 2563 908 2595 αὐτοῖς

117 2604 146 2631 τὺ
160 2604 287 2640 πραχθὲν
300 2605 462 2640 αἰσθομένου
477 2606 492 2640 ὴ
517 2606 633 2640 Εὑγενία
648 2608 697 2642 μὲν
711 2609 759 2635 τοῦ
769 2609 907 2645 ὀχήματος

117 2650 240 2687 ἀψοφητὶ
262 2652 406 2685 κατῆλθεν,
435 2652 581 2684 Ὑάκινθος
599 2653 626 2680 δὲ
642 2655 689 2680 καὶ
704 2655 818 2691 Πρωτᾶς
848 2657 903 2683 τῶν

116 2697 203 2723 ἄλλων
233 2698 335 2732 ὁμοίως
364 2698 596 2734 ὲξεχωρὶσθησαν,
623 2701 701 2727 κενὸν
716 2702 745 2728 δὲ
762 2701 792 2728 τὸ
809 2703 903 2738 ὄχημα

115 2744 170 2774 τοῖς
181 2745 433 2778 προπορευομένοις
447 2745 667 2781 ἐπηκολούθησεν
677 2756 684 2764 ·
695 2749 719 2774 oi
736 2749 903 2783 προάγοντες

115 2789 207 2819 παῖδες
224 2790 304 2816 τοῦτο
326 2791 376 2825 μὲν
397 2791 441 2818 διὰ
462 2791 509 2818 τὸν
527 2793 634 2827 καιρὸν,
660 2793 739 2820 τοῦτο
752 2794 780 2820 δὲ
799 2796 844 2822 καὶ
858 2796 903 2822 διὰ

113 2834 162 2868 τὴν
175 2834 223 2860 τοῦ
244 2837 430 2872 πραττομένου
449 2834 599 2874 ἐπίκρυψιν
617 2839 702 2875 μηδὲν
720 2841 775 2867 τῶν
791 2841 902 2869 ὄπισθεν

152 2913 162 2929 ³
176 2914 258 2943 Joan.
285 2923 330 2950 xv,
346 2917 388 2946 i3.

743 203 979 236 MARTYRIUM
999 207 1028 238 S.
1054 208 1246 241 EUGENLE.

977 263 1001 292 Α
1016 263 1189 294 conﬁrmeris
1214 272 1242 295 et
1268 269 1420 300 invalescas
1436 282 1443 300 :
1460 280 1572 310 promer
1596 285 1678 314 quem
1705 289 1797 316 nunc,

1745 226 1799 259 622

1012 317 1074 337 cum
1096 313 1135 340 sis
1159 313 1271 348 mulier,
1300 320 1326 344 te
1341 318 1431 345 virum
1455 328 1515 348 esse
1535 323 1658 357 simulas.
1683 333 1798 362 propter

1010 357 1070 391 ejus
1085 366 1204 387 amorem
1227 366 1333 390 mutato
1358 369 1385 391 et
1407 365 1504 394 habitu
1533 374 1562 396 et
1587 373 1708 401 nomine.
1733 375 1797 404 llaec

1009 408 1101 431 autem
1111 405 1184 438 dico,
1199 414 1254 434 non
1270 408 1319 435 tibi
1331 417 1426 438 sexum
1435 414 1608 447 exprobrans
1618 417 1794 452 femininum.

1007 456 1059 476 nec
1079 455 1105 476 te
1129 452 1227 479 volens
1243 454 1402 488 traducere,
1418 458 1466 485 sed
1489 463 1518 486 ut
1534 461 1615 495 scias,
1631 470 1741 498 quantae
1757 468 1794 495 sis

1006 493 1063 522 Deo
1078 503 1171 524 curta:
1189 503 1217 524 et
1237 501 1471 533 quemadmodum
1485 505 1551 532 mihi
1567 506 1623 534 hate
1639 511 1743 543 omnia,
1759 512 1793 540 de

1006 544 1031 567 te
1047 542 1114 569 nihil
1132 543 1237 576 celans,
1256 546 1422 580 ostenderit,
1443 550 1570 584 quisnam
1590 553 1639 585 sis,
1655 559 1683 582 et
1696 563 1793 589 quem~

1005 587 1153 616 admodum
1176 592 1286 619 veneris
1311 602 1317 620 :
1342 599 1369 621 et
1395 596 1507 630 quinam
1537 599 1590 625 sint
1621 600 1638 626 ii
1657 602 1703 635 qui
1727 608 1791 630 sunt

1003 637 1106 666 tecum,
1120 639 1148 662 et
1168 643 1292 671 quamam
1309 639 1358 666 tibi
1377 640 1404 667 in
1417 641 1467 668 hac
1484 643 1538 670 vita
1554 644 1640 678 gloria
1659 647 1790 682 obtigerit

1001 682 1137 714 etgenus.
1165 682 1251 712 Stude
1275 693 1351 721 ergo,
1374 695 1390 714 ο
1415 688 1547 725 Eugenia.
1572 700 1625 720 non
1647 695 1740 723 minus
1763 702 1790 725 te

1001 726 1093 752 animo
1116 735 1279 762 generosam
1295 734 1442 763 ostendere
1468 745 1549 772 quam
1567 747 1694 774 corpore.
1720 742 1787 770 Nam

1000 771 1052 799 hoc
1077 781 1187 809 quoque
1210 784 1266 804 non
1291 780 1393 812 minus,
1417 790 1499 817 quam
1527 784 1590 817 alia,
1622 787 1691 815 mihi
1716 787 1787 817 Deus

998 818 1172 853 signiﬁcavit.
1189 825 1262 857 quod
1282 830 1308 852 te
1327 827 1352 854 ei
1367 835 1466 863 purum
1480 833 1644 866 prtepararis
1663 841 1787 870 recepta-

997 864 1101 898 culum,
1118 867 1303 903 virginitatem
1318 874 1430 907 quidem
1444 883 1612 906 conservans
1624 879 1786 908 immacula-

997 912 1064 941 tam,
1086 919 1134 938 cor
1150 921 1227 947 vero,
1243 917 1269 943 in
1283 919 1356 952 quod
1374 927 1428 947 non
1447 923 1521 950 cadit
1538 925 1717 959 reprehensio
1736 933 1785 956 :et

997 955 1080 984 huius
1106 960 1201 987 mundi
1223 962 1335 995 quidem
1360 965 1475 1000 gloriam
1505 975 1638 1004 reputans
1666 972 1783 1008 ignomi-

996 1001 1081 1035 niatn,
1095 1003 1207 1033 divitias
1218 1012 1309 1035 autem
1324 1016 1515 1045 paupertatem
1530 1024 1536 1042 :
1551 1016 1704 1052 voluptates
1715 1026 1782 1046 vero

996 1048 1148 1083 molestias,
1164 1057 1191 1079 et
1204 1053 1274 1081 nihil
1292 1057 1380 1091 magni
1396 1065 1427 1084 ac
1444 1060 1569 1094 prteclari
1589 1062 1692 1091 habere
1704 1072 1780 1098 eam,

993 1100 1055 1127 qua:
1068 1100 1109 1122 est
1124 1098 1196 1131 apud
1217 1099 1352 1134 homines,
1372 1103 1574 1133 notabilitatcm
1592 1117 1598 1134 :
1616 1109 1692 1137 illam
1714 1119 1780 1138 rem

992 1141 1078 1168 solam
1100 1150 1206 1178 amans,
1228 1153 1242 1172 a
1259 1155 1312 1182 qua
1336 1150 1490 1179 excidimus
1513 1159 1625 1190 propter
1646 1157 1778 1191 primum,

991 1189 1018 1212 et
1034 1186 1160 1216 haut-edes
1183 1190 1248 1219 facti
1269 1200 1365 1221 sumus
1389 1203 1439 1230 per
1458 1186 1610 1227 secundum
1631 1186 1727 1231 A'dam.
1745 1186 1778 1232 Et

990 1232 1049 1260 haec
1064 1235 1175 1268 quidem
1192 1237 1322 1273 Eugeniae
1335 1240 1466 1279 lletenns.

1028 1279 1074 1306 XL
1096 1281 1185 1309 Prota:
1212 1289 1305 1312 autem
1323 1291 1351 1314 et
1371 1287 1525 1323 llyacintho
1539 1298 1545 1320 :
1561 1293 1615 1321 Vos
1637 1303 1714 1327 vero,
1733 1296 1777 1324 in.

987 1327 1048 1362 quit
1065 1328 1166 1364 (neque
1178 1332 1251 1358 enim
1265 1333 1367 1367 placuit
1378 1335 1501 1370 Christo,
1518 1344 1547 1366 ut
1561 1347 1609 1368 vos
1621 1341 1770 1379 lateretis),

986 1373 1034 1408 qui
1046 1373 1156 1402 fortuna
1172 1377 1284 1411 quidem
1295 1381 1379 1413 servi,
1394 1389 1484 1410 mente
1497 1390 1588 1413 autem
1601 1388 1668 1415 estis
1680 1389 1772 1420 liberi.

984 1423 1013 1445 et
1040 1420 1109 1447 nulli
1139 1421 1253 1449 demitto
1284 1425 1437 1460 subjectam
1468 1431 1641 1458 conservatis
1673 1433 1772 1461 animm

984 1462 1156 1499 dignitatem,
1183 1467 1314 1496 virtutem
1332 1473 1506 1506 extollentes,
1523 1479 1552 1502 et
1573 1477 1771 1512 magnifacien-

985 1514 1037 1542 tes,
1052 1511 1154 1545 quibus
1169 1513 1297 1542 Christus
1311 1524 1420 1552 quoque
1434 1519 1501 1547 dicit
1519 1530 1525 1548 :
1545 1531 1553 1548 ι
1567 1511 1627 1550 Non
1640 1531 1688 1551 vos
1701 1533 1770 1552 voco

983 1556 1103 1590 amplius
1134 1566 1249 1593 servos,
1279 1562 1328 1589 sed
1356 1564 1498 1599 atnicos';
1515 1576 1524 1592 ι
1552 1567 1626 1596 beati
1655 1577 1769 1607 propter

982 1600 1148 1636 libertatem,
1173 1605 1214 1632 vel
1233 1607 1325 1641 potius
1340 1615 1453 1644 propter
1476 1613 1627 1642 amicitiam
1653 1621 1681 1644 et
1704 1626 1766 1645 cum

979 1646 1090 1675 Christo
1113 1649 1337 1684 coniunctionem
1361 1664 1367 1681 :
1387 1657 1461 1690 quod
1489 1665 1552 1686 cum
1575 1659 1650 1688 illius
1668 1663 1764 1699 jugum

977 1693 1072 1720 subire
1100 1695 1241 1730 elegeritis
1269 1699 1297 1726 in
1332 1709 1388 1729 uno
1412 1702 1485 1731 inter
1508 1713 1557 1733 \‘os
1572 1715 1707 1737 consensu
1738 1717 1766 1739 et

975 1741 1194 1774 conspiratione,
1210 1743 1293 1779 hujus
1306 1745 1393 1775 beata:
1408 1744 1500 1784 empto
1515 1752 1620 1780 nullum
1633 1756 1764 1784 attulistis

975 1784 1218 1822 impedimentum,
1239 1791 1286 1818 sed
1313 1800 1386 1820 nunc
1419 1802 1530 1831 quoque
1557 1805 1620 1826 cum
1646 1808 1679 1828 ea
1697 1803 1763 1829 estis

974 1837 1102 1866 prompto
1128 1838 1156 1860 et
1196 1835 1280 1863 alacri
1306 1838 1424 1866 animo:
1446 1845 1474 1868 et
1498 1850 1561 1869 cum
1589 1844 1634 1872 illa
1665 1854 1680 1874 e
1706 1848 1760 1877 vita

975 1878 1128 1908 excedente
1142 1881 1224 1908 etiam
1244 1883 1302 1911 illic
1315 1885 1395 1913 simul
1412 1887 1502 1920 eri1is,
1519 1894 1547 1917 et
1564 1892 1675 1920 easdem
1691 1902 1760 1928 quas

972 1923 1017 1951 illa
1040 1931 1156 1954 coronas
1181 1932 1209 1955 et
1229 1930 1340 1963 przemia
1359 1936 1580 1968 consequemini.
1606 1937 1669 1966 lla=c
1695 1947 1759 1967 eum

971 1968 1047 1995 nullo
1067 1970 1123 1997 alio
1142 1979 1277 2006 prmseute
1299 1976 1414 2004 dixisset
1430 1979 1588 2016 episcopus,
1605 1983 1757 2019 Eugenium

970 2015 1080 2048 quidem
1094 2019 1229 2051 permittit
1243 2029 1353 2051 manere
1366 2025 1394 2052 in
1410 2026 1507 2054 habitu
1523 2028 1609 2062 virili,
1625 2038 1688 2058 cum
1704 2032 1757 2060 hoc

970 2061 1038 2087 nulli
1055 2067 1130 2089 esset
1146 2065 1298 2100 cognitum,
1316 2076 1406 2104 neque
1424 2072 1557 2106 primum,
1576 2083 1666 2110 neque
1682 2082 1758 2112 post-

968 2114 1050 2141 quam
1073 2115 1132 2134 eam
1150 2110 1288 2140 allocutus
1307 2119 1349 2142 est
1373 2116 1530 2151 episcopus.
1553 2120 1619 2153 Quae
1642 2110 1754 2157 quidem

967 2152 1048 2179 simul
1061 2161 1124 2180 cum
1137 2158 1282 2190 eunuchis,
1296 2167 1350 2187 non
1366 2162 1444 2196 prius
1459 2172 1521 2191 eum
1537 2166 1654 2202 dimisit,
1667 2178 1753 2204 quam

966 2197 1040 2225 illius
1058 2201 1186 2229 manibus
1208 2203 1334 2232 divinum
1359 2210 1502 2237 consecuti
1520 2211 1701 2247 baptismum,
1725 2222 1753 2244 et

965 2249 1109 2273 mutarunt
1125 2247 1262 2280 habitum,
1284 2256 1312 2278 et
1328 2254 1448 2288 cooptati
1474 2261 1538 2284 sunt
1554 2258 1581 2284 in
1600 2267 1749 2289 numertttn

963 2293 1172 2323 monachorum.
1185 2295 1250 2328 Qua:
1262 2302 1353 2325 autem
1366 2299 1497 2336 deinceps
1510 2309 1575 2332 sunt
1589 2313 1749 2339 consecuta.

961 2341 989 2364 et
1003 2340 1235 2373 quemadmodum
1261 2343 1392 2380 deinceps
1408 2354 1538 2382 parentes
1558 2358 1672 2388 propter
1688 2362 1749 2383 eam

960 2389 1025 2411 sunt
1037 2385 1138 2419 aﬂecti,
1154 2391 1180 2413 et
1191 2395 1316 2422 quaenam
1332 2390 1365 2418 de
1378 2392 1436 2427 ipsa
1449 2385 1565 2429 quidem?
1577 2385 1747 2434 cogitarunt.

960 2433 987 2456 et
1000 2435 1132 2466 quantum
1145 2432 1270 2461 dolorem
1283 2443 1463 2471 acceperunt,
1478 2448 1541 2468 cum
1555 2450 1603 2478 spe
1621 2444 1746 2474 [rustrazi

959 2481 1050 2503 essent
1070 2477 1144 2512 (nam
1171 2479 1229 2506 haec
1245 2488 1366 2517 quoque,
1393 2489 1435 2512 sat
1452 2487 1518 2520 scio,
1545 2490 1617 2518 scire
1640 2492 1746 2527 sititis),

960 2528 1131 2556 nequaquam
1152 2531 1201 2558 par
1216 2531 1258 2553 est
1274 2531 1495 2561 praetermittere.

996 2566 1054 2594 ΧΠ.
1072 2567 1220 2604 Postquam
1241 2573 1314 2600 enim
1331 2575 1495 2611 intempesta
1520 2586 1612 2613 nocte,
1632 2583 1745 2611 nemine

959 2614 1031 2647 quod
1058 2614 1160 2642 factum
1188 2617 1278 2646 fuerat
1307 2622 1456 2663 sentiente,
1483 2625 1605 2661 Eugcnia
1631 2630 1743 2663 quidem

956 2658 1016 2686 sine
1048 2661 1165 2695 strepitu
1199 2663 1344 2693 descendit
1374 2660 1410 2695 de.
1438 2658 1542 2703 currui.
1573 2658 1743 2709 Hyacinthus

955 2710 1046 2732 autem
1065 2711 1094 2733 et
1112 2707 1207 2735 Protas
1223 2709 1257 2736 ab
1277 2711 1339 2739 aliis
1359 2713 1489 2742 similiter
1513 2714 1577 2745 sunt
1598 2707 1716 2755 separati
1732 2731 1740 2750 :

955 2751 1038 2779 inane
1057 2760 1121 2780 vero
1137 2755 1295 2783 vehiculum
1313 2764 1439 2787 secutum
1463 2767 1505 2790 est
1529 2771 1586 2797 eos,
1607 2767 1654 2800 qui
1669 2776 1740 2802 prte-

955 2798 1108 2831 cedehant,
1139 2801 1186 2836 qui
1216 2803 1350 2837 praibant
1375 2806 1470 2836 famuli
1501 2813 1599 2845 partim
1617 2798 1738 2850 quidem

956 2849 1068 2879 propter
1081 2850 1200 2881 tempus,
1214 2849 1316 2882 partitn
1329 2856 1420 2880 autem
1436 2857 1510 2890 quod
1525 2858 1644 2888 celatum
1657 2862 1692 2888 sit
1709 2862 1736 2891 iJ
