  <div class='ocr_page' id='page_1' title='image "/cluster/home/n/w/nwhite01/storage/ocr_20150623/116/njp.32101077772984/411.png"; bbox 0 0 2060 3153; ppageno 0'>
   <div class='ocr_carea' id='block_1_1' title="bbox 895 191 1271 224">
    <p class='ocr_par' dir='ltr' id='par_1_1' title="bbox 895 191 1271 224">
     <span class='ocr_line' id='line_1_1' title="bbox 895 191 1271 224; baseline -0.013 0"><span class='ocrx_word' id='word_1_1' title='bbox 895 193 1036 224; x_wconf 82' lang='lat' dir='ltr'><strong>MENSIS</strong></span> <span class='ocrx_word' id='word_1_2' title='bbox 1058 191 1271 222; x_wconf 75' lang='lat' dir='ltr'><strong>DECEMBER.</strong></span> 
     </span>
    </p>
   </div>
   <div class='ocr_carea' id='block_1_2' title="bbox 1864 185 1915 217">
    <p class='ocr_par' dir='ltr' id='par_1_2' title="bbox 1864 185 1915 217">
     <span class='ocr_line' id='line_1_2' title="bbox 1864 185 1915 217; baseline 0 0"><span class='ocrx_word' id='word_1_3' title='bbox 1864 185 1915 217; x_wconf 63' lang='lat'><strong>62$</strong></span> 
     </span>
    </p>
   </div>
   <div class='ocr_carea' id='block_1_3' title="bbox 288 242 1078 288">
    <p class='ocr_par' dir='ltr' id='par_1_3' title="bbox 288 251 1072 288">
     <span class='ocr_line' id='line_1_3' title="bbox 288 251 1072 288; baseline -0.004 -8"><span class='ocrx_word' id='word_1_4' title='bbox 288 253 362 287; x_wconf 86' lang='lat' dir='ltr'><strong>quod</strong></span> <span class='ocrx_word' id='word_1_5' title='bbox 384 253 542 288; x_wconf 74' lang='lat' dir='ltr'><strong>gerebatur,</strong></span> <span class='ocrx_word' id='word_1_6' title='bbox 566 253 638 281; x_wconf 80' lang='lat' dir='ltr'><strong>nihil</strong></span> <span class='ocrx_word' id='word_1_7' title='bbox 656 260 764 284; x_wconf 85' lang='lat' dir='ltr'><strong>eorum,</strong></span> <span class='ocrx_word' id='word_1_8' title='bbox 791 259 851 287; x_wconf 70' lang='lat' dir='ltr'><strong>qua:</strong></span> <span class='ocrx_word' id='word_1_9' title='bbox 868 259 938 286; x_wconf 92' lang='lat' dir='ltr'><strong>pone</strong></span> <span class='ocrx_word' id='word_1_10' title='bbox 961 251 1072 281; x_wconf 80' lang='lat' dir='ltr'><strong>ﬁebant,</strong></span> 
     </span>
    </p>
   </div>
   <div class='ocr_carea' id='block_1_4' title="bbox 1129 242 1914 288">
    <p class='ocr_par' dir='ltr' id='par_1_4' title="bbox 1129 242 1914 283">
     <span class='ocr_line' id='line_1_4' title="bbox 1129 242 1914 283; baseline -0.01 -8"><span class='ocrx_word' id='word_1_11' title='bbox 1129 249 1278 283; x_wconf 74' lang='grc' dir='ltr'>γενομένων</span> <span class='ocrx_word' id='word_1_12' title='bbox 1292 246 1460 281; x_wconf 67' lang='grc' dir='ltr'>αἰσθόμενοι,</span> <span class='ocrx_word' id='word_1_13' title='bbox 1477 245 1540 272; x_wconf 72' lang='grc' dir='ltr'>ἐπεὶ</span> <span class='ocrx_word' id='word_1_14' title='bbox 1555 245 1602 272; x_wconf 77' lang='grc' dir='ltr'>καὶ</span> <span class='ocrx_word' id='word_1_15' title='bbox 1618 245 1648 270; x_wconf 85' lang='grc' dir='ltr'><strong>τδ</strong></span> <span class='ocrx_word' id='word_1_16' title='bbox 1660 243 1730 276; x_wconf 77' lang='grc' dir='ltr'>ζῶον</span> <span class='ocrx_word' id='word_1_17' title='bbox 1748 242 1914 269; x_wconf 78' lang='grc' dir='ltr'><strong>ἀκολουθοῦν</strong></span> 
     </span>
    </p>
   </div>
   <div class='ocr_carea' id='block_1_5' title="bbox 287 295 1072 333">
    <p class='ocr_par' dir='ltr' id='par_1_5' title="bbox 287 295 1072 333">
     <span class='ocr_line' id='line_1_5' title="bbox 287 295 1072 333; baseline -0.005 -8"><span class='ocrx_word' id='word_1_18' title='bbox 287 298 449 331; x_wconf 73' lang='lat' dir='ltr'><strong>sentientes,</strong></span> <span class='ocrx_word' id='word_1_19' title='bbox 470 299 599 333; x_wconf 84' lang='lat' dir='ltr'><strong>quoniam</strong></span> <span class='ocrx_word' id='word_1_20' title='bbox 629 305 677 325; x_wconf 91' lang='lat' dir='ltr'><strong>eos</strong></span> <span class='ocrx_word' id='word_1_21' title='bbox 703 297 873 332; x_wconf 70' lang='lat' dir='ltr'><strong>sequebatur</strong></span> <span class='ocrx_word' id='word_1_22' title='bbox 900 295 1013 328; x_wconf 85' lang='lat' dir='ltr'><strong>animal,</strong></span> <span class='ocrx_word' id='word_1_23' title='bbox 1045 299 1072 321; x_wconf 76' lang='lat' dir='ltr'><strong>et</strong></span> 
     </span>
    </p>
   </div>
   <div class='ocr_carea' id='block_1_6' title="bbox 288 341 1070 378">
    <p class='ocr_par' dir='ltr' id='par_1_6' title="bbox 288 341 1070 378">
     <span class='ocr_line' id='line_1_6' title="bbox 288 341 1070 378; baseline -0.003 -9"><span class='ocrx_word' id='word_1_24' title='bbox 288 344 406 371; x_wconf 78' lang='lat' dir='ltr'><strong>maxime</strong></span> <span class='ocrx_word' id='word_1_25' title='bbox 432 343 486 371; x_wconf 86' lang='lat' dir='ltr'><strong>Deo</strong></span> <span class='ocrx_word' id='word_1_26' title='bbox 504 344 569 372; x_wconf 88' lang='lat' dir='ltr'><strong>huic</strong></span> <span class='ocrx_word' id='word_1_27' title='bbox 593 344 635 370; x_wconf 79' lang='lat' dir='ltr'><strong>rei</strong></span> <span class='ocrx_word' id='word_1_28' title='bbox 658 343 832 378; x_wconf 65' lang='lat' dir='ltr'><strong>providentia</strong></span> <span class='ocrx_word' id='word_1_29' title='bbox 856 349 905 369; x_wconf 86' lang='lat' dir='ltr'><strong>sua</strong></span> <span class='ocrx_word' id='word_1_30' title='bbox 929 349 1010 376; x_wconf 89' lang='lat' dir='ltr'><strong>opem</strong></span> <span class='ocrx_word' id='word_1_31' title='bbox 1033 341 1070 367; x_wconf 82' lang='lat' dir='ltr'><strong>fe-</strong></span> 
     </span>
    </p>
   </div>
   <div class='ocr_carea' id='block_1_7' title="bbox 288 387 1071 420">
    <p class='ocr_par' dir='ltr' id='par_1_7' title="bbox 288 387 1071 420">
     <span class='ocr_line' id='line_1_7' title="bbox 288 387 1071 420; baseline -0.005 -4"><span class='ocrx_word' id='word_1_32' title='bbox 288 393 376 419; x_wconf 83' lang='lat' dir='ltr'><strong>rente.</strong></span> <span class='ocrx_word' id='word_1_33' title='bbox 403 389 441 416; x_wconf 86' lang='lat' dir='ltr'><strong>ita</strong></span> <span class='ocrx_word' id='word_1_34' title='bbox 468 393 542 415; x_wconf 89' lang='lat' dir='ltr'><strong>recta</strong></span> <span class='ocrx_word' id='word_1_35' title='bbox 567 389 678 415; x_wconf 88' lang='lat' dir='ltr'><strong>iverunt</strong></span> <span class='ocrx_word' id='word_1_36' title='bbox 699 387 904 415; x_wconf 84' lang='lat' dir='ltr'><strong>Alexandriam.</strong></span> <span class='ocrx_word' id='word_1_37' title='bbox 924 387 1071 420; x_wconf 79' lang='lat' dir='ltr'><strong>Postquam</strong></span> 
     </span>
    </p>
   </div>
   <div class='ocr_carea' id='block_1_8' title="bbox 288 433 1072 470">
    <p class='ocr_par' dir='ltr' id='par_1_8' title="bbox 288 433 1072 470">
     <span class='ocr_line' id='line_1_8' title="bbox 288 433 1072 470; baseline -0.003 -9"><span class='ocrx_word' id='word_1_38' title='bbox 288 440 380 462; x_wconf 84' lang='lat' dir='ltr'><strong>autem</strong></span> <span class='ocrx_word' id='word_1_39' title='bbox 399 435 454 470; x_wconf 89' lang='lat' dir='ltr'><strong>jam</strong></span> <span class='ocrx_word' id='word_1_40' title='bbox 476 433 589 461; x_wconf 81' lang='lat' dir='ltr'><strong>fuerunt</strong></span> <span class='ocrx_word' id='word_1_41' title='bbox 610 441 696 469; x_wconf 83' lang='lat' dir='ltr'><strong>prope</strong></span> <span class='ocrx_word' id='word_1_42' title='bbox 715 434 867 465; x_wconf 85' lang='lat' dir='ltr'><strong>civitatem,</strong></span> <span class='ocrx_word' id='word_1_43' title='bbox 887 433 933 467; x_wconf 89' lang='lat' dir='ltr'><strong>qui</strong></span> <span class='ocrx_word' id='word_1_44' title='bbox 953 433 1072 460; x_wconf 81' lang='lat' dir='ltr'><strong>rescive-</strong></span> 
     </span>
    </p>
   </div>
   <div class='ocr_carea' id='block_1_9' title="bbox 289 478 1072 514">
    <p class='ocr_par' dir='ltr' id='par_1_9' title="bbox 289 478 1072 514">
     <span class='ocr_line' id='line_1_9' title="bbox 289 478 1072 514; baseline -0.003 -8"><span class='ocrx_word' id='word_1_45' title='bbox 289 484 354 506; x_wconf 90' lang='lat' dir='ltr'><strong>runt</strong></span> <span class='ocrx_word' id='word_1_46' title='bbox 366 479 477 514; x_wconf 90' lang='lat' dir='ltr'><strong>quidem</strong></span> <span class='ocrx_word' id='word_1_47' title='bbox 494 486 508 506; x_wconf 88' lang='lat' dir='ltr'><strong>e</strong></span> <span class='ocrx_word' id='word_1_48' title='bbox 521 479 603 506; x_wconf 92' lang='lat' dir='ltr'><strong>domo</strong></span> <span class='ocrx_word' id='word_1_49' title='bbox 615 479 754 511; x_wconf 75' lang='lat' dir='ltr'><strong>exierunt,</strong></span> <span class='ocrx_word' id='word_1_50' title='bbox 770 486 832 506; x_wconf 94' lang='lat' dir='ltr'><strong>cum</strong></span> <span class='ocrx_word' id='word_1_51' title='bbox 844 478 964 506; x_wconf 85' lang='lat' dir='ltr'><strong>maximo</strong></span> <span class='ocrx_word' id='word_1_52' title='bbox 973 478 1072 513; x_wconf 81' lang='lat' dir='ltr'><strong>gaudio</strong></span> 
     </span>
    </p>
   </div>
   <div class='ocr_carea' id='block_1_10' title="bbox 288 524 1073 560">
    <p class='ocr_par' dir='ltr' id='par_1_10' title="bbox 288 524 1073 560">
     <span class='ocr_line' id='line_1_10' title="bbox 288 524 1073 560; baseline -0.003 -8"><span class='ocrx_word' id='word_1_53' title='bbox 288 525 445 560; x_wconf 75' lang='lat' dir='ltr'><strong>suscepturi</strong></span> <span class='ocrx_word' id='word_1_54' title='bbox 475 525 636 559; x_wconf 75' lang='lat' dir='ltr'><strong>Eugenium,</strong></span> <span class='ocrx_word' id='word_1_55' title='bbox 671 524 913 551; x_wconf 86' lang='lat' dir='ltr'><strong>anteambulonum</strong></span> <span class='ocrx_word' id='word_1_56' title='bbox 947 524 1073 551; x_wconf 88' lang='lat' dir='ltr'><strong>videntes</strong></span> 
     </span>
    </p>
   </div>
   <div class='ocr_carea' id='block_1_11' title="bbox 288 570 1074 605">
    <p class='ocr_par' dir='ltr' id='par_1_11' title="bbox 288 570 1074 605">
     <span class='ocr_line' id='line_1_11' title="bbox 288 570 1074 605; baseline -0.003 -7"><span class='ocrx_word' id='word_1_57' title='bbox 288 570 508 602; x_wconf 84' lang='lat' dir='ltr'><strong>multitudinem,</strong></span> <span class='ocrx_word' id='word_1_58' title='bbox 529 575 557 598; x_wconf 89' lang='lat' dir='ltr'><strong>et</strong></span> <span class='ocrx_word' id='word_1_59' title='bbox 572 570 655 597; x_wconf 90' lang='lat' dir='ltr'><strong>alium</strong></span> <span class='ocrx_word' id='word_1_60' title='bbox 671 570 802 605; x_wconf 82' lang='lat' dir='ltr'><strong>deinceps</strong></span> <span class='ocrx_word' id='word_1_61' title='bbox 825 575 990 597; x_wconf 81' lang='lat' dir='ltr'><strong>conventum</strong></span> <span class='ocrx_word' id='word_1_62' title='bbox 1005 578 1074 604; x_wconf 84' lang='lat' dir='ltr'><strong>pue-</strong></span> 
     </span>
    </p>
   </div>
   <div class='ocr_carea' id='block_1_12' title="bbox 289 615 1073 651">
    <p class='ocr_par' dir='ltr' id='par_1_12' title="bbox 289 615 1073 651">
     <span class='ocr_line' id='line_1_12' title="bbox 289 615 1073 651; baseline -0.003 -8"><span class='ocrx_word' id='word_1_63' title='bbox 289 624 394 643; x_wconf 90' lang='lat' dir='ltr'><strong>rorum.</strong></span> <span class='ocrx_word' id='word_1_64' title='bbox 408 616 476 643; x_wconf 88' lang='lat' dir='ltr'><strong>Cum</strong></span> <span class='ocrx_word' id='word_1_65' title='bbox 486 623 553 643; x_wconf 88' lang='lat' dir='ltr'><strong>vero</strong></span> <span class='ocrx_word' id='word_1_66' title='bbox 561 616 617 651; x_wconf 80' lang='lat' dir='ltr'><strong>jam</strong></span> <span class='ocrx_word' id='word_1_67' title='bbox 630 623 715 650; x_wconf 83' lang='lat' dir='ltr'><strong>prope</strong></span> <span class='ocrx_word' id='word_1_68' title='bbox 725 619 829 648; x_wconf 87' lang='lat' dir='ltr'><strong>essent,</strong></span> <span class='ocrx_word' id='word_1_69' title='bbox 842 620 870 642; x_wconf 87' lang='lat' dir='ltr'><strong>et</strong></span> <span class='ocrx_word' id='word_1_70' title='bbox 882 615 966 642; x_wconf 86' lang='lat' dir='ltr'><strong>alacri</strong></span> <span class='ocrx_word' id='word_1_71' title='bbox 981 615 1073 642; x_wconf 91' lang='lat' dir='ltr'><strong>animo</strong></span> 
     </span>
    </p>
   </div>
   <div class='ocr_carea' id='block_1_13' title="bbox 288 660 1074 694">
    <p class='ocr_par' dir='ltr' id='par_1_13' title="bbox 288 660 1074 694">
     <span class='ocr_line' id='line_1_13' title="bbox 288 660 1074 694; baseline -0.004 -5"><span class='ocrx_word' id='word_1_72' title='bbox 288 662 321 689; x_wconf 87' lang='lat' dir='ltr'><strong>ad</strong></span> <span class='ocrx_word' id='word_1_73' title='bbox 341 661 499 689; x_wconf 78' lang='lat' dir='ltr'><strong>vehiculum</strong></span> <span class='ocrx_word' id='word_1_74' title='bbox 515 662 712 694; x_wconf 85' lang='lat' dir='ltr'><strong>accurrissent,</strong></span> <span class='ocrx_word' id='word_1_75' title='bbox 738 666 765 687; x_wconf 88' lang='lat' dir='ltr'><strong>et</strong></span> <span class='ocrx_word' id='word_1_76' title='bbox 783 660 941 687; x_wconf 79' lang='lat' dir='ltr'><strong>cathedram</strong></span> <span class='ocrx_word' id='word_1_77' title='bbox 963 660 1074 694; x_wconf 89' lang='lat' dir='ltr'><strong>quidem</strong></span> 
     </span>
    </p>
   </div>
   <div class='ocr_carea' id='block_1_14' title="bbox 288 705 1074 740">
    <p class='ocr_par' dir='ltr' id='par_1_14' title="bbox 288 705 1074 740">
     <span class='ocr_line' id='line_1_14' title="bbox 288 705 1074 740; baseline 0 -8"><span class='ocrx_word' id='word_1_78' title='bbox 288 705 423 733; x_wconf 72' lang='lat' dir='ltr'><strong>vidissent</strong></span> <span class='ocrx_word' id='word_1_79' title='bbox 444 713 569 738; x_wconf 81' lang='lat' dir='ltr'><strong>vacuam,</strong></span> <span class='ocrx_word' id='word_1_80' title='bbox 593 713 729 740; x_wconf 85' lang='lat' dir='ltr'><strong>nusquam</strong></span> <span class='ocrx_word' id='word_1_81' title='bbox 751 709 843 732; x_wconf 87' lang='lat' dir='ltr'><strong>autem</strong></span> <span class='ocrx_word' id='word_1_82' title='bbox 862 705 1025 740; x_wconf 80' lang='lat' dir='ltr'><strong>Eugeniam,</strong></span> <span class='ocrx_word' id='word_1_83' title='bbox 1046 712 1074 732; x_wconf 88' lang='lat' dir='ltr'><strong>re</strong></span> 
     </span>
    </p>
   </div>
   <div class='ocr_carea' id='block_1_15' title="bbox 289 750 1076 786">
    <p class='ocr_par' dir='ltr' id='par_1_15' title="bbox 289 750 1076 786">
     <span class='ocr_line' id='line_1_15' title="bbox 289 750 1076 786; baseline -0.004 -7"><span class='ocrx_word' id='word_1_84' title='bbox 289 752 432 786; x_wconf 78' lang='lat' dir='ltr'><strong>inopinata</strong></span> <span class='ocrx_word' id='word_1_85' title='bbox 451 757 478 779; x_wconf 87' lang='lat' dir='ltr'><strong>et</strong></span> <span class='ocrx_word' id='word_1_86' title='bbox 491 759 572 786; x_wconf 91' lang='lat' dir='ltr'><strong>quam</strong></span> <span class='ocrx_word' id='word_1_87' title='bbox 592 759 734 786; x_wconf 83' lang='lat' dir='ltr'><strong>nunquam</strong></span> <span class='ocrx_word' id='word_1_88' title='bbox 759 755 931 786; x_wconf 81' lang='lat' dir='ltr'><strong>sperassent,</strong></span> <span class='ocrx_word' id='word_1_89' title='bbox 949 750 1076 785; x_wconf 79' lang='lat' dir='ltr'><strong>obstupe-</strong></span> 
     </span>
    </p>
   </div>
   <div class='ocr_carea' id='block_1_16' title="bbox 290 796 1075 833">
    <p class='ocr_par' dir='ltr' id='par_1_16' title="bbox 290 796 1075 833">
     <span class='ocr_line' id='line_1_16' title="bbox 290 796 1075 833; baseline -0.001 -10"><span class='ocrx_word' id='word_1_90' title='bbox 290 798 365 831; x_wconf 76' lang='lat' dir='ltr'><strong>facti,</strong></span> <span class='ocrx_word' id='word_1_91' title='bbox 382 798 415 825; x_wconf 89' lang='lat' dir='ltr'><strong>ad</strong></span> <span class='ocrx_word' id='word_1_92' title='bbox 430 797 566 833; x_wconf 83' lang='lat' dir='ltr'><strong>lacrymas</strong></span> <span class='ocrx_word' id='word_1_93' title='bbox 581 802 608 825; x_wconf 89' lang='lat' dir='ltr'><strong>et</strong></span> <span class='ocrx_word' id='word_1_94' title='bbox 624 798 728 824; x_wconf 91' lang='lat' dir='ltr'><strong>luctum</strong></span> <span class='ocrx_word' id='word_1_95' title='bbox 750 796 784 823; x_wconf 90' lang='lat' dir='ltr'><strong>de</strong></span> <span class='ocrx_word' id='word_1_96' title='bbox 798 801 899 823; x_wconf 68' lang='lat' dir='ltr'><strong>caetero</strong></span> <span class='ocrx_word' id='word_1_97' title='bbox 922 800 988 823; x_wconf 85' lang='lat' dir='ltr'><strong>sunt</strong></span> <span class='ocrx_word' id='word_1_98' title='bbox 1006 803 1075 822; x_wconf 85' lang='lat' dir='ltr'><strong>eon-</strong></span> 
     </span>
    </p>
   </div>
   <div class='ocr_carea' id='block_1_17' title="bbox 291 841 1073 876">
    <p class='ocr_par' dir='ltr' id='par_1_17' title="bbox 291 841 1073 876">
     <span class='ocr_line' id='line_1_17' title="bbox 291 841 1073 876; baseline -0.003 -6"><span class='ocrx_word' id='word_1_99' title='bbox 291 844 372 876; x_wconf 50' lang='lat' dir='ltr'><strong>versi,</strong></span> <span class='ocrx_word' id='word_1_100' title='bbox 389 849 416 872; x_wconf 90' lang='lat' dir='ltr'><strong>et</strong></span> <span class='ocrx_word' id='word_1_101' title='bbox 429 843 614 871; x_wconf 86' lang='lat' dir='ltr'><strong>communiter</strong></span> <span class='ocrx_word' id='word_1_102' title='bbox 629 850 776 870; x_wconf 88' lang='lat' dir='ltr'><strong>commune</strong></span> <span class='ocrx_word' id='word_1_103' title='bbox 793 842 894 869; x_wconf 88' lang='lat' dir='ltr'><strong>bonum</strong></span> <span class='ocrx_word' id='word_1_104' title='bbox 916 841 1053 869; x_wconf 76' lang='lat' dir='ltr'><strong>deﬂebant</strong></span> <span class='ocrx_word' id='word_1_105' title='bbox 1067 851 1073 869; x_wconf 92' lang='lat'><strong>:</strong></span> 
     </span>
    </p>
   </div>
   <div class='ocr_carea' id='block_1_18' title="bbox 290 888 1075 922">
    <p class='ocr_par' dir='ltr' id='par_1_18' title="bbox 290 888 1075 922">
     <span class='ocr_line' id='line_1_18' title="bbox 290 888 1075 922; baseline -0.003 -5"><span class='ocrx_word' id='word_1_106' title='bbox 290 890 361 922; x_wconf 88' lang='lat' dir='ltr'><strong>Quid</strong></span> <span class='ocrx_word' id='word_1_107' title='bbox 375 891 477 918; x_wconf 80' lang='lat' dir='ltr'><strong>factum</strong></span> <span class='ocrx_word' id='word_1_108' title='bbox 493 889 554 917; x_wconf 87' lang='lat' dir='ltr'><strong>est?</strong></span> <span class='ocrx_word' id='word_1_109' title='bbox 569 888 641 922; x_wconf 87' lang='lat' dir='ltr'><strong>Quid</strong></span> <span class='ocrx_word' id='word_1_110' title='bbox 663 893 755 916; x_wconf 87' lang='lat' dir='ltr'><strong>aetum</strong></span> <span class='ocrx_word' id='word_1_111' title='bbox 773 888 835 915; x_wconf 89' lang='lat' dir='ltr'><strong>est?</strong></span> <span class='ocrx_word' id='word_1_112' title='bbox 855 888 999 921; x_wconf 83' lang='lat' dir='ltr'><strong>Quodnam</strong></span> <span class='ocrx_word' id='word_1_113' title='bbox 1016 896 1075 915; x_wconf 83' lang='lat' dir='ltr'><strong>ma—</strong></span> 
     </span>
    </p>
   </div>
   <div class='ocr_carea' id='block_1_19' title="bbox 291 934 1075 972">
    <p class='ocr_par' dir='ltr' id='par_1_19' title="bbox 291 934 1075 972">
     <span class='ocr_line' id='line_1_19' title="bbox 291 934 1075 972; baseline -0.003 -9"><span class='ocrx_word' id='word_1_114' title='bbox 291 937 346 963; x_wconf 92' lang='lat' dir='ltr'><strong>lum</strong></span> <span class='ocrx_word' id='word_1_115' title='bbox 361 936 574 972; x_wconf 75' lang='lat' dir='ltr'><strong>inexpugnabile</strong></span> <span class='ocrx_word' id='word_1_116' title='bbox 591 936 672 963; x_wconf 88' lang='lat' dir='ltr'><strong>nobis</strong></span> <span class='ocrx_word' id='word_1_117' title='bbox 685 935 805 963; x_wconf 87' lang='lat' dir='ltr'><strong>accidit?</strong></span> <span class='ocrx_word' id='word_1_118' title='bbox 819 935 954 962; x_wconf 88' lang='lat' dir='ltr'><strong>dicentes.</strong></span> <span class='ocrx_word' id='word_1_119' title='bbox 970 934 1075 962; x_wconf 87' lang='lat' dir='ltr'><strong>Deinde</strong></span> 
     </span>
    </p>
   </div>
   <div class='ocr_carea' id='block_1_20' title="bbox 292 980 1075 1016">
    <p class='ocr_par' dir='ltr' id='par_1_20' title="bbox 292 980 1075 1016">
     <span class='ocr_line' id='line_1_20' title="bbox 292 980 1075 1016; baseline -0.001 -9"><span class='ocrx_word' id='word_1_120' title='bbox 292 982 402 1008; x_wconf 85' lang='lat' dir='ltr'><strong>nomine</strong></span> <span class='ocrx_word' id='word_1_121' title='bbox 433 981 569 1008; x_wconf 87' lang='lat' dir='ltr'><strong>vocabant</strong></span> <span class='ocrx_word' id='word_1_122' title='bbox 602 981 773 1016; x_wconf 75' lang='lat' dir='ltr'><strong>Eugeniam,</strong></span> <span class='ocrx_word' id='word_1_123' title='bbox 805 981 910 1007; x_wconf 86' lang='lat' dir='ltr'><strong>vultum</strong></span> <span class='ocrx_word' id='word_1_124' title='bbox 945 980 1075 1007; x_wconf 79' lang='lat' dir='ltr'><strong>ferientes</strong></span> 
     </span>
    </p>
   </div>
   <div class='ocr_carea' id='block_1_21' title="bbox 291 1026 1074 1062">
    <p class='ocr_par' dir='ltr' id='par_1_21' title="bbox 291 1026 1074 1062">
     <span class='ocr_line' id='line_1_21' title="bbox 291 1026 1074 1062; baseline 0 -10"><span class='ocrx_word' id='word_1_125' title='bbox 291 1027 431 1059; x_wconf 77' lang='lat' dir='ltr'><strong>manibus,</strong></span> <span class='ocrx_word' id='word_1_126' title='bbox 457 1026 627 1062; x_wconf 80' lang='lat' dir='ltr'><strong>plangentes,</strong></span> <span class='ocrx_word' id='word_1_127' title='bbox 647 1030 675 1053; x_wconf 89' lang='lat' dir='ltr'><strong>et</strong></span> <span class='ocrx_word' id='word_1_128' title='bbox 694 1026 774 1060; x_wconf 88' lang='lat' dir='ltr'><strong>plane</strong></span> <span class='ocrx_word' id='word_1_129' title='bbox 795 1026 942 1053; x_wconf 87' lang='lat' dir='ltr'><strong>temulenti</strong></span> <span class='ocrx_word' id='word_1_130' title='bbox 967 1026 1074 1053; x_wconf 88' lang='lat' dir='ltr'><strong>dolore.</strong></span> 
     </span>
    </p>
   </div>
   <div class='ocr_carea' id='block_1_22' title="bbox 291 1071 1076 1106">
    <p class='ocr_par' dir='ltr' id='par_1_22' title="bbox 291 1071 1076 1106">
     <span class='ocr_line' id='line_1_22' title="bbox 291 1071 1076 1106; baseline 0 -9"><span class='ocrx_word' id='word_1_131' title='bbox 291 1071 345 1098; x_wconf 85' lang='lat' dir='ltr'><strong>Sed</strong></span> <span class='ocrx_word' id='word_1_132' title='bbox 367 1071 424 1098; x_wconf 64' lang='lat' dir='ltr'><strong>haec</strong></span> <span class='ocrx_word' id='word_1_133' title='bbox 443 1071 555 1106; x_wconf 81' lang='lat' dir='ltr'><strong>quidem</strong></span> <span class='ocrx_word' id='word_1_134' title='bbox 570 1071 637 1098; x_wconf 78' lang='lat' dir='ltr'><strong>foris</strong></span> <span class='ocrx_word' id='word_1_135' title='bbox 653 1071 791 1098; x_wconf 86' lang='lat' dir='ltr'><strong>faciebant</strong></span> <span class='ocrx_word' id='word_1_136' title='bbox 809 1071 890 1098; x_wconf 80' lang='lat' dir='ltr'><strong>amici</strong></span> <span class='ocrx_word' id='word_1_137' title='bbox 913 1075 941 1097; x_wconf 81' lang='lat' dir='ltr'><strong>et</strong></span> <span class='ocrx_word' id='word_1_138' title='bbox 957 1071 1025 1103; x_wconf 91' lang='lat' dir='ltr'><strong>noti,</strong></span> <span class='ocrx_word' id='word_1_139' title='bbox 1049 1075 1076 1098; x_wconf 80' lang='lat' dir='ltr'><strong>et</strong></span> 
     </span>
    </p>
   </div>
   <div class='ocr_carea' id='block_1_23' title="bbox 290 1117 1076 1152">
    <p class='ocr_par' dir='ltr' id='par_1_23' title="bbox 290 1117 1076 1152">
     <span class='ocr_line' id='line_1_23' title="bbox 290 1117 1076 1152; baseline 0 -9"><span class='ocrx_word' id='word_1_140' title='bbox 290 1117 392 1152; x_wconf 79' lang='lat' dir='ltr'><strong>quibus</strong></span> <span class='ocrx_word' id='word_1_141' title='bbox 408 1117 482 1144; x_wconf 88' lang='lat' dir='ltr'><strong>nulla</strong></span> <span class='ocrx_word' id='word_1_142' title='bbox 500 1124 561 1144; x_wconf 90' lang='lat' dir='ltr'><strong>cum</strong></span> <span class='ocrx_word' id='word_1_143' title='bbox 576 1124 608 1144; x_wconf 89' lang='lat' dir='ltr'><strong>ea</strong></span> <span class='ocrx_word' id='word_1_144' title='bbox 626 1117 815 1144; x_wconf 87' lang='lat' dir='ltr'><strong>intercedebat</strong></span> <span class='ocrx_word' id='word_1_145' title='bbox 831 1117 990 1152; x_wconf 84' lang='lat' dir='ltr'><strong>conjunctio</strong></span> <span class='ocrx_word' id='word_1_146' title='bbox 1012 1125 1076 1144; x_wconf 86' lang='lat' dir='ltr'><strong>san-</strong></span> 
     </span>
    </p>
   </div>
   <div class='ocr_carea' id='block_1_24' title="bbox 290 1162 1075 1198">
    <p class='ocr_par' dir='ltr' id='par_1_24' title="bbox 290 1162 1075 1198">
     <span class='ocr_line' id='line_1_24' title="bbox 290 1162 1075 1198; baseline 0.003 -10"><span class='ocrx_word' id='word_1_147' title='bbox 290 1162 392 1197; x_wconf 71' lang='lat' dir='ltr'><strong>guinis.</strong></span> <span class='ocrx_word' id='word_1_148' title='bbox 413 1162 515 1189; x_wconf 87' lang='lat' dir='ltr'><strong>Eorum</strong></span> <span class='ocrx_word' id='word_1_149' title='bbox 536 1167 639 1194; x_wconf 79' lang='lat' dir='ltr'><strong>autent,</strong></span> <span class='ocrx_word' id='word_1_150' title='bbox 654 1163 700 1198; x_wconf 91' lang='lat' dir='ltr'><strong>qui</strong></span> <span class='ocrx_word' id='word_1_151' title='bbox 716 1163 792 1190; x_wconf 87' lang='lat' dir='ltr'><strong>intus</strong></span> <span class='ocrx_word' id='word_1_152' title='bbox 813 1168 905 1196; x_wconf 83' lang='lat' dir='ltr'><strong>erant,</strong></span> <span class='ocrx_word' id='word_1_153' title='bbox 927 1164 990 1198; x_wconf 84' lang='lat' dir='ltr'><strong>quis</strong></span> <span class='ocrx_word' id='word_1_154' title='bbox 1007 1163 1075 1191; x_wconf 80' lang='lat' dir='ltr'><strong>satis</strong></span> 
     </span>
    </p>
   </div>
   <div class='ocr_carea' id='block_1_25' title="bbox 292 1208 1075 1244">
    <p class='ocr_par' dir='ltr' id='par_1_25' title="bbox 292 1208 1075 1244">
     <span class='ocr_line' id='line_1_25' title="bbox 292 1208 1075 1244; baseline 0.004 -11"><span class='ocrx_word' id='word_1_155' title='bbox 292 1209 393 1243; x_wconf 77' lang='lat' dir='ltr'><strong>tragice</strong></span> <span class='ocrx_word' id='word_1_156' title='bbox 414 1208 594 1244; x_wconf 88' lang='lat' dir='ltr'><strong>descripserit</strong></span> <span class='ocrx_word' id='word_1_157' title='bbox 612 1209 813 1236; x_wconf 86' lang='lat' dir='ltr'><strong>calamitatem?</strong></span> <span class='ocrx_word' id='word_1_158' title='bbox 844 1209 976 1236; x_wconf 85' lang='lat' dir='ltr'><strong>Parentes</strong></span> <span class='ocrx_word' id='word_1_159' title='bbox 1001 1209 1075 1236; x_wconf 87' lang='lat' dir='ltr'><strong>enim</strong></span> 
     </span>
    </p>
   </div>
   <div class='ocr_carea' id='block_1_26' title="bbox 291 1253 1079 1289">
    <p class='ocr_par' dir='ltr' id='par_1_26' title="bbox 291 1253 1079 1289">
     <span class='ocr_line' id='line_1_26' title="bbox 291 1253 1079 1289; baseline 0.001 -10"><span class='ocrx_word' id='word_1_160' title='bbox 291 1253 492 1288; x_wconf 80' lang='lat' dir='ltr'><strong>propemodum</strong></span> <span class='ocrx_word' id='word_1_161' title='bbox 517 1258 653 1280; x_wconf 90' lang='lat' dir='ltr'><strong>venerunt</strong></span> <span class='ocrx_word' id='word_1_162' title='bbox 676 1253 709 1280; x_wconf 87' lang='lat' dir='ltr'><strong>ad</strong></span> <span class='ocrx_word' id='word_1_163' title='bbox 725 1254 865 1288; x_wconf 82' lang='lat' dir='ltr'><strong>laqueum,</strong></span> <span class='ocrx_word' id='word_1_164' title='bbox 888 1259 915 1280; x_wconf 90' lang='lat' dir='ltr'><strong>ct</strong></span> <span class='ocrx_word' id='word_1_165' title='bbox 935 1262 1079 1289; x_wconf 87' lang='lat' dir='ltr'><strong>propemo-</strong></span> 
     </span>
    </p>
   </div>
   <div class='ocr_carea' id='block_1_27' title="bbox 292 1298 1080 1333">
    <p class='ocr_par' dir='ltr' id='par_1_27' title="bbox 292 1298 1080 1333">
     <span class='ocr_line' id='line_1_27' title="bbox 292 1298 1080 1333; baseline 0.003 -9"><span class='ocrx_word' id='word_1_166' title='bbox 292 1299 356 1326; x_wconf 80' lang='lat' dir='ltr'><strong>dum</strong></span> <span class='ocrx_word' id='word_1_167' title='bbox 386 1306 415 1326; x_wconf 77' lang='lat' dir='ltr'><strong>se</strong></span> <span class='ocrx_word' id='word_1_168' title='bbox 440 1301 518 1326; x_wconf 88' lang='lat' dir='ltr'><strong>ense&#39;</strong></span> <span class='ocrx_word' id='word_1_169' title='bbox 539 1299 732 1330; x_wconf 76' lang='lat' dir='ltr'><strong>eontixerunt,</strong></span> <span class='ocrx_word' id='word_1_170' title='bbox 760 1298 827 1332; x_wconf 90' lang='lat' dir='ltr'><strong>quid</strong></span> <span class='ocrx_word' id='word_1_171' title='bbox 856 1306 910 1325; x_wconf 90' lang='lat' dir='ltr'><strong>non</strong></span> <span class='ocrx_word' id='word_1_172' title='bbox 935 1298 1080 1333; x_wconf 85' lang='lat' dir='ltr'><strong>loquentes</strong></span> 
     </span>
    </p>
   </div>
   <div class='ocr_carea' id='block_1_28' title="bbox 293 1343 1078 1380">
    <p class='ocr_par' dir='ltr' id='par_1_28' title="bbox 293 1343 1078 1380">
     <span class='ocr_line' id='line_1_28' title="bbox 293 1343 1078 1380; baseline 0.001 -10"><span class='ocrx_word' id='word_1_173' title='bbox 293 1345 470 1373; x_wconf 85' lang='lat' dir='ltr'><strong>miserabile?</strong></span> <span class='ocrx_word' id='word_1_174' title='bbox 486 1344 552 1379; x_wconf 90' lang='lat' dir='ltr'><strong>quid</strong></span> <span class='ocrx_word' id='word_1_175' title='bbox 572 1351 628 1371; x_wconf 90' lang='lat' dir='ltr'><strong>non</strong></span> <span class='ocrx_word' id='word_1_176' title='bbox 649 1343 783 1370; x_wconf 84' lang='lat' dir='ltr'><strong>facientes</strong></span> <span class='ocrx_word' id='word_1_177' title='bbox 798 1344 912 1379; x_wconf 77' lang='lat' dir='ltr'><strong>dignum</strong></span> <span class='ocrx_word' id='word_1_178' title='bbox 931 1344 1078 1380; x_wconf 79' lang='lat' dir='ltr'><strong>laerymis?</strong></span> 
     </span>
    </p>
   </div>
   <div class='ocr_carea' id='block_1_29' title="bbox 293 1389 1077 1424">
    <p class='ocr_par' dir='ltr' id='par_1_29' title="bbox 293 1389 1077 1424">
     <span class='ocr_line' id='line_1_29' title="bbox 293 1389 1077 1424; baseline 0 -8"><span class='ocrx_word' id='word_1_179' title='bbox 293 1390 383 1417; x_wconf 85' lang='lat' dir='ltr'><strong>Genas</strong></span> <span class='ocrx_word' id='word_1_180' title='bbox 408 1390 579 1423; x_wconf 84' lang='lat' dir='ltr'><strong>lacerabant,</strong></span> <span class='ocrx_word' id='word_1_181' title='bbox 606 1389 747 1423; x_wconf 79' lang='lat' dir='ltr'><strong>pulverem</strong></span> <span class='ocrx_word' id='word_1_182' title='bbox 774 1389 857 1424; x_wconf 86' lang='lat' dir='ltr'><strong>capiti</strong></span> <span class='ocrx_word' id='word_1_183' title='bbox 883 1389 1077 1423; x_wconf 77' lang='lat' dir='ltr'><strong>infundebant,</strong></span> 
     </span>
    </p>
   </div>
   <div class='ocr_carea' id='block_1_30' title="bbox 293 1434 1078 1470">
    <p class='ocr_par' dir='ltr' id='par_1_30' title="bbox 293 1434 1078 1470">
     <span class='ocr_line' id='line_1_30' title="bbox 293 1434 1078 1470; baseline 0.001 -10"><span class='ocrx_word' id='word_1_184' title='bbox 293 1443 322 1461; x_wconf 74' lang='lat' dir='ltr'><strong>se</strong></span> <span class='ocrx_word' id='word_1_185' title='bbox 343 1435 419 1462; x_wconf 88' lang='lat' dir='ltr'><strong>humi</strong></span> <span class='ocrx_word' id='word_1_186' title='bbox 438 1435 556 1470; x_wconf 86' lang='lat' dir='ltr'><strong>turpiter</strong></span> <span class='ocrx_word' id='word_1_187' title='bbox 577 1434 800 1470; x_wconf 81' lang='lat' dir='ltr'><strong>prosternebant,</strong></span> <span class='ocrx_word' id='word_1_188' title='bbox 821 1437 920 1462; x_wconf 86' lang='lat' dir='ltr'><strong>acerbe</strong></span> <span class='ocrx_word' id='word_1_189' title='bbox 940 1436 1078 1462; x_wconf 72' lang='lat' dir='ltr'><strong>exclama-</strong></span> 
     </span>
    </p>
   </div>
   <div class='ocr_carea' id='block_1_31' title="bbox 295 1479 1077 1515">
    <p class='ocr_par' dir='ltr' id='par_1_31' title="bbox 295 1479 1077 1515">
     <span class='ocr_line' id='line_1_31' title="bbox 295 1479 1077 1515; baseline 0.001 -8"><span class='ocrx_word' id='word_1_190' title='bbox 295 1482 373 1511; x_wconf 88' lang='lat' dir='ltr'><strong>bant,</strong></span> <span class='ocrx_word' id='word_1_191' title='bbox 400 1485 528 1515; x_wconf 83' lang='lat' dir='ltr'><strong>parentes</strong></span> <span class='ocrx_word' id='word_1_192' title='bbox 557 1479 652 1510; x_wconf 80' lang='lat' dir='ltr'><strong>tiliam,</strong></span> <span class='ocrx_word' id='word_1_193' title='bbox 680 1479 780 1508; x_wconf 79' lang='lat' dir='ltr'><strong>fratres</strong></span> <span class='ocrx_word' id='word_1_194' title='bbox 806 1482 974 1515; x_wconf 68' lang='lat' dir='ltr'><strong>germanam.</strong></span> <span class='ocrx_word' id='word_1_195' title='bbox 1002 1481 1077 1508; x_wconf 83' lang='lat' dir='ltr'><strong>servi</strong></span> 
     </span>
    </p>
   </div>
   <div class='ocr_carea' id='block_1_32' title="bbox 294 1526 1087 1560">
    <p class='ocr_par' dir='ltr' id='par_1_32' title="bbox 294 1526 1087 1560">
     <span class='ocr_line' id='line_1_32' title="bbox 294 1526 1087 1560; baseline 0 -6"><span class='ocrx_word' id='word_1_196' title='bbox 294 1527 451 1560; x_wconf 71' lang='lat' dir='ltr'><strong>dntltltlﬂlll;</strong></span> <span class='ocrx_word' id='word_1_197' title='bbox 479 1526 572 1553; x_wconf 90' lang='lat' dir='ltr'><strong>nullus</strong></span> <span class='ocrx_word' id='word_1_198' title='bbox 597 1527 797 1560; x_wconf 82' lang='lat' dir='ltr'><strong>invulneratus,</strong></span> <span class='ocrx_word' id='word_1_199' title='bbox 827 1527 919 1554; x_wconf 90' lang='lat' dir='ltr'><strong>nullus</strong></span> <span class='ocrx_word' id='word_1_200' title='bbox 956 1527 1026 1554; x_wconf 90' lang='lat' dir='ltr'><strong>liber</strong></span> <span class='ocrx_word' id='word_1_201' title='bbox 1052 1527 1087 1554; x_wconf 89' lang='lat' dir='ltr'><strong>ab</strong></span> 
     </span>
    </p>
   </div>
   <div class='ocr_carea' id='block_1_33' title="bbox 295 1572 800 1607">
    <p class='ocr_par' dir='ltr' id='par_1_33' title="bbox 295 1572 800 1607">
     <span class='ocr_line' id='line_1_33' title="bbox 295 1572 800 1607; baseline -0.002 -7"><span class='ocrx_word' id='word_1_202' title='bbox 295 1574 407 1600; x_wconf 82' lang='lat' dir='ltr'><strong>domum</strong></span> <span class='ocrx_word' id='word_1_203' title='bbox 428 1573 531 1607; x_wconf 84' lang='lat' dir='ltr'><strong>absque</strong></span> <span class='ocrx_word' id='word_1_204' title='bbox 547 1572 610 1607; x_wconf 75' lang='lat' dir='ltr'><strong>igne</strong></span> <span class='ocrx_word' id='word_1_205' title='bbox 628 1572 800 1600; x_wconf 88' lang='lat' dir='ltr'><strong>incendium.</strong></span> 
     </span>
    </p>
   </div>
   <div class='ocr_carea' id='block_1_34' title="bbox 330 1617 1115 1655">
    <p class='ocr_par' dir='ltr' id='par_1_34' title="bbox 330 1617 1115 1655">
     <span class='ocr_line' id='line_1_34' title="bbox 330 1617 1115 1655; baseline -0.001 -9"><span class='ocrx_word' id='word_1_206' title='bbox 330 1619 400 1646; x_wconf 69' lang='lat' dir='ltr'><strong>Xlll.</strong></span> <span class='ocrx_word' id='word_1_207' title='bbox 420 1617 473 1645; x_wconf 89' lang='lat' dir='ltr'><strong>Sed</strong></span> <span class='ocrx_word' id='word_1_208' title='bbox 484 1622 629 1653; x_wconf 82' lang='lat' dir='ltr'><strong>postquam</strong></span> <span class='ocrx_word' id='word_1_209' title='bbox 646 1618 759 1645; x_wconf 82' lang='lat' dir='ltr'><strong>inutiles</strong></span> <span class='ocrx_word' id='word_1_210' title='bbox 773 1617 903 1645; x_wconf 87' lang='lat' dir='ltr'><strong>viderunt</strong></span> <span class='ocrx_word' id='word_1_211' title='bbox 916 1625 976 1646; x_wconf 90' lang='lat' dir='ltr'><strong>esse</strong></span> <span class='ocrx_word' id='word_1_212' title='bbox 988 1618 1076 1655; x_wconf 52' lang='lat' dir='ltr'><strong>laery-</strong></span> <span class='ocrx_word' id='word_1_213' title='bbox 1092 1623 1115 1654; x_wconf 74' lang='grc' dir='ltr'><em>ο</em></span> 
     </span>
    </p>
   </div>
   <div class='ocr_carea' id='block_1_35' title="bbox 293 1664 1075 1699">
    <p class='ocr_par' dir='ltr' id='par_1_35' title="bbox 293 1664 1075 1699">
     <span class='ocr_line' id='line_1_35' title="bbox 293 1664 1075 1699; baseline -0.001 -6"><span class='ocrx_word' id='word_1_214' title='bbox 293 1674 361 1699; x_wconf 86' lang='lat' dir='ltr'><strong>mas,</strong></span> <span class='ocrx_word' id='word_1_215' title='bbox 379 1666 505 1692; x_wconf 80' lang='lat' dir='ltr'><strong>conversi</strong></span> <span class='ocrx_word' id='word_1_216' title='bbox 530 1668 595 1692; x_wconf 87' lang='lat' dir='ltr'><strong>sunt</strong></span> <span class='ocrx_word' id='word_1_217' title='bbox 619 1665 651 1691; x_wconf 86' lang='lat' dir='ltr'><strong>ad</strong></span> <span class='ocrx_word' id='word_1_218' title='bbox 670 1664 849 1699; x_wconf 68' lang='lat' dir='ltr'><strong>qumrendam</strong></span> <span class='ocrx_word' id='word_1_219' title='bbox 873 1664 1075 1692; x_wconf 82' lang='lat' dir='ltr'><strong>charissimam.</strong></span> 
     </span>
    </p>
   </div>
   <div class='ocr_carea' id='block_1_36' title="bbox 294 1710 1076 1746">
    <p class='ocr_par' dir='ltr' id='par_1_36' title="bbox 294 1710 1076 1746">
     <span class='ocr_line' id='line_1_36' title="bbox 294 1710 1076 1746; baseline 0 -8"><span class='ocrx_word' id='word_1_220' title='bbox 294 1710 501 1745; x_wconf 81' lang='lat' dir='ltr'><strong>lntcrrogabant</strong></span> <span class='ocrx_word' id='word_1_221' title='bbox 511 1716 690 1743; x_wconf 89' lang='lat' dir='ltr'><strong>mercatores,</strong></span> <span class='ocrx_word' id='word_1_222' title='bbox 705 1710 956 1745; x_wconf 84' lang='lat' dir='ltr'><strong>percunctabantur</strong></span> <span class='ocrx_word' id='word_1_223' title='bbox 968 1712 1076 1746; x_wconf 73' lang='lat' dir='ltr'><strong>agrico-</strong></span> 
     </span>
    </p>
   </div>
   <div class='ocr_carea' id='block_1_37' title="bbox 295 1756 1077 1791">
    <p class='ocr_par' dir='ltr' id='par_1_37' title="bbox 295 1756 1077 1791">
     <span class='ocr_line' id='line_1_37' title="bbox 295 1756 1077 1791; baseline -0.001 -6"><span class='ocrx_word' id='word_1_224' title='bbox 295 1758 345 1789; x_wconf 80' lang='lat' dir='ltr'><strong>las,</strong></span> <span class='ocrx_word' id='word_1_225' title='bbox 371 1756 539 1791; x_wconf 70' lang='lat' dir='ltr'><strong>praediorum</strong></span> <span class='ocrx_word' id='word_1_226' title='bbox 561 1756 743 1789; x_wconf 87' lang='lat' dir='ltr'><strong>habitatores,</strong></span> <span class='ocrx_word' id='word_1_227' title='bbox 764 1761 791 1783; x_wconf 89' lang='lat' dir='ltr'><strong>et</strong></span> <span class='ocrx_word' id='word_1_228' title='bbox 806 1757 912 1784; x_wconf 90' lang='lat' dir='ltr'><strong>viarum</strong></span> <span class='ocrx_word' id='word_1_229' title='bbox 928 1757 1077 1786; x_wconf 26' lang='lat' dir='ltr'><strong>custodiis:</strong></span> 
     </span>
    </p>
   </div>
   <div class='ocr_carea' id='block_1_38' title="bbox 295 1804 1080 1838">
    <p class='ocr_par' dir='ltr' id='par_1_38' title="bbox 295 1804 1080 1838">
     <span class='ocr_line' id='line_1_38' title="bbox 295 1804 1080 1838; baseline 0 -7"><span class='ocrx_word' id='word_1_230' title='bbox 295 1804 510 1832; x_wconf 78' lang='lat' dir='ltr'><strong>sciscitabantur</strong></span> <span class='ocrx_word' id='word_1_231' title='bbox 532 1808 610 1831; x_wconf 86' lang='lat' dir='ltr'><strong>vates</strong></span> <span class='ocrx_word' id='word_1_232' title='bbox 637 1804 836 1838; x_wconf 81' lang='lat' dir='ltr'><strong>ventriloquos,</strong></span> <span class='ocrx_word' id='word_1_233' title='bbox 864 1808 892 1831; x_wconf 87' lang='lat' dir='ltr'><strong>et</strong></span> <span class='ocrx_word' id='word_1_234' title='bbox 914 1805 1005 1831; x_wconf 87' lang='lat' dir='ltr'><strong>omnia</strong></span> <span class='ocrx_word' id='word_1_235' title='bbox 1028 1805 1080 1832; x_wconf 81' lang='lat' dir='ltr'><strong>da:-</strong></span> 
     </span>
    </p>
   </div>
   <div class='ocr_carea' id='block_1_39' title="bbox 295 1850 1080 1885">
    <p class='ocr_par' dir='ltr' id='par_1_39' title="bbox 295 1850 1080 1885">
     <span class='ocr_line' id='line_1_39' title="bbox 295 1850 1080 1885; baseline 0 -7"><span class='ocrx_word' id='word_1_236' title='bbox 295 1859 407 1878; x_wconf 87' lang='lat' dir='ltr'><strong>monum</strong></span> <span class='ocrx_word' id='word_1_237' title='bbox 423 1850 545 1882; x_wconf 86' lang='lat' dir='ltr'><strong>oracula,</strong></span> <span class='ocrx_word' id='word_1_238' title='bbox 562 1854 591 1877; x_wconf 87' lang='lat' dir='ltr'><strong>et</strong></span> <span class='ocrx_word' id='word_1_239' title='bbox 607 1858 639 1877; x_wconf 85' lang='lat' dir='ltr'><strong>ea</strong></span> <span class='ocrx_word' id='word_1_240' title='bbox 653 1850 799 1885; x_wconf 82' lang='lat' dir='ltr'><strong>plaeabant</strong></span> <span class='ocrx_word' id='word_1_241' title='bbox 816 1855 843 1877; x_wconf 90' lang='lat' dir='ltr'><strong>et</strong></span> <span class='ocrx_word' id='word_1_242' title='bbox 856 1851 982 1878; x_wconf 82' lang='lat' dir='ltr'><strong>colebant</strong></span> <span class='ocrx_word' id='word_1_243' title='bbox 995 1851 1080 1878; x_wconf 83' lang='lat' dir='ltr'><strong>sacri-</strong></span> 
     </span>
    </p>
   </div>
   <div class='ocr_carea' id='block_1_40' title="bbox 295 1896 1081 1932">
    <p class='ocr_par' dir='ltr' id='par_1_40' title="bbox 295 1896 1081 1932">
     <span class='ocr_line' id='line_1_40' title="bbox 295 1896 1081 1932; baseline -0.001 -8"><span class='ocrx_word' id='word_1_244' title='bbox 295 1897 374 1924; x_wconf 73' lang='lat' dir='ltr'><strong>lit-iis.</strong></span> <span class='ocrx_word' id='word_1_245' title='bbox 393 1896 461 1923; x_wconf 89' lang='lat' dir='ltr'><strong>Cum</strong></span> <span class='ocrx_word' id='word_1_246' title='bbox 480 1901 571 1923; x_wconf 84' lang='lat' dir='ltr'><strong>autem</strong></span> <span class='ocrx_word' id='word_1_247' title='bbox 590 1903 645 1923; x_wconf 92' lang='lat' dir='ltr'><strong>non</strong></span> <span class='ocrx_word' id='word_1_248' title='bbox 665 1896 838 1923; x_wconf 85' lang='lat' dir='ltr'><strong>inveniretur</strong></span> <span class='ocrx_word' id='word_1_249' title='bbox 855 1904 887 1924; x_wconf 87' lang='lat' dir='ltr'><strong>ea</strong></span> <span class='ocrx_word' id='word_1_250' title='bbox 903 1904 964 1932; x_wconf 71' lang='lat' dir='ltr'><strong>qua:</strong></span> <span class='ocrx_word' id='word_1_251' title='bbox 975 1904 1081 1932; x_wconf 62' lang='lat' dir='ltr'><strong>quaere-</strong></span> 
     </span>
    </p>
   </div>
   <div class='ocr_carea' id='block_1_41' title="bbox 295 1941 1079 1977">
    <p class='ocr_par' dir='ltr' id='par_1_41' title="bbox 295 1941 1079 1977">
     <span class='ocr_line' id='line_1_41' title="bbox 295 1941 1079 1977; baseline -0.003 -7"><span class='ocrx_word' id='word_1_252' title='bbox 295 1944 384 1975; x_wconf 83' lang='lat' dir='ltr'><strong>batur,</strong></span> <span class='ocrx_word' id='word_1_253' title='bbox 400 1942 560 1977; x_wconf 82' lang='lat' dir='ltr'><strong>parentibus</strong></span> <span class='ocrx_word' id='word_1_254' title='bbox 577 1950 662 1970; x_wconf 87' lang='lat' dir='ltr'><strong>unum</strong></span> <span class='ocrx_word' id='word_1_255' title='bbox 684 1942 848 1977; x_wconf 75' lang='lat' dir='ltr'><strong>excogitant,</strong></span> <span class='ocrx_word' id='word_1_256' title='bbox 865 1942 912 1977; x_wconf 89' lang='lat' dir='ltr'><strong>qui</strong></span> <span class='ocrx_word' id='word_1_257' title='bbox 927 1943 988 1977; x_wconf 87' lang='lat' dir='ltr'><strong>ejus</strong></span> <span class='ocrx_word' id='word_1_258' title='bbox 1005 1941 1079 1977; x_wconf 87' lang='lat' dir='ltr'><strong>quod</strong></span> 
     </span>
    </p>
   </div>
   <div class='ocr_carea' id='block_1_42' title="bbox 294 1987 1080 2024">
    <p class='ocr_par' dir='ltr' id='par_1_42' title="bbox 294 1987 1080 2024">
     <span class='ocr_line' id='line_1_42' title="bbox 294 1987 1080 2024; baseline -0.003 -8"><span class='ocrx_word' id='word_1_259' title='bbox 294 1994 335 2016; x_wconf 84' lang='lat' dir='ltr'><strong>est</strong></span> <span class='ocrx_word' id='word_1_260' title='bbox 350 1996 444 2024; x_wconf 81' lang='lat' dir='ltr'><strong>grave,</strong></span> <span class='ocrx_word' id='word_1_261' title='bbox 467 1988 636 2015; x_wconf 84' lang='lat' dir='ltr'><strong>videbantur</strong></span> <span class='ocrx_word' id='word_1_262' title='bbox 653 1995 777 2022; x_wconf 68' lang='lat' dir='ltr'><strong>quwrere</strong></span> <span class='ocrx_word' id='word_1_263' title='bbox 801 1987 939 2014; x_wconf 87' lang='lat' dir='ltr'><strong>solatium.</strong></span> <span class='ocrx_word' id='word_1_264' title='bbox 962 1988 1080 2022; x_wconf 77' lang='lat' dir='ltr'><strong>Fingunt</strong></span> 
     </span>
    </p>
   </div>
   <div class='ocr_carea' id='block_1_43' title="bbox 294 2033 1081 2070">
    <p class='ocr_par' dir='ltr' id='par_1_43' title="bbox 294 2033 1081 2070">
     <span class='ocr_line' id='line_1_43' title="bbox 294 2033 1081 2070; baseline -0.003 -8"><span class='ocrx_word' id='word_1_265' title='bbox 294 2036 442 2070; x_wconf 75' lang='lat' dir='ltr'><strong>quamdam</strong></span> <span class='ocrx_word' id='word_1_266' title='bbox 467 2034 598 2065; x_wconf 81' lang='lat' dir='ltr'><strong>fabulam,</strong></span> <span class='ocrx_word' id='word_1_267' title='bbox 624 2034 692 2060; x_wconf 88' lang='lat' dir='ltr'><strong>nihil</strong></span> <span class='ocrx_word' id='word_1_268' title='bbox 713 2033 874 2061; x_wconf 87' lang='lat' dir='ltr'><strong>dissimilem</strong></span> <span class='ocrx_word' id='word_1_269' title='bbox 900 2033 934 2061; x_wconf 92' lang='lat' dir='ltr'><strong>iis</strong></span> <span class='ocrx_word' id='word_1_270' title='bbox 951 2041 1011 2068; x_wconf 74' lang='lat' dir='ltr'><strong>qua:</strong></span> <span class='ocrx_word' id='word_1_271' title='bbox 1035 2041 1081 2060; x_wconf 85' lang='lat' dir='ltr'><strong>ca-</strong></span> 
     </span>
    </p>
   </div>
   <div class='ocr_carea' id='block_1_44' title="bbox 295 2080 1081 2116">
    <p class='ocr_par' dir='ltr' id='par_1_44' title="bbox 295 2080 1081 2116">
     <span class='ocr_line' id='line_1_44' title="bbox 295 2080 1081 2116; baseline -0.003 -8"><span class='ocrx_word' id='word_1_272' title='bbox 295 2087 399 2109; x_wconf 85' lang='lat' dir='ltr'><strong>nuntur</strong></span> <span class='ocrx_word' id='word_1_273' title='bbox 416 2081 488 2116; x_wconf 86' lang='lat' dir='ltr'><strong>apud</strong></span> <span class='ocrx_word' id='word_1_274' title='bbox 502 2081 613 2108; x_wconf 65' lang='lat' dir='ltr'><strong>Gnaeos</strong></span> <span class='ocrx_word' id='word_1_275' title='bbox 628 2089 634 2107; x_wconf 93' lang='lat'><strong>:</strong></span> <span class='ocrx_word' id='word_1_276' title='bbox 651 2080 738 2115; x_wconf 86' lang='lat' dir='ltr'><strong>quod,</strong></span> <span class='ocrx_word' id='word_1_277' title='bbox 754 2088 817 2107; x_wconf 89' lang='lat' dir='ltr'><strong>cum</strong></span> <span class='ocrx_word' id='word_1_278' title='bbox 840 2080 879 2107; x_wconf 93' lang='lat' dir='ltr'><strong>dii</strong></span> <span class='ocrx_word' id='word_1_279' title='bbox 895 2081 967 2115; x_wconf 87' lang='lat' dir='ltr'><strong>capti</strong></span> <span class='ocrx_word' id='word_1_280' title='bbox 986 2085 1081 2107; x_wconf 84' lang='lat' dir='ltr'><strong>essent</strong></span> 
     </span>
    </p>
   </div>
   <div class='ocr_carea' id='block_1_45' title="bbox 294 2125 1080 2162">
    <p class='ocr_par' dir='ltr' id='par_1_45' title="bbox 294 2125 1080 2162">
     <span class='ocr_line' id='line_1_45' title="bbox 294 2125 1080 2162; baseline -0.003 -8"><span class='ocrx_word' id='word_1_281' title='bbox 294 2135 388 2154; x_wconf 88' lang='lat' dir='ltr'><strong>amore</strong></span> <span class='ocrx_word' id='word_1_282' title='bbox 403 2127 543 2162; x_wconf 70' lang='lat' dir='ltr'><strong>Eugeniae,</strong></span> <span class='ocrx_word' id='word_1_283' title='bbox 558 2133 619 2153; x_wconf 82' lang='lat' dir='ltr'><strong>eam</strong></span> <span class='ocrx_word' id='word_1_284' title='bbox 643 2126 671 2153; x_wconf 94' lang='lat' dir='ltr'><strong>in</strong></span> <span class='ocrx_word' id='word_1_285' title='bbox 696 2125 798 2154; x_wconf 69' lang='lat' dir='ltr'><strong>emlum</strong></span> <span class='ocrx_word' id='word_1_286' title='bbox 821 2130 984 2160; x_wconf 89' lang='lat' dir='ltr'><strong>rapuerunt.</strong></span> <span class='ocrx_word' id='word_1_287' title='bbox 1002 2125 1080 2158; x_wconf 91' lang='lat' dir='ltr'><strong>Quod</strong></span> 
     </span>
    </p>
   </div>
   <div class='ocr_carea' id='block_1_46' title="bbox 295 2172 1079 2209">
    <p class='ocr_par' dir='ltr' id='par_1_46' title="bbox 295 2172 1079 2209">
     <span class='ocr_line' id='line_1_46' title="bbox 295 2172 1079 2209; baseline -0.003 -9"><span class='ocrx_word' id='word_1_288' title='bbox 295 2174 409 2209; x_wconf 89' lang='lat' dir='ltr'><strong>quidem</strong></span> <span class='ocrx_word' id='word_1_289' title='bbox 425 2173 507 2208; x_wconf 84' lang='lat' dir='ltr'><strong>patri,</strong></span> <span class='ocrx_word' id='word_1_290' title='bbox 522 2178 553 2200; x_wconf 88' lang='lat' dir='ltr'><strong>ut</strong></span> <span class='ocrx_word' id='word_1_291' title='bbox 571 2173 650 2208; x_wconf 81' lang='lat' dir='ltr'><strong>cujus</strong></span> <span class='ocrx_word' id='word_1_292' title='bbox 668 2179 752 2200; x_wconf 86' lang='lat' dir='ltr'><strong>aures</strong></span> <span class='ocrx_word' id='word_1_293' title='bbox 767 2172 867 2200; x_wconf 86' lang='lat' dir='ltr'><strong>talibus</strong></span> <span class='ocrx_word' id='word_1_294' title='bbox 884 2173 1079 2206; x_wconf 78' lang='lat' dir='ltr'><strong>assuevissent,</strong></span> 
     </span>
    </p>
   </div>
   <div class='ocr_carea' id='block_1_47' title="bbox 295 2217 1081 2254">
    <p class='ocr_par' dir='ltr' id='par_1_47' title="bbox 295 2217 1081 2254">
     <span class='ocr_line' id='line_1_47' title="bbox 295 2217 1081 2254; baseline -0.003 -8"><span class='ocrx_word' id='word_1_295' title='bbox 295 2224 403 2254; x_wconf 71' lang='lat' dir='ltr'><strong>gratum</strong></span> <span class='ocrx_word' id='word_1_296' title='bbox 421 2222 481 2245; x_wconf 85' lang='lat' dir='ltr'><strong>erat</strong></span> <span class='ocrx_word' id='word_1_297' title='bbox 498 2222 526 2245; x_wconf 91' lang='lat' dir='ltr'><strong>et</strong></span> <span class='ocrx_word' id='word_1_298' title='bbox 540 2222 696 2252; x_wconf 85' lang='lat' dir='ltr'><strong>acceptum,</strong></span> <span class='ocrx_word' id='word_1_299' title='bbox 712 2221 740 2245; x_wconf 91' lang='lat' dir='ltr'><strong>et</strong></span> <span class='ocrx_word' id='word_1_300' title='bbox 757 2217 841 2245; x_wconf 82' lang='lat' dir='ltr'><strong>ﬁliam</strong></span> <span class='ocrx_word' id='word_1_301' title='bbox 856 2217 1012 2253; x_wconf 74' lang='lat' dir='ltr'><strong>insignibus</strong></span> <span class='ocrx_word' id='word_1_302' title='bbox 1026 2218 1081 2245; x_wconf 81' lang='lat' dir='ltr'><strong>alli-</strong></span> 
     </span>
    </p>
   </div>
   <div class='ocr_carea' id='block_1_48' title="bbox 295 2262 1080 2296">
    <p class='ocr_par' dir='ltr' id='par_1_48' title="bbox 295 2262 1080 2296">
     <span class='ocr_line' id='line_1_48' title="bbox 295 2262 1080 2296; baseline -0.005 -4"><span class='ocrx_word' id='word_1_303' title='bbox 295 2264 387 2293; x_wconf 48' lang='lat' dir='ltr'><strong>ciebat</strong></span> <span class='ocrx_word' id='word_1_304' title='bbox 410 2263 574 2290; x_wconf 83' lang='lat' dir='ltr'><strong>honoribus.</strong></span> <span class='ocrx_word' id='word_1_305' title='bbox 601 2263 785 2296; x_wconf 89' lang='lat' dir='ltr'><strong>Quamobrem</strong></span> <span class='ocrx_word' id='word_1_306' title='bbox 809 2269 919 2289; x_wconf 85' lang='lat' dir='ltr'><strong>auream</strong></span> <span class='ocrx_word' id='word_1_307' title='bbox 943 2263 969 2289; x_wconf 84' lang='lat' dir='ltr'><strong>ei</strong></span> <span class='ocrx_word' id='word_1_308' title='bbox 991 2262 1080 2289; x_wconf 76' lang='lat' dir='ltr'><strong>erexit</strong></span> 
     </span>
    </p>
   </div>
   <div class='ocr_carea' id='block_1_49' title="bbox 1122 288 1912 328">
    <p class='ocr_par' dir='ltr' id='par_1_49' title="bbox 1122 288 1912 328">
     <span class='ocr_line' id='line_1_49' title="bbox 1122 288 1912 328; baseline -0.006 -8"><span class='ocrx_word' id='word_1_309' title='bbox 1122 292 1206 328; x_wconf 82' lang='grc' dir='ltr'>εἶχον,</span> <span class='ocrx_word' id='word_1_310' title='bbox 1223 293 1309 324; x_wconf 70' lang='grc' dir='ltr'>ἄλλω,</span> <span class='ocrx_word' id='word_1_311' title='bbox 1324 302 1354 319; x_wconf 89' lang='grc' dir='ltr'><strong>τε</strong></span> <span class='ocrx_word' id='word_1_312' title='bbox 1377 293 1404 319; x_wconf 80' lang='grc' dir='ltr'>δὲ</span> <span class='ocrx_word' id='word_1_313' title='bbox 1417 292 1466 319; x_wconf 55' lang='grc' dir='ltr'>καὶ.</span> <span class='ocrx_word' id='word_1_314' title='bbox 1480 291 1529 319; x_wconf 86' lang='grc' dir='ltr'><strong>τοῦ</strong></span> <span class='ocrx_word' id='word_1_315' title='bbox 1556 290 1624 317; x_wconf 82' lang='grc' dir='ltr'><strong>Θεοῦ</strong></span> <span class='ocrx_word' id='word_1_316' title='bbox 1651 288 1912 324; x_wconf 69' lang='grc' dir='ltr'>συλλαμϐανομένου</span> 
     </span>
    </p>
   </div>
   <div class='ocr_carea' id='block_1_50' title="bbox 1121 333 1914 375">
    <p class='ocr_par' dir='ltr' id='par_1_50' title="bbox 1121 333 1914 375">
     <span class='ocr_line' id='line_1_50' title="bbox 1121 333 1914 375; baseline -0.01 -8"><span class='ocrx_word' id='word_1_317' title='bbox 1121 342 1156 375; x_wconf 78' lang='grc' dir='ltr'><strong>τῇ</strong></span> <span class='ocrx_word' id='word_1_318' title='bbox 1173 340 1238 375; x_wconf 76' lang='grc' dir='ltr'>περὶ</span> <span class='ocrx_word' id='word_1_319' title='bbox 1248 339 1327 366; x_wconf 82' lang='grc' dir='ltr'>τοῦτο</span> <span class='ocrx_word' id='word_1_320' title='bbox 1343 337 1501 372; x_wconf 75' lang='grc' dir='ltr'>οἰκονομίᾳ,</span> <span class='ocrx_word' id='word_1_321' title='bbox 1518 336 1582 363; x_wconf 78' lang='grc' dir='ltr'>εὐθὺ</span> <span class='ocrx_word' id='word_1_322' title='bbox 1593 336 1643 370; x_wconf 81' lang='grc' dir='ltr'>τῆς</span> <span class='ocrx_word' id='word_1_323' title='bbox 1660 334 1864 368; x_wconf 74' lang='grc' dir='ltr'>’Δλεξανδρείας</span> <span class='ocrx_word' id='word_1_324' title='bbox 1876 333 1914 365; x_wconf 83' lang='grc' dir='ltr'><strong>ὡς</strong></span> 
     </span>
    </p>
   </div>
   <div class='ocr_carea' id='block_1_51' title="bbox 1123 380 1914 422">
    <p class='ocr_par' dir='ltr' id='par_1_51' title="bbox 1123 380 1914 422">
     <span class='ocr_line' id='line_1_51' title="bbox 1123 380 1914 422; baseline -0.01 -9"><span class='ocrx_word' id='word_1_325' title='bbox 1123 385 1196 422; x_wconf 73' lang='grc' dir='ltr'>εἰχον</span> <span class='ocrx_word' id='word_1_326' title='bbox 1220 385 1316 421; x_wconf 75' lang='grc' dir='ltr'>ᾔεσαν,</span> <span class='ocrx_word' id='word_1_327' title='bbox 1353 384 1430 410; x_wconf 77' lang='grc' dir='ltr'>Ἐπεὶ</span> <span class='ocrx_word' id='word_1_328' title='bbox 1445 383 1473 409; x_wconf 80' lang='grc' dir='ltr'>δὲ</span> <span class='ocrx_word' id='word_1_329' title='bbox 1493 383 1544 418; x_wconf 66' lang='grc' dir='ltr'><strong>ἤδη</strong></span> <span class='ocrx_word' id='word_1_330' title='bbox 1569 383 1602 417; x_wconf 79' lang='grc' dir='ltr'>τῇ</span> <span class='ocrx_word' id='word_1_331' title='bbox 1619 381 1697 408; x_wconf 75' lang='grc' dir='ltr'>πόλει</span> <span class='ocrx_word' id='word_1_332' title='bbox 1714 381 1877 416; x_wconf 76' lang='grc' dir='ltr'>προσέσχον,</span> <span class='ocrx_word' id='word_1_333' title='bbox 1890 380 1914 405; x_wconf 86' lang='grc' dir='ltr'>οἱ</span> 
     </span>
    </p>
   </div>
   <div class='ocr_carea' id='block_1_52' title="bbox 1125 426 1916 468">
    <p class='ocr_par' dir='ltr' id='par_1_52' title="bbox 1125 426 1916 468">
     <span class='ocr_line' id='line_1_52' title="bbox 1125 426 1916 468; baseline -0.009 -10"><span class='ocrx_word' id='word_1_334' title='bbox 1125 433 1176 468; x_wconf 80' lang='grc' dir='ltr'>μὲν</span> <span class='ocrx_word' id='word_1_335' title='bbox 1189 433 1238 466; x_wconf 86' lang='grc' dir='ltr'>τῆς</span> <span class='ocrx_word' id='word_1_336' title='bbox 1249 431 1338 462; x_wconf 82' lang='grc' dir='ltr'>οἰκίας</span> <span class='ocrx_word' id='word_1_337' title='bbox 1353 430 1464 464; x_wconf 77' lang='grc' dir='ltr'><strong>γνόντες</strong></span> <span class='ocrx_word' id='word_1_338' title='bbox 1480 428 1596 463; x_wconf 74' lang='grc' dir='ltr'>ἐξῄεσαν</span> <span class='ocrx_word' id='word_1_339' title='bbox 1611 427 1671 462; x_wconf 79' lang='grc' dir='ltr'>μεθ’</span> <span class='ocrx_word' id='word_1_340' title='bbox 1687 427 1755 461; x_wconf 86' lang='grc' dir='ltr'>ὅσης</span> <span class='ocrx_word' id='word_1_341' title='bbox 1775 426 1808 463; x_wconf 70' lang='grc' dir='ltr'>ἄν</span> <span class='ocrx_word' id='word_1_342' title='bbox 1826 426 1916 457; x_wconf 79' lang='grc' dir='ltr'><strong>εἴποις</strong></span> 
     </span>
    </p>
   </div>
   <div class='ocr_carea' id='block_1_53' title="bbox 1123 470 1915 511">
    <p class='ocr_par' dir='ltr' id='par_1_53' title="bbox 1123 470 1915 511">
     <span class='ocr_line' id='line_1_53' title="bbox 1123 470 1915 511; baseline -0.01 -8"><span class='ocrx_word' id='word_1_343' title='bbox 1123 477 1173 511; x_wconf 82' lang='grc' dir='ltr'>τῆς</span> <span class='ocrx_word' id='word_1_344' title='bbox 1199 476 1307 511; x_wconf 73' lang='grc' dir='ltr'>ἡδονῆς,</span> <span class='ocrx_word' id='word_1_345' title='bbox 1339 474 1473 508; x_wconf 73' lang='grc' dir='ltr'>Εὑγενίαν</span> <span class='ocrx_word' id='word_1_346' title='bbox 1489 473 1568 508; x_wconf 76' lang='grc' dir='ltr'>δῆθεν</span> <span class='ocrx_word' id='word_1_347' title='bbox 1583 471 1798 506; x_wconf 70' lang='grc' dir='ltr'>ἀποληψόμενοι,</span> <span class='ocrx_word' id='word_1_348' title='bbox 1820 470 1874 496; x_wconf 86' lang='grc' dir='ltr'><strong>τῶν</strong></span> <span class='ocrx_word' id='word_1_349' title='bbox 1886 479 1915 497; x_wconf 84' lang='grc' dir='ltr'><strong>τε</strong></span> 
     </span>
    </p>
   </div>
   <div class='ocr_carea' id='block_1_54' title="bbox 1125 516 1916 558">
    <p class='ocr_par' dir='ltr' id='par_1_54' title="bbox 1125 516 1916 558">
     <span class='ocr_line' id='line_1_54' title="bbox 1125 516 1916 558; baseline -0.009 -9"><span class='ocrx_word' id='word_1_350' title='bbox 1125 523 1298 558; x_wconf 73' lang='grc' dir='ltr'>προπομπῶν</span> <span class='ocrx_word' id='word_1_351' title='bbox 1313 522 1343 548; x_wconf 83' lang='grc' dir='ltr'><strong>τδ</strong></span> <span class='ocrx_word' id='word_1_352' title='bbox 1360 521 1463 556; x_wconf 77' lang='grc' dir='ltr'>πλῆθος</span> <span class='ocrx_word' id='word_1_353' title='bbox 1478 519 1597 555; x_wconf 83' lang='grc' dir='ltr'>ὁρῶντες</span> <span class='ocrx_word' id='word_1_354' title='bbox 1614 519 1662 545; x_wconf 78' lang='grc' dir='ltr'>καὶ</span> <span class='ocrx_word' id='word_1_355' title='bbox 1689 518 1740 553; x_wconf 80' lang='grc' dir='ltr'>τὴν</span> <span class='ocrx_word' id='word_1_356' title='bbox 1763 517 1847 551; x_wconf 80' lang='grc' dir='ltr'>ἄλλην</span> <span class='ocrx_word' id='word_1_357' title='bbox 1863 516 1916 542; x_wconf 79' lang='grc' dir='ltr'><strong>τῶν</strong></span> 
     </span>
    </p>
   </div>
   <div class='ocr_carea' id='block_1_55' title="bbox 1125 563 1914 603">
    <p class='ocr_par' dir='ltr' id='par_1_55' title="bbox 1125 563 1914 603">
     <span class='ocr_line' id='line_1_55' title="bbox 1125 563 1914 603; baseline -0.01 -7"><span class='ocrx_word' id='word_1_358' title='bbox 1125 571 1230 596; x_wconf 78' lang='grc' dir='ltr'><strong>παίδων</strong></span> <span class='ocrx_word' id='word_1_359' title='bbox 1242 569 1341 603; x_wconf 77' lang='grc' dir='ltr'>ἐφεξῆς</span> <span class='ocrx_word' id='word_1_360' title='bbox 1357 567 1490 594; x_wconf 81' lang='grc' dir='ltr'>συνοδίαν.</span> <span class='ocrx_word' id='word_1_361' title='bbox 1514 566 1556 596; x_wconf 79' lang='grc' dir='ltr'><strong>Ὤ,</strong></span> <span class='ocrx_word' id='word_1_362' title='bbox 1570 566 1598 592; x_wconf 72' lang='grc' dir='ltr'>δὲ</span> <span class='ocrx_word' id='word_1_363' title='bbox 1611 565 1659 591; x_wconf 72' lang='grc' dir='ltr'><strong>καὶ</strong></span> <span class='ocrx_word' id='word_1_364' title='bbox 1671 564 1786 599; x_wconf 75' lang='grc' dir='ltr'>πλησίον</span> <span class='ocrx_word' id='word_1_365' title='bbox 1801 563 1914 598; x_wconf 83' lang='grc' dir='ltr'>γενόμε-</span> 
     </span>
    </p>
   </div>
   <div class='ocr_carea' id='block_1_56' title="bbox 1125 609 1917 649">
    <p class='ocr_par' dir='ltr' id='par_1_56' title="bbox 1125 609 1917 649">
     <span class='ocr_line' id='line_1_56' title="bbox 1125 609 1917 649; baseline -0.009 -7"><span class='ocrx_word' id='word_1_366' title='bbox 1125 625 1165 642; x_wconf 68' lang='grc' dir='ltr'><strong>νει</strong></span> <span class='ocrx_word' id='word_1_367' title='bbox 1195 616 1295 645; x_wconf 74' lang='grc' dir='ltr'>πάντες</span> <span class='ocrx_word' id='word_1_368' title='bbox 1316 614 1444 649; x_wconf 76' lang='grc' dir='ltr'>ἐκθύμως</span> <span class='ocrx_word' id='word_1_369' title='bbox 1463 612 1657 648; x_wconf 65' lang='grc' dir='ltr'>προσέδραμον</span> <span class='ocrx_word' id='word_1_370' title='bbox 1671 610 1710 646; x_wconf 85' lang='grc' dir='ltr'>τῷ</span> <span class='ocrx_word' id='word_1_371' title='bbox 1736 611 1855 645; x_wconf 75' lang='grc' dir='ltr'><strong>ὀχήματι</strong></span> <span class='ocrx_word' id='word_1_372' title='bbox 1871 609 1917 636; x_wconf 76' lang='grc' dir='ltr'>καὶ</span> 
     </span>
    </p>
   </div>
   <div class='ocr_carea' id='block_1_57' title="bbox 1126 655 1917 696">
    <p class='ocr_par' dir='ltr' id='par_1_57' title="bbox 1126 655 1917 696">
     <span class='ocr_line' id='line_1_57' title="bbox 1126 655 1917 696; baseline -0.01 -8"><span class='ocrx_word' id='word_1_373' title='bbox 1126 661 1176 696; x_wconf 75' lang='grc' dir='ltr'><strong>τὴν</strong></span> <span class='ocrx_word' id='word_1_374' title='bbox 1194 661 1243 695; x_wconf 82' lang='grc' dir='ltr'>μὲν</span> <span class='ocrx_word' id='word_1_375' title='bbox 1259 660 1395 695; x_wconf 83' lang='grc' dir='ltr'>καθέδραν</span> <span class='ocrx_word' id='word_1_376' title='bbox 1411 658 1493 693; x_wconf 85' lang='grc' dir='ltr'>κενὴν</span> <span class='ocrx_word' id='word_1_377' title='bbox 1505 657 1592 688; x_wconf 72' lang='grc' dir='ltr'>οὕτως</span> <span class='ocrx_word' id='word_1_378' title='bbox 1608 656 1714 692; x_wconf 77' lang='grc' dir='ltr'>ἐώρων,</span> <span class='ocrx_word' id='word_1_379' title='bbox 1726 656 1775 690; x_wconf 73' lang='grc' dir='ltr'>τὴν</span> <span class='ocrx_word' id='word_1_380' title='bbox 1788 655 1917 689; x_wconf 83' lang='grc' dir='ltr'>Εὑγενίαν</span> 
     </span>
    </p>
   </div>
   <div class='ocr_carea' id='block_1_58' title="bbox 1126 701 1918 742">
    <p class='ocr_par' dir='ltr' id='par_1_58' title="bbox 1126 701 1918 742">
     <span class='ocr_line' id='line_1_58' title="bbox 1126 701 1918 742; baseline -0.009 -9"><span class='ocrx_word' id='word_1_381' title='bbox 1126 707 1155 734; x_wconf 79' lang='grc' dir='ltr'>δὲ</span> <span class='ocrx_word' id='word_1_382' title='bbox 1170 706 1299 741; x_wconf 74' lang='grc' dir='ltr'>οὐδαμοῦ,</span> <span class='ocrx_word' id='word_1_383' title='bbox 1319 705 1441 742; x_wconf 69' lang='grc' dir='ltr'>στερρῶς</span> <span class='ocrx_word' id='word_1_384' title='bbox 1456 704 1496 739; x_wconf 82' lang='grc' dir='ltr'>τῷ</span> <span class='ocrx_word' id='word_1_385' title='bbox 1513 703 1638 738; x_wconf 79' lang='grc' dir='ltr'>ἀδοκήτῳ</span> <span class='ocrx_word' id='word_1_386' title='bbox 1650 701 1803 737; x_wconf 78' lang='grc' dir='ltr'>πληγέντες</span> <span class='ocrx_word' id='word_1_387' title='bbox 1817 702 1859 732; x_wconf 86' lang='grc' dir='ltr'><strong>εἰς</strong></span> <span class='ocrx_word' id='word_1_388' title='bbox 1874 701 1918 727; x_wconf 67' lang='grc' dir='ltr'><strong>δά-</strong></span> 
     </span>
    </p>
   </div>
   <div class='ocr_carea' id='block_1_59' title="bbox 1127 747 1918 788">
    <p class='ocr_par' dir='ltr' id='par_1_59' title="bbox 1127 747 1918 788">
     <span class='ocr_line' id='line_1_59' title="bbox 1127 747 1918 788; baseline -0.01 -8"><span class='ocrx_word' id='word_1_389' title='bbox 1127 762 1199 788; x_wconf 82' lang='grc' dir='ltr'>κρυα</span> <span class='ocrx_word' id='word_1_390' title='bbox 1219 753 1247 780; x_wconf 81' lang='grc' dir='ltr'>τὸ</span> <span class='ocrx_word' id='word_1_391' title='bbox 1262 753 1355 778; x_wconf 57' lang='grc' dir='ltr'>λοιπὴν</span> <span class='ocrx_word' id='word_1_392' title='bbox 1372 751 1493 786; x_wconf 77' lang='grc' dir='ltr'>ἐχώρουν</span> <span class='ocrx_word' id='word_1_393' title='bbox 1509 750 1558 776; x_wconf 71' lang='grc' dir='ltr'>καὶ</span> <span class='ocrx_word' id='word_1_394' title='bbox 1571 747 1708 784; x_wconf 78' lang='grc' dir='ltr'>οἰμωγὰς,</span> <span class='ocrx_word' id='word_1_395' title='bbox 1723 748 1770 774; x_wconf 70' lang='grc' dir='ltr'><strong>καὶ</strong></span> <span class='ocrx_word' id='word_1_396' title='bbox 1790 748 1867 782; x_wconf 76' lang='grc' dir='ltr'>κοινῇ</span> <span class='ocrx_word' id='word_1_397' title='bbox 1887 747 1918 773; x_wconf 69' lang='grc' dir='ltr'><strong>τὺ</strong></span> 
     </span>
    </p>
   </div>
   <div class='ocr_carea' id='block_1_60' title="bbox 1127 793 1916 832">
    <p class='ocr_par' dir='ltr' id='par_1_60' title="bbox 1127 793 1916 832">
     <span class='ocr_line' id='line_1_60' title="bbox 1127 793 1916 832; baseline -0.011 -6"><span class='ocrx_word' id='word_1_398' title='bbox 1127 799 1217 826; x_wconf 80' lang='grc' dir='ltr'>κοινδν</span> <span class='ocrx_word' id='word_1_399' title='bbox 1227 798 1328 832; x_wconf 78' lang='grc' dir='ltr'>ἀγαθὸν</span> <span class='ocrx_word' id='word_1_400' title='bbox 1343 797 1475 832; x_wconf 71' lang='grc' dir='ltr'>ἐδάκρυον</span> <span class='ocrx_word' id='word_1_401' title='bbox 1486 816 1493 829; x_wconf 90' lang='grc'><strong>,</strong></span> <span class='ocrx_word' id='word_1_402' title='bbox 1510 796 1543 822; x_wconf 89' lang='grc' dir='ltr'>Τί</span> <span class='ocrx_word' id='word_1_403' title='bbox 1563 796 1679 829; x_wconf 84' lang='grc' dir='ltr'>γέγονε;</span> <span class='ocrx_word' id='word_1_404' title='bbox 1698 794 1724 820; x_wconf 82' lang='grc' dir='ltr'><strong>τί</strong></span> <span class='ocrx_word' id='word_1_405' title='bbox 1739 793 1916 827; x_wconf 73' lang='grc' dir='ltr'>πέπρακταις</span> 
     </span>
    </p>
   </div>
   <div class='ocr_carea' id='block_1_61' title="bbox 1127 837 1916 880">
    <p class='ocr_par' dir='ltr' id='par_1_61' title="bbox 1127 837 1916 880">
     <span class='ocr_line' id='line_1_61' title="bbox 1127 837 1916 880; baseline -0.01 -8"><span class='ocrx_word' id='word_1_406' title='bbox 1127 845 1153 872; x_wconf 86' lang='grc' dir='ltr'><strong>τί</strong></span> <span class='ocrx_word' id='word_1_407' title='bbox 1174 845 1203 871; x_wconf 73' lang='grc' dir='ltr'>τὸ</span> <span class='ocrx_word' id='word_1_408' title='bbox 1221 844 1328 880; x_wconf 69' lang='grc' dir='ltr'>συμϐὰν</span> <span class='ocrx_word' id='word_1_409' title='bbox 1352 844 1420 878; x_wconf 75' lang='grc' dir='ltr'>ἡμῖν</span> <span class='ocrx_word' id='word_1_410' title='bbox 1440 843 1546 878; x_wconf 81' lang='grc' dir='ltr'>ἄμαχον</span> <span class='ocrx_word' id='word_1_411' title='bbox 1570 841 1671 874; x_wconf 86' lang='grc' dir='ltr'>κακόν;</span> <span class='ocrx_word' id='word_1_412' title='bbox 1690 840 1829 874; x_wconf 78' lang='grc' dir='ltr'>λέγοντες.</span> <span class='ocrx_word' id='word_1_413' title='bbox 1851 837 1916 865; x_wconf 74' lang='grc' dir='ltr'>Εἶτα</span> 
     </span>
    </p>
   </div>
   <div class='ocr_carea' id='block_1_62' title="bbox 1129 886 1917 927">
    <p class='ocr_par' dir='ltr' id='par_1_62' title="bbox 1129 886 1917 927">
     <span class='ocr_line' id='line_1_62' title="bbox 1129 886 1917 927; baseline -0.009 -9"><span class='ocrx_word' id='word_1_414' title='bbox 1129 891 1194 927; x_wconf 76' lang='grc' dir='ltr'>πρὸς</span> <span class='ocrx_word' id='word_1_415' title='bbox 1209 891 1294 925; x_wconf 59' lang='grc' dir='ltr'>διιομα</span> <span class='ocrx_word' id='word_1_416' title='bbox 1310 890 1358 924; x_wconf 79' lang='grc' dir='ltr'>τὴν</span> <span class='ocrx_word' id='word_1_417' title='bbox 1381 889 1513 923; x_wconf 74' lang='grc' dir='ltr'>Εὖγενίαν</span> <span class='ocrx_word' id='word_1_418' title='bbox 1537 888 1733 919; x_wconf 72' lang='grc' dir='ltr'>ἀνεκαλοῦντο,</span> <span class='ocrx_word' id='word_1_419' title='bbox 1754 887 1815 919; x_wconf 69' lang='grc' dir='ltr'>δψιν</span> <span class='ocrx_word' id='word_1_420' title='bbox 1839 886 1917 921; x_wconf 73' lang='grc' dir='ltr'>χερσὶ</span> 
     </span>
    </p>
   </div>
   <div class='ocr_carea' id='block_1_63' title="bbox 1129 931 1916 971">
    <p class='ocr_par' dir='ltr' id='par_1_63' title="bbox 1129 931 1916 971">
     <span class='ocr_line' id='line_1_63' title="bbox 1129 931 1916 971; baseline -0.008 -8"><span class='ocrx_word' id='word_1_421' title='bbox 1129 937 1268 968; x_wconf 83' lang='grc' dir='ltr'>παίοντες,</span> <span class='ocrx_word' id='word_1_422' title='bbox 1282 938 1376 971; x_wconf 80' lang='grc' dir='ltr'>χεῖρας</span> <span class='ocrx_word' id='word_1_423' title='bbox 1392 935 1520 970; x_wconf 74' lang='grc' dir='ltr'>ἀλλήλαις</span> <span class='ocrx_word' id='word_1_424' title='bbox 1540 934 1737 964; x_wconf 75' lang='grc' dir='ltr'>πατάσσοντες,</span> <span class='ocrx_word' id='word_1_425' title='bbox 1759 931 1916 967; x_wconf 70' lang='grc' dir='ltr'><strong>περιφανῶς</strong></span> 
     </span>
    </p>
   </div>
   <div class='ocr_carea' id='block_1_64' title="bbox 1128 977 1916 1018">
    <p class='ocr_par' dir='ltr' id='par_1_64' title="bbox 1128 977 1916 1018">
     <span class='ocr_line' id='line_1_64' title="bbox 1128 977 1916 1018; baseline -0.009 -9"><span class='ocrx_word' id='word_1_426' title='bbox 1128 983 1167 1010; x_wconf 86' lang='grc' dir='ltr'><strong>τῶ</strong></span> <span class='ocrx_word' id='word_1_427' title='bbox 1193 983 1274 1009; x_wconf 65' lang='grc' dir='ltr'>πάθει</span> <span class='ocrx_word' id='word_1_428' title='bbox 1294 981 1449 1018; x_wconf 81' lang='grc' dir='ltr'>μεθύοντες.</span> <span class='ocrx_word' id='word_1_429' title='bbox 1485 980 1566 1007; x_wconf 79' lang='grc' dir='ltr'><strong>Ἀλλὰ</strong></span> <span class='ocrx_word' id='word_1_430' title='bbox 1581 979 1668 1006; x_wconf 83' lang='grc' dir='ltr'>ταῦτα</span> <span class='ocrx_word' id='word_1_431' title='bbox 1685 980 1735 1014; x_wconf 77' lang='grc' dir='ltr'>μὲν</span> <span class='ocrx_word' id='word_1_432' title='bbox 1749 978 1781 1004; x_wconf 81' lang='grc' dir='ltr'><strong>τὰ</strong></span> <span class='ocrx_word' id='word_1_433' title='bbox 1798 978 1852 1003; x_wconf 86' lang='grc' dir='ltr'><strong>τῶν</strong></span> <span class='ocrx_word' id='word_1_434' title='bbox 1865 977 1916 1008; x_wconf 70' lang='grc' dir='ltr'><strong>ἔξω</strong></span> 
     </span>
    </p>
   </div>
   <div class='ocr_carea' id='block_1_65' title="bbox 1130 1024 1917 1064">
    <p class='ocr_par' dir='ltr' id='par_1_65' title="bbox 1130 1024 1917 1064">
     <span class='ocr_line' id='line_1_65' title="bbox 1130 1024 1917 1064; baseline -0.008 -9"><span class='ocrx_word' id='word_1_435' title='bbox 1130 1029 1202 1064; x_wconf 72' lang='grc' dir='ltr'>φημὶ</span> <span class='ocrx_word' id='word_1_436' title='bbox 1214 1028 1299 1063; x_wconf 74' lang='grc' dir='ltr'>φίλων</span> <span class='ocrx_word' id='word_1_437' title='bbox 1310 1028 1356 1054; x_wconf 73' lang='grc' dir='ltr'>καὶ</span> <span class='ocrx_word' id='word_1_438' title='bbox 1371 1026 1519 1062; x_wconf 80' lang='grc' dir='ltr'><strong>γνωρίμων</strong></span> <span class='ocrx_word' id='word_1_439' title='bbox 1536 1027 1584 1053; x_wconf 73' lang='grc' dir='ltr'>καὶ</span> <span class='ocrx_word' id='word_1_440' title='bbox 1597 1026 1680 1061; x_wconf 77' lang='grc' dir='ltr'>μηδὲν</span> <span class='ocrx_word' id='word_1_441' title='bbox 1697 1025 1787 1051; x_wconf 86' lang='grc' dir='ltr'>κοινὸν</span> <span class='ocrx_word' id='word_1_442' title='bbox 1799 1024 1917 1058; x_wconf 82' lang='grc' dir='ltr'>ἐχόντων</span> 
     </span>
    </p>
   </div>
   <div class='ocr_carea' id='block_1_66' title="bbox 1130 1068 1916 1110">
    <p class='ocr_par' dir='ltr' id='par_1_66' title="bbox 1130 1068 1916 1110">
     <span class='ocr_line' id='line_1_66' title="bbox 1130 1068 1916 1110; baseline -0.01 -8"><span class='ocrx_word' id='word_1_443' title='bbox 1130 1075 1159 1109; x_wconf 74' lang='grc' dir='ltr'>ἐξ</span> <span class='ocrx_word' id='word_1_444' title='bbox 1173 1076 1286 1110; x_wconf 77' lang='grc' dir='ltr'>αἵματος</span> <span class='ocrx_word' id='word_1_445' title='bbox 1299 1082 1306 1089; x_wconf 90' lang='grc'><strong>·</strong></span> <span class='ocrx_word' id='word_1_446' title='bbox 1325 1073 1379 1100; x_wconf 85' lang='grc' dir='ltr'><strong>τῶν</strong></span> <span class='ocrx_word' id='word_1_447' title='bbox 1392 1073 1420 1100; x_wconf 78' lang='grc' dir='ltr'>δὲ</span> <span class='ocrx_word' id='word_1_448' title='bbox 1435 1073 1510 1099; x_wconf 65' lang='grc' dir='ltr'>ἔνδον</span> <span class='ocrx_word' id='word_1_449' title='bbox 1525 1073 1554 1098; x_wconf 76' lang='grc' dir='ltr'>δὲ</span> <span class='ocrx_word' id='word_1_450' title='bbox 1564 1072 1605 1103; x_wconf 84' lang='grc' dir='ltr'><strong>τίς</strong></span> <span class='ocrx_word' id='word_1_451' title='bbox 1618 1072 1651 1098; x_wconf 76' lang='grc' dir='ltr'>ἂν</span> <span class='ocrx_word' id='word_1_452' title='bbox 1666 1069 1856 1105; x_wconf 79' lang='grc' dir='ltr'>ὲκτραγῳδοίη</span> <span class='ocrx_word' id='word_1_453' title='bbox 1869 1068 1916 1103; x_wconf 83' lang='grc' dir='ltr'>τὴν</span> 
     </span>
    </p>
   </div>
   <div class='ocr_carea' id='block_1_67' title="bbox 1131 1115 1917 1157">
    <p class='ocr_par' dir='ltr' id='par_1_67' title="bbox 1131 1115 1917 1157">
     <span class='ocr_line' id='line_1_67' title="bbox 1131 1115 1917 1157; baseline -0.01 -9"><span class='ocrx_word' id='word_1_454' title='bbox 1131 1121 1292 1157; x_wconf 68' lang='grc' dir='ltr'>συμφοράνς</span> <span class='ocrx_word' id='word_1_455' title='bbox 1309 1121 1340 1147; x_wconf 83' lang='lat' dir='ltr'><strong>Ol</strong></span> <span class='ocrx_word' id='word_1_456' title='bbox 1359 1120 1413 1155; x_wconf 81' lang='grc' dir='ltr'>γὰρ</span> <span class='ocrx_word' id='word_1_457' title='bbox 1431 1120 1558 1150; x_wconf 72' lang='grc' dir='ltr'>’τεκόντες</span> <span class='ocrx_word' id='word_1_458' title='bbox 1571 1117 1672 1152; x_wconf 82' lang='grc' dir='ltr'>μικροῦ</span> <span class='ocrx_word' id='word_1_459' title='bbox 1689 1116 1738 1143; x_wconf 77' lang='grc' dir='ltr'>καὶ</span> <span class='ocrx_word' id='word_1_460' title='bbox 1751 1116 1797 1141; x_wconf 75' lang='grc' dir='ltr'><strong>ἐπὶ</strong></span> <span class='ocrx_word' id='word_1_461' title='bbox 1822 1115 1917 1150; x_wconf 72' lang='grc' dir='ltr'>βρόχον</span> 
     </span>
    </p>
   </div>
   <div class='ocr_carea' id='block_1_68' title="bbox 1124 1161 1915 1202">
    <p class='ocr_par' dir='ltr' id='par_1_68' title="bbox 1124 1161 1915 1202">
     <span class='ocr_line' id='line_1_68' title="bbox 1124 1161 1915 1202; baseline -0.009 -10"><span class='ocrx_word' id='word_1_462' title='bbox 1124 1165 1218 1202; x_wconf 79' lang='grc' dir='ltr'>ἦλθον,</span> <span class='ocrx_word' id='word_1_463' title='bbox 1238 1165 1336 1201; x_wconf 82' lang='grc' dir='ltr'>μικροῦ</span> <span class='ocrx_word' id='word_1_464' title='bbox 1351 1165 1398 1191; x_wconf 76' lang='grc' dir='ltr'>καὶ</span> <span class='ocrx_word' id='word_1_465' title='bbox 1415 1165 1491 1198; x_wconf 71' lang='grc' dir='ltr'>ξίφος</span> <span class='ocrx_word' id='word_1_466' title='bbox 1508 1164 1569 1190; x_wconf 81' lang='grc' dir='ltr'>καθ’</span> <span class='ocrx_word' id='word_1_467' title='bbox 1588 1162 1692 1189; x_wconf 78' lang='grc' dir='ltr'><strong>ἑαυτῶν</strong></span> <span class='ocrx_word' id='word_1_468' title='bbox 1714 1161 1915 1191; x_wconf 68' lang='grc' dir='ltr'><strong>ἐπεσπάσαντο,</strong></span> 
     </span>
    </p>
   </div>
   <div class='ocr_carea' id='block_1_69' title="bbox 1125 1205 1914 1247">
    <p class='ocr_par' dir='ltr' id='par_1_69' title="bbox 1125 1205 1914 1247">
     <span class='ocr_line' id='line_1_69' title="bbox 1125 1205 1914 1247; baseline -0.01 -8"><span class='ocrx_word' id='word_1_469' title='bbox 1125 1214 1150 1239; x_wconf 78' lang='grc' dir='ltr'><strong>τί</strong></span> <span class='ocrx_word' id='word_1_470' title='bbox 1171 1213 1208 1247; x_wconf 85' lang='grc' dir='ltr'>μὴ</span> <span class='ocrx_word' id='word_1_471' title='bbox 1237 1211 1388 1246; x_wconf 71' lang='grc' dir='ltr'>φωνοῦντες</span> <span class='ocrx_word' id='word_1_472' title='bbox 1406 1210 1540 1242; x_wconf 79' lang='grc' dir='ltr'>ὲλεεινόν;</span> <span class='ocrx_word' id='word_1_473' title='bbox 1559 1209 1584 1235; x_wconf 81' lang='grc' dir='ltr'><strong>τί</strong></span> <span class='ocrx_word' id='word_1_474' title='bbox 1603 1209 1640 1244; x_wconf 81' lang='grc' dir='ltr'>μὴ</span> <span class='ocrx_word' id='word_1_475' title='bbox 1660 1207 1776 1243; x_wconf 82' lang='grc' dir='ltr'>δρῶντες</span> <span class='ocrx_word' id='word_1_476' title='bbox 1789 1205 1914 1241; x_wconf 77' lang='grc' dir='ltr'>δακρύων</span> 
     </span>
    </p>
   </div>
   <div class='ocr_carea' id='block_1_70' title="bbox 1127 1253 1917 1290">
    <p class='ocr_par' dir='ltr' id='par_1_70' title="bbox 1127 1253 1917 1290">
     <span class='ocr_line' id='line_1_70' title="bbox 1127 1253 1917 1290; baseline -0.006 -7"><span class='ocrx_word' id='word_1_477' title='bbox 1127 1257 1220 1290; x_wconf 75' lang='grc' dir='ltr'>ἄξιον;</span> <span class='ocrx_word' id='word_1_478' title='bbox 1251 1257 1379 1290; x_wconf 76' lang='grc' dir='ltr'>Ἐξαινον</span> <span class='ocrx_word' id='word_1_479' title='bbox 1405 1255 1535 1290; x_wconf 80' lang='grc' dir='ltr'>παρειὰς,</span> <span class='ocrx_word' id='word_1_480' title='bbox 1554 1254 1629 1281; x_wconf 77' lang='grc' dir='ltr'>κόνιν</span> <span class='ocrx_word' id='word_1_481' title='bbox 1648 1254 1698 1287; x_wconf 74' lang='grc' dir='ltr'>τῆς.</span> <span class='ocrx_word' id='word_1_482' title='bbox 1714 1253 1836 1287; x_wconf 71' lang='grc' dir='ltr'>κεφαλῆς</span> <span class='ocrx_word' id='word_1_483' title='bbox 1853 1260 1917 1278; x_wconf 77' lang='grc' dir='ltr'>κατ-</span> 
     </span>
    </p>
   </div>
   <div class='ocr_carea' id='block_1_71' title="bbox 1127 1298 1917 1338">
    <p class='ocr_par' dir='ltr' id='par_1_71' title="bbox 1127 1298 1917 1338">
     <span class='ocr_line' id='line_1_71' title="bbox 1127 1298 1917 1338; baseline -0.008 -8"><span class='ocrx_word' id='word_1_484' title='bbox 1127 1304 1215 1338; x_wconf 82' lang='grc' dir='ltr'>έχεον,</span> <span class='ocrx_word' id='word_1_485' title='bbox 1228 1303 1349 1338; x_wconf 85' lang='grc' dir='ltr'>αἰσχρῶς</span> <span class='ocrx_word' id='word_1_486' title='bbox 1365 1303 1479 1333; x_wconf 76' lang='grc' dir='ltr'>ἑαυτοὺς</span> <span class='ocrx_word' id='word_1_487' title='bbox 1488 1303 1521 1337; x_wconf 82' lang='grc' dir='ltr'>τῇ</span> <span class='ocrx_word' id='word_1_488' title='bbox 1534 1302 1569 1335; x_wconf 82' lang='grc' dir='ltr'>γῇ</span> <span class='ocrx_word' id='word_1_489' title='bbox 1581 1300 1757 1331; x_wconf 78' lang='grc' dir='ltr'>κατέϐαλλον,</span> <span class='ocrx_word' id='word_1_490' title='bbox 1766 1298 1917 1325; x_wconf 75' lang='grc' dir='ltr'>ἐπεσοῶ-ιτο</span> 
     </span>
    </p>
   </div>
   <div class='ocr_carea' id='block_1_72' title="bbox 1128 1343 1917 1382">
    <p class='ocr_par' dir='ltr' id='par_1_72' title="bbox 1128 1343 1917 1382">
     <span class='ocr_line' id='line_1_72' title="bbox 1128 1343 1917 1382; baseline -0.008 -8"><span class='ocrx_word' id='word_1_491' title='bbox 1128 1347 1246 1382; x_wconf 76' lang='grc' dir='ltr'>πικρῶς,</span> <span class='ocrx_word' id='word_1_492' title='bbox 1265 1348 1290 1373; x_wconf 74' lang='grc' dir='ltr'>οἱ</span> <span class='ocrx_word' id='word_1_493' title='bbox 1318 1347 1437 1381; x_wconf 74' lang='grc' dir='ltr'>πατέρες</span> <span class='ocrx_word' id='word_1_494' title='bbox 1459 1347 1508 1381; x_wconf 83' lang='grc' dir='ltr'>τὴν</span> <span class='ocrx_word' id='word_1_495' title='bbox 1521 1346 1671 1381; x_wconf 79' lang='grc' dir='ltr'>θυγατέρα,</span> <span class='ocrx_word' id='word_1_496' title='bbox 1697 1345 1721 1370; x_wconf 86' lang='grc' dir='ltr'><strong>οἰ</strong></span> <span class='ocrx_word' id='word_1_497' title='bbox 1741 1344 1854 1377; x_wconf 77' lang='grc' dir='ltr'>ἀδελφοὶ</span> <span class='ocrx_word' id='word_1_498' title='bbox 1869 1343 1917 1373; x_wconf 78' lang='grc' dir='ltr'><strong>τὴν</strong></span> 
     </span>
    </p>
   </div>
   <div class='ocr_carea' id='block_1_73' title="bbox 1128 1390 1915 1427">
    <p class='ocr_par' dir='ltr' id='par_1_73' title="bbox 1128 1390 1915 1427">
     <span class='ocr_line' id='line_1_73' title="bbox 1128 1390 1915 1427; baseline -0.005 -8"><span class='ocrx_word' id='word_1_499' title='bbox 1128 1393 1256 1427; x_wconf 73' lang='grc' dir='ltr'>γνησίαν,</span> <span class='ocrx_word' id='word_1_500' title='bbox 1276 1393 1302 1418; x_wconf 87' lang='grc' dir='ltr'><strong>οἰ</strong></span> <span class='ocrx_word' id='word_1_501' title='bbox 1319 1392 1407 1418; x_wconf 86' lang='grc' dir='ltr'>δοῦλοι</span> <span class='ocrx_word' id='word_1_502' title='bbox 1424 1393 1473 1426; x_wconf 71' lang='grc' dir='ltr'>τὴν</span> <span class='ocrx_word' id='word_1_503' title='bbox 1487 1392 1634 1418; x_wconf 77' lang='grc' dir='ltr'>δέσποιναν</span> <span class='ocrx_word' id='word_1_504' title='bbox 1646 1399 1652 1405; x_wconf 85' lang='lat'>&#39;</span> <span class='ocrx_word' id='word_1_505' title='bbox 1677 1391 1767 1422; x_wconf 74' lang='grc' dir='ltr'>οὐδεὶς</span> <span class='ocrx_word' id='word_1_506' title='bbox 1782 1390 1915 1425; x_wconf 73' lang='grc' dir='ltr'>ἄτρωτος,</span> 
     </span>
    </p>
   </div>
   <div class='ocr_carea' id='block_1_74' title="bbox 1127 1436 1918 1473">
    <p class='ocr_par' dir='ltr' id='par_1_74' title="bbox 1127 1436 1918 1473">
     <span class='ocr_line' id='line_1_74' title="bbox 1127 1436 1918 1473; baseline -0.005 -8"><span class='ocrx_word' id='word_1_507' title='bbox 1127 1439 1214 1470; x_wconf 71' lang='grc' dir='ltr'>οὐδεὶς</span> <span class='ocrx_word' id='word_1_508' title='bbox 1229 1438 1276 1464; x_wconf 86' lang='grc' dir='ltr'><strong>τοῦ</strong></span> <span class='ocrx_word' id='word_1_509' title='bbox 1291 1439 1394 1470; x_wconf 78' lang='grc' dir='ltr'>πάθους</span> <span class='ocrx_word' id='word_1_510' title='bbox 1411 1439 1564 1473; x_wconf 72' lang='grc' dir='ltr'>ἐλεύθερος,</span> <span class='ocrx_word' id='word_1_511' title='bbox 1582 1437 1640 1465; x_wconf 80' lang='grc' dir='ltr'>ἀλλ’</span> <span class='ocrx_word' id='word_1_512' title='bbox 1656 1437 1727 1464; x_wconf 77' lang='grc' dir='ltr'>οὕτω</span> <span class='ocrx_word' id='word_1_513' title='bbox 1739 1436 1838 1472; x_wconf 78' lang='grc' dir='ltr'>κομιδῆ</span> <span class='ocrx_word' id='word_1_514' title='bbox 1855 1443 1918 1462; x_wconf 79' lang='grc' dir='ltr'>κατ-</span> 
     </span>
    </p>
   </div>
   <div class='ocr_carea' id='block_1_75' title="bbox 1127 1481 1786 1518">
    <p class='ocr_par' dir='ltr' id='par_1_75' title="bbox 1127 1481 1786 1518">
     <span class='ocr_line' id='line_1_75' title="bbox 1127 1481 1786 1518; baseline -0.003 -8"><span class='ocrx_word' id='word_1_515' title='bbox 1127 1483 1234 1518; x_wconf 67' lang='grc' dir='ltr'>ειλήιρει</span> <span class='ocrx_word' id='word_1_516' title='bbox 1252 1483 1299 1511; x_wconf 77' lang='grc' dir='ltr'>τὸν</span> <span class='ocrx_word' id='word_1_517' title='bbox 1315 1481 1388 1510; x_wconf 72' lang='grc' dir='ltr'>οἷκον</span> <span class='ocrx_word' id='word_1_518' title='bbox 1404 1484 1489 1518; x_wconf 68' lang='grc' dir='ltr'>χωρὶς</span> <span class='ocrx_word' id='word_1_519' title='bbox 1508 1483 1594 1518; x_wconf 75' lang='grc' dir='ltr'>πυρὸς</span> <span class='ocrx_word' id='word_1_520' title='bbox 1609 1483 1786 1518; x_wconf 73' lang='grc' dir='ltr'>ὲμπρησμός.</span> 
     </span>
    </p>
   </div>
   <div class='ocr_carea' id='block_1_76' title="bbox 1125 1528 1918 1565">
    <p class='ocr_par' dir='ltr' id='par_1_76' title="bbox 1125 1528 1918 1565">
     <span class='ocr_line' id='line_1_76' title="bbox 1125 1528 1918 1565; baseline -0.004 -9"><span class='ocrx_word' id='word_1_521' title='bbox 1125 1529 1209 1556; x_wconf 87' lang='lat' dir='ltr'><strong>animi</strong></span> <span class='ocrx_word' id='word_1_522' title='bbox 1240 1530 1450 1565; x_wconf 88' lang='lat' dir='ltr'><strong>perturbatione</strong></span> <span class='ocrx_word' id='word_1_523' title='bbox 1486 1534 1569 1557; x_wconf 86' lang='lat' dir='ltr'><strong>:tam</strong></span> <span class='ocrx_word' id='word_1_524' title='bbox 1602 1529 1753 1556; x_wconf 78' lang='lat' dir='ltr'><strong>vehemens</strong></span> <span class='ocrx_word' id='word_1_525' title='bbox 1780 1528 1918 1555; x_wconf 81' lang='lat' dir='ltr'><strong>invaserat</strong></span> 
     </span>
    </p>
   </div>
   <div class='ocr_carea' id='block_1_77' title="bbox 1166 1619 1918 1656">
    <p class='ocr_par' dir='ltr' id='par_1_77' title="bbox 1166 1619 1918 1656">
     <span class='ocr_line' id='line_1_77' title="bbox 1166 1619 1918 1656; baseline 0 -10"><span class='ocrx_word' id='word_1_526' title='bbox 1166 1619 1215 1648; x_wconf 82' lang='lat' dir='ltr'><strong>II&quot;.</strong></span> <span class='ocrx_word' id='word_1_527' title='bbox 1243 1620 1319 1646; x_wconf 72' lang='grc' dir='ltr'>Ἐπεὶ</span> <span class='ocrx_word' id='word_1_528' title='bbox 1337 1619 1365 1646; x_wconf 81' lang='grc' dir='ltr'>δὲ</span> <span class='ocrx_word' id='word_1_529' title='bbox 1390 1620 1532 1655; x_wconf 81' lang='grc' dir='ltr'>ἄπρακτον</span> <span class='ocrx_word' id='word_1_530' title='bbox 1559 1620 1590 1647; x_wconf 78' lang='grc' dir='ltr'>’τὸ</span> <span class='ocrx_word' id='word_1_531' title='bbox 1615 1620 1735 1656; x_wconf 81' lang='grc' dir='ltr'>δάκρυον</span> <span class='ocrx_word' id='word_1_532' title='bbox 1749 1620 1854 1655; x_wconf 83' lang='grc' dir='ltr'>ἑώρων,</span> <span class='ocrx_word' id='word_1_533' title='bbox 1873 1621 1918 1646; x_wconf 72' lang='grc' dir='ltr'><strong>ἐπὶ</strong></span> 
     </span>
    </p>
   </div>
   <div class='ocr_carea' id='block_1_78' title="bbox 1130 1664 1917 1702">
    <p class='ocr_par' dir='ltr' id='par_1_78' title="bbox 1130 1664 1917 1702">
     <span class='ocr_line' id='line_1_78' title="bbox 1130 1664 1917 1702; baseline -0.001 -9"><span class='ocrx_word' id='word_1_534' title='bbox 1130 1666 1179 1701; x_wconf 79' lang='grc' dir='ltr'>τὴν</span> <span class='ocrx_word' id='word_1_535' title='bbox 1193 1667 1308 1701; x_wconf 77' lang='grc' dir='ltr'>ζήτησιν</span> <span class='ocrx_word' id='word_1_536' title='bbox 1324 1667 1372 1701; x_wconf 69' lang='grc' dir='ltr'>τῆς</span> <span class='ocrx_word' id='word_1_537' title='bbox 1388 1666 1520 1701; x_wconf 80' lang='grc' dir='ltr'>φιλτάτης</span> <span class='ocrx_word' id='word_1_538' title='bbox 1538 1664 1630 1702; x_wconf 73' lang='grc' dir='ltr'>ἦλθον,</span> <span class='ocrx_word' id='word_1_539' title='bbox 1653 1666 1816 1701; x_wconf 79' lang='grc' dir='ltr'>Ἠρωτῶντο</span> <span class='ocrx_word' id='word_1_540' title='bbox 1829 1667 1853 1692; x_wconf 89' lang='grc' dir='ltr'>οἱ</span> <span class='ocrx_word' id='word_1_541' title='bbox 1868 1666 1917 1700; x_wconf 69' lang='grc' dir='ltr'><strong>ἐμ-</strong></span> 
     </span>
    </p>
   </div>
   <div class='ocr_carea' id='block_1_79' title="bbox 1131 1714 1918 1750">
    <p class='ocr_par' dir='ltr' id='par_1_79' title="bbox 1131 1714 1918 1750">
     <span class='ocr_line' id='line_1_79' title="bbox 1131 1714 1918 1750; baseline -0.001 -10"><span class='ocrx_word' id='word_1_542' title='bbox 1131 1722 1220 1749; x_wconf 78' lang='grc' dir='ltr'>ποροι,</span> <span class='ocrx_word' id='word_1_543' title='bbox 1243 1714 1470 1749; x_wconf 76' lang='grc' dir='ltr'>περιειργὰζοντο</span> <span class='ocrx_word' id='word_1_544' title='bbox 1489 1714 1618 1750; x_wconf 77' lang='grc' dir='ltr'>γεωργοὶ,</span> <span class='ocrx_word' id='word_1_545' title='bbox 1635 1714 1745 1749; x_wconf 85' lang='grc' dir='ltr'>χωρίων</span> <span class='ocrx_word' id='word_1_546' title='bbox 1761 1715 1918 1748; x_wconf 77' lang='grc' dir='ltr'>οἰκήτορες,</span> 
     </span>
    </p>
   </div>
   <div class='ocr_carea' id='block_1_80' title="bbox 1130 1761 1917 1797">
    <p class='ocr_par' dir='ltr' id='par_1_80' title="bbox 1130 1761 1917 1797">
     <span class='ocr_line' id='line_1_80' title="bbox 1130 1761 1917 1797; baseline 0 -9"><span class='ocrx_word' id='word_1_547' title='bbox 1130 1761 1197 1788; x_wconf 79' lang='grc' dir='ltr'>ὁδῶν</span> <span class='ocrx_word' id='word_1_548' title='bbox 1217 1762 1409 1796; x_wconf 78' lang='grc' dir='ltr'>φύλακες,ὲπη</span> <span class='ocrx_word' id='word_1_549' title='bbox 1416 1761 1541 1797; x_wconf 80' lang='grc' dir='ltr'>ρωτῶντο</span> <span class='ocrx_word' id='word_1_550' title='bbox 1559 1762 1681 1797; x_wconf 81' lang='grc' dir='ltr'>μάντεις,</span> <span class='ocrx_word' id='word_1_551' title='bbox 1690 1762 1917 1796; x_wconf 73' lang='grc' dir='ltr'>ἐγγαστρίμυθοι,</span> 
     </span>
    </p>
   </div>
   <div class='ocr_carea' id='block_1_81' title="bbox 1131 1808 1916 1843">
    <p class='ocr_par' dir='ltr' id='par_1_81' title="bbox 1131 1808 1916 1843">
     <span class='ocr_line' id='line_1_81' title="bbox 1131 1808 1916 1843; baseline 0 -9"><span class='ocrx_word' id='word_1_552' title='bbox 1131 1809 1220 1835; x_wconf 68' lang='grc' dir='ltr'>πάντα</span> <span class='ocrx_word' id='word_1_553' title='bbox 1233 1809 1267 1834; x_wconf 72' lang='grc' dir='ltr'>τὰ</span> <span class='ocrx_word' id='word_1_554' title='bbox 1281 1809 1335 1835; x_wconf 88' lang='grc' dir='ltr'><strong>τῶν</strong></span> <span class='ocrx_word' id='word_1_555' title='bbox 1348 1809 1484 1843; x_wconf 77' lang='grc' dir='ltr'>δαιμόνων</span> <span class='ocrx_word' id='word_1_556' title='bbox 1499 1808 1655 1843; x_wconf 73' lang='grc' dir='ltr'>ἡρευνῶντο</span> <span class='ocrx_word' id='word_1_557' title='bbox 1672 1809 1795 1842; x_wconf 85' lang='grc' dir='ltr'>μαντεῖα,</span> <span class='ocrx_word' id='word_1_558' title='bbox 1811 1809 1858 1835; x_wconf 77' lang='grc' dir='ltr'>καὶ</span> <span class='ocrx_word' id='word_1_559' title='bbox 1870 1809 1916 1835; x_wconf 86' lang='grc' dir='ltr'>θυ-</span> 
     </span>
    </p>
   </div>
   <div class='ocr_carea' id='block_1_82' title="bbox 1132 1852 1916 1890">
    <p class='ocr_par' dir='ltr' id='par_1_82' title="bbox 1132 1852 1916 1890">
     <span class='ocr_line' id='line_1_82' title="bbox 1132 1852 1916 1890; baseline -0.001 -9"><span class='ocrx_word' id='word_1_560' title='bbox 1132 1855 1202 1886; x_wconf 75' lang='grc' dir='ltr'>σίαις</span> <span class='ocrx_word' id='word_1_561' title='bbox 1217 1855 1427 1889; x_wconf 68' lang='grc' dir='ltr'>ἐθεραπεύοντο.</span> <span class='ocrx_word' id='word_1_562' title='bbox 1445 1854 1488 1885; x_wconf 86' lang='grc' dir='ltr'>Ὦς</span> <span class='ocrx_word' id='word_1_563' title='bbox 1505 1854 1534 1881; x_wconf 77' lang='grc' dir='ltr'>δὲ</span> <span class='ocrx_word' id='word_1_564' title='bbox 1544 1855 1593 1880; x_wconf 84' lang='grc' dir='ltr'>οὒκ</span> <span class='ocrx_word' id='word_1_565' title='bbox 1607 1852 1641 1889; x_wconf 74' lang='grc' dir='ltr'>ἦν</span> <span class='ocrx_word' id='word_1_566' title='bbox 1656 1856 1703 1888; x_wconf 87' lang='grc' dir='ltr'>τῆς</span> <span class='ocrx_word' id='word_1_567' title='bbox 1717 1853 1886 1889; x_wconf 77' lang='grc' dir='ltr'>ζητουμένης</span> <span class='ocrx_word' id='word_1_568' title='bbox 1900 1856 1916 1890; x_wconf 80' lang='grc' dir='ltr'><strong>ή</strong></span> 
     </span>
    </p>
   </div>
   <div class='ocr_carea' id='block_1_83' title="bbox 1131 1900 1918 1936">
    <p class='ocr_par' dir='ltr' id='par_1_83' title="bbox 1131 1900 1918 1936">
     <span class='ocr_line' id='line_1_83' title="bbox 1131 1900 1918 1936; baseline 0.001 -10"><span class='ocrx_word' id='word_1_569' title='bbox 1131 1901 1252 1936; x_wconf 71' lang='grc' dir='ltr'>εὕρεσις,</span> <span class='ocrx_word' id='word_1_570' title='bbox 1270 1900 1299 1927; x_wconf 80' lang='grc' dir='ltr'>ἓν</span> <span class='ocrx_word' id='word_1_571' title='bbox 1316 1902 1373 1932; x_wconf 82' lang='grc' dir='ltr'>τοῖς</span> <span class='ocrx_word' id='word_1_572' title='bbox 1391 1901 1527 1936; x_wconf 81' lang='grc' dir='ltr'>πατράσιν</span> <span class='ocrx_word' id='word_1_573' title='bbox 1542 1900 1695 1927; x_wconf 70' lang='grc' dir='ltr'>ἐπινοοῦσιν</span> <span class='ocrx_word' id='word_1_574' title='bbox 1708 1900 1734 1926; x_wconf 79' lang='grc' dir='ltr'>οἳ</span> <span class='ocrx_word' id='word_1_575' title='bbox 1748 1909 1781 1934; x_wconf 85' lang='grc' dir='ltr'><strong>γε</strong></span> <span class='ocrx_word' id='word_1_576' title='bbox 1796 1909 1918 1936; x_wconf 79' lang='grc' dir='ltr'>παρηγο-</span> 
     </span>
    </p>
   </div>
   <div class='ocr_carea' id='block_1_84' title="bbox 1132 1946 1916 1982">
    <p class='ocr_par' dir='ltr' id='par_1_84' title="bbox 1132 1946 1916 1982">
     <span class='ocr_line' id='line_1_84' title="bbox 1132 1946 1916 1982; baseline 0.001 -10"><span class='ocrx_word' id='word_1_577' title='bbox 1132 1947 1189 1981; x_wconf 84' lang='grc' dir='ltr'>ρεῖν</span> <span class='ocrx_word' id='word_1_578' title='bbox 1207 1946 1349 1977; x_wconf 82' lang='grc' dir='ltr'>δοκοῦντες</span> <span class='ocrx_word' id='word_1_579' title='bbox 1365 1946 1412 1972; x_wconf 90' lang='grc' dir='ltr'><strong>τοῦ</strong></span> <span class='ocrx_word' id='word_1_580' title='bbox 1434 1947 1523 1973; x_wconf 78' lang='grc' dir='ltr'>δεινοῦ</span> <span class='ocrx_word' id='word_1_581' title='bbox 1546 1946 1736 1982; x_wconf 59' lang='grc' dir='ltr'>παραμύθιον</span> <span class='ocrx_word' id='word_1_582' title='bbox 1759 1947 1844 1982; x_wconf 83' lang='grc' dir='ltr'>μῦθόν</span> <span class='ocrx_word' id='word_1_583' title='bbox 1857 1955 1916 1974; x_wconf 76' lang='grc' dir='ltr'>τινα</span> 
     </span>
    </p>
   </div>
   <div class='ocr_carea' id='block_1_85' title="bbox 1132 1992 1916 2027">
    <p class='ocr_par' dir='ltr' id='par_1_85' title="bbox 1132 1992 1916 2027">
     <span class='ocr_line' id='line_1_85' title="bbox 1132 1992 1916 2027; baseline 0.004 -10"><span class='ocrx_word' id='word_1_584' title='bbox 1132 1992 1292 2024; x_wconf 66' lang='grc' dir='ltr'>πλάττουσι,</span> <span class='ocrx_word' id='word_1_585' title='bbox 1307 1993 1362 2024; x_wconf 79' lang='grc' dir='ltr'>τοῖς</span> <span class='ocrx_word' id='word_1_586' title='bbox 1375 1992 1516 2027; x_wconf 81' lang='grc' dir='ltr'>ᾀδομένοις</span> <span class='ocrx_word' id='word_1_587' title='bbox 1533 1993 1599 2027; x_wconf 79' lang='grc' dir='ltr'>παρ’</span> <span class='ocrx_word' id='word_1_588' title='bbox 1618 1993 1749 2027; x_wconf 84' lang='grc' dir='ltr'>Ἕλλησιν</span> <span class='ocrx_word' id='word_1_589' title='bbox 1764 1993 1840 2019; x_wconf 77' lang='grc' dir='ltr'>οὐδὲν</span> <span class='ocrx_word' id='word_1_590' title='bbox 1856 1994 1916 2020; x_wconf 79' lang='grc' dir='ltr'><strong>άνό·</strong></span> 
     </span>
    </p>
   </div>
   <div class='ocr_carea' id='block_1_86' title="bbox 1133 2037 1916 2072">
    <p class='ocr_par' dir='ltr' id='par_1_86' title="bbox 1133 2037 1916 2072">
     <span class='ocr_line' id='line_1_86' title="bbox 1133 2037 1916 2072; baseline 0.001 -9"><span class='ocrx_word' id='word_1_591' title='bbox 1133 2045 1219 2072; x_wconf 86' lang='grc' dir='ltr'>μοιον,</span> <span class='ocrx_word' id='word_1_592' title='bbox 1246 2038 1342 2072; x_wconf 81' lang='grc' dir='ltr'>ὅτιπερ</span> <span class='ocrx_word' id='word_1_593' title='bbox 1360 2037 1492 2071; x_wconf 75' lang='grc' dir='ltr'>Εὑγενίας</span> <span class='ocrx_word' id='word_1_594' title='bbox 1511 2038 1535 2063; x_wconf 78' lang='grc' dir='ltr'><strong>οἰ</strong></span> <span class='ocrx_word' id='word_1_595' title='bbox 1554 2037 1611 2063; x_wconf 73' lang='grc' dir='ltr'>θεοὶ</span> <span class='ocrx_word' id='word_1_596' title='bbox 1636 2037 1725 2071; x_wconf 80' lang='grc' dir='ltr'>ἔρωτα</span> <span class='ocrx_word' id='word_1_597' title='bbox 1750 2037 1860 2072; x_wconf 83' lang='grc' dir='ltr'>σχόντες</span> <span class='ocrx_word' id='word_1_598' title='bbox 1877 2039 1916 2070; x_wconf 82' lang='grc' dir='ltr'><strong>εἰς</strong></span> 
     </span>
    </p>
   </div>
   <div class='ocr_carea' id='block_1_87' title="bbox 1131 2083 1916 2119">
    <p class='ocr_par' dir='ltr' id='par_1_87' title="bbox 1131 2083 1916 2119">
     <span class='ocr_line' id='line_1_87' title="bbox 1131 2083 1916 2119; baseline 0 -10"><span class='ocrx_word' id='word_1_599' title='bbox 1131 2084 1262 2118; x_wconf 72' lang='grc' dir='ltr'>οὐρανοὺς</span> <span class='ocrx_word' id='word_1_600' title='bbox 1277 2083 1361 2117; x_wconf 73' lang='grc' dir='ltr'>αὐτὴν</span> <span class='ocrx_word' id='word_1_601' title='bbox 1376 2083 1580 2118; x_wconf 74' lang='grc' dir='ltr'>ἀνηρπάσαντο.</span> <span class='ocrx_word' id='word_1_602' title='bbox 1611 2083 1701 2118; x_wconf 88' lang='grc' dir='ltr'>Ὅπερ</span> <span class='ocrx_word' id='word_1_603' title='bbox 1716 2083 1755 2117; x_wconf 78' lang='grc' dir='ltr'>τῷ</span> <span class='ocrx_word' id='word_1_604' title='bbox 1770 2083 1855 2119; x_wconf 81' lang='grc' dir='ltr'>πατρὶ</span> <span class='ocrx_word' id='word_1_605' title='bbox 1869 2084 1916 2110; x_wconf 81' lang='grc' dir='ltr'>ἆτε</span> 
     </span>
    </p>
   </div>
   <div class='ocr_carea' id='block_1_88' title="bbox 1132 2127 1917 2164">
    <p class='ocr_par' dir='ltr' id='par_1_88' title="bbox 1132 2127 1917 2164">
     <span class='ocr_line' id='line_1_88' title="bbox 1132 2127 1917 2164; baseline 0.001 -10"><span class='ocrx_word' id='word_1_606' title='bbox 1132 2127 1239 2159; x_wconf 80' lang='grc' dir='ltr'>πολλοῖς</span> <span class='ocrx_word' id='word_1_607' title='bbox 1250 2128 1380 2159; x_wconf 83' lang='grc' dir='ltr'>τοιούτοις</span> <span class='ocrx_word' id='word_1_608' title='bbox 1392 2128 1569 2164; x_wconf 81' lang='grc' dir='ltr'>ἐνειθισμένῳ</span> <span class='ocrx_word' id='word_1_609' title='bbox 1592 2129 1642 2164; x_wconf 87' lang='grc' dir='ltr'>τὴν</span> <span class='ocrx_word' id='word_1_610' title='bbox 1659 2129 1744 2164; x_wconf 83' lang='grc' dir='ltr'>ἀκοὴν</span> <span class='ocrx_word' id='word_1_611' title='bbox 1764 2129 1917 2164; x_wconf 76' lang='grc' dir='ltr'>εῦπαρὰδε-</span> 
     </span>
    </p>
   </div>
   <div class='ocr_carea' id='block_1_89' title="bbox 1132 2171 1917 2210">
    <p class='ocr_par' dir='ltr' id='par_1_89' title="bbox 1132 2171 1917 2210">
     <span class='ocr_line' id='line_1_89' title="bbox 1132 2171 1917 2210; baseline 0.001 -10"><span class='ocrx_word' id='word_1_612' title='bbox 1132 2182 1195 2200; x_wconf 70' lang='grc' dir='ltr'>κτον</span> <span class='ocrx_word' id='word_1_613' title='bbox 1213 2171 1256 2210; x_wconf 83' lang='grc' dir='ltr'>ἦν,</span> <span class='ocrx_word' id='word_1_614' title='bbox 1270 2175 1362 2209; x_wconf 82' lang='grc' dir='ltr'>τιμαῖς</span> <span class='ocrx_word' id='word_1_615' title='bbox 1373 2182 1402 2200; x_wconf 82' lang='grc' dir='ltr'><strong>τε</strong></span> <span class='ocrx_word' id='word_1_616' title='bbox 1418 2174 1467 2210; x_wconf 81' lang='grc' dir='ltr'>τὴν</span> <span class='ocrx_word' id='word_1_617' title='bbox 1482 2174 1620 2210; x_wconf 81' lang='grc' dir='ltr'>θυγατέρα</span> <span class='ocrx_word' id='word_1_618' title='bbox 1640 2175 1823 2210; x_wconf 79' lang='grc' dir='ltr'>διαφερόντως</span> <span class='ocrx_word' id='word_1_619' title='bbox 1835 2176 1917 2210; x_wconf 78' lang='grc' dir='ltr'>ἐτίμα</span> 
     </span>
    </p>
   </div>
   <div class='ocr_carea' id='block_1_90' title="bbox 1131 2219 1916 2256">
    <p class='ocr_par' dir='ltr' id='par_1_90' title="bbox 1131 2219 1916 2256">
     <span class='ocr_line' id='line_1_90' title="bbox 1131 2219 1916 2256; baseline 0 -10"><span class='ocrx_word' id='word_1_620' title='bbox 1131 2219 1180 2246; x_wconf 78' lang='grc' dir='ltr'>καὶ</span> <span class='ocrx_word' id='word_1_621' title='bbox 1194 2220 1305 2255; x_wconf 72' lang='grc' dir='ltr'>ἄγαλμα</span> <span class='ocrx_word' id='word_1_622' title='bbox 1319 2220 1405 2256; x_wconf 84' lang='grc' dir='ltr'>ταύτῃ</span> <span class='ocrx_word' id='word_1_623' title='bbox 1418 2220 1534 2254; x_wconf 77' lang='grc' dir='ltr'>χρυσοῦν</span> <span class='ocrx_word' id='word_1_624' title='bbox 1545 2221 1712 2256; x_wconf 78' lang='grc' dir='ltr'>ἁνεστήσατο</span> <span class='ocrx_word' id='word_1_625' title='bbox 1726 2221 1774 2247; x_wconf 75' lang='grc' dir='ltr'>καὶ</span> <span class='ocrx_word' id='word_1_626' title='bbox 1784 2221 1821 2253; x_wconf 83' lang='grc' dir='ltr'>ὡς</span> <span class='ocrx_word' id='word_1_627' title='bbox 1835 2222 1916 2256; x_wconf 78' lang='grc' dir='ltr'>καινῇ</span> 
     </span>
    </p>
   </div>
   <div class='ocr_carea' id='block_1_91' title="bbox 1132 2265 1919 2302">
    <p class='ocr_par' dir='ltr' id='par_1_91' title="bbox 1132 2265 1919 2302">
     <span class='ocr_line' id='line_1_91' title="bbox 1132 2265 1919 2302; baseline 0.004 -11"><span class='ocrx_word' id='word_1_628' title='bbox 1132 2265 1182 2300; x_wconf 78' lang='grc' dir='ltr'><strong>θεᾷ</strong></span> <span class='ocrx_word' id='word_1_629' title='bbox 1196 2265 1269 2292; x_wconf 77' lang='grc' dir='ltr'>θύειν</span> <span class='ocrx_word' id='word_1_630' title='bbox 1285 2265 1398 2300; x_wconf 73' lang='grc' dir='ltr'>ἤρξατο.</span> <span class='ocrx_word' id='word_1_631' title='bbox 1416 2266 1449 2293; x_wconf 84' lang='grc' dir='ltr'><strong>Ἠ</strong></span> <span class='ocrx_word' id='word_1_632' title='bbox 1466 2267 1556 2302; x_wconf 77' lang='grc' dir='ltr'>μήτηρ</span> <span class='ocrx_word' id='word_1_633' title='bbox 1569 2266 1598 2293; x_wconf 82' lang='grc' dir='ltr'>δὲ</span> <span class='ocrx_word' id='word_1_634' title='bbox 1617 2267 1663 2293; x_wconf 79' lang='grc' dir='ltr'><strong>καὶ</strong></span> <span class='ocrx_word' id='word_1_635' title='bbox 1679 2268 1703 2293; x_wconf 90' lang='grc' dir='ltr'><strong>οἰ</strong></span> <span class='ocrx_word' id='word_1_636' title='bbox 1720 2267 1833 2302; x_wconf 68' lang='grc' dir='ltr'>ἀδελφοὶ</span> <span class='ocrx_word' id='word_1_637' title='bbox 1846 2268 1919 2294; x_wconf 77' lang='grc' dir='ltr'><strong>Ἀσί-</strong></span> 
     </span>
    </p>
   </div>
   <div class='ocr_carea' id='block_1_92' title="bbox 295 2299 1078 2348">
    <p class='ocr_par' dir='ltr' id='par_1_92' title="bbox 295 2309 1078 2344">
     <span class='ocr_line' id='line_1_92' title="bbox 295 2309 1078 2344; baseline -0.003 -5"><span class='ocrx_word' id='word_1_638' title='bbox 295 2316 424 2344; x_wconf 81' lang='lat' dir='ltr'><strong>statuam,</strong></span> <span class='ocrx_word' id='word_1_639' title='bbox 445 2315 471 2338; x_wconf 88' lang='lat' dir='ltr'><strong>et</strong></span> <span class='ocrx_word' id='word_1_640' title='bbox 491 2314 621 2344; x_wconf 86' lang='lat' dir='ltr'><strong>tanquam</strong></span> <span class='ocrx_word' id='word_1_641' title='bbox 642 2316 719 2336; x_wconf 63' lang='lat' dir='ltr'><strong>nova:</strong></span> <span class='ocrx_word' id='word_1_642' title='bbox 732 2309 790 2336; x_wconf 79' lang='lat' dir='ltr'><strong>dea:</strong></span> <span class='ocrx_word' id='word_1_643' title='bbox 805 2309 890 2344; x_wconf 74' lang='lat' dir='ltr'><strong>cmpit</strong></span> <span class='ocrx_word' id='word_1_644' title='bbox 906 2310 1078 2337; x_wconf 75' lang='lat' dir='ltr'><strong>sacrificare.</strong></span> 
     </span>
    </p>
   </div>
   <div class='ocr_carea' id='block_1_93' title="bbox 1129 2299 1917 2348">
    <p class='ocr_par' dir='ltr' id='par_1_93' title="bbox 1131 2299 1917 2348">
     <span class='ocr_line' id='line_1_93' title="bbox 1131 2299 1917 2348; baseline 0.004 -12"><span class='ocrx_word' id='word_1_645' title='bbox 1131 2299 1181 2341; x_wconf 79' lang='grc' dir='ltr'><strong>τας</strong></span> <span class='ocrx_word' id='word_1_646' title='bbox 1192 2319 1221 2336; x_wconf 89' lang='grc' dir='ltr'><strong>τε</strong></span> <span class='ocrx_word' id='word_1_647' title='bbox 1236 2311 1281 2337; x_wconf 76' lang='grc' dir='ltr'>καὶ</span> <span class='ocrx_word' id='word_1_648' title='bbox 1296 2299 1407 2346; x_wconf 79' lang='grc' dir='ltr'>Σέργιος</span> <span class='ocrx_word' id='word_1_649' title='bbox 1419 2299 1551 2347; x_wconf 33' lang='grc' dir='ltr'>οὐκ-εἶχον</span> <span class='ocrx_word' id='word_1_650' title='bbox 1566 2313 1677 2348; x_wconf 80' lang='grc' dir='ltr'>ὁμοίως,</span> <span class='ocrx_word' id='word_1_651' title='bbox 1694 2313 1761 2340; x_wconf 73' lang='grc' dir='ltr'>ἀλλὰ</span> <span class='ocrx_word' id='word_1_652' title='bbox 1779 2299 1917 2340; x_wconf 71' lang='grc' dir='ltr'>πιστεύειν</span> 
     </span>
    </p>
   </div>
   <div class='ocr_carea' id='block_1_94' title="bbox 296 2354 1079 2390">
    <p class='ocr_par' dir='ltr' id='par_1_94' title="bbox 296 2354 1079 2390">
     <span class='ocr_line' id='line_1_94' title="bbox 296 2354 1079 2390; baseline -0.004 -5"><span class='ocrx_word' id='word_1_653' title='bbox 296 2359 383 2385; x_wconf 80' lang='lat' dir='ltr'><strong>Mater</strong></span> <span class='ocrx_word' id='word_1_654' title='bbox 399 2360 491 2384; x_wconf 86' lang='lat' dir='ltr'><strong>autem</strong></span> <span class='ocrx_word' id='word_1_655' title='bbox 508 2360 537 2382; x_wconf 89' lang='lat' dir='ltr'><strong>et</strong></span> <span class='ocrx_word' id='word_1_656' title='bbox 553 2354 653 2382; x_wconf 77' lang='lat' dir='ltr'><strong>fratres</strong></span> <span class='ocrx_word' id='word_1_657' title='bbox 673 2355 768 2382; x_wconf 84' lang='lat' dir='ltr'><strong>Avitas</strong></span> <span class='ocrx_word' id='word_1_658' title='bbox 783 2360 811 2382; x_wconf 88' lang='lat' dir='ltr'><strong>et</strong></span> <span class='ocrx_word' id='word_1_659' title='bbox 830 2354 943 2390; x_wconf 78' lang='lat' dir='ltr'><strong>Sergius</strong></span> <span class='ocrx_word' id='word_1_660' title='bbox 965 2363 1018 2382; x_wconf 92' lang='lat' dir='ltr'><strong>non</strong></span> <span class='ocrx_word' id='word_1_661' title='bbox 1042 2355 1079 2383; x_wconf 91' lang='lat' dir='ltr'><strong>ita</strong></span> 
     </span>
    </p>
   </div>
   <div class='ocr_carea' id='block_1_95' title="bbox 295 2400 1080 2434">
    <p class='ocr_par' dir='ltr' id='par_1_95' title="bbox 295 2400 1080 2434">
     <span class='ocr_line' id='line_1_95' title="bbox 295 2400 1080 2434; baseline -0.005 -2"><span class='ocrx_word' id='word_1_662' title='bbox 295 2413 325 2432; x_wconf 88' lang='lat' dir='ltr'><strong>se</strong></span> <span class='ocrx_word' id='word_1_663' title='bbox 347 2403 496 2434; x_wconf 81' lang='lat' dir='ltr'><strong>habebant,</strong></span> <span class='ocrx_word' id='word_1_664' title='bbox 522 2400 570 2428; x_wconf 86' lang='lat' dir='ltr'><strong>sed</strong></span> <span class='ocrx_word' id='word_1_665' title='bbox 594 2400 629 2427; x_wconf 92' lang='lat' dir='ltr'><strong>iis</strong></span> <span class='ocrx_word' id='word_1_666' title='bbox 644 2408 704 2434; x_wconf 67' lang='lat' dir='ltr'><strong>qua:</strong></span> <span class='ocrx_word' id='word_1_667' title='bbox 726 2401 900 2433; x_wconf 85' lang='lat' dir='ltr'><strong>dicebantur,</strong></span> <span class='ocrx_word' id='word_1_668' title='bbox 922 2401 1080 2428; x_wconf 86' lang='lat' dir='ltr'><strong>dubitantes</strong></span> 
     </span>
    </p>
   </div>
   <div class='ocr_carea' id='block_1_96' title="bbox 297 2446 1080 2482">
    <p class='ocr_par' dir='ltr' id='par_1_96' title="bbox 297 2446 1080 2482">
     <span class='ocr_line' id='line_1_96' title="bbox 297 2446 1080 2482; baseline -0.004 -5"><span class='ocrx_word' id='word_1_669' title='bbox 297 2450 421 2481; x_wconf 74' lang='lat' dir='ltr'><strong>credere,</strong></span> <span class='ocrx_word' id='word_1_670' title='bbox 445 2447 526 2474; x_wconf 88' lang='lat' dir='ltr'><strong>valde</strong></span> <span class='ocrx_word' id='word_1_671' title='bbox 550 2446 694 2481; x_wconf 80' lang='lat' dir='ltr'><strong>lugebant.</strong></span> <span class='ocrx_word' id='word_1_672' title='bbox 715 2448 804 2481; x_wconf 82' lang='lat' dir='ltr'><strong>Atque</strong></span> <span class='ocrx_word' id='word_1_673' title='bbox 825 2446 953 2482; x_wconf 77' lang='lat' dir='ltr'><strong>Eugeniae</strong></span> <span class='ocrx_word' id='word_1_674' title='bbox 969 2447 1080 2482; x_wconf 89' lang='lat' dir='ltr'><strong>quidem</strong></span> 
     </span>
    </p>
   </div>
   <div class='ocr_carea' id='block_1_97' title="bbox 297 2493 1079 2532">
    <p class='ocr_par' dir='ltr' id='par_1_97' title="bbox 297 2493 1079 2532">
     <span class='ocr_line' id='line_1_97' title="bbox 297 2493 1079 2532; baseline -0.005 -8"><span class='ocrx_word' id='word_1_675' title='bbox 297 2498 369 2532; x_wconf 75' lang='lat' dir='ltr'><strong>fuga,</strong></span> <span class='ocrx_word' id='word_1_676' title='bbox 390 2500 418 2522; x_wconf 87' lang='lat' dir='ltr'><strong>et</strong></span> <span class='ocrx_word' id='word_1_677' title='bbox 433 2493 668 2529; x_wconf 82' lang='lat' dir='ltr'><strong>quemadmodum</strong></span> <span class='ocrx_word' id='word_1_678' title='bbox 693 2500 748 2520; x_wconf 91' lang='lat' dir='ltr'><strong>non</strong></span> <span class='ocrx_word' id='word_1_679' title='bbox 764 2494 853 2520; x_wconf 91' lang='lat' dir='ltr'><strong>solum</strong></span> <span class='ocrx_word' id='word_1_680' title='bbox 869 2498 1008 2528; x_wconf 83' lang='lat' dir='ltr'><strong>parentes.</strong></span> <span class='ocrx_word' id='word_1_681' title='bbox 1032 2493 1079 2520; x_wconf 89' lang='lat' dir='ltr'><strong>sed</strong></span> 
     </span>
    </p>
   </div>
   <div class='ocr_carea' id='block_1_98' title="bbox 297 2538 1081 2576">
    <p class='ocr_par' dir='ltr' id='par_1_98' title="bbox 297 2538 1081 2576">
     <span class='ocr_line' id='line_1_98' title="bbox 297 2538 1081 2576; baseline -0.005 -7"><span class='ocrx_word' id='word_1_682' title='bbox 297 2549 344 2569; x_wconf 85' lang='lat' dir='ltr'><strong>eos</strong></span> <span class='ocrx_word' id='word_1_683' title='bbox 369 2541 452 2569; x_wconf 84' lang='lat' dir='ltr'><strong>etiam</strong></span> <span class='ocrx_word' id='word_1_684' title='bbox 482 2539 531 2576; x_wconf 89' lang='lat' dir='ltr'><strong>qui</strong></span> <span class='ocrx_word' id='word_1_685' title='bbox 563 2539 589 2565; x_wconf 91' lang='lat' dir='ltr'><strong>ei</strong></span> <span class='ocrx_word' id='word_1_686' title='bbox 618 2538 687 2566; x_wconf 84' lang='lat' dir='ltr'><strong>bene</strong></span> <span class='ocrx_word' id='word_1_687' title='bbox 713 2539 851 2571; x_wconf 88' lang='lat' dir='ltr'><strong>volebant,</strong></span> <span class='ocrx_word' id='word_1_688' title='bbox 880 2538 1015 2572; x_wconf 83' lang='lat' dir='ltr'><strong>all‘ecerit,</strong></span> <span class='ocrx_word' id='word_1_689' title='bbox 1043 2539 1081 2566; x_wconf 89' lang='lat' dir='ltr'><strong>ita</strong></span> 
     </span>
    </p>
   </div>
   <div class='ocr_carea' id='block_1_99' title="bbox 297 2588 388 2614">
    <p class='ocr_par' dir='ltr' id='par_1_99' title="bbox 297 2588 388 2614">
     <span class='ocr_line' id='line_1_99' title="bbox 297 2588 388 2614; baseline 0 0"><span class='ocrx_word' id='word_1_690' title='bbox 297 2588 388 2614; x_wconf 85' lang='lat' dir='ltr'><strong>habet.</strong></span> 
     </span>
    </p>
   </div>
   <div class='ocr_carea' id='block_1_100' title="bbox 331 2630 1080 2668">
    <p class='ocr_par' dir='ltr' id='par_1_100' title="bbox 331 2630 1080 2668">
     <span class='ocr_line' id='line_1_100' title="bbox 331 2630 1080 2668; baseline -0.004 -7"><span class='ocrx_word' id='word_1_691' title='bbox 331 2633 402 2661; x_wconf 72' lang='lat' dir='ltr'><strong>XIV.</strong></span> <span class='ocrx_word' id='word_1_692' title='bbox 424 2632 548 2668; x_wconf 81' lang='lat' dir='ltr'><strong>Eugenia</strong></span> <span class='ocrx_word' id='word_1_693' title='bbox 560 2636 654 2659; x_wconf 89' lang='lat' dir='ltr'><strong>autetn</strong></span> <span class='ocrx_word' id='word_1_694' title='bbox 682 2630 711 2658; x_wconf 91' lang='lat' dir='ltr'><strong>in</strong></span> <span class='ocrx_word' id='word_1_695' title='bbox 734 2630 836 2658; x_wconf 89' lang='lat' dir='ltr'><strong>divinis</strong></span> <span class='ocrx_word' id='word_1_696' title='bbox 851 2630 1003 2665; x_wconf 87' lang='lat' dir='ltr'><strong>Seripturis</strong></span> <span class='ocrx_word' id='word_1_697' title='bbox 1018 2638 1080 2658; x_wconf 88' lang='lat' dir='ltr'><strong>vcr-</strong></span> 
     </span>
    </p>
   </div>
   <div class='ocr_carea' id='block_1_101' title="bbox 298 2677 1084 2712">
    <p class='ocr_par' dir='ltr' id='par_1_101' title="bbox 298 2677 1084 2712">
     <span class='ocr_line' id='line_1_101' title="bbox 298 2677 1084 2712; baseline -0.005 -4"><span class='ocrx_word' id='word_1_698' title='bbox 298 2682 410 2708; x_wconf 85' lang='lat' dir='ltr'><strong>sabatur</strong></span> <span class='ocrx_word' id='word_1_699' title='bbox 422 2684 449 2707; x_wconf 88' lang='lat' dir='ltr'><strong>et</strong></span> <span class='ocrx_word' id='word_1_700' title='bbox 467 2678 654 2706; x_wconf 85' lang='lat' dir='ltr'><strong>meditabatur</strong></span> <span class='ocrx_word' id='word_1_701' title='bbox 669 2677 789 2709; x_wconf 83' lang='lat' dir='ltr'><strong>assidue,</strong></span> <span class='ocrx_word' id='word_1_702' title='bbox 808 2681 836 2704; x_wconf 85' lang='lat' dir='ltr'><strong>et</strong></span> <span class='ocrx_word' id='word_1_703' title='bbox 852 2677 980 2712; x_wconf 66' lang='lat' dir='ltr'><strong>parandae</strong></span> <span class='ocrx_word' id='word_1_704' title='bbox 997 2677 1084 2704; x_wconf 79' lang='lat' dir='ltr'><strong>virtu-</strong></span> 
     </span>
    </p>
   </div>
   <div class='ocr_carea' id='block_1_102' title="bbox 297 2722 1082 2762">
    <p class='ocr_par' dir='ltr' id='par_1_102' title="bbox 297 2722 1082 2762">
     <span class='ocr_line' id='line_1_102' title="bbox 297 2722 1082 2762; baseline -0.006 -7"><span class='ocrx_word' id='word_1_705' title='bbox 297 2728 331 2755; x_wconf 83' lang='lat' dir='ltr'><strong>tis</strong></span> <span class='ocrx_word' id='word_1_706' title='bbox 345 2734 472 2762; x_wconf 76' lang='lat' dir='ltr'><strong>magnam</strong></span> <span class='ocrx_word' id='word_1_707' title='bbox 493 2732 588 2753; x_wconf 87' lang='lat' dir='ltr'><strong>curam</strong></span> <span class='ocrx_word' id='word_1_708' title='bbox 616 2724 739 2759; x_wconf 79' lang='lat' dir='ltr'><strong>gerebat.</strong></span> <span class='ocrx_word' id='word_1_709' title='bbox 770 2723 830 2757; x_wconf 88' lang='lat' dir='ltr'><strong>Quo</strong></span> <span class='ocrx_word' id='word_1_710' title='bbox 852 2722 954 2750; x_wconf 84' lang='lat' dir='ltr'><strong>factum</strong></span> <span class='ocrx_word' id='word_1_711' title='bbox 976 2726 1029 2755; x_wconf 92' lang='lat' dir='ltr'><strong>est,</strong></span> <span class='ocrx_word' id='word_1_712' title='bbox 1054 2729 1082 2750; x_wconf 90' lang='lat' dir='ltr'><strong>ut</strong></span> 
     </span>
    </p>
   </div>
   <div class='ocr_carea' id='block_1_103' title="bbox 298 2767 1081 2806">
    <p class='ocr_par' dir='ltr' id='par_1_103' title="bbox 298 2767 1081 2806">
     <span class='ocr_line' id='line_1_103' title="bbox 298 2767 1081 2806; baseline -0.006 -7"><span class='ocrx_word' id='word_1_713' title='bbox 298 2780 359 2800; x_wconf 80' lang='lat' dir='ltr'><strong>curti</strong></span> <span class='ocrx_word' id='word_1_714' title='bbox 385 2779 438 2798; x_wconf 83' lang='lat' dir='ltr'><strong>non</strong></span> <span class='ocrx_word' id='word_1_715' title='bbox 465 2771 612 2806; x_wconf 87' lang='lat' dir='ltr'><strong>plusquam</strong></span> <span class='ocrx_word' id='word_1_716' title='bbox 642 2769 712 2796; x_wconf 90' lang='lat' dir='ltr'><strong>duos</strong></span> <span class='ocrx_word' id='word_1_717' title='bbox 736 2775 824 2796; x_wconf 87' lang='lat' dir='ltr'><strong>annos</strong></span> <span class='ocrx_word' id='word_1_718' title='bbox 849 2767 1028 2802; x_wconf 79' lang='lat' dir='ltr'><strong>transegisset</strong></span> <span class='ocrx_word' id='word_1_719' title='bbox 1052 2768 1081 2795; x_wconf 88' lang='lat' dir='ltr'><strong>in</strong></span> 
     </span>
    </p>
   </div>
   <div class='ocr_carea' id='block_1_104' title="bbox 299 2814 1081 2849">
    <p class='ocr_par' dir='ltr' id='par_1_104' title="bbox 299 2814 1081 2849">
     <span class='ocr_line' id='line_1_104' title="bbox 299 2814 1081 2849; baseline -0.006 -4"><span class='ocrx_word' id='word_1_720' title='bbox 299 2817 483 2849; x_wconf 79' lang='lat' dir='ltr'><strong>monasterio,</strong></span> <span class='ocrx_word' id='word_1_721' title='bbox 514 2824 611 2843; x_wconf 78' lang='lat' dir='ltr'><strong>omnes</strong></span> <span class='ocrx_word' id='word_1_722' title='bbox 639 2815 762 2842; x_wconf 88' lang='lat' dir='ltr'><strong>vinceret</strong></span> <span class='ocrx_word' id='word_1_723' title='bbox 784 2823 792 2842; x_wconf 77' lang='grc' dir='ltr'><strong>ι</strong></span> <span class='ocrx_word' id='word_1_724' title='bbox 816 2815 928 2847; x_wconf 83' lang='lat' dir='ltr'><strong>mulier,</strong></span> <span class='ocrx_word' id='word_1_725' title='bbox 951 2814 1081 2848; x_wconf 85' lang='lat' dir='ltr'><strong>inquam,</strong></span> 
     </span>
    </p>
   </div>
   <div class='ocr_carea' id='block_1_105' title="bbox 300 2862 1083 2895">
    <p class='ocr_par' dir='ltr' id='par_1_105' title="bbox 300 2862 1083 2895">
     <span class='ocr_line' id='line_1_105' title="bbox 300 2862 1083 2895; baseline -0.003 -5"><span class='ocrx_word' id='word_1_726' title='bbox 300 2864 382 2890; x_wconf 75' lang='lat' dir='ltr'><strong>viros.</strong></span> <span class='ocrx_word' id='word_1_727' title='bbox 406 2863 496 2895; x_wconf 81' lang='lat' dir='ltr'><strong>Quare</strong></span> <span class='ocrx_word' id='word_1_728' title='bbox 524 2870 569 2889; x_wconf 86' lang='lat' dir='ltr'><strong>res</strong></span> <span class='ocrx_word' id='word_1_729' title='bbox 592 2862 750 2888; x_wconf 84' lang='lat' dir='ltr'><strong>communis</strong></span> <span class='ocrx_word' id='word_1_730' title='bbox 773 2866 816 2888; x_wconf 81' lang='lat' dir='ltr'><strong>est</strong></span> <span class='ocrx_word' id='word_1_731' title='bbox 833 2862 934 2892; x_wconf 83' lang='lat' dir='ltr'><strong>virtus,</strong></span> <span class='ocrx_word' id='word_1_732' title='bbox 951 2865 978 2887; x_wconf 92' lang='lat' dir='ltr'><strong>et</strong></span> <span class='ocrx_word' id='word_1_733' title='bbox 992 2868 1083 2888; x_wconf 35' lang='lat' dir='ltr'><strong>\sexus</strong></span> 
     </span>
    </p>
   </div>
   <div class='ocr_carea' id='block_1_106' title="bbox 297 2906 1081 2942">
    <p class='ocr_par' dir='ltr' id='par_1_106' title="bbox 297 2906 1081 2942">
     <span class='ocr_line' id='line_1_106' title="bbox 297 2906 1081 2942; baseline -0.005 -6"><span class='ocrx_word' id='word_1_734' title='bbox 297 2909 403 2939; x_wconf 79' lang='lat' dir='ltr'><strong>nullum</strong></span> <span class='ocrx_word' id='word_1_735' title='bbox 421 2909 500 2936; x_wconf 80' lang='lat' dir='ltr'><strong>all‘ert</strong></span> <span class='ocrx_word' id='word_1_736' title='bbox 516 2907 745 2942; x_wconf 88' lang='lat' dir='ltr'><strong>impedimentum</strong></span> <span class='ocrx_word' id='word_1_737' title='bbox 763 2908 788 2935; x_wconf 85' lang='lat' dir='ltr'><strong>ei</strong></span> <span class='ocrx_word' id='word_1_738' title='bbox 799 2907 847 2942; x_wconf 86' lang='lat' dir='ltr'><strong>qui</strong></span> <span class='ocrx_word' id='word_1_739' title='bbox 871 2914 899 2934; x_wconf 88' lang='lat' dir='ltr'><strong>se</strong></span> <span class='ocrx_word' id='word_1_740' title='bbox 923 2910 996 2933; x_wconf 84' lang='lat' dir='ltr'><strong>recte</strong></span> <span class='ocrx_word' id='word_1_741' title='bbox 1016 2906 1081 2933; x_wconf 77' lang='lat' dir='ltr'><strong>velit</strong></span> 
     </span>
    </p>
   </div>
   <div class='ocr_carea' id='block_1_107' title="bbox 1133 2355 1916 2394">
    <p class='ocr_par' dir='ltr' id='par_1_107' title="bbox 1133 2355 1916 2394">
     <span class='ocr_line' id='line_1_107' title="bbox 1133 2355 1916 2394; baseline 0.003 -11"><span class='ocrx_word' id='word_1_742' title='bbox 1133 2355 1205 2383; x_wconf 74' lang='grc' dir='ltr'>οὕτω</span> <span class='ocrx_word' id='word_1_743' title='bbox 1216 2358 1271 2388; x_wconf 81' lang='grc' dir='ltr'>τοῖς</span> <span class='ocrx_word' id='word_1_744' title='bbox 1288 2356 1445 2392; x_wconf 78' lang='grc' dir='ltr'>λεγομένοις</span> <span class='ocrx_word' id='word_1_745' title='bbox 1455 2357 1623 2393; x_wconf 79' lang='grc' dir='ltr'>ὀκνήσαντες</span> <span class='ocrx_word' id='word_1_746' title='bbox 1641 2359 1758 2394; x_wconf 78' lang='grc' dir='ltr'>ἰσχυρῶς</span> <span class='ocrx_word' id='word_1_747' title='bbox 1776 2359 1916 2386; x_wconf 78' lang='grc' dir='ltr'>ἐπένθουν.</span> 
     </span>
    </p>
   </div>
   <div class='ocr_carea' id='block_1_108' title="bbox 1135 2402 1919 2440">
    <p class='ocr_par' dir='ltr' id='par_1_108' title="bbox 1135 2402 1919 2440">
     <span class='ocr_line' id='line_1_108' title="bbox 1135 2402 1919 2440; baseline 0.004 -13"><span class='ocrx_word' id='word_1_748' title='bbox 1135 2402 1208 2436; x_wconf 82' lang='grc' dir='ltr'>Πλὴν</span> <span class='ocrx_word' id='word_1_749' title='bbox 1221 2402 1289 2429; x_wconf 83' lang='grc' dir='ltr'>ἀλλὰ</span> <span class='ocrx_word' id='word_1_750' title='bbox 1302 2403 1336 2428; x_wconf 74' lang='grc' dir='ltr'><strong>τὰ</strong></span> <span class='ocrx_word' id='word_1_751' title='bbox 1351 2404 1420 2438; x_wconf 80' lang='grc' dir='ltr'>μετὰ</span> <span class='ocrx_word' id='word_1_752' title='bbox 1440 2404 1489 2438; x_wconf 86' lang='grc' dir='ltr'>τὴν</span> <span class='ocrx_word' id='word_1_753' title='bbox 1510 2403 1599 2440; x_wconf 80' lang='grc' dir='ltr'>φυγὴν</span> <span class='ocrx_word' id='word_1_754' title='bbox 1617 2404 1762 2438; x_wconf 73' lang='grc' dir='ltr'>Εὑγενίας,</span> <span class='ocrx_word' id='word_1_755' title='bbox 1782 2405 1828 2430; x_wconf 76' lang='grc' dir='ltr'>καὶ</span> <span class='ocrx_word' id='word_1_756' title='bbox 1846 2405 1919 2434; x_wconf 75' lang='grc' dir='ltr'>ὅπως</span> 
     </span>
    </p>
   </div>
   <div class='ocr_carea' id='block_1_109' title="bbox 1134 2448 1919 2485">
    <p class='ocr_par' dir='ltr' id='par_1_109' title="bbox 1134 2448 1919 2485">
     <span class='ocr_line' id='line_1_109' title="bbox 1134 2448 1919 2485; baseline 0.004 -12"><span class='ocrx_word' id='word_1_757' title='bbox 1134 2448 1164 2473; x_wconf 84' lang='grc' dir='ltr'>οὺ</span> <span class='ocrx_word' id='word_1_758' title='bbox 1182 2448 1284 2480; x_wconf 87' lang='grc' dir='ltr'>γονέων</span> <span class='ocrx_word' id='word_1_759' title='bbox 1300 2449 1380 2484; x_wconf 83' lang='grc' dir='ltr'>μόνον</span> <span class='ocrx_word' id='word_1_760' title='bbox 1405 2449 1484 2484; x_wconf 74' lang='grc' dir='ltr'>αὐτῇ,</span> <span class='ocrx_word' id='word_1_761' title='bbox 1511 2449 1579 2476; x_wconf 75' lang='grc' dir='ltr'>ἀλλὰ</span> <span class='ocrx_word' id='word_1_762' title='bbox 1593 2450 1640 2476; x_wconf 79' lang='grc' dir='ltr'>καὶ</span> <span class='ocrx_word' id='word_1_763' title='bbox 1663 2449 1718 2476; x_wconf 84' lang='grc' dir='ltr'><strong>τῶν</strong></span> <span class='ocrx_word' id='word_1_764' title='bbox 1743 2450 1831 2477; x_wconf 80' lang='grc' dir='ltr'>ἄλλων</span> <span class='ocrx_word' id='word_1_765' title='bbox 1851 2450 1919 2485; x_wconf 79' lang='grc' dir='ltr'>πρὸς</span> 
     </span>
    </p>
   </div>
   <div class='ocr_carea' id='block_1_110' title="bbox 1133 2494 1866 2531">
    <p class='ocr_par' dir='ltr' id='par_1_110' title="bbox 1133 2494 1866 2531">
     <span class='ocr_line' id='line_1_110' title="bbox 1133 2494 1866 2531; baseline 0.003 -11"><span class='ocrx_word' id='word_1_766' title='bbox 1133 2494 1218 2530; x_wconf 81' lang='grc' dir='ltr'>αὐτὴν</span> <span class='ocrx_word' id='word_1_767' title='bbox 1230 2494 1326 2529; x_wconf 77' lang='grc' dir='ltr'>φιλίως</span> <span class='ocrx_word' id='word_1_768' title='bbox 1346 2495 1528 2531; x_wconf 85' lang='grc' dir='ltr'>διακειμένων</span> <span class='ocrx_word' id='word_1_769' title='bbox 1543 2496 1684 2528; x_wconf 74' lang='grc' dir='ltr'>καθίκετο,</span> <span class='ocrx_word' id='word_1_770' title='bbox 1697 2495 1784 2527; x_wconf 70' lang='grc' dir='ltr'>οὕτως</span> <span class='ocrx_word' id='word_1_771' title='bbox 1797 2495 1866 2530; x_wconf 78' lang='grc' dir='ltr'>ἔχει.</span> 
     </span>
    </p>
   </div>
   <div class='ocr_carea' id='block_1_111' title="bbox 1171 2631 1921 2669">
    <p class='ocr_par' dir='ltr' id='par_1_111' title="bbox 1171 2631 1921 2669">
     <span class='ocr_line' id='line_1_111' title="bbox 1171 2631 1921 2669; baseline 0.003 -11"><span class='ocrx_word' id='word_1_772' title='bbox 1171 2631 1219 2658; x_wconf 74' lang='lat' dir='ltr'><strong>Ll&#39;.</strong></span> <span class='ocrx_word' id='word_1_773' title='bbox 1236 2631 1275 2667; x_wconf 77' lang='grc' dir='ltr'><strong>Τῇ</strong></span> <span class='ocrx_word' id='word_1_774' title='bbox 1291 2631 1406 2667; x_wconf 75' lang='grc' dir='ltr'>Εὐγενίᾳ</span> <span class='ocrx_word' id='word_1_775' title='bbox 1421 2632 1449 2658; x_wconf 79' lang='grc' dir='ltr'>δὲ</span> <span class='ocrx_word' id='word_1_776' title='bbox 1466 2633 1552 2668; x_wconf 77' lang='grc' dir='ltr'>πολλὴ</span> <span class='ocrx_word' id='word_1_777' title='bbox 1566 2633 1615 2668; x_wconf 76' lang='grc' dir='ltr'>μὲν</span> <span class='ocrx_word' id='word_1_778' title='bbox 1629 2634 1644 2668; x_wconf 87' lang='grc' dir='ltr'><strong>ή</strong></span> <span class='ocrx_word' id='word_1_779' title='bbox 1659 2633 1723 2669; x_wconf 78' lang='grc' dir='ltr'>περὶ</span> <span class='ocrx_word' id='word_1_780' title='bbox 1735 2633 1786 2669; x_wconf 85' lang='grc' dir='ltr'>τὴν</span> <span class='ocrx_word' id='word_1_781' title='bbox 1804 2633 1921 2669; x_wconf 78' lang='grc' dir='ltr'>μελέτην</span> 
     </span>
    </p>
   </div>
   <div class='ocr_carea' id='block_1_112' title="bbox 1135 2676 1920 2714">
    <p class='ocr_par' dir='ltr' id='par_1_112' title="bbox 1135 2676 1920 2714">
     <span class='ocr_line' id='line_1_112' title="bbox 1135 2676 1920 2714; baseline 0.003 -12"><span class='ocrx_word' id='word_1_782' title='bbox 1135 2676 1189 2703; x_wconf 87' lang='grc' dir='ltr'><strong>τῶν</strong></span> <span class='ocrx_word' id='word_1_783' title='bbox 1201 2676 1280 2703; x_wconf 84' lang='grc' dir='ltr'>θείων</span> <span class='ocrx_word' id='word_1_784' title='bbox 1302 2677 1420 2713; x_wconf 82' lang='grc' dir='ltr'>Γραφῶν</span> <span class='ocrx_word' id='word_1_785' title='bbox 1436 2679 1599 2714; x_wconf 80' lang='grc' dir='ltr'>προσεδρία,</span> <span class='ocrx_word' id='word_1_786' title='bbox 1615 2678 1701 2713; x_wconf 82' lang='grc' dir='ltr'>πολλὴ</span> <span class='ocrx_word' id='word_1_787' title='bbox 1718 2678 1746 2704; x_wconf 71' lang='grc' dir='ltr'>δὲ</span> <span class='ocrx_word' id='word_1_788' title='bbox 1763 2679 1779 2714; x_wconf 65' lang='lat' dir='ltr'><strong>ﬁ</strong></span> <span class='ocrx_word' id='word_1_789' title='bbox 1793 2680 1858 2713; x_wconf 82' lang='grc' dir='ltr'><strong>περί</strong></span> <span class='ocrx_word' id='word_1_790' title='bbox 1872 2679 1920 2713; x_wconf 79' lang='grc' dir='ltr'>τὴν</span> 
     </span>
    </p>
   </div>
   <div class='ocr_carea' id='block_1_113' title="bbox 1136 2722 1919 2760">
    <p class='ocr_par' dir='ltr' id='par_1_113' title="bbox 1136 2722 1919 2760">
     <span class='ocr_line' id='line_1_113' title="bbox 1136 2722 1919 2760; baseline 0.004 -12"><span class='ocrx_word' id='word_1_791' title='bbox 1136 2722 1232 2757; x_wconf 83' lang='grc' dir='ltr'>κτῆσιν</span> <span class='ocrx_word' id='word_1_792' title='bbox 1247 2722 1299 2757; x_wconf 85' lang='grc' dir='ltr'>τῆς</span> <span class='ocrx_word' id='word_1_793' title='bbox 1316 2723 1416 2758; x_wconf 78' lang='grc' dir='ltr'>ἀρετῆς</span> <span class='ocrx_word' id='word_1_794' title='bbox 1431 2724 1586 2759; x_wconf 78' lang='grc' dir='ltr'>ἐπιμέλεια,</span> <span class='ocrx_word' id='word_1_795' title='bbox 1602 2724 1666 2760; x_wconf 83' lang='grc' dir='ltr'>παρ’</span> <span class='ocrx_word' id='word_1_796' title='bbox 1681 2725 1695 2750; x_wconf 83' lang='grc' dir='ltr'><strong>ὃ</strong></span> <span class='ocrx_word' id='word_1_797' title='bbox 1715 2725 1761 2751; x_wconf 81' lang='grc' dir='ltr'>καὶ</span> <span class='ocrx_word' id='word_1_798' title='bbox 1775 2724 1813 2759; x_wconf 87' lang='grc' dir='ltr'>μὴ</span> <span class='ocrx_word' id='word_1_799' title='bbox 1829 2726 1919 2752; x_wconf 76' lang='grc' dir='ltr'>πλεῖον</span> 
     </span>
    </p>
   </div>
   <div class='ocr_carea' id='block_1_114' title="bbox 1135 2768 1919 2805">
    <p class='ocr_par' dir='ltr' id='par_1_114' title="bbox 1135 2768 1919 2805">
     <span class='ocr_line' id='line_1_114' title="bbox 1135 2768 1919 2805; baseline 0.003 -11"><span class='ocrx_word' id='word_1_800' title='bbox 1135 2768 1152 2804; x_wconf 74' lang='grc' dir='ltr'><strong>ἢ</strong></span> <span class='ocrx_word' id='word_1_801' title='bbox 1168 2768 1214 2794; x_wconf 84' lang='grc' dir='ltr'>δύο</span> <span class='ocrx_word' id='word_1_802' title='bbox 1225 2768 1272 2804; x_wconf 77' lang='grc' dir='ltr'><strong>ἐτη</strong></span> <span class='ocrx_word' id='word_1_803' title='bbox 1284 2770 1315 2804; x_wconf 76' lang='grc' dir='ltr'><strong>τῇ</strong></span> <span class='ocrx_word' id='word_1_804' title='bbox 1333 2771 1399 2804; x_wconf 84' lang='grc' dir='ltr'>μονῇ</span> <span class='ocrx_word' id='word_1_805' title='bbox 1412 2769 1637 2804; x_wconf 85' lang='grc' dir='ltr'>συνδιενεγκοῦσα</span> <span class='ocrx_word' id='word_1_806' title='bbox 1651 2770 1704 2796; x_wconf 83' lang='grc' dir='ltr'><strong>τῶν</strong></span> <span class='ocrx_word' id='word_1_807' title='bbox 1715 2770 1823 2796; x_wconf 81' lang='grc' dir='ltr'>πάντων</span> <span class='ocrx_word' id='word_1_808' title='bbox 1837 2771 1919 2805; x_wconf 73' lang='grc' dir='ltr'>ἐκρα-</span> 
     </span>
    </p>
   </div>
   <div class='ocr_carea' id='block_1_115' title="bbox 1135 2814 1922 2850">
    <p class='ocr_par' dir='ltr' id='par_1_115' title="bbox 1135 2814 1922 2850">
     <span class='ocr_line' id='line_1_115' title="bbox 1135 2814 1922 2850; baseline 0.003 -11"><span class='ocrx_word' id='word_1_809' title='bbox 1135 2822 1187 2846; x_wconf 85' lang='grc' dir='ltr'>τει,</span> <span class='ocrx_word' id='word_1_810' title='bbox 1202 2814 1269 2848; x_wconf 86' lang='grc' dir='ltr'>γυνή</span> <span class='ocrx_word' id='word_1_811' title='bbox 1291 2822 1362 2849; x_wconf 81' lang='grc' dir='ltr'>φημι</span> <span class='ocrx_word' id='word_1_812' title='bbox 1385 2814 1439 2840; x_wconf 85' lang='grc' dir='ltr'><strong>τῶν</strong></span> <span class='ocrx_word' id='word_1_813' title='bbox 1461 2815 1576 2850; x_wconf 85' lang='grc' dir='ltr'>ἀνδρῶν.</span> <span class='ocrx_word' id='word_1_814' title='bbox 1603 2815 1684 2841; x_wconf 73' lang='grc' dir='ltr'>Ὥστε</span> <span class='ocrx_word' id='word_1_815' title='bbox 1704 2815 1792 2841; x_wconf 83' lang='grc' dir='ltr'>κοινὸν</span> <span class='ocrx_word' id='word_1_816' title='bbox 1807 2815 1823 2850; x_wconf 81' lang='grc' dir='ltr'><strong>ἡ</strong></span> <span class='ocrx_word' id='word_1_817' title='bbox 1836 2814 1922 2850; x_wconf 76' lang='grc' dir='ltr'>ἁρετὴ</span> 
     </span>
    </p>
   </div>
   <div class='ocr_carea' id='block_1_116' title="bbox 1137 2859 1919 2896">
    <p class='ocr_par' dir='ltr' id='par_1_116' title="bbox 1137 2859 1919 2896">
     <span class='ocr_line' id='line_1_116' title="bbox 1137 2859 1919 2896; baseline -0.001 -10"><span class='ocrx_word' id='word_1_818' title='bbox 1137 2859 1184 2886; x_wconf 74' lang='grc' dir='ltr'>καὶ</span> <span class='ocrx_word' id='word_1_819' title='bbox 1196 2860 1272 2885; x_wconf 76' lang='grc' dir='ltr'>οὐδὲν</span> <span class='ocrx_word' id='word_1_820' title='bbox 1283 2861 1337 2886; x_wconf 77' lang='grc' dir='ltr'><strong>ἀπὸ</strong></span> <span class='ocrx_word' id='word_1_821' title='bbox 1351 2860 1399 2886; x_wconf 87' lang='grc' dir='ltr'><strong>τοῦ</strong></span> <span class='ocrx_word' id='word_1_822' title='bbox 1410 2861 1505 2894; x_wconf 79' lang='grc' dir='ltr'>γένους</span> <span class='ocrx_word' id='word_1_823' title='bbox 1520 2861 1632 2896; x_wconf 79' lang='grc' dir='ltr'>κώλυμα</span> <span class='ocrx_word' id='word_1_824' title='bbox 1647 2861 1686 2896; x_wconf 76' lang='grc' dir='ltr'>τῷ</span> <span class='ocrx_word' id='word_1_825' title='bbox 1701 2860 1848 2896; x_wconf 67' lang='grc' dir='ltr'>κατορθοῦν</span> <span class='ocrx_word' id='word_1_826' title='bbox 1859 2860 1919 2895; x_wconf 77' lang='grc' dir='ltr'>βου-</span> 
     </span>
    </p>
   </div>
   <div class='ocr_carea' id='block_1_117' title="bbox 1138 2905 1919 2943">
    <p class='ocr_par' dir='ltr' id='par_1_117' title="bbox 1138 2905 1919 2943">
     <span class='ocr_line' id='line_1_117' title="bbox 1138 2905 1919 2943; baseline 0 -11"><span class='ocrx_word' id='word_1_827' title='bbox 1138 2906 1253 2942; x_wconf 79' lang='grc' dir='ltr'>λομένῳ.</span> <span class='ocrx_word' id='word_1_828' title='bbox 1282 2907 1313 2933; x_wconf 83' lang='grc' dir='ltr'><em>Ἦ</em></span> <span class='ocrx_word' id='word_1_829' title='bbox 1335 2905 1381 2934; x_wconf 80' lang='grc' dir='ltr'>οὖν</span> <span class='ocrx_word' id='word_1_830' title='bbox 1410 2907 1526 2941; x_wconf 71' lang='grc' dir='ltr'>Εὑγενία</span> <span class='ocrx_word' id='word_1_831' title='bbox 1541 2907 1600 2934; x_wconf 80' lang='grc' dir='ltr'>κατ’</span> <span class='ocrx_word' id='word_1_832' title='bbox 1614 2908 1714 2943; x_wconf 76' lang='grc' dir='ltr'>ἀρετὴν</span> <span class='ocrx_word' id='word_1_833' title='bbox 1730 2907 1919 2943; x_wconf 72' lang='grc' dir='ltr'>πρωτεύουςα,</span> 
     </span>
    </p>
   </div>
  </div>
