2060 3153
178 187 232 218 €29

733 186 965 216 MARTYRIUM
988 187 1019 218 S.
1041 187 1235 219 EUGENIE.

1751 191 1803 221 03)

178 244 323 278 πρόσωπον
347 243 412 269 είσω
438 243 525 278 θυρῶν
541 240 586 278 ἦν,
614 244 630 276 ἡ
655 242 806 275 Μελανθία,
825 242 856 268 τὸ
873 242 959 274 πᾶοος

1024 249 1042 268 ra
1065 250 1147 276 quatit
1170 243 1355 275 desiderabat,
1379 244 1465 272 facies
1484 246 1535 272 fuit
1553 246 1623 273 intra
1647 246 1731 277 fores,
1747 247 1805 272 M--

177 290 252 316 Evézv
267 289 432 323 φλεγμαῖνον
443 289 492 315 οὐκ
509 289 660 322 ἐνεγκοῦσα
675 288 757 320 εὐθὺς
772 290 803 314 ὲκ
816 288 862 314 τοῦ
880 297 964 323 πονη-

178 334 224 370 ροῦ
240 334 377 368 θησαυροῦ
391 334 526 369 πονηροὺς
545 333 656 369 προΐησι
677 333 784 366 λόγους,
805 334 851 359 καὶ
868 334 965 367 πρῶτα

180 379 228 414 μὲν
241 378 309 414 πρὸς
325 378 444 412 ἄθεσμον
461 379 592 412 ἠπείγετο
605 378 690 413 μίξιν.
703 379 734 404 Εἰ
751 378 778 404 δὲ
795 379 831 413 μὴ
849 378 964 412 βούλοιο,

178 425 270 459 φησὶν,
299 423 367 450 ἀλλὰ
389 424 436 450 καὶ
454 424 528 458 νόμῳ
544 423 633 458 γάμου
647 423 769 458 λήψομαί
792 433 821 450 σε
839 424 965 458 φανερῶς

178 471 217 501 εἰς
231 470 324 506 ἄνδρα,
342 471 389 497 καὶ
403 470 520 496 πλούτου
537 470 630 506 κύριος
646 470 697 505 ἔσῃ
717 470 814 496 πολλοῦ
826 492 832 502 ,
850 471 964 505 χρυσοῦ,

178 517 310 551 ἀργύρου,
327 517 440 551 ἐσθῆτος
456 516 629 550 πολυτελοῦς,
654 517 758 550 ἀγρῶν,
778 517 894 551 κτηνῶν,
916 517 965 543 dw-

178 562 328 596 δραπόδων,
345 563 404 596 μεθ’
419 559 455 589 ὧν
467 561 539 596 ἕξεις
551 563 625 598 κάμὲ
637 562 734 598 δούλην
746 562 804 589 ἀντ’
820 562 967 598 ἐλευθέρας

179 607 226 632 καὶ
239 606 382 640 ὀμοτίμου,
393 607 440 633 καὶ
451 606 552 633 τούτων
565 606 732 638 ἀπολαύσεις
749 607 858 638 πάντως
872 607 965 640 αὐτὸς,

179 653 240 679 ἐπεὶ
253 653 299 680 καὶ
309 652 404 688 ἀνδρὸς
418 653 521 688 ἔρημος
541 653 597 687 ἐγὼ
620 653 668 680 καὶ
686 653 788 680 παίδων
804 654 851 680 καὶ
865 662 966 687 συγγε-

179 698 242 726 νῶν.
258 699 304 730 Et;
316 699 343 725 τί
358 700 412 734 γὰρ
429 700 476 726 καὶ
487 699 567 731 ἄνθος
590 699 716 734 σώματος
740 699 810 726 οὕτω
822 699 903 726 καλὴν
919 699 967 726 καὶ

179 744 238 780 ὥρα
251 745 389 778 πάγκαλος
404 745 518 779 ἀσκήσει
534 745 581 771 καὶ
596 744 688 774 πόνοις
703 745 842 780 τηκόμενα
857 744 967 780 διαμεί-

179 798 241 823 ναι;
258 790 350 816 Ταῦτα
366 790 415 825 τῆς
427 790 581 821 Μελανθίας
591 790 687 825 θερμῷ
704 791 750 816 καὶ
767 791 874 824 συνεχεῖ
887 790 968 816 πνεύ-

180 844 244 870 ματι
257 835 408 870 διεξιούσης
424 837 439 870 ἡ
454 836 577 871 μακαρία
590 837 637 862 καὶ
649 835 836 862 καθ’ἒκαστον
849 836 898 870 μὲν
913 836 967 862 τῦν

179 883 331 918 Ιεγομένων
358 883 450 910 ἔστενε
466 883 514 910 καὶ
530 884 579 918 τῆς
595 883 741 915 διαλέξεως
755 883 857 917 σφόδρα
874 883 904 908 τὸ
918 884 967 917 ἑμ-

179 928 262 960 παθὲς
278 929 456 963 ἐμυσάττετο.
474 929 556 960 Τέλος
570 929 598 956 δὲ
615 929 682 964 προς
695 929 744 964 τὴν
766 929 866 962 πολλὴν
880 928 965 962 αὐτῆς

178 974 336 1010 άῐολεσχίαν
347 975 521 1009 ἰλιγγιάσασα
534 975 581 1001 καὶ
595 974 685 1009 κηρῷ,
693 975 724 1000 τὸ
735 974 782 1000 τοῦ
797 974 888 1007 λόγου,
897 981 965 1008 φρα-

180 1020 281 1056 ξαμένη
301 1021 335 1047 τα
351 1017 419 1051 ὦτα,
445 1021 493 1047 καὶ
509 1021 578 1054 μηδὲ
606 1021 717 1047 ἀκούειν
742 1019 783 1046 ἔτι
802 1019 964 1054 ἀνεχομένη,

185 1066 322 1101 Ἐπίσχες,
341 1065 479 1100 ὲξεϐόησε,
511 1065 603 1099 γύναι,
631 1064 755 1100 ἐπίσχες,
783 1065 831 1091 καὶ
856 1065 966 1099 μακρὰν

180 1112 266 1139 ταῦτα
290 1112 340 1146 ἆγε
363 1112 410 1146 ἀφ’
434 1112 528 1147 ἡμῶν
555 1111 637 1138 αὐτὸν
648 1111 703 1146 γὰρ
718 1112 784 1146 ἡμῖν
801 1111 846 1138 τὸν
860 1111 898 1137 ίὸν
919 1111 965 1138 τοῦ

181 1159 298 1185 παλαιοῦ
315 1158 461 1194 δράκοντος
481 1159 630 1189 ἀποπτύεις
643 1166 650 1173 '
675 1159 705 1185 οὑ
724 1157 902 1193 προησόμεθα
918 1158 967 1193 τὴν

182 1205 304 1238 ἁγνείαν,
315 1205 345 1231 οὐ
364 1205 518 1240 φθεροῦμεν
533 1205 583 1240 τὴν
597 1204 758 1239 παρθενίαν,
773 1205 817 1236 οὐ,
830 1204 898 1230 Θεοῦ
916 1203 968 1239 μῆ-

181 1259 242 1286 τερ,
258 1251 300 1285 ἐφ’
316 1251 350 1286 ἢν
365 1251 421 1285 ἐγὼ
434 1251 564 1283 πέποιθα,
581 1252 627 1278 καὶ
639 1251 771 1286 Παρθένε,
787 1251 817 1277 οὑ
830 1251 968 1285 ψεύσομαι

181 1296 242 1326 τὰς,
254 1295 322 1330 ἐμὰς
339 1296 485 1330 συνθήκας.
499 1294 545 1327 Εἷς
557 1297 622 1331 ἡμῖν
632 1297 729 1330 γάμος,
745 1297 758 1322 ό
772 1295 840 1330 πρὸς
853 1295 969 1331 Χριστζν

182 1340 274 1371 πόθος,
293 1338 333 1371 εἷς
353 1341 476 1374 πλοῦτος,
490 1342 524 1368 τὰ
539 1342 568 1368 ἐν
579 1342 704 1377 οὐρανοῖς
717 1341 820 1377 ἀγαθὰ,
839 1341 888 1377 μία
904 1341 968 1376 κτῆ-

185 1394 236 1419 σις,
250 1386 268 1420 ἡ
280 1386 379 1421 γνῶσις
395 1387 446 1423 τῆς
461 1387 601 1423 ἀληθείας.

219 1526 270 1553 18'.
289 1526 425 1562 Τούτωνὴ
441 1527 559 1562 ἄσεμνος
573 1526 714 1554 ἀκούσασα
730 1527 882 1560 Malm/021,
892 1527 972 1562 θυμῷ

1017 285 1122 313 lanlhia
1139 295 1192 314 non
1208 287 1298 315 ferens
1310 289 1395 316 animi
1417 294 1522 317 motum
1539 291 1615 318 intus
1631 296 1804 323 :rstuantcm,

1016 331 1108 357 statim
1131 336 1261 366 tanquam
1279 340 1311 359 ex
1338 334 1410 360 malo
1437 334 1570 362 thesauro
1593 336 1680 363 malos
1706 337 1808 372 proruit

1017 383 1169 404 sermones.
1186 377 1220 404 Et
1236 378 1356 412 pritnum
1381 380 1493 413 quidem
1515 380 1548 407 ad
1571 382 1708 408 uelut-ium
1736 383 1806 410 inci-

1018 421 1092 448 tabat
1108 423 1223 455 coitum,
1251 423 1330 457 Quod
1346 425 1368 452 si
1384 425 1466 458 nolis,
1483 426 1585 460 inquit,
1602 431 1629 453 at
1642 434 1692 461 ego
1711 432 1735 454 te
1749 427 1807 462 lege

1017 468 1184 495 matrimonii
1205 470 1292 504 palam
1313 471 1446 506 accipiam
1472 472 1499 498 in
1525 473 1667 505 maritum,
1696 473 1807 508 erisque

1016 513 1146 541 dominus
1177 516 1256 543 nntlti
1283 518 1361 549 auri.
1392 519 1510 552 argenti,
1540 519 1670 553 pretiosa:
1705 520 1806 552 vestis,

1016 566 1156 593 agrorum.
1172 561 1373 596 jumentorum,
1397 565 1598 600 mancipiorum
1614 574 1622 592 :
1637 573 1686 600 pro
1706 566 1810 600 quibus

1017 612 1060 630 me
1073 612 1183 640 quoque
1205 607 1318 635 habebis
1333 609 1461 636 ancillam
1479 618 1529 644 pro
1542 611 1641 642 libera,
1669 615 1696 637 et
1714 611 1761 637 tibi
1780 611 1807 637 in

1017 649 1121 678 honore
1136 653 1246 687 aequali,
1274 658 1301 680 ct
1321 654 1364 681 his
1382 655 1512 682 omnibus
1537 656 1595 690 ipse
1611 655 1722 684 frueris.
1748 655 1808 684 Non

1016 701 1060 724 est
1084 698 1158 726 enim
1192 699 1259 726 mihi
1290 702 1419 732 maritus,
1448 710 1499 729 nec
1518 703 1576 735 lilii,
1606 711 1656 730 nec
1684 705 1805 737 cognati.

1017 740 1154 774 Quorsum
1182 745 1255 772 enim
1282 750 1336 773 tam
1353 747 1470 781 pulcher
1494 747 1545 774 ﬂos
1563 749 1703 782 corporis,
1719 754 1747 776 et
1763 758 1809 777 ve-

1017 789 1177 817 nustissima
1209 793 1338 826 species,
1372 801 1401 820 se
1433 794 1633 822 exercitatione
1670 801 1805 830 perpetua

1019 834 1149 863 tabefacit
1177 843 1205 864 et
1232 838 1392 867 laboribus?
1419 839 1482 868 Πίος
1499 849 1560 868 cum
1587 843 1643 868 acri
1668 846 1695 869 et
1719 843 1808 869 conti-

1018 881 1095 908 nenti
1111 882 1209 916 spiritu
1224 890 1436 919 persequeretur
1449 886 1608 920 Melanthio,
1622 887 1700 914 beata
1715 888 1808 922 suspi-

1019 927 1098 955 rabat
1128 929 1240 963 quidem
1278 931 1311 957 ad
1344 940 1427 958 unutn
1460 933 1589 967 quodque
1625 941 1721 961 eorum
1748 941 1809 968 quae

1015 973 1191 1007 dicebantur,
1215 979 1243 1002 et
1261 975 1347 1004 animi
1369 978 1579 1012 perturbatione
1594 979 1702 1013 plenam
1728 980 1808 1007 valde

1015 1019 1184 1048 abhorrebat
1199 1022 1367 1049 orationem.
1389 1019 1511 1050 Tandem
1538 1027 1630 1051 autem
1654 1024 1688 1051 ad
1709 1025 1810 1052 multas

1015 1063 1076 1098 ejus
1100 1072 1188 1100 nugas
1210 1066 1342 1101 caligans,
1370 1075 1445 1098 cera,
1465 1073 1495 1095 ut
1518 1068 1632 1102 dicitur,
1660 1077 1741 1096 aures
1762 1070 1810 1096 oh'

1017 1113 1140 1142 struens,
1157 1116 1183 1138 et
1199 1119 1251 1139 nec
1269 1113 1387 1147 amplius
1402 1113 1515 1148 quidem
1532 1114 1629 1142 audire
1645 1116 1808 1142 sustinens:

1016 1154 1122 1183 Cohibe
1136 1156 1268 1192 linguam.
1291 1165 1308 1185 ο
1324 1159 1434 1190 mulier,
1451 1159 1626 1192 exclamavit,
1654 1161 1765 1194 cohibe,
1783 1167 1811 1189 et

1019 1200 1141 1228 sinthzee
1155 1203 1250 1236 procul
1265 1210 1279 1230 a
1294 1203 1386 1230 nobis.
1400 1204 1518 1240 Exspnis
1531 1205 1604 1233 enim
1621 1206 1646 1233 in
1660 1215 1710 1233 nos
1722 1208 1810 1241 ipsum

1019 1246 1097 1275 virus
1117 1247 1248 1276 draconis
1263 1249 1376 1277 veteris.
1399 1248 1458 1277 Non
1476 1250 1627 1286 prodentus
1643 1253 1811 1283 castitatem,

1020 1301 1075 1321 non
1089 1301 1299 1330 corrumpentus
1312 1296 1497 1332 virginitatem
1521 1305 1527 1323 :
1541 1304 1608 1329 non,
1628 1305 1644 1324 ο
1660 1297 1707 1324 Dei
1726 1297 1812 1326 Mater

1020 1345 1049 1367 ct
1070 1339 1164 1375 Virgo,
1190 1341 1218 1368 in
1236 1349 1317 1376 quam
1340 1349 1391 1377 ego
1420 1342 1540 1370 conﬁdo.
1560 1350 1614 1369 non
1633 1342 1725 1370 fallam
1751 1351 1812 1371 mea

1022 1392 1100 1422 pacta
1122 1392 1269 1415 conventa.
1296 1387 1386 1414 Unum
1413 1392 1457 1414 est
1487 1388 1568 1415 nobis
1593 1388 1811 1421 matrimonium,

1021 1434 1125 1462 Christi
1138 1433 1327 1467 desiderium;
1344 1433 1433 1461 unica:
1453 1439 1518 1461 sunt
1532 1435 1647 1468 divitia),
1663 1435 1735 1462 bona
1751 1442 1813 1470 qua:

1023 1485 1087 1508 sunt
1105 1481 1133 1507 in
1153 1480 1251 1513 caelis;
1270 1480 1350 1508 unica
1366 1479 1515 1515 possessio,
1533 1479 1655 1514 cognitio
1675 1481 1811 1508 veritatis.

1060 1526 1130 1554 XIX.
1153 1526 1214 1553 Πίος
1236 1534 1299 1553 cum
1324 1526 1471 1553 inhonesta
1495 1526 1629 1553 audiisset
1652 1526 1812 1559 Melanthia,

184 1581 214 1599 τε
226 1573 374 1608 ἀπορρήτῳ
385 1573 562 1600 διακαυθεῖσα
574 1573 673 1608 (βαρὺς
688 1574 742 1608 γὰρ
757 1573 972 1608 ὑϐρισθεὶςέρως

1026 1572 1077 1605 ira,
1097 1579 1158 1607 qua:
1173 1571 1227 1599 dici
1244 1578 1299 1598 non
1314 1575 1413 1605 potest.
1435 1571 1546 1598 incensa
1569 1571 1706 1604 (estenim
1723 1573 1814 1606 gravis

186 1619 234 1645 καὶ
249 1619 309 1645 οὐδὲ
337 1619 469 1650 καθεκτὸς
493 1619 591 1654 ὅλως),
615 1619 682 1654 πρὸς
697 1620 748 1654 τὴν
772 1619 972 1654 Ἀλεξανδρέων

185 1664 296 1700 ἐχώρει,
315 1665 376 1691 λίαν
402 1665 477 1692 δεινά
494 1666 566 1692 κατὰ
580 1665 714 1698 Εὑγενίας
741 1664 885 1692 ὠδίνουσα.
907 1664 972 1691 Εῐτα

186 1712 232 1738 καὶ
241 1711 363 1746 χαλεπὴν
377 1711 445 1745 αὐτῇ
461 1710 628 1746 συρρἀασα
645 1709 695 1745 τὴν
709 1709 846 1745 διαϐολὴν,
860 1709 974 1743 ἐφίστα-

185 1767 230 1786 ται
245 1759 284 1794 τῷ
295 1759 408 1793 ἐπάρχῳ
423 1758 562 1793 Φιλίππῳ,
579 1758 663 1793 μηδὲν
675 1758 761 1784 εἰδυῖα
770 1758 822 1784 τῶν
838 1757 909 1784 κατὰ
924 1757 973 1792 τὴν

187 1806 332 1840 Εὑγενίαν,
354 1805 418 1841 μήθ’
434 1806 476 1832 ὅτι
488 1805 579 1840 πατὴρ
604 1802 682 1836 οὗτος
704 1806 801 1840 αὐτῆς,
817 1805 881 1841 μήθ’
898 1805 973 1836 ὅπως

186 1852 278 1887 ἐκείνη
295 1854 327 1879 ἐκ
342 1852 472 1886 γυναικὸς
490 1853 530 1882 εἰς
547 1852 630 1886 ἀνδρα
647 1851 677 1878 τὸ
694 1852 786 1887 σχῆμα
800 1851 972 1887 μεταϐεϐλή-

187 1907 240 1926 κοι.
254 1898 348 1933 Τούτῳ
365 1897 510 1932 τοιγαροῦν
524 1898 660 1924 ἐπιστᾶσα
682 1899 802 1932 μέτεισιν
827 1898 854 1931 ἐξ
873 1899 974 1925 ἀκολα-

187 1945 248 1976 σίας
262 1945 329 1979 πρὸς
345 1944 396 1980 τὴν
411 1943 595 1977 συκοφαντίαν
610 1944 657 1970 καὶ
675 1945 840 1978 κατηγορεῖν
857 1943 974 1978 ἄρχεται

186 1991 248 2018 λίαν
261 1991 403 2025 κακοήθως
419 1990 467 2016 καὶ
480 1989 617 2024 πονηρῶς,
645 1989 765 2021 Νεανίας
779 1998 832 2020 τις,
843 1990 974 2023 λέγουσα,

186 2036 236 2071 τὴν
267 2036 316 2071 μὲν
343 2035 405 2070 ὄψιν
433 2035 612 2070 περικαλλὴς,
629 2035 676 2061 τὸν
697 2035 726 2060 δὲ
738 2035 839 2069 τρόπον
851 2035 897 2060 καὶ
914 2034 975 2061 λίαν

186 2082 299 2117 ἐναγὴς,
324 2081 496 2116 Χριστιανῶν
521 2081 680 2116 ὑποκριθείς
706 2081 850 2107 εὐλάϐειαν
866 2080 975 2114 εἰσῆλθε

187 2128 258 2162 πρός
278 2136 320 2162 με.
337 2127 411 2154 Μίαν
426 2127 454 2154 δὲ
472 2127 545 2163 κάμὲ
556 2127 609 2154 τῶν
624 2127 751 2162 ἀσέμνων
766 2127 880 2161 νομίσας
894 2125 974 2160 εἶναι,

187 2173 296 2210 πρῶτον
315 2175 365 2209 μὲν
379 2174 499 2208 ῥήμασιν
520 2173 681 2208 ἀπατηλοῖς,
704 2170 763 2200 εἶτα
784 2173 831 2199 καὶ
849 2172 944 2207 χερσὶν
961 2172 976 2198 ὁ

188 2221 343 2256 πάντολμος
359 2220 428 2255 πρὸς
442 2219 503 2255 βίαν
515 2219 624 2254 ἐχρῆτο,
641 2219 689 2246 καὶ
707 2220 734 2245 at
744 2227 776 2253 γε
801 2218 839 2254 μὴ
853 2219 975 2252 γεγωνό-

1026 1625 1113 1650 amor,
1127 1622 1154 1644 et
1168 1617 1215 1652 qui
1232 1625 1285 1644 non
1305 1621 1396 1651 potest
1409 1617 1523 1643 omnino
1539 1617 1676 1649 cohiberi)
1691 1617 1813 1651 profecta

1025 1668 1066 1689 est
1083 1662 1286 1693 Alexandriam,
1303 1662 1383 1689 valde
1406 1662 1498 1697 gravia
1512 1662 1671 1697 parturiens
1683 1663 1815 1690 adversus

1026 1708 1186 1743 Eugeniam.
1215 1708 1319 1735 Deinde
1343 1715 1405 1735 cum
1431 1708 1515 1735 etiam
1541 1707 1681 1735 dilliciletn
1703 1708 1730 1735 in
1752 1716 1813 1735 eam

1026 1755 1172 1781 struxisset
1184 1754 1360 1787 calumniam,
1383 1755 1459 1782 venit
1476 1754 1509 1782 ad
1528 1754 1689 1789 perlectum
1707 1754 1814 1790 Philip-

1028 1809 1103 1836 pum,
1125 1801 1192 1828 nihil
1207 1801 1299 1828 sciens
1319 1808 1351 1828 ex
1369 1800 1402 1827 iis
1425 1808 1485 1834 quae
1499 1800 1524 1827 ei
1540 1804 1690 1827 evenerant
1704 1809 1710 1827 :
1725 1806 1814 1835 neque

1028 1848 1101 1882 quod
1119 1848 1142 1874 is
1164 1852 1237 1874 esset
1252 1852 1331 1881 pater
1345 1846 1484 1880 Eugeniaa,
1499 1854 1588 1880 neque
1607 1847 1678 1881 quod
1695 1847 1741 1873 illa
1757 1854 1816 1873 ntu—

1028 1897 1111 1921 lasset
1124 1893 1247 1920 habitttm
1263 1892 1428 1919 muliebrem
1439 1891 1467 1917 in
1483 1892 1601 1918 virilem.
1616 1891 1655 1919 Ad
1672 1900 1734 1919 cutn
1750 1899 1814 1926 ergo

1028 1939 1174 1969 accedens,
1187 1938 1220 1965 ab
1235 1938 1449 1972 intemperantia
1467 1938 1566 1964 transit
1590 1937 1623 1964 ad
1635 1938 1814 1968 caltnnniam,

1029 1989 1056 2011 et
1075 1991 1133 2010 eam
1147 1984 1243 2018 incipit
1265 1991 1396 2011 accusare
1414 1983 1562 2010 admodum
1581 1983 1699 2018 maligne
1713 1987 1741 2010 ct
1762 1983 1814 2009 itu-

1030 2029 1127 2064 probe,
1147 2029 1243 2056 dicens
1260 2038 1267 2056 :
1285 2029 1402 2062 Quidam
1423 2029 1594 2059 adolescens,
1616 2028 1685 2055 facie
1705 2028 1815 2062 quidem

1031 2075 1178 2106 formosus,
1190 2075 1238 2102 sed
1255 2075 1378 2101 tnorihus
1399 2075 1479 2101 valde
1502 2074 1665 2106 sceleratus,
1682 2073 1817 2100 Christia-

1031 2130 1128 2149 norum
1149 2121 1284 2149 simulans
1305 2121 1445 2155 pietatem,
1467 2119 1499 2147 ad
1519 2127 1561 2147 me
1586 2125 1628 2147 est
1655 2121 1816 2155 ingressus:

1031 2173 1058 2195 et
1077 2175 1138 2195 cum
1164 2175 1207 2195 me
1228 2167 1349 2202 aliquam
1372 2170 1495 2201 putasset
1515 2173 1576 2193 esse
1598 2165 1765 2200 impudicam
1790 2173 1819 2193 et

1032 2215 1224 2247 inhonestam,
1249 2214 1369 2248 primum
1397 2212 1508 2246 quidem
1533 2211 1626 2251 verbis
1656 2212 1817 2243 fallacibus,

187 2275 268 2301 ’τερον
295 2265 426 2300 ὲξεὸόησα
453 2266 501 2292 καὶ
520 2265 616 2300 στῆναι
632 2265 681 2300 τὴν
708 2264 880 2300 θεράπαιναν
906 2272 972 2299 παρ-

1031 2259 1132 2288 deinde
1145 2260 1229 2286 etiam
1243 2258 1372 2286 matribus
1383 2257 1417 2284 ad
1431 2257 1486 2284 vim
1502 2265 1568 2284 usus
1581 2262 1623 2284 est
1637 2258 1678 2284 vir
1691 2258 1819 2285 audacis-

189 2312 325 2339 εσκεύασα
352 2311 498 2347 δρομαίαν,
515 2311 553 2343 ὥς
569 2311 618 2346 μία
634 2311 668 2338 ἂν
683 2312 728 2337 καὶ
753 2310 822 2345 αὑτὴ
835 2310 888 2336 τῶν
901 2309 978 2344 ἐξην-

189 2359 413 2394 δραποδισμένων
445 2357 623 2393 ὲμιαινόμην.
655 2356 778 2391 οὓτως-ὴ
804 2355 918 2391 ἀναιδὴς
946 2355 976 2382 τὸ

191 2406 298 2440 ἐκείνης
329 2405 412 2440 μῦσος
438 2406 471 2440 τῇ
489 2404 599 2440 καθαρᾷ
614 2405 777 2439 περιάπτειν
801 2403 913 2438 ἐτόλμα,
931 2403 979 2429 καὶ

192 2451 264 2487 ειπερ
287 2452 356 2486 αὐτὴ
382 2451 491 2485 δράσειε
517 2450 613 2477 παθεῖν
642 2451 741 2486 μᾶλλον
775 2451 977 2486 προσεποιεῖτο.

192 2497 285 2524 Ταῦτα
300 2496 370 2523 οὕτω
385 2496 502 2532 ρηθέντα
517 2496 649 2531 ἔξέμηνεν
667 2495 786 2530 ἰσχυρῶς
800 2496 845 2521 τὸν
858 2495 980 2530 ἔπαρχον

192 2542 240 2569 καί
251 2541 378 2576 δεσμίους
393 2541 508 2575 ἄγεσθαι
523 2542 587 2576 παρ’
597 2541 679 2568 αὑτὸν
689 2542 814 2568 ἐκέλευεν
828 2542 878 2567 οὐκ
893 2541 979 2574 Εὖγει

193 2588 252 2614 νῐαν
269 2586 361 2621 μόνον,
382 2585 451 2612 ἀλλὰ
466 2586 514 2612 καὶ⁸
530 2587 635 2616 πάντας
655 2585 712 2620 ἅμα
737 2586 802 2617 τοὺς
829 2587 877 2612 σὺν
899 2586 979 2621 αὐτῇ.

194 2633 314 2664 Τούτους
333 2634 381 2668 μὲν
398 2631 446 2658 οὖν
473 2632 546 2659 κατὰ
571 2632 602 2658 τὺ
629 2632 776 2658 κελευσθὲν
803 2632 936 2667 ἀχθέντας
953 2633 981 2659 al

196 2680 314 2715 φρουραὶ
327 2680 406 2706 ἄλλον
418 2679 485 2715 ἄλλῃ
494 2679 690 2714 διεμερίζοντο.
708 2679 791 2714 ᾨήθη
807 2680 861 2714 γὰρ
876 2680 889 2705 6
900 2679 983 2714 ἕποιρ⁴

197 2735 243 2762 χος
260 2726 297 2761 μὴ
323 2726 356 2753 ἄν
372 2734 438 2752 ποτε
462 2725 576 2752 τοιαῦτα
603 2724 802 2759 διαψεύσασθαι
828 2725 983 2752 Μελανθίαν

196 2774 312 2807 γυναῖκα
326 2771 398 2799 οὕτω
413 2781 443 2798 τε
460 2772 558 2806 εὐγενῆ
570 2772 617 2798 καὶ
634 2771 742 2805 πλούτῳ
766 2771 814 2797 καὶ
827 2771 892 2808 δόξῃ
906 2779 984 2806 περι-

197 2819 288 2853 φανῶς
304 2819 430 2854 έχουσαν,
445 2819 494 2845 οὐκ
510 2817 588 2850 εἰδὼς
612 2818 654 2844 ὅτι
672 2817 788 2845 πλούτου
805 2817 852 2844 καὶ
867 2826 985 2852 περιφα-

198 2865 273 2896 νείας
291 2865 465 2900 ἰσχυρότερον
478 2864 567 2899 ψυχῆς
594 2863 690 2895 πάθος.
706 2863 857 2898 Τοιγαροῦν
869 2864 893 2889 ot
908 2863 986 2890 δικα-

198 2909 291 2942 ζνινῖες
310 2910 409 2942 πάντες
426 2909 523 2946 μικροῦ
537 2909 588 2937 τῶν
608 2909 694 2943 ἁγίων
710 2909 816 2944 ἐρήμην
832 2907 984 2944 mnam?!-

1031 2307 1128 2339 simus,
1143 2309 1170 2332 et
1183 2305 1235 2331 nisi
1251 2305 1332 2331 altius
1342 2304 1551 2335 exclamassem,
1568 2307 1596 2330 et
1615 2307 1644 2330 ut
1660 2308 1820 2330 accurrerct

1029 2352 1140 2383 ancilla,
1161 2351 1327 2381 elTeeissem.
1355 2357 1406 2385 ego
1436 2354 1565 2384 tanquam
1592 2348 1699 2382 captiva
1725 2348 1818 2381 aliqua

1031 2399 1137 2433 polluta
1151 2405 1250 2424 essem.
1267 2396 1304 2423 Ita
1319 2396 1465 2430 impudens
1478 2395 1578 2421 mulier
1593 2394 1632 2421 illi
1646 2401 1721 2429 ραι-ω
1737 2393 1822 2420 aude-

1031 2444 1079 2471 bat
1103 2451 1183 2471 suum
1208 2443 1347 2470 ascribere
1366 2441 1509 2476 ﬂagitium.
1539 2440 1603 2467 llaec
1620 2440 1659 2466 sic
1679 2439 1752 2466 dicta
1787 2439 1821 2466 ad

1032 2491 1155 2518 furorem
1176 2491 1255 2518 valle
1273 2489 1449 2517 concitarunt
1473 2486 1646 2522 prml'ectum,
1672 2489 1700 2513 et
1715 2486 1823 2512 vinctos

1033 2538 1066 2565 ad
1090 2546 1119 2565 se
1139 2537 1223 2573 jussit
1244 2536 1356 2567 adduci,
1383 2541 1439 2562 non
1469 2533 1555 2561 solam
1583 2532 1749 2566 Eugeniam.
1773 2530 1821 2558 sed

1033 2585 1115 2612 etiam
1136 2591 1232 2611 omnes
1255 2582 1347 2614 simul,
1366 2581 1413 2616 qui
1429 2587 1491 2607 eum
1509 2586 1540 2606 ea
1559 2582 1649 2606 erant.
1667 2577 1756 2611 Atque
1773 2583 1821 2603 eos

1005 2655 1016 2662 __
1034 2631 1156 2665 quidem,
1183 2629 1331 2663 utjussum
1354 2627 1456 2658 fuerat,
1477 2625 1622 2656 adductos,
1650 2624 1735 2651 alium
1756 2623 1821 2650 alibi

1034 2677 1149 2704 diversm
1166 2675 1294 2702 tenebant
1308 2673 1449 2702 custodiae.
1465 2671 1648 2699 Existimabat
1662 2670 1735 2697 enim
1751 2677 1823 2704 prm-

1036 2723 1125 2750 l‘ectus
1155 2729 1295 2756 nunquam
1318 2720 1383 2747 talia
1404 2718 1584 2746 eonficturam
1612 2717 1697 2744 fuisse
1725 2715 1825 2742 Mclath

1036 2769 1133 2799 thiam,
1146 2767 1291 2794 mulierem
1303 2765 1371 2792 adeo
1384 2764 1518 2795 nobilem,
1530 2762 1687 2798 opibusque
1697 2765 1724 2788 et
1737 2761 1822 2795 gloria

1037 2815 1173 2850 insignem
1190 2822 1197 2840 :
1212 2812 1344 2840 nesciens
1369 2811 1527 2838 divitiarum
1552 2815 1580 2837 et
1604 2808 1739 2837 claritatis
1764 2815 1824 2835 csse

1037 2859 1274 2888 vehementiorem
1306 2857 1390 2884 animi
1422 2856 1679 2891 perturbationem,
1706 2858 1734 2880 et
1763 2860 1823 2886 qua:

1039 2912 1129 2942 potest
1153 2905 1330 2941 persuadere,
1360 2904 1406 2931 illa
1429 2902 1539 2938 quidem
1567 2909 1650 2937 parva
1683 2903 1822 2934 reputare.
