2060 3153
268 185 317 217 631

881 183 1024 215 MENSIS
1045 181 1263 213 DECEMBER.

1841 175 1895 207 632

265 244 380 274 propter
402 237 429 265 id
449 243 553 270 autem,
572 237 645 272 quod
669 239 694 265 ci
709 237 819 266 videtur
843 239 872 265 in
888 238 1046 273 priesentia.

1102 237 1188 270 ζοντο,
1208 237 1255 263 καὶ
1270 235 1375 262 τούτων
1392 234 1416 261 οἶ
1435 234 1485 270 μὲν
1499 233 1590 260 ὀδοῦσι
1617 232 1720 267 Θηρίων
1738 230 1896 265 ὑποϐληθῆ-

263 290 371 321 gratum
388 286 489 321 eligere
506 285 693 313 mendacium.
715 287 816 314 Umnes
829 286 1047 321 ilaquejndices,

262 332 392 359 absentes
410 336 522 358 sanctos
540 331 738 365 propemodum
763 331 986 359 condemnabam
1000 340 1006 357 :
1021 335 1050 358 et

261 384 296 404 ex
314 376 359 408 iis,
382 376 428 404 alii
450 376 562 411 quidem
583 383 693 410 :equum
708 377 858 404 censebant
877 385 927 406 eos
948 377 1048 412 subjici

1104 292 1148 310 ναι
1164 282 1262 313 αὐτοὺς
1283 281 1429 312 ἐδικαίουν,
1449 281 1474 306 οἱ
1491 279 1520 306 δὲ
1538 279 1686 314 ἀναρτήσει
1710 277 1809 310 ξύλων,
1827 277 1851 303 el
1866 276 1896 303 Εὲ

1103 329 1278 365 πικροτέροις
1303 327 1416 362 τρόποις
1432 325 1584 361 τιμωριῶν,
1601 324 1760 357 κολάζοντες
1787 323 1845 358 ἅμα
1859 323 1896 357 τῇ

1104 374 1272 410 συκοφαντίᾳ
1288 374 1336 400 καὶ
1351 373 1400 408 τὴν
1417 373 1574 399 εὐσέϐειαν.

263 423 396 450 dentibus
428 422 565 456 ferarum;
581 423 627 450 alii
655 431 721 451 vero
736 425 764 451 in
782 424 858 460 ligno
874 424 1023 460 suspendi;
1040 423 1087 450 alii
1107 428 1199 450 autem
1224 421 1416 449 acerbioribus
1437 419 1590 455 generibus
1608 417 1823 453 suppliciorum,
1840 424 1896 444 una

262 477 326 496 cum
342 469 480 496 calumnia
496 470 645 505 punientes
660 471 802 506 pietatem.

296 514 357 542 XX.
376 515 523 551 Postquam
536 522 627 544 autem
643 517 729 546 adfuit
744 518 919 553 diesjudicii,
936 525 1051 553 congre-

264 566 325 596 gata
338 561 449 596 quidem
458 566 517 589 erat
529 570 626 597 magna
637 563 785 591 multitudo
796 572 828 591 ex
846 564 1054 598 omnibus,qu;c

264 607 445 634 circumcirca
472 612 561 640 erant,
583 609 723 642 urbibus;
751 610 848 637 aderat
874 618 940 637 vero
967 610 1051 637 etiam

261 653 418 687 praefectus,
445 658 473 681 et
490 654 518 680 in
534 654 655 681 medium
680 655 887 689 producebatur
917 655 1050 690 Eugenia,

261 706 323 733 quae
348 699 477 734 gravibus
509 699 656 726 tenebatur
677 701 781 728 catenis
807 710 814 728 :
836 701 936 729 theatri
957 706 1050 728 autem

262 745 397 772 clamores
410 745 532 780 undique
549 747 742 782 erumpebant,
759 752 786 774 et
802 751 890 774 morte
916 755 977 775 esse
992 747 1052 774 atii-

262 791 388 818 eiendam
425 792 576 826 Eugeniam
610 794 793 821 communiter
821 794 1049 829 pronuntiabant.

262 836 368 863 Parata:
380 842 458 864 erant
471 837 578 870 bestiae,
591 844 686 873 parata
708 844 853 872 tormenta,
869 845 947 872 rotae,
961 839 1050 874 ignes.

262 886 290 908 et
309 881 361 909 alia
380 890 479 917 genera
495 883 704 918 suppliciorum,
722 890 750 912 et
769 892 818 920 per
838 885 932 912 omnia
946 885 1050 920 :acerbi

1138 515 1180 542 ις’.
1209 515 1287 542 Ἐπεὶ
1312 513 1391 550 οὖνὴ
1416 514 1499 549 κυρία
1525 513 1661 548 παρέστη,
1675 511 1706 538 τὸ
1725 510 1774 546 μὲν
1793 509 1897 544 πλῆθος

1102 563 1176 589 ἆπαν
1191 561 1245 588 τῶν
1272 561 1353 596 πέριξ
1371 561 1504 595 συνήγετο
1523 559 1628 586 πόλεων
1642 566 1649 573 ·
1668 558 1758 592 παρῆν
1775 556 1804 582 δὲ
1819 556 1868 582 καὶ
1881 556 1896 582 ὁ

1102 609 1235 643 ἔπαρχος,
1251 607 1299 634 καὶ
1315 608 1331 642 ἡ
1346 606 1464 640 Εὑγενία
1478 607 1517 637 εἰς
1532 605 1616 642 μέσον
1630 605 1713 639 ἤγετο
1730 602 1897 638 βαρυτάταις

1101 654 1228 681 ἁλύσεσιν
1247 653 1398 688 ἑλκομένη·
1418 653 1540 688 κραυγαὶ
1556 651 1584 679 δὲ
1599 650 1646 678 τοῦ
1663 649 1780 683 θεάτρου
1795 649 1897 675 πάντα.

1101 698 1147 725 θεν
1160 698 1376 733 ἀνερρήγνυντο,
1395 697 1443 724 καὶ
1468 697 1570 728 πάντες
1584 695 1771 722 θανατοῦσθαι
1781 693 1830 728 τὴν
1844 693 1897 720 Εὑ-

1100 744 1194 778 γενίαν
1220 744 1319 776 κοινῶς
1342 744 1538 778 ἀπεφαίνοντο.
1578 743 1776 778 Ἠτοιμάζοντο
1801 742 1895 776 θῆρες,

1101 789 1285 826 ἡτοιμάζοντο
1297 790 1437 825 στρέϐλαι.
1449 789 1552 825 τροχοὶ,
1568 789 1636 824 πῦρ,
1649 789 1731 824 ἔτερα
1744 787 1801 822 εἴδη
1814 788 1897 813 κολα-

1102 836 1234 872 στηρίων,
1264 837 1312 864 καὶ
1327 837 1371 863 δια
1386 837 1496 863 πάντων
1511 837 1535 863 οἱ
1560 837 1656 870 πικροὶ
1682 834 1816 862 κολασταὶ
1845 834 1895 859 καὶ

1101 882 1168 916 πρὸς
1181 883 1229 913 τὰς
1255 883 1391 918 τιμωρίας
1407 881 1507 916 ἐπίσης
1526 881 1662 915 ὠμότατο.
1690 879 1738 906 καὶ
1757 879 1894 911 ὀξύτατοι.

263 932 395 960 tortores,
410 933 438 955 et
451 936 482 956 ex
505 936 584 964 :equo
601 930 634 956 ad
647 930 781 964 supplicia
796 931 941 958 inferenda
956 931 1050 958 suavis-

1106 927 1236 962 ’Λγεσθαι
1266 927 1411 962 τοιγαροῦν
1436 929 1476 959 εἰς
1500 927 1563 962 ὄψιν
1586 926 1662 961 αὑτῷ
1693 925 1744 960 τὴν
1762 925 1896 958 Εὑγενίαν

264 973 328 1000 simi
345 977 373 1000 et
389 974 528 1002 acerrimi.
545 975 576 1002 In
589 983 670 1003 suum
681 975 774 1012 itaque
792 981 969 1012 conspectum
987 975 1052 1003 duci

265 1020 414 1053 Eugeniam
430 1020 614 1057 jussitjudcx.
630 1021 696 1054 Qua:
726 1029 788 1049 cum
804 1022 938 1050 astitisset
959 1031 966 1049 :
982 1022 1051 1053 Hoc.

263 1065 364 1100 inquit,
382 1066 473 1098 vobis,
492 1074 508 1094 ο
521 1067 644 1094 omnium
664 1068 808 1095 hominum
823 1069 941 1096 maxime
955 1068 1050 1103 impie,

261 1112 340 1146 jubet
355 1118 448 1140 vester
461 1112 601 1146 Christus,
619 1118 707 1142 utnec
725 1114 795 1142 ciant
814 1114 928 1149 quidem
944 1114 1052 1141 faciatis

262 1165 295 1184 ea
312 1165 373 1192 quae
393 1163 458 1186 sunt
487 1159 657 1193 turpissima,
690 1159 738 1186 sed
754 1164 807 1187 tam
834 1159 1011 1194 impudenter
1025 1164 1054 1186 et

263 1202 403 1230 violenter
417 1204 616 1239 aggrediamini
635 1212 668 1231 ea
681 1212 742 1240 qua:
768 1209 833 1232 sunt
845 1205 950 1232 nefaria
963 1206 974 1232 ?
987 1205 1054 1238 Quis

262 1249 337 1276 enim
354 1253 417 1276 tuus
431 1254 490 1277 erat
504 1250 624 1284 animus,
642 1251 754 1284 quando
770 1255 900 1286 tanquam
925 1252 1049 1279 medicus

263 1293 433 1329 ingrediens,
455 1299 484 1321 ut
500 1295 547 1330 qui
565 1303 619 1322 non
632 1296 722 1322 solum
738 1303 812 1323 esses
843 1297 978 1329 medicus,
1002 1296 1052 1324 sed

263 1339 311 1373 qui
325 1339 407 1366 etiam
427 1347 477 1374 per
498 1343 522 1366 te
539 1347 633 1374 posses
645 1339 737 1367 facere
755 1340 897 1373 miracula,
915 1348 947 1367 ea
969 1339 1053 1366 facie-

262 1385 325 1417 bas,
348 1394 409 1421 quae
439 1391 620 1421 corruptores
637 1391 666 1413 et
697 1386 816 1413 adulteri
833 1394 840 1414 :
859 1391 888 1413 et
908 1386 1052 1413 mulierem

263 1438 320 1459 tam
337 1432 423 1459 nobili
437 1432 499 1459 loco
514 1437 617 1464 natam,
635 1436 690 1459 tam
706 1433 832 1465 divitem,
847 1437 875 1460 et
891 1438 946 1460 tam
969 1433 1054 1460 hone-

263 1478 314 1506 stis
339 1483 366 1505 et
393 1478 545 1505 moderatis
575 1478 700 1505 moribus
717 1498 724 1510 ,
752 1482 880 1512 tanquam
915 1477 1052 1505 scenicam

264 1524 430 1560 quampiam,
443 1530 489 1552 aut
504 1532 537 1552 ex
548 1524 670 1552 hostium
691 1523 802 1559 regione
817 1529 937 1559 captam,
950 1523 1052 1558 probro

1102 975 1250 1002 ἐπέταττεν
1265 975 1279 1000 ὁ
1293 974 1422 1006 δικάζων,
1442 973 1489 1000 καὶ
1505 973 1699 1008 παραστάσης,
1719 971 1805 998 Τοῦτο
1819 971 1894 1006 ὑμῖν,

1101 1020 1165 1055 ἔφη,
1180 1021 1289 1047 πάντων
1303 1020 1456 1055 ἀνθρώπων
1467 1019 1647 1051 ἀνοσιώτατε,
1659 1020 1673 1045 ὁ
1688 1018 1824 1054 ὑμέτερος
1836 1019 1884 1044 ἐπι

1101 1066 1199 1100 τρέπει
1214 1066 1344 1100 Χριστὸς,
1356 1065 1387 1092 τὸ
1405 1065 1474 1100 μηδὲ
1492 1065 1585 1100 κρυφῆ
1600 1066 1635 1092 τὰ
1652 1066 1781 1100 αἴσχιστα
1806 1064 1896 1098 πρᾶτα

1101 1111 1238 1143 τειν,ὰλλ“
1251 1111 1369 1143 ἀναιδῶς
1383 1111 1456 1138 οὕτω
1474 1111 1524 1138 καὶ
1555 1111 1650 1146 βιαίως
1671 1112 1728 1142 τοῖς
1754 1110 1896 1144 ἀθεμίτοις

1103 1159 1266 1193 ὲπιχειρεῖν;
1285 1158 1362 1184 Ἐπεὶ
1381 1158 1443 1184 τίνα
1458 1155 1532 1192 εἶχες
1549 1158 1581 1184 σὺ
1598 1157 1647 1192 τὴν
1672 1157 1774 1192 ψυχὴν,
1792 1156 1896 1183 ὁπόταν

1106 1205 1144 1236 ὡς
1163 1205 1254 1239 ἰατρὸς
1267 1205 1371 1236 εἰσιὼν,
1389 1204 1437 1231 καὶ
1461 1204 1510 1239 οὐχ
1530 1204 1625 1235 ἁπλῶς
1642 1203 1746 1237 ίατρδς,
1764 1203 1823 1229 ἀλλ’
1846 1203 1895 1228 αὺ-

1103 1250 1218 1284 τουργὸς
1239 1249 1388 1285 Θαυμάτων
1405 1247 1475 1276 εἶναι
1491 1250 1652 1285 δυνάμενος,
1666 1248 1701 1275 τὰ
1720 1248 1775 1275 τῶν
1792 1248 1895 1283 λοιμῶν

1105 1296 1207 1327 ἐποίεις
1221 1296 1333 1322 καὶτῶν
1354 1295 1470 1331 μοιχῶν,
1486 1295 1533 1322 καὶ
1548 1297 1666 1330 γυναῖκα
1691 1294 1762 1321 οὕτω
1781 1294 1831 1329 μὲν
1846 1294 1894 1327 γέ-

1105 1350 1177 1374 νους,
1190 1341 1261 1368 οὕτω
1274 1342 1303 1368 δὲ
1327 1341 1455 1372 πλούτου,
1475 1341 1548 1368 οὕτω
1562 1341 1591 1368 δὲ
1609 1341 1656 1367 καὶ
1668 1340 1771 1374 τρόπον
1787 1339 1895 1373 σώφρο-

1103 1396 1147 1419 νος
1159 1387 1277 1422 ἔχουσαν
1297 1384 1342 1414 οἶὰ
1357 1397 1419 1414 τινα
1431 1387 1487 1414 τῶν
1511 1388 1558 1414 ἐπὶ
1570 1387 1620 1422 τῆς
1635 1386 1750 1422 σκηνῆς,
1764 1386 1780 1421 ἢ
1797 1386 1894 1420 δούλην

1103 1433 1135 1459 ὲκ
1150 1432 1282 1468 πολεμίας
1303 1432 1396 1459 λαϐὼν
1422 1432 1549 1467 αἰσχῦναι
1575 1431 1719 1467 προείλου;
1742 1430 1895 1466 Τοιγαροῦν

1101 1478 1150 1505 τοῦ
1164 1478 1341 1514 τολμήματος
1357 1479 1436 1511 ἀξίαν
1452 1479 1562 1513 ὑφέξεις
1575 1479 1625 1514 τὴν
1637 1478 1725 1513 δίκην,
1742 1478 1826 1509 κακὸς
1843 1486 1894 1504 ua.-

1104 1524 1160 1556 κῶς
1173 1523 1275 1551 ἀπολλὺ
1281 1532 1374 1559 μενος.

264 1576 292 1598 et
316 1571 452 1599 dedecore
473 1570 581 1600 allicere
608 1570 751 1600 voluisti?
771 1571 890 1600 Audaeis
921 1570 1014 1606 itaque
1048 1575 1075 1598 tu
1094 1570 1177 1606 ccepti
1206 1571 1320 1599 meritas
1344 1570 1406 1600 lues
1440 1579 1547 1607 pcenas,
1577 1575 1605 1598 et
1629 1570 1717 1598 malus
1747 1571 1818 1598 male
1843 1577 1894 1606 pc-

264 1618 346 1646 rihis.

299 1665 372 1692 XXI.
391 1665 460 1693 Cum
475 1669 528 1692 tam
543 1664 674 1693 iracunde
693 1664 815 1692 minatus
823 1656 897 1693 esset
911 1665 937 1693 ei
951 1669 1050 1700 praele-

1139 1665 1206 1694 KA'.
1218 1666 1298 1692 Οὕτω
1322 1665 1370 1692 τοῦ
1401 1665 1523 1700 ἐπάρχου
1550 1663 1798 1699 διαπειλησαμένου
1823 1664 1894 1698 1:96;

264 1715 337 1742 ctus,
361 1709 485 1744 Eugenia
512 1708 591 1736 vultu
623 1708 650 1735 in
672 1712 774 1736 terram
805 1708 938 1736 inclinato
962 1717 996 1736 nc
1023 1709 1050 1736 in

265 1756 412 1791 praesentia
426 1757 486 1789 ejus
511 1754 605 1781 vultus
621 1754 692 1789 patri
716 1754 846 1782 evaderet
864 1753 1026 1781 manifestus
1042 1762 1050 1781 :

264 1802 351 1831 Meus,
370 1801 470 1836 inquit,
485 1800 558 1827 Deus
570 1807 625 1827 non
650 1807 682 1827 ea
702 1800 803 1830 solum.
819 1799 853 1827 de
867 1799 970 1834 quibus
980 1806 1052 1826 nunc

265 1856 280 1875 a
300 1847 378 1876 vobis
397 1855 524 1880 accusor,
543 1847 681 1882 prohibet,
697 1847 747 1875 sed
763 1854 796 1875 ea
811 1847 894 1874 etiam
912 1847 972 1882 lege
987 1854 1052 1874 san-

263 1895 313 1927 cit,
330 1902 391 1930 quaa
405 1897 470 1921 sunt
485 1894 529 1922 his
547 1894 633 1921 multo
652 1893 806 1921 excelsiora
822 1893 890 1928 :qui
907 1901 951 1920 me
968 1893 1051 1920 etiam

262 1947 337 1967 nunc
349 1940 444 1967 volens
454 1943 614 1974 perpetuam
628 1946 736 1967 servare
745 1938 907 1971 castitatem,
922 1937 1051 1973 providit,

264 1992 295 2013 ut
308 1985 430 2013 viverem
447 1993 510 2012 eum
524 1985 578 2018 his,
588 1986 636 2020 qui
650 1985 676 2011 in
687 1985 789 2020 pietate
800 1991 829 2012 se
840 1989 982 2016 exercent,
990 1991 1050 2010 mo-

263 2030 369 2062 nachis,
405 2030 543 2064 quomodo
563 2030 591 2057 in
607 2030 774 2057 hodiernum
807 2037 895 2064 usque
910 2029 983 2056 diem
1008 2037 1051 2056 me

262 2076 447 2109 conservavit,
473 2080 503 2103 ut
518 2080 546 2103 et
558 2076 610 2111 ipsi
637 2081 681 2104 est
697 2076 886 2111 perspicuum,
914 2082 943 2103 et
970 2076 1052 2104 vobis

261 2123 317 2151 erit
330 2122 412 2157 paulo
433 2127 504 2157 post.
521 2122 601 2155 Quod
628 2127 722 2150 autem
751 2123 817 2150 mihi
832 2128 861 2150 et
876 2127 1013 2150 tormenta
1023 2126 1052 2149 et

262 2172 379 2195 mortem
398 2167 544 2199 minitaris,
572 2167 733 2202 imprudens
764 2167 906 2195 incussisti
927 2167 994 2194 mihi
1015 2167 1051 2194 ti-

261 2221 380 2246 morem,
389 2214 436 2249 qui
450 2221 504 2241 non
517 2221 588 2248 opus
601 2214 684 2241 habet
697 2214 836 2242 oratione.
845 2213 1050 2241 Erubescercm

261 2262 346 2292 enim,
361 2261 384 2288 si
406 2261 503 2288 horum
521 2265 595 2288 metu
612 2267 764 2295 quaererem
788 2267 832 2287 me
846 2259 1006 2290 defendere,
1023 2263 1051 2286 ct

261 2315 317 2335 non
334 2305 407 2342 quod
425 2306 547 2336 timeam.
569 2314 602 2333 ne
617 2313 660 2332 res
672 2305 894 2332 Christianorum
912 2305 986 2340 apud
1001 2313 1049 2331 vos

261 2353 331 2380 male
350 2353 464 2380 audiant
486 2356 514 2379 et
545 2351 725 2378 irrideantur.
753 2351 854 2378 Verum
884 2352 957 2378 enim
983 2359 1050 2378 vero

259 2399 408 2434 oportebat
421 2407 469 2426 vos
486 2406 542 2425 non
562 2402 616 2425 tam
632 2397 729 2426 faciles
755 2406 836 2425 aures
857 2398 981 2433 praebere
1003 2405 1050 2425 ac-

260 2445 447 2477 cusatoribus,
463 2452 553 2480 neque
568 2452 630 2471 cum
651 2445 772 2479 primum
797 2445 965 2476 audiisset's,
995 2449 1050 2471 tam

260 2493 317 2519 cito
347 2491 543 2523 condemnare,
573 2489 620 2516 sed
660 2490 796 2516 ambobus
824 2490 902 2524 prius
935 2489 1048 2521 auditis,

259 2538 361 2566 deinde
378 2537 451 2565 ferre
472 2537 649 2570 sententiam,
662 2540 691 2563 et
702 2537 725 2564 si
740 2536 919 2564 manifestum
937 2536 1049 2572 quidem

259 2583 401 2611 exstiterit
427 2590 471 2610 me
488 2582 554 2610 talia
583 2582 694 2615 fecisse,
717 2583 823 2618 justum
843 2583 917 2610 luam
941 2582 1050 2617 suppli—

259 2631 332 2659 cium
346 2639 354 2659 :
370 2631 414 2658 sin
429 2635 521 2657 autem
543 2630 602 2657 haec
619 2634 684 2657 sunt
699 2629 766 2656 falsa
782 2634 810 2656 et
824 2634 920 2664 aperta
942 2629 1049 2656 calum-

258 2677 316 2709 nia,
336 2683 417 2703 unam
432 2683 481 2710 pro
493 2675 624 2703 omnibus
640 2681 704 2711 peto
721 2676 847 2711 gratiam,
861 2681 890 2702 ut
918 2675 975 2702 haec
992 2683 1050 2701 mu-

212 2728 215 2729 '
258 2723 311 2750 lier
334 2722 402 2750 nihil
422 2730 504 2757 grave
522 2722 654 2757 patiatur,
669 2730 721 2750 nee
743 2723 766 2750 si
780 2723 814 2750 de
829 2722 911 2750 nobis
935 2721 1049 2756 quidem

258 2769 304 2797 his
321 2769 414 2804 pejora
432 2769 544 2796 dixerit.
573 2770 621 2797 Sic
635 2769 710 2797 enim
726 2774 818 2797 nostra
849 2769 893 2796 lex
916 2769 1008 2805 jubet,
1022 2775 1050 2796 et

259 2822 311 2842 nos
325 2814 558 2849 obtemperamus,
577 2820 606 2842 ut
632 2823 774 2850 nunquam
796 2815 867 2842 mala
879 2823 931 2849 pro
959 2814 1047 2847 malis,

260 2860 307 2888 sed
323 2865 420 2887 contra
438 2860 509 2887 bona
523 2862 616 2895 potius
630 2862 778 2890 reddamus
790 2862 811 2890 ⁸.
839 2861 927 2897 Hujus
944 2862 985 2889 rei
1003 2869 1047 2890 so-

295 2908 304 2923 '
324 2906 403 2934 liom.
423 2914 473 2940 xu,
515 2907 555 2935 t7.

1104 1711 1190 1746 αὑτὴν
1206 1711 1334 1747 ὀργίλως,
1352 1712 1368 1747 ἠ
1397 1711 1526 1745 Εὐγενία,
1545 1711 1576 1737 τὸ
1606 1710 1754 1744 πρόσωπον
1782 1710 1824 1741 είς
1842 1710 1895 1744 γῆν

1103 1757 1228 1788 κλίνασα,
1255 1757 1300 1783 ἵνα
1325 1755 1363 1791 μὴ
1378 1757 1408 1782 τό
1427 1765 1460 1790 γε
1485 1755 1533 1783 νῦν
1550 1755 1610 1790 ἕχον
1626 1755 1687 1790 δψις
1701 1754 1787 1785 οὕτως
1802 1755 1894 1781 οἰκεία

1102 1803 1169 1838 δήλη
1189 1803 1229 1838 τῷ
1251 1803 1337 1838 πατρὶ
1357 1803 1476 1836 γένοιτο,
1503 1802 1533 1829 '0
1550 1802 1600 1837 μὲν
1613 1802 1690 1837 ὲμὺς,
1705 1801 1769 1836 ἔφη,
1784 1801 1850 1832 Θεὸς
1864 1801 1894 1828 οὐ

1102 1849 1189 1876 ταῦτα.
1206 1849 1285 1883 μόνον
1300 1849 1318 1875 ὃ.
1335 1848 1382 1875 νῦν
1396 1849 1592 1883 κατηγόρημαι
1615 1849 1680 1882 παρ’
1696 1848 1774 1882 ὑμῶν
1787 1849 1895 1882 ἀπαγο-

1103 1895 1190 1930 ρεύει,
1206 1895 1275 1921 ἀλλὰ
1287 1895 1334 1921 καὶ
1344 1888 1501 1930 ὑψηλότερα
1513 1894 1604 1929 πολλῷ
1622 1893 1726 1921 τούτων
1742 1893 1893 1928 νομοθετεῖ,

1102 1941 1131 1972 ὃς
1143 1940 1215 1976 κάμὲ
1239 1940 1286 1967 νῦν
1306 1941 1432 1974 ἁγνεύειν
1450 1941 1494 1967 διὰ
1520 1940 1620 1971 παντὸς
1655 1939 1816 1975 βουλόμενος
1839 1941 1896 1972 τοῖς

1103 1988 1263 2022 ἀοκητικοίς
1277 1987 1390 2023 ἀνδράσι
1414 1986 1521 2018 τούτοις
1547 1985 1682 2021 συμὸιοῠν
1706 1986 1895 2022 ᾤκονόμησεν,

1102 2031 1196 2068 ὥσπερ
1209 2032 1241 2068 δὴ
1257 2033 1302 2059 καὶ
1319 2033 1404 2059 εἰσέτι
1416 2032 1463 2059 νῦν
1479 2041 1512 2067 με
1533 2032 1744 2068 διατετήρηκεν,
1764 2033 1802 2063 ὡς
1819 2032 1896 2068 αὒτῷ

1103 2087 1132 2104 τε
1145 2078 1226 2114 δῆλόν
1241 2080 1299 2105 ἐστι
1315 2079 1362 2106 καὶ
1378 2079 1443 2114 ὑμῖν
1457 2080 1518 2105 ὅσον
1529 2078 1608 2105 οὔπω
1618 2079 1774 2114 γενήσεται.
1791 2079 1854 2105 ὀτι
1867 2079 1895 2105 δέ

1105 2133 1150 2160 μοι
1167 2124 1214 2152 καὶ
1229 2125 1362 2160 βασάνους
1377 2126 1424 2152 καὶ
1445 2125 1560 2152 Θάνατον
1583 2124 1718 2158 ἀπειλεῖς,
1734 2125 1851 2160 λέληθας
1865 2125 1895 2152 τὸ

1102 2170 1149 2197 τοῦ
1166 2171 1245 2205 λόγου
1259 2171 1335 2202 ἀδεὲς
1349 2171 1408 2202 δέος
1423 2179 1469 2206 μοι
1485 2170 1630 2197 ἐπισείων·
1642 2170 1828 2206 αἰσχυναίμην
1840 2171 1896 2206 γὰρ

1105 2216 1150 2248 ἆν,
1167 2217 1191 2243 εἰ
1208 2216 1284 2252 φόϐῳ
1299 2216 1402 2243 τούτων
1418 2217 1532 2252 ζητοίην
1547 2217 1754 2250 ἀπολογεῖσθαι,
1770 2217 1838 2244 ἀλλὰ
1857 2217 1895 2253 μὴ

1104 2263 1180 2296 φόϐῳ
1193 2263 1240 2290 τοῦ
1252 2263 1326 2295 δόξαι
1338 2264 1371 2289 τὰ
1387 2264 1442 2290 τῶν
1456 2263 1628 2298 Χριστιανῶν
1645 2264 1683 2295 είς
1699 2262 1825 2298 διαϐολὴν
1837 2265 1895 2290 κεῖ-

1105 2309 1168 2336 σθαι
1185 2310 1232 2336 καὶ
1253 2309 1483 2345 μυκτηρίζεσθαι.
1502 2309 1574 2344 Πλὴν
1591 2309 1649 2335 ἀλλ’
1663 2310 1748 2345 ἐχρῆν
1770 2310 1842 2344 ὑμᾶς
1857 2310 1895 2346 μὴ

1102 2355 1189 2387 οὕτως
1215 2355 1333 2387 εὐκόλως
1355 2356 1466 2391 ὑπέχειν
1480 2357 1536 2388 τοῖς
1549 2356 1714 2391 κατηγόροις
1732 2356 1782 2388 τὰς
1797 2357 1892 2388 ἀκοὰς,

1104 2399 1165 2434 μηδ’
1188 2399 1221 2426 ἐκ
1235 2400 1348 2434 πρώτης
1382 2400 1500 2434 ἑτοίμως
1522 2400 1754 2434 καταγινώσκειν,
1780 2401 1849 2428 ἀλλὰ
1865 2401 1894 2428 τὺ

1101 2446 1209 2480 πρῶτον
1237 2446 1340 2481 ἀμφοῖν
1359 2446 1570 2478 διακούσαντας,
1597 2445 1657 2473 εἶτα
1675 2447 1723 2474 καὶ
1739 2447 1788 2482 τὴν
1801 2447 1893 2482 ψῆφον

1102 2492 1240 2527 ἐκφέρειν,
1259 2493 1310 2519 κᾶν
1325 2493 1375 2528 μὲν
1387 2493 1442 2527 ἐγὼ
1456 2493 1569 2520 τοιαῦτα
1585 2494 1709 2529 δράσασα
1723 2495 1830 2530 φανερὰ
1848 2496 1894 2530 γέ-

1101 2547 1201 2573 νωμαι,
1214 2538 1322 2566 δικαίαν
1340 2539 1453 2574 ὑπόσχω
1467 2539 1518 2574 τὴν
1532 2540 1670 2575 τιμωρίαν
1681 2560 1687 2572 ,
1706 2541 1730 2567 εἰ
1747 2541 1776 2567 δὲ.
1794 2541 1893 2575 ψεῦδος

1106 2584 1192 2610 ταῦτα
1205 2585 1251 2610 καὶ
1262 2585 1428 2619 συκοφαντία
1442 2585 1542 2620 σαφὴς,
1556 2585 1621 2620 μίαν
1637 2586 1697 2613 ἀντὶ
1706 2586 1814 2613 πὲντων
1825 2587 1893 2613 αἰτῶ

1105 2631 1196 2666 χάριν,
1210 2631 1240 2657 τὸ
1256 2631 1339 2666 μηδὲν
1355 2631 1406 2666 τὴν
1421 2632 1540 2665 γυναῖκα
1554 2631 1658 2667 ’ταύτην
1674 2632 1824 2666 ὑποστῆναι
1836 2632 1892 2658 δει-

1103 2676 1158 2708 νὺν,
1181 2677 1242 2711 μηδ’
1255 2678 1279 2703 εἰ
1292 2677 1381 2712 πολλῷ
1395 2677 1499 2705 τούτων
1513 2678 1599 2713 χείρω
1612 2678 1713 2713 διεξῄει
1727 2679 1790 2713 περὶ
1802 2678 1890 2712 ἡμῶν·

1101 2721 1173 2748 οὕτω
1187 2723 1241 2758 γὰρ
1256 2723 1270 2750 ὅ
1286 2732 1317 2749 τε
1343 2723 1478 2758 ἡμέτερος
1505 2724 1613 2751 κελεύει
1628 2724 1721 2759 νόμος,
1747 2724 1794 2750 καὶ
1812 2725 1894 2759 ήμεῖς

1101 2769 1251 2804 πειθόμεθα
1273 2769 1410 2805 μηδέποτε
1424 2771 1520 2802 κακοῖς
1536 2770 1570 2796 τὰ
1587 2771 1673 2803 κακὰ,
1699 2770 1766 2797 ἀλλὰ
1781 2770 1892 2796 τούναν-

1101 2814 1159 2840 τίον
1175 2815 1277 2850 μᾶλλον
1290 2817 1346 2847 τοῖς
1361 2816 1476 2850 ἀγαθοῖς
1500 2816 1678 2852 ἀμείϐεσθαι.
1708 2815 1796 2843 Τοῦτο
1824 2816 1892 2850 γοῦν

1101 2863 1206 2897 μοικαὶ
1231 2862 1312 2899 μόνον
1336 2863 1492 2890 πιστούς.οω
1519 2863 1553 2890 δι’
1579 2864 1673 2900 ὅρκου,
1691 2863 1738 2891 καὶ
1758 2862 1788 2890 οὗ
1805 2870 1891 2890 τινων
