2060 3153
235 152 289 183 643

839 151 982 182 MENSIS
1006 150 1222 181 DECEMBER.

1808 149 1862 180 ΒΗ

234 209 348 244 quidem
367 208 394 235 in
409 207 556 242 pnesentia
582 207 792 244 disjunguntur,
813 207 899 234 altera
912 206 1020 234 deside-

1075 214 1107 232 σα
1137 206 1254 240 δάκρυα,
1283 206 1378 241 ὥςπερ
1410 206 1461 233 οὐκ
1489 205 1662 242 ἀνεχομένων
1692 206 1788 237 αὐταῖς
1808 206 1865 232 τῶν

233 257 277 284 rio
298 255 424 286 alterius,
443 254 555 282 crebras
569 262 601 282 ex
628 255 717 282 oculis
739 255 874 289 lacrymas
892 254 1024 280 emitten-

233 306 289 335 tes,
307 306 402 337 utpote
417 301 492 337 quod
509 302 584 329 ferre
608 309 665 329 non
693 305 807 337 possent
823 301 895 328 oculi
911 307 959 328 eas
977 308 1023 327 se-

232 348 324 383 parari
341 355 356 374 a
368 347 412 374 sui
425 347 544 375 invicem
566 348 736 382 spectaculo.

268 393 353 421 XXX.
372 394 441 421 Cum
460 398 552 422 autem
573 394 655 421 linem
674 395 801 429 accipere
835 397 977 428 oporteret
990 400 1022 420 ea

233 448 295 476 qua:
312 440 346 468 de
362 441 430 476 ipsis
448 442 579 476 praedicta
594 441 706 469 fuerant
721 449 736 468 a
762 441 891 473 Domino,
908 440 942 467 de
969 440 1022 467 Ba-

233 487 294 515 silla
312 487 425 522 quidem
442 487 511 515 dixit
532 488 662 522 Pompeio
677 495 731 515 una
748 495 781 515 ex
801 487 835 515 iis
850 495 911 522 quae
935 487 1022 522 ipsam

232 534 434 569 sequebantur,
462 534 582 565 ancillis,
614 533 687 569 quod
721 534 773 561 nisi
788 534 863 561 omni
887 533 980 561 studio
995 538 1023 560 et

232 586 317 606 manu
348 580 424 614 regia
449 579 504 607 sibi
532 579 696 615 desponsam
719 579 859 612 Basiliam,
887 586 948 613 quae
965 579 1021 612 jam

232 631 295 653 erat
319 625 436 658 nubilis,
472 626 585 653 domum
614 626 735 657 duxerit,
763 633 818 652 non
845 625 963 660 amplius
993 625 1021 652 in

232 677 376 707 posterum
390 679 450 699 eam
465 671 716 699 habebituxorem.
733 671 810 699 Scias
820 671 905 703 enim,
921 671 1021 705 inquit,

234 726 295 745 eam
306 717 406 744 factam
419 724 481 744 esse
498 716 685 744 Christianam
699 717 873 744 sermonibus
882 716 1021 750 Eugeniaa,

234 770 351 797 eamque
381 770 436 789 non
464 762 555 789 solum
572 763 762 795 matrimonio,
783 762 831 790 sed
855 762 938 789 etiam
972 762 1021 789 toti

233 810 338 838 mundo
355 809 526 837 renuntiare.
541 810 580 837 Ea
593 809 629 837 de
644 817 726 837 causa
742 809 801 844 eius
817 817 926 844 quoque
946 814 1022 836 tuto-

233 864 292 884 rem
310 856 445 883 Helenum
458 856 571 883 ditl'erre
586 856 709 891 nuptias,
725 856 772 891 qui
784 861 826 883 est
840 856 898 890 ipsc
911 862 1021 890 quoque

232 903 419 932 Christianus.
440 907 467 929 et
482 903 605 938 ejusdem
622 903 753 930 instituti.
771 901 926 936 Quinetiam
939 909 1019 935 quos,

234 949 337 984 inquit,
354 948 500 975 eunuchos
512 948 636 983 Eugenia
654 953 782 982 tanquam
800 956 895 975 servos
912 948 944 974 ad
960 954 1021 973 cam

233 994 321 1026 misit,
338 994 355 1021 ii
375 994 418 1020 vel
433 993 556 1020 omnium
571 993 689 1020 maxime
705 998 792 1020 artem
806 998 947 1020 sectantur
963 999 1022 1018 ma-

234 1041 336 1076 gicam,
351 1044 378 1067 et
391 1039 431 1067 sic
447 1046 507 1066 eam
518 1039 708 1070 incantaruut,
726 1044 756 1066 ut
773 1039 892 1067 fateatur
908 1046 1023 1066 senunc

233 1094 282 1115 eos
295 1087 399 1114 habere
416 1085 555 1118 dominos.
572 1089 599 1113 et
626 1093 675 1114 eos
692 1086 783 1113 colcrc
798 1090 927 1120 tanquam
956 1086 1023 1113 deos

233 1133 444 1162 immmortales.
472 1132 540 1160 Cum
558 1133 630 1159 mala
647 1132 686 1159 sic
704 1132 804 1159 ancilla
829 1132 959 1166 Pompeio
981 1139 1024 1158 re-

233 1181 404 1211 nuntiasset,
426 1183 455 1207 et
467 1179 591 1214 linguam
608 1178 720 1206 diabolo
734 1183 829 1212 aperte
852 1178 1021 1209 tradidisset,

233 1231 262 1255 et
292 1227 351 1254 haec
371 1226 463 1253 locuta
499 1229 575 1252 esset
601 1224 736 1251 adversus
767 1223 950 1254 Christianos,
983 1223 1023 1250 ira

233 1272 314 1300 valde
330 1271 382 1298 fuit
398 1277 534 1298 accensus
551 1269 710 1304 Pompeius,
729 1272 757 1295 et
784 1268 916 1295 adversus
941 1268 1024 1295 llele-

235 1326 302 1346 num
328 1318 422 1353 gravia
455 1316 565 1351 spirans
596 1320 639 1343 est
672 1315 821 1350 profeclus.
841 1315 875 1342 Et
902 1315 1024 1349 primum

234 1365 347 1400 quidem
361 1364 386 1391 ei
401 1363 457 1390 vim
483 1361 629 1394 allerebat,
649 1367 680 1389 ut
696 1362 748 1389 sibi
777 1361 898 1396 puellam
931 1368 1025 1388 osten-

235 1411 325 1443 deret,
341 1408 442 1436 deinde
451 1408 535 1435 etiam
556 1407 712 1435 celebraret
732 1408 855 1442 nuptias,
885 1407 937 1434 nisi
967 1407 1024 1442 ipse

235 1460 332 1491 aperte
351 1455 437 1482 vellet
450 1461 511 1481 esse
529 1453 619 1481 hostis
633 1453 844 1488 imperatorum.
874 1453 937 1480 llaec
962 1461 1024 1480 cum

236 1502 342 1529 diceret
359 1500 519 1535 Pompeius,
545 1506 601 1526 non
630 1499 713 1526 latuit
737 1499 849 1534 quidem
879 1499 1021 1531 Helenum,

236 1547 375 1575 undenam
388 1546 510 1581 profecta
524 1549 598 1573 esset
613 1545 734 1580 proditio
747 1554 756 1579 ;
770 1545 919 1580 ingenuum
930 1549 1022 1572 aulem

235 1598 264 1622 et
277 1593 383 1628 justum
402 1592 427 1620 ei
442 1592 519 1620 dedit
541 1599 722 1626 responsum:
740 1591 798 1626 Ego
813 1599 885 1623 sum,
900 1591 944 1618 cui
973 1592 1024 1618 ob-

235 1639 307 1675 tigit,
320 1639 425 1671 dicens,
437 1638 537 1673 puellae
552 1637 647 1669 tutela,
664 1645 726 1672 quae
738 1637 828 1664 donec
842 1638 953 1672 quidem
969 1638 1023 1664 im-

235 1685 324 1720 pubes
344 1684 405 1715 fuit,
423 1691 455 1711 ea
469 1687 497 1710 et
508 1691 576 1710 ame
590 1684 726 1717 alebatur,
741 1689 770 1711 et
781 1683 892 1711 vivebat
904 1688 933 1710 ut
948 1684 1020 1710 volc-

234 1731 310 1759 bam.
324 1730 394 1758 Cum
414 1737 482 1757 vero
496 1732 552 1765 jam
566 1729 600 1756 ad
615 1730 723 1765 plenam
742 1730 901 1765 pervenerit
915 1734 1024 1757 :ctatem

234 1783 263 1806 et
274 1778 331 1811 jam
347 1782 457 1811 tempus
469 1776 608 1810 acceperit
626 1776 792 1810 legitimum,
816 1777 873 1810 ipsa
893 1784 948 1803 non
966 1784 1025 1803 am-

235 1823 311 1858 plius
328 1829 417 1850 meam
433 1827 566 1856 sequetur
591 1822 775 1854 voluntatem,
809 1822 857 1849 sed
876 1829 956 1849 suam
982 1829 1026 1849 se-

234 1876 325 1904 quens
338 1868 517 1900 sententiam,
537 1867 620 1896 faciet
638 1868 664 1895 id
692 1869 766 1903 quod
781 1869 867 1896 volet.

271 1915 530 1950 XXXI.Postquam
551 1916 604 1943 hoc
619 1923 784 1951 responsum
808 1915 916 1950 accepit
945 1915 1024 1942 Pom-

233 1962 326 1996 peius,
342 1961 377 1989 ad
397 1961 505 1989 Basillae
520 1961 594 1989 aedes
616 1962 742 1996 protinus
768 1965 812 1989 est
827 1961 977 1997 profectus,
995 1965 1024 1988 ct

233 2007 343 2043 pulsato
357 2008 439 2037 ostio.
451 2007 564 2043 janitori
576 2008 735 2042 imperavit,
750 2013 781 2035 ut
793 2007 818 2035 ei
833 2008 1022 2035 annuntiaret.

234 2055 282 2081 Illa
302 2059 395 2082 autem
412 2055 514 2082 sensim
531 2061 595 2082 eum
627 2054 729 2089 repulit
755 2062 804 2089 per
827 2062 955 2088 puerum,
983 2054 1025 2081 di-

234 2108 300 2128 cens
317 2101 390 2128 nihil
406 2108 468 2128 esse
490 2107 637 2129 commune
653 2100 760 2127 Basillaa
790 2108 852 2127 cum
881 2100 1023 2135 Pompeio,

235 2149 282 2176 sed
298 2155 390 2182 neque
417 2148 478 2183 ejus
507 2148 658 2176 adventum
685 2147 800 2174 omnino
815 2147 896 2182 culpa
915 2154 1024 2174 carere.

234 2194 379 2228 Quomodo
405 2194 492 2227 enim,
521 2193 568 2228 qui
589 2193 624 2221 ad
651 2193 787 2228 virginem
806 2193 966 2224 accesserit,
996 2195 1023 2219 et

1073 250 1164 286 ὄψεων
1178 253 1227 287 τῆς
1246 251 1370 287 ἀλλήλων
1383 253 1536 288 ἀποστῆναι
1549 253 1625 286 θέας.

1109 394 1150 421 Λ’.
1171 393 1248 420 Ἐπεὶ
1264 393 1292 420 δὲ
1307 392 1360 420 ἔδει
1377 393 1424 420 καὶ
1448 393 1535 429 πέρας
1547 393 1617 427 ἕξειν
1631 393 1665 420 τὰ
1676 393 1729 419 ὑπο
1741 392 1790 419 τοῦ
1808 394 1866 419 Ku-

1076 440 1134 475 ρίου
1152 440 1216 475 περὶ
1234 440 1325 467 αὐτῶν
1343 441 1582 475 προηγορευμένα,
1600 439 1650 474 τῆς
1667 440 1714 474 μὲν
1730 439 1866 471 Bac-€111;

1074 487 1187 513 κατεῖπε
1200 486 1268 521 πρὸς
1280 486 1326 513 τὸν
1338 488 1482 522 Πομπήϊον
1496 487 1544 521 μία
1557 495 1599 518 τις
1614 487 1669 513 τῶν
1685 487 1866 520 ἑφεπομένων

1074 533 1142 568 αὐτῇ
1158 532 1309 559 παιδισκῶν
1320 541 1327 548 ·
1347 532 1384 564 ὡς
1401 533 1425 558 εἰ
1439 533 1475 568 μὴ
1492 533 1593 568 σπουδῇ
1621 533 1696 567 πάσῃ
1721 531 1768 558 καὶ
1789 532 1867 566 βατι-

1074 580 1138 614 λείῳ
1153 580 1225 614 χειρὶ
1238 579 1287 614 τὴν
1298 579 1516 614 μνηστευθεῖσαν
1530 579 1604 613 αὐτῴ
1612 578 1748 604 Βασίλλαν
1760 577 1867 611 ὡραίαν

1074 626 1125 661 ἤδη
1136 626 1226 660 γάμου
1244 626 1434 660 γεγενημένην
1452 625 1521 660 πρὸς
1540 624 1586 651 τὸν
1610 622 1684 651 οἶκον
1711 624 1865 658 ἀγάγηται,

1073 672 1166 697 οὐκέτι
1180 672 1210 697 τὸ
1226 671 1295 706 μετὰ
1309 671 1395 698 ταῦτα
1411 672 1529 705 γυναῖκα
1552 671 1601 704 τὴν
1617 670 1768 705 εἰρημένην
1785 669 1842 702 ἕξει
1857 677 1866 685 ’

1074 717 1242 753 Χριστιανήν
1266 726 1296 744 ἰε
1317 717 1370 752 γὰρ
1389 717 1453 749 ῐσθι,
1474 717 1550 752 φησι,
1573 718 1630 748 τοῖς
1656 717 1706 752 τῆς
1730 716 1867 748 Εὑγενίας

1074 763 1240 798 γεγενῆσθαι
1270 763 1372 798 λόγοις,
1389 764 1438 791 καὶ⁸
1461 765 1491 790 οὐ
1514 764 1597 799 γάμῳ
1616 763 1706 798 μόνον,
1733 762 1801 789 ἀλλά
1816 762 1865 788 καὶ

1074 810 1170 844 κήσμῳ
1184 810 1267 836 παντὶ
1284 809 1487 836 ἁποτάττεσθαι
1501 818 1508 824 ·
1522 809 1609 836 ταῦτά
1628 818 1668 836 τοι
1684 810 1731 835 καὶ
1749 809 1794 834 τὸν
1810 809 1865 835 πά-

1073 865 1165 891 τρωνα
1189 855 1294 889 ταύτης
1318 856 1428 882 Ἕλενον
1454 856 1522 891 πρὸς
1540 856 1604 887 τοὺς
1619 855 1726 889 γάμους
1754 854 1866 889 μέλλεν

1074 902 1200 928 κάκεῖνον
1225 902 1389 937 Χριστιανὸν
1417 902 1483 928 ὂντα
1513 902 1560 927 καὶ
1585 901 1631 927 τοῦ
1646 900 1740 936 ὁμοίου
1761 899 1865 926 σκοποῦ

1074 949 1229 983 γινόμενον.
1260 949 1297 975 Οὐ
1316 949 1369 983 μὴν
1382 948 1452 974 ἀλλὰ
1464 949 1510 974 καὶ
1524 947 1581 979 οὓς,
1600 948 1694 983 φησὶν,
1711 948 1727 981 ἡ
1747 946 1866 980 Εὑγενὶι

1074 994 1219 1029 εὐνούχους
1233 993 1271 1025 ὡς
1290 994 1400 1026 δούλους
1416 990 1488 1029 αὐτῇ
1500 993 1660 1028 πέπομφεν,
1683 989 1757 1019 οὗτοι
1773 991 1802 1018 δέ
1817 992 1866 1018 καὶ

1075 1041 1184 1067 πάντων
1201 1040 1321 1075 μάλιστα
1342 1040 1392 1074 τῆς
1416 1040 1538 1075 μαγιχῆς
1554 1040 1663 1074 ἔχονται
1682 1040 1792 1074 τέχνης,
1817 1039 1866 1064 καὶ

1073 1086 1145 1113 οὕτω
1174 1087 1279 1121 ταύτην
1306 1087 1548 1122 κατεγοήτευσαν,
1575 1086 1644 1112 ὥστε
1669 1085 1717 1112 νῦν
1731 1085 1866 1117 δεσπότας

1074 1134 1174 1166 αὐτοὺς
1192 1134 1264 1169 ἔχειν
1278 1134 1420 1170 ὁμολογεῖν
1437 1135 1486 1161 καὶ
1505 1134 1542 1166 ὡς
1557 1134 1710 1166 ἀθανάτους
1726 1134 1805 1165 θεοὺς
1821 1133 1867 1159 σέ-

1075 1180 1181 1207 ϐεσθαι.
1198 1180 1277 1207 Οὕτω
1300 1181 1350 1214 τῆς
1363 1181 1488 1215 πονηρᾶς
1511 1180 1609 1214 δούλης
1627 1180 1763 1214 Πομπηΐῳ
1780 1187 1866 1214 προσ-

1074 1226 1245 1261 αγγειλὰσης
1268 1226 1376 1261 ἀνήφθη
1397 1226 1501 1260 σφόδρα
1518 1226 1564 1253 τὸν
1582 1225 1668 1261 θυμὺν
1684 1227 1697 1252 ὸ
1721 1225 1867 1260 Πομπὴῑος

1075 1271 1123 1298 κα)⁸
1150 1272 1221 1298 κατὰ
1246 1271 1295 1297 τοῦ
1322 1271 1433 1298 Ἑλένου
1462 1271 1531 1306 βαρὺ
1557 1272 1646 1298 πνέων
1675 1271 1786 1307 ἐχώρει.
1811 1271 1867 1298 Καὶ

1075 1317 1174 1352 πρῶτα
1187 1318 1235 1351 μὲν
1247 1316 1380 1349 ἐπιδεῖξαι
1391 1318 1523 1353 αὐτῷτὴν
1533 1317 1619 1353 κόρην
1631 1317 1758 1352 ἀνάγκην
1766 1317 1865 1351 ἐπῆγε,

1076 1360 1137 1390 εἶτα
1153 1364 1199 1389 καὶ
1214 1363 1277 1394 τοὺς
1293 1363 1400 1398 γάμους
1422 1363 1543 1397 τελέσαι,
1559 1365 1585 1390 at
1598 1373 1631 1399 γε
1646 1364 1684 1399 μὴ
1700 1364 1791 1395 αὐτὸς,
1810 1371 1866 1397 φη-

1076 1411 1130 1442 ἐιν,
1149 1410 1248 1445 ἐχθρὸς
1263 1407 1333 1436 εἶναι
1350 1410 1406 1436 τῶν
1420 1410 1630 1446 αὐτοκρατόρων
1660 1409 1777 1444 φανερὸς
1803 1408 1867 1443 βού-

1075 1457 1157 1482 λοιτο.
1171 1456 1264 1482 Ταῦτα
1274 1456 1321 1482 τοῦ
1345 1457 1489 1491 Πομπηΐου
1513 1457 1641 1491 λέγοντος
1656 1457 1706 1483 οὐκ
1721 1456 1799 1482 ἔλαθε
1816 1455 1866 1490 μὲν

1075 1503 1120 1529 τὸν
1134 1503 1245 1530 Ἕλενον
1258 1503 1320 1529 ὅθεν
1337 1505 1352 1538 ἡ
1370 1503 1511 1539 προδοσία,
1522 1503 1669 1538 ἐλευθέραν
1684 1503 1712 1530 δὲ
1727 1503 1802 1537 ὅμως
1817 1502 1866 1530 καὶ

1075 1549 1183 1576 δικαίαν
1196 1548 1246 1584 τὴν
1263 1548 1410 1583 ἀπόκρισιν
1428 1549 1586 1584 ἐποιήσατο,
1604 1548 1686 1582 Ἐγὼ,
1702 1548 1801 1582 λέγων,
1813 1547 1866 1581 τῆς

1076 1595 1161 1630 κόρης
1177 1595 1369 1630 ἐπιτροπεύειν
1385 1595 1486 1630 λαχὼν,
1504 1596 1586 1630 μέχρι
1608 1595 1657 1629 μὲν
1673 1592 1707 1629 ἦν
1725 1595 1754 1620 ἐν
1771 1593 1866 1620 παισὶν

1076 1640 1122 1667 ὑπ’
1138 1641 1200 1676 ἐμοι
1212 1650 1242 1668 τε
1260 1641 1435 1676 τρεφομένην
1449 1640 1523 1677 εἶχον
1537 1634 1585 1668 καὶ
1608 1641 1740 1676 θελήματι
1754 1639 1792 1675 τῷ
1806 1640 1865 1675 ἐμῷ

1074 1685 1185 1717 ζῶσαν·
1203 1687 1264 1714 ἐπεὶ
1281 1687 1309 1713 δὲ
1329 1687 1439 1722 ἡλικίας
1457 1687 1555 1723 ἐπέὸη,
1570 1689 1617 1714 καὶ
1635 1687 1733 1723 χρόνον
1751 1687 1801 1722 ἤδη
1818 1686 1864 1711 τὸν

1076 1733 1190 1768 ἔννομον
1203 1733 1365 1768 ἀπειλήφει,
1381 1733 1474 1760 οὐκέτι
1495 1733 1630 1768 θελήματι
1647 1733 1686 1767 τῷ
1711 1732 1770 1767 ἐμῷ
1793 1731 1864 1768 αὕτη

1075 1779 1184 1812 ἕπεται,
1202 1780 1270 1807 ἀλλὰ
1287 1781 1385 1817 γνώμῃ
1398 1782 1431 1817 τῇ
1446 1780 1498 1816 ἰδίᾳ
1520 1779 1665 1815 στοιχοῦσα
1682 1780 1754 1812 ὅπως
1771 1779 1803 1807 ἂν
1818 1779 1866 1807 καὶ

1075 1825 1199 1860 βούλοιτο
1214 1826 1266 1862 δρᾷ
1275 1845 1282 1853 .
1292 1846 1300 1855 .
1310 1845 1317 1853 .
1331 1845 1339 1854 .

1112 1918 1176 1945 ΛΛ¹.
1197 1917 1307 1952 Ταύτην
1324 1917 1384 1944 ἐπεὶ
1400 1918 1543 1953 Πομπήϊος
1559 1917 1668 1949 ἐδέξατο
1681 1918 1731 1953 τὴν
1745 1917 1865 1953 ἀπόκρι-

1076 1973 1130 1998 σιν,
1142 1965 1211 1999 πρὸς
1227 1965 1276 2000 τὴν
1294 1965 1343 1999 τῆς
1359 1965 1493 1996 Haemo;
1503 1964 1593 1990 οὶκίαν
1606 1965 1780 1999 παραχρῆμα
1797 1965 1866 2000 ὲχὼ-

1077 2019 1128 2046 ρει,
1145 2011 1192 2037 καὶ
1209 2011 1296 2046 κόψας
1308 2012 1358 2046 τὴν
1372 2012 1459 2045 θύραν
1472 2010 1511 2045 τῷ
1528 2011 1644 2045 θυρωρῷ
1656 2012 1765 2037 ἐκέλευε
1780 2020 1866 2046 προσ-

1076 2056 1232 2089 αγγὲλλειν.
1255 2056 1285 2082 Ἡ
1302 2056 1330 2082 δὲ
1350 2056 1443 2090 ἠρέμα
1456 2055 1499 2081 διὰ
1515 2055 1561 2081 τοῦ
1580 2055 1674 2086 παιδὸς
1689 2056 1772 2082 αὑτὸν
1790 2057 1866 2082 ἀπω-

1076 2101 1148 2128 θεῐτο
1162 2101 1246 2135 μηδὲν
1262 2099 1330 2127 εἶναι
1352 2102 1440 2128 κοινὸν
1455 2101 1573 2136 λέγουσα
1586 2102 1705 2138 Basili;
1725 2104 1772 2128 καὶ
1790 2103 1867 2137 Πομ-

1076 2146 1161 2181 πηΐῳ,
1179 2147 1248 2173 ἀλλὰ
1263 2147 1315 2182 μὴν
1329 2148 1389 2174 οὐδέ
1414 2148 1500 2183 αὐτὴν
1521 2148 1590 2179 ὅλως
1616 2149 1665 2182 τὴν
1682 2148 1773 2182 ἄφιξιν
1790 2149 1866 2185 αὐτῷ

1077 2192 1150 2227 ἔχειν
1165 2193 1328 2228 ἀμέμπτως.
1353 2194 1414 2225 Πῶς
1425 2195 1491 2230 γὰρ,
1507 2195 1535 2226 ὃς
1551 2203 1582 2228 γε
1606 2196 1718 2229 γυναικὶ
1736 2195 1865 2231 παρθένῳ

234 2249 296 2268 cum
317 2248 349 2267 ea
364 2247 488 2267 seorsum
505 2239 580 2274 loqui
600 2239 709 2274 qumrit,
727 2246 809 2273 quam
823 2237 1022 2273 propemodum

1077 2238 1180 2271 ὲπῆλοε
1195 2240 1241 2265 καὶ
1259 2239 1417 2273 ἰδιάζουσαν
1444 2241 1555 2275 ὁμιλίαν
1581 2241 1716 2276 ἐπιζητεῖ.
1740 2241 1802 2277 ἥτις
1822 2251 1866 2276 μι-

233 2294 269 2314 ne
284 2287 373 2314 oculis
389 2286 500 2321 quidem
518 2286 576 2312 suis
593 2285 660 2312 licet
678 2284 808 2312 masculis
836 2284 961 2312 intueri?
976 2283 1024 2312 His

233 2332 326 2360 verbis
354 2332 448 2359 furore
478 2331 636 2359 concitatur
667 2330 827 2365 Pompeius,
844 2334 873 2358 et
902 2331 1022 2364 primum

233 2379 346 2414 quidem
367 2378 487 2406 veniens
514 2377 543 2404 in
563 2382 702 2409 senatum,
721 2384 784 2404 eum
812 2381 900 2411 rogat.
919 2375 1023 2403 Deinde

233 2431 296 2451 cum
317 2431 365 2451 eos
386 2424 470 2451 etiam
497 2423 703 2457 assumpsisset,
738 2421 823 2456 pedes
848 2420 1023 2455 imperatoris

232 2470 383 2506 prehendit
409 2478 464 2496 non
493 2469 552 2497 sine
568 2468 706 2504 lacrymis,
736 2473 764 2495 ct
789 2475 870 2494 suum
891 2471 1020 2500 tanquam

232 2523 380 2544 commune
407 2515 526 2543 deﬂebat
550 2514 744 2547 infortunium,
774 2514 827 2541 Pro
846 2513 926 2540 vobis
943 2513 1020 2548 ipsis,

231 2562 339 2594 dicens,
356 2569 373 2589 ο
390 2561 558 2589 divinissimi
575 2561 703 2596 Augusti,
722 2568 773 2596 pro
791 2560 872 2587 vobis
890 2560 956 2596 ipsis
975 2567 1022 2587 ex-

232 2609 337 2643 surgite
355 2613 384 2635 et
401 2607 502 2635 vestris
513 2607 577 2640 diis,
593 2611 620 2634 et
638 2614 721 2642 quem
736 2615 770 2634 ex
785 2606 904 2641 [Egypto
919 2614 1019 2633 novum

231 2654 317 2682 Deum
346 2662 420 2681 nunc
445 2654 601 2682 introduxit
621 2654 754 2689 Eugenia,
774 2660 809 2680 ex
836 2653 906 2680 urbe
929 2658 1020 2680 vestra

231 2702 373 2736 expellite.
392 2701 459 2728 Nam
477 2702 504 2728 in
522 2701 617 2728 multis
635 2700 748 2735 quidem
765 2700 847 2727 etiam
861 2700 923 2727 aliis
943 2700 1020 2727 dam-

231 2755 297 2774 num
314 2749 434 2775 aﬂ'erunt
452 2747 615 2780 Christiani,
647 2748 799 2775 irridentes
826 2747 1018 2782 imperaturos,

230 2795 306 2829 leges
323 2794 518 2829 despicieutcs,
548 2795 684 2830 benignos
714 2799 742 2822 et
772 2799 928 2821 servatores
954 2794 1020 2822 deos

232 2844 363 2874 tanquam
380 2840 471 2867 inania
491 2840 616 2875 quzrdam
642 2841 797 2868 manufacta
823 2846 1018 2875 conspucntes.

230 2886 309 2915 Nunc
329 2891 421 2914 autem
439 2886 491 2913 hoc
510 2893 621 2920 quoque
633 2887 724 2914 secius
739 2887 851 2922 impium
872 2890 914 2914 est
929 2886 963 2914 ab
977 2887 1018 2914 eis

1077 2284 1145 2320 κροῦ
1161 2286 1271 2313 πάντων
1296 2287 1446 2321 ὀφθαλμοῖς
1471 2287 1597 2322 ἀρρένων
1619 2288 1694 2313 ἐστὶν
1707 2287 1864 2322 adaucta“

1084 2331 1260 2366 Ἐκμαίνεται
1288 2333 1345 2363 τοῖς
1359 2333 1479 2368 ῥήμασιν
1495 2333 1509 2357 ὁ
1535 2333 1688 2367 Πομπήϊος,
1703 2334 1751 2359 καὶ
1768 2333 1865 2368 πρῶτα

1079 2377 1129 2412 μὲν
1145 2380 1184 2410 εις
1198 2378 1248 2415 τὴν
1256 2378 1354 2415 βουλὴν
1365 2378 1521 2414 παρελθὼν,
1538 2379 1624 2405 ἐδεῖτο
1637 2380 1754 2414 ταύτης·
1768 2379 1865 2407 ἔπειτα

1076 2423 1126 2450 καὶ
1141 2425 1254 2456 τούτους
1273 2425 1442 2459 παραλασὼν
1456 2425 1510 2452 τῶν
1526 2425 1616 2451 ποδῶν
1630 2425 1678 2450 τοῦ
1698 2424 1866 2460 κρατοῦντος

1076 2471 1127 2497 οὐκ
1143 2470 1264 2506 ἄδακρυς
1289 2471 1404 2506 ἥπτετο,
1422 2472 1469 2497 καὶ
1483 2470 1520 2503 ὣς
1541 2479 1567 2497 τι
1587 2471 1676 2497 κοινὸν
1691 2471 1819 2506 ἀτύχημα
1833 2471 1863 2498 τὸ

1077 2516 1143 2542 ἴδιον
1156 2516 1323 2552 ὠλοφύρετο,
1341 2517 1429 2553 ’Υπὲρ
1442 2517 1519 2552 ὑμῶν
1531 2517 1631 2550 αὐτῶν,
1646 2517 1742 2552 λέγων,
1753 2515 1776 2544 ὦ
1791 2519 1863 2545 05:6-

1076 2571 1150 2589 τατοι
1170 2562 1331 2597 Δῠγουστοι,
1349 2563 1419 2598 ὑπὲρ
1432 2564 1509 2599 ὑμῶν
1523 2563 1613 2590 αὐτῶν
1635 2564 1796 2599 διανὰστητε
1815 2566 1861 2591 καὶ

1074 2609 1129 2636 τῶν
1144 2609 1285 2645 ὑμετέρων
1298 2609 1380 2642 θεῶν,
1391 2611 1438 2637 καὶ
1450 2611 1480 2636 ὃν
1493 2610 1523 2642 ἐξ
1531 2610 1670 2644 Αἰγύπτου
1686 2610 1733 2637 νῦν
1744 2610 1863 2645 Εὑγενία

1076 2656 1262 2690 ἐπεισήγαγεν
1273 2655 1333 2682 νέον
1348 2655 1414 2683 Θεὸν
1425 2657 1474 2690 τῆς
1489 2657 1626 2692 ὑμετέρας
1642 2657 1745 2688 πόλεως
1761 2658 1866 2684 ἀπελά-

1076 2711 1151 2729 σατε.
1170 2702 1259 2729 Πολλὰ
1285 2703 1335 2738 μὲν
1351 2703 1406 2738 γὰρ
1431 2705 1479 2730 καὶ
1495 2704 1562 2731 ἄλλα
1581 2705 1637 2735 τοῖς
1652 2705 1800 2739 πράγμασι
1817 2705 1864 2730 λυ-

1076 2749 1219 2783 μαίνονται
1236 2750 1398 2784 Χριστιανοὶ
1426 2750 1633 2783 καταγελῷντες
1654 2749 1799 2784 βασιλέων,
1815 2759 1865 2776 κα-

1074 2795 1273 2830 ταφρονοῦντες
1301 2796 1405 2830 νόμων,
1430 2796 1495 2827 τοὺς
1521 2797 1646 2831 εὐμενεῖς
1673 2797 1721 2823 καὶ
1738 2797 1865 2831 σωτῆρας

1075 2841 1153 2873 Θεοϋς
1166 2841 1203 2873 ὡς
1221 2842 1324 2876 μάταιά
1335 2851 1397 2868 τινα
1410 2843 1589 2878 χειροποίητα
1600 2842 1792 2873 διαπτὺοντες-
1804 2842 1864 2868 νυνὶ

1073 2887 1100 2913 δὲ
1116 2887 1164 2914 καὶ
1180 2887 1260 2914 τοῦτο
1285 2887 1377 2919 αὐτοῖς
1402 2888 1575 2924 ἐπινενόηται
1603 2888 1633 2915 τὺ
1659 2888 1798 2923 ἀσέϐημα,
1816 2886 1864 2914 καὶ
