2060 3153
266 174 321 206 64⁸1

883 168 1025 200 MENSIS
1045 167 1260 198 DECEMBER.

1838 163 1893 196 6'8

264 232 318 261 est,
344 234 361 254 ο
377 226 516 262 praefecte,
544 234 597 255 nos
618 228 720 255 vestris
747 226 801 254 diis
813 227 960 261 imperare.
983 224 1052 252 lllud

1112 224 1201 260 Ξρχειν
1214 224 1269 250 τῶν
1285 223 1426 259 ὑμετέρων
1446 222 1516 250 θεῶν
1527 230 1534 238 ³
1555 222 1643 249 ἐκεῖνο
1659 221 1688 248 δέ
1704 229 1745 248 σοι
1759 220 1808 248 καὶ
1825 229 1894 248 πᾶνα

263 277 357 301 autem
386 277 429 299 est
461 272 542 307 plane
563 272 728 306 absurdum,
757 277 785 300 et
814 271 849 299 ad
882 271 1054 306 arguendum

264 317 437 349 facillimum,
452 317 526 352 quod
538 318 661 346 ascribas
677 319 770 345 omnia
789 318 842 345 arti
861 318 983 353 magicae,
1000 324 1054 343 non

265 367 357 390 autem
382 363 466 390 alicui
496 363 598 390 divina:
626 367 654 390 et
681 363 889 399 inexpugnabili
924 363 1055 397 potentiae

265 409 338 444 ejus,
364 409 411 443 qui
427 416 492 436 vero
510 413 553 436 est
570 409 647 436 solus
670 409 742 444 apud
759 417 809 437 nos
823 410 907 437 Deus.
933 410 961 438 Si
979 417 1014 436 en
1029 416 1054 435 m

266 455 339 489 magi
361 454 484 489 quidem,
503 459 534 482 ut
547 461 597 482 vos
619 455 725 487 dicitis,
753 455 912 483 immundos
922 455 1055 490 quosdam

267 506 296 528 et
325 501 484 528 materiales
511 502 642 529 invocant
669 501 819 535 daemones,
835 502 882 530 isti
915 510 982 530 vero
1007 509 1055 529 eos

267 547 316 581 qui
346 551 412 574 sunt
428 547 500 582 apud
531 554 590 578 vos,
624 547 693 574 deos
719 553 863 582 superant,
892 547 934 574 vel
964 548 1056 583 potius

268 592 388 627 primum
411 601 444 620 ex
467 593 637 626 eteleSIibus,
655 601 710 621 non
732 594 825 622 omnia
843 601 939 622 rursus
963 594 1056 622 inver-

269 639 344 672 tctis,
376 643 404 667 et
434 646 495 674 quae
526 644 592 666 sunt
625 647 755 675 superna,
794 640 900 668 inferna
938 640 1055 673 facietis,

268 687 421 721 majoribus
437 686 492 714 dlis
516 687 676 714 inferiorem
693 693 797 716 sortem
813 689 1013 716 attribuentes:
1029 693 1058 716 et

269 743 320 763 nec
333 735 401 762 deos
428 735 553 770 quidem,
568 736 615 763 sed
633 744 682 764 eos
708 743 804 764 servos
820 736 937 769 facietis,
953 740 980 763 et
998 743 1057 763 ser-

268 788 318 809 vos
346 781 514 814 daemonum,
540 782 680 810 daemones
697 789 789 810 autem
810 783 886 815 duos,
903 788 931 810 et
954 789 1058 817 pnmos

269 828 398 855 deorum.
435 828 514 861 Quod
539 828 651 862 quidem
677 829 760 855 etiam
778 829 832 855 alio
846 836 956 863 quoque
975 828 1058 855 modo

269 877 432 907 verumest,
447 881 510 901 cum
530 882 579 901 vos
592 882 640 902 eos
654 878 785 909 tanquam
807 882 885 902 veros
904 874 972 901 deos
990 882 1057 901 con-

270 921 430 954 stitueritis,
450 925 478 948 et
495 921 584 948 bonos
597 929 658 948 esse
684 922 799 956 putetis,
815 921 949 949 dubitetis
965 926 1057 948 autem

270 974 390 1000 quanam
416 966 450 994 de
465 975 548 994 causa
575 975 589 993 a
608 967 686 994 malis
703 967 849 994 vincantur
869 967 1053 999 daemonibus,

270 1009 427 1036 nescientes
454 1008 530 1042 ipsos
551 1016 612 1035 esse
632 1008 745 1043 quidem
764 1009 849 1036 malos
864 1014 892 1036 et
919 1009 1059 1036 maleﬁcos

270 1053 420 1086 danuones,
446 1061 531 1080 unum
556 1061 623 1081 vero
655 1061 716 1081 esse
747 1054 833 1081 Deum
853 1054 880 1081 in
909 1055 1057 1082 omnibus:

269 1099 349 1134 cujus
367 1105 467 1126 nomen
493 1107 582 1126 sonum
600 1099 646 1126 isti
661 1107 717 1126 non
745 1099 877 1132 ferentes,
894 1100 966 1127 sicut
982 1107 1057 1133 cera,

270 1150 302 1172 ut
315 1146 355 1173 ait
368 1145 480 1173 divinus
500 1145 587 1173 David
603 1146 636 1179 ",
652 1153 668 1173 a
680 1145 751 1173 facie
769 1146 851 1181 ignis,
867 1146 1014 1181 liquefiunt
1031 1152 1060 1174 et

270 1196 400 1226 pereunt.

307 1237 428 1265 XXXIV.
455 1238 518 1266 Haec
546 1239 664 1266 audiens
696 1239 834 1272 Nicetius,
862 1239 923 1274 ejus
947 1239 1060 1274 quidem

271 1291 401 1319 magnum
417 1288 445 1311 et
469 1285 609 1312 excelsum
636 1284 825 1312 admirabatur
845 1285 980 1313 animum.
1006 1285 1061 1313 Sed

272 1339 335 1359 cum
353 1337 427 1360 esset
444 1336 519 1359 totus
540 1331 652 1360 deditus
667 1332 781 1360 insania:
796 1333 1018 1366 simulacrorum,
1034 1338 1062 1361 et

273 1378 343 1405 nihil
357 1379 431 1405 aliud
449 1382 598 1413 spectaret,
611 1386 693 1413 quam
713 1383 743 1405 ut
771 1379 813 1406 eis
828 1379 961 1414 placeret,
981 1380 1062 1416 jubet

271 1432 332 1452 eam
351 1425 414 1452 (luci
439 1424 466 1451 in
489 1424 622 1459 templum
638 1423 743 1456 Diana,
768 1424 846 1458 sequi
862 1429 953 1451 autem
970 1425 1064 1459 spicu-

272 1471 386 1498 latorem
399 1471 425 1498 ei
454 1478 549 1498 ensem
567 1470 770 1497 intentantem:
789 1474 817 1497 et
832 1471 932 1506 partim
949 1472 1062 1506 quidem

272 1516 477 1547 admonentem,
495 1515 596 1550 partim
612 1519 703 1542 autem
718 1515 906 1549 minitantem,
921 1517 994 1552 quod
1009 1517 1061 1544 uisi

1105 270 1191 300 τελῶς
1205 270 1307 297 ἄτοπον
1322 269 1371 296 καὶ
1384 269 1555 303 εὐέλεγκτον,
1568 269 1599 295 τὸ
1615 268 1720 303 μαγικῇ
1732 267 1815 302 τέχνῃ
1831 267 1894 292 ἑπι-

1106 316 1233 350 γράφειν,
1250 315 1321 342 ἀλλὰ
1336 315 1374 351 μὴ
1392 315 1453 350 θείᾳ
1468 316 1522 341 τινὶ
1537 315 1584 342 καὶ
1600 315 1699 349 ἀμάχῳ
1720 313 1835 347 δυνάμει
1846 311 1894 339 τοῦ

1106 361 1173 395 παρ’
1187 362 1253 396 ἡμῖν
1265 361 1350 392 ὅντως
1376 361 1457 396 μὸνου
1469 360 1548 388 Θεοῦ.
1574 360 1605 386 El
1617 360 1671 394 γὰρ
1685 359 1768 394 μάγοι
1781 358 1842 393 μὲν,
1857 357 1896 388 ὡς

1107 407 1187 442 ὑμεῖς
1202 407 1282 441 φατὲ,
1297 407 1471 442 ἀκαθάρτους
1481 407 1512 442 δή
1524 416 1599 438 τινας
1612 407 1661 434 καὶ
1673 405 1784 436 ὲνὺλους
1798 406 1898 431 imitat.

1105 453 1216 481 λοῦνται
1236 455 1376 490 δυνάμεις,
1401 451 1474 481 οὗτοι
1499 455 1526 480 δὲ
1541 454 1594 480 τῶν
1611 453 1677 489 παρ’
1695 453 1759 488 ὑμῖν
1778 453 1897 487 ἐπικρα-

1107 499 1182 526 τοῦσι
1206 500 1285 533 θεῶν,
1315 500 1417 535 μᾶλλον
1440 501 1467 526 δὲ
1492 500 1538 527 τοῦ
1555 499 1665 535 πρώτου
1680 499 1736 526 τῶν
1750 498 1896 535 οὐρανίων.

1106 545 1198 572 οὐκέτ’
1213 545 1246 572 ἂν
1261 546 1389 580 φθάνοιτε
1417 546 1507 572 πάντα
1527 546 1645 580 μάλιστα.
1670 543 1835 579 στρέφοντες
1850 544 1898 570 καὶ

1106 592 1140 618 τὰ
1158 591 1214 619 ἄνω
1231 592 1306 619 κάτω
1320 591 1471 625 ποιοῦντες,
1485 592 1542 622 τοῖς
1558 591 1607 626 μὲν
1621 590 1728 625 μείζοσι
1750 590 1821 620 θεοῖς
1847 590 1899 624 τὴν

1108 637 1184 663 κάτω
1212 638 1311 672 μοῖραν
1326 637 1557 672 ἀποχληρςῦντες·
1586 636 1633 663 καὶ
1648 636 1707 662 οὐδὲ
1725 635 1815 667 θεοὺς,
1829 635 1897 662 ἀλλὰ

1107 682 1216 714 δούλους
1232 683 1332 715 αὐτοὺς
1345 683 1486 710 ποιοῦντες
1497 683 1545 709 καὶ
1555 681 1664 713 δούλους
1677 681 1823 717 δαιμόνων,
1834 681 1898 712 τοὺς

1107 728 1236 762 δαίμονας
1251 729 1280 756 δὲ
1295 728 1372 760 Θεοὺς
1385 729 1432 755 καὶ
1446 728 1570 764 πρώτους
1586 728 1666 760 θεῶν,
1681 727 1696 754 δ
1716 727 1748 762 δὴ
1771 727 1818 754 καὶ
1835 725 1897 753 καθ’

1107 775 1202 811 ἓτερον
1219 775 1346 810 ἀληθεύει
1359 776 1460 811 τρόπον
1473 783 1480 791 ·
1496 775 1605 806 τούτους
1619 775 1673 809 γὰρ
1686 774 1766 809 ὑμεῖς
1777 774 1815 806 ὡς
1831 775 1898 809 ἁλη-

1108 819 1164 850 θείς
1181 821 1259 852 θεοὺς
1274 823 1495 856 προστησάμενοι
1519 821 1567 848 καὶ
1589 821 1709 855 ἀγαθοὺς
1735 818 1805 847 εἶναι
1820 820 1899 856 νομί-

1109 866 1201 899 ζοντες
1211 867 1379 903 διαπορεῖτε,
1391 869 1418 894 τί
1431 868 1462 903 δή
1474 876 1539 895 ποτε
1554 867 1608 894 τῶν
1623 867 1747 903 πονηρῶν
1762 867 1899 902 ἡττῶνται

1109 913 1255 948 δαιμόνων,
1273 914 1323 941 οὐκ
1340 914 1441 945 εἰδότες
1457 915 1498 940 ὅτι
1514 913 1591 940 αὐτοὶ
1617 913 1667 948 μὲν
1686 913 1794 948 ἀληθῶς
1807 915 1832 940 οί
1847 922 1898 939 ια-

1111 960 1216 986 κοποιοί
1242 969 1272 987 τε
1297 961 1344 987 καὶ
1370 961 1482 996 πονηροὶ
1508 960 1647 995 δαίμονες,
1664 956 1705 990 εἷς
1726 959 1754 986 δὲ
1769 960 1816 986 ἐπὶ
1831 960 1899 986 πᾶσι

1109 1007 1187 1038 Θεὸς,
1203 1003 1232 1033 οὗ
1249 1008 1297 1033 καὶ
1312 1008 1397 1042 ὄνομα
1416 1007 1496 1042 μόνον
1511 1004 1584 1034 οὗτοι
1600 1007 1639 1041 μὴ
1650 1007 1778 1041 φέροντες
1793 1006 1831 1038 ὡς
1849 1013 1900 1039 xq-

1111 1053 1167 1088 ρὸς,
1218 1061 1302 1088 φησιν
1316 1055 1329 1080 ὀ
1354 1054 1425 1085 θεῖος
1452 1053 1544 1086 Δαυῖδ,
1568 1053 1622 1080 ἀπὸ
1644 1052 1791 1089 προσώπου
1812 1053 1899 1088 πυρδς

1109 1096 1237 1134 τήιὶονταί
1251 1108 1280 1126 τε
1295 1098 1343 1126 καὶ
1356 1099 1531 1126 ἀπόλλυνται.

1147 1241 1208 1269 AA’.
1221 1241 1315 1268 Ταῦτα
1331 1240 1438 1268 ἀκούων
1461 1241 1592 1275 Νιχὴτιος
1612 1239 1736 1272 ἐξίστατο
1751 1240 1801 1276 μιν
1816 1239 1902 1275 αὐτὴν

1111 1288 1160 1323 τῆς
1177 1287 1362 1323 μεγαλονοίας,
1391 1287 1450 1317 ὅλος
1465 1285 1494 1312 δὲ
1521 1286 1571 1320 τῆς
1591 1285 1645 1312 τῶν
1668 1285 1785 1312 εἰδώλων
1803 1285 1902 1319 μανίας

1112 1336 1258 1370 γενόμενος
1278 1334 1326 1361 διαὶ
1351 1333 1427 1360 οὐδὲν
1452 1332 1545 1368 ἕτερον
1559 1333 1576 1368 ἢ
1597 1332 1627 1358 τδ
1639 1333 1754 1364 ἐκείνοις
1772 1332 1902 1367 ἀρέσκειν

1112 1380 1279 1413 διασκοπῶν,
1305 1379 1346 1410 είς
1372 1379 1417 1405 τὸν
1446 1378 1510 1405 ναὸν
1545 1378 1630 1412 αὐτὴν
1660 1378 1709 1412 τῆς
1743 1377 1902 1413 ’Δρ-τέμιδος

1113 1427 1270 1462 ἀπαχθῆναι
1285 1426 1402 1457 κελεύει,
1421 1425 1569 1460 ἐφέπεσθαι
1580 1425 1608 1451 δὲ
1624 1425 1672 1451 καὶ
1685 1424 1731 1450 τὸν
1747 1425 1903 1452 σπεκουλά-

1113 1481 1188 1508 τωρα
1202 1473 1231 1499 τὸ
1247 1473 1324 1507 ξίφος
1334 1472 1403 1506 αὐτῇ
1421 1472 1585 1502 ὲπισείοντα,
1612 1471 1658 1497 καὶ
1673 1471 1751 1497 τοῦτο
1766 1471 1816 1506 μὲν
1831 1479 1903 1506 παρ-

1114 1519 1251 1551 αινοῦντα,
1269 1518 1348 1544 τοῦτο
1360 1518 1388 1544 δὲ
1405 1517 1452 1544 καὶ
1463 1516 1686 1551 διαπειλούμενον
1697 1517 1738 1543 ὅτι
1768 1516 1806 1552 μὴ
1822 1516 1902 1544 θύου-

272 1562 419 1594 sacriﬁcet,
442 1569 476 1589 eo
493 1569 575 1596 quem
596 1561 680 1590 habet
699 1562 729 1589 in
755 1570 850 1596 manu,
883 1563 1060 1598 transadigct,

1114 1575 1164 1593 σαν
1175 1566 1206 1592 τὸ
1221 1566 1250 1592 ὲν
1263 1565 1334 1601 χειρὶ
1350 1562 1552 1600 μετελεύσεται,
1566 1563 1707 1590 δεικνύντα
1721 1563 1750 1590 τὸ
1764 1563 1849 1598 ξίφος.
1870 1563 1903 1590 Ἦ

273 1607 446 1635 ostendendo
475 1614 582 1634 ensem.
609 1606 656 1634 Illa
681 1615 748 1635 vero
777 1613 923 1643 postquam
943 1610 1020 1636 venit
1034 1610 1062 1636 in

273 1654 418 1688 templum,
435 1658 512 1681 stans
526 1661 560 1680 ex
591 1653 710 1681 adverso
727 1654 856 1689 imaginis
873 1656 966 1690 specie
981 1664 1064 1683 oran—

273 1699 322 1729 tis.
350 1703 461 1732 precata
489 1703 533 1725 cst
558 1698 704 1725 interitum
737 1699 968 1734 simulacrorum,
990 1701 1064 1729 Deus

272 1749 385 1776 ctcrne,
412 1744 521 1776 dicens,
547 1743 595 1778 qui
623 1751 666 1771 me
681 1749 727 1771 tua
750 1746 891 1774 voluntate
905 1751 934 1774 et
950 1748 1024 1774 nasci
1036 1752 1064 1776 et

273 1790 385 1817 educari
412 1795 440 1817 et
464 1791 600 1825 virginem
628 1791 656 1817 in
685 1791 851 1819 hodiernum
876 1801 963 1827 usque
990 1794 1063 1821 diem

273 1836 432 1862 conservari
447 1835 577 1870 dignatus
592 1843 633 1869 es,
651 1841 680 1864 et
696 1841 725 1863 ut
740 1837 864 1865 ellicerer
883 1846 982 1873 sponsa
998 1839 1064 1867 Uni.

273 1881 370 1916 geniti,
385 1885 414 1907 et
425 1885 454 1907 ut
468 1881 497 1908 in
511 1889 554 1908 me
566 1881 677 1909 adesset
691 1882 885 1910 sanclissimus
893 1884 1025 1919 Spiritus,
1037 1889 1065 1912 et

273 1927 300 1954 it:
309 1933 351 1953 me
359 1930 496 1961 regnaret,
508 1927 635 1959 elfecisti,
648 1927 706 1961 ipse
715 1935 789 1955 nunc
798 1936 908 1963 quoque
916 1930 983 1956 mihi
991 1930 1065 1958 adsis

274 1974 302 2000 in
315 1973 365 2000 hac
377 1973 417 2000 tui
435 1973 621 2006 confessione,
635 1974 757 2001 elliciens
776 1975 951 2003 admirabilia
966 1981 994 2004 et
1005 1986 1066 2010 qua:

273 2019 437 2046 sintcontra
446 2019 618 2054 opinionem,
632 2025 662 2047 ut
673 2020 720 2055 qui
737 2025 762 2048 te
775 2021 869 2048 colunt
879 2022 999 2056 quidem,
1011 2024 1066 2051 sint

273 2066 301 2092 in
308 2066 404 2100 gloria,
413 2065 562 2100 ignominia
568 2072 659 2093 autem
666 2071 694 2093 et
703 2066 839 2094 dedecore
848 2068 1011 2101 allieiantur,
1018 2070 1065 2104 qui

273 2112 343 2138 hanc
353 2117 456 2138 mutam
470 2116 498 2138 et
514 2112 625 2138 surdam
640 2112 758 2139 adorant
777 2113 1022 2147 abominationem,
1039 2121 1067 2142 et

272 2157 427 2191 gloriantur
439 2157 465 2184 in
483 2158 541 2184 suis
555 2158 742 2193 sculptilibus.
755 2157 793 2185 Ea
808 2157 865 2186 haec
876 2166 983 2192 orante,
996 2160 1065 2189 Deus

273 2203 386 2238 quidem
402 2204 483 2230 valde
501 2208 594 2231 movet
617 2210 729 2237 terram,
750 2205 881 2239 templum
908 2214 975 2233 vero
987 2215 1065 2235 ever-

274 2248 353 2279 titur,
369 2249 524 2276 conteritur
539 2254 630 2276 autem
655 2250 846 2282 simulacrum,
863 2250 968 2287 reliqua
997 2261 1063 2280 vero

273 2295 355 2322 simul
371 2295 584 2322 conturbantur.
610 2295 739 2329 Stupent,
756 2295 805 2329 qui
834 2296 950 2330 vident;
969 2306 1065 2332 perva-

272 2341 315 2367 dit
342 2341 426 2368 etiam
462 2341 495 2367 ad
520 2348 568 2368 eos
591 2341 638 2375 qui
655 2341 752 2376 procul
771 2347 861 2374 erant,
875 2343 1062 2378 miraculum;

273 2387 344 2413 alius
383 2391 476 2413 autem
514 2386 627 2413 aliunde
672 2386 856 2419 confluentes,
904 2389 1064 2425 quicunque

272 2440 353 2462 erant
377 2434 490 2469 quidem
519 2441 592 2462 sana:
609 2435 719 2467 mentis,
737 2434 764 2462 id
782 2435 856 2470 quod
873 2436 976 2464 factum
992 2443 1063 2472 erat,

273 2481 412 2508 ducebant
449 2481 628 2513 miraculum,
653 2485 681 2508 et
703 2481 838 2515 putabant
866 2491 936 2518 opus
963 2485 1064 2513 divinae

271 2527 404 2562 potentia:
415 2533 422 2553 ι
434 2527 648 2562 quibuscunque
658 2535 724 2555 vero
736 2530 886 2564 praeteriti,
899 2532 972 2565 quod
984 2536 1066 2559 erant

273 2579 346 2602 recta
370 2574 471 2609 privati
496 2574 639 2609 opinione,
656 2575 752 2603 deerat
777 2577 862 2604 etiam
883 2578 1029 2613 sapientia,
1045 2580 1064 2607 ii

273 2621 366 2648 multis
381 2619 716 2649 eontumeliis'allicien'tes
727 2621 889 2658 Eugeniam,
900 2631 961 2652 eam
977 2625 1060 2652 etiam

272 2666 408 2694 vocabant
417 2674 535 2702 magum.

308 2711 415 2740 XXXV.
432 2713 495 2740 Haec
513 2712 685 2742 auditetiam
710 2713 871 2749 imperator,
900 2720 928 2743 et
948 2724 1063 2746 suorum

272 2758 388 2786 deorum
401 2760 609 2794 quodammodo
631 2761 703 2788 ultor
721 2761 781 2788 ﬁeri
806 2770 969 2798 properans.
984 2764 1064 2799 jubet

272 2803 392 2839 lapidem
421 2805 533 2840 quidem
558 2807 753 2842 gravissimum
781 2808 914 2843 suspendi
947 2817 962 2836 a
992 2810 1064 2837 collo

273 2851 344 2885 eius,
364 2851 451 2886 ipsam
477 2857 569 2880 autem
585 2853 639 2888 jaci
655 2854 683 2882 in
707 2853 821 2882 (luvium
850 2853 982 2884 Tiberim.
1009 2856 1062 2885 Sed

310 2909 332 2924 "
347 2909 422 2938 Psal.
440 2918 523 2941 uvn.
537 2913 563 2939 ὗ.

1113 1613 1153 1645 δὲ,
1169 1613 1262 1647 ἐπειδὴ
1275 1610 1343 1648 ἧκεν
1359 1611 1398 1642 είς
1417 1610 1462 1636 τὸν
1475 1610 1548 1643 ναὸν,
1560 1611 1647 1636 στᾶσα
1661 1611 1730 1636 κατὰ
1755 1611 1904 1645 πρόσωπον

1113 1660 1160 1686 τοῦ
1178 1658 1334 1694 ἀγάλματος
1349 1658 1378 1684 ἐν
1395 1657 1515 1692 σχήματι
1527 1657 1681 1691 προσευχῆς
1695 1657 1744 1690 τῆς
1759 1656 1813 1682 τῶν
1826 1655 1904 1682 elati»-

1113 1705 1167 1732 λων
1183 1705 1338 1739 κατηύχετο
1349 1703 1500 1735 ἀπωλείας,
1519 1702 1548 1728 '0
1565 1702 1641 1734 Θεὶς,
1657 1702 1787 1736 λέγουσα,
1806 1703 1820 1728 ὁ
1838 1702 1904 1728 αἰῶ.

1114 1761 1170 1784 νιος
1185 1753 1199 1778 ὁ
1215 1751 1253 1786 τῷ
1272 1751 1311 1786 σῷ
1329 1750 1378 1786 μὲν
1395 1749 1545 1784 βουλήματι
1557 1748 1676 1781 ἀξιώσας
1695 1749 1742 1775 καὶ
1758 1748 1842 1783 φῦναι
1856 1749 1904 1774 καὶ

1114 1797 1250 1832 τραφῆναι
1265 1796 1314 1822 καὶ
1328 1794 1464 1830 παρθένον
1481 1795 1545 1828 ἄχρι
1569 1794 1616 1821 καὶ
1635 1794 1682 1821 νῦν
1694 1794 1902 1829 διατηρηθῆναι,

1115 1842 1224 1877 νύμφην
1236 1849 1266 1868 τε
1287 1841 1333 1867 τοῦ
1363 1840 1522 1876 μονογενοῦς
1546 1849 1592 1867 σου
1607 1841 1748 1876 δειχθῆναι
1764 1841 1839 1873 Υιοῦ,
1857 1843 1904 1869 καὶ

1116 1887 1303 1923 συμπαρεῖναί
1315 1895 1360 1922 μοι
1378 1886 1408 1913 τὸ
1421 1886 1499 1920 ἅγιον
1517 1887 1628 1922 Πνεῦμα
1639 1888 1685 1914 καὶ
1702 1889 1732 1914 ὲν
1751 1888 1814 1923 ἐμοὶ
1828 1888 1904 1924 βασι-

1115 1936 1212 1963 λεῦσαι
1227 1934 1442 1970 παρασκευάσας
1457 1934 1536 1966 αὐτὸς
1553 1935 1681 1970 παρέστω
1696 1944 1741 1969 μοι
1754 1936 1800 1962 καὶ
1812 1936 1858 1961 νῦν
1875 1936 1904 1962 ιν

1116 1984 1149 2018 τῇ
1168 1982 1238 2017 ὑπὲρ
1265 1982 1312 2008 σοῦ
1331 1981 1417 2016 ταύτῃ
1444 1980 1574 2016 ὁμολογίᾳ
1610 1981 1750 2016 παράδοξα
1772 1981 1902 2013 ἐκτελῶν,

1116 2030 1190 2060 ὅπως
1210 2029 1234 2055 οἱ
1251 2028 1301 2063 μὲν
1326 2027 1467 2062 σεεόμενοί
1486 2035 1515 2052 σε
1541 2026 1717 2060 δοξασθῶσιν,
1736 2027 1904 2061 αἰσχυνθὼσῑ

1116 2076 1144 2102 δὲ
1159 2075 1259 2105 πάντες
1274 2074 1298 2100 οί
1314 2073 1352 2108 τῷ
1366 2073 1457 2107 ἁλάλῳ
1471 2072 1559 2106 τούτῳ
1573 2072 1621 2098 καὶ
1640 2073 1725 2108 κωψῷ
1736 2072 1905 2107 βδελύγματι

1118 2119 1334 2156 προσκυνοῦντες
1350 2118 1397 2144 καλ¹
1414 2119 1469 2148 τοῖς
1484 2118 1613 2151 γλυπτοῖς
1624 2118 1714 2144 αὐτῶν
1725 2118 1906 2154 ὲγχαυχώμε-

1117 2175 1167 2193 νοι.
1183 2165 1275 2192 Ταῦτα
1289 2163 1521 2200 προσευχομένης,
1537 2165 1606 2190 κινεί
1619 2164 1667 2198 μὲν
1680 2164 1694 2190 ὁ
1709 2164 1773 2194 Θεὸς
1788 2166 1838 2199 τὴν
1853 2167 1906 2200 γῆν

1120 2212 1250 2248 ἰσχυρῶς,
1268 2211 1486 2245 καταστρέφεται
1499 2211 1528 2236 δὲ
1556 2209 1570 2235 ὸ
1584 2210 1657 2243 ναὸς,
1679 2210 1853 2245 συντρίὸεται
1877 2211 1907 2237 δὲ

1117 2260 1148 2286 τὺ
1182 2258 1300 2290 εῖδωλον,
1329 2257 1364 2283 τὰ
1387 2255 1469 2283 λοιπὰ
1500 2255 1528 2282 δὲ
1563 2255 1631 2290 ὁμοῦ
1662 2257 1905 2291 συνταράσσονται.

1122 2304 1277 2336 Ἐξίσταντο
1288 2303 1313 2329 οἱ
1328 2303 1455 2337 ὁρῶντες·
1471 2301 1567 2336 φθάνει
1580 2300 1608 2327 δὲ
1625 2302 1672 2329 καὶ
1688 2301 1750 2331 τοὺς
1767 2302 1863 2338 πόρρω
1875 2302 1907 2329 τδ

1117 2351 1220 2385 θαῦμα,
1241 2350 1289 2375 καὶ
1301 2348 1378 2380 ἄλλος
1389 2348 1500 2374 ἂλλοθεν
1518 2348 1680 2382 συρρυέντες
1695 2349 1767 2380 ὅσοις
1784 2349 1834 2383 μὲν
1845 2348 1907 2379 νοῦς

1118 2396 1202 2430 ὑγιῶς
1219 2396 1287 2429 ἔχων
1303 2394 1350 2420 καὶ
1365 2393 1472 2428 φρένεις
1483 2391 1553 2428 ἦσαν
1567 2392 1612 2419 διὰ
1629 2392 1765 2428 θαύματος
1781 2394 1810 2420 τὸ
1826 2402 1906 2427 γεγο-

1118 2441 1162 2473 Vb;
1183 2441 1335 2472 ἐποιοῦντο,
1361 2437 1408 2465 καὶ
1433 2437 1508 2468 θείας
1521 2438 1601 2472 ἔργον
1620 2438 1735 2472 ἡγοῦντο
1751 2437 1903 2474 δυνάμεως·

1119 2487 1213 2514 ἐσοιδὲ
1244 2487 1314 2522 μετὰ
1331 2487 1379 2514 τοῦ
1398 2487 1478 2522 δόξης
1492 2487 1586 2521 ὑγιοῦς
1611 2487 1776 2523 ἐστερῆσθαι
1798 2489 1845 2514 καὶ
1859 2488 1906 2514 τοῦ

1120 2533 1229 2569 φρονεῖν
1243 2533 1432 2565 ἀπελείποντο,
1443 2529 1517 2559 οὗτοι
1538 2533 1650 2570 ⁵ιτολλιιῖς
1667 2533 1763 2568 ὖὸρεσι
1779 2534 1830 2569 τὴν
1851 2534 1906 2561 Εὑ-

1120 2579 1213 2613 γενίαν
1229 2578 1370 2614 βάλλοντες
1388 2578 1427 2605 ἑτι
1443 2579 1488 2605 καὶ
1507 2579 1594 2614 μάγον
1610 2579 1734 2608 ἐκάλουν.

1153 2718 1216 2746 ΛΕ¹.
1241 2718 1346 2745 Ἀκούει
1364 2718 1452 2746 ταῦτα
1465 2719 1511 2746 καὶ
1527 2718 1654 2754 βασιλεὺς
1669 2720 1716 2748 καὶ
1727 2721 1849 2756 τιμωρὸς
1861 2719 1905 2748 οἷα

1117 2764 1244 2798 γενέεθαι
1257 2765 1311 2791 τῶν
1330 2765 1412 2792 αὑτοῦ
1429 2766 1498 2792 θεῶν
1509 2767 1686 2801 ἐπειγόμενος
1699 2767 1774 2793 λίθον
1794 2768 1845 2802 μὲν
1857 2768 1905 2804 βαν-

1118 2810 1233 2846 ρύτατον
1249 2810 1354 2839 κελεύει
1371 2812 1418 2838 τοῦ
1436 2812 1573 2847 τραχήλου
1587 2812 1689 2849 ταύτης
1709 2813 1903 2849 ἑξαρτηθῆναι,

1119 2858 1229 2894 ῥιφῆναι
1244 2858 1272 2885 δὲ
1292 2859 1376 2894 αὐτὴν
1390 2859 1460 2886 κατά
1471 2859 1518 2885 τοῦ
1535 2859 1658 2894 ποταμοῦ
1671 2859 1823 2896 Τιϐέριδος.
1833 2860 1903 2887 ’Δλλυ
