2060 3153
242 148 290 179 ὕίη

870 151 1013 182 MENSIS
1033 133 1246 182 DECEMBER.

1767 142 1860 178 7692

240 201 329 228 exsilii
349 205 495 231 terminum
511 213 624 241 magnus
637 208 788 242 apostolus,
802 213 829 234 et
843 208 961 235 insulam
978 217 1011 242 ap

1077 215 1182 242 φουσιν,
1200 209 1239 239 είς
1254 207 1384 242 εὐνομίαν
1400 215 1428 234 τε
1454 206 1663 242 μεταϐάλλουσι.
1690 205 1735 231 καὶ
1755 205 1787 238 τῇ
1811 205 1859 230 εὺ-

240 247 395 281 prchcndit.
431 249 489 276 Non
519 251 599 286 longo
627 253 801 286 postmodum
832 258 955 287 tempore
981 254 1020 279 in-

1076 254 1169 289 σεϐείᾳ
1191 253 1371 281 συντίθενται.

239 294 344 322 sulares
367 302 534 325 servatorem
561 307 593 326 ac
621 305 766 334 patronum
792 300 896 328 dumut
922 301 1035 327 lonitrui
1057 300 1194 334 lilium,et
1215 301 1248 328 ad
1280 301 1438 336 aequitatem
1452 304 1603 329 transeunt.
1621 304 1735 332 seseque
1753 296 1787 324 ad
1801 295 1858 331 pie-

240 345 265 366 ta
271 345 324 367 tem
338 348 518 376 componunt.

274 387 316 414 ιν.
336 387 430 423 itaque
453 397 515 416 eum
541 389 585 417 hic
607 395 681 418 esset
707 392 858 426 apostolus.
885 397 914 419 et
936 392 1023 419 admi-

238 433 341 460 randus
357 434 503 469 Dionysius
524 435 610 462 ferme
632 435 686 471 jam
707 436 854 471 nonaginta
879 441 951 464 esset
974 445 1023 463 an-

238 487 349 512 norum,
364 487 396 507 ex
421 480 536 508 Athenis
561 481 659 509 scribit
688 483 712 510 ei
740 483 767 510 in
793 484 867 511 hunc
892 483 1021 510 modum:

238 525 320 552 Tuam
340 527 427 553 saluto
441 535 546 554 sacram
564 528 693 559 animum,
710 528 813 561 dilecte,
839 533 864 556 et
885 530 934 556 erit
960 530 1023 556 mihi

238 571 266 597 iri
285 572 444 606 peculiarius
458 581 513 607 pne
530 573 629 600 multis.
650 573 728 601 Salve
741 575 831 610 igitur,
847 583 905 602 uere
919 575 1022 602 Christo

239 617 345 644 dilecte.
368 617 576 653 Consequenter
599 624 690 646 autem
715 620 798 648 etiam
832 621 890 648 haec
925 621 1019 648 addit:

239 661 308 695 Quid
324 663 509 691 admirandum
528 665 551 691 si
570 663 688 692 Christus
716 674 806 693 verum
826 666 969 701 loquatur.
996 671 1022 693 et

239 709 324 742 iniqui
350 709 488 743 discipulos
504 718 518 737 ε
539 711 684 738 civitatibus
715 711 868 746 expellant,
898 713 949 747 ipsi
972 712 1022 739 sibi

239 753 303 787 ipsis
318 754 448 789 condigna
464 755 656 789 dialribuentex,
673 760 698 782 et
722 758 876 784 exsecrandi
890 766 907 784 a
923 759 1022 785 sanctis

237 805 265 824 se
291 803 458 834 segregatum
482 808 513 827 ac
539 801 718 836 "parantes?
742 802 844 829 Deinde
871 802 954 830 etiam
988 803 1021 830 ad

238 843 328 877 ipsum
349 844 431 872 linem
447 846 570 880 epistolae
588 846 645 875 hac
667 847 702 875 de
725 848 826 876 futuris
851 849 1019 877 subscribit:

239 889 353 916 Omnino
368 891 437 918 enim
454 891 507 924 [ide
522 892 617 927 dignus
633 901 703 925 sum,
720 894 819 928 inquit.
838 898 866 921 ut
882 896 953 929 quia
968 895 1021 922 Deo

238 935 372 964 didicerim
384 945 443 972 qua:
451 938 553 966 decreta
568 944 629 966 sunt
644 945 672 966 ut
688 941 733 966 tibi
746 942 910 975 contingunt,
927 946 951 968 et
963 941 1020 968 dico

238 982 317 1009 etiam
335 983 405 1018 quod
430 982 578 1012 liberandus
587 985 622 1012 si:
643 994 657 1012 ε
674 985 792 1013 custodia
806 995 859 1022 qua
876 987 902 1013 in
924 988 1019 1014 Patma

235 1029 359 1060 servaris,
375 1033 399 1056 et
414 1030 442 1056 in
459 1029 605 1058 Asiaticum
622 1035 722 1058 terram
747 1040 911 1065 reuersurus,
932 1033 1019 1067 ibique

236 1073 354 1107 facturus
367 1074 428 1101 boni
443 1074 490 1102 Dei
503 1075 662 1104 imitatione:
674 1081 700 1103 et
719 1077 758 1104 Itis
771 1079 816 1112 qui
828 1083 853 1106 te
875 1083 1018 1114 aequentur

235 1119 399 1147 traditiones.
424 1120 477 1148 Sed
492 1120 549 1149 haec
567 1122 678 1157 quidem
697 1125 868 1157 postmodum
885 1132 936 1152 suo
950 1129 1018 1152 tem-

233 1171 301 1198 pore
313 1166 498 1201 contigerunt,
517 1175 548 1194 ac
562 1169 708 1196 terminum
726 1170 832 1203 accepit
853 1170 1015 1197 vaticinium

235 1210 480 1245 (quemadmodum
497 1212 523 1239 in
537 1214 717 1247 sequentibus
731 1221 821 1241 sermo
843 1215 1018 1244 manifestare

233 1257 369 1292 poterit);
390 1265 452 1285 cum
465 1259 520 1294 jam
538 1259 694 1294 Dionysius.
718 1260 769 1287 sub
789 1260 951 1294 Domitiano,
968 1270 1018 1296 pro

232 1301 342 1330 Christo
357 1303 439 1330 vitam
463 1304 594 1338 martyrio
615 1304 730 1332 ﬁnisset.
752 1304 818 1338 Quia:
838 1311 903 1333 sunt
924 1314 1016 1335 autem

233 1347 304 1376 facta
323 1353 386 1383 post
402 1349 480 1376 hac?
494 1349 647 1376 Domitiano
663 1358 697 1376 ex
716 1350 875 1378 hominibus
896 1351 1015 1384 sublato,

231 1394 322 1422 Nerva
335 1395 362 1422 in
375 1395 490 1431 imperio
505 1397 637 1424 succedit:
652 1402 680 1424 et
695 1397 884 1426 condemnatis
902 1399 929 1426 in
944 1401 1017 1427 exsi-

232 1440 310 1472 lium,
326 1445 453 1475 tanquam
474 1441 608 1477 benignus
622 1447 650 1469 et
675 1443 822 1476 humanus,
837 1444 921 1471 donat
938 1453 1016 1472 revo-

232 1484 380 1510 cationem.
397 1484 453 1511 Nec
466 1487 551 1512 multo
565 1491 625 1520 post
645 1492 768 1521 tempore
793 1487 928 1522 Trajanus
953 1497 1014 1518 sce-

232 1533 292 1564 ptra
318 1528 438 1557 Romana
467 1530 593 1567 suscipit.
612 1537 640 1560 et
661 1534 837 1561 consecutive
865 1534 1014 1563 humanum

231 1576 376 1605 conﬁrmat
398 1577 529 1610 edictum.
559 1586 692 1607 revocans
712 1587 761 1608 eos
791 1581 837 1616 qui
870 1581 897 1608 in
917 1582 1015 1610 exsilio

229 1626 321 1649 erant.
340 1622 478 1651 Venerunt
500 1632 566 1659 ergo
590 1629 619 1652 et
644 1626 672 1653 in
697 1626 812 1654 Patmon
841 1627 1014 1662 imperatoris

1110 389 1145 416 ΔΖ
1161 389 1295 417 Ἐνταῦθα
1321 389 1353 424 δὴ
1379 387 1426 415 οὖν
1455 387 1494 423 τῷ
1511 389 1652 421 durototh
1685 386 1859 420 τυγχάνοντι.

1074 436 1120 462 καὶ
1143 435 1157 461 ὁ
1176 435 1334 470 θαυμαστὸς
1350 434 1488 465 Διονύσιος
1504 434 1569 469 περι
1585 442 1637 459 που
1662 432 1692 459 τὸ
1718 433 1860 466 ὲννενηκο-

1075 481 1137 507 στὸν
1149 481 1199 515 ἥδη
1213 481 1263 514 τῆς
1282 480 1390 515 ἡλικίας
1411 479 1448 506 ὥν
1466 480 1536 511 ἔτος,
1551 479 1580 512 ἐξ
1595 478 1718 513 Ἀθηνῶν
1734 477 1860 503 ἐπιστέλ-

1075 526 1116 552 λει
1129 525 1219 552 τοιάδε
1231 533 1237 540 ·
1250 524 1466 559 Προσαγορεύω
1490 531 1548 551 σου
1564 523 1622 556 τὴν
1644 521 1727 555 ἱερὰν
1741 520 1858 555 ψυχὴν,

1072 570 1259 605 ὴταπημένε,
1294 570 1341 597 καὶ
1374 570 1461 597 ἔσται
1492 577 1543 603 μοι
1575 568 1664 595 τοῦτο
1688 568 1768 601 παρὰ
1792 567 1860 599 τοὺς

1073 616 1211 648 πολλοὺς
1248 616 1418 649 ίδιαίτερον,
1456 616 1544 648 Χαῖρε
1580 616 1706 646 τοίνυν,
1740 613 1860 646 άληθῶς

1072 661 1248 695 ήγαπημένε
1266 660 1394 694 Χριστῷ.
1412 660 1492 693 Ἑξῆς
1509 659 1538 686 δὲ
1560 659 1608 686 καὶ
1633 659 1723 686 ταῦτα
1747 659 1860 694 προστί-

1073 707 1135 742 θησι
1146 716 1153 723 ο
1168 708 1198 734 Τί
1209 707 1394 741 θαυμαστὸν,
1410 706 1509 740 λέγων,
1519 707 1546 732 εί
1562 705 1690 739 Χριστὸς
1705 705 1860 738 ἀληθεύει.

1072 753 1122 780 καὶ
1148 753 1220 786 τοὺς
1248 752 1382 788 μαθητὰς
1406 753 1433 778 οι
1455 751 1552 778 ἄδικοι
1573 751 1633 778 τῶν
1661 752 1781 778 πόλεων
1808 750 1860 782 ἐε-

1075 799 1273 832 ελαύνουσιν,
1287 798 1372 825 αὐτοὶ
1396 798 1432 825 τὰ
1448 798 1511 824 κατ’
1529 797 1620 830 ἀξίαν
1647 797 1767 830 ἑαυτοῖς
1784 797 1860 824 ἁπο-

1072 844 1227 879 νέμοντες,
1257 844 1306 871 καὶ
1332 843 1392 870 τῶν
1413 844 1506 878 ἁγίων
1535 844 1564 870 οι
1589 843 1709 877 ἐναγεῖς
1734 842 1860 870 ἀποδια-

1075 891 1272 925 στελλόμενοι
1295 890 1345 917 και
1367 889 1613 924 ἀποφυσῶν-τες
1628 887 1694 915 Εἶτα
1718 889 1765 915 καὶ
1791 889 1860 923 πρὶς

1073 937 1148 972 αὐτῷ
1164 937 1201 971 τῷ
1222 936 1271 971 τῆς
1288 936 1434 970 ἐπιστολῆς
1454 936 1525 962 τέλει
1557 935 1644 962 ταῦτα
1659 935 1707 961 καὶ
1723 935 1787 968 περὶ
1804 935 1859 960 τῶν

1074 982 1229 1017 μελλόντων
1245 981 1458 1016 ἐπισημαίνεται
1469 989 1477 996 ·
1497 981 1688 1013 Ἀξιόπιστος
1703 980 1768 1014 γὰρ,
1779 980 1857 1014 φησι,

1070 1027 1191 1060 πάντως
1206 1027 1264 1062 ειμι
1281 1026 1317 1053 τὰ
1329 1026 1564 1062 προεγνωσμένα
1577 1035 1626 1054 σοι
1639 1026 1688 1053 xal
1707 1026 1810 1060 μαθὼν
1824 1026 1859 1052 ἐκ

1071 1074 1146 1102 Θεοῦ
1160 1073 1209 1100 nul
1223 1073 1332 1108 λέγων,
1349 1073 1395 1100 ὅτι
1411 1073 1461 1100 καὶ
1475 1073 1532 1106 τῆς
1544 1073 1580 1100 ἐν
1596 1073 1702 1107 Πάτμῳ
1716 1071 1858 1107 φυλακῆς

1069 1120 1210 1155 ἀφεθήσῃ
1234 1119 1284 1146 καὶ
1299 1120 1342 1152 είς
1355 1119 1412 1153 τὴν
1429 1119 1583 1146 Ἀσιὰτιδα
1605 1118 1664 1153 γῆν
1683 1118 1856 1152 ἐπανήξεις,

1069 1166 1118 1194 καὶ
1143 1166 1266 1200 δράσεις
1288 1165 1354 1192 ἐκεῖ
1368 1165 1421 1192 τοῦ
1443 1165 1562 1199 ἀγαθοῦ
1586 1165 1662 1192 Θεοῦ
1688 1164 1856 1199 μιμήματα.

1070 1213 1118 1239 καί
1135 1212 1198 1245 τοῖς
1210 1211 1287 1246 μετὰ
1309 1211 1346 1238 σὲ
1369 1211 1571 1246 παραδώσεις.
1594 1210 1676 1238 Ἀλλὰ
1701 1210 1790 1237 ταῦτα
1807 1211 1858 1245 μὲν

1069 1257 1159 1294 χρόνῳ
1174 1257 1289 1291 ὕστερον
1306 1257 1399 1293 ἐξέϐη,
1412 1257 1460 1284 καὶ
1473 1256 1561 1293 πέρας
1575 1256 1654 1291 ἔσχεν
1666 1257 1683 1292 ἡ
1702 1257 1856 1292 πριρῤησις

1069 1305 1116 1340 (ὡς
1133 1307 1162 1331 ὲν
1177 1307 1233 1337 τοῖς
1253 1306 1319 1340 ἑξῆς
1341 1307 1354 1332 ὸ
1371 1306 1449 1340 λόγος
1462 1305 1632 1341 δηλώσειεν),
1649 1305 1698 1341 ήδη
1713 1305 1855 1332 Διονυσίου

1071 1351 1146 1385 παρὰ
1163 1351 1328 1385 Δομετιανοῦ
1357 1351 1397 1387 τῷ
1410 1352 1481 1387 ὑπὲρ
1509 1352 1629 1386 Χριστοῦ
1654 1352 1797 1386 μαρτυρίιμ
1814 1360 1856 1378 τε·

1068 1397 1238 1428 λειωοέντος.
1258 1397 1324 1423 Τίνα
1337 1397 1364 1424 δὲ
1379 1397 1413 1424 τὰ
1440 1398 1487 1424 ἐπὶ
1504 1397 1628 1431 eodem“
1646 1398 1812 1432 Δομετιανὸς
1825 1398 1855 1431 ἐξ

1067 1442 1230 1477 ἀνθρώπων,
1259 1443 1306 1469 καὶ
1320 1442 1443 1477 Negotia;
1460 1443 1509 1478 τὴν
1524 1444 1612 1479 ἀρχὴν
1623 1444 1786 1479 διαδέχεται.
1799 1445 1855 1475 τοῖς

1067 1486 1222 1522 ὑπερορίαν
1239 1488 1477 1522 καταγνωσθεῖσιν
1491 1486 1535 1516 οἷα
1558 1490 1748 1525 φιλάιορωπος
1766 1499 1854 1526 χειρι-

1067 1532 1182 1568 ζόμενος
1194 1534 1244 1568 τὴν
1258 1534 1419 1569 ἀνάκλησιν.
1439 1536 1477 1562 Οὐ
1494 1535 1597 1571 βραχὺς
1615 1536 1628 1562 ό
1644 1537 1674 1562 ὲν
1691 1536 1767 1571 μέσῳ
1792 1544 1854 1563 και-

1067 1579 1126 1616 ρὸς,
1145 1581 1191 1606 καὶ
1202 1580 1237 1607 τὰ
1254 1580 1400 1615 Ῥωμαίων
1417 1581 1545 1617 σκῆπτρα
1573 1582 1708 1616 Τραϊανὸς
1726 1582 1854 1617 ἀναδέχε-

1065 1635 1124 1661 ται,
1140 1627 1188 1653 καὶ
1202 1627 1357 1659 άκολοὺθως
1379 1628 1507 1663 ἱπικυροῖ
1523 1628 1554 1654 τὸ
1570 1628 1775 1663 φιλάνθρωπον,
1791 1629 1854 1660 τοὺς

230 1668 333 1700 edicta.
346 1669 423 1697 venit
435 1674 463 1697 et
474 1669 510 1698 ad
527 1671 660 1700 Joannem
680 1675 828 1701 revocatio.
843 1673 878 1701 Et
892 1673 938 1701 ille
952 1674 1015 1708 qui-

1068 1673 1098 1698 ὲν
1113 1673 1276 1708 ὑπερορίαις
1290 1673 1529 1708 ἀνακαλούμενος.
1547 1671 1619 1700 Ἦκε
1642 1673 1789 1709 τοιγαροῦν
1805 1674 1854 1700 καὶ

230 1714 292 1742 dem
310 1715 432 1743 decrevit
447 1717 575 1751 navigare
590 1718 616 1744 in
631 1717 769 1753 Ephesum
784 1727 792 1745 :
814 1726 899 1753 porro
912 1720 959 1754 qui
984 1720 1011 1747 in

230 1759 321 1786 insula
339 1764 419 1786 erant
441 1759 569 1788 dicebant
594 1768 629 1788 ne
648 1768 677 1789 se
698 1761 847 1793 desereret,
868 1761 916 1789 sed
942 1763 1012 1797 apud

230 1805 305 1840 ipsos
316 1809 499 1839 permaneret,
514 1813 569 1832 non
588 1806 668 1833 aliter
689 1814 771 1842 quam
795 1807 842 1842 qui
866 1807 938 1834 ferre
959 1815 1013 1835 non

229 1855 346 1885 possunt
358 1854 416 1878 uta
433 1850 478 1885 pio
494 1854 573 1885 patre
588 1851 823 1886 derelinquantur.
839 1851 909 1880 Hinc
919 1857 1012 1880 autem

229 1897 359 1927 lamenta.
380 1896 471 1924 luctus
487 1904 521 1924 ac
534 1897 669 1934 lacrymze.
685 1897 762 1931 Quis,
780 1897 919 1933 inquiunt,
935 1899 1014 1926 nobis

229 1947 308 1970 tuum
332 1943 453 1978 explebit
479 1943 626 1971 ordinem?
649 1944 699 1972 Cui
721 1951 787 1972 vero
810 1944 856 1972 tali
884 1945 955 1980 patri
982 1952 1014 1972 ac

227 1989 330 2024 pastori
342 1989 458 2024 subjecti
472 1996 533 2017 esse
543 1990 708 2024 poterimus?
717 1990 783 2025 quid
795 1990 936 2024 desiderii,
947 1991 1013 2027 quid

227 2033 344 2061 ﬂamma:
362 2042 395 2061 ex
411 2033 471 2068 ipso
489 2034 664 2069 procedentis
686 2035 814 2063 solatium
837 2035 987 2064 eﬂlciemus
1001 2037 1014 2063 ί

227 2077 295 2106 Cum
316 2085 406 2106 autem
419 2073 595 2115 persuadere
612 2088 667 2108 non
681 2085 794 2116 possent
820 2081 885 2109 dum
909 2083 1014 2117 suppli-

228 2129 324 2152 carent
344 2130 375 2152 ut
387 2125 476 2152 virum
488 2126 561 2160 apud
578 2134 608 2154 se
624 2127 786 2160 retinerent,
808 2127 938 2155 secunda:
961 2128 1014 2155 luit

228 2170 438 2205 supplicationis
451 2171 572 2206 initium,
584 2176 613 2200 et
626 2173 762 2201 secundas
781 2181 891 2201 rursum
909 2173 1014 2201 faciunt

227 2217 389 2251 petitiones,
405 2225 439 2245 ne
457 2222 544 2245 totum
561 2218 682 2254 seipsum
702 2219 834 2253 auferret,
850 2226 940 2254 neque
952 2219 1013 2247 uni-

227 2268 306 2289 versa
320 2262 439 2290 tristitiae
456 2264 527 2291 mole
550 2271 599 2291 eos
615 2265 783 2298 oll‘underet,
810 2265 859 2293 sed
894 2265 936 2293 vel
962 2258 1015 2300 pro-

227 2315 258 2335 re
272 2308 408 2340 umbram,
423 2316 499 2342 suos,
513 2309 635 2345 inquam,
655 2318 798 2339 sermones
815 2319 865 2346 pro
879 2319 918 2344 se,
939 2312 1011 2346 apud

1066 1718 1108 1750 εις
1126 1719 1237 1754 Πάτμον
1251 1720 1284 1746 τὰ
1300 1719 1434 1755 βασιλέως
1458 1720 1652 1755 οεσπίσματα⁸
1668 1718 1721 1757 ἧκε
1745 1721 1793 1747 καὶ
1813 1722 1853 1751 et;

1071 1762 1199 1798 Ἰωάννην
1221 1765 1382 1799 ἀνάκλησις.
1409 1765 1464 1792 Καὶ
1486 1766 1500 1792 6
1516 1766 1567 1800 μὲν
1602 1767 1758 1801 παραπλεῖν
1780 1766 1852 1800 ἔγνω

1064 1807 1114 1842 τὴν
1129 1807 1268 1843 Ἔφεσον·
1292 1809 1317 1835 οἱ
1342 1809 1370 1836 δὲ
1394 1810 1444 1845 τῆς
1464 1810 1548 1845 νήσου
1575 1810 1613 1845 μὴ
1635 1810 1767 1845 μεθήσειν
1793 1810 1854 1836 ἐλεο

1064 1862 1123 1887 γον,
1140 1854 1198 1880 ἀλλ’
1210 1855 1380 1888 ἀνθέξεσοαι,
1393 1855 1442 1890 οὐχ
1453 1853 1537 1891 ἦττον
1557 1856 1574 1889 ἢ
1598 1856 1779 1890 φιλοστόργου
1798 1864 1852 1881 πα-

1064 1901 1128 1936 τρὸς
1143 1901 1343 1936 ἀπολειφθῆναι
1382 1902 1419 1937 μὴ
1441 1902 1610 1937 ἀνεχόμενοι.
1629 1902 1670 1928 Τά
1683 1902 1710 1928 δὲ
1727 1901 1853 1928 ἐντεῦθεν

1065 1946 1175 1982 θρῆνος,
1190 1946 1316 1982 ὀδυρμοὶ,
1338 1948 1456 1984 δάκρυα.
1484 1948 1531 1979 Tt;
1556 1949 1623 1983 ἡμῖν
1637 1948 1688 1982 τὴν
1709 1949 1760 1982 σὴν
1781 1948 1852 1982 πλη-

1067 1994 1149 2030 ρώσει
1166 1995 1261 2028 τάξιν;
1280 1995 1332 2022 ὑπο
1348 1995 1399 2022 τινι
1417 1995 1446 2021 δὲ
1466 1996 1548 2031 ἡμεῖς
1564 1995 1676 2029 τοιούτῳ
1697 1996 1782 2030 πατρὶ
1802 1995 1850 2021 καὶ

1064 2041 1177 2076 ποιμένι
1191 2041 1355 2076 γενοίμεθα;
1372 2041 1404 2068 Τί
1422 2041 1470 2068 τοῦ
1488 2041 1583 2073 πόθου,
1604 2041 1632 2067 τί
1646 2041 1695 2076 τῆς
1717 2041 1746 2074 ἐξ
1767 2041 1851 2067 αὐτοῦ

1064 2083 1163 2118 φλογδς
1181 2085 1355 2120 παραμύθιον
1371 2085 1561 2120 ποιησόμεθα;
1583 2085 1628 2117 Ὠς
1638 2086 1666 2112 δὲ
1686 2086 1791 2112 πείθειν
1802 2085 1852 2112 οὐκ

1065 2127 1139 2165 εἶχον
1159 2127 1201 2162 οἷς
1224 2132 1271 2157 τὸν
1295 2131 1381 2166 ἄνδρα
1407 2132 1472 2166 παρ’
1492 2132 1598 2163 ἑαυτοῖς
1620 2131 1695 2167 ἔχειν
1715 2132 1849 2162 ίκέτενον.

1063 2176 1195 2211 δευτέρας
1215 2177 1357 2212 ἱκετηρίας
1376 2177 1459 2212 ἀρχὴ,
1488 2178 1535 2203 καὶ
1557 2177 1686 2212 δευτέρας
1712 2177 1794 2204 πάλιν
1811 2179 1853 2204 αἰ-

1063 2222 1159 2256 τήσεις
1175 2222 1329 2254 ποιοῦνται,
1359 2223 1396 2257 μὴ
1428 2223 1489 2248 ὅλον
1509 2223 1606 2249 ἑαυτὸν
1631 2223 1753 2256 ἀφελεῖν,
1783 2223 1850 2257 μηδλ

1063 2265 1154 2291 πᾶσαν
1169 2264 1260 2291 αὐτῶν
1285 2265 1422 2300 καταχέαι
1436 2265 1486 2301 τὴν
1500 2266 1632 2299 ἀθυμίαν,
1650 2265 1709 2291 ἀλλ’
1722 2266 1785 2292 ἀντὶ
1800 2266 1848 2292 τοῦ

1065 2310 1228 2345 πράγματος
1249 2310 1298 2345 τὴν
1339 2310 1431 2343 σκιὰν,
1467 2311 1531 2341 τοὺς
1555 2310 1638 2337 αὑτοῦ
1661 2310 1759 2344 λόγους
1792 2311 1851 2337 ἀνθ’

227 2353 302 2389 ipsos
327 2355 506 2389 relinqueret,
533 2362 565 2383 ac
586 2357 745 2391 mysterium
769 2357 842 2392 quod
866 2357 937 2392 apud
962 2366 1013 2386 nos

1067 2355 1178 2388 ἑαυτοῦ,
1191 2357 1273 2391 φημὶ,
1290 2356 1356 2391 παρ’
1369 2355 1486 2387 ἐκείνοις
1514 2356 1690 2389 καταλιπεῖν,
1713 2357 1762 2383 καὶ
1781 2356 1850 2382 ὑπο-

226 2401 329 2428 lactum
344 2404 387 2428 est
401 2400 537 2429 universa:
553 2401 765 2436 dispensationis
786 2402 888 2430 Christi
905 2403 1011 2431 descri-

226 2445 315 2473 beret.
330 2445 409 2473 Cedit
424 2445 509 2481 igitur
528 2446 638 2474 illorum
655 2447 792 2482 petitioni,
809 2448 864 2475 imo
877 2448 950 2476 cedit
964 2456 1013 2483 po-

226 2492 283 2520 tius
294 2492 417 2527 paternis
431 2492 596 2525 viscoribus,
609 2492 711 2527 quibus
726 2493 771 2520 hic
783 2501 847 2529 erga
862 2494 936 2528 ipsos
948 2500 1011 2522 ute-

226 2538 307 2566 batur
329 2547 336 2565 :
365 2538 519 2574 przesertim
541 2546 604 2566 cum
633 2546 751 2574 superna
776 2539 951 2567 Providentia
974 2540 1010 2568 ita

225 2584 407 2619 disposuisset
421 2584 571 2612 multorum
585 2585 702 2613 salutem
719 2593 751 2613 ac
773 2585 913 2621 Evangelii
940 2594 1010 2621 pra-

224 2631 401 2660 dicationetu.
416 2631 450 2659 Et
465 2631 583 2666 primum
600 2631 711 2667 quidem
727 2632 787 2667 ipse
801 2632 936 2668 jejunium
956 2633 1009 2661 sibi

225 2678 353 2712 imperat,
375 2677 488 2713 jejunus
512 2677 571 2713 ipse
603 2685 636 2706 ac
664 2678 863 2713 propemodum
896 2686 1011 2714 corpore

224 2723 375 2751 exhaustus
387 2744 396 2755 .
422 2724 538 2760 aliisque
560 2724 613 2752 hoc
633 2724 723 2760 ipsum
739 2725 886 2752 constituit
902 2732 934 2752 ac
945 2725 1010 2753 abs-

225 2769 369 2796 tinentiam
385 2777 399 2796 a
413 2770 503 2796 malis.
529 2770 563 2798 Et
587 2770 638 2798 hos
660 2770 771 2805 quidem
798 2771 825 2798 in
844 2771 890 2798 tali
917 2771 1009 2806 quiete

225 2813 366 2848 relinquit.
389 2814 524 2842 Caterqu
550 2823 635 2842 unum
653 2815 798 2850 quemdam
816 2823 831 2843 e
857 2821 961 2851 septem
980 2824 1008 2844 sc

223 2861 302 2895 sequi
317 2860 405 2895 jubet,
423 2861 578 2889 Proehorus
599 2861 643 2890 hic
666 2867 736 2896 crat,
757 2867 785 2890 ut
811 2863 868 2897 ipsc
893 2863 1003 2896 quidem

1065 2401 1191 2428 τυπῶσαι
1207 2403 1237 2428 τὸ
1250 2402 1311 2428 καθ’
1324 2403 1399 2436 ἡμᾶς
1415 2401 1465 2436 τῆς
1486 2402 1550 2437 ὅλης
1565 2401 1612 2428 τοῦ
1629 2401 1752 2438 Χριστοῦ
1773 2402 1850 2429 οἰκοο

1063 2447 1160 2479 νομίας
1175 2448 1335 2482 μυστήριον.
1357 2447 1432 2473 Εῖκει
1453 2446 1598 2482 τοιγαροῦν
1617 2447 1650 2482 τῇ
1677 2447 1790 2473 ἐκείνων
1806 2446 1850 2472 αι-

1061 2492 1139 2527 τήσει
1151 2501 1158 2508 ’
1176 2492 1278 2526 μᾶλλον
1300 2493 1328 2518 δὴ
1343 2493 1400 2524 τοῖς
1413 2494 1558 2528 πατρικοῖς
1578 2492 1648 2519 εἴκει
1667 2492 1846 2527 σπλάγχνοις,

1061 2536 1102 2568 οἷς
1118 2538 1182 2573 περὶ
1199 2539 1298 2570 αὐτοὺς
1315 2535 1392 2570 οὗτος
1406 2539 1541 2574 ἐκέχρητο
1554 2559 1562 2571 ,
1592 2538 1679 2570 ἄλλως
1693 2547 1722 2564 τε
1738 2538 1786 2565 καὶ
1800 2538 1849 2572 τῆς

1063 2586 1197 2620 Προνοίας
1210 2585 1317 2612 ἄνωθεν
1330 2585 1379 2620 τὴν
1392 2585 1447 2612 τῶν
1461 2585 1567 2612 πολλῶν
1590 2585 1730 2620 σωτηρίαν
1755 2586 1802 2612 καὶ
1819 2585 1850 2611 τὸ

1062 2632 1112 2660 τοῦ
1133 2631 1302 2666 Εὑαγγελίου
1320 2633 1453 2666 κήρυγμα
1476 2631 1564 2662 οὕτως
1581 2631 1847 2666 οίχονομησαμένης.

1061 2681 1117 2707 Καὶ
1140 2679 1236 2714 πρῶτα
1266 2679 1316 2713 μὲν
1347 2679 1455 2705 ἀσιτίαν
1490 2677 1580 2713 ἑαυτῷ
1617 2677 1805 2712 παραγγέλλει
1835 2678 1850 2704 ὁ

1062 2725 1155 2756 ἄσιτος
1174 2723 1274 2759 μικροῦ
1290 2724 1336 2750 καὶ
1350 2724 1514 2759 ἀσώματος·
1531 2725 1587 2755 τοῖς
1611 2723 1639 2750 δὲ
1663 2723 1755 2754 ἄλλοις
1781 2724 1848 2750 αὐτό

1066 2779 1095 2797 τε
1114 2770 1203 2803 τοῦτο,
1217 2771 1264 2797 καὶ
1279 2771 1328 2805 τὴν
1345 2769 1399 2797 τῶν
1421 2770 1513 2796 κακῶν
1535 2769 1710 2804 ἀλλοτρίωσιν
1724 2769 1848 2795 ὑποτίθε-

1063 2826 1116 2843 ται.
1135 2817 1186 2843 Καὶ
1206 2817 1268 2848 τοὺς
1283 2817 1334 2851 μὲν
1354 2816 1384 2842 ἐν
1399 2817 1431 2851 τῇ
1445 2815 1559 2851 τοιαύτῃ
1576 2814 1735 2842 καταλείπει
1749 2815 1842 2849 σλολῇτ

1063 2864 1110 2890 ἕνα
1136 2863 1162 2890 δέ
1194 2872 1251 2889 τινα
1276 2863 1328 2889 τῶν
1351 2862 1432 2896 ἑπτὰ,
1457 2861 1594 2897 ῐῐρόχορος
1614 2858 1701 2894 οὗτος,
1732 2862 1845 2887 ἕπεται
