2060 3153
262 154 316 185 599

873 149 1016 179 MENSIS
1038 148 1133 177 DECE
1139 147 1251 177 MBER.

1835 140 1889 171 700

260 213 338 239 snlit.
367 212 451 238 Porro
479 210 562 236 miser
593 209 638 236 ille
666 213 779 242 accepto
807 215 913 234 veneno
940 207 1052 234 domum

1109 203 1229 238 φροντίσι
1241 203 1346 233 διπλαῖς
1362 201 1551 236 μεριζόμενος,
1566 199 1612 226 καὶ
1627 199 1675 225 νῦν
1691 199 1739 232 μὲν
1752 199 1807 226 τοῖς
1824 199 1888 232 τῇδε

261 256 342 284 redit.
372 256 439 282 (Eum
466 254 549 280 variis
573 258 664 280 autem
690 253 798 280 luctans
825 252 1048 287 cogitationibus,

261 301 390 334 curisque
405 299 565 334 duplicibus
584 298 682 325 anxius
699 307 705 324 :
722 303 751 324 et
764 304 837 324 nunc
854 296 965 330 quidem
983 303 1051 330 prae—

261 346 387 374 sentibus
410 344 639 372 delectationibus
668 343 806 378 hujusque
829 342 893 369 vita:
917 341 1051 376 concupi-

263 393 366 420 sccntia
389 393 514 423 allectus,
535 397 608 417 nunc
625 397 690 416 Vero
712 389 907 416 faeneratorum
930 387 1054 414 multitu-

263 440 367 468 dinem.
380 439 503 473 aliasque
514 445 546 465 ex
559 436 709 472 indigentia
723 435 902 471 procedentes
914 434 1053 462 molestias

265 484 456 515 considerans,
477 483 586 510 medius
606 482 695 509 stabat
715 481 788 507 inter
812 485 962 507 extremam
986 486 1053 505 con-

265 531 319 559 silii
348 530 480 566 inopiam.
508 528 651 563 Siquidem
685 534 748 554 eum
782 525 815 552 ad
847 525 955 552 dulcem
983 524 1055 551 hanc

265 578 354 604 lucem
382 574 558 610 respiciebat,
581 580 718 600 venenum
757 570 922 606 respuebat;
944 568 1054 604 quando

265 630 333 650 vero
356 622 390 649 ad
415 622 638 649 circumstantem
662 618 783 652 undique
806 620 966 652 egestatem,
992 615 1054 642 ani-

267 676 368 703 moque
393 666 559 694 insidentem
593 665 777 696 anxietatem,
803 670 900 690 ausum
929 661 1056 689 sumebat

265 714 397 742 adversus
416 716 544 740 mortem.
559 711 656 739 Victus
674 715 767 738 tamen
784 714 827 736 est
843 716 858 736 a
875 708 1054 740 necessitate;

267 765 295 788 et
318 764 348 786 ut
369 758 434 786 hinc
458 758 623 785 liberaretur
641 764 655 783 a
672 754 815 786 molestiis,
839 753 922 789 elegit
942 753 976 780 ab
998 753 1056 787 ipsa

267 805 321 832 vita
348 803 469 831 liberari.
497 803 621 836 Denique
646 800 736 827 infuso
754 806 870 831 veneno,
893 803 1057 832 sumptoque

267 850 398 878 extremis
425 848 517 884 digitis
545 851 669 879 cratere,
700 845 920 881 quandoquidem
949 844 1057 870 animus

267 895 301 923 ad
330 895 355 922 id
386 902 440 922 non
466 891 633 924 accedebat,
659 890 707 918 sed
734 890 829 917 timide
855 889 1001 917 admodum
1026 896 1055 916 se

267 940 396 972 habebat,
426 939 557 972 intusque
583 936 634 963 sibi
658 943 707 962 cor
723 935 852 963 continue
878 933 1054 969 palpitabat:

269 985 380 1012 tandem
401 983 493 1011 crucis
511 981 652 1017 signaculo
676 979 840 1008 Christianis
862 984 993 1006 consueto
1010 985 1055 1004 ve-

267 1038 369 1058 nenum
401 1028 563 1063 consignat,
590 1027 737 1060 statimque
766 1025 813 1052 ubi
843 1024 944 1051 clausis
969 1024 1057 1051 oculis

267 1075 390 1105 bibisset,
417 1074 454 1109 (ο
483 1079 608 1106 magnam
638 1078 671 1097 ac
698 1070 901 1102 admirandam,
927 1068 1055 1100 Christe,

268 1126 341 1149 tuam
367 1117 557 1155 potentiaml)
582 1117 683 1143 illaesus
709 1115 879 1151 permansit,
905 1122 987 1141 cruce
1010 1122 1056 1140 ve-

267 1174 340 1194 neno
364 1172 442 1192 suam
464 1163 575 1190 tollente
600 1162 665 1188 vim.
686 1160 754 1188 Cum
776 1164 867 1187 autent
891 1159 973 1186 simili
997 1166 1056 1185 rur-

268 1220 329 1239 sum
355 1211 518 1238 nccessilate
536 1208 750 1242 opprimeretur,
773 1210 801 1232 et
823 1205 858 1231 ab
881 1204 947 1238 ipsis
968 1204 1055 1231 credi-

269 1258 375 1285 toribus
401 1256 587 1284 obsideretur,
618 1252 793 1285 animamque
823 1250 936 1277 haberct
971 1249 1056 1284 priori

271 1309 434 1338 oppressam
459 1299 597 1333 inopia,et
611 1305 670 1332 qua:
692 1297 764 1323 omni
786 1295 866 1322 modo
888 1299 1024 1329 quaereret
1043 1302 1058 1320 e

268 1347 450 1383 praesentibus
464 1345 674 1374 liberationem,
689 1341 905 1369 labefactabatur
919 1345 1009 1367 tamen
1024 1340 1057 1366 ad

269 1393 435 1422 sumendum
460 1392 746 1420 alterum‘venenum,
767 1392 795 1415 et
816 1387 850 1414 ad
874 1392 989 1413 mortem
1011 1393 1058 1413 ac.

270 1439 368 1466 cedere
386 1436 540 1464 recusabat.
557 1435 656 1462 Verum
681 1441 741 1460 cum
764 1440 779 1460 e
802 1432 984 1467 praesentibus
1005 1439 1057 1458 non

270 1483 434 1510 liberaretur
463 1480 693 1510 dillicultatibus,
725 1478 835 1514 gravius
865 1484 927 1505 esse
957 1477 1058 1503 malum

270 1527 397 1562 judit'aus
412 1527 509 1553 iterata
522 1526 604 1553 etiam
619 1530 717 1555 morte,
730 1523 835 1550 accedit
847 1522 880 1549 ad
893 1521 1057 1550 veneﬁcum.

270 1580 439 1607 rursumque
463 1573 497 1599 ab
522 1572 570 1598 illo
599 1571 687 1606 poscit
710 1569 785 1596 aliud
812 1568 1008 1603 pharmacum,
1030 1572 1059 1594 ut

272 1620 374 1646 malum
389 1618 460 1645 malo
474 1617 643 1648 mederetur,
657 1623 716 1642 cum
731 1615 755 1642 id
769 1614 841 1649 quod
858 1614 934 1649 prius
947 1620 1059 1647 accepe-

271 1672 324 1696 rat,
343 1664 410 1691 nihil
427 1663 461 1690 ad
481 1663 509 1689 id
529 1662 602 1697 quod
621 1668 732 1688 necesse
752 1665 812 1687 erat
829 1659 937 1686 tulisset
952 1659 1058 1689 auxilii,

272 1715 366 1744 utpote
380 1717 429 1736 sua
443 1714 540 1735 natura
566 1706 634 1734 illud
651 1706 797 1732 vincente:
813 1712 875 1732 nam
889 1704 916 1730 id
940 1704 1060 1739 impedi-

271 1761 364 1783 mento
381 1755 465 1782 fuisse
479 1754 578 1780 veneni
593 1752 723 1779 ellicacia:
737 1752 853 1778 demens
871 1751 990 1784 dicebat,
1005 1759 1059 1778 non

272 1800 430 1835 intelligens
449 1807 560 1827 crucem
576 1798 662 1826 fuisse
675 1805 736 1832 quae
753 1797 799 1824 hic
817 1804 933 1824 munem
955 1797 1036 1823 abstu
1049 1811 1057 1816 -

273 1846 360 1877 lisSet,
386 1852 447 1879 quae
467 1844 550 1872 etiam
574 1847 656 1870 antea
679 1847 835 1876 serpentem
851 1842 930 1877 longe
947 1841 999 1869 hoc
1014 1849 1061 1868 ve-

273 1898 346 1917 neno
367 1889 553 1924 potenliorem
576 1889 735 1916 sustulerat.
759 1887 853 1922 Itaque
877 1887 1061 1923 prwstigiator

273 1937 319 1963 ille
350 1943 382 1963 ac
410 1935 563 1967 veneﬁcus,
594 1940 623 1962 et
651 1935 708 1969 ipse
725 1934 865 1969 pbarmaci
892 1934 1060 1961 debilitatem

272 1982 417 2013 damnans,
441 1981 516 2008 aliud
537 1981 589 2016 ipsi
613 1980 731 2016 porrigit
752 1981 825 2015 quod
854 1981 946 2014 priore
974 1981 1061 2007 multo

272 2026 411 2054 ellicacius
430 2030 499 2053 erat.
514 2025 640 2059 Cumque
666 2032 775 2051 rursum
793 2024 906 2051 domum
931 2023 1062 2057 venissa,

272 2080 305 2100 ac
321 2072 387 2099 illud
406 2072 546 2099 bibiturus
560 2076 644 2104 esset,
660 2078 724 2098 cum
740 2070 826 2105 priori
843 2071 941 2097 timore
955 2074 982 2097 et
998 2077 1062 2105 ago-

273 2121 328 2150 nia,
344 2118 557 2153 duplicibusque
574 2118 630 2145 illis
643 2117 833 2145 anxietatibus
848 2117 1019 2149 luctabatur,
1034 2121 1063 2144 et

273 2163 375 2192 sudore
390 2164 514 2198 undique
527 2163 740 2191 circumﬂuebat
755 2171 787 2190 ac
801 2163 945 2190 tremebat.
958 2162 1062 2190 Deinde

1101 250 1226 284 τερπνοῖς
1242 268 1249 279 ,
1275 250 1322 275 tta‘t
1345 249 1378 283 τῇ
1407 248 1457 281 τῆς
1486 245 1625 279 παρούσης
1652 245 1725 279 ζωῆς
1755 243 1890 277 ἐπιθυμίᾳ.

1103 294 1276 328 θελγόμενος,
1309 293 1357 320 νῦν
1389 293 1417 318 δὲ
1444 292 1474 318 τὸ
1494 291 1547 318 τῶν
1573 290 1687 317 δανείων
1711 289 1811 324 πλῆθος
1843 290 1891 314 καὶ

1103 340 1186 368 τᾶλλα
1195 340 1229 366 τὰ
1240 340 1271 365 ὲκ
1293 339 1342 373 τῆς
1358 339 1461 369 ἐνδείας
1474 337 1591 372 δυσχερῆ
1606 335 1803 370 attendite-.04,
1819 336 1891 367 ἁμη-

1103 385 1202 420 χανίας
1221 386 1303 420 μέσος
1318 385 1436 419 ἐσχάτης
1450 383 1553 409 ἵστατο,
1570 383 1635 409 Ὅτε
1649 382 1696 415 μὲν
1708 382 1762 416 γὰρ
1779 381 1846 416 πρὸς
1858 382 1889 406 τὸ

1104 431 1190 466 γλυκῦ
1206 431 1286 457 τοῦτο
1301 430 1359 465 φῶς
1377 429 1499 461 ἀπεῖδεν,
1515 429 1687 461 ἀπεγίνωσκε
1705 427 1752 453 τοῦ
1775 427 1888 462 φαρμά-

1104 486 1154 504 xw
1167 485 1174 492 '
1191 478 1235 504 ὅτε
1251 477 1280 503 δὲ
1307 476 1375 511 πρὸς
1391 475 1439 510 τὴν
1452 475 1640 509 περιεστῶσαν
1662 473 1796 500 πάντοθεν
1821 475 1890 499 ἁπο-

1107 523 1179 558 ρίαν,
1210 523 1262 549 καὶ
1287 522 1337 557 τὴν
1360 522 1552 556 ὲγκαθημένην
1579 522 1611 555 τῇ
1637 521 1709 554 ψυχῇ
1743 520 1889 554 μέριμναν,

1106 569 1261 604 κατετόλμα
1275 570 1324 603 τῆς
1341 568 1481 601 τελευτῆς.
1501 567 1596 601 Ὅμως
1611 566 1714 599 ἡττήθη
1740 566 1790 598 τῆς
1804 563 1889 597 ἀνάγ-

1106 625 1168 650 κης,
1185 615 1232 643 καὶ
1254 615 1326 645 ὅπως
1339 613 1394 640 τῶν
1409 612 1537 639 ἐντεῦθεν
1563 611 1734 645 ἀπαλλαγείη
1759 610 1891 643 ἀνιαρῶν,

1108 664 1155 690 καὶ
1174 661 1262 696 αὐτῆς
1289 660 1479 694 ἀπαλλαγῆναι
1502 659 1552 694 τῆς
1576 659 1648 692 ζωῆς
1663 658 1761 685 εἵλετο.
1781 657 1892 692 Ἀμέλει

1108 709 1155 735 καὶ
1180 707 1211 734 τὸ
1226 708 1370 741 ςὰρμακον
1396 705 1506 740 ἐγχέας,
1537 704 1585 731 καὶ
1600 703 1696 738 ἄκροις
1721 703 1771 737 τὴν
1792 703 1892 728 κύλικα

1108 754 1250 785 δακτύλοις
1279 753 1381 785 λαϐὼν,
1413 752 1527 786 ἐπείπερ
1542 752 1559 786 ὴ
1577 751 1651 786 ψυχὴ
1665 750 1739 786 αὐτῷ
1762 751 1792 778 οὒ
1805 757 1893 784 προσ-

1110 801 1164 827 ίετο
1179 821 1187 834 ,
1218 800 1286 827 ἀλλὰ
1304 800 1351 826 καὶ
1369 799 1471 834 σφόδρα
1487 797 1542 833 εἶχε
1559 797 1702 832 περιδεῶς,
1722 797 1769 823 καὶ
1783 795 1893 830 συνεχὲς

1108 847 1182 874 ἔνδον
1197 847 1214 881 ὴ
1242 846 1343 880 καρδία
1369 845 1519 876 ὲπάτασσε,
1536 844 1613 875 τέλος
1638 844 1687 878 τὴν
1708 842 1810 878 συνήθη
1826 842 1895 876 Χρι-

1110 894 1228 924 στιανοῖς
1244 892 1291 918 τοῦ
1306 891 1423 926 σταυροῦ
1441 890 1577 925 σφραγῖδα
1592 889 1630 925 τῷ
1647 889 1786 923 φαρμάκῳ
1797 889 1893 914 διατυ-

1109 938 1214 970 πώσας,
1228 939 1275 965 καὶ
1294 937 1458 972 καταμύσας
1475 936 1568 968 εὐθὺς,
1583 936 1632 961 καὶ
1642 935 1723 966 πιὼν,
1738 933 1770 969 (ὣ
1782 934 1831 967 τῆς
1847 942 1895 968 με-

1109 986 1196 1021 γάλης
1208 986 1256 1012 καὶ
1269 985 1429 1019 θαυμαστῆς
1442 992 1499 1016 σου,
1510 982 1623 1018 Χριστὲ,
1637 982 1777 1015 δυνάωςμε
1788 983 1806 1014 !)
1824 982 1895 1007 ἁπα-

1110 1033 1160 1068 θὴς
1176 1033 1267 1067 ἔμενε,
1284 1031 1330 1057 τοῦ
1350 1029 1467 1065 σταυροῦ
1483 1029 1532 1064 τὴν
1550 1028 1596 1055 τοῦ
1613 1029 1763 1063 φαρμάκου
1780 1028 1895 1061 δύιαμιν

1109 1079 1262 1110 ἀνελόντος.
1285 1078 1329 1109 Ὠς
1346 1076 1374 1103 δὲ
1389 1078 1423 1112 τῇ
1435 1077 1516 1112 ὁμοίᾳ
1532 1076 1579 1103 καὶ
1595 1075 1673 1106 αὖθις
1687 1075 1793 1110 ἀνάγκῃ
1805 1075 1896 1101 συνεί-

1109 1134 1182 1161 χετο,
1192 1125 1302 1155 καὶτοῖς
1310 1124 1401 1153 αὐτοῖς
1416 1123 1567 1152 δανεισταῖς
1577 1122 1636 1147 ἐπὶ)
1644 1131 1685 1156 ι·ρ
1705 1123 1772 1154 εἰτο,
1785 1122 1832 1147 καὶ
1845 1122 1895 1154 τὴν

1109 1171 1197 1207 ψυχὴν
1207 1170 1281 1197 οὐδὲν
1290 1168 1371 1205 ἦττον
1383 1167 1439 1204 εἶχε
1447 1170 1480 1203 τῇ
1490 1168 1612 1204 προτέρα.
1620 1168 1786 1202 πιεζομένην
1795 1166 1894 1202 ἐνδείᾳ,

1111 1218 1156 1244 καὶ
1170 1216 1333 1250 ἀπαλλαγὴν
1355 1215 1403 1251 μὲν
1416 1216 1448 1242 ὲκ
1460 1215 1560 1246 παντὸς
1571 1216 1672 1250 τρόπου
1682 1215 1736 1241 τῶν
1754 1217 1895 1249 παρέντων

1111 1262 1306 1296 ἐπιζητοῦσαν,
1323 1261 1494 1291 ὀκλάζουσαν
1512 1260 1540 1286 δὲ
1560 1260 1626 1294 πρὸς
1641 1259 1768 1294 δεύτερον
1783 1268 1813 1293 φ¹
1824 1268 1894 1293 ρέα-

1111 1317 1159 1335 κον
1170 1309 1218 1335 καὶ
1234 1307 1303 1343 πρὸς
1321 1308 1368 1333 τον
1385 1307 1499 1333 θάνατον
1513 1306 1709 1342 ἁναδυομέ-ιην,
1728 1305 1797 1332 ἀλλὰ
1811 1306 1840 1332 τὸ
1857 1306 1894 1340 μὴ

1110 1355 1165 1380 τῶν
1189 1355 1218 1379 ὲν
1242 1354 1321 1388 χερσὶ
1344 1353 1484 1388 δυσχερῶν
1514 1352 1729 1388 ὲλευθερωθῆναι
1746 1351 1896 1387 βαρύτερον

1111 1396 1181 1426 εἶναι
1198 1399 1283 1424 κακὸν
1295 1399 1342 1424 καὶ
1360 1399 1444 1425 αὐτοῦ
1459 1399 1540 1425 πάλιν
1556 1399 1670 1425 θανάτου
1689 1400 1795 1433 κρίνας,
1807 1399 1895 1433 πρίσ-

1112 1454 1163 1472 εισι
1199 1444 1238 1480 τῷ
1264 1445 1353 1479 γόητι.
1371 1444 1427 1471 Καὶ
1443 1442 1523 1476 αὖθις
1550 1445 1646 1480 ἐκείνῳ
1661 1445 1709 1471 καὶ
1732 1444 1796 1471 ἄλλο
1813 1444 1896 1470 πάλιν

1112 1490 1181 1516 αἰτεῖ
1197 1490 1354 1523 φάρμακον,
1373 1489 1451 1523 κακῷ
1468 1489 1499 1515 τὸ
1521 1489 1606 1515 tu.be
1626 1489 1754 1524 ἰώμενος,
1774 1485 1818 1515 οἷα
1846 1489 1895 1515 τοῦ

1071 1544 1093 1575 C
1112 1534 1296 1570 προλαϐόντος
1310 1534 1385 1561 οὐδὲν
1408 1535 1476 1570 πρδς
1490 1534 1540 1570 τὴν
1557 1535 1652 1570 χρείαν
1667 1535 1826 1570 ὀνήσαντας,
1847 1535 1896 1562 ἇτι

1108 1580 1160 1614 τῆς
1187 1579 1296 1614 φύσεως
1332 1578 1417 1605 αὑτοῦ
1453 1579 1679 1615 περιγενομένης.
1709 1579 1817 1614 Ταύτην
1841 1579 1897 1614 γὰρ

1100 1624 1237 1660 ,ὲμποδὼν
1267 1624 1396 1658 γενέσθαι
1425 1625 1457 1659 τῇ
1487 1624 1533 1650 τοῦ
1553 1625 1702 1659 φαρμάκου
1729 1624 1857 1660 ἐνεργείᾳ
1881 1627 1896 1651 ὀ

1113 1671 1227 1705 μάταιος
1243 1669 1330 1703 ἔλεγε,
1350 1669 1386 1704 μὴ
1403 1669 1515 1701 συνιεὶς,
1530 1669 1572 1696 ὃτι
1583 1669 1699 1704 σταυρὸς
1711 1666 1746 1703 ἦν
1757 1669 1896 1696 κάνταῦθα

1111 1717 1157 1742 τὸν
1173 1715 1290 1742 θάνατον
1301 1714 1434 1749 ἀναιρῶν,
1451 1715 1465 1741 ό
1477 1715 1525 1740 καὶ
1538 1715 1584 1740 τὸν
1601 1715 1691 1749 πολλῷ
1706 1715 1802 1741 τούτου
1817 1715 1897 1742 δυνα-

1111 1762 1227 1795 τώτερον
1253 1761 1316 1795 ὅφιν
1344 1761 1467 1788 καθελὼν
1492 1761 1636 1796 πρότερον.
1658 1761 1686 1788 '0
1712 1761 1779 1795 γόης
1804 1762 1896 1788 τοίνυν

1112 1807 1216 1836 ἐκεῖνος
1227 1805 1274 1832 καὶ
1287 1806 1433 1840 φαρμακὶς
1449 1805 1603 1841 ἄνθρωπος,
1619 1806 1666 1832 τοῦ
1680 1807 1827 1841 φαρμάκου
1848 1810 1898 1833 καὶ

1112 1849 1192 1880 αὐτὸς
1210 1850 1353 1876 ἀσθένειαν
1367 1851 1529 1882 καταγνοὺς,
1546 1851 1674 1885 δεύτερον
1691 1851 1786 1886 ὀρέγει
1796 1851 1896 1886 τούτῳ,

1112 1896 1162 1922 τοῦ
1180 1895 1315 1931 προτέρου
1334 1896 1424 1932 πολλῴ
1442 1896 1669 1932 δραστικώτερον.
1691 1897 1735 1929 Ὠς
1749 1898 1777 1924 δὲ
1789 1899 1836 1924 καὶ
1847 1899 1898 1926 πά-

1111 1943 1152 1968 λιν
1167 1942 1238 1969 οἶκοι
1268 1943 1425 1977 γενόμενος,
1443 1945 1491 1969 καὶ
1519 1943 1608 1970 πίνειν
1623 1943 1689 1970 αὐτὸ
1710 1944 1831 1976 μέλλων,
1854 1944 1896 1978 τῷ

1112 1986 1236 2021 προτέρῳ
1250 1985 1304 2012 δέει
1317 1985 1365 2011 καὶ
1379 1987 1411 2021 τῇ
1430 1987 1534 2021 ἀγωνίᾳ
1558 1988 1604 2013 καὶ
1618 1989 1678 2017 ταῖς
1693 1988 1803 2019 διπλαῖς
1817 1990 1893 2014 ἐκεί-

1112 2040 1170 2062 ναις
1187 2032 1327 2066 φροντίσιν
1343 2032 1468 2064 ὲπάλαιε,
1485 2033 1533 2058 καὶ
1549 2033 1642 2068 ἱδρῶτι
1661 2034 1831 2068 πανταχόθεν
1851 2043 1898 2059 πε-

1114 2079 1262 2113 ριερρεῖτο,
1276 2078 1324 2103 καὶ
1335 2077 1490 2112 ὑπότρομος
1504 2076 1548 2111 ἦν,
1561 2076 1622 2104 εἶτα
1635 2079 1683 2105 καὶ
1699 2080 1732 2114 τῇ
1749 2080 1797 2105 τοῦ
1813 2088 1897 2106 σταυ-

1114 2123 1162 2158 ρ(ιῦ
1179 2123 1309 2157 σφραγῖδι
1336 2123 1458 2157 συνήθως
1483 2124 1689 2159 ὲπισφραγίσας
1707 2125 1757 2160 τὴν
1787 2125 1899 2156 κύλικα,

1113 2168 1161 2195 καὶ
1175 2168 1257 2201 πιὼν,
1275 2167 1361 2195 κακοῦ
1386 2168 1495 2202 ἀπαθὴς
1522 2166 1556 2203 ἦν
1574 2169 1627 2200 ἔτι,
1650 2169 1832 2204 ἐξεπλήττετο
1849 2171 1900 2205 μὲν

274 2209 320 2236 ubi
333 2216 444 2236 rursum
462 2213 595 2236 consueto
611 2209 704 2236 crucis
716 2208 857 2243 signaculo
870 2208 984 2235 calicem
995 2215 1058 2235 con-

1115 2214 1161 2240 καὶ
1177 2214 1268 2246 αὐτὸς,
1287 2215 1438 2249 συμϐαλεῖν
1464 2215 1513 2248 τὴν
1543 2215 1634 2242 αἰτίαν
1654 2215 1715 2242 οὐδε
1744 2215 1833 2250 ἔχων·
1852 2217 1900 2243 καὶ

273 2255 409 2290 signasset
427 2263 459 2282 ac
477 2255 606 2286 bibisset,
633 2255 733 2282 iterum
766 2255 867 2282 illaesus
892 2255 1060 2289 permansit;

275 2300 389 2335 ipseque
399 2299 544 2334 obstupuit
557 2307 622 2327 sane
637 2307 698 2327 cum
711 2307 823 2326 causam
836 2300 993 2335 conjectare
1005 2307 1060 2326 non

273 2350 388 2381 posset;
407 2353 439 2373 ac
457 2346 557 2372 mirum
576 2345 604 2372 in
621 2345 733 2372 modum
750 2345 951 2379 desperationis
966 2345 1063 2372 stimu-

273 2390 309 2418 lis
330 2390 506 2425 jactabatur:
533 2389 657 2416 nondum
677 2391 751 2416 enim
775 2390 929 2425 intelligere
953 2395 1062 2424 poterat

273 2435 347 2471 quod
364 2436 455 2463 crucis
466 2435 588 2463 ellicacia
602 2440 674 2463 esset
688 2444 748 2471 qua:
761 2437 858 2463 veneni
871 2437 944 2463 vires
957 2437 1062 2464 exstin-

273 2486 382 2517 gueret.
398 2481 524 2517 Cumque
540 2482 623 2509 homo
644 2482 728 2509 animi
743 2483 876 2518 angustia:
893 2490 926 2510 ac
948 2483 1061 2509 calami-

275 2533 362 2556 tatum
383 2528 480 2563 pelago
502 2528 662 2562 immersus,
677 2536 729 2556 nec
741 2529 784 2555 vel
811 2529 952 2561 paululum
967 2529 1000 2555 ad
1018 2537 1063 2555 sa~

275 2574 381 2601 niorem
397 2579 516 2601 mentem
532 2573 634 2605 redire,
651 2581 702 2601 nec
717 2582 747 2600 ea
762 2583 834 2609 quae,
849 2579 879 2600 ut
892 2576 982 2605 aiunt,
999 2581 1062 2602 ante

276 2621 360 2656 pedes
376 2625 456 2648 erant
471 2627 640 2655 cognoscere
659 2625 771 2655 posset:
799 2621 864 2648 hinc
885 2621 983 2648 iterato
1007 2621 1064 2648 abit

276 2666 310 2694 ad
329 2666 484 2699 llebrtcum,
510 2671 540 2694 et
558 2666 654 2694 eadem
671 2675 732 2702 quae
756 2668 831 2702 prius
854 2667 975 2702 exponit.
995 2667 1063 2694 Cum

277 2718 369 2740 autem
387 2717 413 2740 et
435 2713 481 2740 ille
509 2718 704 2740 consternatus
724 2718 807 2746 esset,
831 2714 969 2748 longoque
996 2718 1064 2741 tem-

280 2765 345 2792 pore
373 2765 456 2792 super
471 2765 503 2785 ca
531 2766 561 2785 re
585 2758 702 2785 consilio
725 2759 942 2791 destitueretur,
965 2759 1064 2787 deinde

278 2804 361 2830 ctiam
377 2811 486 2831 causam
501 2804 620 2839 aliquant
647 2804 855 2839 deprehendere
871 2810 985 2840 cuperet
999 2813 1064 2840 pro-

279 2853 339 2884 pter
353 2857 433 2883 quam
449 2850 475 2877 in
493 2857 596 2877 veneno
613 2850 697 2877 falsus
717 2856 788 2878 esset
806 2851 875 2886 (ipsc
893 2852 965 2878 enim
980 2859 1060 2878 vene-

1112 2259 1206 2291 δεινῶς
1222 2261 1276 2290 τοῖς
1292 2260 1340 2293 τῆς
1357 2259 1513 2293 ἀμηχανίας
1525 2259 1649 2294 κέντροις
1668 2259 1807 2286 ἐϐάλλετο.
1818 2260 1901 2288 Οὐδέ-

1113 2314 1157 2331 πω
1172 2305 1226 2340 γὰρ
1254 2305 1371 2331 συνιδεῖν
1385 2303 1457 2340 ε’ίχεν
1474 2305 1512 2336 ὡς
1535 2306 1552 2340 ὴ
1569 2305 1615 2332 τοῦ
1636 2305 1756 2340 σταυροῦ
1774 2307 1900 2342 ἐνέργεια

1113 2349 1146 2386 ἦν
1157 2352 1173 2386 ἡ
1187 2351 1378 2378 ἁποοϐεν-ιῦσα
1395 2351 1442 2377 τοῦ
1455 2351 1603 2386 φαρμάκου
1614 2351 1666 2386 τὴν
1687 2351 1802 2386 δύναμιν
1815 2372 1824 2385 ,
1853 2353 1900 2380 ἆν-

1114 2396 1221 2430 θρωπος
1236 2396 1273 2429 τῷ
1284 2396 1332 2430 τῆς
1344 2396 1463 2430 ἀθυμίας
1481 2395 1595 2429 πελάγει
1613 2397 1659 2423 καὶ
1672 2396 1711 2432 τῷ
1726 2397 1779 2423 τῶν
1795 2406 1901 2433 συμφο-

1117 2443 1169 2477 ρῶν
1182 2442 1394 2477 βαπτιζόμενος,
1407 2442 1454 2468 καὶ
1470 2441 1538 2477 μηδὲ
1551 2442 1687 2477 ἀνανῆψαι
1704 2443 1813 2478 μικρὸν,
1831 2445 1901 2479 μηδὲ

1114 2488 1168 2515 τῶν
1184 2489 1213 2513 ἐν
1229 2489 1307 2513 ποσὶν
1333 2487 1473 2513 αἰσθέσθαι
1500 2487 1648 2522 δυνάμενος
1661 2496 1667 2503 ·
1689 2488 1766 2516 ἐνθεν
1792 2497 1834 2516 τοι
1853 2491 1901 2518 καὶ

1117 2533 1192 2567 παρὰ
1208 2533 1252 2558 τὸν
1274 2533 1399 2567 Ἐὕραῖιιν
1415 2534 1508 2559 ἄπεισι
1535 2534 1582 2559 καὶ
1597 2534 1688 2566 αὐθις,
1707 2536 1754 2561 καὶ
1768 2536 1803 2561 τὰ
1830 2536 1900 2563 αὺτὰ

1115 2581 1170 2610 τῖς
1189 2580 1322 2614 πρότερον
1337 2580 1514 2612 ἀπαγγέλλει.
1530 2579 1582 2605 Tui
1599 2580 1637 2609 δὲ.
1655 2580 1703 2606 καὶ
1718 2580 1802 2607 αὐτοῦ
1816 2590 1901 2608 κατα-

1116 2625 1285 2658 πλαγέντος,
1314 2626 1360 2650 καί
1385 2626 1468 2650 πολὺν
1493 2626 1589 2659 χρόνον
1616 2626 1662 2652 ἐπὶ
1690 2627 1727 2661 τῷ
1755 2629 1900 2662 πράγματι

1117 2672 1350 2706 ὁιαπορουμὲνου,
1373 2671 1431 2697 εἶτα
1454 2674 1500 2698 καί
1522 2681 1585 2698 τινα
1606 2673 1733 2707 φωρᾶσαι
1755 2673 1902 2708 ζητοῦντος

1116 2718 1217 2750 αἰτίαν,
1236 2717 1270 2743 δι’
1298 2717 1332 2752 ἢν
1347 2716 1435 2748 οὕτως
1457 2718 1586 2752 ἁστοχοίη
1604 2720 1632 2744 τὸ
1658 2719 1803 2753 φάρμακον
1824 2721 1901 2754 (γόης

1117 2764 1172 2798 γὰρ
1188 2764 1291 2794 ἐκεῖνος
1305 2766 1352 2789 καὶ
1365 2763 1399 2789 τὰ
1414 2763 1526 2790 τοιαῦτα
1546 2765 1694 2800 τεχνίτης),
1714 2766 1787 2796 ὅπως
1809 2774 1838 2791 τε
1855 2766 1901 2791 καὶ

1117 2809 1176 2835 τίνα
1191 2809 1292 2844 τρόπον
1315 2809 1354 2840 είς
1370 2809 1419 2843 τὴν
1432 2809 1522 2836 οἰκίαν
1537 2810 1583 2835 τοῦ
1599 2811 1742 2844 ἶ;αρμςὶκου
1760 2813 1901 2846 μεταλαμ-

1119 2853 1194 2881 ϐάνοι
1211 2854 1280 2881 κατὰ
1304 2855 1386 2889 μέρος
1401 2854 1504 2881 ἓκαπτα
1519 2855 1722 2883 διεπυνθάνετο.
1741 2856 1783 2887 Ὡς
1794 2856 1832 2888 δὲ,
1851 2856 1902 2882 00-
