2060 3153
168 142 218 173 701

725 140 815 170 VlTA
835 142 866 170 S.
889 139 1050 170 JOANNIS
1069 141 1208 171 EVANG.

1735 142 1790 173 702

167 201 210 228 δὲν
222 199 313 231 πλέον,
332 194 421 231 οὔτθ’,
437 199 475 230 εἰς
490 198 540 233 τὴν
551 199 641 225 οἰκίαν
657 199 852 234 ἀφικνούμενος
865 198 949 232 πράτ-

1005 196 1071 223 ficus
1087 201 1147 224 erat
1171 201 1197 223 et
1211 197 1367 232 hujn~mmli
1385 206 1474 224 rerum
1500 198 1620 231 artifex).
1637 207 1691 234 quo
1706 206 1787 234 pacto

167 254 251 280 τοιμι¹
265 245 329 279 ἔφη,
344 244 413 279 πλὴν
427 245 468 270 ὅτι
478 244 510 279 δὴ
525 246 558 279 τῇ
578 245 671 271 κύλικι
685 245 782 280 ἐγχέας
794 245 824 271 cs
838 245 950 278 φάρμα-

167 300 224 322 κον,
251 288 311 316 εἶτα
338 289 386 316 καὶ
420 290 507 325 μικρά
536 290 669 322 ὀκλάσας,
692 291 740 316 καὶ
766 291 873 325 ἀγωνίᾳ
900 290 950 323 τὴν

166 336 280 372 καρδίαν
304 335 482 368 διασεισθεὶς,
503 335 543 371 τῷ
559 336 607 362 τοῦ
621 336 744 371 σταυροῦ
771 336 890 370 σημείῳ,
907 333 950 362 οἷα

166 384 198 418 δὴ
213 382 336 418 συνήθως
349 383 524 417 Χριστιανοῖς
539 383 612 417 φιλεί
625 382 761 417 γίνεσθαι,
775 383 820 410 διὰ
835 383 884 417 τὴν
896 382 951 408 δει-

165 430 222 456 λίαν
240 429 290 464 τὴν
310 429 413 456 κύλικα
435 429 668 464 σφραγισάμενος,
699 429 747 456 καὶ
775 429 863 464 μύσας
889 428 952 458 τοὺς

163 475 322 510 ὀφθαλμοὺς
336 474 416 501 τοῦτο
432 475 552 510 πίνοιμι·
570 475 608 506 ὡς
626 475 705 510 μόνον
721 474 841 510 σταυροῦ
854 474 952 509 κλῆσιν

165 522 284 548 ἐνταῦθα
298 522 312 548 ό
334 521 461 556 Ἐδραῖος
476 521 614 554 ἀκούσειε,
631 524 749 556 συνῆκεν
775 520 856 552 εὐθὺς
882 520 952 555 ὅπερ

163 565 208 602 ἦν,
227 568 274 593 τδν
292 567 409 602 σταυρὸν
424 565 496 593 εἶναι
513 567 558 593 τὸν
576 567 739 601 ἀναιροῦντα
766 565 814 592 τοῦ
840 565 953 600 φαρμά-

164 622 213 640 κου
231 612 282 648 τὴν
295 612 423 647 δύναμιν.
440 613 500 639 Ἰνα
514 613 542 639 δὲ
560 612 597 648 μὴ
619 612 685 648 ψιλὴ
695 612 726 638 τὸ
738 613 856 648 πρᾶγμα
872 613 952 647 μόνον

164 658 301 694 ὑπόληψις
317 656 346 695 ᾗ.
359 659 406 685 καὶ
425 658 543 690 πίστεως
554 659 639 686 δεῖταί
659 667 742 690 τινος.
761 659 814 684 Καί
829 667 883 685 τινι
897 658 953 685 τῶν

163 703 252 730 κυνῶν
265 704 373 730 ἐκείνου
390 703 524 737 μεταδοὺς
541 702 588 730 τοῦ
608 703 771 738 φαρμάκου,
785 702 882 729 τοῦτον
904 702 953 736 μὲν

163 750 275 784 ἀναιρεῖ
299 749 420 776 αὐτίκα·
457 749 471 775 6
499 748 623 784 Ἐϐραῖος
647 749 675 775 δὲ
702 750 801 783 μηκέτι
823 748 953 774 πλειόνων

160 793 272 828 δεηθεὶς
288 794 465 826 ἀποδείξεων,
492 795 541 829 τὴν
562 795 679 830 πάτριον
695 794 896 829 ἐξομοσάμενος
910 794 953 820 αῖ-

163 848 252 875 ρεσιν,
268 841 303 874 τῇ
321 839 438 875 ἀληθείᾳ
455 840 644 875 προστίθεται.
666 840 722 866 Καὶ
733 839 814 866 τοῦτο
841 839 952 873 πρῶτον

162 886 275 921 ἀναιρεί
303 885 354 920 τὴν
370 886 479 920 ἀπάτην
496 905 504 918 ,
530 885 578 912 καὶ
607 884 757 920 φάρμακον
778 884 816 916 ὡς
843 884 950 919 ἀληθῶς

160 932 271 966 γίνεται
284 932 324 968 τῷ
338 932 502 967 κεχρημένῳ
516 932 620 966 τρόπον
633 931 738 966 ἕτερον,
752 932 802 965 τῆς
814 931 952 966 προτέρας

159 979 271 1006 ἐκείνου
291 979 420 1014 γοητείας
437 978 522 1012 φανὲν
536 978 713 1013 δηλητήριον,
734 979 886 1013 τεκμήριον
903 979 953 1012 τῆς

161 1024 319 1059 μιταὸολῆς
329 1025 432 1051 ίκανόν.
448 1024 578 1058 Πρόσεισι
589 1023 628 1058 τῷ
637 1023 684 1050 τοῦ
697 1023 817 1058 Χριστοῦ
831 1023 951 1058 μαθητῇ.

157 1070 198 1106 τῷ
214 1071 271 1098 τῶν
293 1070 480 1106 πλανωμένων
508 1069 609 1104 ὁδηγῷ.
631 1069 671 1104 Τῇ
695 1068 878 1103 πολυφθόγγῳ
904 1068 952 1095 τοῦ

157 1117 324 1152 Πνιύματος
356 1117 488 1150 σάλπιγγι
515 1116 692 1150 καταμηνύει
715 1115 765 1150 τὴν
793 1115 951 1149 ἐπιϐουλὴν,

156 1161 271 1196 ἐλέγχει
289 1161 339 1196 τὴν
361 1161 466 1194 ἄνοιαν,
483 1160 644 1196 δημοσιεύει
663 1162 693 1186 τὸ
720 1161 838 1195 πονηρὸν
863 1161 953 1186 ἐκεῖνο

158 1207 327 1242 μυστήριον,
352 1206 517 1241 θριαμϐεύει
543 1206 592 1241 τὴν
617 1206 665 1240 τῆς
690 1206 827 1240 προτέρας
843 1206 952 1240 ἀπάτης

156 1250 318 1278 ἀσθένειαν.
353 1252 383 1278 '0
398 1251 426 1277 δὲ
445 1253 492 1278 καὶ
509 1251 616 1286 δέχεται
641 1251 799 1285 προσιόντα,
829 1251 876 1276 καὶ
903 1251 952 1285 τὴν

157 1288 313 1330 μετάνοιαν
340 1298 459 1329 ἐπαινεῖ,
491 1297 538 1322 καὶ
565 1297 762 1331 παραινέσεσιν
793 1296 876 1322 αὑτὸν
902 1297 951 1322 καὶ

156 1342 330 1377 συμϐουλαῖς
342 1342 534 1377 ἀσφαλίζεται.
555 1340 620 1368 Εἶτα
631 1343 678 1369 καὶ
691 1343 828 1378 ἀναγεννᾷ
843 1342 888 1368 διὰ
902 1342 950 1368 τοῦ

156 1390 361 1426 βαπτίσματος,
377 1390 424 1417 καὶ
436 1390 476 1425 τῷ
491 1390 544 1416 τῶν
558 1390 628 1416 ὅλων
645 1388 794 1416 οἰκειοῦται
815 1390 948 1425 Δεσπότῃ.

155 1437 246 1463 Ἀλλὰ
261 1436 314 1471 μὴν
333 1436 394 1462 οὐδὲ
408 1436 456 1463 τὸν
468 1436 507 1470 τῷ
528 1435 646 1471 Ἑϐραίῳ
662 1436 710 1471 τῆς
736 1435 890 1471 μεταϐολῆς
905 1437 949 1463 αἰ-

157 1492 218 1509 τιον
237 1483 251 1509 ὁ
263 1483 311 1518 τῆς
329 1483 422 1518 κοινῆς
450 1482 592 1518 οἰκονόμος
613 1484 752 1518 σωτηρίας
766 1483 837 1509 οὕτω
855 1484 949 1515 κακῶς

1002 246 1029 268 et
1044 242 1071 268 in
1088 250 1169 276 quem
1184 243 1295 270 modum
1311 244 1355 269 ubi
1377 243 1489 270 domum
1505 244 1632 273 rediisset
1648 253 1787 274 venenum

1002 288 1150 322 acciperet,
1179 289 1304 316 minutim
1334 297 1382 323 per
1397 290 1504 324 singula
1521 291 1719 326 interrogabat.
1738 292 1788 321 Hic

1003 338 1094 360 autem
1112 333 1217 365 :Nibil,
1246 334 1346 368 inquit.
1362 334 1435 361 aliud
1456 343 1507 370 ago
1530 336 1641 363 domum
1663 338 1788 371 veniens,

1002 387 1084 414 quam
1098 380 1171 414 quod
1190 380 1279 407 infuso
1291 380 1391 407 cratcri
1403 389 1519 414 veneno,
1533 382 1632 410 deinde
1645 385 1786 417 paululum

1003 425 1089 452 etiam
1116 426 1307 459 labefactatus,
1335 432 1362 454 et
1385 427 1523 455 anxietate
1552 428 1580 455 in
1608 429 1692 457 corde
1719 438 1788 457 con-

1003 478 1113 503 cussus,
1130 472 1220 499 crucis
1233 472 1322 507 signo,
1339 477 1368 499 ut
1383 473 1455 507 quod
1468 481 1482 500 a
1494 473 1660 501 Christianis
1675 483 1707 502 ex
1723 484 1790 503 con-

1003 518 1149 544 suetudine
1167 518 1225 545 fieri
1241 519 1321 549 solet.
1340 525 1452 554 propter
1469 521 1595 548 timorem
1613 522 1698 549 calice
1715 523 1790 549 obsi-

1003 568 1096 599 gnato,
1112 564 1200 591 oculis
1217 565 1318 592 clausis
1331 565 1398 592 illud
1415 566 1489 593 bibo.
1504 567 1554 595 Ubi
1565 568 1684 601 primum
1699 569 1790 596 erucis

1004 617 1105 637 nomen
1120 610 1165 637 hic
1175 611 1297 638 audisset
1313 611 1451 643 Hebraeus,
1466 612 1601 641 intellexit
1612 615 1703 641 statim
1715 616 1789 650 quod

1003 661 1073 688 erat,
1089 664 1188 691 nempe
1202 664 1310 684 crucem
1324 665 1385 684 esse
1402 666 1463 692 quae
1485 659 1538 686 vim
1557 660 1665 688 tolleret
1678 662 1788 689 veneni.

1004 700 1090 728 Porro
1119 710 1151 728 ne
1176 710 1220 730 res
1249 703 1327 730 nuda:
1358 704 1446 730 solum
1479 704 1596 732 brereret
1625 707 1789 741 suspicioni.

1004 747 1149 781 quamdam
1165 743 1382 783 etiam'requirit
1396 749 1476 776 fidem
1491 758 1497 776 :
1516 750 1624 778 cuidam
1641 751 1715 779 illius
1727 753 1787 779 cani

1006 792 1105 818 tradito
1120 800 1236 824 veneno,
1255 793 1329 821 hunc
1348 795 1478 828 protinus
1495 795 1640 823 interimit.
1657 795 1789 824 Hebrwus

1007 843 1099 865 autem
1116 838 1206 866 nullas
1220 839 1339 874 amplius
1362 841 1507 874 requirens
1526 841 1789 874 demonstrationes,

1005 885 1129 919 ahjurata
1145 885 1232 919 patria
1249 890 1323 913 secta
1343 885 1377 913 ad
1401 886 1546 913 veritatem
1561 888 1678 914 accedit.
1706 888 1788 923 quue

1005 930 1122 964 primum
1146 930 1217 957 tollit
1240 938 1375 963 errorem,
1397 936 1425 959 et
1448 939 1584 959 venenum
1614 933 1639 960 ei
1664 934 1711 968 qui
1735 934 1789 960 alio

1004 975 1086 1001 modo
1103 982 1169 1002 usus
1191 975 1293 1008 fuerat,
1318 983 1382 1004 vere
1399 976 1572 1005 mortiferum
1589 983 1729 1006 ostensum
1747 985 1790 1006 est

1004 1022 1106 1056 prioris
1126 1021 1252 1049 veneficii
1282 1022 1380 1058 ipsius,
1407 1024 1515 1058 signum
1540 1025 1702 1052 mutationis
1729 1026 1788 1053 ido-

1004 1075 1098 1094 neum.
1113 1068 1225 1096 Accedit
1250 1068 1284 1096 ad
1309 1068 1411 1096 Christi
1435 1069 1613 1104 discipulum,
1630 1071 1729 1098 ducem
1746 1080 1790 1098 er-

1003 1113 1134 1141 rantium.
1146 1114 1232 1142 Tubae
1245 1116 1382 1142 variarum
1393 1115 1507 1150 spiritus
1521 1117 1672 1151 linguarum
1690 1119 1790 1146 ment's

1002 1166 1165 1196 conceptum
1190 1162 1303 1195 indicat,
1327 1163 1420 1198 arguit
1442 1163 1638 1198 insipientiam.
1665 1164 1790 1191 Publicat

1003 1215 1115 1241 pravum
1133 1207 1198 1234 illud
1212 1209 1388 1243 mysterium,
1402 1210 1559 1237 manifestat
1571 1210 1672 1245 prioris
1687 1211 1791 1240 erroris

1003 1253 1255 1282 inscnsibililatem.
1272 1255 1357 1283 Porro
1377 1256 1422 1283 ille
1436 1260 1463 1283 et
1480 1257 1656 1284 accedentem
1673 1258 1790 1292 suscipit

1001 1305 1029 1326 et
1040 1300 1133 1327 laudat
1146 1301 1378 1335 resipisccntiam,
1390 1302 1536 1337 ipsumque
1548 1303 1788 1331 adhortationibus

1001 1346 1090 1372 nmnit
1104 1353 1136 1373 ac
1153 1347 1288 1374 consiliis.
1309 1347 1413 1375 Deinde
1436 1353 1465 1376 et
1484 1349 1648 1383 baptismate
1673 1358 1788 1385 regene-

1001 1396 1054 1425 rat,
1071 1397 1096 1419 et
1110 1393 1301 1420 universorum
1322 1394 1438 1421 Domino
1456 1395 1595 1422 conciliat.
1620 1396 1721 1423 Verum
1739 1404 1789 1424 ne-

1000 1445 1053 1472 que
1066 1440 1222 1466 communis
1234 1440 1330 1467 salutis
1345 1440 1520 1475 dispensator
1535 1451 1596 1470 eum
1610 1443 1656 1478 qui
1676 1442 1789 1471 Hebraeo

1003 1483 1091 1510 fuerat
1106 1485 1214 1511 occasio
1229 1485 1400 1518 mutationis,
1430 1487 1464 1514 ita
1482 1488 1551 1515 male
1577 1488 1722 1516 habentem
1741 1497 1790 1517 nc-

156 1529 262 1563 ιχοντα
277 1528 424 1563 περιεῖδεν·
458 1529 526 1555 ἀλλά
542 1529 592 1564 τὴν
608 1529 699 1555 αἰτίαν
716 1529 809 1563 μαθὼν
823 1529 883 1564 ἣτις
899 1530 949 1556 αὺ-

1002 1529 1083 1565 glexit
1098 1539 1105 1557 :
1121 1531 1167 1557 sed
1185 1539 1266 1559 causa
1281 1534 1386 1566 υυίςιιίιτι
1400 1541 1460 1567 qua:
1475 1533 1563 1568 ipsum
1580 1535 1612 1561 ad
1630 1534 1656 1561 id
1673 1535 1788 1570 periculi

154 1574 205 1601 τὸν
224 1575 267 1606 εἰς
282 1574 363 1601 τοῦτο
387 1574 511 1601 κινδύνου
526 1574 626 1610 ἤγαγε,
643 1575 689 1600 καὶ
706 1575 739 1601 δι’
755 1575 788 1609 ἢν
811 1574 883 1601 ἑκὼν
901 1575 949 1601 καὶ

155 1621 250 1656 αὐτῆς
266 1621 366 1652 ἀθλίως
378 1621 600 1657 ἀποστερηθῆναι
611 1621 661 1656 τῆς
679 1621 751 1655 ζωῆς
768 1620 878 1655 ἔμελλε,
893 1629 948 1647 παι-

154 1669 272 1704 τρικαῖς
284 1676 313 1694 τι
325 1668 406 1694 αὑτὸν
420 1667 539 1702 ὁμιλίαις
564 1667 763 1701 ἀναλαμῦἁνει,
788 1668 838 1694 καὶ⁵
863 1676 947 1694 κατα-

155 1713 303 1741 πεσοῦσαν
316 1713 369 1749 ἡδη
384 1713 433 1748 τὴν
449 1712 555 1739 ἐκείνου
576 1713 665 1748 ψυχὴν
683 1713 804 1746 ἀνορθοϊ,
834 1716 879 1740 καὶ
900 1714 950 1749 τὴν

156 1760 286 1795 ἀθυμίαν
296 1758 421 1786 ἐκϐάλλει
442 1760 490 1784 καὶ
506 1759 555 1793 τὴν
567 1759 734 1792 ἀπόγνωσιν.
756 1755 824 1785 Εἶτα
839 1758 886 1785 καὶ
900 1759 949 1793 τὴν

153 1808 204 1834 διὰ
222 1806 281 1832 τῶν
293 1805 382 1840 ἔργων
392 1805 494 1838 ἐπάγει
507 1804 694 1839 παράκλησιν,
712 1804 883 1839 ἱργάσασοαι
902 1807 949 1832 καὶ

157 1852 246 1879 τοῦτο
273 1851 386 1882 δυνατὸς
402 1850 450 1877 ὢν.
467 1850 578 1885 Ἐπειδὴ
595 1850 647 1886 γὰρ
669 1851 703 1885 τῇ
719 1858 749 1876 τε
775 1850 829 1876 τῶν
859 1851 949 1884 χρεῶν

155 1900 324 1934 ἀπαιτήσει,
341 1898 388 1924 καὶ
400 1899 433 1932 τῇ
445 1897 500 1924 τῶν
513 1897 671 1930 ἀναγκαίων
686 1896 774 1932 ἐνδείᾳ
786 1896 948 1931 πιεζόμενον

160 1946 254 1973 αὑτὸν
271 1942 336 1975 εἶδε,
351 1944 400 1971 καὶ
414 1943 458 1972 διὰ
476 1942 559 1969 τοῦτο
573 1944 620 1969 καὶ
646 1943 731 1978 αὐτὴν
745 1942 846 1974 ἀθλίως
862 1952 948 1970 κατα-

159 1992 333 2028 προῖέμινον
346 1991 395 2026 τὴν
411 1989 495 2025 ζωὴν,
514 1989 540 2015 τί
558 1990 648 2019 ποιεῖς
666 1988 720 2015 Καὶ
750 1989 878 2015 σκοπεῖτέ
904 1998 950 2024 μοι

153 2038 281 2066 ἐνταῦθα
300 2037 401 2063 ὁποίων
425 2036 530 2066 ἐκεῖνος
556 2035 611 2062 τῶν
637 2036 818 2070 χαρισμάτων
832 2035 946 2070 ἠξίωτο,

154 2087 255 2119 Ὅπερ
268 2084 324 2118 γὰρ
342 2082 400 2117 μετ’
423 2081 506 2108 αὑτοῦ
522 2081 656 2116 πρότερον
668 2083 682 2108 ὁ
697 2081 800 2116 Πέτρος
816 2082 846 2108 τὸ
873 2082 948 2117 ἰερὸν

152 2129 258 2157 εἰσιὼν
274 2129 345 2155 κατά
357 2127 407 2162 τὴν
428 2127 504 2162 ὥραν
518 2128 567 2161 τῆς
583 2127 740 2163 προσευχῆς
758 2127 808 2161 τὴν
822 2128 947 2164 ὲννάτην,

152 2174 172 2214 ᾖ
193 2174 306 2211 φησινὸ
323 2174 442 2205 Λουκᾶς,
460 2172 507 2199 ἐπὶ
533 2172 578 2199 τοῦ
594 2172 750 2207 καθημένου
765 2173 840 2207 παρά
854 2175 886 2209 τῇ
908 2174 946 2200 ὡ-

1001 1575 1126 1608 duxerat,
1151 1581 1179 1604 et
1201 1582 1314 1612 propter
1339 1586 1420 1613 quant
1449 1579 1520 1606 ultro
1548 1581 1660 1615 propria
1679 1589 1789 1616 quoque

1002 1622 1056 1648 vita
1073 1623 1170 1650 misere
1186 1623 1334 1657 privandus
1344 1629 1414 1656 erat,
1431 1629 1459 1652 et
1471 1626 1591 1659 paternis
1611 1627 1697 1660 ipsum
1714 1627 1788 1654 refo-

1000 1672 1046 1694 vet
1062 1667 1216 1702 colloquiis,
1233 1673 1261 1695 et
1275 1669 1347 1696 illius
1359 1669 1490 1701 animam.
1506 1677 1567 1705 quae,
1585 1670 1640 1705 jam
1657 1672 1735 1698 conci
1748 1672 1787 1698 lc-

1001 1718 1053 1744 rat,
1069 1714 1160 1749 erigit,
1177 1721 1210 1741 ac
1225 1714 1364 1742 tristitiam
1390 1720 1418 1743 et
1431 1716 1651 1750 desperationem
1678 1718 1784 1753 abjicit.

1001 1757 1104 1785 Deinde
1119 1766 1203 1793 opere
1218 1759 1301 1787 etiam
1321 1760 1400 1788 affert
1416 1761 1644 1794 consolationem,
1662 1763 1788 1798 quando-

1000 1804 1112 1838 quidem
1137 1810 1164 1832 et
1181 1805 1234 1832 hoc
1260 1810 1369 1840 poterat
1385 1807 1502 1834 eflicere.
1521 1807 1656 1840 Quoniam
1673 1809 1746 1836 enlm
1760 1813 1788 1837 et

1000 1850 1156 1877 debitorum
1170 1852 1333 1885 repetitione
1344 1857 1373 1880 et
1388 1859 1480 1880 rerum
1495 1855 1711 1882 net-essariarum
1725 1855 1786 1882 ino-

1001 1897 1044 1930 pia
1069 1904 1231 1931 oppressum
1253 1898 1328 1925 illum
1349 1899 1427 1930 vidit,
1442 1904 1470 1926 et
1483 1900 1518 1926 ob
1543 1901 1569 1926 id
1596 1901 1682 1935 ipsam
1701 1901 1785 1928 vitam

1001 1942 1102 1970 misere
1118 1943 1305 1978 abjicientem.
1333 1945 1399 1979 quid
1416 1945 1501 1972 facit?
1523 1945 1613 1980 Atque
1632 1947 1694 1973 hinc
1719 1947 1786 1974 mihi

1001 1987 1174 2016 considerate
1189 1989 1291 2023 quibus
1313 1990 1393 2017 donis
1409 1991 1453 2017 ille
1467 1990 1578 2018 dotatus
1592 1991 1693 2018 fuerat.
1706 1992 1784 2025 Quod

1002 2034 1076 2060 enitn
1091 2038 1171 2061 antea
1186 2034 1285 2061 Petrus
1301 2043 1364 2062 cum
1383 2035 1443 2069 ipso
1460 2036 1590 2070 templum
1611 2037 1786 2072 ingressurus

1001 2078 1035 2105 ad
1053 2079 1147 2106 horam
1171 2079 1340 2114 precationis
1355 2087 1467 2111 nonani,
1488 2087 1555 2114 qua,
1574 2085 1603 2107 ut
1620 2081 1710 2115 inquit
1731 2081 1786 2108 Lu-

1001 2133 1059 2157 cas,
1078 2132 1146 2152 usus
1161 2129 1203 2153 est
1225 2125 1253 2152 in
1276 2125 1374 2152 claudo
1390 2126 1436 2160 qui
1452 2125 1486 2153 ad
1510 2125 1667 2161 Speciosam
1691 2128 1785 2162 templi

1002 2174 1108 2205 portam
1125 2169 1240 2198 sedebat
1256 2178 1289 2198 ac
1311 2171 1514 2206 eleemosynam
1532 2172 1652 2207 petebat,
1668 2173 1762 2202 dicens
1778 2183 1786 2202 :

155 2211 229 2258 ραίᾳ
246 2220 319 2254 πύλῃ
332 2218 432 2254 χωλοῦ,
451 2218 496 2246 καὶ
516 2218 704 2253 ἐλεημοσύνην
723 2218 873 2250 αἰτοῦντος,
890 2220 945 2255 εἰρ-

1001 2217 1143 2252 Argenlum
1161 2221 1185 2244 et
1200 2226 1296 2244 aurum
1311 2226 1362 2244 non
1378 2222 1415 2244 est
1431 2219 1504 2250 mihi.
1518 2220 1587 2253 quod
1602 2225 1688 2246 autent
1705 2221 1786 2247 habeo

153 2269 285 2303 γάσατο,
307 2263 491 2300 Ἀργύριονῆ
508 2264 649 2299 χρυσίον,
665 2264 761 2297 εἰπὼν,
777 2266 834 2299 οὺχ
854 2265 949 2299 ὑπάρ-

154 2323 207 2350 χει
215 2321 279 2348 μοι,
294 2312 308 2339 ὃ
323 2312 351 2339 δὲ
366 2310 435 2346 εἶχε,
448 2311 526 2338 τοῦτο
541 2311 612 2342 δοὺς,
628 2311 673 2337 καὶ
695 2311 757 2342 δοὺς
773 2311 854 2343 πόδας
874 2312 948 2346 αὐτῷ

153 2359 294 2394 ὕγιώσας,
310 2357 390 2385 τοῦτο
405 2358 474 2392 δῆτα
487 2358 558 2383 ποιεῖ
571 2358 619 2384 καὶ
630 2354 707 2388 οὗτος
723 2357 850 2384 ἐνταῦθα.
864 2357 947 2389 Εἰδὼς

154 2408 229 2442 γὰρ,
247 2405 285 2436 ὡς
302 2404 379 2431 οὐδὲν
405 2403 461 2430 οὔτ’
480 2404 614 2439 ἀργυρίου
641 2402 727 2438 αὐτῷ,
751 2402 814 2429 οὔτε
836 2404 947 2438 χρυσίου

154 2451 316 2488 περίεστιν,
347 2449 381 2477 ἶν’
398 2449 522 2476 ἐντεῦθεν
553 2450 602 2485 τὴν
630 2449 734 2476 ἐκείνου
759 2451 809 2484 τῆς
832 2449 948 2484 ἀπορίας

155 2496 288 2530 ἀνάγκην
302 2494 541 2529 παραμυθήσαιτο,
551 2493 598 2520 τοῦ
613 2494 818 2528 παρακειμένου
836 2495 948 2528 πλησίον

154 2542 273 2578 χόρτου,
292 2541 353 2567 ὅσον
365 2540 534 2575 ἀμφοτέραις
552 2539 711 2575 περιλαῦεῖν
727 2540 850 2571 δυνατὸν,
865 2548 949 2566 καταο

156 2589 242 2624 σχεῖν
265 2586 376 2613 ὲκέλευε
396 2585 435 2620 τῷ
454 2585 601 2620 ἀνθρώπῳ.
615 2584 668 2611 Τοῦ
686 2585 726 2618 δὲ,
746 2585 796 2620 τὴν
811 2584 902 2612 αἰτίαν
920 2594 949 2612 τε

154 2639 225 2673 ἥτις
247 2638 302 2673 εῐη,
330 2637 379 2664 καὶ
406 2637 460 2663 ὃτι
486 2635 552 2661 ποτὲ
574 2633 613 2668 τῷ
627 2633 767 2667 ἀποστόλῳ
781 2631 811 2657 τὸ
833 2631 948 2666 πρᾶγμα

155 2683 290 2719 βούλεται
304 2681 474 2717 ἀγνοοῦντος,
489 2681 535 2706 καὶ
546 2679 643 2715 χόρτον
654 2680 717 2705 ὅσον
729 2677 804 2709 ὅλαις
815 2676 947 2709 ἐξικνεῖτο

154 2730 304 2763 παλάμαις
314 2727 517 2764 περιλαῦόντος,
527 2727 591 2761 εὐχῇ
605 2726 685 2761 μόνον
696 2725 797 2753 ἐκεῖνο,
812 2723 857 2749 καὶ
868 2723 945 2757 τύπῳ

156 2776 282 2811 σταυροῦ
293 2776 413 2811 ἀμείϐει,
434 2775 481 2801 καὶ
495 2774 595 2810 χρυσὸν
610 2771 710 2799 αὐτίκα
718 2770 765 2796 τὺν
779 2769 944 2804 συλληφθέν·

200 2869 221 2884 ¹¹
239 2869 297 2897 Aet.
312 2878 349 2902 ILI,
368 2869 378 2896 Ι
399 2875 472 2903 seqq.

997 2262 1265 2294 hoclibida",simul
1282 2267 1309 2290 et
1323 2263 1407 2298 pedes
1419 2264 1468 2298 ipsi
1485 2272 1566 2290 sanos
1585 2265 1721 2292 reddens:
1736 2267 1786 2294 hoc

998 2316 1064 2336 sane
1085 2313 1114 2336 et
1141 2309 1192 2337 iste
1215 2309 1259 2336 hic
1284 2309 1359 2337 facit.
1383 2309 1478 2337 Sciens
1494 2311 1566 2337 enim
1583 2311 1652 2338 nihil
1671 2312 1723 2338 sibi
1740 2321 1785 2338 ar-

999 2355 1071 2389 genti
1084 2361 1145 2382 esse
1159 2355 1201 2382 vel
1217 2355 1288 2387 auri,
1307 2360 1337 2382 ut
1354 2355 1418 2382 hinc
1432 2356 1505 2383 illius
1520 2356 1676 2391 indigentiae
1690 2365 1786 2384 neces-

999 2401 1108 2427 sitatem
1125 2401 1261 2428 consolari
1282 2405 1385 2435 posset,
1414 2401 1505 2428 herba:
1527 2409 1588 2436 quae
1612 2402 1638 2428 in
1660 2402 1784 2436 proximo

1000 2452 1059 2473 erat
1085 2452 1218 2480 quantum
1241 2446 1376 2474 ambabus
1399 2447 1526 2474 manibus
1550 2447 1784 2481 comprehendere

998 2498 1090 2526 posset
1103 2493 1186 2528 jussit
1200 2493 1304 2520 homini
1326 2493 1462 2527 accipere.
1482 2493 1527 2519 Ille
1543 2500 1609 2519 vero
1624 2500 1686 2519 cum
1702 2493 1780 2526 igno-

998 2543 1072 2564 raret
1089 2546 1211 2572 quamam
1228 2542 1301 2565 esset
1318 2545 1411 2570 causa,
1428 2543 1456 2565 et
1470 2538 1600 2573 quidnam
1619 2538 1669 2565 hac
1686 2546 1714 2565 re
1727 2538 1780 2565 sibi

998 2584 1080 2611 vellet
1095 2584 1245 2618 apostolus,
1263 2591 1294 2610 ac
1307 2584 1418 2611 herbam
1433 2588 1564 2618 quantum
1581 2584 1645 2611 totis
1657 2583 1782 2611 manibus

997 2630 1197 2664 ass.~quebatur
1213 2629 1479 2664 comprehendisset,
1492 2630 1549 2664 ipse
1563 2630 1631 2656 facta
1647 2630 1781 2656 duntaxat

997 2677 1120 2704 oratione
1135 2685 1166 2703 ac
1182 2677 1261 2711 signo
1276 2677 1378 2708 crucis,
1395 2676 1481 2710 ηις-λιιι
1506 2676 1635 2709 restituit,
1653 2680 1681 2703 et
1695 2677 1782 2710 proti-

998 2731 1050 2750 nus
1066 2727 1220 2757 correptam
1251 2723 1364 2750 herbam
1382 2730 1479 2749 aurmn
1505 2729 1566 2749 esse
1584 2721 1713 2752 ostendit,
1731 2729 1782 2748 au-

998 2778 1112 2804 rumque
1129 2769 1305 2803 purissimum
1321 2777 1327 2795 :
1343 2773 1424 2802 atque
1440 2768 1512 2795 hunc
1530 2767 1671 2795 confestim
1685 2768 1781 2796 tollere
