2060 3153
257 200 318 243 ν’ἵοτ

886 196 1028 225 MENSIS
1050 195 1264 225 DECEMBER.

1846 193 1899 223 708

266 264 385 288 amores,
400 261 427 283 et
445 264 513 291 quas
528 255 600 283 inter
614 263 643 283 se
658 255 796 290 agitarunt
809 253 970 285 seditiones,
1000 261 1049 288 pu-

1109 253 1169 284 τῶν,
1196 253 1243 278 καὶ
1265 251 1501 286 διαπληκτισμοὺς
1522 252 1568 277 καὶ
1594 250 1695 285 ἔριδας.
1718 251 1778 277 οὐδὲ
1811 251 1899 286 βραχὺ

265 310 385 339 gnasque
399 306 426 329 et
448 302 521 334 lites,
547 302 660 329 minime
673 301 848 329 dubitarunt.
877 299 937 327 Haec
959 305 1052 326 autem

265 347 396 383 quidnam
411 347 556 374 conferunt
571 347 604 374 ad
629 354 736 373 morum
758 347 927 373 honestatem
947 352 979 370 ac
996 351 1054 370 mo-

266 394 437 421 derationem
469 397 497 420 et
525 392 622 419 anima:
645 392 791 419 utilitatem
809 401 816 418 :
833 396 861 418 et
889 398 943 416 non
961 389 1054 424 potius

265 440 463 468 detrimentum
480 439 611 471 afferunt,
626 443 654 466 et
680 438 811 466 vitiorum
834 437 919 464 malas
936 431 1054 471 impres-

266 487 359 514 siones
376 486 533 520 insculpunt
557 485 584 512 in
607 485 706 512 animis
729 491 826 511 eorum
840 482 887 517 qui
906 486 1053 509 versantur

268 533 296 560 in
314 533 347 560 iis
370 531 515 567 legendis?
529 531 594 558 Mihi
618 531 691 558 enim
716 530 784 557 nihil
802 528 950 564 persuadet
965 527 1055 554 inanis

268 579 348 607 labor
364 586 461 606 eorum
486 579 533 613 qui
552 579 609 605 haec
626 578 722 604 volunt
739 575 860 603 absurda
877 575 1014 609 mitigare,
1029 577 1054 600 et

267 633 300 653 ea
314 625 450 652 reducunt
464 625 496 652 ad
509 625 638 651 alimenta
652 628 679 651 et
694 628 786 658 partes
801 623 910 649 animae.
920 621 1054 648 Autenim

268 679 330 699 cum
351 679 404 698 non
422 672 535 701 fuerint,
558 671 659 697 frustra
688 673 714 696 et
735 669 803 696 falso
828 667 981 699 dicuntur;
1007 670 1055 692 aut

266 717 350 744 etiam
377 716 399 743 si
424 715 537 747 fuerint,
566 723 615 750 par
630 719 672 741 est
687 721 720 740 ea
735 713 826 748 potius
842 711 934 738 ridere
949 715 977 737 et
992 709 1055 737 odio

268 762 382 794 habere,
397 769 479 796 quam
504 762 624 788 laudare.
641 759 776 786 Existimo
801 763 893 785 autem
920 757 986 784 boni
1005 756 1055 783 viri

268 809 365 838 vitam,
393 807 441 841 qui
463 806 514 841 legi
542 806 589 833 Dei
615 805 684 832 vixit
707 805 916 835 convenienter,
945 803 1053 838 dignam

268 860 329 880 esse
346 860 406 886 quae
421 851 591 884 elaboretur,
609 855 637 878 et
651 851 748 878 litteris
763 850 928 882 insudetur;
953 857 986 876 ex
1003 857 1056 884 qua

268 898 327 932 ipse
353 898 401 932 qui
429 897 582 931 componit,
612 901 666 924 tam
689 896 739 923 sibi
763 903 845 930 quam
872 895 934 922 aliis
965 899 1057 930 potest

268 951 393 978 magnam
409 943 557 970 conciliare
571 942 729 970 utilitatem.
746 941 841 974 Qualis
856 947 898 969 est
912 941 967 969 vita
987 941 1056 968 Mar-
1077 932 1096 959 Β

267 990 331 1017 eelli
345 989 526 1020 admirabilis,
544 989 592 1024 qui
615 993 693 1016 ortus
709 987 820 1022 quidem
837 992 880 1015 est
896 995 929 1014 ex
946 987 1057 1015 civitate

268 1036 408 1069 Apamea;
428 1042 460 1061 ea
472 1039 515 1062 est
533 1039 624 1061 autem
645 1033 743 1061 civitas
759 1031 919 1065 Orientalis,
934 1041 994 1067 qua:
1010 1032 1058 1059 bo-

270 1081 314 1108 nis
329 1080 453 1107 ahundat
477 1079 614 1115 plurimis.
633 1079 722 1106 Nobili
737 1087 802 1106 vero
819 1079 878 1106 loco
902 1083 991 1109 natus.
1010 1085 1058 1113 per

269 1134 298 1154 se
309 1125 427 1154 reddidit
437 1126 601 1153 nobiliorem
612 1125 711 1152 seriem
723 1125 765 1152 sui
779 1125 898 1159 generis.
912 1124 979 1151 Nam
992 1131 1055 1151 cum

266 1173 322 1209 jam
339 1174 369 1200 in
384 1173 443 1207 ipso
458 1171 526 1199 ﬂore
539 1172 692 1207 iuventutis
709 1171 846 1199 amisisset
863 1175 1000 1205 parentes,
1030 1174 1058 1197 et

269 1225 377 1248 aetatem
402 1217 740 1254 ageretjueuudissimam,
752 1225 806 1243 non
816 1217 1002 1251 sicutjuvenis
1010 1215 1059 1242 de-

270 1267 386 1295 clinavit
397 1266 431 1293 ad
445 1266 609 1300 voluptates.
623 1273 712 1299 neque
724 1264 913 1291 delectabatur
925 1265 1056 1298 iuvenum

269 1312 482 1345 consuetudine,
505 1311 619 1346 a‘qualis
643 1310 742 1345 aequali
760 1310 855 1336 volens
882 1309 1002 1344 placere,
1029 1313 1059 1335 ut

269 1360 381 1390 dicitur,
394 1359 441 1385 sed
455 1356 605 1392 iujuvenili
621 1363 750 1389 corpore.
768 1355 932 1381 imitabatur
946 1354 1057 1381 canitiei

270 1404 446 1440 prudentiam
471 1407 498 1429 et
522 1403 586 1428 vitaz
609 1401 822 1428 institutionem.
845 1399 1006 1434 Quanquam
1033 1400 1058 1426 ei

270 1452 386 1479 aderant
412 1449 526 1480 divitiae,
549 1455 611 1483 qua:
634 1451 700 1474 sunt
727 1445 840 1473 materia
858 1446 891 1472 ad
908 1445 1059 1480 explendas

270 1497 427 1531 voluptates
450 1495 504 1529 igni
523 1493 725 1520 adolescentiae.
743 1492 796 1519 Sed
817 1492 885 1519 nihil
904 1492 1002 1519 horum
1027 1492 1059 1519 il-

269 1543 328 1570 lum
352 1541 441 1576 coegit
465 1540 600 1575 negligere
625 1538 847 1574 temperantiam,
873 1546 933 1573 qua:
957 1542 1016 1565 erat
1033 1537 1056 1564 ei

269 1589 354 1616 chara
367 1595 382 1614 a
399 1587 527 1622 pueritia.
545 1585 597 1612 Sed
614 1589 640 1612 ct
654 1585 767 1616 orbitas,
784 1589 811 1611 et
835 1589 911 1614 :etas.
936 1590 964 1611 et
989 1584 1057 1610 divi-

270 1637 323 1665 tiae,
341 1635 400 1662 haec
411 1633 502 1660 omnia
515 1632 595 1660 simul
609 1641 623 1658 a
638 1631 772 1666 profunda
796 1631 979 1658 vmcebantur
993 1639 1058 1665 pru-

269 1681 374 1709 dentia.
396 1681 513 1713 Propter
535 1684 675 1705 externam
702 1685 766 1704 vero
804 1677 1000 1708 eruditionem,
1030 1677 1056 1703 in

271 1734 395 1761 magnam
429 1725 504 1751 venit
531 1722 718 1750 Antiochiam.
751 1721 873 1748 Ventitat
904 1726 996 1749 autem
1023 1723 1056 1750 ad

271 1772 429 1807 queimlam,
440 1770 467 1796 in
481 1769 589 1796 dicendi
601 1768 730 1794 facultate
740 1767 853 1802 pulchre
865 1769 1056 1796 exercitatum.

1105 297 1244 333 ὥκνηταν.
1267 297 1360 324 Ταῦτα
1377 297 1407 323 δὲ
1419 297 1444 323 τί
1460 305 1525 323 ποτε
1537 297 1590 332 ἄρα
1612 296 1680 331 πρὸς
1693 297 1777 331 ἡοονς
1793 298 1898 331 κόσμον

1105 343 1152 369 καὶ
1163 342 1253 377 ψυχῆς
1265 342 1399 377 ὠφέλειαν
1414 342 1546 373 συντελεῖ,
1562 342 1609 369 καὶ
1626 342 1686 376 οὐχὶ
1707 341 1810 376 βλάϐην
1829 343 1900 378 μᾶλ-

1104 389 1149 415 λον
1165 389 1211 415 καὶ
1226 389 1327 420 τύπους
1342 388 1438 415 παθῶν
1454 389 1513 420 ταῖς
1526 388 1581 414 τῶν
1598 389 1747 422 μετιόντων
1762 389 1900 423 ἐγχαράτ-

1104 443 1146 460 τει
1161 435 1280 469 diu/fde;
1310 434 1375 468 Ἐμὲ
1397 434 1451 469 γὰρ
1478 434 1565 461 πείθει
1591 434 1666 460 οὐδὲν
1685 435 1780 465 καινὸς
1797 435 1900 470 μόχθος

1104 481 1158 507 τῶν
1173 481 1398 515 παραμυθεῖσθαι
1409 480 1442 507 τὰ
1457 481 1545 508 ἄτοπα
1558 481 1637 508 ταυτὶ
1653 479 1837 515 βουλομένων,
1851 482 1900 508 καὶ

1109 527 1177 561 πρὸς
1193 526 1228 552 τὰ
1245 528 1366 561 στοιχεῖα
1399 528 1447 553 καὶ
1464 527 1535 562 μέρη
1558 527 1608 561 τῆς
1624 525 1713 561 ψυχῆς
1729 526 1898 560 ἀναγόντων.

1105 574 1140 599 Ἢ
1156 573 1209 607 γὰρ
1236 573 1273 607 μὴ
1290 572 1421 607 γεγονότα
1436 573 1523 607 μάτην
1547 573 1594 599 καὶ
1614 572 1719 607 ψευδῶς
1734 572 1856 606 λέγεται,
1882 572 1898 606 ἢ

1105 620 1153 645 καὶ
1167 620 1311 652 γεγονότα,
1326 618 1461 652 γελᾶσθαι
1478 619 1525 645 καὶ
1541 618 1681 653 μισεῖσθαι
1699 619 1810 653 μᾶλλον,
1841 619 1900 645 ἀλλ’

1106 664 1155 690 οὐκ
1172 664 1343 690 ἐπαινεῖσθαι
1366 664 1426 691 δέον
1449 664 1510 691 οὐδὲ
1535 664 1739 699 θαυμάζεσθαι.
1762 665 1900 700 Ἠγοῦμαι

1107 709 1189 736 πόνου
1207 710 1255 737 καὶ
1269 710 1432 745 συγγραφῆς
1451 710 1525 742 ἀξιον
1549 710 1644 746 ἀνδρὸς
1672 711 1829 746 φιλαρέτου,
1852 712 1901 737 καὶ

1106 756 1176 782 κατὰ
1201 756 1267 782 Θεὸν
1286 755 1418 791 ζήσαντας
1435 755 1502 790 βίον,
1521 755 1550 788 ἐξ
1560 754 1648 791 οὗπερ
1661 756 1742 788 αὑτός
1753 765 1783 783 τε
1806 758 1820 783 ὀ
1837 765 1900 783 συν-

1106 801 1191 833 τιθεὶς
1217 801 1350 834 ὠφέλειαν
1377 801 1467 836 ἑαυτῷ
1496 802 1543 828 καὶ
1566 803 1622 834 τοῖς
1648 802 1770 837 μετιοῦσι
1799 802 1901 836 πολλὴν

1106 848 1173 882 ὅσην
1188 847 1299 875 δύναται
1326 847 1478 883 προξενεῖν.
1496 847 1559 879 Ofe;
1576 849 1608 885 δὴ
1627 850 1674 876 καὶ
1694 850 1708 876 ὁ
1732 849 1780 876 τοῦ
1794 849 1902 884 θαυμα-

1109 894 1174 921 στοῦ
1186 895 1347 930 Μαρκέλλου
1363 895 1458 930 σαφῶς
1474 895 1614 922 δείκνυται
1625 904 1632 911 ·
1644 895 1673 927 ὃς
1685 897 1716 922 ὲκ
1731 896 1836 927 πόλεως
1853 897 1903 931 μὲν

1108 940 1220 976 ὡρμᾶτο
1234 942 1382 976 Ἀπαμέων
1392 951 1399 958 ν
1415 941 1470 977 ἑῴα
1492 942 1520 969 δὲ
1538 942 1616 974 πόλις
1639 942 1720 978 αὕτη,
1734 942 1840 974 πολλοῖς
1853 951 1902 969 κο-

1109 985 1188 1019 μῶσα
1211 987 1266 1016 τοῖς
1283 986 1408 1020 ἀγαθοῖς.
1430 987 1475 1019 Ἐξ
1499 987 1671 1022 εὐπατριδῶν
1697 988 1724 1013 δὲ
1740 988 1898 1022 γενόμενος,

1107 1031 1140 1058 δι’
1158 1032 1256 1058 ἑαυτοῦ
1266 1032 1366 1067 μᾶλλον
1380 1032 1578 1068 εὐγενεστέραν
1593 1033 1699 1059 ἐδείκνυ
1713 1033 1763 1069 τὴν
1780 1033 1828 1060 τοῦ
1854 1035 1900 1067 γε·

1107 1086 1170 1110 νους
1186 1078 1292 1113 σειράν,
1311 1079 1391 1113 Ἄρτι
1406 1079 1460 1113 γὰρ
1477 1079 1506 1105 ὲν
1520 1079 1598 1106 ἄνθει
1611 1081 1747 1115 νεότητος,
1770 1081 1836 1111 τοὺς
1854 1088 1904 1114 γε-

1107 1125 1274 1160 γεννηκότας
1295 1125 1449 1156 ἀποόαλὼν,
1464 1126 1512 1152 καὶ
1530 1125 1596 1152 αὐτὸ
1615 1127 1665 1161 τῆς
1691 1126 1800 1161 ἡλικίας
1827 1127 1903 1161 ἄγων

1107 1170 1138 1197 τὸ
1162 1171 1352 1205 χαριέστατον,
1379 1171 1429 1206 οὐχ
1456 1170 1549 1206 ὥσπερ
1583 1173 1642 1202 νέος
1661 1172 1818 1207 εις⁴ήδσνὰς
1829 1172 1904 1199 ἐκλι-

1109 1225 1153 1242 νεν
1163 1224 1171 1231 ·
1189 1216 1249 1242 οὐδὲ
1261 1216 1314 1252 μὴν
1327 1217 1395 1244 νέων
1408 1217 1594 1253 ἀναστροφαῖς
1605 1218 1726 1254 ἔχαιρεν,
1746 1218 1806 1254 ἧλιξ
1820 1219 1904 1254 ἥλικα

1107 1263 1220 1296 τέρπειν
1233 1262 1270 1294 ὡς
1289 1265 1303 1289 ὁ
1317 1263 1396 1297 λόγος
1419 1263 1591 1299 βουλόμενος,
1619 1265 1675 1292 ἀλλ’
1695 1265 1724 1291 ἒν
1740 1266 1830 1301 νεαρῷ
1852 1265 1905 1291 σώ-

1111 1316 1175 1342 ματι
1192 1308 1294 1334 πολιῶν
1311 1308 1408 1343 ἐζήλου
1429 1310 1556 1345 φρόνημά
1570 1318 1600 1336 τε
1612 1311 1659 1336 καὶ
1673 1311 1794 1346 ἀγωγὴν,
1814 1311 1904 1338 καίτοι

1109 1355 1156 1381 καὶ
1175 1354 1287 1386 πλοῦτος
1303 1355 1379 1389 αὑτῷ
1403 1356 1505 1390 παρῆν.
1523 1355 1573 1391 ὖλη
1588 1356 1657 1392 πρὸς
1671 1357 1766 1391 ἡδονὰς
1781 1357 1820 1392 τῷ
1836 1357 1904 1391 πυρὶ

1109 1402 1157 1437 τῆς
1168 1401 1304 1437 νεότητα.
1327 1403 1398 1428 Ἀλλ’
1415 1403 1491 1428 οὐδὲν
1510 1403 1611 1429 τούτων
1630 1404 1733 1429 ἐκεῖ-ιον
1747 1403 1903 1437 ἠνάγκασεν

1109 1448 1248 1482 ἀμελῆσαι
1267 1448 1316 1482 τῆς
1339 1449 1370 1474 ἐκ
1393 1449 1495 1475 παίδων
1517 1449 1597 1483 φίλης
1613 1448 1688 1483 αὐτῷ
1711 1448 1903 1483 σωφροσύνης.

1116 1494 1195 1520 Ἀλλὰ
1209 1495 1256 1520 καὶ
1268 1495 1384 1529 ὀρφανία
1398 1496 1444 1521 καὶ
1459 1495 1550 1530 ἡλικία
1563 1497 1610 1521 καὶ
1622 1494 1735 1526 πλοῦτος
1753 1495 1798 1521 καὶ
1812 1495 1903 1521 πάντα

1110 1540 1180 1575 ὁμοῦ
1203 1541 1250 1575 τῆς
1269 1541 1352 1567 αὑτοῦ
1369 1541 1481 1576 βαθείας
1497 1542 1595 1576 φρενὸς
1610 1542 1737 1577 ἥττηντο.
1758 1542 1860 1576 Ἔρωτι
1876 1542 1905 1567 δὲ

1111 1587 1232 1616 παιδείας
1245 1588 1293 1621 τῆς
1308 1587 1408 1620 ἔξωθεν
1422 1587 1464 1618 ei;
1483 1588 1605 1622 μεγάλην
1623 1588 1793 1622 Ἀντιόχειαν
1812 1596 1903 1622 παρα-

1111 1633 1225 1666 γίνεται,
1240 1634 1286 1660 καί
1297 1630 1349 1660 τινι
1365 1633 1435 1660 καλὰ
1448 1634 1598 1669 ἠσκημένῳ
1615 1635 1754 1669 ἐπιφοιτᾷ.
1777 1633 1861 1664 Φύσις
1877 1634 1905 1661 δὲ

1111 1679 1207 1712 ταχεῖα
1226 1679 1356 1713 συνεργὸν
1373 1678 1572 1713 παραλαϐοὖσα
1595 1679 1641 1705 καὶ
1659 1678 1708 1713 τὴν
1729 1678 1858 1713 σπονδὴν,
1877 1679 1905 1704 ἐν

1111 1724 1200 1758 χρόνῳ
1217 1723 1314 1758 βραχεῖ
1332 1723 1367 1749 τὰ
1384 1723 1488 1757 μεγαλα
1511 1723 1558 1757 τῆς
1577 1723 1671 1756 σοφίας
1692 1722 1766 1757 αὑτῷ
1782 1721 1906 1757 χαρίζον-

1111 1778 1157 1796 ται
1173 1778 1260 1804 οιορα.

272 1814 376 1850 Ingenii
403 1823 468 1843 vero
495 1814 634 1846 celeritas,
663 1821 678 1841 ιι
699 1814 853 1841 vehementi
878 1815 937 1850 ejus
963 1816 1054 1842 studio
1074 1817 1175 1851 adjuta,
1190 1817 1213 1842 ei
1236 1816 1312 1843 brevi
1327 1815 1442 1850 largitur
1462 1823 1557 1849 magna
1571 1815 1642 1842 dona
1659 1815 1814 1849 sapientiae.

310 1864 344 1891 ll.
362 1863 511 1897 Postquam
527 1868 617 1889 autem
632 1867 752 1889 externae
768 1861 909 1896 sapientiae
924 1864 999 1890 visus
1021 1869 1063 1890 est

270 1910 324 1939 sibi
356 1910 458 1936 habere
480 1908 553 1943 quod
577 1907 737 1935 suﬂieeret:
762 1915 852 1942 neque
866 1907 987 1934 enim‘ea
1002 1913 1061 1935 erat

270 1959 330 1992 ejus
346 1955 499 1992 principale
516 1954 650 1988 studium,
668 1954 721 1982 nisi
738 1954 770 1981 ad
792 1954 854 1985 hoc,
882 1959 912 1981 ut
937 1955 1060 1982 externis

271 2004 325 2031 illis
357 2004 487 2034 imbutus,
509 2000 608 2028 deinde
633 1999 788 2027 initiaretur
815 2000 843 2026 in
868 1999 902 2026 iis
921 2008 982 2034 quae
1003 2001 1060 2027 sola

270 2054 334 2077 sunt
349 2056 425 2076 saera
441 2047 571 2082 mysteria
584 2055 590 2073 :
604 2053 704 2081 nempe
719 2053 794 2078 vera,
810 2050 838 2072 et
855 2053 915 2080 qua:
926 2046 959 2072 ad
974 2046 1060 2073 Deum

228 2096 238 2106 ‘
270 2095 399 2125 deducit,
428 2093 584 2128 sapientia;
610 2092 691 2124 vitae,
719 2092 842 2127 inquam,
873 2092 1059 2124 institutione,

270 2149 332 2177 qua
346 2145 470 2168 versatur
488 2139 515 2166 in
529 2139 730 2166 exercitatione
743 2142 771 2165 et
784 2145 850 2165 vera
867 2138 1056 2173 philosophia,

270 2195 339 2221 opus
362 2192 453 2213 autem
478 2185 504 2212 ei
527 2192 636 2220 quoque
651 2189 711 2212 erat
730 2184 823 2219 aliquo
845 2185 879 2211 ad
901 2192 960 2211 eam
975 2184 1056 2212 duce.

269 2233 338 2260 Cum
354 2240 418 2259 vero
433 2239 496 2259 eum
511 2239 567 2258 non
582 2230 729 2265 praeberet,
758 2235 788 2257 ut
801 2230 826 2257 ei
844 2230 978 2265 placebat,
1004 2231 1058 2257 An-

270 2279 383 2310 tiochia,
397 2278 528 2312 cogitavit
543 2277 583 2304 ire
595 2277 746 2312 Ephesum,
763 2284 824 2304 cum
841 2276 964 2304 audisset
979 2276 1007 2303 in
1027 2284 1058 2304 ea

271 2331 332 2351 esse
363 2330 487 2358 magnam
521 2322 642 2348 virorum
667 2322 785 2356 copiam,
803 2321 852 2355 qui
870 2321 903 2348 ad
921 2329 1056 2348 summam

269 2370 400 2397 virtutem
432 2373 625 2403 pervenerant.
655 2367 752 2394 Statim
783 2375 848 2401 ergo
884 2368 1056 2403 contemptui

270 2416 382 2451 quidem
404 2420 446 2442 est
466 2414 559 2441 habita
576 2413 691 2448 pnlehra
711 2412 857 2440 Antiochia
874 2423 880 2440 :
897 2413 1057 2448 despectum

270 2467 362 2489 autem
380 2461 432 2487 fuit
446 2460 597 2496 jucundum
614 2459 702 2486 solum
719 2459 826 2494 patriaz,
840 2459 970 2494 neglectae
993 2467 1057 2486 vero

268 2508 418 2535 verborum
434 2506 636 2536 contentiones,
652 2510 680 2532 et
698 2506 780 2532 inane
803 2505 901 2537 otium,
937 2510 964 2532 et
1001 2510 1057 2532 tota

269 2559 383 2580 externa
403 2552 448 2579 illa
468 2559 560 2578 seena.
583 2551 681 2577 Divisae
696 2555 787 2577 autem
811 2555 876 2578 sunt
890 2550 1058 2584 pauperibus

269 2604 336 2631 opes
351 2596 402 2623 ill-.c
410 2595 533 2630 ingentes
541 2594 734 2629 etmaguificze,
749 2595 1058 2630 eteumexcepitEphe~

270 2651 317 2671 sus
326 2643 429 2670 nudum
441 2642 502 2670 aliis
510 2642 648 2669 omnibus.
658 2641 725 2669 Cum
736 2641 775 2669 sic
783 2642 965 2672 adventasset,
980 2641 1056 2668 inve-

271 2691 312 2717 nit
333 2689 385 2718 sibi
403 2689 571 2716 conrcniens
597 2687 758 2722 hospitium.
786 2687 853 2714 Nam
879 2687 920 2713 vir
945 2687 1056 2721 quidam

270 2742 332 2762 cum
354 2741 440 2761 uxore
462 2741 525 2760 eum
551 2733 658 2768 accepit
682 2732 813 2767 hospitio,
834 2733 880 2766 qui
896 2739 950 2758 non
972 2732 1058 2766 magis

269 2781 424 2809 communis
451 2787 551 2807 mensa:
574 2783 602 2806 et
627 2779 692 2806 salis
714 2779 739 2805 ei
767 2782 845 2805 erant
870 2778 949 2810 socii,
975 2785 1057 2812 quam

270 2835 378 2854 morum
391 2833 417 2854 et
434 2826 553 2858 virtutis.
574 2830 602 2852 et
619 2825 645 2851 in
663 2825 739 2851 omni
757 2832 786 2852 re
797 2824 1005 2852 moderationis.

304 2872 348 2900 Ill.
364 2872 432 2899 lluic
445 2876 536 2899 autem
552 2870 674 2905 pulchrae
691 2870 759 2904 biga:
773 2875 833 2896 erat
852 2871 934 2896 etiam
949 2878 1055 2903 servus,

267 2919 314 2954 qui
331 2919 442 2947 virtutis
464 2917 571 2944 ratione
589 2920 648 2943 erat
665 2915 747 2943 etiam
772 2915 893 2943 dominis
909 2915 995 2942 multo
1012 2924 1056 2943 ve-

1154 1864 1189 1891 B'.
1207 1864 1284 1890 Ἐπεὶ
1299 1864 1327 1890 δὲ
1356 1863 1513 1898 ἀρκούντως
1535 1863 1622 1890 ἐδόκει
1638 1863 1686 1898 τῆς
1703 1864 1817 1898 θυραίας
1834 1863 1906 1898 ἔχειν

1115 1909 1227 1943 σοφίας·
1243 1908 1304 1934 οὐδὲ
1320 1909 1373 1943 γὰρ
1400 1906 1432 1944 ἦν
1450 1908 1524 1941 αὐτῷ
1540 1907 1618 1934 τοῦτο
1635 1909 1850 1943 προηγουμένως
1876 1909 1906 1934 τὸ

1113 1954 1343 1989 σπουδαζόμενον,
1363 1954 1421 1980 ἀλλ’
1436 1955 1499 1980 ὅσον
1512 1955 1569 1986 τοῖς
1586 1954 1637 1986 ἔξω
1650 1955 1756 1985 τούτοις
1777 1955 1905 1989 προτεῖιε-

1113 2000 1220 2035 σθῆναι,
1236 1998 1293 2026 εἶτα
1309 2000 1448 2035 μυηθῆναι
1469 2000 1516 2026 καὶ
1531 2000 1565 2026 τὰ
1578 2001 1682 2034 μεγάλα
1698 2000 1749 2036 τὴν
1765 2001 1850 2035 μόνην
1869 2001 1906 2026 ζε-

1113 2047 1163 2081 ρὰν
1189 2046 1300 2082 τελετὴν
1316 2046 1362 2072 καὶ
1378 2046 1465 2081 ἀληθῆ
1478 2047 1584 2080 σοφίαν,
1602 2047 1648 2073 καὶ
1665 2046 1734 2080 πρὸς
1755 2046 1822 2072 Θεὸν
1837 2047 1905 2072 ἁνα-

1113 2094 1274 2129 φέρουσαν·
1303 2094 1353 2128 τὴν
1395 2093 1550 2128 ἁσκητικὴν
1584 2093 1654 2126 )έγω
1692 2093 1740 2119 καὶ
1761 2093 1906 2126 φιλόσοφον

1113 2139 1237 2173 ἀγωγή-,³.
1260 2139 1359 2165 Ἐδείτο
1375 2139 1404 2165 δὲ
1428 2138 1475 2165 καί
1491 2147 1562 2169 τινος
1585 2139 1632 2164 τοῦ
1648 2138 1716 2171 πρὸς
1740 2139 1826 2172 αὐτὴν
1839 2139 1902 2173 ὁδη-

1111 2186 1252 2220 γήσοντος.
1268 2185 1350 2211 Ἐπεὶ
1377 2185 1414 2220 μὴ
1439 2186 1569 2219 παρεῖχεν
1593 2184 1630 2215 ὡς
1651 2183 1725 2218 αὐτῷ
1742 2184 1859 2218 ἀρέσκον
1889 2185 1904 2218 ἡ

1119 2232 1279 2265 Ἀντιόχεια,
1307 2232 1345 2262 εἰς
1358 2231 1407 2266 τὴν
1421 2231 1537 2265 ”Ι·Ῐφεσον
1556 2230 1678 2266 οἴχεσθαι
1697 2231 1838 2261 διενοεῖτο,
1857 2232 1905 2256 ἀν-

1078 2275 1097 2302 D
1112 2278 1183 2313 δρῶν
1203 2279 1329 2312 εὐπορεῖν
1347 2278 1454 2312 ἐκείνην
1471 2277 1575 2312 μαθὼν,
1593 2277 1683 2303 αὐτῶν
1697 2277 1724 2303 δὲ
1741 2277 1809 2312 πρὸς
1822 2278 1904 2312 ἀκρί-

1114 2323 1190 2349 ϐειαν
1210 2323 1309 2358 ἀρετῆς
1337 2323 1525 2357 πεφοακότων,
1552 2324 1598 2350 καὶ
1627 2323 1723 2354 ἄλλους
1737 2324 1771 2349 τα
1795 2325 1902 2358 μεγάλα

1113 2369 1228 2403 ὠφελεῖν
1252 2370 1417 2403 δυναμένων.
1446 2369 1548 2396 Αὐτίκα
1565 2368 1630 2402 γοῦν
1658 2369 1785 2404 ἠμελεῖτο
1812 2370 1862 2403 μὲν
1886 2371 1902 2404 ἡ

1114 2415 1182 2450 καλὴ
1197 2415 1365 2449 ’Λντιόχεισκ
1382 2415 1545 2450 παρεωρᾶτο
1560 2415 1589 2441 δὲ
1603 2416 1634 2442 τὺ
1651 2416 1699 2450 ἡδὺ
1712 2418 1759 2450 τῆς
1774 2417 1904 2452 πατρίδες

1113 2461 1220 2495 ἔδαφος,
1239 2461 1351 2495 ἅμιλλαι
1367 2461 1396 2488 δὲ
1419 2461 1517 2496 λόγων,
1535 2462 1582 2488 καὶ
1597 2463 1613 2496 ἡ
1632 2462 1733 2496 ματαία
1747 2463 1840 2498 σχολὴ,
1856 2465 1903 2489 καὶ

1113 2509 1147 2533 τὰ
1158 2508 1207 2541 τῆς
1226 2508 1329 2542 σκηνῆς
1343 2508 1433 2534 πάντα
1452 2509 1655 2544 κατεφρονεῖτο.
1681 2509 1857 2543 Διεμερίζετο
1874 2510 1904 2536 δὲ

1112 2553 1169 2582 τοῖς
1189 2552 1286 2586 πένησι
1305 2553 1353 2578 καὶ
1371 2554 1384 2578 ὁ
1396 2552 1478 2584 πολὺς
1494 2554 1543 2579 καὶ
1566 2553 1705 2588 φιλότιμος
1717 2553 1843 2586 πλοῦτος,
1854 2558 1902 2580 καὶ

1113 2597 1129 2632 ἡ
1148 2597 1264 2631 Ἔφεσος
1277 2597 1330 2623 τῶν
1345 2597 1433 2624 ἄλλων
1447 2599 1557 2625 πάντων
1576 2600 1681 2634 γυμνὸν
1694 2600 1798 2626 ἐκεῖνον
1813 2601 1904 2634 ἐδέχε-

1113 2651 1152 2670 το.
1175 2643 1268 2674 Οὕτως
1291 2645 1471 2680 ὲπιφοιτήσας
1486 2666 1493 2677 ,
1527 2647 1721 2681 προσήκουσαν
1744 2647 1820 2681 αὐτῴ
1855 2650 1903 2673 καὶ

1112 2689 1162 2724 τὴν
1190 2689 1279 2721 ξενίαν
1296 2691 1430 2725 εὑρίσκει.
1448 2691 1531 2727 ’Δνὴρ
1544 2693 1598 2728 γάρ
1616 2701 1658 2724 τις
1668 2693 1749 2719 αὑτὸν
1768 2694 1837 2727 μετὰ
1857 2703 1903 2726 γυ-

1113 2735 1203 2766 ναικὸς
1219 2735 1337 2768 ἐξένιζεν
1353 2737 1383 2762 οὺ
1398 2737 1498 2771 μᾶλλον
1510 2738 1600 2771 κοινῆς
1612 2738 1753 2772 τραπέζης
1769 2740 1816 2764 ναὶ
1830 2739 1903 2765 ἀλῶν

1113 2781 1186 2816 αὐτῷ
1206 2783 1397 2813 κοινωνοῦντες
1425 2782 1440 2818 ἢ
1466 2783 1578 2818 τρόπων
1599 2785 1646 2810 καὶ
1660 2785 1767 2820 ἀρετῶν
1787 2784 1903 2819 καὶτῆς

1112 2826 1146 2852 δι’
1160 2827 1290 2853 ἁπάντων
1305 2828 1464 2859 ἐπιεικείας.

1148 2872 1185 2900 Γ¹.
1201 2871 1255 2899 τΗν
1272 2873 1300 2900 δὲ
1317 2876 1350 2909 τῇ
1367 2874 1435 2909 καλῇ
1452 2873 1577 2910 ξυνωρίδι
1591 2875 1677 2912 ταύτῃ
1693 2877 1739 2902 καὶ
1758 2876 1851 2908 δοῦλος
1868 2878 1898 2902 ἑν

1112 2918 1212 2954 ἀρετῆς
1245 2919 1316 2954 λόγῳ
1342 2919 1431 2954 πολλῷ
1459 2920 1512 2946 τῶν
1532 2921 1670 2948 δεσποτῶν
1697 2922 1861 2958 τιμιώτερος
1880 2919 1902 2956 ᾧ
