2060 3153
163 201 213 231 709

605 205 692 233 VITA
715 206 744 234 S.
766 204 962 233 MARCELLI
985 204 1336 239 ARCIIIMANDRITE.

1738 211 1791 242 710

161 260 278 293 τοσαύτη
307 261 403 296 περιῆν
422 262 470 296 τῆς
496 261 586 296 ⁴ζαυχῆς
607 262 748 298 ἐλευθερία
764 272 792 289 τε
812 264 860 289 καὶ
876 264 952 296 εὐγέ-

1008 266 1175 293 nerabilinr:
1192 268 1235 294 cui
1264 274 1337 295 tanta
1362 269 1450 296 inerat
1475 270 1558 296 animi
1586 271 1740 305 ingenuitas
1763 276 1791 297 et

160 314 230 336 νεια.
250 306 288 336 ὡς
303 307 350 333 καὶ
366 307 466 342 ταύτης
481 308 569 343 δήπου
584 309 633 342 τῆς
657 309 711 336 τῶν
726 309 864 336 δεσποτῶν
887 311 951 344 ἀρε-

160 350 209 385 τῆς
222 352 327 378 ἐκεῖνον
340 353 467 385 γενέσθαι
483 355 565 387 φασὶν
579 355 676 386 αἴτιον,
694 357 740 382 καὶ
756 356 849 383 δοῦλον
868 356 951 390 όφοῆ-

159 408 202 425 νιι
216 399 359 431 δεσπόταις
391 400 519 428 τοιούτων
545 403 656 436 ἀγαοῶν
683 403 824 438 πρόξενον.
842 401 879 431 Οὖ
900 406 948 431 καὶ

159 444 227 472 ἄλλα
243 445 368 479 ὑμνεῖται
386 447 481 478 πολλὰ,
510 449 576 482 πρὸς
595 449 622 475 δὲ
652 450 698 475 καὶ
714 449 753 476 ὅτι
771 450 900 481 πολλάκις
922 452 951 476 ὲν

158 492 215 522 τοῖς
234 491 298 526 περὶ
317 493 367 526 τὴν
378 492 456 520 πόλιν
471 494 646 529 ἀσκητηρίοις
669 496 723 522 τῶν
743 496 837 522 πυλῶν
855 497 950 528 αὑταῖς

158 537 263 564 κλεισὶν
282 536 312 564 εὖ
328 539 511 574 ἡρμοσμένων
525 560 532 572 ,
553 538 630 572 οὗτος
654 542 724 577 ἀωρὶ
743 543 798 569 τῶν
829 543 947 575 νυκτῶν,

158 583 274 618 μηδενος
297 584 374 619 αὐτῷ
399 585 580 619 διανοίγοντος
594 606 602 618 ,
631 588 713 622 μέσος
732 588 865 622 ἐφίστατο
893 591 950 621 τοῖς

155 629 294 664 ἀπκηταῑς
304 629 408 666 ᾅδουσι.
428 632 482 658 Καὶ
504 632 581 660 τοῦτο
594 633 643 668 οὐχ
662 634 746 666 ἅπαξ,
762 635 831 662 ἀλλὰ
851 635 948 662 πολλά-

156 683 198 705 κις
217 675 372 709 γινόμενον¹
390 679 506 713 φανερόν
528 687 558 705 τε
575 679 731 712 καθίσταιτο,
748 682 794 708 καὶ
812 681 859 708 τοῦ
885 683 950 718 περὶ

157 720 241 747 αὑτοῦ
255 721 335 754 λόγου
350 723 397 758 τὴν
408 723 486 750 πόλιν
501 724 631 760 ἐπλήρου.
654 726 759 760 Ὀνομα
775 727 802 752 δέ
814 726 853 761 τῷ
871 728 950 761 εὐγε-

157 767 196 793 νεῖ
210 766 308 801 τούτῳ,
330 768 432 802 μᾶλλον
450 769 478 796 δὲ
503 770 543 805 τῷ
570 771 667 806 ἀληθιῖ
683 771 731 798 τοῦ
758 772 825 799 Θεο)
852 773 947 809 δούλῳ,

159 812 311 847 Ιιρόμοτος.
328 811 411 846 Οὗτος
424 812 458 850 ἦν
469 816 483 842 ό
493 817 635 851 Πρόμοτος
646 819 696 845 οὐκ
710 818 805 851 ὀλίγας
816 820 863 846 καὶ
874 820 950 855 Map-

158 857 247 893 λέλλῳ
258 859 345 892 διδοὺς
360 861 429 895 πρὸς
441 861 543 897 ἀρετὴν
554 863 692 898 ἀφορμάς.
705 864 789 891 Τοῦτο
803 866 856 901 γὰρ
868 865 949 901 ἔργον

160 903 236 939 αότῴ
254 905 421 940 πανταχόθεν
436 906 470 932 τὰ
482 906 553 933 καλὰ
571 908 720 942 συλλέγειν,
742 910 789 936 καὶ
803 909 899 946 ὥσπερ
917 912 948 937 ἐκ

158 949 264 976 πολλῶν
277 949 382 977 ἀνθέων
397 951 510 978 πλέκειν
529 953 621 988 ἐαυτῷ
642 940 688 980 τον
707 940 756 988 τῆς
771 955 873 990 ἀρετῆς
884 940 945 982 ¹στι-Ξ»
964 940 986 967 Β

158 1002 253 1028 φανον.
266 995 343 1022 Μετὰ
357 996 385 1023 δὲ
405 996 460 1023 τῶν
479 997 568 1024 ἄλλων
586 999 678 1025 καλῶν
693 996 731 1026 ὤν
746 1000 803 1034 ἔχει
818 1001 949 1035 Μάρκελ-

157 1040 201 1072 lo;
216 1041 340 1076 ὑπῆρχεν
352 1041 425 1076 αὑτῷ
440 1045 488 1068 καὶ
502 1042 532 1068 τὸ
545 1043 661 1078 γράφειν
673 1045 714 1076 εἰς
727 1045 835 1075 κάλλος.
846 1045 951 1080 Ἔγρα-

158 1094 208 1120 φιν
223 1086 269 1113 οὖν
282 1089 342 1118 ταῖς
361 1088 439 1122 χερσὶ
455 1088 502 1114 καὶ
519 1089 623 1121 ἐπόνει⁹
643 1091 688 1116 καὶ
709 1090 756 1116 τοῦ
779 1091 886 1117 ἐκεῖθεν
901 1091 950 1117 αὺ-

156 1133 198 1164 τῷ
214 1133 394 1168 ποριζομένου
419 1133 517 1168 μισθοῦ
534 1134 618 1169 μέρος
641 1143 667 1160 τι
683 1136 751 1170 apo,-
772 1136 822 1168 τάς
832 1136 879 1163 τοῦ
899 1137 951 1162 σώ-

159 1186 247 1212 ματος
265 1178 421 1205 ἀναλίσκων
451 1180 558 1214 χρείας,
587 1182 617 1206 τὸ
644 1181 736 1208 λοιπὸν
754 1183 871 1216 παρεῖχε
894 1183 950 1215 τοῖς

157 1223 308 1258 δεομένοις.
324 1224 437 1252 Ἧνύιτο
456 1225 485 1251 δὲ
506 1226 580 1260 αὑτῷ
597 1227 645 1253 σὺν
662 1227 700 1260 τῷ
714 1227 782 1262 ἐλέῳ
800 1229 846 1254 καὶ
861 1229 950 1256 δικαι-

157 1268 260 1302 οσύνης
290 1269 470 1306 κατόρθωμα.
499 1272 529 1297 Et
549 1271 604 1306 γὰρ
619 1272 712 1299 πλεῖον
727 1274 802 1308 αὐτῷ
819 1274 866 1300 τοῦ
881 1283 950 1309 γρα-

158 1315 257 1348 φέντος
270 1316 284 1341 ό
301 1315 398 1349 μισθὸς
416 1316 582 1352 κατεὸλήθη,
600 1318 614 1343 ὁ
633 1317 661 1343 δὲ
677 1319 726 1344 οὐκ
742 1318 875 1353 ἠνείχετο,
891 1319 949 1346 ἀλλ’

157 1361 185 1386 cf
200 1369 226 1386 τι
240 1361 400 1395 περιττεῦον
417 1359 462 1397 ἦν,
477 1363 644 1397 ἀντέστρεφε
660 1365 727 1398 πρλις
740 1364 785 1390 τὸν
801 1365 947 1392 δεδωκότα.

158 1406 215 1434 Καὶ
229 1406 301 1433 οὕτω
329 1407 455 1441 διέμενεν
470 1408 575 1442 ἡμέρας
601 1409 650 1443 μὲν
665 1411 697 1444 τῇ
716 1411 810 1445 γραφῇ
828 1419 950 1446 προστα-

158 1452 317 1487 λαιπωρῶν,
339 1453 387 1480 καὶ
400 1453 438 1485 ὡς
457 1454 492 1480 τὰ
504 1453 563 1480 θεῖά
577 1455 743 1488 qualine,
758 1457 788 1482 τὸ
802 1456 882 1491 ἔργον
895 1457 949 1484 τῶν

156 1499 260 1533 χειρῶν
275 1499 358 1526 αὑτοῦ
387 1501 454 1535 πρὸς
487 1500 553 1528 Θεὸν
572 1502 766 1529 κατευθύνων·
790 1503 894 1535 νύκτας
920 1505 948 1532 δὲ

159 1546 256 1580 σχεδιν
274 1547 365 1578 πάσας
380 1548 419 1578 είς
444 1547 527 1582 εὐχὴν
546 1548 709 1580 ἀναλίσκων,
726 1550 773 1575 καὶ
791 1550 833 1576 διὰ
849 1551 949 1586 ταύτης

1009 311 1151 342 nobilitas.
1179 318 1208 339 ut
1235 313 1316 347 hujus
1347 314 1520 341 dominorum
1549 315 1658 342 virtutis
1682 316 1738 347 ille,
1762 320 1792 341 ιιι

1004 357 1092 389 aiunt,
1108 365 1169 385 esse
1184 363 1291 390 auctor,
1317 363 1344 385 et
1359 359 1434 386 visus
1458 359 1494 386 sil
1509 368 1605 387 servus
1629 366 1682 387 tam
1707 361 1791 388 multa

1003 402 1123 430 demittis
1142 403 1213 429 bona
1239 404 1413 431 conciliasse.
1440 403 1526 439 Cujus
1549 409 1577 431 et
1600 405 1653 432 alia
1680 405 1790 439 quidem

1003 448 1089 475 multa
1102 448 1261 479 laudantur,
1277 449 1370 476 ethoc
1385 450 1458 476 inter
1475 454 1583 482 ea-tcra,
1599 450 1671 484 quod
1690 451 1717 477 iu
1734 458 1793 477 mo-

1002 495 1141 527 nasteriis,
1164 503 1225 530 qute
1246 501 1326 522 erant
1354 496 1381 522 in
1406 496 1528 529 civitate,
1554 496 1641 530 portis
1669 496 1793 523 clavibus

1002 545 1076 567 recte
1092 541 1205 572 clausis,
1224 542 1247 568 is
1262 542 1428 576 intempesta
1443 546 1534 571 nocte.
1551 543 1661 568 nemine
1681 542 1706 568 ei
1728 549 1792 575 ape-

1004 586 1103 616 riente.
1121 587 1230 614 astabat
1246 588 1272 614 in
1294 588 1385 615 medio
1402 588 1600 615 monachorum
1623 589 1791 614 canentium.

1003 631 1087 666 quue
1104 640 1166 659 cum
1185 641 1238 660 non
1265 634 1363 665 semel,
1379 634 1426 661 sed
1441 641 1513 667 saepe
1527 634 1615 665 ﬁeret,
1631 633 1717 660 evasit
1736 641 1794 660 ma-

1001 677 1146 707 nifestum.
1171 677 1246 705 etde
1262 678 1313 705 bac
1330 686 1359 705 re
1375 686 1465 705 sermo
1484 683 1568 705 totam
1591 679 1715 713 implerit
1729 678 1794 718 civi:

1003 725 1097 749 tatem.
1122 721 1191 750 lluic
1215 728 1308 750 autem
1331 724 1461 759 ingenuo,
1486 724 1528 751 vel
1544 731 1610 751 vero
1637 724 1728 758 potius
1745 721 1792 750 Del

1001 774 1092 799 servo,
1107 776 1206 796 nomen
1235 775 1294 796 erat
1311 770 1468 797 Promotus.
1493 770 1543 797 llic
1555 777 1621 804 ergo
1635 769 1792 800 Promotus,

1001 812 1131 841 Marcello
1145 822 1255 849 quoque
1268 823 1324 842 non
1341 823 1427 850 pauca
1443 816 1475 843 ad
1499 816 1629 842 virtutem
1646 815 1722 842 dedit
1751 815 1794 841 iu-

1002 858 1163 886 citamenla.
1189 860 1217 886 In
1235 860 1287 887 hoc
1303 860 1378 887 enim
1406 861 1440 888 ab
1460 868 1493 888 eo
1513 861 1670 896 ponebatur
1697 867 1792 894 opera,

1001 908 1031 930 ut
1045 911 1106 938 qua
1122 905 1237 932 honesta
1257 910 1331 940 sunt;
1354 907 1476 942 undique
1498 907 1651 941 colligeret,
1687 911 1715 934 et
1734 911 1794 933 tan-

1004 958 1085 985 quam
1100 959 1134 978 ex
1151 952 1244 978 multis
1262 951 1377 979 ﬂoribus
1390 953 1443 980 sibi
1454 952 1564 980 virtutis
1576 959 1706 979 coronam
1726 960 1792 979 cou-

1003 1001 1120 1024 texerct.
1151 997 1219 1024 Cum
1243 998 1305 1024 aliis
1333 1006 1424 1025 autem
1460 998 1552 1031 bonis,
1578 1005 1639 1032 quae
1674 997 1793 1024 liabebat

1002 1043 1156 1075 Marcellus,
1182 1044 1234 1071 hoc
1264 1051 1374 1078 quoque
1397 1044 1422 1071 ei
1442 1044 1542 1075 inerat,
1558 1043 1631 1077 quod
1655 1043 1792 1071 scribebat

1003 1088 1198 1122 pulcherrime.
1219 1089 1364 1117 Scribebat
1381 1097 1459 1124 ergo,
1486 1094 1513 1116 et
1539 1089 1684 1116 laborabat
1706 1090 1793 1116 niani-

1004 1133 1078 1160 bus:
1098 1139 1126 1161 et
1153 1134 1302 1166 mercedis,
1323 1142 1384 1168 qua:
1410 1135 1484 1162 illinc
1507 1137 1531 1162 ei
1555 1134 1790 1170 suppeditabatur,

1002 1183 1108 1213 partem
1132 1179 1252 1214 aliquam
1280 1180 1459 1207 consumebat
1491 1180 1524 1208 ad
1552 1188 1617 1208 usus
1643 1179 1790 1214 corporis,

1002 1225 1136 1259 reliquam
1151 1233 1215 1252 vero
1231 1226 1372 1260 prabebat
1383 1227 1527 1261 egentibus
1555 1226 1612 1254 Una
1624 1230 1715 1253 autem
1729 1233 1791 1253 cum

1002 1271 1203 1303 misericordia,
1222 1279 1252 1298 se
1269 1277 1343 1299 recte
1372 1279 1482 1307 quoque
1500 1272 1615 1307 gerebat
1633 1272 1659 1298 in
1673 1271 1790 1306 iustitia.

1001 1316 1068 1343 Nam
1088 1318 1110 1344 si
1134 1318 1220 1352 major
1240 1318 1264 1345 ei
1291 1318 1379 1345 soluta
1395 1322 1470 1345 esset
1495 1326 1613 1347 merces.
1635 1325 1717 1352 quam
1742 1325 1791 1352 pro

1003 1363 1149 1398 scriptum
1163 1371 1259 1398 opera.
1279 1363 1324 1390 ille
1350 1371 1404 1390 uou
1421 1364 1576 1391 sustinebat
1592 1371 1599 1390 :
1617 1363 1665 1390 sed
1682 1363 1703 1389 si
1724 1363 1790 1397 quid

1000 1413 1060 1436 erat
1077 1409 1206 1444 amplius,
1227 1409 1362 1436 reddebat
1376 1409 1401 1436 ei
1422 1409 1469 1442 qui
1486 1409 1612 1435 dederat.
1639 1408 1673 1434 Et
1690 1408 1729 1434 sic
1747 1407 1788 1433 in-

1003 1455 1091 1482 terdiu
1108 1455 1219 1489 quidem
1236 1454 1429 1490 perseverabat
1446 1455 1570 1481 laborare
1585 1454 1611 1481 iu
1632 1453 1790 1484 scribendo,

1000 1505 1029 1528 et
1041 1501 1112 1528 sicut
1129 1501 1206 1527 aiunt
1223 1501 1315 1528 divina
1336 1501 1462 1534 Efoquia,
1487 1508 1556 1535 opus
1580 1507 1709 1527 manuum
1729 1506 1790 1526 sua-

1004 1554 1065 1574 rum
1092 1547 1234 1582 dirigens:
1253 1551 1335 1573 totam
1364 1552 1454 1574 autem
1480 1547 1537 1574 fere
1562 1552 1670 1574 noctem
1689 1553 1791 1572 consu-

158 1592 246 1626 ήδὲως
264 1592 367 1627 όμιλῶν
376 1593 435 1627 Θεῷ
450 1596 496 1619 καὶ
511 1593 666 1628 ἐνούμενος.
684 1595 715 1621 Εἰ
729 1595 757 1622 δέ
777 1604 828 1622 που
842 1597 888 1622 καὶ
906 1605 949 1631 μι-

1005 1592 1095 1618 ntebat
1121 1591 1147 1618 in
1164 1592 1299 1622 oratione,
1323 1597 1350 1619 et
1367 1600 1414 1626 per
1432 1600 1491 1619 eam
1508 1600 1570 1619 cum
1587 1593 1642 1619 Deo
1670 1592 1791 1626 jucunde

158 1639 225 1673 κράν
237 1647 265 1665 τι
280 1638 320 1673 τῷ
345 1637 422 1673 ὕπνῳ
445 1640 578 1674 ἀπένειμε
595 1640 628 1666 δι’
651 1641 736 1675 αὐτὴν
757 1641 882 1677 ἀνάγκην
904 1643 951 1669 τοῦ

159 1684 299 1718 σώματος,
322 1684 380 1711 ἀλλ’
396 1684 457 1712 οὐδὲ
481 1685 556 1720 αὑτῷ
573 1686 669 1712 ἄνετον
683 1685 726 1722 ἦν,
748 1687 806 1713 ἀλλ’
821 1688 952 1715 ἐπίπονον

157 1730 208 1756 καὶ
229 1730 446 1766 κεκολασμένον.
462 1730 541 1757 Οὕτω
554 1733 608 1763 πᾶς
627 1733 641 1758 ὁ
658 1732 754 1767 χρόνος
772 1733 847 1768 αὐτῴ
864 1735 954 1761 πόνων

158 1784 189 1802 τε
215 1776 264 1802 καὶ
279 1775 372 1803 κόπων
384 1777 431 1804 καὶ
445 1776 559 1811 ἀγώνων
576 1779 673 1812 μεστὸς
690 1776 734 1814 ἦν.

195 1857 235 1882 Δ’.
248 1855 382 1887 Ἀκούσας
397 1856 425 1883 δέ
442 1865 502 1883 τινα
515 1856 693 1892 Ἀλέξανδρον
707 1859 776 1893 πρὸς
792 1860 840 1895 τὴν
853 1861 952 1896 ἀρετὴν

158 1901 363 1937 ἁπαράιιιλλον,
384 1901 474 1937 πλ;’,ρη
496 1902 546 1937 μὲν
560 1903 667 1936 σοφίας,
684 1903 774 1939 πλήρη
792 1905 820 1931 δὲ
837 1913 953 1939 ποιμαν-

158 1949 240 1984 cui};
263 1948 406 1983 ἀκριϐείας
423 1949 469 1974 καὶ
484 1948 579 1983 ψυχῶν
598 1951 776 1984 προστασίας,
790 1951 834 1976 ἐπὶ
848 1951 952 1978 πολλῶν

158 1994 221 2020 τότε
236 1993 359 2029 σωτηρίᾳ
367 1994 400 2029 τῇ
412 1993 546 2025 Βύζαντος
557 1995 784 2029 ἐπιχωριάζοντα,
797 1996 887 2023 οὐκέτι
898 1999 953 2028 τοῖς

159 2039 284 2076 παροῦσι
301 2040 393 2074 μένειν
411 2040 518 2074 ἠγάπα,
547 2041 616 2067 ἀλλὰ
631 2041 786 2076 κρείττονος
810 2043 953 2078 ἐφιέμενος

158 2085 288 2120 ἀγωγῆς,
304 2086 317 2112 ὃ
335 2094 363 2112 τι
377 2085 493 2120 τάχιστα
510 2086 578 2121 πρὸς
593 2081 674 2114 αὑτὸν
693 2087 799 2122 ἐφοίτα.
823 2089 878 2115 Καὶ
892 2089 953 2116 τότε

160 2132 214 2167 μὲν
225 2132 240 2158 ό
251 2131 323 2163 θεῖος
339 2131 516 2167 Ἀλέξανδρος
536 2134 603 2168 πρὸς
619 2134 658 2168 τῷ
674 2134 741 2169 ἱερῷ
755 2135 822 2170 οῐκῳ
839 2135 886 2162 τοῦ
907 2144 954 2170 με-

159 2177 248 2213 γάλου
261 2179 289 2204 ἐν
302 2178 424 2214 μάρτυσι
439 2179 489 2214 τὴν
504 2179 622 2215 ἄσκησιν
635 2180 809 2207 ἐπεδείκνυτο
820 2189 827 2195 ·
840 2180 953 2216 ὕστερον

157 2225 187 2252 δὲ
216 2224 288 2259 προς
321 2224 395 2260 αὑτῷ
416 2226 456 2261 τῷ
486 2225 534 2252 τοῦ
565 2227 666 2253 Πόντου
699 2226 814 2262 στόματι
852 2227 952 2262 σεμνὸν

160 2270 284 2307 ἱδρύεται
313 2272 532 2306 φροντιστήριον.
559 2272 645 2303 Οὗτος
674 2272 722 2299 καὶ
742 2273 825 2308 νόμον
845 2274 952 2308 εἰσάγει
969 2272 990 2300 D

160 2317 258 2344 καινὸν
277 2317 337 2352 μὲν,
352 2317 421 2344 ἀλλά
437 2317 491 2344 τῶν
502 2319 660 2353 ἁπανταχοῦ
688 2319 833 2347 κάλλιστον
844 2328 850 2335 ·
869 2321 951 2355 μηδέ-

160 2371 227 2390 non:
243 2371 298 2389 των
309 2363 348 2394 εἰς
360 2362 426 2389 Θεδν
441 2363 535 2397 ὕμνων
554 2365 586 2390 τὸ
614 2364 726 2399 συνεχὲς
745 2365 951 2398 διακόπτεσθαι,

160 2408 232 2435 ἀλλά
250 2410 283 2445 τῇ
311 2408 382 2436 κατὰ
394 2408 518 2445 διαδοχὴν
542 2409 598 2436 τῶν
618 2410 848 2446 λειτουργούντων
869 2411 953 2437 ὑπαλ-

162 2454 234 2489 λιγῇ
264 2453 315 2489 τὴν
333 2454 464 2490 ἀσίγητον
486 2455 589 2490 ’ταύτην
607 2456 655 2482 καὶ
678 2455 817 2482 ἄπαυστον
841 2455 880 2490 τῷ
906 2457 954 2481 Δε-

161 2502 251 2536 σπότῃ
277 2501 478 2536 περιποιεῖσθαι
504 2501 671 2536 δοξολογίαν.
702 2503 747 2537 Τῷ
771 2502 837 2536 θεὶῳ
862 2502 953 2529 τοίνυν

169 2546 341 2582 Ἀλεξάνδρῳ
360 2547 406 2573 τὸν
435 2547 596 2581 Μάρκελλον
613 2549 702 2574 ἐκεῖσε
727 2548 952 2583 παραγενόμενον

161 2593 175 2620 ό
191 2594 314 2628 χρηστοί
333 2593 445 2619 συνίστα
459 2593 602 2625 Ἰάκωϐος,
627 2594 656 2625 ὃς
673 2594 794 2628 συνήθης
814 2594 864 2629 μὲν
886 2593 953 2628 πρό-

161 2646 240 2675 τερον
254 2639 373 2674 ἐγενήθη
398 2639 568 2674 Μαρκέλλῳ,
589 2638 759 2675 Ἀλεξάνδρῳ
777 2641 804 2666 δὲ
819 2640 952 2675 φοιτήσας

163 2685 272 2719 πρῶτος
301 2685 375 2720 αὐτῷ
399 2686 428 2712 ἐν
460 2685 595 2721 μαθηταῖς
614 2684 658 2722 ἦν.
687 2684 773 2719 Οὗτος
792 2687 885 2722 ἔχαιρε
901 2688 952 2722 μέν

168 2730 339 2766 Ἀλεξάνδρῳ
364 2731 587 2767 μαθητευόμενος
600 2753 608 2766 ,
631 2733 692 2767 ἡνία
714 2733 741 2759 δέ
760 2733 840 2759 αὐτὸν
855 2734 896 2760 ὅτι
913 2735 951 2770 μὴ

164 2777 211 2803 καὶ
227 2777 391 2812 Μάρκελλον
405 2775 462 2812 εἷχε
482 2779 684 2814 συμφοιτητήν.

199 2869 237 2896 E‘.
253 2869 330 2904 Ἐπεὶ
340 2869 388 2895 οὖν
405 2870 452 2897 καὶ
466 2870 567 2905 ἥκοντα
586 2869 667 2902 εἶδεν,
685 2870 801 2906 ἄσμενος
817 2873 950 2906 προσάγει

164 2914 203 2952 τῷ
212 2914 377 2951 διδασκάλῳ,
389 2916 447 2944 καὶ.
466 2912 552 2949 Οὗτός
562 2917 631 2952 ἐστι,
643 2917 728 2952 λέγει,
742 2917 839 2954 πάτερ,
853 2918 881 2950 ὃς
897 2919 951 2955 ἄρα

1005 1637 1181 1672 loquebatur,
1199 1642 1226 1664 et
1242 1638 1265 1664 ei
1290 1637 1447 1665 uniebatur.
1472 1638 1500 1666 Si
1523 1646 1588 1665 vero
1604 1645 1701 1672 parum
1722 1638 1790 1672 quid

1004 1691 1101 1711 somno
1117 1691 1226 1718 quoque
1250 1684 1383 1711 tribueret
1398 1692 1509 1719 iropter
1527 1683 1717 1711 necessitatem
1729 1691 1790 1710 cor~

1006 1729 1091 1764 poris,
1109 1738 1143 1757 ne
1160 1730 1212 1757 hoc
1227 1729 1338 1764 quidem
1353 1736 1413 1757 erat
1430 1730 1590 1761 remissum,
1607 1731 1654 1757 sed
1673 1729 1790 1756 laborio-

1005 1783 1066 1803 sum
1083 1782 1112 1803 et
1129 1777 1302 1811 castigatum.
1323 1777 1369 1804 Sic
1383 1777 1408 1804 ei
1426 1777 1585 1804 universum
1605 1781 1711 1810 tempus
1732 1780 1791 1803 erat

1005 1821 1146 1849 laboribus
1163 1822 1273 1856 plenum
1291 1827 1319 1850 et
1332 1823 1540 1850 certaminibus.

1038 1866 1082 1893 lV.
1112 1866 1179 1894 Cum
1195 1872 1286 1898 autem
1309 1867 1441 1895 audiisset
1472 1861 1668 1900 Alexandrum,
1699 1868 1806 1895 virum.

1004 1913 1149 1947 quemdam
1164 1913 1265 1940 virtute
1281 1913 1535 1948 incomparabilem.
1551 1913 1662 1948 plenum
1678 1913 1788 1948 quidem

1004 1959 1149 1994 sapientia,
1167 1960 1278 1993 plenum
1299 1965 1325 1987 et
1342 1961 1473 1994 pastorali
1489 1960 1675 1987 sollicitudine
1687 1965 1716 1986 et
1729 1958 1790 1986 dili-

1003 2004 1094 2039 gentia
1112 2012 1231 2038 curaque
1246 2005 1409 2037 animarum,
1426 2006 1459 2032 ad
1474 2006 1623 2032 multorum
1640 2009 1704 2032 tunc
1717 2004 1791 2031 salu-

1006 2056 1060 2078 tenz
1076 2050 1176 2085 degere
1199 2050 1334 2086 Byzantii.
1362 2059 1414 2078 non
1436 2051 1513 2078 duxit
1529 2058 1590 2079 esse
1605 2051 1656 2078 sibi
1677 2058 1790 2077 manen-

1004 2095 1069 2122 dum
1095 2095 1122 2122 iu
1158 2096 1338 2129 praesentibus
1357 2105 1363 2122 :
1381 2096 1427 2124 sed
1453 2097 1617 2124 desiderans
1646 2096 1788 2123 meliorem

1004 2141 1066 2168 vitae
1086 2141 1301 2173 institutionem,
1316 2141 1349 2168 ad
1365 2149 1428 2168 eum
1446 2141 1522 2168 venit
1536 2149 1616 2176 quam
1634 2141 1787 2168 celerrime.

1004 2187 1038 2214 Et
1066 2192 1135 2220 tunc.
1152 2187 1264 2221 quidem
1292 2187 1403 2214 divinus
1431 2187 1585 2214 Alexander
1619 2188 1646 2214 in
1688 2187 1788 2221 templo

1005 2233 1094 2268 magni
1111 2234 1238 2268 martyris
1253 2233 1338 2260 Mena:
1361 2233 1543 2261 exercebatur
1559 2242 1565 2266 ;
1588 2238 1682 2268 postea
1696 2238 1787 2259 autem

1006 2279 1032 2305 iu
1058 2279 1119 2313 ipso
1135 2287 1244 2314 quoque
1271 2280 1340 2307 ostio
1368 2280 1446 2307 Ponti
1471 2281 1658 2306 venerandum
1692 2279 1789 2306 statuit

1005 2325 1214 2352 monasterium.
1239 2325 1267 2352 lu
1289 2333 1344 2360 quo
1372 2333 1471 2352 novam
1495 2325 1619 2360 quidem,
1642 2325 1689 2352 sed
1708 2325 1787 2359 longe

1004 2371 1128 2398 omnium
1140 2371 1363 2406 pulcherrimam,
1377 2371 1463 2406 legem
1479 2372 1617 2406 imposuit,
1630 2376 1659 2398 ut
1674 2372 1788 2406 hymno-

1005 2425 1063 2444 rum
1081 2416 1114 2443 ad
1132 2417 1217 2444 Deum
1233 2425 1372 2452 nunquam
1386 2417 1634 2452 interruluperetur
1648 2417 1788 2452 perpetui-

1005 2467 1055 2494 tas,
1086 2461 1133 2488 sed
1146 2469 1194 2496 per
1207 2462 1279 2488 vices
1295 2462 1406 2489 mutatis
1422 2462 1564 2493 ministris,
1578 2462 1634 2489 haec
1647 2469 1788 2495 nunquam

1005 2507 1090 2534 silens
1107 2512 1135 2534 et
1153 2515 1292 2542 uuuquam
1316 2508 1518 2542 conquiescens
1538 2507 1707 2535 tribueretur
1732 2507 1788 2534 Deo

1003 2553 1177 2589 gloriﬁcatio.
1186 2554 1284 2581 Diviuo
1297 2561 1362 2589 ergo
1376 2553 1532 2581 Alexandro
1543 2553 1710 2585 Marcellum,
1724 2560 1788 2580 cum

1005 2600 1070 2627 illuc
1088 2599 1259 2632 accessisset,
1285 2601 1373 2627 bonus
1392 2600 1567 2627 commendat
1582 2599 1699 2627 Jacobus
1715 2607 1722 2625 :
1740 2598 1787 2633 qui

1005 2646 1081 2681 prius
1094 2646 1206 2681 quidem
1224 2646 1351 2673 Marcello
1365 2646 1455 2673 fuerat
1467 2645 1606 2672 familiaris
1623 2654 1630 2672 :
1644 2652 1706 2672 cum
1722 2652 1786 2671 ven-

1005 2691 1111 2719 titasset
1128 2696 1220 2718 autem
1235 2691 1269 2718 ad
1286 2691 1470 2718 Alexandrum
1482 2710 1490 2722 ,
1505 2695 1565 2718 erat
1579 2691 1605 2718 ei
1621 2691 1726 2725 primus
1746 2690 1788 2717 in-

1005 2743 1046 2764 ter
1060 2737 1220 2772 discipulos.
1245 2737 1268 2764 Is
1290 2745 1357 2765 vero
1380 2737 1519 2772 gaudebat
1536 2737 1647 2769 quidem
1675 2744 1704 2764 se
1727 2744 1787 2764 esse

1003 2783 1149 2810 Alexandri
1165 2783 1346 2817 discipulum;
1367 2783 1438 2812 male
1463 2787 1554 2811 autem
1570 2791 1633 2811 eum
1659 2783 1788 2816 habebat,

1004 2827 1077 2863 quod
1096 2836 1149 2856 non
1164 2829 1197 2855 ad
1214 2829 1302 2863 ipsum
1321 2836 1431 2863 quoque
1456 2828 1605 2856 ventitaret
1630 2828 1785 2856 Marcellus.

1040 2873 1071 2901 V.
1089 2872 1233 2908 Postquam
1251 2880 1318 2908 ergo
1333 2880 1395 2900 eum
1411 2872 1479 2900 vidit
1492 2872 1659 2904 venientem,
1675 2879 1738 2899 eum
1752 2871 1786 2898 li-

1005 2918 1101 2947 bentcr
1117 2918 1228 2946 adducit
1243 2918 1276 2946 ad
1291 2918 1461 2954 magistratu,
1477 2924 1515 2952 et,
1545 2918 1595 2946 llic
1608 2922 1662 2952 est,
1687 2917 1782 2952 inquit
