2060 3153
250 216 299 247 731

862 218 1004 248 MENSIS
1026 217 1244 248 DECEMBER.

1826 216 1882 248 732

250 278 301 308 vit,
313 281 342 304 et
354 277 446 303 statitn
480 277 582 304 Paulus
602 276 715 312 quidem
746 277 896 304 convaluit.
927 276 1040 311 Magnus

1094 279 1144 314 μὲν
1161 280 1226 313 ῥᾷον
1236 278 1351 312 ἐγίνετο.
1376 277 1406 303 '0
1422 277 1509 312 μέγας
1523 276 1551 302 δὲ
1563 275 1610 302 τὴν
1627 275 1790 310 ὑπογραφὴ
1809 275 1880 300 Και-

252 327 342 349 autem
359 322 505 349 Marcellus
523 323 659 350 accersito
684 322 814 351 Caesario.
833 323 916 357 jussit
943 321 1039 348 horam

251 367 354 402 signari
371 376 378 394 :
395 368 482 400 Unus,
498 367 603 399 dicens,
616 376 649 396 ex
666 368 810 399 fratribus,
824 368 871 402 qui
887 371 929 394 est
944 367 1040 401 procul

250 421 265 440 a
283 413 374 445 nobis,
394 417 422 440 ct
444 418 485 440 est
503 413 578 448 gravi
599 413 696 440 morbo
714 420 874 447 oppressus,
900 412 998 438 asserit
1012 419 1040 439 sc

253 459 321 485 nihil
338 459 478 493 accepisse
505 458 632 485 utilitatis
643 466 675 485 ex
688 465 748 485 mea
765 457 798 484 ad
812 457 957 484 Dominum
966 465 1041 484 com-

252 503 441 530 mendatione.
467 502 519 530 Sed
538 510 622 537 prope
637 508 680 529 cst
694 502 827 528 Dominus
837 501 976 533 omnibus,
992 501 1038 535 qui

252 550 380 576 invocant
407 557 468 576 eum
497 549 523 576 in
549 550 676 582 veritate,
702 554 731 575 et
755 556 851 575 eorum
882 548 928 582 qui
948 547 1038 582 ipsum

251 595 362 626 timent,
376 594 458 622 faciet
474 595 657 626 voluntatem,
685 599 712 621 et
727 601 823 621 eorum
842 600 937 628 preces
957 600 1041 619 exau-

252 640 320 669 diet.
332 645 361 667 et
374 641 415 667 eis
432 640 509 668 dabit.
521 641 648 668 salutem.
673 639 736 666 Haec
758 640 780 666 is
801 639 911 674 quidem
937 639 1041 666 descri-

252 686 325 721 psit;
338 686 383 713 ille
400 694 464 713 vero
481 686 631 717 convaluit.
653 691 680 713 et
700 693 830 713 reversus
850 689 903 712 est.
925 686 1040 712 Ostensa

253 740 294 761 est
308 739 400 761 autem
416 736 565 768 scriptura,
583 739 610 761 et
625 735 721 761 eadem
754 734 820 761 hora
841 734 983 760 inventum
999 737 1042 760 est

254 781 368 808 Paulum
380 781 551 808 convaluisse
565 781 689 816 Ancyrae,
704 785 732 808 et
747 780 896 808 Caesarium
911 780 1041 814 scripsis-

253 833 283 852 se
295 826 321 852 in
332 827 510 853 monasterio.

290 872 385 900 XXVI.
402 873 473 899 Deus
492 873 641 907 aliquando
653 877 754 900 terram
770 873 885 900 vexabat
903 872 985 904 fante,
999 879 1042 898 ca-

253 926 307 953 que
323 919 403 950 fame,
416 927 469 953 qua
480 919 572 946 nescio
583 926 617 946 an
632 919 688 946 ulla
713 926 834 953 unquam
859 918 942 945 fuerit
953 918 1040 944 -dcte-

254 966 322 992 rior.
338 965 494 992 Monasterii
509 969 601 992 atttem
616 965 710 992 horrei
735 965 880 1000 pmfvctus
909 964 1042 997 Malchus,

254 1012 301 1046 qui
315 1011 484 1038 frumentum
503 1011 699 1046 suppeditabat
716 1011 878 1045 pistoribus,
900 1015 1041 1045 postquam

256 1058 415 1083 universum
443 1057 501 1084 fere
543 1062 738 1091 consutnptum
764 1057 851 1084 fuerat
881 1056 1044 1090 (suﬁicieb.-t

253 1102 326 1130 enim
341 1110 377 1129 ne
387 1102 422 1129 ad
444 1106 515 1129 totos
533 1103 644 1137 quidem
670 1102 766 1129 decem
786 1101 856 1133 dies,
880 1107 908 1129 et
928 1109 1042 1129 neceSse

253 1153 312 1175 erat
330 1149 402 1176 fame
416 1149 508 1183 perire
524 1149 697 1182 monachos),
711 1148 819 1176 accedit
830 1148 864 1174 ad
880 1148 1042 1182 praeclarum

252 1194 425 1225 Marcellum,
449 1200 474 1222 et
493 1195 517 1222 ei
531 1195 671 1222 renuntiat
697 1195 869 1222 frumcntqu
893 1202 953 1222 esse
976 1202 1042 1228 con-

254 1246 408 1275 sumptum.
421 1241 443 1266 A
456 1248 511 1274 quo
527 1241 644 1272 audivit,
663 1246 692 1267 ut
706 1240 808 1267 faceret
822 1248 881 1274 quae
897 1248 1045 1267 consueve-

252 1293 306 1319 rat,
327 1291 354 1314 et
372 1287 456 1314 bocei
468 1287 550 1313 nullae
565 1294 625 1313 esse
641 1294 723 1313 curze.
743 1286 790 1313 Ille
811 1286 962 1313 arbitratus
979 1294 1042 1313 enin

253 1341 365 1368 sperare
378 1333 507 1360 alicunde
523 1332 683 1359 solvendam
700 1339 761 1359 esse
779 1332 911 1365 inopiam,
939 1332 1043 1366 absque

254 1379 309 1405 ulla
329 1378 517 1405 sollicitudine
545 1377 733 1411 suppeditavit
749 1377 821 1404 sicut
852 1383 1043 1404 consueverat.

254 1423 384 1456 Quinque
396 1422 531 1456 deinceps
550 1422 610 1449 dies
625 1422 820 1456 praeterierunt
835 1431 841 1448 ε
855 1427 882 1449 ct
896 1430 958 1450 cum
973 1423 1043 1450 nihil

254 1469 393 1497 evenisset
407 1476 504 1496 eorum
517 1476 577 1503 qua:
595 1468 732 1503 sperabat,
749 1476 845 1496 rursus
866 1469 943 1501 dicit,
972 1474 1000 1496 et
1018 1470 1043 1497 ei

254 1522 365 1542 causam
379 1519 490 1541 revocat
511 1514 537 1540 in
552 1514 724 1541 memoriam.
748 1514 831 1541 Audit
853 1522 918 1542 vero
935 1514 1042 1542 eadem.

253 1560 400 1594 Postquam
416 1563 507 1586 autern
518 1559 551 1586 ad
568 1560 637 1586 alios
651 1567 762 1594 quoque
777 1559 846 1586 duos
859 1560 1041 1594 consumpsit,

1057 944 1080 972 Β

1094 325 1190 359 σάριον
1211 323 1468 359 μετακαλεσάμενος
1493 319 1718 356 ἐπισημήνασθαι
1732 320 1782 354 τὴν
1803 319 1878 354 ὥραν

1092 371 1229 402 ἐκέλευεν,
1244 367 1302 401 Εἷς,
1321 369 1421 403 λέγων,
1435 369 1488 394 τῶν
1502 366 1626 400 ἀδελφῶν
1641 366 1720 400 ἡμῶν
1735 365 1883 400 πόρρωθεν

1091 417 1153 447 ἄρτι
1183 415 1269 441 τελῶν
1287 415 1332 441 καὶ
1350 414 1420 448 νόσῳ
1436 412 1533 447 βαρείᾳ
1562 411 1728 445 κατάσχετος
1745 409 1878 443 γεγονὼς,

1091 462 1169 488 οὐδὲν
1187 463 1218 488 ὲκ
1230 462 1279 496 τῆς
1294 460 1372 495 ἡμῶν
1389 459 1525 492 ὠφελείας
1541 457 1609 491 πρὺς
1633 456 1739 491 Κύριον
1757 455 1879 490 παραθέ-

1092 517 1162 538 σεως
1188 507 1371 534 ὃιατείνεται·
1401 505 1458 531 ἀλλ’
1490 505 1573 538 ἐγγὺς
1598 503 1700 537 Κύριος
1725 503 1794 529 πᾶσι
1821 503 1879 533 τοῖς

1091 553 1319 587 ἐπικαλουμένοις
1344 551 1423 578 αὐτὸν
1439 551 1467 576 ἐν
1492 549 1616 584 ἀληθείᾳ,
1633 549 1679 575 καὶ
1705 548 1814 582 θέλημα
1825 548 1879 574 τῶν

1091 600 1268 634 φοϐουμένων
1284 599 1366 626 αὑτὸν
1380 600 1498 632 ποιήσει,
1519 597 1567 623 καὶ
1584 596 1634 629 τῆς
1648 595 1768 629 δεήσεως
1789 593 1879 620 αὐτῶν

1091 646 1284 672 εὶσακούσεται
1315 646 1362 672 καὶ
1390 644 1475 670 σώσει
1512 642 1625 673 αὐτούς.
1668 641 1762 667 Ταῦτα
1788 641 1802 666 ὁ
1829 640 1878 674 μὲν

1091 693 1280 727 ἀπεγράφετο,
1290 693 1303 718 ὁ
1314 692 1341 718 δὲ
1353 692 1468 726 ἔρρωτο,
1480 689 1530 716 καὶ
1540 689 1686 723 ἐπανῆκεν.
1703 688 1734 714 Ἡ
1743 687 1771 713 δὲ
1785 686 1880 721 γραφὴ

1091 740 1240 772 ἐδεὶκνυτο,
1253 740 1300 766 καὶ
1312 739 1373 764 κατ’
1389 738 1474 772 αὐτὴν
1495 735 1595 771 εὑρέθη
1610 735 1660 770 τὴν
1678 734 1754 768 ὤραν
1774 733 1880 763 Παῦλος

1093 787 1205 820 ὑγιάνας
1223 787 1252 812 ὲν
1270 785 1405 819 Ἀγκύρᾳ,
1432 784 1480 810 καὶ⁸
1498 783 1648 817 Καισάριος
1674 780 1782 815 γράψας
1798 781 1828 806 ἐν
1845 780 1879 814 τῇ

1092 836 1171 868 μονῇ.

1128 877 1200 911 κςτ.
1224 877 1341 904 Ἐκάκου
1357 877 1424 902 ποτὲ
1439 875 1489 911 τὴν
1504 876 1555 910 γῆν
1578 875 1591 900 ὁ
1605 875 1670 906 Θεδς
1696 874 1780 908 λιμῷ,
1808 871 1880 905 λιμῷ

1092 926 1143 952 οὐκ
1157 924 1216 952 οἶδα
1230 926 1256 951 εί
1274 933 1340 950 ποτε
1353 925 1450 950 τούτου
1461 924 1575 958 χείρονι.
1596 923 1627 949 Ὀ
1637 923 1666 949 δέ
1680 931 1712 956 γε
1729 922 1779 956 τῆς
1796 920 1882 955 μονῆς

1094 971 1259 1006 ταμειοῦχος
1272 970 1319 996 τοῦ
1335 970 1410 995 σίτου
1422 969 1533 1002 Μάλχος
1548 968 1604 999 τοῖς
1615 967 1773 1002 ἀρτοποιοῐς
1787 973 1817 990 τε
1830 965 1880 990 αὖ·

1092 1018 1147 1044 τῶν
1183 1015 1402 1051 καταχορηγῶν,
1431 1015 1494 1041 ἐπεὶ
1522 1014 1658 1044 ἀνάλωτος
1686 1011 1779 1047 σχεδὸν
1808 1011 1881 1040 ita;

1095 1064 1230 1098 (ἐπήρκει
1247 1064 1301 1096 γὰρ
1318 1062 1348 1088 οὐ
1364 1062 1431 1087 δέκα
1445 1061 1508 1091 ὅλας
1530 1059 1645 1094 ἡμέρας,
1665 1059 1711 1084 καὶ
1725 1055 1759 1092 ἧν
1773 1057 1881 1089 ἀνάγλη

1095 1110 1169 1136 πᾶσα
1184 1108 1329 1143 λιμώττειν
1338 1109 1402 1138 τοὺς
1417 1106 1581 1141 μοναχοὺς),
1595 1105 1709 1139 προσῄει
1724 1111 1754 1128 τε
1768 1103 1806 1136 τῷ
1819 1110 1881 1134 γενο

1094 1156 1162 1190 ναίῳ
1187 1156 1235 1181 καὶ
1253 1155 1282 1180 τὸ
1300 1152 1457 1186 ἀνηλῶσθαι
1485 1151 1561 1185 αὐτῷ
1576 1151 1622 1176 τὸν
1649 1151 1722 1176 σῖτον
1737 1147 1880 1182 ἀγγέλλει.

1096 1202 1197 1227 Ἤκουε
1205 1200 1233 1226 δὲ
1248 1199 1379 1234 πράττειν
1393 1198 1427 1224 τὰ
1440 1197 1555 1223 εἰωθότα
1569 1197 1616 1222 καὶ
1629 1195 1715 1230 μηδὲν
1727 1193 1802 1228 αὕτῷ
1815 1192 1882 1226 περὶ

1093 1247 1188 1274 τούτου
1207 1246 1326 1281 μέλλειν.
1358 1244 1388 1270 ’0
1400 1244 1429 1271 δὲ
1450 1244 1564 1277 νομίσας
1579 1242 1692 1269 ἄλλοθεν
1708 1240 1783 1274 αὑτῷ
1797 1240 1881 1264 ποῢεν

1094 1293 1216 1325 ἐλπίζειν
1233 1292 1282 1327 τὴν
1299 1291 1416 1325 ἀπορίαν
1430 1289 1606 1322 λυθήσεσθαι,
1624 1287 1767 1321 ἄφροντις.
1786 1285 1880 1320 ὥσπερ

1094 1339 1199 1370 εἴωθεν,
1216 1338 1353 1372 ἐχορήγει.
1372 1337 1456 1362 Πέντε
1469 1334 1533 1367 ἑξῆς
1549 1332 1690 1368 παρῆὶθον
1706 1332 1819 1367 ἡμέραι,
1833 1331 1882 1357 καὶ

1096 1385 1180 1420 μηδὲν
1195 1381 1232 1410 ὧν
1247 1383 1362 1418 ἤλπισεν
1389 1381 1563 1414 ἀπαντῆσαν,
1592 1379 1693 1414 φράζει
1717 1378 1810 1407 πάλιν,
1833 1377 1882 1403 καὶ

1095 1432 1159 1465 περὶ
1172 1431 1221 1465 τῆς
1235 1430 1325 1460 αἰτίας
1348 1428 1564 1462 ἀναμιμνήσκει.
1582 1425 1688 1451 Ἀκούει
1702 1425 1729 1450 δὲ
1743 1424 1777 1449 τὰ
1798 1423 1879 1449 αὑτά.

1099 1479 1144 1509 Ὠς
1158 1478 1186 1504 δὲ
1200 1478 1246 1503 καὶ
1261 1477 1307 1502 ἐπὶ
1327 1475 1410 1505 ἄλλας
1429 1474 1536 1509 ἡμέρας
1550 1472 1597 1499 δύο
1620 1470 1774 1505 ὲξεδαπάνα
1789 1470 1836 1496 καὶ
1850 1469 1881 1495 τὸ

1096 1523 1178 1559 μηδὲν
1191 1523 1231 1548 ἔτι
1260 1513 1398 1556 ληφθῆναι
1412 1520 1443 1546 οὐ
1458 1519 1553 1555 πόρῤω
1570 1526 1621 1544 που
1648 1515 1718 1543 εἶναι
1733 1516 1850 1550 ἑωρᾶτο,
1867 1514 1882 1540 ὸ

1095 1571 1145 1606 μὲν
1161 1569 1241 1596 πάλιν
1257 1566 1461 1601 τεταραγμένος
1479 1565 1620 1599 πρόσεισιν
1631 1571 1638 1577 ·
1653 1563 1666 1589 ὸ
1678 1562 1706 1588 δὲ
1719 1560 1834 1590 ἐπιστὰς
1847 1561 1879 1594 τῇ

251 1610 280 1633 et
297 1613 352 1632 non
374 1605 489 1632 multum
511 1605 607 1632 abesse
629 1605 782 1636 videretur,
798 1605 865 1639 quin
892 1609 964 1631 esset
981 1604 1040 1630 uni-

1094 1604 1235 1650 σιτοθήκῃ,
1267 1614 1370 1640 ὠδίνων
1387 1612 1472 1646 αὐτὴν
1494 1610 1595 1641 εὐθέως
1610 1609 1710 1644 πληροῖ
1734 1607 1781 1634 καὶ
1800 1606 1880 1633 τόκου

252 1660 364 1680 versum
388 1658 594 1687 consumptum,
619 1652 664 1678 ille
682 1652 793 1686 quidem
817 1659 913 1678 rursus
935 1652 1041 1678 accedit

253 1698 448 1726 conturbatus.
477 1697 622 1725 Marcellus
646 1705 711 1724 vero
735 1697 826 1723 statim
850 1697 985 1724 accedens
1007 1697 1041 1724 τι]

254 1746 398 1776 horreum,
415 1744 572 1778 parturiens
599 1744 625 1770 id
649 1744 742 1770 statim
771 1743 876 1777 implet,
896 1747 924 1770 et
946 1743 1042 1777 incipit

252 1798 352 1826 parere
374 1799 380 1815 :
393 1795 421 1816 et
439 1789 512 1823 quod
527 1789 751 1820 estatlmirabile,
763 1795 791 1815 et
805 1795 916 1815 omnem
930 1794 1043 1823 superat

253 1835 400 1865 rationem,
415 1834 535 1868 quandiu
551 1833 644 1860 dictus
654 1833 765 1867 quidem
778 1833 900 1860 Malchus
912 1834 1043 1860 metieba-

255 1887 299 1908 tur
325 1880 492 1907 frumentum
512 1880 656 1906 videbatur
670 1879 798 1911 diminui,
814 1885 841 1905 ct
857 1879 954 1906 minari
968 1879 1044 1906 lutu-

254 1935 312 1955 ram
327 1935 389 1954 mox
404 1932 566 1961 egestatem.
582 1926 650 1954 Cum
678 1930 770 1952 autem
794 1925 928 1960 postridie
943 1926 1042 1961 ingre-

254 1974 378 2004 deretur,
393 1974 488 2000 cadi-tn
507 1972 668 2005 magnitudo
696 1977 756 1999 erat
777 1977 805 1999 et
820 1971 891 1999 idem
905 1973 1042 2008 cumulus,

254 2025 281 2048 ct
294 2021 441 2055 apparebat
455 2019 580 2054 perinde,
601 2027 632 2046 ac
659 2019 683 2046 si
699 2027 735 2046 uc
751 2027 847 2054 parum
878 2019 944 2053 quid
971 2025 1043 2047 esset

254 2068 376 2094 ablatum
389 2067 488 2102 pridie.
505 2066 584 2099 Quod
597 2074 662 2093 vero
678 2066 736 2093 haec
749 2074 803 2092 non
817 2067 1043 2102 essentdcceptio

253 2114 411 2144 oculorum.
431 2113 511 2140 fidem
532 2112 598 2139 facit
616 2116 733 2146 tempus.
755 2111 863 2139 Tandiu
888 2113 961 2140 enim
986 2113 1044 2140 fru-

253 2161 340 2187 menti
356 2160 408 2186 fuit
420 2160 471 2186 hoc
485 2159 648 2186 admirabile
673 2164 852 2193 augmentum
868 2165 897 2186 et
909 2160 1042 2194 acceptio,

253 2206 377 2241 quandiu
395 2205 495 2232 mansit
508 2205 599 2240 gravis
612 2205 656 2232 illa
668 2210 696 2233 et
709 2206 815 2232 infinita
828 2205 923 2233 fames.
933 2205 986 2233 Sed
1002 2206 1044 2234 bis

253 2252 365 2287 quidem
381 2252 548 2283 ostenditur,
571 2257 697 2280 sanctum
718 2257 746 2280 et
760 2252 892 2280 nutriisse
907 2253 998 2286 vivos,
1016 2259 1044 2281 et

1093 1663 1203 1696 ἧρχετο“
1220 1660 1267 1686 καὶ
1283 1659 1314 1685 τὸ
1329 1659 1358 1685 δὲ
1374 1656 1532 1692 θαυμαστὸν
1543 1657 1591 1682 καὶ
1603 1655 1683 1688 λόγου
1695 1653 1794 1684 παντὸς
1809 1651 1881 1686 ὑψη-

1093 1707 1213 1741 λότερον,
1231 1706 1282 1736 ἓως
1300 1704 1350 1739 μὲν
1362 1705 1376 1731 ὁ
1389 1703 1518 1737 δηλωθεὶς
1541 1702 1649 1736 Μάλχος
1662 1701 1786 1734 ἐμέτρει,
1802 1698 1882 1725 ἔλατ⁹

1093 1752 1223 1786 τοὺμενὸν
1243 1759 1272 1777 τε
1295 1751 1341 1776 τδν
1370 1751 1442 1775 σῖτον
1466 1748 1539 1783 ἑώρα
1567 1748 1615 1774 καὶ
1640 1745 1804 1773 ἀπειλοῦντα
1817 1745 1876 1770 ὅσοι

1093 1797 1170 1824 οὔπω
1185 1797 1235 1831 τὴν
1262 1795 1377 1826 ἔνδειαν,
1391 1794 1453 1820 ἐπεὶ
1472 1794 1501 1819 δὲ
1524 1793 1573 1827 τῆς
1587 1791 1732 1826 ὑστεραίας
1748 1789 1844 1819 εἰσίοι,
1866 1790 1879 1814 ὁ

1093 1843 1174 1873 αὐτὸς
1190 1841 1223 1876 ἦν
1237 1841 1317 1875 δγκος
1331 1848 1361 1866 τε
1371 1840 1419 1866 καὶ
1437 1838 1524 1873 σωρῦς
1538 1839 1585 1864 καὶ
1600 1837 1695 1871 ὥσπερ
1708 1836 1767 1862 οὐδὲ
1782 1834 1880 1876 μικρὰ-ν

1094 1888 1157 1923 χθὲς
1172 1886 1365 1921 ὑφαιρεθέντος
1383 1884 1529 1910 ἐδείκνυτο.
1560 1881 1655 1908 Ταῦτα
1666 1881 1702 1912 ὡς
1719 1882 1768 1907 οὑκ
1780 1873 1881 1914 ὀφθαλ-

1096 1934 1155 1970 μῶν
1176 1931 1210 1967 ἦν
1237 1931 1324 1962 ἄλλως
1341 1932 1447 1965 ἀπάτη,
1467 1929 1559 1960 πίστις
1570 1930 1584 1955 ὁ
1601 1928 1709 1964 χράνος.
1722 1928 1811 1962 Μέχρι
1827 1926 1880 1960 γὰρ
1902 1949 1906 1951 .

1094 1980 1222 2007 τοσούτου
1249 1978 1287 2013 τῷ
1305 1978 1370 2012 σίτῳ
1387 1978 1403 2012 ἡ
1421 1977 1541 2012 ἄρῤητος
1566 1975 1636 2009 αὕτη
1652 1974 1773 2005 ὲπῐδοσίς
1790 1982 1819 2000 τε
1835 1974 1882 1999 καὶ

1095 2027 1209 2061 αὖξησις
1227 2025 1322 2060 μέχρις
1337 2020 1367 2050 οὗ
1390 2024 1437 2050 καὶ
1454 2024 1467 2048 ὁ
1483 2023 1597 2056 ἄπειρος
1621 2022 1724 2052 ἐκεῖνος
1740 2020 1788 2047 καὶ
1804 2020 1885 2055 χαλε-

1095 2073 1144 2104 πῆς
1159 2073 1249 2105 ἐπεῖχε
1264 2069 1352 2103 λιειό;.
1375 2068 1456 2095 ’Δλλὲι
1481 2067 1567 2093 ταῦτα
1597 2067 1645 2101 μὲν
1672 2066 1729 2092 εστι
1746 2065 1884 2091 δεικνύειν

1096 2117 1199 2148 ζῶντας
1212 2115 1258 2142 τὸν
1271 2115 1351 2148 ἅγιον
1369 2113 1524 2147 διατρέφειν
1539 2112 1587 2138 καὶ
1604 2111 1813 2141 κινδυνεύοντας
1825 2110 1884 2136 δια-

1098 2162 1197 2194 σώζειν
1207 2171 1214 2177 ·
1233 2162 1309 2192 ποῖος
1322 2160 1349 2186 δὲ
1362 2160 1408 2185 καὶ
1424 2158 1539 2193 νεκροὺς
1557 2158 1675 2193 ἐγείρειν
1692 2157 1739 2183 καὶ
1753 2157 1884 2190 δαίμονας

1096 2208 1260 2237 ἀπελαύνειν
1275 2208 1290 2233 ό
1307 2206 1393 2241 μέγας
1410 2202 1487 2234 οὗτος
1503 2203 1661 2238 ἐτύγχανεν,
1681 2203 1781 2229 αὐτίκα
1789 2202 1822 2237 δὴ
1838 2202 1884 2229 καὶ

1098 2254 1257 2290 ῥηθήσεται.

253 2307 433 2327 conservasse
449 2307 497 2326 eos
513 2299 560 2333 qui
575 2299 692 2326 erantin
705 2299 839 2334 periculo.
874 2299 1158 2332 Quemadmomoduni
1186 2303 1277 2326 autem
1299 2304 1328 2324 se
1356 2295 1474 2331 gesserit
1492 2299 1604 2322 sanctus
1618 2295 1779 2323 excitandis
1808 2302 1883 2322 mor-

254 2347 309 2375 tuis
338 2349 366 2373 et
378 2345 506 2380 fugandis
519 2345 699 2378 daemonibus,
719 2346 810 2373 statim
831 2345 949 2374 dicetur.

287 2386 396 2420 XXVII.
415 2392 578 2427 Egrotabat
589 2393 713 2426 quidam,
726 2397 754 2419 et
765 2393 792 2420 in
804 2393 877 2420 lecto
893 2394 1042 2422 decumbe

1132 2393 1196 2419 KZ'.
1210 2390 1306 2418 Νοσῶν
1318 2397 1359 2420 τις
1374 2386 1408 2424 ἦν
1423 2387 1471 2414 καὶ
1490 2387 1650 2422 κλινοπετὴς
1666 2395 1752 2421 ονομα
1766 2387 1884 2420 Παῦλος,

253 2441 312 2472 bat,
331 2439 443 2466 nomine
456 2439 571 2469 Paulus.
586 2439 681 2466 habitu
701 2439 865 2466 monachus.
882 2440 907 2467 Is
918 2447 979 2468 cum
996 2449 1045 2468 ex-

255 2493 375 2514 tremum
391 2485 447 2520 jam
457 2485 572 2512 duceret
588 2484 728 2519 spiritum,
750 2485 837 2512 mittit
855 2484 889 2511 ad
907 2490 1043 2518 sanctum,

254 2537 282 2559 et
302 2535 380 2565 rogat
397 2535 426 2557 ut
442 2530 548 2557 veniat.
563 2530 713 2564 Postquam
727 2534 830 2562 autem,
844 2530 888 2557 via
903 2530 1044 2563 confecta,

254 2576 302 2611 qui
316 2576 417 2604 missus
428 2575 528 2606 fuerat,
560 2575 682 2602 venitad
705 2575 914 2608 monasterium,
943 2580 971 2603 et
992 2576 1046 2603 fuit

255 2629 346 2649 coram
363 2629 464 2657 magno
481 2621 622 2654 Marcello,
634 2621 818 2656 quoniamille
835 2627 901 2649 tunc
916 2622 950 2649 de
962 2622 1045 2650 rebus

255 2667 413 2696 disserebat
426 2668 569 2702 gravibus,
590 2673 618 2695 et
630 2668 663 2695 de
681 2668 766 2695 sacris
781 2668 914 2695 tractabat
931 2668 1044 2704 dogma-

256 2715 341 2748 tibus,
368 2715 540 2742 coutendens
560 2723 622 2742 cum
647 2714 770 2742 antistite
798 2714 996 2747 Chalcedonis,
1016 2722 1044 2742 et

255 2762 302 2795 qui
319 2761 420 2788 missus
434 2761 535 2794 fuerat,
548 2766 590 2789 est
613 2769 750 2793 reversus,
781 2764 808 2787 et
820 2761 866 2796 qui
883 2761 1044 2797 aegrotabat,

255 2811 316 2833 erat
331 2812 466 2834 mortuus.
483 2807 552 2835 Cum
568 2815 633 2842 ergo
648 2807 705 2842 jam
721 2811 831 2843 peracta
854 2812 957 2838 essent,
984 2815 1044 2842 quae

257 2851 327 2878 fiunt
339 2855 459 2883 mortuo,
476 2858 503 2880 et
519 2858 631 2887 paratus
650 2858 723 2880 esset
743 2853 775 2880 ad
791 2852 960 2880 efferendum
981 2853 1044 2887 (hoc

256 2902 348 2926 autem
362 2906 415 2925 non
429 2899 480 2926 alia
493 2899 527 2926 de
542 2907 623 2926 causa
637 2899 776 2934 provisutn
793 2899 882 2926 fuerat
892 2907 907 2925 a
924 2899 1042 2933 superis,

257 2952 337 2980 quam
357 2951 385 2972 ut
399 2946 528 2978 majorem
546 2953 650 2985 casum,
665 2950 691 2972 ct
708 2946 795 2980 majus
826 2945 997 2979 miraculum,
1016 2951 1042 2974 ct

1096 2439 1126 2465 τὸ
1140 2439 1234 2473 σχῆμα
1248 2436 1374 2471 μοναχός.
1388 2432 1473 2465 Οὗτος
1484 2434 1534 2470 ἤδη
1551 2434 1616 2468 περὶ
1630 2433 1678 2464 τὰς
1690 2433 1807 2468 ἐσχάτας
1819 2434 1886 2460 ἀνα-

1097 2485 1182 2515 πνοὰς
1194 2483 1243 2516 ὣν,
1259 2482 1371 2516 πέμψας
1383 2481 1499 2507 αἰτεῖται
1511 2480 1579 2514 πρὸς
1589 2479 1670 2505 αὑτὸν
1678 2479 1881 2513 ἀφικέσθαιτὸν

1097 2532 1183 2564 ἂγιον.
1205 2529 1249 2560 Ὠς
1264 2528 1292 2554 δὲ
1305 2527 1354 2562 τὴν
1365 2527 1425 2553 ὁδὸν
1441 2527 1455 2553 ὸ
1470 2525 1607 2560 πεμφθεὶς
1623 2525 1727 2556 ἀνύσας
1745 2524 1885 2560 κατελάμ-

1096 2576 1162 2602 ϐανε
1181 2575 1230 2611 τὴν
1251 2575 1335 2610 μονὴν
1349 2574 1397 2600 καὶ
1411 2574 1451 2604 εὶς
1465 2573 1526 2608 ὄψιν
1540 2570 1606 2607 ἦλθε
1621 2571 1660 2607 τῷ
1675 2571 1798 2606 μεγάλῳ,
1810 2571 1886 2597 ὲκεί-

1096 2630 1150 2657 περ
1166 2621 1271 2652 ἐκεῖνος
1285 2621 1315 2647 τὸ
1329 2617 1484 2654 τηνικαῦτα
1512 2616 1665 2644 σπουδαίων
1690 2616 1780 2651 εἴχετο
1796 2615 1886 2643 διαλέ-

1097 2667 1164 2699 ξεων
1178 2666 1225 2693 καὶ
1239 2666 1297 2696 τοῖς
1313 2665 1396 2699 tepet;
1413 2663 1533 2690 ἐνέκειτο
1551 2662 1681 2697 δόγμασι,
1704 2661 1743 2696 τῷ
1758 2662 1884 2697 προέδρῳ

1096 2712 1267 2747 Χαλκηδόνος
1300 2709 1513 2746 διαμιλλώμενος
1526 2729 1534 2742 ,
1550 2709 1564 2735 ὃ
1579 2717 1608 2735 τε
1632 2708 1770 2743 πεμφθεὶς
1807 2706 1889 2739 αὖθις

1097 2759 1222 2795 ἐπανῄει,
1238 2758 1285 2785 καὶ
1298 2759 1312 2784 ὁ
1324 2757 1412 2784 νοσῶν
1422 2755 1473 2791 ήδη
1485 2754 1624 2790 τεθνηκὼς
1637 2752 1682 2790 ἦν.
1691 2753 1769 2780 Ἐπεὶ
1780 2753 1828 2781 οὖν
1839 2755 1886 2781 καὶ

1099 2807 1133 2833 τὰ
1147 2806 1195 2832 ἐπὶ
1210 2804 1299 2839 νεκρῷ
1308 2804 1396 2830 πάντα
1404 2802 1571 2833 τετέλεσται,
1586 2801 1634 2827 καὶ
1643 2800 1755 2836 ἕτοιμος
1770 2798 1805 2836 ἦν
1818 2801 1886 2836 πρδς

1098 2852 1147 2887 τὴν
1160 2853 1280 2885 ἐκφορὰν
1311 2849 1401 2884 (τοῦτο
1427 2849 1455 2876 δὲ
1477 2848 1527 2874 οὐκ
1555 2847 1644 2878 ἄλλως
1670 2847 1886 2882 προῳκονόμητο

1099 2897 1202 2924 ἄνωθεν
1217 2896 1273 2923 ἀλλ’
1284 2897 1327 2923 ἵνα
1341 2896 1370 2922 1:"
1386 2895 1478 2929 μεῖξον
1492 2894 1578 2925 πάθος
1587 2893 1634 2919 καὶ
1644 2892 1674 2919 τὸ
1685 2891 1779 2926 θαῦμα
1791 2892 1886 2927 μεὶζον

1099 2943 1146 2972 καὶ
1162 2943 1326 2979 Μαρκέλλου
1340 2942 1388 2978 τὴν
1402 2940 1502 2976 ἀρετὴν
1526 2939 1637 2975 μείζονα
1654 2938 1756 2974 δείξῃ),
1781 2937 1818 2969 ὦς
1834 2937 1885 2973 ἤδη
