2060 3153
182 171 234 203 ’[ιὸ

621 170 708 201 νιΤΑ
729 170 759 201 S.
779 169 976 200 MARCELLI
996 170 1343 206 ARCHIMANDRITE.

1756 155 1808 205 τιὸ

183 228 299 262 ἄσκησιν
314 225 481 261 παρατείνας
499 226 547 262 ἐτη
561 226 590 254 ἓν
605 228 713 262 συνεχεῖ
728 227 840 261 ὲνήργει
853 227 888 253 τὰ
901 227 967 253 θαύ-

1026 229 1071 262 Qui
1084 238 1146 258 cum
1167 231 1392 258 exercitationem
1405 232 1476 260 ultra
1490 231 1630 268 sexaginta
1644 239 1732 260 annos
1745 239 1808 268 pro-

183 282 256 309 ματα
269 281 277 305 ;
292 273 372 305 Τίνος
396 273 446 308 μὲν
463 274 568 305 ἐκεῖνος
592 273 642 300 οὒκ
666 275 695 299 ἐν
709 273 796 307 ἀγῶσι
820 273 965 309 καρτερὸς,

181 320 250 351 τίνος
265 320 294 346 δὲ
307 320 338 346 οὐ
354 320 422 354 πρὸς
437 319 548 354 ἀγῶνας
569 319 799 354 ὠφελιμώτεροςς
816 319 871 346 Καὶ
894 319 968 352 τίνος

181 367 230 393 οὐκ
243 364 277 402 ἦν
302 367 359 397 τοῖς
372 366 571 400 σφαλλομένοις
592 366 807 400 ἐπιεικέστερος,
824 366 872 392 καὶ
901 365 968 400 περὶ

180 413 230 447 τὴν
245 413 395 447 θεραπείαν
420 412 646 447 ἔπιμελέστερος;
675 410 723 440 Τίς
744 411 816 437 οὕτω
833 411 890 441 τοῖς
916 411 967 445 μὲν

180 459 372 493 ἀδικουμένοις
388 459 545 493 ὲκδικητὴς.
559 461 616 489 τοῖς
628 458 752 484 ἀδικοῦσι
763 457 792 484 δὲ
808 457 846 492 μὴ
857 466 968 492 συγχω-

183 506 238 540 ρεῖν
251 506 356 531 ἀδικεῖν
367 505 445 537 ὅλως,
459 505 527 531 ἀλλὰ
542 505 590 531 καὶ
601 505 792 538 ἀντιπράττων
800 503 846 530 καὶ
862 503 899 538 μὴ
911 503 968 534 τοῖς

179 551 292 577 ἐκείνων
316 551 436 577 εὐδοκῶν
452 551 620 585 θελήμασιν;
651 547 736 581 Οὗτος
763 551 792 576 ὲν
820 550 903 576 παντὶ
929 549 968 584 τῷ

181 596 230 631 βίῳ
248 597 298 631 τὴν
313 597 362 630 μὲν
379 597 443 631 ὃλην
457 596 542 623 νύκτα
561 596 656 631 σχεδον
675 597 724 622 καὶ
743 596 792 630 τῆς
816 596 924 631 ἡμέρας
939 595 969 621 τὸ

181 643 306 668 πλεῖστον
321 642 403 677 ᾠδαῖς
428 651 458 668 τε
473 642 520 669 καὶ
548 644 641 676 εὐχαῖς
669 642 787 673 καὶτοῖς
809 642 904 673 ἄλλαις
920 640 968 668 τοῦ

164 681 168 723 Ῐ
181 687 250 713 Θεοῦ
264 688 449 722 λειτουργίαις
464 688 561 719 ἐδίδου,
572 689 602 714 τὸ
615 687 645 714 δὲ
658 688 752 714 λοιπον
769 688 844 723 τρισὶ
863 687 969 718 τούτοις

166 733 303 767 ξὲμέριζε.
321 733 374 759 Καὶ
400 733 509 767 πρῶτον
534 734 584 768 μὲν
607 733 682 767 αᾶτῷ
698 733 854 769 προσῄεσαν
873 733 898 759 oi
913 734 970 764 τοῖς

180 777 322 812 λογισμοῖς
343 778 540 812 διοχλούμενοι,
569 777 610 809 οἷς
625 778 712 813 δήπου
729 779 778 804 καὶ
794 779 823 804 τὸ
841 777 970 812 ἁρμόδιον

182 824 299 850 ἑκάστου
315 825 439 858 προσῆγε
453 824 612 858 φάρμακον,
628 825 662 850 τὰ
675 825 724 858 μὲν
740 823 815 858 αὐτῷ
830 824 879 857 τῆς
894 823 970 854 θείας

182 870 305 905 Γραφῆς.
330 870 363 896 τὰ
376 871 403 896 δὲ
418 871 466 896 καὶ
478 870 528 902 τῆς
553 871 584 896 ὲκ
607 869 705 905 πείρας
718 865 971 904 χορηγούσηςόυν-

181 917 279 945 iason.
295 917 363 943 Μετ’
386 916 508 947 ἐκείνους
528 915 581 942 τῶν
594 916 781 950 ἀδικουμένων
797 914 831 951 ἦν
854 916 870 950 ὴ
888 923 972 950 πρησ-

165 963 300 993 -έλευσις,
321 962 494 994 Ἐπιστείλας
510 962 538 988 δὲ
557 962 610 988 Δκα).
629 962 699 997 ὑπὲρ
726 961 817 989 αὐτῶν
841 961 970 995 ἄρχουσι,

180 1006 350 1039 δικάζουσιν,
367 1008 457 1038 αὐτοῖς
489 1007 604 1039 ἐκείνοις
619 1008 772 1040 ἀδικοῦσιν,
787 1008 811 1033 εί
830 1007 912 1042 χρεία
928 1004 963 1041 ἦν

182 1053 233 1078 καὶ
247 1052 284 1087 τῷ
300 1053 406 1088 βασιλεῖ
421 1054 556 1087 (κάκείνῳ
571 1053 627 1088 γὰρ
639 1053 780 1086 αἰδέσιμος
790 1051 835 1088 ἢν,
849 1053 896 1078 καὶ
909 1061 970 1078 πει-

183 1099 293 1133 θομένῳ
317 1099 418 1133 ἐχρῆτο
446 1098 514 1133 πρὸς
530 1099 598 1132 ὅπερ
614 1098 647 1132 ᾇν
662 1099 675 1124 ὁ
691 1099 777 1132 μέγας
801 1098 951 1133 imo-37.510)
963 1104 972 1113 '

184 1144 246 1171 εἶτα
261 1147 308 1170 καὶ
325 1145 392 1179 πρὸς
405 1145 468 1175 τοὺς
483 1145 631 1175 νοσοῦντας
656 1145 788 1179 ἐτρέπετο
804 1145 853 1171 καὶ
869 1145 973 1175 πάντας

182 1191 400 1225 περιερχόμενος
413 1191 446 1216 τά
460 1199 490 1216 τε
503 1191 571 1224 πρὸς
584 1191 635 1225 τὴν
651 1191 806 1224 ἀναγκαίαν
819 1191 914 1226 χρείαν
926 1190 973 1216 καὶ

180 1237 218 1262 τὰ
238 1238 306 1271 πρὸς
322 1237 473 1271 θεραπείαν
490 1237 578 1270 ἐπῆγε
594 1237 634 1271 τῷ
651 1238 768 1272 σώματι.
788 1237 881 1269 Οὕτως
896 1237 973 1263 οὐδὲν

182 1283 253 1313 ὅλως
268 1283 305 1317 τῷ
321 1283 473 1317 Μαρκέλλῳ
499 1282 600 1317 άπῆνὸ
624 1284 680 1314 τοῖς
708 1282 889 1317 ὑμνουμένοις
918 1282 973 1308 τῶν

182 1328 269 1354 πάλαι
287 1328 387 1362 παρῆν.
414 1329 482 1355 Ἀλλ’
495 1325 529 1363 ἦν
545 1327 619 1362 αὑτῷ
647 1327 794 1362 προφητῶν
814 1327 864 1361 μὲν
887 1328 903 1361 ἡ
926 1327 973 1353 τοῦ

181 1374 274 1399 πάντα
300 1375 421 1408 προορᾷν
439 1375 532 1409 χάρις,
556 1373 734 1408 πατριαρχῶν
748 1372 777 1399 δὲ
793 1372 868 1408 ἢτοῦ
884 1372 973 1399 πάντα.

180 1419 297 1455 Θαῤῥεῖν
314 1420 415 1452 πίστις,
428 1421 549 1451 Μωσέως
558 1420 607 1454 μὲν
622 1421 638 1454 ἡ
655 1419 789 1455 πραότης,
809 1418 898 1454 Ἰησοῦ
915 1419 973 1454 (sic)

180 1466 211 1493 δὲ
226 1467 239 1491 ό
254 1465 333 1500 ζῆλος
357 1467 405 1492 καὶ
418 1467 434 1500 ἡ
451 1466 544 1492 δικαία
565 1466 636 1492 κατὰ
662 1466 716 1491 τῶν
741 1465 892 1499 ἀνθρώπων
917 1466 976 1491 ἀδι-

180 1513 304 1538 κούντων
316 1512 395 1547 ὀργὴ.
411 1512 465 1538 τῶν
475 1512 503 1538 δὲ
521 1512 652 1546 μαθητῶν
663 1511 767 1545 Πέτρου
784 1513 833 1545 μὲν
846 1511 862 1545 ἡ
875 1511 976 1546 Θερμο-

1020 276 1142 309 duxerit,
1162 277 1295 304 miracula
1312 277 1421 305 assidue
1445 277 1572 305 faciebat.
1594 277 1654 311 Quo
1679 286 1734 306 non
1755 278 1809 305 fuit

1019 322 1132 357 quidem
1147 322 1193 349 ille
1216 323 1243 349 in
1269 323 1467 350 certaminibus
1489 323 1604 357 fortior?
1616 324 1675 356 Quo
1690 332 1745 352 non
1758 332 1808 351 au-

1019 372 1074 395 tem
1088 368 1121 395 ad
1143 368 1294 395 certamina
1321 368 1439 395 utiliori
1455 373 1483 395 et
1497 376 1553 403 qtto
1573 377 1626 396 non
1643 369 1694 396 fuit
1716 370 1743 397 in
1759 377 1808 397 eos

1019 414 1066 449 qui
1083 413 1370 446 labebantur,mitior,
1381 418 1409 442 et
1425 413 1453 441 in
1466 414 1622 449 praestando
1633 414 1723 442 ofﬁcio
1740 415 1805 442 dili-

1020 460 1147 494 gentior?
1159 460 1226 492 Quis
1234 461 1273 487 sic
1280 459 1403 487 defendit
1416 467 1473 489 eos,
1480 459 1527 494 qui
1535 459 1724 486 aﬂiciebantur
1737 459 1810 494 inju-

1021 506 1081 533 ria?
1096 507 1130 533 iis
1141 511 1244 537 autem,
1257 505 1305 541 qui
1320 505 1450 541 injuriam
1464 505 1616 537 faciebant,
1629 505 1742 532 omnino
1754 513 1810 532 non

1020 553 1194 586 permittens.
1208 551 1255 579 sed
1274 552 1417 583 resistens,
1435 555 1464 578 et
1482 558 1578 578 eorum
1600 549 1735 578 voluntati
1758 550 1812 577 mi-

1021 598 1094 625 nime
1117 598 1289 625 assentiensi
1310 597 1357 625 Sic
1378 597 1405 624 in
1429 601 1485 624 tota
1497 597 1552 624 vita
1565 616 1573 629 .
1593 601 1676 624 totam
1695 596 1809 631 quidem

1021 649 1143 675 noctem.
1159 644 1213 672 diei
1226 651 1292 671 vero
1311 644 1470 679 plurimum,
1485 643 1567 671 dabat
1579 643 1694 670 canticis
1709 647 1737 670 et
1749 650 1812 677 pre-

1022 691 1101 718 cibus
1128 694 1156 718 et
1173 690 1235 717 aliis
1250 690 1299 717 Dei
1316 689 1488 721 ministeriis,
1506 689 1642 724 reliquum
1658 692 1749 715 autem
1767 687 1812 714 his

1022 736 1111 763 tribus
1132 735 1322 769 dispertiebat.
1337 735 1371 762 Et
1397 735 1478 770 primi
1492 735 1604 770 quidem
1626 735 1660 761 ad
1680 741 1744 761 eum
1768 741 1814 760 ac-

1023 781 1168 813 cedebant,
1185 781 1232 815 qui
1253 781 1424 808 vexabantur
1449 780 1664 815 cogitationibus
1687 787 1694 806 :
1712 779 1814 814 quibus

1024 827 1107 854 dabat
1135 827 1287 862 unicuique
1310 827 1545 855 medicamentum
1573 825 1762 855 conveniens,
1787 825 1813 852 ei

1023 872 1122 906 partim
1137 872 1250 906 quidem
1274 871 1367 898 divina
1388 872 1530 906 Scriptura
1546 879 1579 899 ea
1601 869 1794 906 suppeditante
1806 891 1813 902 ,

1024 919 1122 952 partim
1140 922 1233 945 autem
1247 918 1392 952 prudentia
1425 923 1453 945 et
1476 917 1657 952 experientia.
1674 917 1738 944 Post
1754 917 1815 943 illos

1023 966 1201 997 aecedcbant,
1213 965 1259 1000 qui
1273 970 1354 993 erant
1373 965 1464 992 allecti
1483 965 1592 1000 injuria.
1605 965 1674 993 Cum
1686 972 1752 992 vero
1766 971 1816 999 pro

1024 1012 1064 1039 eis
1077 1011 1184 1038 litteras
1202 1011 1360 1045 scripsisset
1375 1011 1408 1037 ad
1423 1011 1562 1046 prmsides,
1576 1011 1693 1046 judiees,
1708 1010 1741 1037 ad
1755 1010 1816 1037 illos

1026 1057 1111 1092 ipsos.
1121 1057 1168 1091 qui
1182 1056 1318 1084 faciebant
1334 1056 1472 1091 injuriam,
1483 1061 1512 1083 et
1526 1056 1548 1084 si
1563 1063 1632 1091 opus
1643 1060 1715 1088 erat,
1731 1055 1814 1083 etiam

1025 1103 1058 1130 ad
1073 1103 1161 1137 ipsum
1178 1102 1373 1137 imperatorem
1391 1102 1464 1137 (nam
1483 1102 1522 1129 illi
1541 1109 1650 1137 quoque
1664 1106 1723 1128 erat
1738 1108 1815 1127 reve-

1026 1149 1141 1181 rendus,
1156 1153 1183 1176 et
1196 1148 1406 1183 obtemperabat
1425 1148 1459 1175 ad
1477 1148 1515 1179 id.
1530 1148 1604 1183 quod
1618 1154 1731 1182 magnus
1742 1146 1818 1174 vole-

1025 1195 1073 1222 bat
1088 1194 1255 1229 Harcellus),
1268 1193 1449 1221 convertebat
1470 1193 1568 1220 deinde
1584 1193 1617 1220 ad
1641 1196 1816 1227 aegrotantes.

1025 1245 1054 1268 et
1068 1247 1164 1266 omnes
1176 1240 1284 1271 obiens,
1301 1239 1342 1266 eis
1363 1239 1512 1266 exhibebat
1536 1246 1597 1273 qum
1612 1237 1652 1265 eis
1672 1241 1751 1265 erant
1766 1243 1818 1263 ne-

1026 1287 1146 1314 cessaria
1156 1286 1189 1312 ad
1204 1285 1376 1317 alimentum,
1389 1290 1417 1312 et
1430 1285 1462 1311 ad
1478 1284 1631 1311 curandum
1644 1290 1757 1318 corpus.
1771 1282 1817 1309 Sic

1026 1331 1095 1358 nihil
1113 1330 1225 1358 omnino
1240 1330 1338 1357 aberat
1353 1330 1489 1362 Marcello,
1507 1330 1580 1365 quod
1603 1329 1698 1356 aderat
1722 1330 1755 1356 iis
1766 1328 1814 1363 qui

1027 1376 1091 1403 olim
1109 1375 1302 1402 laudabuntur.
1317 1375 1369 1402 Sed
1381 1379 1441 1402 erat
1453 1375 1477 1402 ei
1492 1375 1687 1410 prophetarum
1703 1374 1815 1409 quidem

1027 1422 1113 1456 gratia
1130 1420 1222 1448 omnia
1237 1420 1402 1455 prmvidendi
1420 1429 1426 1447 :
1444 1421 1662 1455 patriarcharum
1675 1425 1767 1447 autem
1784 1419 1816 1446 fl-

1027 1467 1085 1498 des,
1101 1474 1161 1501 quae
1176 1465 1322 1498 cﬂiciebat,
1345 1470 1376 1492 ut
1392 1465 1486 1493 ﬁdenti
1507 1470 1582 1494 esset
1597 1466 1689 1493 animo
1710 1466 1737 1492 in
1756 1472 1816 1492 om-

1027 1513 1110 1540 nibus
1127 1521 1133 1538 ε
1149 1512 1249 1547 Moysis
1274 1511 1387 1546 quidem
1411 1513 1606 1543 mansuetudo.
1624 1512 1707 1539 Josue
1723 1516 1814 1538 autem

179 1567 245 1593 της,
278 1558 401 1584 Ἰωάννου
424 1558 452 1585 δὲ
477 1559 493 1593 ή
520 1558 644 1591 θεολόγος
671 1557 783 1591 γλῶσσα
800 1557 847 1582 καὶ
868 1558 885 1591 ή
905 1557 974 1590 μετὰ

1031 1559 1117 1588 zelus.
1131 1562 1159 1585 et
1174 1559 1247 1593 justa
1265 1558 1305 1585 ira
1322 1559 1454 1586 adversus
1473 1566 1532 1590 eos,
1545 1559 1591 1597 qui
1614 1559 1719 1586 faciunt
1746 1558 1818 1593 inju-

181 1605 336 1640 παροενίας
354 1606 408 1631 τῶν
423 1605 554 1640 ῥημάτων
568 1603 680 1639 βροντὴ,
697 1604 744 1629 καὶ
761 1602 866 1629 Παύλου
882 1603 975 1638 ὴὰκά‹

179 1651 280 1682 Θεκτος
305 1651 368 1685 περὶ
394 1651 424 1676 τὸ
440 1650 529 1685 δόγμα
559 1650 671 1684 σπουδὴ,
695 1649 742 1676 καὶ
762 1650 777 1683 ἡ
803 1649 849 1675 διὰ
863 1649 913 1684 τῆς
928 1650 976 1677 καὶ

179 1697 319 1732 Θαλάττης
334 1697 466 1732 διαδρομὴ
481 1696 529 1722 τοῦ
545 1696 733 1732 κηρύγματος.
748 1695 860 1722 Πάντων
873 1696 902 1722 δὲ
916 1696 975 1730 ἅμα

177 1744 196 1778 ή
217 1743 275 1770 τῶν
290 1744 437 1776 θαυμάτων
454 1743 531 1776 πηγὴ
547 1743 594 1768 καὶ
608 1742 639 1768 τὸ
655 1741 760 1772 τούτοις
770 1742 814 1768 ἀεὶ
831 1743 887 1776 ρείν
904 1743 976 1770 κατὰ

179 1790 248 1820 τοὺς
263 1788 393 1819 ἀεννάους
410 1788 464 1814 τῶν
479 1788 622 1822 ποταμῶν.

182 1839 395 1870 miraculorum,
408 1843 437 1864 et
448 1837 521 1872 quod
538 1844 570 1864 ea
589 1844 699 1872 semper
715 1837 841 1870 ﬂuerent,
857 1846 912 1866 non
934 1844 1014 1865 secus

216 1885 282 1912 AZ'.
299 1883 414 1916 Τούτου,
442 1884 466 1909 εί
495 1883 541 1909 καὶ
561 1883 630 1916 μόνα
654 1885 689 1910 τὰ
706 1884 771 1918 περὶ
785 1883 835 1919 τὴν
847 1883 977 1917 τελευτὴν

178 1929 228 1968 ἦν,
246 1931 333 1964 πόσης
347 1930 382 1956 ἃν
399 1929 482 1963 εὐχῆς
495 1929 577 1964 ἔργον
591 1928 667 1961 ἀξιον
683 1927 734 1965 ἧν;
753 1929 850 1961 Ὄσοις
864 1928 914 1964 μὲν
927 1929 978 1960 τὰς

180 1979 285 2014 ἔχθρας
297 1977 450 2012 διήλλαξεν,
465 1977 538 2007 ὅσοις
552 1976 580 2002 δὲ
594 1977 643 2008 τὰς
655 1976 875 2011 ἀμφισϐητήσεις
887 1975 977 2001 διέλν-

181 2032 244 2055 σεν,
264 2024 315 2049 ὅσα
339 2022 368 2048 δὲ
383 2021 473 2047 καίτοι
490 2021 525 2047 τὰ
543 2021 645 2055 ἔσχατα
666 2021 755 2047 πνέων
771 2022 816 2047 ἐπὶ
831 2021 895 2054 μιᾶς
910 2020 978 2055 ἠμέ-

183 2078 237 2105 ρας
253 2070 288 2095 τὰ
304 2067 396 2101 ἀγαθὰ
415 2067 599 2102 Stas-patiam;
613 2068 678 2094 Ὅτε
694 2064 741 2093 οὖν
753 2067 864 2093 καὶτῶν
880 2065 978 2100 σαρκε-

181 2123 242 2142 νων
271 2113 379 2147 δεσμῶν
413 2113 599 2148 διαλυομένων
625 2113 665 2148 τῷ
693 2112 856 2147 ποθουμὲνῳ
883 2111 980 2146 ἔμελλε

158 2186 162 2193 ,
181 2159 382 2193 προσεγγίζειν
401 2156 512 2184 καὶτοῦ
540 2156 650 2192 πρώτου
664 2156 780 2187 κάλλους
805 2155 918 2191 πρώτας
933 2156 982 2184 καὶ

160 2198 161 2201 Ἰ
180 2204 236 2234 τὰς
254 2202 402 2236 ἐλλάμψεις
415 2201 554 2235 δέχεσθαι,
571 2201 702 2236 παρῆσαν
726 2200 800 2235 αὺτῷ
819 2201 911 2235 συχνοὶ
931 2201 981 2235 μὲν

181 2253 234 2277 καὶ
247 2249 301 2275 τῶν
318 2248 405 2274 ἄλλων
418 2247 571 2281 μοναστῶν,
583 2247 678 2273 πολλοὶ
688 2246 717 2273 δὲ
729 2246 777 2273 καὶ
792 2246 846 2272 τῶν
863 2246 981 2281 ίερωμέ-
995 2237 1018 2264 Ῑ)

182 2305 252 2325 νων.
268 2295 319 2321 οὐκ
331 2294 417 2328 ὀλίγοι
429 2293 458 2320 δὲ
474 2293 522 2320 καὶ
534 2293 590 2320 τῶν
604 2292 713 2329 πλούτῳ
727 2293 773 2319 καὶ
784 2293 846 2329 δόξῃ
862 2295 894 2328 τῇ
910 2292 981 2320 κατὰ

180 2343 290 2376 κόσμον
305 2340 476 2375 πτριιρανῶν,
493 2336 534 2370 οἷς
544 2340 591 2366 καὶ
606 2341 692 2367 πολλὰ
708 2339 772 2374 περί
785 2348 814 2365 τε
830 2339 919 2374 ψυχῆς
932 2339 980 2365 καὶ

182 2387 315 2420 σώματος
330 2386 378 2411 καὶ
399 2386 448 2419 τῆς
473 2384 579 2410 ἐκεῖθεν
594 2384 669 2420 ζωῆς
688 2385 874 2419 φιλοσοφήσας
889 2393 918 2410 τε
933 2385 981 2411 καὶ

180 2431 378 2465 διαλεξάμενος
396 2431 444 2457 καὶ
461 2431 528 2458 πᾶσι
554 2431 626 2457 κατὰ
651 2430 681 2457 τὸ
707 2431 847 2466 προσῆκον
870 2430 979 2465 ἑκάστῳ

182 2479 235 2505 καὶ
252 2479 301 2512 τῆς
313 2477 420 2512 ἡλικίας
440 2477 611 2512 παραινέσας
632 2477 678 2503 καὶ
693 2477 742 2512 τῆς
757 2477 846 2509 ἀξίας,
860 2475 920 2503 εἶτα
932 2476 980 2502 καὶ

181 2523 373 2556 ἐπευξάμενος
400 2523 448 2549 καὶ
462 2523 619 2549 τελευταῖον
646 2522 731 2549 είπὼν
747 2523 870 2548 ὑπνῶσαι
890 2521 978 2557 βραχὺ

183 2569 337 2604 βούλεσθαι
351 2569 398 2595 καὶ
408 2568 588 2604 ὑποχωρῆσαι
611 2567 723 2600 τούτους
749 2568 979 2602 παρασκευάσας,

181 2614 260 2642 οὕτω
277 2616 326 2650 τὴν
342 2615 418 2649 ἱερὰν
430 2615 538 2648 ἐκείνην
551 2614 642 2646 ἀφῆκε
658 2613 759 2649 ψυχὴν,
775 2622 808 2650 ῃς
817 2614 847 2639 τὸ
859 2613 979 2647 καθαρὸν

184 2661 270 2696 σῶμα
287 2661 334 2687 καὶ
353 2660 446 2696 τίμιον
468 2660 563 2695 χερσὶν
577 2659 667 2690 ὁσίαις
685 2659 849 2694 περεσταλὲν
875 2661 889 2685 ὁ
906 2659 979 2694 ἱερὸς

182 2709 292 2740 latebo;
308 2709 372 2739 ναὸς
397 2707 570 2741 ὑποδέχεται,
589 2706 619 2733 ὃν
633 2706 713 2737 αὐτὸς
729 2708 762 2732 ὲκ
779 2706 887 2741 βάθρων
902 2706 978 2742 ἱδρύ-

184 2762 266 2784 σατο,
280 2755 327 2780 καὶ
355 2753 428 2786 ἱερὸν
449 2753 536 2784 οὕτως
559 2753 767 2788 φροντιστήριον
783 2753 977 2787 συνεστήσατο,

185 2801 227 2831 εἰς
243 2800 322 2833 δόξαν
343 2799 458 2834 Πατρδς,
488 2798 555 2825 Υίοῦ
572 2799 619 2824 καὶ
634 2799 712 2832 ἁγίου
738 2798 906 2834 Πνεύματος,
930 2799 977 2826 νῦν

184 2847 238 2874 καὶ
249 2847 288 2878 είς
300 2847 362 2878 τοὺς
377 2846 479 2876 αἰῶνας
489 2845 544 2871 τῶν
557 2846 673 2872 αἰώνων.
695 2845 794 2880 Ἀμήν.

351 2939 487 2970 ΡΑι-ιιοι..
510 2938 568 2968 Gn.
582 2937 693 2969 CXVI.

1030 1605 1122 1631 riam:
1147 1603 1348 1638 discipulorum
1370 1611 1448 1635 vero,
1475 1605 1549 1632 Petri
1573 1604 1684 1639 quidem
1711 1603 1816 1630 ardor:

1028 1649 1142 1678 Joannis
1154 1653 1245 1676 autem
1260 1649 1353 1683 lingua
1370 1649 1535 1686 theologica,
1549 1655 1577 1678 ct
1589 1649 1662 1685 quod
1681 1657 1744 1677 cum
1754 1649 1813 1676 vir-

1028 1697 1143 1733 ginitate
1161 1701 1206 1723 est
1228 1696 1375 1724 verborum
1394 1697 1512 1729 tonitru;
1531 1703 1558 1726 et
1571 1698 1648 1725 Pauli
1669 1697 1819 1724 vehemens

1028 1743 1057 1770 in
1072 1742 1198 1778 dogmate
1214 1742 1349 1776 studium,
1367 1747 1394 1770 et
1406 1751 1454 1777 per
1469 1749 1568 1771 terram
1584 1748 1612 1771 et
1627 1751 1701 1770 mare
1717 1742 1816 1778 praedi-

1028 1788 1145 1815 cationis
1169 1787 1371 1816 disseminatio.
1395 1788 1523 1816 Omnium
1545 1796 1611 1817 vero
1644 1789 1726 1817 simul
1758 1788 1819 1816 fons

1030 1844 1062 1864 ac
1077 1844 1213 1870 perennes
1230 1836 1318 1863 fluvii.

1064 1882 1197 1909 XXXVII.
1228 1882 1316 1916 Hujus
1341 1882 1385 1908 vel
1411 1881 1499 1908 solum
1527 1880 1621 1908 dicere
1651 1881 1794 1910 decessum
1810 1899 1817 1908 .

1028 1935 1110 1963 quam
1129 1927 1214 1954 fuerit
1228 1926 1401 1962 optandum?
1416 1927 1502 1959 Quam
1526 1926 1675 1953 multorum
1694 1928 1819 1955 reconci-

1030 1973 1108 2000 liavit
1124 1972 1299 1999 inimicitias?
1313 1971 1398 2005 Quam
1413 1972 1560 1998 tnultorum
1575 1972 1732 2005 composuit
1753 1979 1820 1999 con~

1032 2019 1200 2045 troversias‘i
1213 2019 1299 2051 Quam
1323 2017 1407 2044 multa
1425 2016 1497 2043 bona
1513 2024 1567 2043 uno
1586 2016 1632 2043 die
1649 2017 1714 2043 fecit
1726 2017 1754 2043 in
1769 2024 1818 2043 ex-

1031 2069 1120 2092 tremo
1135 2064 1254 2099 spiritu?
1270 2063 1385 2096 Quando
1400 2068 1473 2090 certe
1486 2063 1510 2090 ei
1525 2063 1616 2089 carnis
1630 2063 1820 2090 dissolveban-

1030 2115 1076 2138 tur
1085 2110 1205 2141 vincula,
1215 2115 1244 2136 et.
1258 2110 1284 2137 ei
1301 2117 1382 2144 quem
1397 2108 1582 2139 desiderabat,
1593 2113 1653 2135 erat
1670 2108 1821 2143 appropin-
1858 2125 1864 2129 -

1031 2159 1212 2191 qualurus,et
1223 2155 1316 2190 prima:
1329 2153 1544 2189 pulchritudinis
1560 2154 1664 2188 primas
1675 2158 1821 2189 susceptu-

1031 2209 1079 2227 rus
1097 2201 1331 2233 illuminationes;
1351 2201 1466 2228 aderant
1476 2205 1566 2227 autem
1582 2200 1660 2227 multi
1677 2209 1710 2228 ex
1727 2201 1760 2228 iis
1770 2201 1818 2235 qui

1033 2254 1063 2274 se
1080 2246 1107 2273 in
1129 2247 1230 2281 pietate
1256 2246 1433 2278 exercebant,
1462 2250 1490 2274 et
1520 2245 1599 2273 multi
1629 2246 1772 2278 monachi,
1792 2251 1821 2274 et

1031 2292 1111 2319 multi
1128 2300 1160 2319 ex
1178 2291 1212 2319 iis
1227 2291 1274 2326 qui
1290 2296 1370 2318 erant
1389 2291 1541 2318 consecrati
1560 2299 1567 2319 :
1582 2299 1636 2318 non
1657 2292 1737 2326 pauci
1753 2299 1821 2318 vero

1031 2346 1065 2366 ex
1079 2338 1110 2365 iis
1125 2338 1172 2372 qui
1190 2339 1338 2365 mundanis
1348 2338 1482 2372 opibuset
1493 2338 1580 2372 gloria
1590 2343 1670 2365 erant
1685 2337 1819 2372 insignes.

1030 2384 1098 2412 Cum
1116 2384 1218 2419 quibus
1237 2390 1382 2419 postquam
1398 2385 1516 2412 mttltum
1542 2388 1584 2411 est
1610 2384 1821 2419 philosophatus

1031 2434 1058 2457 et
1075 2431 1182 2458 locutus
1197 2430 1231 2457 de
1248 2431 1337 2457 anima
1351 2435 1379 2456 et
1403 2437 1531 2464 corpore,
1550 2434 1578 2457 et
1600 2429 1635 2456 de
1651 2437 1682 2456 ea
1696 2437 1757 2464 quae
1773 2433 1818 2456 est

1031 2476 1087 2504 illic
1103 2477 1172 2506 vita.
1191 2480 1220 2503 et
1237 2483 1462 2510 unumquemque
1477 2480 1519 2502 est
1537 2475 1698 2502 adhortatus
1711 2496 1719 2507 ,
1738 2481 1819 2509 prout

1031 2522 1216 2550 conveniebat
1233 2521 1451 2556 uniuscujusque
1469 2521 1542 2548 mtati
1566 2525 1594 2548 et
1617 2521 1764 2556 dignitati,
1786 2526 1816 2547 et

1030 2567 1130 2594 deinde
1147 2574 1189 2594 est
1212 2567 1296 2593 etiam
1319 2570 1468 2600 precatus.
1491 2570 1520 2592 et
1537 2569 1672 2598 postremo
1697 2565 1766 2592 dixit
1787 2571 1818 2592 se

1030 2613 1101 2641 veile
1117 2620 1213 2647 parum
1228 2612 1388 2642 dormitare,
1404 2615 1432 2638 et
1455 2618 1503 2637 cos
1514 2611 1598 2644 jussit
1612 2610 1754 2642 secedere.
1771 2617 1817 2638 sa-

1030 2668 1105 2687 cram
1131 2660 1206 2688 illam
1230 2659 1269 2686 sic
1290 2659 1383 2685 emisit
1407 2657 1525 2684 animam
1550 2665 1558 2684 :
1580 2658 1658 2692 cnjus
1684 2657 1815 2684 mundum

1030 2713 1129 2740 corpus
1143 2710 1170 2732 et
1183 2704 1383 2733 venerandum.
1403 2704 1506 2730 sanctis
1530 2703 1657 2729 manibus
1678 2702 1817 2738 composi-

1030 2756 1100 2783 tum,
1113 2759 1221 2777 sacrum
1239 2751 1304 2777 illud
1319 2750 1448 2783 templum
1466 2749 1593 2783 suscipit.
1607 2748 1680 2783 quod
1700 2749 1758 2783 ipse
1769 2756 1817 2776 ex-

1029 2797 1125 2825 citavit
1147 2804 1161 2823 a
1179 2796 1385 2827 fundamentis,
1401 2800 1430 2823 et
1452 2802 1518 2822 vere
1541 2802 1649 2823 sacrum
1669 2794 1816 2822 constituit

1030 2842 1244 2874 monasterium,
1261 2842 1294 2869 ad
1308 2842 1421 2877 gloriam
1438 2841 1536 2871 Patris,
1556 2840 1629 2872 Filii,
1647 2845 1675 2867 et
1697 2839 1817 2875 Spiritus

1029 2889 1128 2922 sancti,
1143 2896 1216 2916 nunc
1227 2893 1256 2916 et
1273 2889 1300 2916 in
1316 2888 1415 2916 saecula
1431 2887 1603 2916 seculorum.
1615 2887 1709 2914 Amen.

1791 2901 1801 2979 ξ
1819 2921 1924 2972 r
