2060 3153
279 148 339 182 “4'17

902 149 1046 180 MENSIS

1118 150 1284 181 CEMBER.
1865 153 1927 188 7η

294 222 1912 241 ‘—-——_——————n—__

913 306 1283 352 MARTYRIUM

390 416 791 497 SANGTfE
854 415 1358 497 MARTYRIS
1416 418 1546 498 AN
1553 421 1811 502 YSUE

812 554 904 589 QUZE

941 553 1013 585 EST
1032 554 1376 588 ,THESSALONICIE.

554 641 653 674 (Latine
665 648 705 673 ap.
719 641 818 667 Surittm
830 639 860 665 ad
881 639 949 666 diem
961 641 992 666 50
1004 641 1149 670 Decembris
1164 651 1171 675 ;
1184 645 1270 671 Graece
1281 651 1329 670 non
1342 647 1425 671 exstat
1436 646 1462 670 in
1473 650 1533 669 mss.
1545 643 1637 674 Paris.)

311 800 335 830 ι.
357 801 491 837 Tempore
513 802 619 837 tyranni
642 800 808 831 Maximiani,
832 801 921 836 puella
944 803 1068 836 quaedam
1084 803 1107 831 A
1122 808 1267 836 naturam,
1287 802 1447 837 priusquam
1466 809 1504 829 ea:
1524 801 1701 828 dominentur
1718 798 1798 826 nobis
1819 803 1917 833 Prmter

278 849 390 876 nomine
404 848 516 883 Auysia,
533 848 616 875 nobili
633 848 693 874 loco
709 851 771 873 nata
786 846 998 881 Thessalonicm,
1015 849 1070 876 ale-

278 895 359 923 batur
379 894 449 929 apud
470 894 568 928 divites
587 898 614 920 et
635 893 728 920 ﬁdeles
749 898 892 927 parentes,
915 895 1021 921 erudita
1042 895 1070 922 in

278 941 376 968 timore
393 941 509 972 Domini,
528 940 615 975 magis
631 940 778 966 virtutibus
794 948 875 974 quam
893 945 970 967 tetatc
985 940 1070 975 proli-

277 987 362 1014 ciens.
379 986 411 1013 Et
426 988 543 1022 primum
560 986 667 1021 quidem
685 992 811 1020 parentes
825 993 883 1012 eam
902 987 987 1021 magis
1001 987 1069 1021 dog-

277 1033 397 1060 matibus
418 1034 526 1067 pietatis
547 1033 702 1064 uutrivere,
721 1039 802 1067 quam
822 1033 903 1060 lacte.
921 1031 1069 1067 Postquam

276 1083 367 1106 autem
399 1083 505 1106 aetatem
538 1079 647 1106 transiit
678 1078 846 1113 puellarem,
877 1078 1069 1114 videreturque

273 1126 371 1161 puellae
393 1127 513 1160 gravitas
534 1129 560 1153 et
581 1125 665 1152 decus
685 1125 774 1159 majus
794 1133 877 1159 quam
900 1129 1068 1160 sperassent.

273 1178 334 1198 eam
358 1171 536 1198 solidioribus
561 1171 715 1205 disciplinis
740 1171 912 1197 erttdiebant.
938 1170 983 1197 Illa
1006 1177 1069 1198 vero

273 1224 348 1247 cum,
366 1221 394 1242 tit
410 1225 469 1250 qua:
485 1217 558 1243 bono
573 1221 644 1243 esset
660 1216 768 1250 ingenio
787 1216 909 1249 praedita,
927 1215 1006 1242 facile
1021 1223 1069 1250 ap-

272 1263 465 1297 prehenderet.
482 1262 588 1288 fructus
604 1262 702 1296 dignos
717 1262 870 1295 disciplina:
885 1262 992 1288 actione
1008 1268 1069 1295 pro-

272 1309 378 1337 ferebat
396 1317 403 1336 :
422 1316 541 1343 cumque
559 1316 621 1334 vere
640 1308 765 1335 cmlestes
785 1312 811 1334 et
832 1307 969 1342 angelicos
990 1308 1069 1341 plane

271 1356 387 1384 haberet
410 1356 534 1390 spiritus,
556 1354 672 1388 insignis
696 1353 872 1388 pulchritudo
893 1354 1012 1379 micabat
1035 1361 1068 1380 ex

272 1403 371 1430 oculis.
385 1401 480 1436 Magna
499 1405 590 1427 autem
608 1407 640 1427 ex
658 1404 735 1434 parte
751 1399 826 1426 domi
844 1399 955 1426 latebat.
971 1399 1007 1425 De
1020 1398 1067 1433 ju-

272 1453 384 1476 ventute
408 1455 473 1474 vero
499 1446 652 1481 smpissime
678 1446 909 1480 conquerebatur,
937 1446 1030 1473 dicens
1056 1453 1064 1472 :

272 1495 295 1524 0
313 1494 471 1522 insidiosam
491 1497 616 1526 attatetn,
634 1501 695 1528 qua:
712 1498 759 1520 aut
778 1493 866 1525 lredit,
884 1498 930 1519 aut
948 1493 1066 1520 laeditur.

271 1541 389 1570 Pulchra
405 1548 450 1567 res
464 1545 506 1567 est
522 1546 660 1567 senectus.
676 1538 724 1566 Hei
742 1539 824 1565 mihi!
842 1539 984 1573 longitudo
1001 1543 1068 1565 tem-

270 1588 346 1623 poris
360 1595 402 1614 tne
419 1586 549 1613 maestitia
564 1585 657 1618 allicit,
673 1593 733 1620 quae
749 1585 843 1612 tandiu
859 1590 968 1619 separat
983 1593 996 1611 a
1013 1592 1068 1612 eoa.

270 1633 395 1661 lestibus.
411 1632 443 1659 Et
458 1637 486 1659 ut
500 1632 583 1659 semel
599 1632 698 1662 dicant,
714 1639 854 1665 nttnquattt
870 1631 1068 1657 intermittebat

270 1680 412 1707 Christum
433 1686 530 1705 vocare
547 1678 579 1704 ad
599 1686 679 1704 suum
697 1677 848 1709 auxilium,
866 1681 892 1704 et
911 1684 998 1711 genua
1016 1676 1066 1703 ﬂe-

270 1732 359 1756 ctens,
376 1724 465 1751 solum
483 1723 644 1757 aspergebat
661 1722 799 1757 lacrytnis.

305 1771 339 1798 ll.
359 1771 465 1797 interea
480 1774 570 1796 autem
588 1777 649 1795 cum
665 1773 794 1802 parentes
809 1768 1003 1799 decessissent,
1020 1775 1066 1795 ac-

272 1822 350 1851 cepta
372 1815 541 1846 haereditate,
560 1814 708 1848 cogitabat,
727 1815 863 1847 quomodo
882 1819 1002 1840 uteretur
1021 1814 1065 1846 iis,

269 1871 338 1899 quas
354 1861 483 1891 habebat.
501 1861 614 1887 divitiis.
634 1859 720 1886 Erant
734 1867 799 1887 vero
815 1861 937 1894 congesti
955 1860 1065 1887 maximi

269 1909 329 1937 auri
344 1913 371 1935 et
388 1906 492 1942 argenti
510 1906 645 1938 thesauri,
660 1906 756 1940 ampla:
771 1906 970 1940 possessiones.
986 1907 1065 1933 multi

267 1961 398 1990 pecorum
415 1961 521 1987 greges,
539 1959 680 1979 servorum
697 1956 724 1978 et
738 1952 900 1978 ancillarum
919 1951 1065 1979 multitudo

268 1999 491 2031 innumerabilis,
505 1999 588 2025 vestis
603 2003 764 2031 sumptuosa
779 2002 805 2024 et
822 1999 976 2032 magniﬁca,
991 2003 1018 2025 et
1031 2006 1065 2025 ex

267 2055 335 2075 auro
349 2050 488 2077 contexta,
501 2048 528 2071 et
542 2043 642 2073 serica,
657 2044 777 2071 mundus
792 2052 901 2074 aureus.
916 2050 1066 2072 exornatus

267 2092 341 2119 omni
358 2098 457 2127 genere
474 2097 661 2124 gemmarum,
679 2090 868 2123 magnitudine
885 2090 1064 2123 resplendens

1123 854 1267 881 naturam;
1283 848 1384 875 eiiiciar
1398 856 1463 875 vere
1478 847 1590 874 domina
1602 867 1609 879 ,
1626 854 1672 874 eas
1688 851 1783 874 sancte
1799 845 1916 872 admini-

1121 901 1211 923 strans
1230 895 1312 922 simul
1334 900 1361 921 et
1381 895 1522 922 declinans
1540 901 1572 921 ca
1590 901 1650 927 quae
1669 901 1702 919 ex
1720 893 1761 920 eis
1777 893 1914 923 oriuntur,

1121 941 1197 971 \‘itia,
1210 945 1236 968 et
1247 939 1399 967 custodiam
1413 940 1572 974 excogitans
1586 939 1764 969 tutissimam,
1779 938 1805 964 in
1819 938 1914 964 vidua-

1121 994 1194 1019 rum,
1207 987 1394 1021 orphanorum
1409 990 1435 1013 et
1448 985 1635 1012 mendieorum
1648 989 1768 1011 ventrem
1783 987 1913 1018 tanquam

1120 1033 1280 1060 thesaurum
1301 1041 1348 1060 eas
1367 1033 1529 1060 recondens.
1547 1031 1665 1059 ldoneus
1685 1031 1841 1065 lidejussor,
1861 1031 1911 1056 Do-

1121 1080 1212 1107 minus
1228 1080 1421 1108 universorum
1432 1099 1439 1111 ,
1457 1085 1510 1106 non
1527 1079 1559 1105 ad
1576 1077 1688 1112 duplutn
1706 1084 1794 1111 usque
1809 1076 1914 1103 solum-

1121 1126 1201 1153 modo
1215 1126 1324 1161 augebit
1338 1130 1456 1157 sortem;
1467 1124 1513 1152 sed
1528 1124 1561 1151 ad
1576 1123 1735 1157 centuplum
1750 1130 1838 1156 usque
1851 1130 1913 1149 cum

1120 1171 1176 1198 vita
1193 1175 1296 1198 acterna
1313 1170 1380 1197 mihi
1396 1170 1487 1198 foenus
1503 1170 1624 1203 adjiciet.
1641 1169 1688 1196 Pie
1703 1175 1913 1199 constituamus,

1119 1222 1178 1245 tuto
1193 1218 1264 1244 enim
1279 1218 1454 1252 recipiemus.
1470 1217 1647 1243 Veuumdatis
1662 1215 1790 1242 omnibus
1803 1222 1912 1242 crucem

1120 1263 1314 1298 acquiramus,
1339 1263 1476 1290 Christum
1499 1262 1619 1295 expediti
1641 1269 1802 1296 sequamur,
1826 1261 1912 1295 ipsam

1121 1313 1222 1336 terram
1242 1309 1334 1336 statim
1353 1317 1414 1336 cum
1434 1313 1505 1336 terra
1522 1309 1731 1343 relinquamus,
1749 1309 1834 1336 cmlos
1851 1315 1911 1334 cum

1121 1355 1224 1389 angelis
1240 1355 1405 1383 Itabitemus.
1418 1354 1566 1389 Fugiamus
1580 1354 1761 1390 periculosam
1776 1355 1872 1385 vitam,
1886 1358 1912 1380 et

1118 1400 1227 1434 probris
1249 1399 1358 1434 plenam
1380 1407 1388 1426 :
1410 1403 1437 1426 et
1456 1399 1642 1426 desideremus
1662 1405 1815 1430 certamen,
1839 1398 1910 1433 quod

1119 1445 1459 1479 superatrationem.Cum
1476 1446 1508 1472 iis
1524 1453 1584 1480 qua).
1599 1453 1654 1472 non
1671 1446 1810 1481 patiuntur
1826 1446 1912 1472 inter-

1084 1475 1204 1524 l3itutn,
1229 1498 1415 1526 permutemus
1451 1500 1501 1523 ea,
1527 1492 1554 1518 in
1580 1500 1641 1525 quae
1676 1492 1749 1519 cadit
1774 1492 1911 1520 interitus.

1119 1535 1236 1564 Maxime
1251 1538 1412 1564 venerandze
1426 1543 1491 1565 sunt
1505 1538 1615 1572 nuptiae,
1631 1546 1692 1573 quae
1707 1539 1912 1573 corruptionem

1118 1590 1292 1617 nequaquam
1312 1584 1460 1610 conciliant
1479 1593 1485 1610 :
1504 1591 1715 1618 permaneamus
1738 1584 1870 1618 integrae,
1887 1585 1913 1612 ei

1118 1629 1164 1663 qui
1180 1628 1319 1661 formavit,
1333 1636 1431 1664 purutn
1447 1629 1605 1664 {igtnentum
1620 1637 1826 1664 conservemus,
1841 1639 1856 1658 a
1871 1638 1913 1658 re-

1117 1675 1302 1710 prehensione
1318 1676 1436 1702 alienum
1454 1676 1556 1703 Christi
1574 1677 1765 1704 custodiamus
1783 1678 1913 1712 signacu-

1117 1721 1184 1748 lum.
1199 1722 1335 1756 Agnoscat
1349 1721 1480 1749 Dominus
1494 1723 1581 1757 sigilla
1596 1723 1772 1757 virginitatis,
1786 1724 1912 1751 clausum

1117 1767 1238 1794 inveniat
1254 1769 1374 1800 hortum,
1389 1776 1451 1795 cum
1466 1769 1622 1796 accesserit.
1638 1769 1812 1797 Prmbramus
1827 1769 1912 1798 fontis

1117 1812 1218 1839 ﬂuenta
1242 1813 1353 1839 minime
1377 1813 1546 1848 perturbata.
1569 1813 1647 1840 Nunc
1670 1822 1732 1841 cum
1754 1821 1818 1842 sunt
1843 1824 1913 1842 nun-

1117 1859 1203 1892 dinze,
1219 1859 1403 1894 negocicmur.
1422 1859 1578 1886 Persecutio
1595 1865 1621 1886 et
1639 1860 1751 1887 amictio
1767 1861 1833 1887 mihi
1853 1861 1912 1896 glo—

1117 1904 1186 1931 riam
1204 1905 1360 1932 concilient.
1379 1904 1513 1932 Pra-sides
1542 1910 1568 1932 et
1587 1906 1720 1940 supplicia
1744 1907 1769 1933 in
1790 1906 1912 1941 paradisi

1117 1951 1240 1984 delicias,
1257 1951 1381 1978 custodia
1397 1950 1422 1978 ot
1440 1951 1545 1985 ﬂagella
1568 1951 1595 1978 in
1626 1952 1728 1979 Clu-isti
1761 1954 1911 1986 nuptialem

1117 1997 1268 2024 thalamum
1292 1997 1477 2024 introducant.
1502 1996 1560 2024 Non
1584 1997 1674 2024 solum
1699 2001 1765 2025 sunt
1787 1998 1909 2026 virorum

1117 2051 1236 2074 coronm,
1250 2043 1297 2070 sed
1312 2043 1396 2070 etiam
1413 2043 1571 2069 mulierum.

1153 2092 1197 2119 Ill.
1218 2092 1250 2119 Et
1272 2092 1328 2119 haec
1349 2091 1453 2123 dicens,
1474 2091 1571 2118 orabat
1592 2098 1654 2117 etim
1677 2091 1807 2124 lacrymis
1829 2098 1838 2117 :
1858 2091 1910 2117 Do-

266 2144 293 2167 et
314 2138 527 2173 pulchrittnline.
550 2136 613 2163 Ilaec
636 2137 732 2164 videns
754 2137 929 2164 sanctissima
950 2137 1062 2172 Auysia,
1077 2149 1100 2181 ρ
1118 2138 1206 2171 mine,
1222 2137 1285 2165 Jesu
1300 2137 1423 2169 Christe,
1439 2137 1486 2164 lux
1501 2145 1582 2169 vera,
1601 2137 1662 2164 forts
1678 2137 1907 2170 immortalitatis,

265 2185 373 2213 dieebat
391 2195 398 2212 :
418 2184 561 2216 Quomodo
580 2184 661 2210 salva:
681 2190 742 2210 csse
762 2184 912 2217 poterimus
931 2183 957 2209 in
977 2184 1061 2210 tantis

266 2229 384 2257 terrenis
398 2228 502 2263 copiis?
515 2227 658 2260 Quomodo
672 2232 754 2259 caput
769 2227 896 2254 draconis
910 2228 1062 2255 exuemus?

265 2275 324 2309 Age
340 2276 471 2301 adversus
486 2274 574 2307 ipsum
591 2278 653 2299 utar
666 2273 725 2306 ejus
740 2273 904 2301 inventione.
920 2273 967 2301 ille
981 2279 1061 2309 quot-

266 2321 347 2348 annis
374 2327 403 2346 se
427 2327 542 2350 eXllNlS,
571 2324 735 2352 renovatur;
761 2327 894 2346 CXllﬂllHlS
919 2328 984 2355 ergo
1009 2329 1058 2348 nos

265 2374 377 2401 quoque
394 2366 483 2393 varius
500 2365 621 2392 divitias.
640 2365 684 2392 Em-
700 2366 772 2392 enim
789 2366 890 2393 divitia:
906 2367 992 2402 magis
1007 2376 1058 2402 pu-

264 2413 346 2439 niunt
361 2420 408 2439 eos
424 2413 470 2446 qui
487 2412 540 2438 illis
558 2411 626 2438 male
642 2416 774 2443 utuntur;
791 2420 848 2445 eos,
864 2412 908 2447 qui
925 2414 997 2448 ipsas
1013 2422 1059 2442 ac-

264 2458 493 2488 cumulavcrunt,
508 2457 624 2483 multant
639 2457 713 2483 rabie
729 2457 922 2484 immedicabili
938 2466 945 2486 :
961 2466 1057 2492 parcos

264 2508 356 2531 autem
378 2508 406 2529 et
424 2503 571 2530 illiberales
592 2502 651 2530 suis
671 2502 777 2537 laqueis
794 2507 821 2529 et
838 2503 942 2530 retibus
965 2504 1056 2539 impli-

264 2553 337 2577 cant.
362 2551 496 2583 Agrorum
521 2548 660 2583 possessio
682 2549 806 2583 suggerit
827 2549 1055 2584 indignationem,

264 2598 292 2621 et
309 2594 420 2621 inﬁdam
440 2594 611 2630 vectigalium
630 2594 818 2625 exactionem,
837 2595 979 2630 proferens
997 2601 1055 2624 tru-

264 2641 336 2669 tinas
352 2641 434 2669 falsas
450 2645 479 2669 et
495 2641 563 2669 falsa
580 2640 711 2675 pondera.
728 2639 822 2668 Vestes
837 2641 936 2669 docent
950 2650 980 2669 se
996 2651 1057 2677 per-

263 2694 358 2722 peram
373 2692 400 2714 et
415 2688 539 2722 nequiter
553 2693 659 2722 gerere.
674 2687 829 2722 resolvique
842 2692 868 2714 et
882 2687 995 2715 diﬂ'undi
1010 2690 1055 2716 de-

262 2731 343 2760 liciis.
355 2731 479 2769 Torques
489 2738 516 2761 et
529 2733 641 2760 monilia
653 2732 783 2766 cilicium,
797 2738 824 2761 ut
835 2734 924 2762 cervix
938 2736 1055 2770 superbe

261 2777 393 2812 erigatur,
412 2783 440 2806 et
460 2783 489 2806 ut
508 2786 569 2813 quae
585 2779 714 2806 laudibus
732 2780 858 2812 trahitur,
877 2780 960 2807 videri
979 2781 1054 2809 desi-

1116 2184 1192 2211 radix
1210 2183 1439 2218 incorruptionis,
1457 2183 1502 2218 qui
1521 2183 1679 2218 mysterium
1699 2184 1864 2217 virginitatis
1881 2184 1908 2210 in

1115 2235 1193 2257 utero
1213 2229 1379 2264 concepisti,
1397 2229 1443 2263 qui
1462 2230 1557 2255 matris
1575 2236 1676 2256 nomen
1694 2229 1767 2256 nulla
1786 2229 1847 2256 labe
1864 2229 1907 2255 iu-

1114 2276 1256 2310 quinatum
1271 2275 1437 2306 cttstodiisti,
1454 2275 1524 2302 bone
1542 2274 1667 2306 Domine,
1684 2281 1782 2309 praesta
1800 2283 1835 2302 tte
1851 2275 1906 2302 vir-

1114 2322 1206 2356 ginum
1223 2322 1336 2348 chorum
1353 2321 1493 2354 deseram,
1512 2329 1544 2348 ne
1559 2321 1689 2348 excludar
1705 2321 1842 2353 thalamo,
1860 2321 1906 2348 sed

1113 2375 1156 2394 me
1174 2368 1245 2394 refer
1261 2368 1288 2394 in
1307 2375 1450 2394 numerum
1466 2367 1602 2401 virginum
1621 2368 1805 2402 prudentum,
1821 2371 1848 2394 et
1863 2368 1906 2395 di-

1113 2421 1197 2448 gnare
1212 2413 1434 2446 me,Dominc,ut
1451 2414 1604 2447 lampadem
1621 2413 1722 2445 ferens,
1738 2414 1827 2444 victis,
1844 2421 1905 2448 qua:

1113 2459 1250 2494 inquinari
1275 2463 1425 2494 nequeunt,
1449 2459 1647 2487 certaminibus
1671 2460 1817 2494 glorificer.
1842 2459 1906 2486 Haec

1112 2514 1173 2534 cum
1190 2506 1302 2532 dixisset
1317 2506 1491 2533 sanctissima
1504 2506 1606 2542 Anysia
1617 2527 1625 2540 ,
1642 2511 1733 2534 statim
1749 2507 1840 2534 omnia
1856 2515 1905 2534 ve-

1112 2552 1264 2583 numdedit,
1275 2560 1327 2578 non
1343 2552 1410 2579 tanti
1425 2552 1519 2586 quanti
1534 2557 1593 2579 erat
1607 2553 1839 2587 unumquodque,
1853 2561 1905 2580 nec

1113 2602 1142 2624 ut
1155 2598 1225 2625 solet
1239 2599 1296 2625 ﬁeri
1313 2601 1339 2625 in
1353 2599 1550 2630 contractibus,
1563 2599 1701 2634 exquisite
1715 2600 1880 2627 examinans
1895 2608 1902 2627 :

1110 2645 1158 2671 sed
1179 2645 1231 2672 hoc
1249 2645 1337 2672 solum
1358 2645 1466 2672 dicebat
1484 2646 1598 2680 emptori
1619 2653 1626 2672 :
1648 2646 1694 2672 Est
1713 2647 1902 2674 mendicorum

1110 2695 1136 2717 et
1151 2698 1316 2725 egenorum;
1332 2692 1364 2717 da
1380 2691 1485 2726 justum
1502 2693 1630 2726 pretium,
1648 2696 1678 2718 ut
1693 2692 1775 2719 simul
1791 2699 1905 2727 quoque

1109 2738 1228 2773 aliquam
1253 2739 1299 2765 tibi
1323 2738 1421 2766 oderas
1443 2740 1596 2767 mercedem
1617 2747 1722 2769 etneus.
1743 2743 1771 2767 et
1789 2739 1904 2767 eﬂectus

1107 2784 1198 2818 justus
1219 2785 1358 2812 dominus.
1372 2784 1434 2813 "rec
1448 2790 1540 2812 autem
1556 2786 1674 2818 dicebat,
1691 2794 1745 2813 non
1760 2786 1832 2820 quod
1849 2786 1905 2813 vel-

262 2821 352 2850 deres.
373 2824 428 2859 Age
449 2831 515 2859 ergo
537 2825 590 2859 piis
613 2826 656 2860 pie
679 2831 798 2858 utamur,
826 2826 905 2854 beato
927 2826 1054 2856 Matthaeo
1070 2831 1094 2860 D
1108 2830 1142 2857 let
1159 2831 1369 2866 multiplicatum
1383 2831 1507 2866 accipere
1521 2833 1649 2867 pretium,
1664 2832 1711 2860 scd
1725 2833 1752 2859 in
1768 2832 1820 2859 hoc
1833 2839 1903 2866 quo-

261 2873 399 2905 parentes.
416 2871 588 2900 Doruinatum
604 2872 632 2901 in
649 2880 696 2901 eas
712 2873 885 2902 obtineamus
902 2876 1052 2903 secundum

1109 2885 1162 2912 que
1176 2877 1280 2906 habens
1296 2878 1384 2905 zelum
1400 2878 1527 2912 pietatis,
1543 2884 1571 2906 et
1585 2879 1610 2907 ei
1627 2880 1674 2914 qui
1688 2879 1813 2913 emebat,
1830 2885 1902 2907 met-
