2060 3153
173 181 222 212 749

821 179 907 210 VITA
927 179 957 208 S.
976 177 1134 208 ANYSl/E,

1735 178 1789 210 750

171 237 263 265 cedem
279 235 438 263 concilians.
453 234 511 262 Non
526 235 598 262 enim
614 239 715 262 tantam
731 242 824 263 curam
841 234 950 269 gerebat
964 235 986 263 Λ
1002 241 1016 260 a
1041 233 1198 260 coelestibus
1222 233 1358 268 mysteriis
1382 242 1444 262 eum
1470 236 1656 264 exterminain
1669 257 1676 270 ,
1700 238 1747 272 qui
1772 247 1788 267 ι

168 283 339 313 venditionis.
359 286 491 315 quantum
513 282 635 313 curabat,
656 286 685 308 ιιι
706 286 778 308 recte
798 286 824 307 et
845 288 878 307 ex
897 280 950 306 vir-

167 335 223 357 tute
240 329 277 355 nil
294 328 452 362 possideret.
468 327 592 361 Cumque
608 326 700 353 omnia
717 327 742 352 iu
759 334 856 353 aurum
874 325 950 351 rede-

167 374 259 408 gisset,
281 373 324 400 illa
345 380 376 399 ea
398 380 445 406 per
467 380 496 399 se
518 373 609 404 dabat,
630 380 684 399 non
707 374 794 399 solum
816 371 950 406 praebens,

167 421 211 447 sed
225 420 276 446 alia
290 420 370 445 etiam
384 418 469 444 olTieia
483 419 624 447 adhibens,
639 420 664 444 in
677 426 784 444 onmem
799 417 949 444 custodiam

166 465 335 499 ingrediens,
353 469 379 490 ct
396 465 544 498 quemlibet
560 464 606 497 qui
626 464 652 490 iu
669 464 784 489 vinculis
800 467 859 489 erat
875 462 951 488 dani-

165 516 255 541 natus,
271 511 430 541 consvtlans,
446 511 505 543 ejus
518 510 564 544 qui
581 515 667 536 tortus
682 510 779 539 luerat,
795 509 895 534 vibices
910 508 951 533 in-

163 557 319 584 !usionibus
335 565 435 583 ctirans
451 561 477 583 et
493 557 682 588 unctionibus,
699 556 848 588 quemlibet
863 563 950 587 aegro-

164 607 264 630 taiitem
287 607 312 627 et
334 601 360 627 in
382 601 450 628 lecto
468 602 674 628 drcuiiibeiitcm
692 600 827 631 invisens,
847 604 873 625 et
891 599 949 632 ejus

162 656 255 675 curam
274 655 372 682 gerens
390 656 396 673 :
413 648 530 681 compita
547 653 572 673 et
588 647 664 673 vicos
681 646 792 676 obiens,
811 651 836 672 et
854 646 887 671 iis
904 645 948 679 qui

162 696 189 723 in
205 696 245 722 cis
261 696 404 728 jacebant,
423 702 532 720 manum
550 694 687 728 pra-hens,
705 693 811 719 dicebat
827 701 833 718 :
850 692 888 718 Ne
904 692 951 718 der

162 743 230 770 lit-ia:
247 743 303 768 sint
319 741 383 767 mihi
400 741 511 769 divitiae.
529 748 589 774 qua:
607 748 640 766 ne
656 748 733 773 aqua:
747 739 857 774 quidem
874 743 949 773 gutta

160 788 249 822 digute
266 788 399 813 habentur
414 787 440 812 in
457 791 576 820 temporc
588 785 694 817 judirii.
711 784 769 810 Non
784 784 898 810 sationis
913 785 950 810 la-

161 835 268 865 borem,
283 833 330 860 sed
348 833 445 859 messis
461 833 578 863 divitias,
595 831 699 858 visione
715 830 948 864 apprehendebat.

160 880 193 907 Et
214 888 277 906 cuni
300 879 332 906 ad
353 879 462 905 obolum
485 886 572 913 usque
594 878 686 904 omnia
708 877 903 907 distribuisset,
923 880 950 902 et

1003 278 1082 304 beata
1095 278 1150 304 vita
1164 285 1225 305 eum
1238 278 1373 307 alienasti.
1388 278 1434 312 qui
1450 279 1610 307 insolentem
1624 281 1683 315 ejus
1697 282 1790 310 exsul-

1004 324 1132 350 lationem
1148 323 1305 358 deprcssisti
1322 329 1347 350 et
1362 324 1497 358 abjecisti.
1510 326 1558 360 qui
1570 327 1603 354 dc
1616 326 1675 361 ejus
1691 336 1789 364 pompa

1002 375 1050 402 per
1066 369 1242 403 ignominiam
1260 370 1349 397 erucis
1367 371 1556 405 triunipliasti,
1574 374 1620 406 qtii
1640 382 1673 400 cx
1690 375 1791 410 impol-

1002 414 1059 440 lino
1078 420 1124 440 uio
1141 414 1201 441 sinu
1222 414 1304 441 Deum
1322 415 1454 448 Verbum,
1473 417 1519 450 qui
1537 423 1578 445 est
1595 424 1658 446 ante
1674 422 1789 452 saecula.

1001 464 1028 486 ct
1043 460 1172 487 Servator
1185 461 1336 488 animarum
1353 468 1517 496 nostrarum,
1532 471 1563 491 ex
1579 464 1680 498 Spiritu
1695 474 1790 494 sancto

1001 509 1028 531 et
1051 505 1133 532 Maria
1156 505 1266 539 Virgine
1288 514 1398 540 uatum,
1421 510 1454 536 ad
1479 517 1528 537 nos
1553 511 1670 544 misisti;
1694 514 1740 547 qui
1764 514 1790 542 id

1001 553 1073 586 quod
1092 554 1208 584 errabat.
1227 562 1274 589 per
1289 556 1378 589 ipsum
1410 557 1580 590 convertisti,
1598 562 1625 586 et
1641 560 1713 593 quod
1731 566 1792 588 erat

1002 598 1186 629 iinbreilliim.
1205 602 1369 628 conﬁrmasti
1384 622 1391 634 ,
1410 607 1435 630 ct
1456 609 1528 639 quod
1556 608 1723 639 contritum,
1742 616 1790 635 cu-

1002 645 1067 670 rasti
1088 653 1095 671 :
1115 650 1140 671 te
1163 647 1259 673 invoco
1279 655 1328 681 ego
1351 648 1463 676 humilis
1483 655 1510 676 et
1531 653 1667 685 peccatrix
1691 654 1791 682 ancilla

1002 695 1046 716 tua
1068 697 1099 717 ex
1123 695 1179 717 toto
1200 692 1282 719 corde
1305 701 1375 726 meo,
1395 695 1440 729 qui
1464 697 1562 724 novisti
1583 705 1644 732 quae
1663 706 1742 727 erant
1764 702 1790 728 in

1001 736 1082 761 cordo
1097 737 1312 772 uniuscujusque
1326 747 1332 765 :
1347 740 1392 773 qui
1409 740 1509 773 ignem,
1525 742 1571 776 qui
1584 743 1674 777 jactus
1690 750 1748 772 erat
1764 747 1790 773 in

1001 782 1131 808 mundum
1153 783 1187 809 ab
1210 783 1347 817 unigcnito
1368 790 1415 811 tuo
1436 786 1515 819 Filio,
1535 793 1562 815 et
1584 789 1610 815 in
1631 791 1711 817 corde
1732 800 1791 819 nico

1001 828 1166 859 acu-inlisit;
1184 830 1230 863 qui
1248 829 1324 862 fidei,
1343 839 1402 865 qua:
1420 832 1446 858 in
1466 841 1508 860 me
1524 838 1580 866 est,
1598 835 1744 864 scintillam
1762 838 1789 864 in

1003 873 1153 907 lampadem
1171 875 1240 908 ejus,
1258 884 1318 910 qua:
1335 882 1376 904 est
1392 885 1455 912 erga
1474 884 1510 910 te.
1528 880 1682 910 dilectionis
1699 888 1792 912 muta-

159 926 229 953 nihil
245 926 297 952 Sibi
316 926 488 958 reliquisset,
504 932 533 951 se
550 924 575 950 in
592 923 709 957 quadam
726 922 884 949 continebat
899 922 947 948 do-
966 914 986 942 Β
1002 918 1054 949 sli;
1071 919 1146 946 adsis
1163 920 1230 946 milii
1250 921 1384 956 indigum,
1401 927 1427 949 ct
1444 931 1522 951 serva
1541 933 1600 958 me,
1617 929 1746 961 quoniam
1767 935 1792 957 te

160 973 301 1002 niuiicnla,
316 979 376 1005 qua:
390 971 515 1004 superius
530 970 645 996 habebat
659 968 820 999 tabulatum,
834 975 950 1002 operans

159 1017 299 1047 manibus,
312 1022 338 1043 et
352 1025 406 1051 quo
421 1024 489 1049 opus
504 1014 630 1045 habebat,
645 1013 695 1040 sibi
712 1013 871 1039 alimentum
888 1019 951 1045 sup-

156 1065 298 1099 peditans,
321 1062 514 1089 convenienter
535 1060 675 1088 sententia:
697 1059 767 1086 beati
790 1059 866 1085 Pauli
887 1066 952 1092 apo-

156 1110 234 1141 3toli,
244 1110 290 1142 qui
302 1109 425 1136 diccbat:
438 1116 446 1132 ι
460 1107 569 1134 Otiosus
581 1111 671 1133 autent
685 1114 738 1132 non
752 1105 924 1131 manducet‘.
939 1113 948 1129 I

155 1155 319 1183 Christiano
336 1161 399 1180 vero
418 1160 595 1188 germanum,
615 1156 642 1178 et
659 1154 730 1186 quod
751 1151 875 1184 impediri
896 1157 949 1176 non

155 1206 260 1236 potest,
278 1201 486 1230 nutrimentum,
501 1200 536 1225 sit
550 1198 626 1225 labor
640 1205 752 1224 suarum
771 1204 912 1223 manuum.

194 1246 243 1273 ιν.
265 1245 326 1273 llam
339 1254 400 1273 cum
414 1246 536 1277 dixisset,
553 1245 680 1279 precibus
693 1244 822 1276 deinceps
836 1243 950 1270 vacabat

155 1297 185 1319 ct
210 1292 342 1323 orationi,
365 1291 501 1325 jejunium
528 1290 606 1324 quasi
632 1291 724 1316 carnis
749 1288 950 1322 quodammodo

153 1345 259 1372 expers
280 1337 442 1371 producens.
464 1336 565 1363 Deinde
586 1335 760 1361 validissimae
779 1342 807 1360 se
828 1333 950 1360 assuefa-

155 1384 236 1410 ciens
261 1382 462 1413 exercitationi,
485 1382 556 1408 diem
582 1381 691 1415 quidem
718 1380 896 1407 consumebat
923 1379 949 1406 in

153 1429 341 1460 lectionibus,
360 1434 465 1455 noctem
482 1433 572 1454 autent
590 1427 615 1453 in
634 1427 746 1462 psalmis
761 1431 787 1452 et
803 1426 948 1460 precibus;

155 1483 209 1511 pro
224 1475 311 1506 lecto,
328 1475 403 1507 solo,
422 1481 470 1508 pro
486 1480 560 1500 veste
575 1473 709 1506 stragula,
725 1477 813 1499 storea
829 1477 854 1499 et
870 1479 950 1499 sacco

154 1527 241 1549 utens
255 1529 262 1553 ;
278 1521 441 1547 brevissimo
456 1528 552 1547 somno
567 1525 692 1547 contenta
705 1540 712 1552 ,
728 1527 743 1546 a
759 1520 899 1554 phantasia
916 1519 950 1546 li-

1003 964 1139 996 desidcro,
1155 970 1182 992 et
1197 971 1223 994 te
1240 975 1342 1002 quaero,
1359 973 1386 996 et
1403 974 1428 996 te
1444 977 1544 1005 sequor
1560 973 1624 1000 totis
1642 976 1709 1002 meis
1725 976 1791 1003 viri-

1003 1010 1064 1037 bus.
1089 1011 1218 1045 Domine,
1242 1016 1350 1048 suscipe
1374 1017 1558 1050 precationem
1584 1027 1687 1053 meam,
1709 1029 1791 1055 quam

1002 1057 1085 1084 oilero
1102 1058 1150 1085 tibi
1166 1059 1248 1085 corde
1263 1060 1380 1088 contrito
1394 1066 1422 1088 et
1435 1063 1533 1096 spiritu
1551 1065 1663 1098 humili,
1682 1073 1791 1101 propter

1003 1111 1095 1137 quam,
1120 1111 1137 1130 ο
1161 1104 1274 1132 Domine
1296 1106 1359 1134 Jesu
1375 1108 1505 1141 ,Cliri5te,
1529 1110 1605 1138 fuisti
1629 1111 1656 1139 in
1680 1119 1790 1141 crucem

1003 1154 1090 1179 actus,
1107 1155 1215 1183 propter
1230 1159 1311 1184 quam
1330 1152 1452 1187 colaphis
1470 1162 1566 1188 caesus,
1583 1162 1693 1192 propter
1707 1167 1790 1194 quam

1003 1199 1110 1221 acetum
1127 1200 1155 1222 et
1173 1195 1207 1222 fel
1226 1197 1326 1229 bibisti,
1343 1204 1370 1224 ct
1389 1199 1469 1225 tertio
1486 1199 1531 1228 die
1547 1204 1702 1236 surrexisti,
1720 1209 1747 1232 et
1763 1205 1791 1232 in

1002 1240 1086 1268 caelos
1101 1242 1264 1274 ascendisti,
1280 1248 1307 1270 et
1322 1244 1417 1271 sedisti
1432 1252 1446 1272 a
1462 1245 1566 1273 dextris
1582 1247 1679 1276 Patris.
1695 1249 1734 1277 Ne
1750 1259 1792 1279 me

1001 1286 1134 1313 dedecore
1150 1287 1283 1321 atleeeris,
1300 1297 1333 1316 nc
1348 1298 1391 1318 me
1406 1298 1420 1318 a
1436 1295 1544 1319 tuarum
1561 1294 1721 1324 ancillarum
1738 1305 1791 1325 nu-

1002 1339 1078 1358 mero
1103 1332 1248 1366 rejeceris,
1276 1335 1323 1362 sed
1348 1335 1462 1370 dignare
1486 1345 1530 1365 me
1554 1337 1613 1366 ﬂeri
1642 1341 1791 1374 perfectam

1001 1377 1197 1412 Christianam,
1220 1384 1246 1406 et
1268 1383 1453 1409 consummari
1476 1383 1503 1410 in
1526 1385 1669 1418 signaculo
1689 1393 1794 1417 sancta

1002 1425 1092 1451 crucis
1114 1429 1181 1458 tum;
1201 1425 1309 1460 imperti
1329 1435 1373 1454 me
1394 1433 1439 1456 tua
1462 1431 1602 1464 passione,
1622 1433 1792 1462 voluntatem

1003 1474 1076 1497 tuam
1095 1471 1122 1498 in
1142 1479 1185 1499 me
1201 1480 1337 1507 operaus,
1355 1480 1384 1502 ut
1400 1475 1482 1510 digna
1500 1478 1608 1509 reddar,
1627 1487 1688 1514 quze
1706 1488 1791 1516 appa-

1000 1525 1074 1544 ream
1097 1524 1159 1545 ante
1179 1523 1256 1546 tuum
1276 1521 1404 1548 tribunal.
1424 1521 1465 1549 Tu
1488 1531 1531 1550 me
1550 1527 1626 1551 tuam
1640 1533 1791 1554 conserva.-

155 1569 226 1595 bero
244 1573 269 1594 et
287 1568 442 1594 insomniis.
462 1566 572 1593 Dicebat
586 1567 659 1594 enim
675 1575 681 1591 :
699 1565 800 1592 Malum
814 1570 853 1592 est
869 1566 947 1594 mihi.
961 1576 984 1605 α
1004 1573 1013 1589 ι
1030 1565 1136 1598 conlige
1147 1573 1161 1592 a
1174 1566 1271 1593 timore
1289 1571 1336 1594 tuo
1353 1575 1450 1595 carnes
1468 1577 1578 1602 meas,a
1592 1571 1704 1604 judiciis
1719 1574 1791 1601 enim

155 1615 299 1646 dormire,
318 1622 380 1640 cum
403 1621 481 1640 incus
503 1613 632 1640 inimicus
652 1613 755 1646 vigilat.
776 1612 870 1638 Plures
887 1619 952 1638 vero

153 1661 293 1688 fundebat
307 1661 450 1694 lacryinas.
464 1667 546 1693 quam
560 1664 619 1685 erat
633 1664 714 1692 potus
728 1666 808 1692 queui
825 1658 950 1691 bibebat;

153 1713 183 1734 ct.
207 1707 328 1741 gemitus
351 1714 382 1732 ac
405 1705 522 1739 suspiria
546 1709 623 1731 erant
646 1705 735 1738 plura,
756 1711 837 1738 quam
859 1705 949 1730 verba.

155 1753 259 1779 Vincta
279 1758 368 1778 autem
387 1755 446 1777 erat
464 1756 539 1777 tanto
556 1751 664 1778 Domini
683 1751 830 1780 desiderio,
848 1755 876 1776 ut
892 1750 951 1776 eai-

152 1803 286 1828 stimarct
301 1800 358 1831 ipsa
375 1799 438 1825 dum
457 1805 528 1832 genu
547 1796 676 1829 ﬂecteret,
694 1802 720 1823 et
737 1797 763 1823 in
779 1797 880 1822 nudam
899 1800 952 1823 ter-

153 1853 217 1872 ram
238 1844 333 1878 ﬁgeret
349 1845 455 1874 oculos,
473 1851 503 1870 sc
522 1843 604 1877 pedes
623 1847 718 1870 tenere
736 1842 908 1874 Servatoris;
925 1847 952 1869 et

152 1891 276 1927 genibus
296 1890 371 1916 labra
393 1891 554 1921 admovens,
576 1889 647 1915 illius
667 1895 754 1922 genua
774 1887 903 1918 osculari.
925 1890 951 1914 et

153 1938 277 1971 capillos
294 1940 426 1970 pandens,
440 1943 469 1962 se
484 1935 622 1969 pulverem
638 1935 684 1968 qui
697 1935 794 1966 iuerat,
809 1939 950 1962 excutere.

151 1984 265 2011 Horum
285 1990 347 2008 vero
369 1982 496 2015 cogitatio
517 1982 539 2007 ei
563 1980 650 2008 fontes
672 1982 798 2008 movebat
819 1982 952 2016 lacryma—

151 2028 336 2056 runirTanto
349 2031 439 2052 autem
454 2028 545 2054 studio
559 2027 741 2054 contendebat
753 2027 785 2052 ad
798 2027 949 2061 Christum,

151 2079 186 2102 ut
212 2074 293 2100 vellet
315 2072 424 2101 resolVi.
449 2077 475 2098 et
496 2079 558 2098 esse
579 2079 641 2098 cum
669 2072 793 2098 Domino.
816 2071 950 2104 Quoniam

151 2126 253 2146 autem
270 2118 378 2144 nolebat
392 2118 507 2151 scipsam
523 2118 657 2148 occidere,
673 2123 699 2144 et
716 2125 810 2144 rursus
827 2125 952 2151 propera-

151 2166 206 2193 bat
227 2165 258 2190 ad
277 2165 418 2196 ccclestia,
436 2164 499 2198 quid
519 2164 602 2190 facit?
617 2162 726 2197 .iejunio
743 2171 842 2197 corpus
859 2164 951 2198 paula-

133 2196 207 2253 ἶιὶιιι
232 2211 424 2250 consumebat,
442 2211 557 2238 multum
579 2211 612 2237 de
633 2211 686 2237 vita
709 2209 846 2236 sullurans
866 2210 950 2237 absti-

135 2259 138 2276 l
152 2257 264 2284 tientia.

134 2302 137 2335 ξ
195 2304 230 2330 ν.
253 2302 331 2329 Manu
352 2308 441 2330 autem
460 2309 557 2338 peetus
575 2304 687 2338 pulsans
705 2303 810 2335 orabat,
828 2304 922 2330 dicens
942 2312 948 2330 :

132 2375 134 2379 .
153 2351 277 2378 Domine
296 2351 365 2378 Deus
382 2352 568 2384 omnipotens.
586 2351 664 2378 Pater
681 2351 813 2384 uuigeniti
833 2352 870 2377 tui
889 2350 949 2376 Filii

153 2396 227 2423 Jesu
250 2396 362 2426 Christi.
383 2396 492 2422 Domini
513 2401 540 2423 et
561 2397 606 2423 Dei
627 2401 654 2423 et
675 2397 828 2423 Servatnris
851 2397 950 2428 nostri,

151 2443 206 2477 qui
224 2443 303 2469 sedes
318 2443 344 2469 in
360 2443 460 2469 throno
475 2444 578 2477 gloriae,
594 2444 637 2470 cui
652 2445 786 2471 assistunt
802 2444 874 2470 mille
891 2445 952 2470 mil-

151 2489 190 2515 lia
209 2489 369 2521 angeloruin
386 2489 610 2521 ministrantium,
626 2494 653 2516 et
669 2490 760 2516 decies
776 2490 848 2516 mille
865 2489 949 2515 millia

152 2535 340 2563 servientium
354 2540 399 2560 tuo
413 2536 502 2566 nutui,
515 2534 630 2567 Throui,
644 2535 858 2566 Doniinationes,
871 2534 951 2562 Prin-

151 2582 279 2615 cipatus,
299 2581 452 2608 Potestntes
473 2589 481 2607 :
503 2589 584 2616 quem
609 2582 719 2609 laudant
743 2582 902 2614 Clierubiui,
925 2587 952 2610 et

151 2626 316 2659 gloi-ilicaiit
340 2625 496 2659 Serapliiiu,
519 2631 560 2652 ter
581 2631 706 2653 sanetum
732 2626 863 2660 hymnum
891 2626 951 2653 sine

154 2669 215 2699 ﬁne
233 2671 372 2704 dicentes;
389 2671 436 2705 qui
454 2671 578 2706 spiritus,
597 2670 643 2704 qui
661 2678 716 2696 non
733 2671 904 2702 obedierunt,
923 2670 949 2696 in

155 2718 258 2746 tartari
276 2718 438 2752 profundum
456 2718 661 2749 condemnasti;
677 2718 722 2751 qui
740 2719 886 2744 draconem
902 2717 950 2753 qui

155 2763 275 2794 defecit,
293 2763 410 2796 alligasti
429 2764 543 2795 catenis,
559 2763 606 2797 qui
624 2764 734 2797 proprio
752 2770 802 2790 suo
819 2763 868 2790 reti
887 2771 950 2791 eum

156 2809 326 2844 implicasti,
341 2811 388 2844 qui
403 2809 463 2845 ejus
479 2809 570 2837 sedem
587 2811 615 2836 in
632 2814 731 2836 terrain
747 2809 868 2844 dejecisti
879 2830 887 2843 ,
903 2812 950 2845 qui

1003 1610 1058 1636 tuis
1086 1611 1174 1638 timui.
1191 1613 1289 1638 Averte
1316 1614 1410 1641 oculos
1433 1621 1525 1648 meos,
1542 1623 1576 1642 ne
1590 1617 1700 1644 videant
1716 1619 1792 1647 vani-

1003 1661 1086 1683 tatem
1099 1658 1121 1688 '.
1138 1657 1184 1684 sed
1203 1659 1291 1692 potius
1305 1667 1354 1687 eos
1370 1661 1463 1694 aperi.
1480 1669 1547 1696 rogo
1563 1667 1605 1695 te,
1621 1667 1649 1690 et
1665 1665 1793 1692 conside-

1003 1705 1070 1731 rabo
1094 1704 1229 1731 mirabilia
1251 1705 1285 1732 de
1305 1705 1365 1739 lege
1387 1711 1432 1733 tua
1445 1707 1466 1734 ³.
1488 1707 1518 1734 1η
1542 1713 1567 1735 te
1588 1709 1709 1743 projecta
1732 1717 1791 1736 sum

1002 1749 1037 1776 ab
1049 1754 1126 1776 utero
1140 1750 1234 1777 matris
1248 1758 1323 1778 more.
1335 1751 1375 1778 Tu
1387 1751 1500 1780 es'Deus
1513 1761 1589 1781 meus
1608 1762 1615 1786 ;
1627 1759 1705 1789 pater
1716 1763 1793 1783 meus

1003 1799 1030 1822 et
1048 1800 1134 1822 mater
1153 1803 1212 1823 mea
1231 1797 1434 1832 dereliqucrunt
1453 1807 1505 1826 me.
1525 1799 1565 1827 Tu
1578 1801 1722 1836 suscepisti
1737 1811 1790 1833 me.

1002 1842 1126 1869 Domine.
1147 1842 1237 1877 Dirige
1253 1851 1364 1876 gressus
1381 1852 1472 1876 meos,
1491 1853 1523 1872 ne
1540 1845 1673 1874 dedecore
1689 1848 1793 1876 aﬂiciar

1002 1888 1102 1914 ancilla
1120 1892 1165 1914 tua
1183 1896 1190 1915 :
1208 1889 1254 1914 sed
1273 1889 1315 1915 fac
1333 1896 1439 1916 mecum
1458 1890 1566 1924 signum
1584 1891 1610 1918 in
1628 1893 1750 1924 bonum.
1765 1898 1792 1920 et

1004 1933 1086 1967 imple
1115 1933 1280 1960 desiderium
1312 1935 1425 1961 meum‘
1445 1943 1452 1961 :
1470 1936 1598 1970 quoniam
1618 1942 1681 1964 ante
1699 1943 1724 1965 te
1749 1944 1792 1965 est

1003 1986 1085 2006 omne
1102 1979 1266 2006 desiderium
1286 1988 1375 2007 meum
1387 2002 1394 2014 ,
1410 1986 1437 2008 et
1453 1982 1568 2015 gemitus
1585 1990 1663 2010 meus
1680 1991 1733 2010 non
1750 1988 1794 2011 est

1004 2033 1019 2052 a
1035 2030 1061 2052 te
1078 2025 1252 2052 absconditus
1264 2027 1285 2053 '.
1305 2036 1313 2051 ι
1330 2026 1436 2061 Adjuva
1452 2034 1513 2059 me,
1529 2031 1623 2054 etnon
1639 2029 1793 2056 inveniatur

984 2101 990 2110 .
1004 2072 1111 2099 macula
1134 2072 1161 2097 in
1181 2072 1279 2098 ancilla
1302 2077 1358 2098 tua.
1380 2072 1441 2099 Tibi
1460 2073 1532 2099 enim
1553 2074 1685 2107 meipsain
1707 2074 1794 2103 on‘ero

981 2141 988 2145 .
1003 2125 1051 2151 per
1072 2124 1147 2143 aram
1170 2116 1355 2144 confessionis
1376 2117 1541 2145 humilitatis
1561 2126 1638 2150 mea},
1661 2123 1792 2154 tanquam

983 2190 988 2197 ,
1005 2163 1032 2189 in
1049 2163 1217 2189 holocaustis
1232 2162 1347 2190 arietum
1363 2167 1390 2190 et
1406 2167 1546 2190 taurorum
1557 2183 1566 2196 ,
1585 2172 1682 2200 nempe
1696 2173 1794 2194 eorum

1004 2210 1049 2243 qui
1069 2209 1146 2244 prius
1164 2209 1340 2236 decertarent
1356 2214 1468 2244 propter
1486 2217 1586 2237 nomen
1608 2216 1702 2244 tuum,
1720 2217 1747 2239 et
1766 2213 1794 2240 in

965 2244 988 2272 θ
1004 2256 1082 2283 denis
1100 2256 1218 2282 millibus
1235 2263 1366 2290 agnorum
1385 2255 1526 2290 pinguium
1537 2275 1545 2288 ,
1562 2256 1607 2290 qui
1625 2257 1713 2284 secuti
1730 2263 1796 2285 sunt

1005 2310 1105 2338 agnum
1123 2307 1198 2329 tuum
1214 2302 1419 2329 immaculatum
1435 2312 1442 2330 :
1456 2311 1505 2338 per
1517 2311 1598 2338 quem
1614 2304 1674 2337 tibi,
1689 2309 1717 2332 et
1731 2312 1795 2332 cum

1005 2356 1061 2383 quo
1083 2348 1142 2379 tibi,
1165 2357 1227 2375 cum
1250 2349 1352 2382 Spiritu
1374 2353 1478 2381 sancto,
1502 2350 1590 2384 gloria
1611 2354 1639 2377 et
1660 2350 1749 2378 honor
1767 2356 1796 2379 et

1005 2395 1125 2429 potentia
1141 2395 1167 2420 in
1184 2396 1282 2422 saecula
1297 2396 1471 2422 saeculorum.
1488 2394 1586 2423 Anien.

1042 2440 1086 2467 Vl.
1108 2441 1254 2475 Postquam
1271 2446 1361 2468 autent
1380 2445 1489 2475 precata
1507 2447 1595 2474 esset,
1612 2444 1752 2477 surrexit,
1767 2451 1796 2472 et

1003 2491 1090 2515 totum
1106 2493 1206 2521 corpus
1220 2493 1300 2513 suum
1313 2494 1394 2514 cruce
1408 2487 1537 2522 signavit.
1551 2487 1613 2515 Hmc
1627 2489 1722 2517 videns
1737 2497 1796 2516 ma.

1002 2533 1112 2560 ciilosus
1127 2532 1228 2564 draco,
1246 2539 1299 2558 non
1316 2531 1376 2557 tulit
1393 2532 1488 2565 puella;
1503 2532 1654 2566 angelicam
1669 2538 1698 2560 et
1712 2534 1797 2562 crele-

1003 2585 1072 2607 stem
1084 2579 1178 2611 vitam,
1190 2577 1285 2604 videns
1296 2585 1355 2604 eam
1366 2578 1423 2612 jam
1435 2578 1532 2611 spiritu
1545 2578 1572 2604 in
1584 2578 1660 2606 caelis
1671 2580 1796 2607 habitan-

1001 2629 1068 2655 tem.
1078 2629 1105 2651 et
1116 2623 1149 2650 ad
1161 2625 1314 2657 passionem
1327 2624 1450 2657 martyrii
1463 2628 1518 2650 toto
1529 2625 1622 2650 animo
1631 2632 1793 2658 accensam;

1004 2671 1050 2698 sed
1068 2671 1094 2697 in
1111 2677 1170 2696 eam
1188 2668 1322 2696 stridebat
1338 2669 1483 2702 dentibus,
1500 2673 1527 2695 et
1543 2669 1603 2704 ejus
1619 2670 1716 2697 cellam
1734 2678 1795 2697 mo-

1004 2725 1068 2744 vere
1085 2716 1195 2743 assidue
1215 2715 1363 2750 cogitabat,
1381 2719 1410 2741 et
1429 2719 1459 2741 ut
1475 2723 1535 2742 eain
1555 2721 1699 2749 everteret,
1716 2715 1794 2744 fure-

1005 2764 1067 2797 bat;
1079 2763 1124 2790 sed
1138 2763 1233 2789 videns
1244 2769 1303 2788 eam
1317 2761 1397 2796 signo
1408 2761 1499 2788 crucis
1511 2762 1632 2797 undique
1644 2763 1775 2790 munitam
1784 2781 1794 2794 .

1005 2810 1093 2847 plagis
1105 2817 1166 2844 qua:
1177 2809 1228 2836 sub
1240 2808 1364 2836 obtutum
1378 2815 1432 2835 non
1445 2808 1589 2842 cadebant,
1601 2809 1738 2845 pulsatus,
1748 2815 1794 2837 ro-

201 2901 211 2917 ¹
231 2902 254 2929 ΙΙ
274 2901 372 2931 Thess.
388 2911 428 2936 ni,
448 2903 492 2930 l0.
529 2903 540 2919 ¹
559 2901 631 2931 Psal.
649 2909 744 2936 cum,
761 2902 806 2931 37.
846 2903 855 2918 '
876 2903 948 2931 Psal.
969 2904 1079 2940 xva'l.
1118 2903 1130 2920 ⁵
1147 2901 1221 2932 Psal.
1237 2907 1332 2940 cum,
1348 2901 1410 2931 155.
1449 2902 1460 2920 ³
1478 2902 1552 2932 Psal.
1567 2910 1669 2938 xxmt,
1685 2903 1737 2937 10.;
