2060 3153
263 202 318 236 ’151

879 193 1020 227 MENSIS
1038 194 1258 225 DECEMBER.

1839 185 1898 216 ’15!

265 258 402 295 fugiebat,
418 255 498 290 eique
513 257 541 282 et
557 253 678 288 torporis
691 257 719 281 et
735 251 846 280 desidiae
860 251 988 278 morbum
1004 250 1056 277 im-
1069 254 1094 281 Α
1108 254 1134 277 te
1155 254 1241 276 morte
1262 247 1397 275 amcimur
1413 250 1472 273 toto
1491 244 1554 278 die;
1576 241 1693 278 reputati
1712 248 1812 269 sumus
1845 245 1904 267 tan-

266 304 404 333 mittebat.
421 302 470 329 illa
488 305 578 328 autem
597 299 704 327 intensa
721 302 748 326 et
765 301 898 333 perpetua
915 296 1057 326 oratione,

261 348 384 387 .perinde
399 355 432 376 ac
449 351 526 382 septa
543 345 692 380 paiaestrm,
707 343 769 378 ejus
786 342 877 370 statim
895 339 1061 374 ini'ringcbat

262 386 396 425 insidias.
417 394 525 422 Rursus
544 399 609 419 vero
630 390 737 417 dicebat
757 388 881 416 veritatis
901 386 1030 413 inimicus
1053 391 1060 410 :

262 443 328 470 Heu
347 440 414 476 quid
432 437 500 466 mihi
516 436 616 464 accidit
632 433 756 462 infelici?
773 432 826 466 Qui
853 431 964 465 angelos
983 437 998 456 ο
1015 437 1062 456 su-

270 488 344 524 peris
356 475 483 518 idetraxi,
501 489 528 512 et
550 483 673 518 gigantes
694 479 810 514 subieci,
830 485 903 505 nunc
925 475 1027 503 illudor
1047 481 1061 501 a

271 520 364 569 pueris
383 536 412 559 et
429 530 536 565 puellis.
555 527 640 554 Morte
657 525 730 553 enim
748 528 879 556 tanquam
901 521 954 547 vita
973 520 1064 546 laetan-

271 565 314 607 ies
325 598 333 611 ,
348 581 376 606 et
390 584 439 612 per
454 577 541 611 ipsam
559 571 684 601 coronati
699 573 842 598 currentes
858 568 891 594 ad
908 567 994 594 caelos
1007 586 1013 598 ,
1031 565 1064 592 de

262 610 373 653 mattero
390 610 470 650 mihi?
483 621 607 648 fecerunt
629 617 763 646 mundum
785 613 1002 642 inhabitabiiem.
1023 610 1065 638 Me

268 671 469 699 consolabatur
488 665 601 701 sanguis
621 667 785 698 martyrum,
805 661 851 695 qui
870 657 1066 686 interimeban-

272 723 328 751 tur,
348 716 395 744 sed
416 714 483 742 ﬁdes
503 718 598 740 eorttm
619 701 823 739 decertationis,
845 711 871 733 et
891 711 985 733 eorum
1006 709 1067 737 quae

274 767 405 799 geruntur
415 758 585 796 praedicatio,
600 754 794 784 lransmutarit
805 754 927 785 integras
939 750 1064 777 civitates

273 793 302 837 et
317 793 424 843 gentes:
437 804 551 839 Templa
567 802 726 832 diruuntur,
739 798 930 826 conticescunt
943 793 1065 824 oracula,

276 839 376 882 abdlita
393 854 459 879 sunt
474 848 614 885 mysteria,
630 848 791 880 torpescunt
805 847 909 878 mystm,
926 840 972 875 qui
991 839 1067 874 prius

274 898 450 928 exsultabant
464 905 471 923 :
488 895 520 922 ad
535 899 638 925 meum,
651 896 683 919 ut
695 891 813 921 videtur,
827 888 940 915 exitium
957 891 1064 912 crucem

276 946 405 973 ﬁxerunt.
425 941 485 969 lam
507 940 575 968 mihi
597 937 724 974 prmsagit
746 935 855 963 animus
878 932 1014 962 futurum,
1036 934 1066 957 ut
1081 922 1102 951 Β

273 990 352 1025 regia
371 995 429 1015 mea
447 987 526 1021 plane
543 982 720 1012 dissolvatur.
736 980 805 1007 Nam
825 979 872 1013 qui
891 981 953 1005 sunt
972 976 999 1003 in
1018 980 1070 1002 tor-

278 1034 378 1062 mentis
392 1033 504 1064 hilares,
519 1037 546 1059 et
560 1030 587 1057 in
602 1027 735 1064 sepulcris
750 1026 899 1057 terribiles,
915 1028 1010 1054 urunt,
1024 1021 1070 1048 ﬁa-

277 1081 388 1117 geilant,
402 1085 430 1107 et
444 1085 488 1106 me
503 1077 624 1111 undique
638 1077 852 1109 persequuntur,
867 1074 895 1097 et
909 1068 981 1103 quod
997 1075 1012 1094 a
1029 1074 1071 1093 me

276 1112 369 1156 fuerat
382 1112 567 1160 excogitatum
577 1142 585 1155 ,
601 1120 689 1149 evasit
703 1118 824 1147 accessio
840 1115 952 1150 majoris
967 1112 1071 1147 suppli-

273 1175 325 1204 cii.
347 1173 440 1202 inveni
458 1159 552 1199 tamen
575 1169 641 1205 quid
664 1175 754 1203 agam.
777 1165 907 1193 Protinus
930 1168 995 1196 ergo
1020 1159 1073 1186 tale

279 1221 344 1257 quid
359 1221 387 1247 in
401 1226 461 1246 eam
476 1216 621 1250 excogitat,
636 1213 797 1241 existimans
812 1218 842 1238 se
857 1216 908 1236 sua
923 1205 1027 1234 invidia
1042 1211 1073 1231 ac

279 1252 459 1301 malignitate,
474 1265 546 1298 ejus,
560 1269 620 1295 qua:
634 1258 826 1288 extollebatur,
843 1253 957 1289 gloriam
973 1252 1075 1278 obscu-

280 1317 406 1341 raturum
424 1320 432 1338 :
449 1314 478 1336 ut
494 1316 557 1336 cum
573 1311 666 1334 essent
681 1304 748 1330 viles
762 1308 789 1330 et
803 1301 916 1336 abiectae
932 1303 1073 1333 personae:

281 1368 343 1395 qua:
361 1366 421 1386 eam
439 1356 644 1385 interimerent,
664 1351 745 1378 vilem
765 1355 874 1384 quoque
893 1350 920 1373 et
938 1345 1073 1378 abjectam

281 1391 422 1434 videretur
438 1402 544 1429 eﬁicere
560 1399 621 1433 ejus
637 1396 850 1425 decertationem
863 1413 871 1425 ,
889 1396 916 1420 et
934 1391 1005 1426 quod
1024 1396 1075 1417 nec

282 1452 395 1486 scriptis
409 1447 537 1476 mandata
552 1450 659 1476 essent,
673 1447 700 1470 et
713 1443 839 1470 carerent
854 1439 942 1466 forma
954 1436 1075 1470 judicio-

282 1481 358 1530 ruml,
367 1495 590 1522 oblitterarentur
600 1490 680 1518 etiam
694 1494 796 1523 tropaea
808 1485 1007 1514 encomiornm.
1017 1481 1075 1508 Non

283 1542 440 1576 intelligens
458 1538 610 1573 malignus,
628 1535 700 1570 apud
718 1535 802 1561 Deum
822 1531 910 1566 magis
926 1537 988 1557 esse
1005 1528 1077 1555 bono

285 1574 441 1626 proposito,
455 1592 537 1621 quam
552 1583 659 1614 verbis,
675 1586 757 1615 atque
773 1579 840 1606 adeo
858 1579 885 1605 in
900 1583 967 1612 eam_
977 1574 1075 1602 incitat

284 1642 345 1667 eos,
361 1633 408 1669 qui
424 1636 489 1660 tunc
505 1627 799 1663 rerum-potiebantur.

322 1667 379 1708 νιιῖ
397 1677 580 1705 Maximianus
593 1675 696 1708 itaque,
709 1679 772 1699 cum
787 1676 912 1704 magnam
929 1667 1078 1695 occidisset

285 1725 503 1755 multitudinem,
516 1729 564 1757 per
576 1728 606 1748 se
620 1719 730 1754 quidem
746 1714 937 1745 interﬁciendo
951 1714 1077 1746 satiatus,

288 1777 317 1800 et
338 1778 392 1798 non
413 1777 493 1797 secus
516 1772 600 1802 atque
620 1766 755 1792 immanes
778 1763 852 1795 rem,
871 1769 932 1796 qua:
954 1760 1079 1787 homines

284 1819 432 1847 devorant,
447 1822 504 1850 prae
517 1813 641 1840 carnium
657 1810 830 1838 multitudine
843 1814 981 1836 nauseans
994 1810 1021 1833 et
1035 1813 1080 1833 ca-

287 1864 389 1899 ligans,
406 1859 524 1896 speciem
542 1856 680 1893 parcentis
695 1863 751 1891 prae
767 1863 796 1883 se
813 1854 884 1888 tulit,
900 1854 994 1881 dicens
1009 1851 1080 1879 indi—

290 1897 360 1945 gnus
377 1913 438 1935 esse
453 1905 643 1936 Christianos,
660 1902 705 1938 qui
724 1901 888 1929 occidantur
904 1903 968 1926 ante
985 1897 1080 1925 oculos

289 1944 478 1989 imperatoris.
501 1951 558 1978 Cur
581 1950 654 1977 enim
679 1947 815 1984 praebeam
841 1944 1024 1975 occasionem,
1050 1946 1082 1969 ut

289 2001 404 2036 scriptis
421 1999 588 2028 mandentur
602 2004 696 2025 eorum
714 1995 848 2031 supplicia
859 2015 866 2027 ,
883 1996 910 2020 et
925 1999 1022 2020 eorum
1039 1991 1081 2018 in-

290 2052 395 2077 struam
414 2046 580 2080 scriptores,
598 2044 645 2078 qui
662 2050 693 2070 ea
711 2042 745 2070 ad
763 2044 920 2076 perpetuam
939 2037 1082 2066 transmit-

290 2098 354 2122 tunt
368 2091 540 2122 memoriam,
557 2093 584 2117 et
598 2096 646 2117 eos
659 2088 706 2123 qui
721 2088 817 2115 eodem
833 2086 930 2113 morbo
945 2085 1080 2116 laborant,

291 2138 326 2167 ad
342 2137 467 2166 eamdem
485 2135 564 2164 ﬁdem
582 2133 736 2162 deducam?
750 2132 806 2161 Cur
823 2140 877 2159 non
895 2131 982 2158 instar
998 2132 1083 2164 pecu-

291 2186 358 2214 dum
379 2191 427 2212 eos
450 2183 530 2210 trado
553 2182 588 2209 iis
610 2181 657 2216 qui
679 2179 779 2207 debent
799 2177 935 2209 occidere,
956 2176 1036 2204 simul
1057 2178 1084 2202 et

291 2229 441 2259 sceleratos
451 2228 559 2262 diisque
570 2225 697 2253 inimicos
707 2223 904 2255 exterminans,
914 2226 941 2249 et
950 2221 1081 2252 eiiicicns,

1112 302 1193 330 quam
1209 302 1273 322 oves
1289 291 1469 321 occisionis‘.
1486 299 1496 316 ι
1513 289 1590 316 Tunc
1605 293 1694 315 autem
1711 285 1844 320 cogitatio
1858 292 1904 312 ve-

1112 341 1152 368 nit
1167 341 1195 368 in
1211 345 1328 368 mentem
1344 339 1463 374 Anysiae,
1477 341 1507 364 ut
1522 337 1573 363 iret
1588 335 1621 362 ad
1638 333 1796 362 Dominum.
1812 332 1841 359 Id
1856 338 1905 358 an-

1112 392 1166 415 tem
1188 391 1246 414 erat
1267 385 1391 421 angelus,
1409 384 1456 420 qui
1475 391 1535 411 eam
1555 382 1671 410 vocabat
1691 380 1725 407 ad
1748 378 1904 414 passionem

1115 432 1250 467 martyrii.

1150 477 1218 504 Vili.
1239 477 1364 512 Cumque
1385 474 1574 511 ingrederetur
1590 478 1694 508 portam
1715 471 1906 499 Casandrioti-

1114 530 1185 555 cam,
1199 522 1333 549 excitatus
1348 526 1389 548 est
1407 521 1539 548 tumultus
1553 519 1580 546 in
1596 518 1707 552 populo.
1723 517 1824 544 Deinde
1840 524 1903 544 cum

1115 576 1173 595 cam
1189 569 1301 595 vidisset
1316 567 1427 602 quidam
1443 574 1478 594 ex
1493 565 1656 593 satellitibus
1671 564 1864 598 imperatoris,
1879 569 1906 591 et

1115 619 1186 642 esset
1201 614 1234 641 ab
1244 614 1302 648 ejus
1314 614 1451 641 sauciatus
1461 611 1673 648 pulchritudine,
1683 610 1725 637 vel
1741 610 1776 637 ab
1791 611 1850 644 ipso
1866 617 1910 644 po-

1115 662 1170 688 tius
1184 661 1295 688 diaboio
1310 660 1451 691 incitatus,
1464 659 1488 685 ei
1503 658 1591 685 iactus
1604 657 1723 688 obviam,
1736 656 1794 687 Sta,
1807 657 1907 690 inquit.

1115 710 1142 733 et
1160 707 1204 734 die
1216 726 1223 740 ,
1242 714 1296 740 quo
1315 706 1402 733 vadis.
1422 705 1470 732 ilia
1487 709 1579 732 autem
1596 703 1692 730 videns
1709 703 1768 737 ejus
1787 703 1907 730 insolen<

1116 751 1181 778 tiam
1202 757 1229 779 et
1249 751 1515 782 immoderationem,
1537 755 1564 778 et
1584 755 1674 777 mente
1694 750 1801 783 agitans
1823 755 1908 776 lcnta~

1116 798 1228 829 tionem,
1251 798 1335 832 digito
1359 797 1422 824 fecit
1444 797 1472 823 in
1496 796 1585 823 fronte
1607 795 1716 828 signum
1740 795 1841 822 crucis.
1865 795 1910 822 ille

1116 851 1181 872 vero
1196 844 1275 878 plane
1291 843 1347 871 fera
1359 864 1366 875 ,
1383 848 1410 870 et
1424 843 1520 878 quavis
1537 842 1593 869 i'cra
1611 842 1721 873 saevior,
1735 849 1790 868 non
1809 843 1910 868 reveri-

1116 894 1161 918 tus
1182 894 1223 917 est
1246 897 1408 925 generosum
1433 893 1461 916 et
1481 889 1610 915 decorum
1636 887 1786 916 silentium.
1808 887 1856 914 sed
1879 894 1910 914 se

1118 935 1284 962 contumelia
1302 934 1428 961 aii‘ectum
1444 937 1472 960 et
1486 934 1644 967 despectum
1665 932 1814 959 arbitratus
1825 951 1832 963 ,
1848 939 1909 958 cum

1119 988 1179 1008 eam
1202 980 1436 1016 appreitcndiSSet,
1459 987 1521 1006 cttm
1544 986 1610 1006 voce
1631 986 1727 1013 aspera
1749 986 1809 1004 eam
1831 985 1911 1012 agre-

1121 1028 1190 1056 stius
1204 1026 1396 1062 interrogabat,
1412 1033 1537 1060 qumnam
1553 1029 1635 1056 esset.
1649 1029 1677 1052 et
1690 1032 1745 1058 qtto
1758 1024 1912 1058 proﬁcisce-

1122 1079 1207 1101 retur.
1234 1074 1310 1108 Agna
1337 1079 1426 1100 autem
1453 1072 1574 1104 Christi,
1600 1071 1696 1098 volens
1722 1078 1776 1097 non
1802 1070 1911 1096 solitum

1122 1119 1244 1147 devitarc
1268 1123 1456 1153 conspectum,
1482 1118 1566 1144 t'oluit
1592 1124 1653 1144 eum
1679 1117 1754 1143 brevi
1780 1122 1913 1150 responso

1124 1171 1253 1199 superare
1268 1172 1275 1191 :
1291 1163 1358 1190 Sum
1372 1162 1473 1190 Christi
1489 1162 1599 1193 ancilia,
1614 1166 1642 1189 et
1656 1162 1727 1188 vado
1740 1161 1773 1188 ad
1791 1160 1913 1187 Domini-

1124 1216 1198 1237 Cum.
1213 1208 1259 1235 ille
1272 1214 1364 1236 autem
1379 1208 1500 1235 insolens
1512 1207 1648 1242 impulsus
1659 1207 1694 1234 ab
1705 1213 1738 1234 ec
1751 1206 1799 1240 qui
1813 1206 1841 1232 in
1856 1205 1914 1240 ipso

1125 1257 1284 1289 habitabat,
1301 1257 1441 1288 dazmone,
1457 1255 1527 1282 dixit
1543 1264 1549 1281 :
1565 1255 1617 1282 Sed
1633 1261 1687 1281 non
1704 1253 1793 1281 sinant
1809 1258 1836 1280 te
1851 1253 1916 1280 iiluc

1125 1302 1262 1337 proﬁcisci
1273 1322 1280 1334 ,
1295 1304 1341 1329 sed
1357 1307 1381 1329 te
1395 1301 1529 1329 abducam
1545 1302 1577 1328 ad
1593 1301 1644 1328 diis
1660 1301 1808 1328 libandutn.
1825 1300 1914 1327 Solem

1126 1348 1198 1375 enim
1220 1348 1300 1375 hodie
1320 1348 1436 1374 colimus
1455 1356 1462 1374 :
1480 1352 1507 1374 et
1528 1347 1609 1374 simul
1632 1347 1683 1374 hoc
1702 1347 1808 1379 dicens,
1826 1346 1915 1373 velum

1127 1394 1208 1421 traxit
1219 1415 1226 1427 ,
1241 1395 1335 1421 volens
1350 1393 1410 1428 ejus
1425 1394 1530 1420 vultum
1545 1393 1682 1427 detegere.
1697 1392 1746 1419 illa
1762 1396 1854 1419 autem
1869 1398 1916 1426 ge-

1127 1447 1224 1467 nerose
1239 1446 1266 1467 et
1281 1441 1387 1467 fortiter
1402 1440 1544 1471 resistens,
1559 1445 1586 1466 ct
1603 1441 1629 1466 in
1645 1440 1703 1473 eius
1717 1438 1814 1465 facient
1831 1437 1918 1472 inspi-

1127 1493 1192 1512 rans
1203 1504 1210 1517 ,
1226 1486 1294 1512 dixit
1310 1495 1317 1513 :
1335 1486 1488 1521 increpabit
1504 1491 1530 1514 te
1545 1486 1672 1513 Christus
1684 1484 1781 1517 .Icsus,
1797 1483 1915 1510 diabole.

1128 1531 1174 1558 ille
1186 1539 1252 1559 vero
1266 1532 1311 1559 illa
1325 1533 1480 1560 suiiiatione
1493 1537 1520 1560 ct
1533 1532 1644 1558 nomine
1657 1531 1761 1558 Christi
1778 1534 1869 1556 motus
1884 1529 1917 1556 ad

1128 1578 1206 1609 iram,
1221 1585 1281 1612 quae
1297 1578 1419 1605 cohiberi
1436 1587 1490 1605 non
1505 1583 1621 1613 poterat,
1637 1578 1734 1605 stricto
1749 1585 1831 1612 quem
1849 1576 1919 1604 fere-

1128 1623 1174 1650 bat
1194 1623 1285 1659 gladio
1297 1643 1305 1656 ,
1322 1624 1383 1658 ejus
1401 1624 1473 1652 latus
1492 1631 1525 1651 eo
1542 1623 1721 1658 transadegit.
1739 1623 1804 1655 Qua:
1824 1622 1917 1650 statim

1128 1675 1189 1694 cttm
1206 1673 1325 1696 tremore
1338 1673 1365 1696 et
1378 1669 1556 1704 palpitatione
1571 1670 1755 1696 membrorum
1774 1669 1800 1695 in
1817 1673 1917 1695 terram

1129 1714 1246 1746 cadens,
1264 1722 1323 1742 eam
1342 1719 1438 1742 sancto
1454 1716 1588 1750 sanguine
1605 1715 1724 1742 reddidit
1741 1722 1917 1749 purpuream.

1129 1759 1269 1795 Quotquot
1286 1767 1378 1788 autem
1397 1762 1534 1794 astabant,
1551 1769 1611 1789 eam
1629 1762 1846 1793 circumdantcs,
1864 1761 1920 1796 pri-

1130 1813 1205 1833 mum
1220 1806 1330 1841 quidem
1343 1814 1404 1834 eam
1420 1807 1609 1842 deplorabant,
1626 1807 1730 1834 miserti
1746 1806 1806 1841 ejus
1820 1806 1920 1838 aetatis,

1130 1856 1171 1885 et,
1196 1853 1250 1879 tale
1272 1846 1338 1888 quid
1364 1861 1444 1888 posse
1466 1853 1605 1885 accidere,
1630 1853 1793 1888 cogitantes.
1817 1851 1922 1878 Deinde

1131 1897 1202 1932 apud
1228 1905 1258 1925 se
1283 1899 1508 1930 murmurabant,
1533 1898 1728 1933 imperatorem
1754 1902 1781 1924 et
1806 1897 1922 1931 impium

1131 1942 1192 1977 ejus
1211 1943 1351 1971 decretutn
1371 1944 1571 1978 vituperantes.
1590 1943 1766 1970 Venerandas
1786 1946 1877 1969 autem
1896 1946 1923 1969 et

1132 1994 1240 2017 sanctas
1257 1995 1360 2018 sanctae
1378 1990 1525 2025 reliquias,
1542 1990 1590 2025 qui
1607 1990 1705 2017 harum
1724 1995 1815 2016 rerum
1833 1987 1924 2014 studio

1133 2035 1308 2069 tenebantur,
1336 2037 1386 2063 viri
1417 2037 1453 2071 pii
1479 2036 1647 2068 Christiani,
1675 2040 1702 2062 et
1730 2035 1776 2069 qui
1807 2034 1834 2061 in
1863 2040 1924 2060 sau-

1133 2085 1192 2108 ctos
1208 2081 1267 2108 zelo
1284 2086 1363 2108 erant
1381 2082 1503 2114 incitati,
1519 2090 1581 2109 cum
1599 2082 1794 2113 sustulissent,
1809 2084 1837 2107 et
1852 2080 1924 2114 jusla

1134 2127 1189 2160 eis,
1212 2131 1243 2155 ut
1266 2135 1315 2162 par
1337 2131 1412 2160 erat,
1437 2128 1580 2162 fecissent,
1604 2129 1792 2163 deposuerunt
1813 2127 1924 2154 circiter

1135 2173 1242 2201 duobus
1266 2174 1361 2201 stadiis
1387 2182 1402 2201 a
1426 2179 1504 2209 porta
1528 2173 1747 2206 Casandriotica,
1771 2181 1787 2200 a
1812 2172 1924 2200 sinistra

1135 2220 1186 2247 via:
1200 2220 1316 2255 publica:
1330 2221 1440 2248 domutn
1457 2221 1604 2248 oratoriam
1621 2221 1646 2248 ei
1661 2221 1839 2247 aediﬁcantes.

291 2279 325 2302 ut
341 2274 439 2301 mortis
454 2280 549 2300 eorum
567 2270 697 2298 memoria
714 2268 858 2296 mandetur
873 2265 1003 2294 silentio?
1019 2264 1082 2292 Haec
1094 2257 1122 2286 ὐ
1171 2266 1234 2293 Haec
1258 2270 1349 2293 autem
1376 2267 1507 2294 sustinuit
1531 2272 1642 2299 sancta,
1663 2266 1816 2300 imperante
1842 2264 1925 2291 Maxi-

293 2326 357 2347 eum
374 2318 501 2351 dixisset,
515 2315 643 2351 proponit
657 2315 757 2347 edicta,
772 2320 833 2348 quae
845 2312 988 2347 iubebant,
1005 2314 1035 2336 ut
1050 2309 1084 2336 li-

294 2369 370 2393 ceret
380 2363 481 2392 volenti
496 2365 555 2390 sine
568 2361 691 2397 periculo
704 2359 830 2388 occidere
843 2358 993 2393 quemlibet
1005 2356 1086 2383 Citri-

294 2411 428 2439 stianum.
438 2408 640 2437 Occidebantur
649 2407 742 2441 itaque
754 2404 975 2436 innumerabiles,
985 2408 1011 2430 et
1023 2410 1086 2437 pro-

294 2455 435 2492 pheticum
448 2454 610 2489 implebatur
622 2452 752 2488 elogium,
761 2451 833 2487 quod
846 2450 930 2479 dicit:
946 2459 956 2475 ι
971 2449 1085 2484 Propter

331 2535 346 2553 ⁸
362 2533 438 2564 Fui.
451 2541 530 2569 nm,
543 2533 589 2562 9.2.

1137 2312 1239 2345 miano,
1267 2311 1295 2339 in
1321 2320 1373 2339 nos
1395 2320 1460 2339 vero
1485 2316 1616 2347 regnante
1640 2311 1667 2338 in
1692 2312 1800 2338 inﬁnita
1826 2310 1925 2337 sat-culo

1136 2356 1248 2385 Christo
1262 2356 1326 2385 Iesu
1340 2377 1347 2390 ,
1363 2357 1480 2385 Domino
1495 2362 1592 2386 nostro
1602 2377 1610 2390 ,
1627 2365 1688 2384 cum
1705 2364 1760 2392 quo
1775 2356 1850 2382 Patri
1866 2361 1925 2382 cum

1137 2406 1232 2430 sancto
1250 2402 1352 2438 Spiritu
1374 2404 1461 2431 honor
1477 2407 1505 2431 et
1523 2404 1656 2439 potentia,
1675 2410 1749 2432 nunc
1765 2408 1790 2430 et
1809 2408 1924 2436 semper,

1137 2454 1164 2476 ct
1179 2450 1205 2477 in
1221 2450 1319 2478 saecula
1336 2451 1511 2479 saeculorum.
1526 2450 1624 2479 Amen.
