2060 3153
177 183 230 215 753

185 260 1458 289 m

700 349 823 392 ΒΙΟΣ
871 351 969 393 ΚΑΙ

823 194 910 225 VITA
931 195 963 226 S.
982 196 1161 227 MELANB.

1753 203 1805 235 754

1461 278 1785 292 ——-——_

1018 351 1290 397 HOAITEIA

901 443 970 470 ms
982 427 1090 471 ozlsz’

459 523 865 592 ΜΕΛΑΝΗΣ
922 530 1092 594 ΤΗΣ
1130 528 1523 598 ΡΩΜΑΙΑΣ.

614 726 758 772 VITA
814 729 888 772 ΕΤ
947 727 1370 778 CONVERSATIO

293 833 692 914 SANCTXE
746 836 1167 916 MELANXE
1221 838 1557 918 ROMAN
1562 843 1680 919 1E.

457 970 554 1003 (Latine
569 972 633 1004 apud
645 973 743 998 Sui-ium
758 972 789 997 ad
805 973 870 998 diem
882 973 909 997 51
925 972 999 1004 Dec.;
1012 974 1096 999 Graece
1108 979 1138 998 ex
1152 975 1205 998 cod.
1216 980 1262 999 ms.
1278 974 1346 1005 1555,
1357 975 1442 999 spcull
1453 975 1514 1006 xlv.)

213 1115 254 1141 A'.
265 1111 320 1140 Ἦν
337 1113 391 1148 ἄρα
409 1112 457 1139 καὶ
472 1112 554 1139 τοῦτο
575 1112 626 1146 τῆς
650 1112 783 1147 μεγίστης
806 1111 861 1138 τῶν
877 1113 964 1140 πάλαι

1053 1111 1073 1139 1.
1087 1111 1152 1139 Fuit
1163 1119 1229 1146 ergo
1240 1112 1293 1139 hoc
1305 1119 1414 1148 quoque
1422 1119 1516 1139 earum
1532 1119 1593 1147 quae
1617 1112 1680 1140 olim
1694 1113 1806 1142 fuerunt

177 1161 226 1188 καὶ
241 1159 480 1196 περιφανεστάτης
493 1159 522 1184 ἑν
536 1158 630 1184 πόλεσι
651 1158 763 1192 Ῥώμης
776 1157 813 1193 μὴ
830 1158 912 1193 μόνον
927 1159 966 1194 τῷ

177 1206 272 1233 κάλλει
289 1206 379 1240 κομᾷν
397 1205 466 1240 μηδὲ
480 1206 513 1239 τῇ
525 1204 606 1232 ,θέσει
622 1204 712 1239 νικᾷν.
741 1204 808 1238 μηδὲ
824 1205 966 1238 τροπαίοις

178 1253 228 1279 καὶ
241 1253 297 1284 τοῖς
310 1252 399 1283 ἄλλοις
416 1252 484 1278 πᾶσι
499 1250 693 1285 σεμνύνεσθαι,
706 1250 774 1276 ἀλλὰ
791 1250 882 1284 πολλῷ
897 1250 966 1282 μᾶλ-

179 1298 225 1325 λον
242 1300 299 1329 τοῖς
317 1307 348 1332 γε
363 1298 395 1332 δὴ
414 1298 485 1332 ὑπὲρ
502 1296 623 1332 Χριστοῦ
643 1296 855 1332 ἀνδρισαμένοις
868 1297 967 1331 ἐγκαλ-

176 1345 359 1377 λωπίζεσθαι,
376 1345 439 1370 ὅσον
463 1345 493 1370 ἐν
514 1343 628 1378 ἀνδράσι
645 1344 692 1369 καὶ
708 1344 770 1370 ὅσον
793 1344 822 1369 ἑν
847 1344 965 1378 γυναιξὶ,

177 1391 228 1418 καὶ
244 1391 360 1422 ταύταις
387 1391 487 1426 μᾶλλον
506 1391 561 1424 ὅσῳ
576 1390 624 1417 καὶ
649 1390 711 1417 κατ’
731 1390 831 1426 ἄνδρας
849 1391 967 1426 ἰσχυρῶς

175 1437 362 1472 ἠγωνίσαντο,
381 1437 429 1463 καὶ
445 1437 503 1468 τοῖς
520 1436 611 1467 ἄλλοις
627 1436 803 1471 παράδειγμα
820 1436 879 1470 βίου
896 1437 966 1471 πρὸς

176 1481 278 1518 ἀρετὴν
295 1482 395 1513 ἑαυτὰς
414 1483 636 1516 κατεστήσαντο·
661 1479 699 1509 ὦν
722 1482 771 1517 μία
784 1482 827 1514 τίς
843 1483 903 1509 ἐστι
918 1484 966 1510 καὶ

175 1528 192 1563 ἡ
213 1528 339 1562 μακαρία
355 1528 478 1563 Μελάνη.
491 1527 524 1562 ἢν
541 1529 555 1554 ό
569 1528 647 1561 λόγος
661 1527 791 1555 ὑπόθεσιν
809 1529 871 1562 ἄρτι
899 1537 967 1563 προ-

176 1573 314 1608 εστήσατο
331 1574 378 1599 καὶ
390 1573 425 1600 τὰ
443 1573 553 1607 ἐκείνης
565 1573 656 1606 λέγειν
667 1573 713 1599 ἀπ’
725 1573 814 1606 ἀρχῆς
827 1573 964 1608 ὥρμηται.

176 1620 299 1653 Ἦνεγκε
316 1619 366 1654 μὲν
380 1620 435 1654 γὰρ
457 1619 543 1654 αὐτὴν
555 1621 572 1654 ἡ
595 1619 668 1646 οὕτω
690 1619 822 1653 καλλίστη
846 1619 891 1646 καὶ
909 1620 967 1646 ὀνο-

176 1666 268 1701 μαστὴ
290 1665 396 1700 Ῥώμη,
412 1665 491 1699 γένος
506 1665 534 1691 δὲ
557 1665 660 1700 ταύτης
681 1665 729 1692 καὶ
748 1666 827 1691 τοῦτο
844 1673 966 1699 περιφα-

174 1714 316 1739 νέστατον.
330 1713 436 1748 Πρῶτοι
450 1712 505 1747 γὰρ
520 1712 670 1747 ἐτύγχανον
681 1713 705 1738 οι
717 1714 806 1746 γονεῖς
817 1713 902 1748 αὐτῆς
917 1714 965 1747 τῆς

180 1759 327 1793 Ῥωμαίων
343 1758 454 1793 βουλῆς.
469 1758 540 1792 Ἐιρυ
555 1759 582 1784 δὲ
598 1759 628 1790 ἐξ
640 1758 750 1793 ἀγαθῶν
765 1759 856 1795 ἀγαθή
866 1768 872 1774 ·
889 1759 966 1786 εὺσε-

174 1805 236 1835 δεῖς
252 1804 302 1836 μὲν
314 1805 368 1838 γὰρ
385 1805 506 1830 κάκεῖνοι
523 1805 570 1830 καὶ
582 1805 684 1839 ἀρετῆς
697 1805 821 1838 ἐρασταί.

211 1851 252 1877 Β¹.
271 1851 341 1886 Ἰῐδη
371 1851 400 1877 δὲ
428 1851 503 1886 ὥραν
521 1850 641 1884 ἄγουσαν
669 1851 758 1887 γάμου
787 1853 966 1889 σωφροσύνης

175 1896 313 1931 ἐπιθυμία
332 1897 417 1932 αὐτὴν
432 1898 482 1930 τῆς
508 1897 569 1924 καθ’
592 1898 700 1932 ἠλικίαν
721 1899 810 1934 ὁρμῆς
839 1900 963 1935 ἐκράτει,

176 1942 226 1968 καὶ
241 1942 303 1972 τοὺς
318 1941 447 1972 τεκόντας
461 1941 537 1976 ἠξίου
556 1941 663 1976 μήποτε
688 1941 773 1976 αὐτὴν
791 1943 833 1974 εις
855 1943 965 1976 ὁμιλίαν

175 1987 274 2022 ἀνδρὸς
290 1989 415 2021 ἀγαγεῖν,
429 1987 488 2013 ἀλλ’
504 1987 598 2022 ὥσπερ
624 1987 653 2013 τὸ
680 1985 768 2020 εἶναι,
788 1988 876 2019 οὕτως
894 1989 963 2024 αὐτῇ

176 2033 226 2060 καὶ
239 2034 268 2060 τὸ
281 2032 416 2067 παρθένον
435 2034 524 2067 μεῖναι
546 2033 723 2068 χαρίσασθαι.
741 2035 772 2061 Οἱ
787 2034 815 2060 δὲ
831 2035 878 2060 ἐπὶ
895 2035 966 2070 μόνῃ

176 2081 265 2114 ταύτῃ
286 2079 332 2104 τὸν
348 2078 405 2113 βίον
422 2079 581 2110 σαλεύοντες
601 2080 648 2106 καὶ
665 2080 714 2106 τοῦ
729 2080 826 2114 γένους
842 2080 966 2115 διάδοχον

177 2125 208 2158 ἐξ
224 2125 309 2159 αὐτῆς
325 2124 399 2159 ἔχειν
414 2124 570 2157 ἐλπίζοντες
583 2125 642 2157 ἔτος
663 2126 714 2160 ἤδη
737 2127 966 2160 τεσσαρεσκαιδέ-

177 2179 264 2198 κατον
290 2171 410 2205 ἄγουσαν
433 2171 480 2198 καὶ
503 2172 624 2198 ἄκουσαν
640 2173 718 2207 ἀνδρὶ
734 2172 894 2202 ἐκδιδοῦσιν.
911 2171 967 2202 Ἦν

175 2217 206 2244 δὲ
226 2218 274 2243 καὶ
287 2217 301 2242 ό
313 2217 430 2251 νυμφίος
454 2218 509 2252 ἄρα
531 2217 562 2244 τό
576 2226 608 2244 τε
625 2219 704 2252 γένος
727 2220 775 2246 καὶ
788 2220 837 2252 τὴν
854 2220 965 2255 ἠλικίαν

176 2263 225 2289 καὶ
239 2261 325 2289 τᾶλλα
342 2262 432 2288 πάντα
451 2263 483 2298 τῇ
501 2263 613 2298 Μελάνῃ
639 2264 821 2299 παρέμιλλος,
843 2265 965 2299 γεγονὼς

177 2307 230 2343 ρ»
247 2309 276 2341 ἐξ
292 2308 414 2338 ὑπάτων.
432 2308 496 2342 ἄρτι
522 2308 551 2335 δὲ
572 2309 618 2335 τὶν
640 2309 741 2344 ἔφηϐον
757 2310 964 2344 παραλλάττωνθ

181 2353 354 2384 ’Λπεινιανδς
372 2353 411 2388 τῷ
424 2354 533 2388 νυμφίῳ
547 2354 576 2380 τὸ
598 2355 694 2390 δνομα,
712 2356 771 2387 ἔτος
784 2356 899 2390 ἔγγιστά
913 2365 965 2384 που

175 2403 254 2437 ἄγων
270 2402 514 2430 ἑπτακαιδέκατον.
531 2401 610 2429 Οὕτω
626 2403 680 2429 τῶν
694 2404 792 2438 γάμων
811 2405 904 2437 αὐτοῖς
921 2414 966 2432 τε-

174 2449 355 2484 λεσθέντωνή
373 2449 519 2484 θαυμαστὴ
534 2450 646 2484 Μελὰνη
665 2451 713 2477 καὶ
736 2451 807 2486 μετὰ
832 2452 896 2482 τοὺς
917 2453 967 2486 γά-

177 2505 248 2532 μους
271 2496 366 2527 δεινῶς
383 2495 422 2522 ἔτι
440 2497 540 2530 μᾶλλον
560 2497 615 2533 ἦρα
639 2498 688 2530 τῆς
709 2497 899 2533 σωφροσύνης,
917 2499 965 2526 καὶ

177 2542 302 2577 σφοδρῶς
323 2542 410 2576 αὐτὴν
425 2544 439 2569 ὁ
453 2543 501 2578 τῆς
515 2543 626 2577 ἁγνείας
647 2543 717 2577 ἔρως
742 2544 892 2577 πυρπολῶν
914 2544 965 2572 οὐκ

175 2588 259 2618 ἀνίει,
281 2588 366 2623 πολλὴ
382 2588 411 2614 δὲ
428 2587 461 2623 ἦν
473 2589 521 2614 καὶ
534 2588 580 2614 τὸν
592 2588 678 2623 ἄνδρα
692 2589 781 2616 ταῦτα
794 2590 965 2624 παραινοῦσα

175 2635 234 2666 τοῖς
250 2634 359 2665 λόγοις·
376 2635 424 2661 καὶ
440 2634 534 2669 ἐπειδὴ
554 2635 591 2669 μὴ
604 2635 707 2669 ἤρκουν
724 2636 748 2661 οἱ
763 2636 839 2669 λόγοι
857 2637 905 2663 καὶ
918 2637 965 2664 δά-

175 2690 250 2716 κρυα
269 2681 486 2716 συνεπράττοντο
503 2682 543 2712 εις
559 2681 663 2713 πειθὼ,
683 2681 797 2708 τοιαῦτα
827 2683 965 2716 λέγουσιν·

175 2728 208 2754 ΕΙ
228 2727 288 2762 μὲν,
310 2723 332 2753 ὦ
350 2727 461 2761 φῑλτατε
477 2726 554 2763 ἄνερ,
573 2727 607 2754 τὰ
627 2727 698 2754 αὐτὰ
711 2728 758 2754 καὶ
775 2729 817 2754 σοὶ
834 2728 962 2762 σινδοκεῖ,

177 2774 227 2801 καὶ
242 2774 328 2809 ἄμφω
345 2773 415 2800 κατὰ
432 2774 477 2800 τὸν
493 2774 544 2809 τῆς
568 2773 746 2809 σωφροσύνης
761 2774 842 2808 νόμον
856 2774 966 2809 οἰκήσο-

179 2829 242 2856 μιν,
271 2820 403 2856 μακάριοι
418 2821 473 2848 τῶν
494 2822 590 2856 γάμων
607 2822 699 2856 ἡμεῖς,
716 2821 799 2856 ἄμφω
817 2829 847 2847 τε
862 2822 910 2847 καὶ
931 2821 965 2848 δι’

178 2866 305 2901 ἀλλήλων
315 2866 468 2902 σωζόμενοι
483 2867 530 2895 καὶ
546 2867 684 2903 πρόφασιν
696 2867 823 2903 ἀλλήλοις
837 2867 886 2902 τῆς
902 2868 967 2895 καλ-

177 2912 274 2949 λίστης
285 2913 346 2942 ὀδοῦ
360 2913 500 2949 γινόμενοι
510 2922 517 2931 ·
533 2914 557 2941 sl
572 2914 600 2942 δὲ
617 2914 648 2942 σὲ
670 2914 698 2941 τὸ
714 2913 774 2941 νέον
796 2914 843 2949 τῆς
859 2913 967 2948 ἡλικίας

1018 1157 1159 1184 civitatum
1175 1157 1303 1184 maxima:
1322 1161 1350 1184 et
1374 1156 1538 1184 clarissima:
1557 1157 1662 1189 Romae,
1678 1165 1732 1185 non
1759 1166 1806 1186 so-

1019 1203 1074 1230 lum
1093 1204 1184 1231 eﬂ’erri
1201 1204 1419 1239 pulchritudine,
1434 1211 1525 1238 neque
1544 1205 1600 1232 situ
1615 1205 1738 1238 vincere,
1754 1213 1804 1233 ne-

1017 1257 1072 1284 que
1091 1252 1201 1286 tropaeis
1217 1255 1243 1278 et
1267 1251 1330 1278 aliis
1346 1251 1476 1278 omnibus
1495 1251 1620 1285 gloriari,
1643 1252 1691 1279 sed
1716 1253 1808 1279 multo

1018 1298 1105 1331 magis
1121 1298 1174 1325 sibi
1192 1298 1311 1331 placere,
1324 1302 1351 1325 et
1370 1305 1401 1326 se
1416 1299 1594 1333 magniﬁcare
1611 1303 1723 1333 propter
1744 1308 1805 1330 eos.

1018 1344 1066 1378 qui
1080 1350 1132 1378 pro
1151 1343 1264 1370 Christo
1280 1351 1310 1371 se
1336 1343 1445 1371 fortiter
1466 1349 1624 1378 gesserunt,
1646 1350 1701 1372 tam
1730 1345 1804 1374 viros

1017 1396 1099 1424 quam
1117 1390 1259 1423 mulieres,
1276 1394 1303 1418 et
1320 1390 1370 1417 has
1388 1391 1488 1424 magis,
1507 1391 1580 1424 quod
1599 1398 1653 1418 non
1669 1399 1749 1419 secus
1772 1399 1804 1419 ac

1019 1436 1069 1463 viri
1086 1435 1194 1464 fortiter
1207 1436 1396 1468 decertarunt.
1423 1441 1451 1464 et
1470 1444 1500 1465 se
1520 1437 1583 1464 vita:
1601 1439 1755 1472 exemplum
1772 1439 1806 1466 ad

1016 1482 1146 1510 virtutem
1161 1483 1223 1510 aliis
1247 1483 1461 1510 constituerunt.
1486 1483 1524 1509 Ex
1553 1484 1653 1518 quibus
1677 1491 1730 1511 una
1755 1484 1807 1511 fuit

1018 1528 1096 1555 beata
1122 1528 1240 1559 Melana,
1261 1536 1342 1562 quam
1360 1528 1411 1555 sibi
1429 1536 1503 1555 nunc
1527 1534 1721 1562 argumenlum
1739 1537 1804 1565 pro-

1019 1573 1109 1608 posuit
1124 1573 1224 1606 eratio,
1242 1579 1269 1600 et
1285 1581 1415 1609 aggressa
1434 1579 1476 1601 est
1495 1582 1539 1602 res
1555 1575 1630 1603 illius
1650 1576 1744 1604 dicere
1769 1577 1804 1604 ab

1019 1620 1109 1646 initio.
1127 1619 1193 1646 Eam
1211 1620 1284 1647 cnim
1309 1620 1372 1647 tulit
1393 1620 1574 1648 celeberrima
1596 1626 1623 1648 et
1648 1622 1804 1650 clarissim

1018 1664 1115 1692 Roma.
1127 1665 1191 1693 Fuit
1208 1670 1300 1693 autem
1311 1667 1371 1701 ejus
1382 1674 1491 1701 quoque
1504 1674 1591 1701 genus
1606 1668 1803 1696 clarissimum.

1018 1711 1104 1738 Erant
1118 1711 1190 1738 enim
1206 1712 1266 1746 ejus
1285 1717 1415 1746 parentes
1437 1712 1519 1746 primi
1535 1717 1648 1740 senatus
1664 1712 1804 1741 Romano-

1019 1767 1092 1786 rum.
1107 1759 1173 1786 Orta
1194 1763 1237 1786 est
1261 1765 1349 1786 autem
1367 1759 1438 1786 bona
1462 1767 1497 1786 ex
1515 1760 1607 1788 bonis.
1633 1760 1702 1787 Nam
1727 1765 1806 1789 erant

1018 1804 1057 1832 illi
1069 1813 1179 1840 quoque
1195 1806 1232 1840 pii
1251 1809 1278 1833 et
1293 1806 1425 1832 virtutum
1440 1811 1588 1833 amatores.

1054 1850 1086 1877 ΙΙ.
1105 1850 1173 1877 Cum
1189 1859 1253 1886 ergo
1268 1851 1324 1885 jam
1337 1853 1409 1879 ess'et
1425 1851 1541 1881 nubilis.
1553 1852 1722 1880 desiderium
1739 1861 1806 1881 con-

1018 1895 1141 1923 tinentia:
1158 1897 1225 1923 vicit
1239 1897 1311 1931 ejus,
1333 1905 1395 1931 qua:
1411 1905 1443 1924 ex
1459 1903 1541 1926 aelate
1566 1904 1636 1932 erat,
1656 1900 1804 1934 appetitio-

1017 1948 1090 1972 nem,
1109 1947 1135 1968 et
1147 1943 1252 1977 rogavit
1268 1948 1408 1977 parentes,
1422 1951 1457 1970 ne
1473 1951 1592 1979 unquam
1618 1952 1678 1972 eam
1705 1946 1805 1981 junge-

1016 1994 1079 2017 rent
1095 1991 1284 2025 matrimonio,
1305 1993 1352 2019 sed
1382 1993 1453 2020 sicut
1470 1994 1506 2024 ei,
1520 1998 1550 2020 ut
1563 1997 1646 2026 esset,
1666 1993 1704 2020 ita
1719 1993 1803 2020 etiam

1017 2041 1048 2063 ut
1061 2037 1137 2071 virgo
1153 2043 1286 2070 maneret,
1301 2040 1492 2066 concederent.
1507 2039 1547 2066 Illi
1561 2044 1652 2067 autem
1665 2047 1727 2067 cum
1740 2047 1804 2074 pro-

1017 2083 1160 2117 pterhanc
1179 2084 1265 2111 solam
1294 2085 1379 2119 hujus
1395 2085 1456 2112 vitae
1475 2087 1647 2120 agitarentur
1661 2086 1803 2117 ﬂuctibus,

1016 2130 1041 2155 ei
1053 2134 1181 2163 parantes
1198 2130 1320 2161 divitias.
1349 2135 1376 2157 et
1397 2137 1544 2165 sperantes
1560 2139 1590 2159 se
1613 2139 1803 2160 successorem

1016 2176 1124 2210 generis
1139 2183 1171 2203 ex
1189 2183 1220 2203 ea
1236 2176 1390 2208 habituros,
1405 2183 1534 2212 quartum
1548 2177 1685 2205 decimum
1699 2186 1802 2205 annum

1015 2219 1070 2254 jam
1087 2225 1213 2255 agentem
1231 2221 1272 2248 vel
1289 2222 1402 2249 invitant
1415 2223 1550 2250 collocant
1567 2224 1596 2250 in
1611 2225 1802 2252 matrimonio.

1018 2264 1083 2291 Erat
1099 2274 1164 2294 vero
1175 2267 1235 2301 ejus
1252 2275 1381 2300 sponsus,
1394 2272 1422 2296 et
1434 2276 1546 2302 genere,
1557 2273 1584 2296 et
1598 2274 1678 2298 aetate
1693 2274 1721 2298 et
1737 2270 1802 2298 aliis

1018 2312 1145 2340 omnibus
1160 2320 1223 2339 cum
1239 2312 1343 2340 Melana
1360 2314 1548 2342 eoul‘ereudus
1567 2323 1574 2342 :
1594 2320 1674 2342 natus
1691 2316 1802 2350 quidem

1017 2365 1051 2386 ex
1080 2359 1252 2391 consulibus,
1286 2364 1313 2387 et
1338 2360 1419 2387 modo
1445 2362 1582 2389 excedens
1609 2369 1642 2388 ex
1676 2362 1802 2397 ephebis.

1019 2404 1117 2440 Sponsi
1129 2410 1219 2433 autem
1235 2413 1334 2433 nomen
1348 2407 1590 2442 eratApenianus.
1606 2414 1690 2442 agens
1699 2416 1802 2436 annum

1017 2452 1129 2479 circiter
1144 2453 1282 2480 decimum
1296 2452 1453 2487 septimum.
1469 2454 1518 2481 His
1527 2459 1618 2481 autem
1631 2455 1671 2482 sic
1681 2455 1805 2483 celebra-

1017 2499 1051 2526 tis
1069 2499 1186 2534 nuptiis,
1203 2500 1375 2527 admirabilis
1390 2499 1494 2527 Melana
1506 2501 1588 2528 etiam
1603 2505 1666 2535 post
1693 2501 1803 2535 nriplias

1016 2545 1106 2572 adhuc
1122 2546 1313 2573 vehementius
1330 2545 1440 2573 amabat
1455 2547 1667 2580 continentiam,
1683 2553 1711 2575 et
1727 2555 1803 2576 amor

1017 2591 1154 2620 castitatis
1181 2600 1235 2619 non
1263 2593 1464 2620 intermittebat
1482 2601 1543 2620 eam
1569 2594 1662 2620 acrius
1686 2601 1766 2622 urere
1793 2604 1800 2621 :

1019 2638 1115 2665 multis
1131 2646 1196 2665 vero
1215 2637 1307 2666 verbis
1328 2639 1458 2666 maritum
1480 2646 1561 2666 suum
1583 2639 1616 2666 ad
1633 2639 1684 2666 hoc
1699 2639 1803 2666 exhor-

1018 2683 1178 2715 tabalut',et
1201 2691 1264 2712 cum
1281 2684 1362 2712 verba
1379 2692 1433 2712 non
1457 2683 1628 2717 suﬂicerent,
1653 2685 1678 2712 ei
1695 2692 1805 2720 quoque

1016 2730 1049 2757 ad
1066 2730 1276 2764 persuasionem
1294 2737 1374 2765 opem
1388 2730 1513 2757 ferebant
1530 2731 1668 2766 lacryma,
1690 2730 1747 2758 haec
1761 2731 1803 2759 di-

1017 2777 1091 2803 centi
1111 2784 1118 2803 :
1133 2775 1161 2803 Si
1175 2776 1297 2811 quidem,
1317 2784 1333 2803 ο
1346 2777 1444 2804 marite
1459 2776 1631 2809 charissime,
1644 2777 1738 2805 eadem
1752 2777 1802 2805 tibi

1017 2829 1130 2857 quoque
1141 2823 1280 2856 videntur,
1297 2826 1324 2850 et
1338 2823 1420 2850 ambo
1433 2822 1621 2851 habitabimus
1638 2823 1806 2851 convenien-

1019 2871 1062 2895 ter
1083 2868 1137 2904 legi
1159 2869 1347 2903 continentiae,
1379 2869 1454 2897 beati
1481 2877 1533 2897 nos
1560 2870 1663 2898 erimus
1693 2873 1806 2905 propter

1019 2915 1143 2948 nuptias.
1158 2919 1185 2943 et
1201 2915 1284 2945 ambo
1295 2922 1346 2948 per
1362 2923 1414 2945 nos
1430 2915 1548 2945 invicem
1561 2916 1630 2944 salvi
1647 2916 1762 2944 erimus.
1778 2919 1806 2944 et
