2060 3153
203 201 256 234 75⁵1
836 197 924 228 VITA
943 196 972 225 S.

1005 194 1180 226 MELANE.

1769 190 1823 222 758

204 260 271 295 μους
285 258 397 294 ᾅδουσα,
417 258 547 292 κρείττων
568 259 614 285 καὶ
627 259 681 284 τῶν
696 257 800 284 ὠδίνων
816 257 863 283 καὶ
875 255 924 289 τῆς
938 253 988 288 φύ-

1052 259 1108 280 ienu
1122 252 1244 286 ﬂectens,
1264 254 1383 288 psalmos
1399 260 1513 283 canens.
1527 252 1637 280 dolores
1653 256 1684 278 et
1697 255 1824 277 naturam

204 314 272 336 σεως
287 303 355 330 εἶναι
373 304 530 338 βιαζομένῃ.
553 303 581 330 Ὀ
595 304 691 339 ὄρθρος
707 304 803 338 ἔληγεν
814 311 820 318 ι
836 302 852 336 ἠ
878 300 907 328 at
935 300 989 326 τῶν

203 350 290 385 εὐχῶν
306 350 356 377 οὒκ
372 351 498 382 ἐπαύετο,
514 351 582 377 ἀλλὰ
606 351 654 377 καὶ
678 350 763 381 οὕτως
780 351 880 384 ἑαυτὴν
904 357 989 376 κατα-

201 397 328 423 τείνουσα
344 397 544 431 χαλεπωτέρων
557 397 659 423 ὠδινῶν
675 398 815 431 πειρᾶται,
832 397 878 422 καὶ
895 395 990 430 βιαίως

205 445 264 478 μὲν,
278 444 363 469 τίκτει
377 442 400 469 δ’
419 443 465 469 οὖν
479 443 564 476 ὅμως.
589 443 625 469 Τὸ
648 443 697 477 μὲν
721 442 768 468 οὖν
784 442 881 476 τεχθὲν
894 442 990 477 (ἄρρεν

202 490 231 516 δὲ
247 487 303 523 ἦν),
322 489 390 524 ὀμοῦ
405 498 433 515 τε
454 490 563 524 ἐτέχθη,
587 490 634 516 καὶ
653 489 733 524 ίερῶς
750 488 933 523 ἀναγεννηθὲν
952 488 990 524 τῷ

204 535 377 569 βαπτίσματι
394 535 440 561 τοῦ
461 536 578 562 ἐνταῦθα
598 536 701 570 κόσμου
727 536 830 568 λύεται,
849 537 896 562 καὶ
923 536 990 570 πρὸς

202 580 249 606 τὸν
267 581 325 606 ἐκεῖ
350 581 583 614 παραπέμπεται·
608 582 716 615 ἐκείνην
739 581 767 607 δὲ
792 581 931 615 καλ-’μετά
945 582 991 608 τδν

202 626 282 652 τόκον
299 626 431 661 ἔστρεφον
448 627 474 653 αί
490 627 596 660 ὠδῖνες,
619 627 665 653 καὶ
680 627 710 653 τὸ
725 627 808 662 δριμὺ
827 627 878 661 τῆς
893 627 991 661 ὀδύνης

205 672 252 697 τὸν
280 672 394 698 θάνατον
421 673 539 707 ὑπῆγεν.
569 672 697 704 Ἐπιστὰς
714 673 760 699 οὖν
775 673 788 698 ὁ
804 672 871 707 ἀνὴρ
895 673 941 699 καὶ
961 672 992 699 τὸ

205 717 292 744 δεινὸν
313 718 492 752 Θεασάμενος,
509 719 654 754 συγχυθεὶς
676 718 776 753 μικροῦ
803 718 852 753 μὲν
873 720 919 744 καὶ
941 719 992 752 τὴν

202 764 296 799 ψυχὴν
314 765 420 799 ἀφῆκεν
432 773 439 779 '
453 765 598 791 ἀναλαϐὼν
612 766 640 791 δὲ
654 765 749 791 ἑαυτὸν
763 765 910 799 ἀποτρέχει
923 765 993 799 πρὸς

203 811 237 838 τὸ
253 811 457 846 θυσιαστήριον,
482 812 529 838 καὶ
553 811 647 846 κύκλῳ
669 813 749 838 τοῦτο
766 812 990 846 περιερχόμενος,

204 856 311 891 δάκρυα
325 857 380 883 τῶν
400 857 548 891 ὀφθαλμῶν
566 857 651 892 ἔρρει,
675 858 766 891 φωνὰς
783 859 870 891 ἠφίει,
885 858 932 883 καὶ
955 857 992 887 ὡς

203 902 341 937 ὀξυτάτην
370 905 497 938 παρείναι
529 905 578 938 τὴν
606 903 710 930 ἄνωθεν
736 904 827 930 ἐκάλει
855 903 991 938 βοήθειαν.

211 948 246 975 'H
259 949 286 976 δὲ
302 949 396 975 τοῦτον
416 950 521 976 ἐκεῖνον
541 947 610 975 εἶναι
628 950 763 984 νομίσασα
778 950 823 976 τὸν
845 950 940 984 καιρδν
965 950 993 981 ὃς

208 997 240 1030 τῇ
256 995 390 1031 ἐπιθυμίᾳ.
410 995 512 1029 ταύτης
528 995 654 1029 ἐπιθήσει
667 997 698 1022 τὸ
712 996 800 1028 τέλος,
815 996 854 1030 τῷ
868 996 944 1030 ἀνδρὶ
955 996 994 1022 ιἔτι

207 1043 246 1077 τῷ
272 1043 337 1078 ῑερῷ
352 1043 563 1077 προσεδρεύοντι
588 1043 755 1077 διαγγέλλων
772 1043 881 1077 φράζει,
899 1040 916 1078 ἦ
940 1043 995 1078 μὴν

209 1089 284 1124 αὐτῷ
300 1098 329 1115 τε
342 1091 390 1116 καὶ
406 1090 489 1124 ἑαυτῇ
505 1089 646 1124 ζήσεσθαι,
668 1090 692 1116 εἱ
706 1091 785 1124 ὅρκια
797 1091 845 1117 καὶ
862 1091 996 1125 συνθῆκαι

210 1136 278 1169 πρὸς
295 1136 361 1162 Θεὸν
381 1138 501 1168 γένοιντο
525 1137 554 1162 ὲν
575 1136 738 1172 σωφροσύνῃ
764 1136 811 1162 τοῦ
834 1136 930 1162 λοιποῦ
947 1137 996 1172 ζῇν

211 1183 397 1216 ἀμφοτέρους,
426 1184 474 1210 καὶ
490 1183 527 1218 μὴ
553 1183 625 1210 κατὰ
653 1183 719 1218 βίον,
741 1183 810 1209 ἀλλὰ
833 1182 905 1209 κατὰ
931 1184 997 1210 Θεὸν

213 1227 313 1262 μᾶλλον
331 1227 456 1262 βιοῦντας
468 1228 611 1255 διατελεῖν.
626 1228 753 1254 Πείθεται
767 1229 780 1255 ὁ
797 1229 867 1264 ἀνὴρ
881 1230 937 1260 τοῖς
948 1231 998 1264 τῆς

211 1275 339 1308 γυναικὸς
355 1276 403 1302 καὶ
418 1276 524 1310 ῥήμασι
541 1275 588 1302 καὶ
607 1275 752 1310 θελήμασι,
767 1276 815 1303 καὶ
832 1277 883 1312 τὴν
899 1278 998 1304 ἀπολο-

210 1321 284 1353 γίαν,
302 1322 343 1347 ὅτι
362 1323 518 1355 πέπεισται,
536 1322 663 1348 δίδωσιν·
684 1323 753 1357 ὅπερ
767 1323 859 1358 ἐκείνη
874 1317 1005 1358 μαθοῦσα

209 1368 241 1394 τὸ
258 1368 307 1402 μὲν
321 1367 400 1402 σῶμα
409 1369 494 1404 ῥᾴων,
509 1369 558 1402 τὴν
569 1369 597 1396 δὲ
617 1369 707 1404 ψυχὴν
721 1369 804 1405 ἡδίων
824 1369 906 1401 εὐθὺς
925 1371 999 1403 γῖνε-

209 1423 266 1446 ται,
287 1415 343 1441 εἴτε
364 1416 396 1449 τῇ
426 1416 498 1450 χαρᾷ
520 1415 570 1448 τῆς
592 1415 671 1442 νόσου
688 1416 911 1451 παραχωρούσης
942 1416 999 1443 εἴτε

211 1457 326 1493 καὶτῆς
347 1458 403 1485 ἄνω
425 1459 516 1495 χειρὸς
534 1459 572 1495 τῷ
593 1460 687 1496 σκοπῷ
708 1461 811 1496 ταύτης
835 1462 1000 1497 συναιρομέ-

212 1512 271 1539 νης.

249 1638 286 1667 Ε’.
313 1640 389 1666 Ἐπεὶ
406 1639 454 1666 οὖν
476 1639 576 1674 καιροῦ
602 1639 650 1667 καὶ
679 1639 808 1675 ἀφορμῆς
823 1641 937 1675 ἥπτετο,
955 1641 1001 1669 τδν

209 1681 265 1722 ’μὲν
282 1687 362 1713 ἄλλον
378 1686 425 1713 τοῦ
443 1686 569 1721 σώματος
581 1686 728 1713 ἀπετίθετο
742 1687 856 1721 κόσμον,
871 1685 954 1720 λῖτῶς
972 1698 1002 1716 τε

212 1734 262 1761 καὶ
276 1733 384 1768 ἀφελῶς
401 1733 451 1768 ζῇν
469 1733 586 1767 ἑλομένη
604 1733 650 1759 καὶ
671 1733 736 1768 ὃλην
752 1734 854 1769 ἑαυτὴν
870 1735 937 1769 πρὸς
957 1735 1003 1763 τὸν

214 1779 271 1806 ἔσω
287 1780 335 1814 τῆς
351 1779 441 1814 ψυχῆς
453 1779 555 1812 κόσμον
569 1779 707 1813 τρέψασα·
727 1780 756 1806 ἐν
777 1780 897 1815 τοσούτῳ
911 1781 940 1808 δὲ
956 1783 1003 1808 καὶ

212 1827 245 1853 τὸ
261 1826 310 1860 τῆς
328 1826 480 1861 παρθενίας
496 1825 581 1860 αὐτῆς
595 1826 682 1861 ἔρνος,
698 1826 766 1861 ἡτῷ
787 1827 847 1862 Θεῷ
863 1828 1003 1863 ἱεραθεῖσα

212 1872 350 1906 θυγάτηρ,
373 1872 419 1898 τὸν
446 1870 564 1898 ἐνταῦθα.
585 1871 642 1906 βίον
668 1872 843 1898 ἀπολιποῦσα
867 1873 933 1907 πρὸς
957 1875 1003 1901 τὸν

213 1918 354 1953 ἒργαστὴν
369 1918 436 1944 Θεὸν
451 1917 639 1953 μετατίθεται.
656 1917 766 1952 Ταύτης
784 1919 798 1944 ὁ
813 1919 927 1950 Θάνατος
944 1920 1004 1954 βελ-

213 1965 268 1990 tto!
286 1964 331 1990 τὸν
353 1963 438 1998 ἄνδρα
465 1965 498 1990 τε
525 1964 569 1990 ίσα
584 1972 613 1990 τε
636 1965 746 1999 φρονεῖν
769 1965 817 1991 καὶ
839 1966 889 2000 τὴν
918 1967 1003 2000 αὐτὴν

213 2010 318 2037 ὁδεύειν
335 2011 368 2044 τῇ
388 2010 499 2046 Μελάνῃ
525 2010 744 2044 παρασκευάζει.
768 2010 934 2044 ’Υποθέντες
957 2013 1004 2039 οὖν

213 2056 366 2091 ἀμφότεροι
378 2056 490 2087 ἑαυτοὺς
501 2055 537 2090 τῷ
549 2056 595 2081 τοῦ
608 2056 678 2083 κατὰ
690 2057 757 2083 Θεὸν
772 2057 830 2092 βίου
841 2058 927 2093 ζυγῷ,
939 2068 1006 2094 προ-

216 2102 311 2136 θύμως
336 2099 428 2128 εἷλκον
448 2101 497 2136 τὴν
516 2102 617 2137 ἀρετὴν
636 2102 760 2137 ἀλλήλοις
777 2103 1003 2139 διαμιλλώμενοι.

221 2148 356 2179 Ἐκείνοις
385 2148 434 2182 μὲν
459 2147 505 2174 οὖν
521 2149 538 2182 ἡ
559 2148 671 2182 φροντὶς
702 2145 738 2183 ἦν
768 2149 860 2175 τέλεον
885 2151 1005 2186 ῥαγῆναι

215 2194 321 2228 κόσμου
337 2194 447 2226 παντὸς,
462 2196 508 2221 καὶ
528 2194 589 2229 θεῷ
603 2195 718 2226 ἑαυτοὺς
733 2195 874 2222 ἀναθεῖναι
890 2198 937 2223 καὶ
955 2197 1005 2232 βίῳ

215 2240 264 2267 καὶ
284 2240 404 2275 σχήματι
428 2240 462 2266 τα
487 2240 542 2266 τῶν
567 2241 692 2275 μοναχῶν
712 2241 879 2275 ἑλομένους·
906 2243 960 2269 τῶν
975 2243 1005 2270 δὲ

213 2284 318 2319 γονέων
340 2284 376 2320 μὴ
392 2284 534 2318 ἐφιέντων,
553 2286 651 2312 ἐκεῖνοι
667 2288 740 2321 φυγῇ
757 2286 854 2321 κλέψαι
872 2287 921 2322 τὴν
937 2289 1004 2315 ἁνα-

214 2331 338 2367 χώρησιν
352 2331 500 2364 ἐμελέτων.
526 2331 606 2358 Ἀλλὰ
623 2331 703 2358 τοῦτο
715 2333 764 2367 μὲν
781 2333 849 2364 τέως
865 2334 880 2369 ἡ
899 2334 1003 2361 ἄνωθεν

215 2379 305 2413 εἴργει
321 2377 396 2413 χείρ·
414 2378 570 2414 εὐφροσύνη
596 2377 624 2404 δὲ
642 2378 704 2405 θεία
726 2379 776 2412 τὴν
799 2379 888 2414 λύπην
910 2381 1002 2414 αὐτοῖς

213 2424 330 2452 διαλύει.
344 2424 437 2450 Ταῦτα
445 2424 498 2460 γὰρ
513 2425 757 2459 διασκοπουμένοις
768 2426 865 2457 νυκτὸς
881 2427 1005 2460 ἐπιγενο-

217 2470 315 2506 μένης,
332 2469 431 2495 εὐωδία
443 2479 484 2501 τις
501 2470 601 2500 αὐτοὺς
621 2470 743 2505 ἄρῤητος
758 2471 806 2496 καὶ
819 2471 944 2506 οὐράνιος
957 2473 1006 2498 καὶ

215 2514 261 2544 οἷα
291 2515 386 2551 μηδενὶ
413 2515 504 2550 ληπτὴ
530 2516 634 2542 ἄνωθεν
650 2516 868 2551 κατελάμϐανεν,
888 2517 1006 2549 ἐξαίσιόν

215 2572 280 2590 τινα
306 2563 392 2598 πνοὴν
422 2561 521 2597 ἡδονῆς
550 2561 743 2597 προϐάλλουσα
770 2563 818 2589 καὶ
843 2563 892 2598 τὴν
916 2564 1007 2599 ψυχὴν

217 2610 356 2638 ἀλύουσαν
379 2609 426 2635 καὶ
443 2608 662 2643 συστελλομένην
685 2609 726 2640 είς
748 2609 836 2644 χαρὰν
852 2609 933 2641 εὐθὺς
952 2611 1009 2637 δια-

217 2656 330 2691 χέουσα.
349 2653 485 2689 Τοιαύτης
510 2654 622 2689 χάριτος
647 2653 696 2685 τὰς
721 2654 812 2689 ψυχὰς
841 2655 1008 2689 πλησθέντες

217 2701 317 2737 ἔμενον
328 2699 401 2726 οὓτω
411 2699 508 2734 χαλινὰ
522 2700 611 2726 πάντα
623 2699 673 2734 τῆς
687 2700 760 2734 ζωῆς
775 2699 815 2735 τῷ
827 2700 886 2735 Θεῷ
899 2701 1009 2737 ἐπιτρέ-

218 2747 323 2782 ψαντες
339 2746 435 2772 ὁποίαν
459 2745 541 2777 αὐτὸς
566 2746 627 2780 ἄγει
642 2746 688 2772 καὶ
702 2746 777 2777 ὅπως
792 2746 918 2779 ἄγεσθαι.
934 2746 1009 2774 Μετὰ

221 2793 322 2829 μικρὸν
337 2793 384 2819 οὖν
395 2792 500 2819 ἐκείνου
515 2791 660 2824 νεύσαντος
673 2792 838 2827 μεθίσταται
852 2792 902 2828 μὲν
912 2793 1008 2826 αὐτοῖς

218 2840 234 2865 δ
245 2839 298 2874 τῆς
311 2839 439 2874 Μελάνης
453 2839 545 2874 πατήρ
562 2846 568 2854 ·
581 2838 605 2864 οἱ
618 2837 647 2864 δὲ
663 2839 784 2866 ἐκποδὼν
799 2838 846 2865 τοῦ
858 2838 1010 2871 κωλύοντος

222 2884 382 2919 γενομένου,
400 2884 445 2911 ὅτε
471 2884 503 2919 δὴ
521 2884 561 2920 τῷ
588 2884 648 2920 Θεῷ
673 2884 773 2918 ἐδόκει,
801 2885 847 2912 καὶ
874 2886 888 2912 ὁ
915 2885 1011 2920 καιρὸς

226 2930 330 2966 ἐκάλει,
349 2930 450 2964 ιὺθέως
468 2931 517 2966 μὲν
530 2931 577 2965 τῆς
595 2931 717 2965 μεγάλης
734 2930 890 2964 ιξὲρχονται
907 2930 1011 2961 πόλεως

1041 305 1174 332 superare
1190 300 1369 327 contendens.
1384 300 1507 327 Desierat
1523 298 1700 328 matutinum,
1717 297 1763 323 illa
1780 303 1828 322 au-

1042 349 1095 371 tem
1121 352 1174 371 nott
1202 346 1328 372 eessabat
1355 353 1369 371 a
1403 345 1545 379 precibus.
1576 343 1630 371 Sed
1654 344 1694 371 sic
1718 349 1828 378 quoque

1041 391 1161 425 seipsam
1175 391 1334 423 intendens,
1354 391 1464 418 dolores
1481 390 1617 417 sentiebat
1633 390 1784 424 graviores,
1799 392 1828 416 et

1041 438 1176 465 violenter
1193 437 1315 483 quidem,
1332 438 1403 471 parit
1415 441 1516 463 tamen.
1532 440 1621 470 Atque
1637 435 1709 469 quod
1728 439 1822 470 natum

1040 484 1150 518 quidem
1163 481 1261 515 fuerat,
1274 488 1332 510 erat
1342 483 1523 510 maSt'ulimtm
1535 490 1542 514 ;
1554 481 1635 508 simul
1646 485 1728 514 alque
1737 484 1828 507 autem

1042 534 1134 556 natum
1147 533 1174 556 et
1201 533 1298 556 saneto
1327 529 1464 563 baptismo
1487 527 1539 554 fuit
1563 531 1767 562 regeneratum,
1794 526 1829 552 ab

1042 575 1094 602 huc
1114 575 1216 602 mundo
1231 575 1387 606 tliSCedeus,
1400 574 1431 600 ad
1449 582 1522 605 eum,
1534 574 1581 608 qui
1599 573 1656 599 illic
1673 577 1726 604 est,
1739 576 1831 598 trans-

1044 620 1173 646 mittitur.
1193 620 1268 647 Hlaut
1286 628 1350 647 vero
1365 621 1447 647 etiam
1467 623 1529 654 post
1555 623 1665 654 partum
1693 618 1830 645 vexabant

1042 665 1160 698 dolores,
1175 669 1201 692 et
1212 666 1329 692 acerbus
1344 666 1483 692 cruciatus
1506 670 1621 692 mortem
1644 664 1829 691 accelerabat.

1042 711 1145 737 Astans
1156 718 1248 739 autem
1266 712 1392 744 maritus,
1406 719 1468 739 cum
1484 719 1609 746 asperattt
1625 716 1651 738 et
1662 719 1772 745 gravent
1790 712 1832 737 vl-

1043 756 1135 784 disset
1159 757 1375 792 perpessionem,
1408 758 1591 784 conturbatus
1626 764 1712 791 prope
1737 756 1832 783 emisit

1044 802 1174 830 animant.
1189 803 1257 830 Cum
1271 811 1301 830 se
1318 808 1410 830 autem
1426 804 1584 838 collegisset
1608 811 1640 830 ae
1662 808 1830 834 recreasset,

1044 849 1131 875 currit
1146 849 1178 875 ad
1192 856 1280 880 aram,
1297 854 1323 876 et
1337 857 1397 876 eam
1413 850 1440 876 in
1458 850 1553 876 orbem
1582 850 1718 882 ambiens,
1741 850 1832 885 lacry-

1045 902 1103 921 mas
1119 895 1301 929 profundebat
1322 903 1353 921 ex
1369 896 1471 926 oculis,~
1484 904 1565 924 voces
1580 896 1726 923 emittebat
1750 895 1834 922 ιιιίεοσ

1046 941 1158 970 rabiles.
1173 945 1198 967 et
1214 945 1243 967 ut
1261 949 1342 976 quam
1358 942 1526 969 citissimum
1543 949 1556 968 a
1570 942 1677 976 sttperis
1689 942 1834 968 adveniret

1046 987 1192 1014 invocabat
1207 988 1351 1014 auxilium.
1367 988 1415 1014 llla
1439 996 1504 1015 vero
1527 988 1660 1015 arbitrata
1693 989 1746 1015 hoc
1771 995 1832 1014 esse

1047 1031 1114 1058 illud
1127 1036 1248 1066 tempus,
1265 1032 1336 1066 quod
1356 1032 1438 1058 linem
1464 1033 1585 1066 imponet
1602 1033 1663 1067 ejus
1682 1033 1832 1062 desiderio.

1047 1078 1106 1104 viro
1130 1078 1176 1111 qui
1191 1078 1280 1104 adhuc
1294 1078 1434 1105 assidebat
1451 1078 1478 1104 itt
1505 1079 1620 1112 templo,
1641 1087 1690 1113 per
1706 1079 1832 1105 nuntium

1048 1124 1195 1156 signiﬁcat.
1211 1128 1238 1151 et
1255 1124 1356 1158 ipsum,
1380 1128 1407 1150 et
1416 1131 1446 1150 se
1463 1124 1552 1150 adltuc
1566 1131 1627 1151 esse
1645 1124 1793 1155 victurant,
1810 1123 1834 1150 si

1047 1169 1127 1196 detur
1142 1169 1347 1204 jusjurandum.
1373 1172 1399 1197 et
1424 1175 1503 1202 pacta
1532 1174 1667 1197 conventa
1695 1170 1835 1202 ineantur,

1049 1219 1178 1248 utrosque
1189 1215 1223 1242 de
1236 1220 1336 1242 cmtero
1350 1215 1471 1242 victuros
1485 1222 1547 1243 esse
1562 1215 1589 1242 itt
1608 1215 1789 1246 continentia,
1804 1218 1833 1242 et

1049 1269 1102 1287 nott
1117 1268 1198 1294 quant
1223 1260 1351 1292 rutundus,
1375 1260 1422 1287 sed
1447 1268 1528 1294 quam
1556 1261 1613 1287 vult
1645 1260 1727 1292 Deus,
1752 1261 1835 1288 vitam

1049 1314 1110 1334 esse
1124 1312 1256 1341 perpetuo
1277 1310 1400 1334 acturos.
1418 1306 1498 1333 Paret
1529 1307 1571 1333 vir
1587 1307 1682 1334 uxoris
1697 1306 1789 1334 verbis
1808 1311 1836 1333 et

1049 1353 1196 1386 voluntati,
1212 1358 1240 1380 et
1270 1353 1420 1388 respondet
1445 1353 1472 1379 id
1493 1353 1546 1380 sibi
1575 1361 1637 1380 esse
1657 1360 1836 1388 persuasum.

1049 1399 1126 1432 Quod
1139 1400 1250 1434 quidem
1265 1407 1327 1426 cuttt
1346 1399 1393 1426 illa
1412 1399 1582 1431 rescivisset,
1593 1405 1710 1432 corpore
1725 1398 1836 1432 quidem

1050 1453 1080 1473 se
1099 1445 1181 1472 habet
1202 1445 1312 1477 ntelius,
1327 1446 1420 1472 animo
1434 1449 1524 1483 autem
1541 1446 1670 1479 protinus
1683 1444 1778 1471 evadit
1793 1444 1840 1471 las-

1051 1492 1117 1524 tior,
1141 1499 1190 1520 seu
1214 1491 1312 1519 morbo
1332 1491 1423 1519 locum
1454 1491 1538 1518 dante
1561 1491 1674 1522 Latitiae,
1691 1498 1739 1518 seu
1755 1490 1838 1517 etiam

1052 1546 1134 1566 tttanu
1155 1545 1274 1572 superna
1305 1537 1366 1572 ejus
1388 1537 1538 1572 adjuvante
1555 1544 1670 1572 scopum
1699 1540 1727 1564 et
1757 1535 1840 1564 insti-

1014 1591 1037 1623 ρ
1055 1589 1154 1612 lutum.

1091 1630 1122 1657 V.
1141 1629 1209 1657 Cum
1221 1637 1287 1664 ergo
1301 1632 1383 1656 nacta
1399 1631 1475 1656 esset
1491 1633 1599 1663 tempus
1614 1634 1640 1656 et
1652 1628 1838 1660 occasionem.

1054 1677 1182 1712 deposuit
1199 1675 1311 1711 quidem
1331 1676 1414 1702 alium
1432 1679 1562 1702 ornatum
1583 1675 1721 1709 corporis,
1749 1674 1839 1702 tenui-

1055 1728 1096 1751 ter
1109 1727 1137 1750 ct
1155 1723 1316 1757 simpliciter
1332 1723 1427 1750 vivere
1452 1721 1639 1754 constituens,
1657 1725 1684 1749 et
1709 1725 1794 1748 totam
1811 1729 1841 1748 se

1054 1774 1217 1797 convertens
1231 1770 1263 1796 ad
1288 1769 1427 1796 internum
1451 1773 1580 1796 ornatum
1597 1769 1708 1795 animze.
1727 1768 1840 1795 Interim

1055 1822 1145 1844 autem
1162 1816 1307 1850 pulchrum
1325 1823 1434 1851 quoque
1448 1816 1508 1850 ejus
1524 1823 1635 1850 germen
1662 1815 1842 1850 virginitatis,

1055 1871 1115 1898 quae
1132 1862 1187 1889 Deo
1204 1863 1293 1889 fuerat
1310 1867 1486 1894 consecrata,
1510 1862 1576 1895 lilia,
1592 1862 1717 1896 migrans
1734 1870 1767 1888 ex
1790 1861 1842 1888 hac

1055 1909 1120 1941 vita,
1137 1908 1210 1935 vadit
1224 1908 1256 1934 ad
1278 1908 1362 1934 Deum
1382 1916 1463 1935 suum
1491 1912 1655 1935 amatorem.
1684 1907 1749 1942 Ejus
1769 1915 1843 1934 mors

1056 1957 1197 1984 meliorem
1223 1959 1344 1983 mentem
1365 1955 1410 1982 dat
1436 1955 1506 1986 viro,
1541 1959 1568 1981 ut
1590 1954 1661 1980 ident
1684 1953 1758 1987 quod
1784 1953 1843 1987 ipsa

1056 2003 1165 2035 sentiat,
1186 2006 1212 2029 et
1232 2001 1327 2032 efﬁcit.
1353 2005 1382 2027 ut
1407 2001 1502 2027 eadem
1518 2000 1560 2026 via
1583 1999 1767 2033 ingrediatur,
1789 2006 1843 2033 qua

1056 2049 1170 2076 Melana.
1187 2049 1254 2075 Cum
1268 2048 1349 2074 ambo
1362 2054 1428 2082 ergo
1439 2054 1468 2074 se
1479 2046 1687 2078 subjunxissent
1703 2045 1769 2080 jttgo
1782 2045 1845 2072 vita

1057 2104 1090 2123 ex
1108 2096 1163 2122 Deo
1186 2094 1329 2126 ducendw,
1343 2093 1369 2120 id
1389 2097 1515 2128 prompto
1536 2097 1562 2120 et
1577 2092 1662 2119 alacri
1677 2092 1770 2118 animo
1789 2095 1844 2118 tra-

1058 2141 1168 2172 bebant,
1193 2139 1264 2166 inter
1283 2146 1312 2166 se
1343 2139 1445 2164 virtute
1468 2137 1657 2164 decertantes.
1687 2135 1846 2170 Atqueillis

1057 2186 1168 2221 quidem
1184 2193 1257 2212 curae
1271 2187 1331 2211 erat
1350 2183 1384 2210 ab
1404 2182 1532 2209 universo
1548 2182 1650 2208 mundo
1667 2183 1781 2208 omnino
1799 2189 1844 2208 se-

1058 2233 1161 2268 parari,
1183 2235 1209 2258 et
1222 2239 1250 2258 se
1266 2230 1320 2257 Deo
1336 2229 1466 2256 dedicare
1485 2237 1491 2254 :
1507 2233 1533 2255 et
1550 2235 1612 2254 eum
1633 2229 1688 2255 vita
1701 2232 1729 2254 ct
1747 2227 1845 2254 ltabitu

1058 2279 1240 2307 mottastieattt
1273 2276 1422 2308 elegissent
1444 2273 1681 2306 constitutionem,
1717 2278 1843 2308 parentes

1059 2329 1151 2352 autetn
1170 2331 1223 2350 non
1237 2321 1438 2357 pertttitterettt,
1453 2320 1491 2346 illi
1516 2319 1722 2346 meditabantur
1739 2327 1768 2346 se
1781 2319 1844 2354 fuga

1059 2371 1234 2401 subducere;
1254 2369 1300 2396 sed
1320 2369 1371 2395 hoc
1383 2367 1495 2402 quidem
1521 2371 1586 2393 tunc
1604 2373 1702 2393 manus
1715 2366 1846 2400 proltibet

1058 2425 1188 2452 superna,
1200 2416 1292 2443 divina
1306 2418 1398 2441 autem
1412 2413 1504 2440 laetitia
1513 2412 1553 2440 eis
1569 2420 1716 2439 maerorem
1729 2412 1845 2439 excutit.

1058 2465 1126 2492 Dum
1155 2463 1189 2490 de
1216 2463 1258 2489 ltis
1276 2462 1350 2489 enim
1375 2460 1580 2491 consultarent,
1600 2465 1733 2493 sequente
1765 2461 1847 2486 nocte

1060 2511 1152 2538 suavis
1164 2509 1276 2544 quidam
1291 2507 1360 2534 odor
1373 2510 1399 2533 et
1415 2506 1494 2540 plane
1507 2505 1642 2537 cmlestis,
1654 2509 1681 2532 et
1696 2505 1742 2539 qui
1757 2511 1847 2539 neque

1059 2556 1152 2585 verbis
1170 2555 1299 2590 exprimi,
1318 2560 1406 2587 neque
1424 2556 1517 2579 ntettte
1544 2551 1658 2585 cogitari
1689 2555 1788 2585 potest,
1813 2551 1847 2578 ad

1060 2610 1108 2631 eos
1123 2602 1196 2629 venit
1213 2609 1226 2627 a
1258 2599 1378 2635 superis,
1399 2598 1448 2634 qui
1476 2597 1667 2625 admirabilem
1699 2597 1847 2631 quemdam

1061 2649 1210 2684 voluptatis
1228 2647 1357 2682 spiritum
1371 2645 1411 2673 eis
1427 2645 1531 2676 attulit,
1545 2647 1572 2671 et
1588 2644 1634 2678 qui
1660 2643 1774 2670 tristitia
1785 2642 1848 2669 afﬂ-

1067 2695 1192 2724 ciebatur
1207 2699 1234 2721 et
1247 2691 1474 2724 contrahebatur,
1489 2691 1612 2718 anitttuttt
1639 2689 1768 2724 protinus
1794 2687 1850 2715 dif-

1061 2741 1133 2769 fudit
1148 2741 1181 2768 ad
1200 2739 1333 2767 laetitiam.
1351 2737 1483 2770 Cuntltali
1500 2737 1588 2772 gratia
1608 2735 1714 2769 implett
1731 2733 1851 2762 fuissent

1062 2796 1159 2817 eorum
1188 2786 1285 2819 animi,
1318 2784 1467 2811 manebant
1498 2783 1551 2816 sic,
1577 2783 1670 2810 omnia
1703 2781 1765 2809 vita:
1793 2788 1852 2809 sua

1062 2836 1140 2865 frena
1170 2834 1226 2861 Deo
1247 2832 1452 2869 permittentes,
1477 2833 1508 2857 ut
1535 2829 1706 2856 ducerentur
1740 2835 1796 2862 quo
1823 2831 1851 2854 et

1064 2880 1204 2918 quomodo
1219 2879 1310 2907 vellet.
1328 2877 1398 2905 Cum
1413 2876 1460 2903 ille
1474 2881 1540 2910 ergo
1558 2874 1638 2909 paulo
1653 2878 1718 2909 post
1733 2872 1852 2918 annuis:

1068 2915 1121 2960 set.
1139 2927 1180 2957 eis
1196 2925 1307 2960 quidem
1322 2932 1336 2954 e
1353 2922 1422 2951 vivis
1443 2919 1552 2950 excedit
1574 2919 1686 2949 Melana
1704 2922 1793 2955 pater.
1809 2915 1850 2944 Illi
