2060 3153
186 185 237 217 761

823 194 911 225 νιΤΑ
935 195 965 225 S.
986 195 1169 228 MELANE.

1757 203 1811 236 762

188 239 229 272 οἷς
243 241 333 276 ᾤκουν
358 231 541 279 Σευήῶυᾉὲαι
558 243 629 274 εἴναι
649 245 742 282 λέγειν
759 249 807 276 καὶ
821 249 977 284 ὀνομάζειν.

1032 257 1061 279 ιιι
1076 256 1171 280 contra
1185 252 1300 281 fratrem
1313 262 1393 282 suum
1407 255 1560 293 insurgant,
1574 261 1601 286 et
1616 259 1652 287 ab
1664 259 1815 294 eoquidem

195 286 278 314 ’Λλλὰ
306 291 395 321 κενοῖς
420 290 505 323 ὅντως
530 293 544 319 ὁ
565 292 681 328 μάταιος
703 295 854 331 ἐπεχείρει.
878 297 909 324 ΟΞ
928 299 979 333 μὲν

186 333 253 368 γὰρ,
281 336 370 362 καίτοι
394 337 508 364 τοιαῦτα
535 339 689 374 πάσχοντες
705 340 752 375 ὑφ’
771 339 802 367 οὗ
829 342 929 378 ἣκιστα
945 344 978 370 ἄν

188 388 232 411 τις
249 381 295 407 καὶ
311 383 508 417 προσεδόκησε,
538 385 625 412 ταῦτα
655 386 705 421 μὲν
731 387 846 419 ἀλύπως
866 388 976 423 ἔφερον,

190 427 292 460 μᾶλλον
314 429 343 454 δέ
357 437 383 454 τι
398 430 445 456 καὶ
462 430 574 466 ἔχαιρον
588 439 596 448 ⁸
608 433 669 459 οὐδὲ
689 434 743 468 γὰρ
760 434 862 468 φαῦλον
885 436 977 466 αὐτοῖς

185 473 276 500 ἐδόκει
290 475 485 510 διαμιλλᾶσθαι
499 480 560 509 ταῖς
573 481 727 515 συμφοραῖς
741 481 807 516 πρὸς
825 481 899 507 Ἰώὸ·
913 482 978 516 ἠνία

185 519 214 546 δὲ
230 520 310 555 μόνον
318 523 381 553 τοὺς
395 525 536 556 γενναίους
547 526 577 552 τδ
590 527 644 552 τῶν
657 527 807 562 χρημάτων
820 527 891 554 οὕτω
905 537 978 563 παρ-

184 569 360 602 αιρουμένων
393 572 480 606 μικρὰ
505 573 562 606 ῥεῖν
577 573 627 607 τῆς
640 574 765 603 εὐποιίας
776 575 805 600 τὸ
823 574 912 609 ρεῦμα
927 573 975 600 τοῦ

184 612 304 640 πλούτου
329 615 455 652 καθάπερ
478 618 554 649 τινὸς
579 619 706 654 ποταμοῦ
731 619 845 654 ἑτέρωθι
866 628 976 655 μετοχε-

182 659 336 692 τευθέντος.

1029 297 1160 325 deﬁciant
1176 308 1183 326 :
1201 307 1256 326 non
1273 300 1362 327 solum
1374 306 1466 328 autem
1485 304 1604 338 seipsos,
1624 305 1671 332 sed
1687 313 1735 332 eos
1748 313 1819 340 quo-

1029 352 1084 379 que
1107 352 1200 378 agros,
1221 346 1247 373 in
1263 347 1365 381 quibus
1389 348 1563 382 habitabant,
1579 351 1674 378 Severi
1698 359 1759 379 esse
1773 352 1818 380 di-

1029 396 1133 423 cereut,
1150 397 1176 418 et
1188 399 1237 419 eos
1253 393 1313 426 ejus
1329 393 1517 422 nominarent.
1534 395 1586 422 Sed
1601 397 1719 424 stolidus
1737 398 1818 432 plane

1029 444 1175 472 aggressus
1191 442 1234 465 est
1254 439 1357 467 inania.
1379 439 1446 467 Nam
1472 441 1509 468 illi
1543 442 1654 475 quidem
1674 444 1725 470 etsi
1752 445 1818 471 talia

1028 487 1188 515 paterentur
1205 484 1239 510 ab
1252 492 1296 516 eo,
1309 493 1323 511 a
1336 493 1391 520 quo
1407 486 1470 521 quis
1488 487 1601 514 minime
1617 493 1816 522 exspectasset,

1032 537 1063 556 ea
1080 530 1192 563 quidem
1210 531 1362 558 toleranter
1377 538 1404 560 et
1419 533 1513 560 sedate
1529 533 1665 565 ferebant,
1681 535 1737 561 imo
1752 542 1819 562 vero

1031 577 1186 610 gaudebant
1198 580 1301 613 potius.
1319 579 1375 607 Non
1386 581 1458 607 enin:
1474 581 1514 607 eis
1523 581 1582 608 leve
1597 581 1740 608 videbatur
1755 588 1818 608 cum

1029 622 1079 650 Job
1092 625 1261 653 contendere
1288 626 1371 654 rebus
1393 628 1518 655 adversis
1545 632 1572 654 et
1593 628 1810 662 calamitatibus,

1028 677 1179 704 generosos
1204 676 1296 700 autem
1322 673 1383 700 illos
1405 674 1458 701 hoc
1483 675 1572 702 solum
1599 673 1670 701 male
1690 673 1818 707 habebat,

182 707 256 758 quod
276 716 338 734 cum
358 709 536 738 auferrentur
550 720 628 748 opes,
650 722 748 748 parum
766 713 865 742 ﬂueret
885 714 1019 742 ﬂuentum
1055 717 1258 753 beneﬁcentiae,
1289 721 1393 749 divitiis
1427 729 1482 750 non
1515 730 1598 750 secus
1620 729 1702 757 atque
1728 723 1820 758 aliquo

182 751 288 780 ﬂuento
298 755 352 780 alio
365 755 508 785 derivatis.

220 799 263 826 ΗΚ
279 801 346 828 Οὐδὲ
355 802 539 839 εὐσεϐεστάτη
551 805 698 840 βασίλισσα
712 807 812 841 Βερίνα
823 807 879 834 τῶν
891 807 978 835 τοιού-

182 853 238 872 των
253 847 367 881 ἀνήκοος
379 849 513 884 ἐγεγόνει,
525 852 594 878 ἀλλὰ
601 852 704 888 ταύτην
719 854 769 888 μὲν
781 854 828 880 καὶ
844 855 898 889 πρὸ
912 855 978 881 πολ-

1068 810 1140 838 νιιι.
1156 810 1216 839 Νοιι
1234 812 1292 840 haec
1311 816 1403 840 autem
1423 813 1460 840 ita
1476 813 1655 849 gerebantur,
1672 818 1703 841 ut
1723 814 1751 841 in
1764 815 1821 848 pri-

1032 857 1086 885 mis
1103 858 1146 892 pia
1163 858 1324 893 imperatrix
1338 858 1439 886 Verina
1458 867 1512 887 non
1538 860 1597 888 haec
1614 861 1752 894 acceperit
1770 869 1820 888 an-

184 892 234 920 λοῦ
253 897 377 930 κατεῖχεν
393 897 409 930 ἡ
435 898 514 932 φήμη
537 899 588 932 τῆς
605 900 710 926 τούτων
737 901 910 935 φιλοσοφίας,
931 902 977 928 καὶ

1031 903 1136 932 ditione
1157 913 1164 931 :
1181 892 1228 932 sed
1242 905 1276 932 ad
1293 912 1354 932 eam
1371 906 1484 939 quidem
1509 906 1556 933 diu
1575 912 1638 934 ante
1655 913 1821 942 pervenerat

186 940 285 966 πολλοῦ
301 939 335 976 ἦν
350 942 419 977 αὐτῇ
436 944 523 976 ἄξιον,
542 945 607 972 ίεείν
624 955 654 972 τε
675 946 798 979 ἐκείνους
813 948 861 974 καὶ
882 947 977 981 λεγόν-

184 993 239 1012 των
252 987 381 1019 ἀκοῦσαι.
395 990 442 1014 καὶ
455 990 568 1022 πολλαῖς
578 991 770 1027 παρακλήσεσι
784 993 977 1028 μετεπέμπετο

183 1031 236 1065 τὴν
249 1033 390 1068 Μελὰνην.
409 1033 478 1061 Τότε
494 1036 522 1062 δὲ
537 1037 642 1063 καὶτοῦ
661 1039 760 1073 καιροῦ
778 1039 827 1074 τὴν
848 1039 978 1074 ἀφορμὴν

184 1078 275 1110 δόντος
291 1081 392 1115 σπουδῇ
419 1082 524 1110 ἐκάλει.
545 1084 577 1110 'H
595 1084 624 1110 δὲ
642 1085 697 1119 ᾔει.
722 1085 791 1112 Ἀλλ’
805 1086 856 1112 ὅσα
880 1087 929 1113 καὶ
944 1087 978 1114 τὰ

185 1124 240 1158 πρὸ
257 1125 305 1158 τῆς
319 1126 439 1160 ὁμιλίας.
456 1127 534 1160 ὀλίγα
548 1129 651 1156 τούτων
666 1131 784 1157 ἀκοῦσαι
796 1131 910 1166 βέλτιον.
925 1130 978 1159 Ἦν

185 1168 241 1202 ἄρα
267 1173 465 1204 νενομισμένον
485 1173 635 1208 Ῥωμαίοις
665 1175 703 1210 μὴ
730 1176 815 1212 ἄνδρα
841 1183 913 1209 τινα,
941 1179 978 1214 μὴ

186 1217 305 1248 γυναῖκα
322 1217 397 1250 παρὰ
424 1217 537 1251 βασιλέα
553 1220 568 1252 ἢ
587 1220 711 1255 βασιλίδα
725 1223 823 1258 φοιτᾷν
839 1224 979 1259 κεκαλυμ-

187 1259 258 1294 μίνῃ
274 1262 306 1295 τῇ
320 1262 437 1297 κεφαλῇ.
451 1263 524 1298 Αὕτη
537 1265 585 1290 τοῦ
598 1267 681 1301 νόμου
700 1268 784 1301 μηδὲν
796 1269 977 1303 φροντίσασα,

185 1307 454 1344 κατακεκαλυμμένῃ
480 1310 592 1345 παρῄει,
614 1313 644 1338 οὐ
660 1315 800 1348 τυράννων
820 1315 891 1347 ἔθος,
909 1316 978 1343 ἀλλὰ

183 1351 231 1378 τὸν
272 1353 380 1381 Παύλου
419 1356 501 1390 νόμον
531 1357 586 1384 δεῖν
621 1361 828 1395 συντηρεῖν,ὂς
859 1362 909 1389 οὐκ
947 1363 979 1398 ἑᾷ

183 1400 318 1431 γυναῖκας
347 1403 438 1436 γυμνῇ
461 1403 528 1429 [έναι
551 1406 582 1439 τῇ
613 1407 729 1442 κεφαλῇ.
743 1408 779 1433 Οὐ
794 1408 917 1442 μὴνοὺδὲ
930 1410 979 1445 τὴν

185 1445 282 1480 στολὴν
295 1447 411 1482 ἠθέλησε
424 1450 578 1484 διαμεῖψαι,
593 1451 654 1478 οῦδὲ
674 1453 707 1479 τὰ
726 1454 797 1488 ῥάκη
816 1457 979 1489 μεταμφιά-

185 1492 296 1527 σασθαι,
309 1495 513 1523 καίτοιπολλῶν
521 1499 730 1533 παραινούντων
746 1501 785 1536 μὴ
802 1502 978 1531 οὖτωποιεῖν.

219 1583 261 1611 Θ’.
287 1584 320 1610 'H
336 1585 363 1612 δὲ
388 1585 457 1620 πρὸς
478 1587 587 1620 αὐτοὺς,
609 1589 811 1625 Ἐνεδυσάμην,
837 1593 922 1626 φησι,
941 1595 976 1620 τὰ
991 1586 1013 1616 c

183 1631 282 1667 ιμὰτιά
299 1642 361 1668 μου,
376 1633 435 1663 πῶς
450 1633 600 1669 ὲκδύσομαι
623 1637 711 1669 uota;
730 1637 812 1665 Ὅθεν
835 1641 883 1666 καὶ
905 1649 977 1676 παρ-

185 1678 266 1706 ιοῦσα
292 1681 334 1711 εἰς
359 1680 393 1706 τὰ
411 1681 545 1714 βασίλεια,
562 1682 622 1708 οὐδὲ
638 1683 776 1718 ἀπέϐλεψε
792 1686 860 1720 πρός
882 1695 908 1713 τι
921 1687 977 1713 τῶν

183 1726 277 1757 ἄλλοις
290 1726 518 1760 θαυμαζομένων,
534 1728 594 1753 οὐδὲ
611 1728 762 1763 ὀφθαλμῶν
779 1731 841 1763 ἄξια
857 1733 976 1766 κρίνασα

183 1774 217 1799 τὰ
233 1773 355 1799 τοιαῦτα.
372 1773 507 1808 Προῖούσῃ
524 1782 554 1799 τε
578 1774 686 1810 σύναμα
709 1775 747 1811 τῷ
767 1777 920 1812 ’Λπενιανῷ
932 1779 974 1805 sui.

183 1819 234 1850 ei):
250 1821 266 1852 ἡ
285 1819 430 1852 βασίλισσα
454 1819 592 1854 ὑπανέστη
622 1829 651 1846 τε
686 1823 734 1848 καὶ
757 1824 902 1856 προσεῖπε,
928 1825 976 1850 καὶ

183 1864 321 1898 καθέδρας
340 1864 457 1895 ἠξίωσεν
478 1865 633 1900 ὲγγυτὰτης
645 1874 651 1881 ·
670 1867 801 1902 ἐξέπληξε
818 1870 873 1903 γὰρ
890 1870 976 1905 αὐτὴν

181 1910 200 1946 ἦ
216 1919 247 1936 τε
265 1909 346 1946 στολὴ
362 1911 409 1936 καὶ
426 1910 456 1936 τὸ
471 1910 519 1937 τοῦ
539 1912 681 1946 σχήματος
700 1913 795 1946 δεινῶς
821 1915 956 1942 ἰδιωτικόν
967 1924 975 1932 ·

182 1956 232 1982 καὶ
259 1956 324 1987 τοὺς
350 1956 395 1989 ὑφ’
418 1956 501 1990 ἑαυτῇ
531 1957 706 1990 συγκαλοῦσα
735 1961 825 1986 κοινὸν
854 1962 976 1988 ἐποιεῖτο

182 2001 278 2036 θαῦμα
306 2002 447 2035 Μελάνην,
475 2003 508 2028 ’Ὠ
533 2000 609 2034 οἷον,
636 2004 765 2038 φήσασα,
788 2007 904 2041 πρᾶγμα
928 2007 976 2034 νῦν

182 2050 290 2084 βλέπωί
313 2050 402 2077 Πάλαι
414 2049 470 2085 γάρ
488 2059 529 2081 σε,
547 2049 607 2077 θεία
625 2052 775 2084 γυναικῶν,
793 2053 892 2087 ἤκουον
904 2061 910 2068 ·
928 2054 976 2081 νῦν

182 2097 212 2123 δὲ
236 2096 303 2130 ὁρῶ.
325 2097 379 2122 Καὶ
404 2096 462 2130 ἅμα
485 2096 534 2122 τοῦ
559 2097 663 2132 χρυσοῦ
681 2097 777 2132 θρόνου
804 2098 976 2130 ἐξαναστᾶσα

183 2143 334 2178 περιέϐαλέ
361 2151 390 2169 τε
417 2144 464 2169 καὶ
492 2144 696 2179 κατησπάζετο,
722 2145 769 2171 καὶ
791 2145 828 2176 ὠς
844 2146 975 2178 πολλάκις

182 2189 264 2222 ἔλεγε
278 2189 428 2224 ’Μακαρία
454 2187 480 2215 εἴ
503 2190 536 2216 ob
551 2189 600 2217 τοῦ
627 2191 657 2217 ὲν
683 2191 778 2227 Κυρίῳ
797 2193 974 2228 μακαρισμοῦ

181 2236 297 2267 δικαίως
310 2235 491 2271 ἑπιτυχοῦσα.

219 2325 248 2353 l'.
272 2326 350 2353 Ἐπεὶ
363 2325 391 2352 δὲ
408 2326 455 2352 καὶ
470 2326 590 2361 Σευῆρον
602 2326 682 2356 δίκας
695 2328 850 2363 ἀπαιτῆσαι
865 2329 919 2356 τῶν
935 2331 976 2362 είς

182 2371 283 2403 αὐτοὺς
300 2371 479 2406 ἀδικημάτων
494 2372 640 2407 ὑπέσχετο,
650 2372 722 2400 Ἀλλ’
735 2375 801 2409 ἡμῖν
812 2383 856 2409 γε,
869 2373 945 2402 εἶπεν
957 2376 975 2411 ἡ

181 2419 295 2453 Maiam
309 2439 315 2449 ,
344 2420 472 2452 κρεῖττον
495 2418 649 2446 ἀδικεῖσθαι
678 2420 780 2454 μᾶλλον
795 2422 823 2456 ιῆ
852 2422 975 2448 ἀδικεῖν·

181 2466 244 2492 ἐπεὶ
262 2466 310 2491 καὶ
328 2464 526 2498 ῥαπιζομένας
546 2466 575 2491 οὗ
601 2466 682 2500 μόνον
707 2467 813 2501 φέρειν,
838 2467 908 2494 ἀλλὰ
929 2467 977 2494 καὶ

181 2511 231 2546 τὴν
248 2509 347 2543 ἑτέραν
365 2510 494 2544 στρέφειν
517 2510 590 2541 θεῖος
606 2511 688 2545 νόμος
704 2512 774 2540 ἐστί.
797 2513 843 2539 Σοὶ
861 2512 889 2539 δὲ
906 2513 976 2540 ἄλλα

182 2556 271 2584 πολλὰ
285 2557 319 2582 τὰ
332 2555 423 2588 ἀγαθὰ
438 2556 514 2591 παρὰ
528 2557 596 2583 Θεοῦ
614 2557 711 2592 ἕψεται.
722 2559 770 2593 τῆς
791 2560 877 2594 καλῆς
891 2559 975 2587 ἕνεκα

182 2604 287 2637 ταύτης
311 2602 479 2636 προθέσεως.
515 2603 598 2637 Ἡμῖν
620 2603 648 2629 δὲ
675 2605 789 2639 ἀρκέσει
818 2606 850 2632 τὸ
878 2607 973 2640 στῆναι

184 2650 268 2685 μέχρι
286 2649 383 2675 τούτου
399 2647 450 2683 τὴν
462 2648 577 2683 βλάϐην.
595 2650 643 2676 καὶ
662 2651 746 2685 μηδὲν
766 2651 845 2678 πλέον
865 2653 911 2678 τὸν
925 2653 972 2680 ἄν·

181 2696 234 2731 δρα
249 2695 413 2729 προθεῖναι·
429 2696 467 2726 ὡς
483 2697 562 2731 ήμῶν
575 2705 605 2731 γε
625 2697 718 2723 ἔπεχεν
748 2697 809 2724 οὐδὲ
824 2698 920 2725 τούτου
941 2699 974 2726 ἂν

185 2741 336 2774 ποιούμεοα
351 2740 443 2773 λόγον,
455 2741 514 2767 ἀλλ’
527 2742 567 2767 δτι
582 2742 615 2768 τὰ
628 2742 714 2774 ξένοις
730 2743 780 2778 ἤδη
796 2743 972 2778 κληρωθέντα

182 2787 232 2814 καὶ
246 2787 365 2813 ἐνδεέσιν
381 2788 539 2822 ἀποστερεῖ.
551 2787 602 2815 Διὰ
615 2787 702 2815 ταῦτα.
715 2789 781 2823 γοῦν
795 2789 908 2821 τούτους
923 2793 972 2818 καὶ

183 2832 266 2859 πλέον
279 2833 295 2866 ἡ
313 2832 421 2866 βασιλὶς
435 2833 604 2869 θαυμάσασα
619 2834 723 2862 καὶτοῦ
736 2834 857 2870 Σευήρου
873 2835 906 2862 δι’
923 2837 972 2864 αὺ-

221 2924 232 2940 ²
248 2922 258 2950 Ῑ
275 2923 339 2952 Cor.
357 2924 440 2958 ",15.

1029 949 1102 977 tanta
1117 957 1212 977 eorum
1227 951 1420 986 philosophia.
1447 951 1620 987 ducebatque
1643 961 1737 988 opera:
1755 962 1820 989 pre—

1029 995 1098 1021 tium
1119 995 1181 1022 illos
1199 999 1228 1023 et
1239 996 1333 1023 videre
1354 1001 1381 1023 et
1395 997 1494 1024 audire
1514 997 1650 1030 dicentes.
1670 1003 1698 1026 et
1722 1000 1818 1027 multis

1030 1040 1162 1075 precibus
1177 1041 1339 1069 accersebat
1361 1042 1509 1071 Melanam.
1534 1043 1614 1072 Tunc
1636 1049 1729 1072 autem
1753 1051 1821 1073 tem-

1031 1095 1098 1120 pore
1113 1095 1224 1122 quoque
1239 1090 1322 1116 dante
1337 1090 1526 1123 occasionem,
1547 1091 1620 1118 illam
1644 1099 1744 1126 magno
1759 1096 1821 1119 stu-

1029 1133 1076 1161 dio
1102 1134 1230 1167 vocavit;
1252 1135 1298 1161 illa
1317 1143 1384 1162 vero
1413 1136 1474 1163 ivit.
1493 1136 1545 1164 Sed
1572 1145 1633 1171 qua:
1657 1137 1822 1164 exstiterunt

1030 1184 1094 1207 ante
1110 1187 1205 1207 eorum
1228 1181 1470 1215 congressionem,
1497 1183 1585 1209 satius
1608 1186 1650 1210 est
1679 1190 1767 1215 pauca
1786 1190 1821 1210 ex

1030 1226 1064 1253 iis
1076 1226 1185 1253 attdire.
1204 1226 1269 1253 Erat
1283 1227 1394 1261 quidem
1413 1228 1471 1255 haec
1484 1228 1526 1254 lex
1539 1229 1611 1263 apud
1626 1228 1777 1260 Romanos.
1791 1231 1822 1256 ut

1030 1273 1125 1301 nullus
1141 1274 1182 1300 vir
1197 1281 1247 1301 nec
1271 1275 1369 1301 mulier
1382 1274 1578 1308 imperatorem
1598 1280 1646 1302 aut
1660 1275 1820 1309 imperatri-

1030 1326 1089 1346 cem
1105 1325 1201 1353 operto
1215 1320 1306 1353 capite
1324 1320 1480 1348 accederet.
1494 1321 1531 1347 Ea
1547 1329 1614 1348 vero
1637 1321 1725 1355 legem
1747 1321 1819 1349 nihil

1030 1372 1143 1396 curans,
1162 1365 1252 1391 velata
1275 1365 1406 1396 accessit,
1426 1373 1481 1392 non
1508 1370 1692 1401 tyrannorum
1713 1374 1817 1400 mores,

1030 1411 1077 1437 sed
1090 1410 1167 1437 Pauli
1189 1411 1275 1444 legem
1292 1412 1411 1438 maxime
1426 1411 1521 1439 dicens
1549 1417 1678 1447 oportere
1709 1420 1824 1440 conser-

1030 1457 1088 1483 vari
1105 1478 1111 1488 ,
1122 1457 1168 1491 qui
1184 1464 1238 1484 non
1250 1457 1317 1484 sinit
1330 1458 1461 1484 mulieres
1473 1458 1549 1484 nudo
1559 1459 1650 1493 capite
1663 1459 1820 1487 incedere’.

1031 1502 1085 1530 Sed
1115 1510 1204 1536 neque
1237 1508 1341 1530 vestem
1361 1503 1447 1530 voluit
1460 1508 1578 1536 mutare,
1601 1511 1691 1539 neque
1712 1512 1821 1539 pannos

1031 1557 1142 1581 exuere,
1159 1550 1211 1577 etsi
1233 1550 1311 1576 multi
1327 1550 1480 1577 suaderent
1499 1555 1529 1577 ut
1542 1550 1660 1578 faceret.

1067 1595 1114 1622 IX.
1135 1595 1184 1622 llla
1200 1603 1265 1622 vero
1289 1596 1330 1622 eis
1348 1596 1458 1622 dicebat
1476 1595 1564 1622 :Meis
1577 1604 1620 1623 me
1638 1596 1761 1624 vestibus
1779 1596 1821 1623 in-

1028 1641 1086 1672 dui,
1100 1641 1240 1675 quomodo
1251 1649 1298 1668 cas
1312 1642 1433 1668 exuam?
1454 1641 1531 1669 Unde
1545 1643 1627 1668 ctiam
1645 1650 1706 1669 cum
1729 1642 1821 1677 ingre-

1027 1689 1141 1716 deretur
1155 1688 1183 1715 in
1210 1688 1324 1722 regiam,
1347 1696 1381 1714 ne.
1393 1689 1502 1722 aspexit
1519 1689 1630 1723 quidem
1658 1689 1691 1715 ad
1713 1689 1820 1723 aliquid

1027 1743 1059 1762 ex
1077 1735 1109 1762 iis
1123 1743 1184 1769 quae
1197 1735 1270 1769 apud
1295 1735 1365 1761 alios
1383 1734 1558 1761 habebantur
1578 1735 1604 1762 in
1621 1734 1818 1767 admiratione,

1028 1789 1062 1808 ne
1078 1782 1174 1808 obtutu
1194 1781 1305 1815 quidem
1334 1788 1364 1807 ca
1388 1781 1471 1815 digna
1489 1781 1630 1816 judicans.
1654 1780 1820 1808 Procedenti

1028 1832 1119 1854 autem
1136 1827 1160 1853 ci
1184 1827 1268 1854 simul
1297 1835 1359 1854 cum
1386 1828 1532 1862 Apeniano
1549 1829 1643 1855 statim
1664 1827 1821 1854 assurrexit

1027 1874 1202 1907 imperalrix,
1219 1877 1247 1900 et
1261 1874 1381 1900 allocuta
1399 1877 1452 1906 est,
1475 1878 1501 1900 ct
1521 1878 1549 1900 ut
1572 1874 1696 1907 proxime
1717 1873 1820 1900 asside-

1027 1927 1080 1954 ret,
1093 1925 1136 1948 est
1156 1921 1279 1956 dignata.
1299 1921 1364 1947 Eam
1381 1921 1453 1948 enim
1473 1921 1665 1955 obstupefecit
1687 1920 1818 1953 vestitus,

1027 1970 1054 1994 ct
1070 1966 1217 1993 admodum
1235 1965 1311 1992 rudis
1329 1970 1355 1992 el
1368 1965 1486 2000 simplex
1505 1965 1624 1995 habitus,
1641 1969 1670 1991 et
1685 1971 1734 1991 eos
1749 1971 1820 1991 con-

1027 2018 1140 2042 vocans,
1157 2010 1202 2044 qui
1216 2015 1297 2037 erant
1315 2010 1341 2037 in
1354 2018 1405 2037 sua
1421 2015 1568 2044 potestate,
1589 2009 1725 2036 Mclanam
1739 2016 1816 2036 com-

1028 2056 1147 2083 muniter
1161 2055 1351 2082 admirabatur
1363 2064 1370 2081 ι
1383 2056 1405 2082 ι)
1417 2056 1537 2090 qualem,
1552 2056 1660 2088 dicens,
1673 2062 1746 2082 nunc
1760 2063 1819 2082 rem

1027 2102 1155 2129 intueor?
1177 2102 1215 2129 'l‘e
1232 2102 1286 2136 jam
1315 2102 1420 2135 pridem
1438 2101 1549 2136 quidem
1586 2101 1707 2128 divinam
1724 2101 1819 2128 audivi

1026 2156 1086 2175 esse
1102 2148 1256 2179 mulierem,
1270 2155 1345 2175 nunc
1361 2152 1454 2174 autem
1467 2147 1550 2174 etiam
1565 2147 1645 2174 video
1665 2156 1672 2174 :
1691 2152 1719 2175 et
1734 2147 1818 2175 simul

1026 2202 1143 2229 surgens
1158 2201 1173 2221 e
1189 2194 1291 2221 throno
1307 2201 1403 2226 aureo,
1420 2201 1480 2221 eam
1500 2193 1627 2228 suspexit
1646 2196 1674 2220 et
1691 2195 1818 2227 amplexa

1028 2245 1079 2272 est,
1092 2245 1119 2267 et
1136 2247 1207 2274 saepe
1219 2239 1290 2266 dixit
1312 2248 1319 2266 :
1340 2238 1422 2266 Beata
1446 2246 1476 2265 es
1499 2243 1540 2271 tu,
1558 2246 1620 2273 qua
1634 2238 1698 2274 jure
1724 2245 1819 2266 conse-

1028 2291 1091 2314 cuta
1110 2293 1141 2313 es
1160 2286 1187 2313 in
1205 2285 1322 2312 Domino
1336 2284 1550 2312 beatitudinem.

1062 2330 1097 2358 Χ.
1119 2330 1267 2366 Postquam
1299 2335 1390 2358 autem
1413 2330 1533 2365 pollicita
1545 2335 1588 2358 est
1615 2339 1647 2359 se
1660 2330 1695 2358 de
1714 2331 1818 2359 Severo

1024 2378 1087 2412 jure
1105 2385 1202 2412 poenas
1214 2385 1275 2404 esse
1294 2383 1467 2412 sumpturam
1483 2382 1594 2412 propter
1610 2377 1740 2411 injurias.
1757 2377 1819 2412 qui-

1029 2424 1081 2451 bus
1101 2430 1151 2450 eos
1167 2422 1298 2450 all‘ecerat
1321 2430 1327 2448 ι
1351 2421 1386 2450 At
1400 2423 1492 2454 nobis.
1519 2424 1610 2458 inquit
1628 2423 1746 2456 Melana,
1763 2431 1820 2451 me-

1029 2470 1082 2496 lius
1096 2472 1137 2496 est
1152 2469 1282 2503 injuriam
1297 2469 1363 2503 pati.
1380 2477 1463 2504 quam
1486 2469 1577 2497 facere
1594 2470 1737 2504 iniuriam.
1763 2470 1818 2498 Eos

1029 2514 1114 2546 enim,
1129 2514 1231 2548 quibus
1243 2515 1435 2549 impinguntur
1448 2515 1545 2549 alapae.
1561 2522 1616 2542 non
1634 2516 1724 2542 solum
1746 2515 1818 2550 pati,

1029 2559 1077 2587 sed
1098 2560 1181 2586 etiam
1199 2560 1281 2586 aliam
1302 2561 1449 2588 obvertere
1467 2561 1620 2594 maxillam,
1648 2563 1689 2588 lex
1711 2568 1754 2589 est
1776 2562 1819 2589 di—

1026 2605 1103 2632 vina.
1127 2605 1220 2638 Atque
1244 2610 1273 2631 tu
1295 2605 1406 2640 quidem
1425 2607 1512 2633 multa
1530 2608 1602 2633 bona
1619 2614 1632 2633 ιι
1650 2606 1705 2634 Deo
1717 2614 1819 2635 conse-

1026 2652 1119 2687 queris
1136 2655 1251 2686 propter
1269 2652 1321 2680 hoc
1337 2653 1440 2680 bonum
1458 2657 1534 2681 tuum
1552 2655 1746 2689 propositum;
1766 2662 1817 2682 no-

1027 2699 1069 2727 bis
1081 2707 1146 2726 vero
1163 2699 1292 2730 sufﬁciet.
1307 2701 1329 2727 si
1344 2700 1476 2727 damnum
1488 2701 1634 2736 hucusque
1649 2702 1777 2733 sistatur.
1791 2708 1819 2730 et

1026 2752 1080 2772 non
1107 2744 1182 2778 plura
1211 2744 1335 2778 adjiciat.
1363 2745 1432 2772 Nam
1466 2752 1559 2773 nostra
1587 2747 1701 2781 quidem
1731 2754 1816 2775 causa

1030 2791 1114 2825 hujus
1127 2790 1230 2817 nullam
1245 2791 1414 2820 duceremus
1440 2792 1586 2826 rationem,
1611 2793 1665 2821 nisi
1686 2793 1759 2828 quod
1783 2800 1816 2822 ea

1024 2844 1085 2873 quae
1101 2844 1130 2864 δ”
1157 2836 1212 2847 “¹··
1233 2838 1257 2856 η’
1277 2837 1293 2844 "
1318 2845 1338 2850 τ-
1359 2841 1382 2856 πο
1408 2838 1526 2859 Man-tn
1682 2846 1698 2849 η
1777 2839 1782 2849 ν

1288 2837 1293 2844 ’
1318 2845 1338 2850 τ’·
1359 2841 1382 2856 πο
1408 2838 1526 2859 annali.“
1574 2839 1643 2851 ι”¹·ν’¹
