2060 3153
228 184 281 215 ’167

842 186 986 218 MENSIS
1006 185 1224 218 DECEMBER.

1801 185 1854 217 768

227 246 255 268 et
271 240 316 268 ubi
333 240 373 268 sol
390 240 479 268 oritur
492 247 520 268 et
534 242 646 276 occidit,
661 250 675 270 a
696 251 780 272 manu
800 243 910 272 illorum
920 245 1016 273 omnia

1079 246 1160 281 [ειρδς
1168 245 1335 281 ἐπίμπλατο.
1347 245 1408 272 Εἰσὶ
1418 245 1447 272 δέ
1457 246 1485 272 οῐ
1491 253 1574 279 φασιν
1582 244 1680 276 αὐτοὺς
1693 244 1740 271 καὶ
1755 245 1855 278 νήσους

228 292 293 314 sunt
307 286 422 321 repleta.
441 286 512 314 Sunt
523 292 626 321 autem,
641 291 689 324 qui
710 291 808 319 dicunt
826 299 873 319 eos
890 299 1013 326 quoque,

228 340 291 360 cum
308 336 380 360 totas
399 334 504 361 insulas
519 335 653 363 etnissent
668 337 701 363 ab
715 338 893 372 imperatore,
911 338 1015 373 partim

228 377 338 412 quidem
352 378 397 405 illo
413 379 580 413 dimittente,
597 382 697 416 partim
715 391 780 410 vero
791 384 858 418 ipsis
869 384 1014 417 dantibus,

228 423 297 450 alias
324 424 434 458 quidem
461 426 566 454 sanctis
608 428 676 454 viris
701 429 838 462 donasse,
856 430 924 458 alias
950 438 1016 458 vero

229 477 382 497 exornasse
397 471 490 499 choris
512 473 647 507 virginum
663 479 690 502 et
707 476 906 503 monachorum
927 477 1017 504 multi-

230 515 337 543 tudine.
359 516 483 544 Pretiosa
507 523 598 546 autem
624 521 709 548 vestis
739 526 765 548 et
781 521 954 556 splendidum
971 531 1016 550 ar-

231 566 343 597 gentum
359 569 418 590 erat
433 564 620 593 sacerdotibus
642 566 676 593 ab
693 566 734 595 eis
752 567 907 595 dedicatum
933 577 1016 596 orna-

231 611 366 634 mentum.
385 607 453 635 Cum
469 609 511 636 sic
526 618 586 644 qua:
606 616 686 639 erant
713 613 740 639 in
766 612 854 646 Italia,
869 614 937 641 bene
959 614 1018 642 dis-

232 652 399 686 posuissent,
418 657 446 680 et
472 661 503 680 ex
530 654 707 683 facultatibus
728 658 815 691 pauca
827 657 1017 691 reliquissent,

232 699 397 733 navigarunt
415 700 442 727 in
465 701 588 729 Siciliam
607 710 613 728 :
631 703 732 738 partim
753 704 877 738 quidem,
895 709 924 731 ut
939 712 1019 739 agros

232 745 278 779 qui
298 745 354 773 illic
370 750 449 773 erant
468 747 619 775 venderent
635 758 642 774 :
664 749 763 782 partim
786 753 889 782 autem,
907 754 937 777 ut
954 758 1019 778 san-

232 791 388 819 ctissimum
405 794 564 828 episcopum
583 794 730 822 Paulinum
749 795 881 828 viserent,
899 796 945 830 qui
961 801 1020 824 erat

1068 292 1133 324 ὄλας
1155 294 1231 328 παρὰ
1256 292 1387 328 βασιλέως
1408 291 1615 327 ὠνησομένους,
1632 291 1663 316 τὸ
1687 290 1737 325 μὲν
1752 289 1857 316 ἐκείνου

1069 338 1191 372 ἐφέντος,
1207 339 1238 366 τὸ
1260 339 1353 365 δὲκαὶ
1375 339 1465 366 αὐτῶν
1482 337 1593 369 δόντων,
1618 337 1669 368 τὰς
1693 336 1743 371 μέν
1768 335 1858 370 ἁγίοις

1070 385 1183 421 ἀνδράσι
1200 385 1381 421 χαρίσασθαι,
1406 384 1456 416 τὰς
1477 384 1505 410 δέ
1527 383 1670 418 παρθένων
1695 383 1786 417 χοροῖς
1811 382 1859 408 καὶ

1071 431 1169 466 πλήθει
1184 431 1314 466 κομώσας
1327 431 1449 465 μοναχῶν
1463 428 1660 461 ἐπιδείξασθαι.
1685 428 1718 454 Ἦ
1735 428 1763 454 δέ
1776 427 1859 453 πολυ-

1071 477 1150 511 τελὴς
1170 477 1262 508 αὐτοῖς
1277 476 1360 510 ἐσθὴς
1375 475 1422 502 καὶ
1433 476 1446 502 ὁ
1465 475 1591 510 λαμπρὸς
1609 474 1729 509 ἄργυρος
1741 474 1798 504 τοῖς
1821 473 1858 498 ῖε-

1073 524 1129 558 ροῖς
1151 523 1222 554 ἅπας
1245 522 1384 549 ἀνετίθετο
1401 522 1512 556 κόσμος.
1533 520 1612 547 Οὕτω
1632 519 1703 546 κατὰ
1719 519 1769 554 τὴν
1790 519 1858 545 Ἰτα-

1071 568 1132 595 λίαν
1155 566 1184 594 εὖ
1208 568 1362 602 διαθέμενοι
1379 568 1426 594 καὶ
1441 567 1519 600 ὀλίγα
1535 566 1585 601 τῆς
1603 566 1700 596 οὐσίας
1715 564 1861 591 ὑπολιπόν-

1072 623 1128 647 τες,
1144 615 1189 641 ἐπὶ
1203 614 1327 641 Σικελίαν
1337 613 1474 647 ἐξέπλεον,
1486 612 1564 639 τοῦτο
1579 612 1628 647 μὲν
1640 611 1761 642 καὶτοὺς
1774 610 1860 637 ἐκεῖθι

1072 661 1174 695 ἀγροὺς
1210 660 1367 692 ἀποδόσθαι,
1399 659 1479 686 τοῦτο
1509 658 1538 685 δὲ
1567 657 1613 684 καὶ
1645 657 1684 691 τῷ
1713 656 1861 690 ἁγιωτάτῳ

1073 706 1218 740 ἐπισκὸπῳ
1244 705 1371 740 Παυλίνῳ
1397 705 1426 736 ἐς
1453 704 1515 738 ϐψιν
1538 703 1637 735 ἐλθεῖν,
1661 702 1690 734 ὃς
1706 702 1800 732 αὐτοῖς
1814 701 1862 727 καὶ

1073 752 1144 779 κατὰ
1161 752 1270 787 πνεῦμα
1286 751 1379 787 πατὴρ
1395 750 1538 785 ἐτύγχανε.
1555 749 1667 776 Τούτων
1683 746 1731 774 οὖν
1747 747 1798 781 τῆς
1813 747 1863 773 πό-

1073 798 1142 830 λεως
1154 797 1398 833 ἀναχωρησάντων,
1415 797 1462 823 τὸν
1484 797 1534 831 μὲν
1549 795 1668 829 ἔπαρχον
1689 794 1740 829 τὴν
1758 793 1862 820 τούτων

232 838 273 865 eis
294 844 371 873 pater
394 841 546 867 secundum
565 841 706 875 spiritum.
733 841 801 868 Cum
826 841 845 868 ii
866 845 957 869 autem
973 849 1018 869 re-

1079 844 1161 871 :ixiav
1180 844 1276 870 καὶτὰ
1294 842 1507 878 περιλειφθέντα
1527 841 1581 868 τῶν
1600 840 1764 876 χρημάτων,
1786 839 1863 865 ἐλευ-

232 885 385 912 cessissent
407 893 424 912 ι
444 886 566 920 civitate,
583 887 744 921 praefectum
767 887 890 922 quidem.
908 888 954 922 qui
974 896 1021 915 eo-

232 937 295 956 rum
323 930 435 958 domum
455 935 482 959 et
508 934 583 967 quod
611 937 782 960 remanserat
809 935 944 969 pecuniae,
967 942 1020 962 non

233 976 396 1004 liberalibus
413 977 573 1006 intuebatur
590 980 690 1012 oculis,
707 980 802 1007 divina
828 981 954 1016 quadam
981 982 1022 1009 ira

234 1022 361 1057 protinus
387 1024 577 1058 apprehendit.
591 1024 659 1052 Nam
678 1031 814 1060 prtetextu
837 1028 960 1062 penuria:
977 1036 1024 1062 pa-

234 1067 291 1099 nis,
310 1069 337 1095 in
361 1069 450 1097 medio
476 1069 537 1098 foro
564 1075 701 1099 commota
727 1072 815 1107 plebs,
840 1080 899 1107 quae
916 1077 974 1100 erat
993 1074 1021 1101 in

233 1114 356 1147 civitate,
372 1125 434 1144 eum
454 1117 560 1145 faciunt
577 1119 718 1153 praemium
742 1119 785 1147 sui
811 1119 912 1148 furoris
937 1125 964 1148 et
980 1121 1023 1147 in-

235 1161 319 1188 sania:
336 1181 343 1193 ,
364 1166 391 1190 et
419 1164 548 1191 miserum
572 1165 695 1192 violenta
721 1171 810 1193 morte
843 1167 1022 1194 interimunt.

237 1206 348 1234 Barbari
363 1217 428 1236 vero
444 1215 557 1244 repente
573 1210 646 1238 facta
669 1212 838 1244 incursione,
854 1220 1024 1247 qumonnque

235 1259 314 1280 erant
339 1258 403 1281 ante
421 1255 571 1285 civitatem,
585 1257 703 1290 prmdam
733 1257 873 1292 Mysorum
895 1257 1023 1291 eﬂ’ecere,

235 1298 304 1326 adeo
326 1303 356 1326 ut
382 1300 446 1326 hinc
468 1301 588 1327 evaserit
606 1301 794 1333 manifestum,
812 1303 874 1330 illos
889 1310 942 1329 non
959 1303 1021 1330 sine

239 1344 284 1371 Dei
301 1346 414 1372 numine
437 1353 480 1372 res
495 1354 560 1373 suas
579 1348 604 1372 in
621 1351 680 1374 tuto
696 1349 858 1380 collocasse,
875 1353 900 1376 et
922 1349 949 1376 in
971 1357 1026 1377 co:-

235 1388 350 1416 lestihus
364 1391 468 1417 horreis
484 1392 680 1419 recnndidisse.

272 1435 330 1461 XV.
358 1435 426 1462 Cum
457 1439 547 1462 autem
572 1445 587 1463 a
613 1437 709 1465 Sicilia
726 1442 799 1466 recta
825 1439 852 1465 in
868 1438 983 1474 Libyam
1001 1444 1028 1466 et

1070 890 1159 925 θέροις
1177 890 1228 916 οὐκ
1240 890 1327 916 ίδόντα
1349 890 1406 920 τοῖς
1434 888 1598 922 ὀφθαλμοῐς,
1614 886 1746 921 θεομηνία
1763 895 1806 916 τις
1819 886 1864 912 εὐ-

1070 937 1119 968 θὺς
1130 937 1322 972 κατελάμϐανε
1334 944 1340 951 ·
1353 935 1491 970 προφάσει
1509 934 1564 970 γὰρ
1579 933 1681 965 ἐνδείας
1691 934 1782 968 ἄρτων
1793 933 1864 959 κατὰ

1069 983 1118 1018 τὴν
1138 983 1216 1010 πόλιν
1232 982 1323 1017 πλήθη
1349 983 1378 1008 ἐν
1394 982 1484 1017 ἀγορᾷ.
1514 981 1585 1016 μέσῃ
1609 980 1757 1016 κινηθέντα
1776 977 1864 1014 θυμοῦ

1072 1037 1102 1055 τε
1118 1029 1166 1055 καὶ
1195 1029 1294 1063 μανίας
1322 1026 1407 1054 ἆθλον
1434 1027 1515 1054 αὑτὺν
1541 1026 1667 1058 ποιοῦσι,
1695 1026 1740 1052 καὶ
1769 1025 1865 1060 βιαίως

1075 1074 1217 1109 ἀναιροῦσι
1247 1073 1293 1100 τὸν
1323 1074 1426 1101 ἄθλιον.
1453 1073 1508 1100 Καὶ
1526 1072 1659 1108 βάρϐαροι
1682 1071 1711 1098 δὲ
1735 1071 1865 1106 ἐξαίφνης

1076 1120 1308 1156 καταδραμόντες,
1322 1120 1357 1146 τὰ
1379 1119 1433 1154 πρὸ
1448 1120 1498 1153 τῆς
1517 1119 1621 1150 πόλεως
1643 1118 1750 1145 ἅπαντα
1764 1117 1866 1144 Μυσῶν

1076 1167 1152 1194 λείαν
1166 1167 1339 1202 εἰργάσαντο,
1355 1165 1425 1192 ὥστε
1438 1164 1586 1192 κάντεῦθεν
1597 1165 1676 1199 δῆλον
1691 1164 1817 1198 γενέσθαι
1828 1162 1865 1194 ὡς

1077 1213 1127 1239 οὐκ
1151 1213 1226 1239 ἀθεεὶ
1249 1213 1347 1238 ἐκεῖνοι
1363 1211 1396 1238 τά
1415 1212 1519 1238 ἐαυτῶν
1542 1211 1695 1245 φθάσαντες
1710 1210 1750 1241 εις
1764 1209 1865 1244 χωρίον

1080 1256 1252 1291 μετήνεγκαν
1278 1255 1397 1289 ἄσυλον,
1427 1256 1474 1282 καὶ
1511 1256 1650 1290 οὐρανίαις
1679 1254 1865 1289 ἐθησαυρίσαν

1076 1304 1245 1339 ἀποθήκαις.

1079 1434 1093 1443 ⁸
1113 1432 1163 1461 lE.’
1185 1434 1260 1460 Ἐπεὶ
1276 1434 1303 1460 δέ
1320 1435 1367 1460 καὶ
1391 1435 1444 1460 ἀπὸ
1471 1434 1595 1466 Σικελίας
1610 1434 1674 1461 εὐθὺ
1698 1433 1802 1468 Λιϐύης
1821 1433 1867 1460 καὶ

236 1479 431 1514 Carthaginem
453 1486 548 1508 essent
565 1483 733 1517 navigaturi,
751 1483 862 1518 quidam
878 1485 1026 1513 vehemens

1079 1480 1254 1515 Καρχηδόνος
1270 1480 1345 1506 πλεῖν
1365 1479 1488 1515 ἔμελλον,
1506 1479 1621 1514 σφοδρός
1645 1488 1687 1510 τις
1709 1480 1757 1506 καὶ
1773 1479 1867 1513 ἄγριος

238 1531 266 1554 et
284 1534 374 1553 saevus
392 1531 492 1554 ventus
517 1536 563 1556 eos
580 1530 689 1564 excepit
713 1534 739 1557 et
755 1534 835 1557 vexat
861 1531 953 1557 multis
969 1531 1026 1558 die-

1079 1527 1177 1558 αὐτοὺς
1184 1527 1283 1561 ἄνεμος
1293 1527 1480 1562 ὑπολαμϐάνει
1489 1527 1536 1553 καὶ
1551 1526 1652 1562 συχνὰς
1663 1527 1769 1561 ἡμέρας
1779 1534 1870 1560 παρα-

239 1574 303 1606 bus,
320 1574 387 1601 adeo
408 1579 436 1601 ut
461 1583 530 1610 aqua
557 1576 690 1604 defecerit
717 1577 926 1612 navigantibus;
951 1581 1026 1605 erant

1079 1574 1206 1606 ϐιάζεται
1227 1575 1266 1605 είς
1280 1574 1294 1600 ὃ
1307 1574 1354 1600 καὶ
1369 1574 1398 1600 τὸ
1414 1574 1485 1608 ὕδωρ
1502 1574 1565 1604 τοὺς
1584 1573 1713 1603 πλέοντας
1733 1572 1866 1599 ἐκλιπεῖν.

239 1626 305 1647 vero
329 1620 355 1647 iu
386 1621 447 1648 navi
471 1622 550 1649 multi
568 1628 705 1650 vectores.
720 1623 788 1650 Cum
807 1627 899 1650 autem
916 1624 956 1651 eis
970 1628 1026 1651 tan-

1080 1621 1177 1647 ῐΙολλοὶ
1192 1620 1219 1646 δὲ
1237 1618 1309 1654 ἦσαν
1325 1619 1355 1646 τὸ
1376 1619 1514 1654 πλήρωμα
1529 1628 1580 1653 της
1597 1619 1674 1650 νεώς,
1689 1619 1824 1644 Τοσοῦτον
1839 1618 1867 1644 δέ

238 1669 296 1691 tum
322 1665 478 1693 immineret
502 1668 676 1701 periculum,
702 1667 760 1694 visa
785 1672 827 1694 est
844 1676 939 1695 eorutn
955 1669 1026 1695 uari-

1080 1667 1170 1697 αὐτοῖς
1184 1665 1374 1699 ἐπηρτημένου
1390 1665 1514 1690 κινδύνου
1532 1664 1561 1689 οὐ
1578 1663 1648 1689 κατὰ
1667 1663 1741 1689 θείαν
1756 1663 1869 1698 γνώμην

239 1710 312 1744 gatio
337 1718 390 1737 non
425 1719 486 1738 esse
516 1713 569 1740 Deo
597 1717 686 1748 grata.
710 1713 790 1740 Jubcl
805 1713 900 1746 itaque
915 1713 1030 1746 Melana,

240 1757 270 1780 ut
291 1755 380 1782 velum
403 1762 616 1789 convertentes,
646 1758 722 1784 ﬂanti
746 1763 829 1785 vento
857 1759 1030 1793 obtempera-

241 1805 312 1832 rent,
327 1808 494 1834 quocunque
523 1810 620 1828 navem
643 1803 768 1829 duceret.
789 1803 883 1837 itaque
899 1811 961 1830 cum
987 1812 1030 1831 sc-

241 1846 361 1873 cundum
377 1851 488 1874 ventum
502 1848 530 1875 in
547 1848 629 1882 puppi
653 1849 829 1882 habuissent,
848 1850 987 1884 appellunt
1002 1850 1029 1877 in

243 1893 390 1927 quamdam
413 1893 542 1920 iusu!am.
563 1893 627 1920 [iam
644 1902 709 1921 vero
735 1903 802 1929 gens
825 1895 949 1929 quzedam
967 1896 1030 1922 bar-

242 1937 321 1968 bara,
338 1943 363 1964 et
387 1946 447 1972 qua:
475 1939 565 1972 prmda
591 1943 617 1966 et
635 1945 712 1973 rapto
732 1941 850 1972 vivebat,
869 1941 949 1974 paulo
967 1945 1031 1968 autc

241 1981 331 2010 fuerat
349 1985 488 2018 populata.
520 1985 586 2011 (lum
607 1985 683 2011 multi
708 1990 797 2012 autem
819 1986 895 2013 illinc
918 1987 1030 2014 abducti

241 2034 333 2056 essent
349 2030 449 2063 captivi
477 2030 527 2056 viri
551 2036 578 2057 et
604 2031 735 2059 mulieres
760 2036 788 2059 et
816 2033 914 2067 pueri,
936 2033 1033 2059 insulae

243 2075 343 2102 incolis
359 2075 553 2110 signiﬁcabant
567 2076 691 2110 Barbari,
706 2079 727 2105 si
748 2086 796 2112 pro
813 2079 852 2106 eis
866 2079 1034 2106 redimendis

242 2126 374 2155 quantum
395 2122 463 2149 satis
481 2127 555 2149 esset
577 2123 638 2149 auri
653 2124 834 2158 accepissent,
856 2125 931 2159 ipsos
947 2125 1034 2157 capti-

1080 1711 1167 1743 ἔδοξεν
1179 1711 1192 1736 ὁ
1209 1711 1293 1740 πλοῦς
1318 1709 1494 1744 γεγενῆσθαι.
1514 1708 1628 1735 Κελεύει
1641 1708 1707 1742 γοῦν
1727 1709 1743 1742 ἡ
1757 1708 1869 1742 Μελάνη

1082 1758 1300 1791 ἐπιστρέψαντας
1313 1757 1361 1792 τὴν
1374 1756 1480 1790 ὀθόνην,
1497 1755 1536 1790 τῷ
1550 1756 1659 1790 φέροντι
1674 1755 1766 1790 ἀνέμῳ
1783 1763 1870 1781 κατα-

1083 1802 1188 1833 πειθεῖς
1204 1802 1328 1836 γίνεσθαι
1351 1803 1412 1828 ὅποι
1440 1802 1473 1828 ἂν
1499 1802 1554 1836 ἄγῃ
1580 1801 1630 1835 τὴν
1657 1800 1734 1827 ναῦν.
1756 1802 1810 1827 Καὶ
1838 1801 1870 1835 δὴ

1082 1848 1210 1879 λαϐόντες
1229 1848 1300 1874 κατὰ
1316 1847 1444 1882 πρύμναν
1460 1849 1489 1873 τὺ
1507 1848 1626 1882 πνεῦμα,
1640 1847 1678 1878 είς
1695 1855 1756 1873 τινα
1771 1846 1869 1873 καταί-

1085 1901 1176 1928 ρουσιν
1195 1895 1286 1928 νῆσον.
1302 1893 1357 1928 Τὴν
1380 1893 1407 1920 δὲ
1430 1893 1580 1928 ἐτύγχανεν
1603 1893 1667 1927 ἄρτι
1688 1893 1826 1928 βάρϐαρόν
1843 1902 1870 1919 τι

1084 1941 1130 1966 καὶ
1154 1939 1299 1974 λῃστρικὸν
1323 1939 1410 1970 ἔθνος,
1434 1939 1593 1970 ἐπελθόντες
1622 1940 1668 1966 καὶ
1699 1939 1870 1974 ληϊσάμενοι.

1084 1984 1193 2011 Πολλῶν
1207 1985 1235 2011 ὁέ
1255 1984 1439 2019 αἰχμαλώτων
1454 1985 1560 2010 ἐκεῖθεν
1574 1984 1745 2018 ληφθέντων,
1767 1985 1872 2019 ἀνδρῶν

1084 2030 1141 2064 ἅμα
1157 2030 1204 2057 καὶ
1219 2030 1368 2063 γυναικῶν,
1395 2030 1463 2063 πρὸς
1478 2030 1507 2056 δέ
1535 2030 1581 2057 καὶ
1609 2030 1735 2062 παιδίων,
1762 2031 1872 2064 ἐδήλουν

1087 2077 1143 2107 τοῖς
1160 2076 1306 2110 νησιώταις
1321 2076 1347 2102 οἱ
1368 2075 1500 2111 βάρϐαροι
1514 2075 1598 2111 λύτρα
1617 2076 1666 2111 μέν
1683 2077 1794 2111 χρυσίον
1811 2077 1871 2103 ίκα.

1087 2123 1131 2148 νὺν
1147 2122 1275 2154 λαϐόντες
1295 2122 1394 2153 αὐτούς
1417 2130 1446 2148 τε
1469 2122 1531 2153 τοὺς
1555 2122 1746 2157 αἰχμαλώτους
1773 2123 1872 2149 ἀποδό-

243 2174 292 2193 vos
315 2174 378 2194 esse
405 2168 573 2200 reddituros.
597 2169 694 2197 insulze
713 2175 803 2197 autem
823 2178 964 2205 parsuros.
982 2171 1026 2197 Sin

1085 2167 1158 2201 σθαι⁷
1176 2167 1320 2202 φείσασθαι
1341 2168 1368 2194 δὲ
1397 2168 1446 2194 καὶ
1465 2168 1515 2202 τῆς
1541 2169 1642 2203 νήσου·
1668 2169 1691 2194 εἰ
1708 2168 1737 2194 δὲ
1764 2168 1801 2203 μὴ
1824 2168 1872 2195 λά-

242 2220 309 2240 vero
324 2220 379 2240 non
399 2214 588 2248 accepissent,
610 2222 640 2242 se
655 2215 773 2242 insulam
790 2215 902 2250 quidem
918 2222 1031 2243 exustu-

243 2267 300 2291 ros.
317 2259 433 2294 captivis
455 2265 544 2287 autem
562 2261 653 2294 gladio
678 2266 794 2288 mortem
819 2261 960 2288 illaturos.
985 2262 1034 2287 At-

244 2313 297 2340 que
314 2305 409 2332 iusulaa
432 2306 543 2340 quidem
565 2306 671 2334 incolas
691 2314 722 2334 ea
744 2315 805 2341 quze
833 2307 1035 2342 significaban-

245 2357 299 2383 tur,
314 2351 415 2379 dubios
430 2352 581 2380 reddebant
603 2357 631 2379 et
650 2354 807 2387 perplexas.

279 2397 351 2425 XVI.
368 2398 434 2426 Cum
452 2399 527 2432 ipsos
555 2403 646 2426 autent
673 2399 765 2434 justos
782 2400 936 2426 secessisse
950 2399 1032 2426 intel-

244 2444 358 2472 lexisset
373 2445 533 2479 cpiscopus,
548 2446 599 2472 hoc
624 2446 651 2472 in
670 2446 745 2472 lucro
764 2447 855 2480 posuit
872 2455 879 2473 :
897 2449 924 2472 et
939 2445 971 2471 ad
986 2452 1035 2472 eos

244 2492 369 2524 veniens,
395 2493 469 2526 ipsos
503 2491 614 2523 oravit,
642 2496 669 2518 et
694 2492 756 2526 plus
780 2492 895 2526 adeptus
913 2491 1036 2526 pecuniae

246 2546 328 2573 quam
349 2539 469 2572 petebat,
488 2542 516 2564 et
531 2537 649 2572 praadam
669 2537 827 2565 universam
853 2537 991 2571 liberavit,
1008 2542 1035 2566 et

244 2583 364 2612 insulam
392 2583 496 2618 eripuit
512 2590 526 2609 a
544 2583 679 2617 periculo.
696 2583 802 2611 Melana
819 2591 885 2612 vero
901 2592 963 2612 cum
976 2585 1034 2613 suis

246 2637 276 2658 se
292 2631 455 2658 clementius
477 2633 504 2658 et
532 2630 677 2664 benignius
697 2635 824 2665 gerentes
845 2631 872 2657 in
897 2631 1033 2665 captivos,

244 2680 286 2708 eis
306 2680 440 2708 dederunt
455 2680 538 2707 etiam
554 2679 723 2714 quingentos
741 2686 852 2710 aureos,
874 2687 1029 2714 panemque

246 2726 424 2760 praebuerunt
438 2731 465 2753 et
479 2732 592 2759 caztera,
607 2727 709 2761 quibus
726 2733 795 2761 opus
813 2726 963 2759 habebant,
981 2727 1033 2754 hoc

246 2777 370 2807 agentes,
396 2777 426 2800 ut
447 2773 583 2800 donorum
599 2773 787 2809 magnitudine
802 2773 1033 2801 obliviscerentur

247 2823 409 2851 magnarum
440 2819 642 2847 calamitatum.
679 2818 814 2854 Deinceps
845 2823 936 2846 autent
970 2827 1034 2846 cum

249 2863 352 2890 bonum
372 2869 483 2891 ventum
501 2865 636 2897 assecuti,
652 2864 845 2893 sulvissentab
862 2865 960 2898 insula,
985 2872 1034 2891 ua-

251 2909 379 2945 vigarunt
407 2909 476 2938 cilra
505 2910 588 2938 ullam
606 2910 772 2946 molestiam,
792 2911 974 2947 placidusque
989 2919 1036 2939 eos

1084 2213 1167 2246 ϐοιεν,
1195 2213 1244 2248 τὴν
1270 2213 1319 2248 μὲν
1340 2212 1376 2248 τῷ
1402 2213 1483 2248 πυρὶ,
1510 2213 1574 2244 τοὺς
1599 2213 1627 2240 δέ
1651 2213 1819 2248 παραδοῦναι
1834 2213 1873 2247 τῷ

1085 2259 1167 2293 ξίφει.
1184 2259 1247 2291 Τοῖς
1265 2259 1314 2294 μὲν
1342 2258 1388 2285 οὖν
1414 2260 1564 2295 νησιώταις
1594 2259 1687 2295 ἄπορα
1714 2260 1749 2286 τὰ
1777 2259 1874 2294 δηλού-

1085 2314 1152 2340 μενα
1164 2303 1209 2340 ἦν.

1120 2397 1179 2430 ις’.
1195 2396 1298 2428 Αὐτοὺς
1321 2396 1350 2422 δέ
1364 2396 1428 2427 τοὺς
1453 2395 1577 2427 δικαίους
1603 2396 1701 2430 μαθὼν
1723 2397 1844 2432 ἣκοντας
1860 2397 1874 2423 ὸ

1088 2442 1237 2474 ἐπίσκοπος
1255 2442 1372 2478 ἕρμαιον
1397 2442 1495 2473 αὐτοὺς
1511 2443 1642 2473 ἐποιεῖτο,
1660 2443 1708 2469 καὶ
1732 2443 1875 2470 κατελθὼν

1092 2489 1215 2516 ίκέτευσέ
1236 2497 1266 2514 τε
1284 2488 1331 2514 καὶ
1352 2488 1553 2522 ἀφθονωτέρων
1576 2485 1613 2515 ὧν
1632 2488 1694 2524 ᾔτει
1722 2489 1875 2524 χρημάτων

1088 2535 1226 2570 ἐπιτυχὼν
1241 2535 1292 2570 τήν
1310 2544 1340 2561 τε
1357 2534 1433 2560 λείαν
1455 2535 1629 2569 ἠλευθέρωσε
1652 2536 1743 2561 πᾶσαν
1758 2535 1805 2561 καὶ
1828 2534 1875 2562 τοῦ

1088 2583 1214 2610 κινδύνου
1231 2582 1280 2617 τὴν
1294 2583 1377 2614 νῆσον
1392 2581 1540 2617 ἐρρύσατο.
1558 2581 1591 2609 Οί
1606 2581 1633 2608 δὲ
1646 2581 1711 2617 περὶ
1723 2583 1773 2616 τὴν
1784 2581 1875 2608 Μελά-

1088 2638 1148 2664 νην,
1168 2629 1425 2664 φιλανθρωπότερον
1443 2628 1509 2663 περὶ
1523 2629 1588 2660 τοὺς
1611 2627 1804 2662 αἰχμαλώτους
1818 2627 1875 2653 δια-

1085 2676 1212 2706 τεθέντες
1227 2677 1275 2702 καὶ
1292 2675 1394 2710 χρυσὸν
1409 2675 1502 2706 αὐτοῖς
1516 2674 1703 2709 ἐμπαρέσχον,
1716 2674 1876 2708 νομίσματα

1086 2722 1265 2752 πεντακόσια.
1281 2722 1383 2756 ἄρτους
1397 2730 1427 2747 τε
1439 2721 1488 2747 καὶ
1501 2721 1554 2746 τῶν
1571 2720 1674 2747 λοιπῶν
1689 2718 1727 2746 ὧν
1738 2720 1892 2754 ἐπήγοντο.

1087 2768 1125 2804 τῷ
1151 2768 1262 2802 μεγέθει
1278 2768 1334 2794 τῶν
1355 2768 1466 2803 δωρεῶν
1482 2766 1666 2794 ἐπιλαθέσθαι
1690 2766 1806 2798 τούτους
1821 2766 1877 2794 τῶν

1090 2816 1217 2850 μεγάλων
1233 2815 1382 2850 συμφορῶν
1400 2814 1608 2850 μηχανώμενοι.
1621 2813 1659 2840 Τὺ
1676 2813 1704 2840 δέ
1718 2813 1782 2848 ἐξῆς
1794 2814 1878 2840 πνεύ-

1092 2869 1177 2897 ματος
1194 2860 1306 2896 μετρίου
1331 2860 1461 2895 τυχόντες
1484 2860 1531 2886 τοῦ
1555 2859 1680 2895 νησιδίου
1707 2859 1876 2894 ἀπάραντες,

1091 2907 1204 2940 ἀλύπως
1220 2906 1260 2934 ἐτι
1275 2907 1322 2935 τὸν
1334 2906 1419 2934 πλοῦν
1440 2905 1584 2934 ἐποιοῦντο
1597 2914 1604 2922 ·
1624 2906 1671 2934 καὶ
1689 2905 1812 2937 μάλσιιος
1829 2907 1878 2933 αὑ-
