  <div class='ocr_page' id='page_1' title='image "/cluster/home/n/w/nwhite01/storage/ocr_20150623/116/njp.32101077772984/484.png"; bbox 0 0 2060 3153; ppageno 0'>
   <div class='ocr_carea' id='block_1_1' title="bbox 228 184 283 216">
    <p class='ocr_par' dir='ltr' id='par_1_1' title="bbox 228 184 283 216">
     <span class='ocr_line' id='line_1_1' title="bbox 228 184 283 216; baseline -0.018 0"><span class='ocrx_word' id='word_1_1' title='bbox 228 184 283 216; x_wconf 73' lang='grc' dir='ltr'>πο</span> 
     </span>
    </p>
   </div>
   <div class='ocr_carea' id='block_1_2' title="bbox 862 184 1202 216">
    <p class='ocr_par' dir='ltr' id='par_1_2' title="bbox 862 184 1202 216">
     <span class='ocr_line' id='line_1_2' title="bbox 862 184 1202 216; baseline 0.009 -3"><span class='ocrx_word' id='word_1_2' title='bbox 862 184 952 214; x_wconf 78' lang='lat' dir='ltr'><strong>VITA</strong></span> <span class='ocrx_word' id='word_1_3' title='bbox 972 184 1002 214; x_wconf 91' lang='lat' dir='ltr'><strong>S.</strong></span> <span class='ocrx_word' id='word_1_4' title='bbox 1024 184 1202 216; x_wconf 65' lang='lat' dir='ltr'><strong>MELANE.</strong></span> 
     </span>
    </p>
   </div>
   <div class='ocr_carea' id='block_1_3' title="bbox 1802 187 1857 219">
    <p class='ocr_par' dir='ltr' id='par_1_3' title="bbox 1802 187 1857 219">
     <span class='ocr_line' id='line_1_3' title="bbox 1802 187 1857 219; baseline -0.018 0"><span class='ocrx_word' id='word_1_5' title='bbox 1802 187 1857 219; x_wconf 82' lang='grc' dir='ltr'><strong>’Πο</strong></span> 
     </span>
    </p>
   </div>
   <div class='ocr_carea' id='block_1_4' title="bbox 222 236 1011 277">
    <p class='ocr_par' dir='ltr' id='par_1_4' title="bbox 222 236 1011 275">
     <span class='ocr_line' id='line_1_4' title="bbox 222 236 1011 275; baseline 0 -8"><span class='ocrx_word' id='word_1_6' title='bbox 222 240 286 271; x_wconf 72' lang='grc' dir='ltr'>τοὺς</span> <span class='ocrx_word' id='word_1_7' title='bbox 308 238 422 266; x_wconf 68' lang='grc' dir='ltr'>δπισηεν</span> <span class='ocrx_word' id='word_1_8' title='bbox 448 236 563 265; x_wconf 71' lang='grc' dir='ltr'>ἑπωθῶν</span> <span class='ocrx_word' id='word_1_9' title='bbox 577 237 677 274; x_wconf 72' lang='grc' dir='ltr'>ἄνεμος</span> <span class='ocrx_word' id='word_1_10' title='bbox 700 237 745 265; x_wconf 80' lang='grc' dir='ltr'><strong>διὰ</strong></span> <span class='ocrx_word' id='word_1_11' title='bbox 758 238 865 273; x_wconf 77' lang='grc' dir='ltr'>ταχέων</span> <span class='ocrx_word' id='word_1_12' title='bbox 882 241 916 274; x_wconf 81' lang='grc' dir='ltr'>τῇ</span> <span class='ocrx_word' id='word_1_13' title='bbox 941 240 1011 275; x_wconf 75' lang='lat' dir='ltr'><strong>Rap-</strong></span> 
     </span>
    </p>
   </div>
   <div class='ocr_carea' id='block_1_5' title="bbox 1065 236 1858 277">
    <p class='ocr_par' dir='ltr' id='par_1_5' title="bbox 1069 239 1858 277">
     <span class='ocr_line' id='line_1_5' title="bbox 1069 239 1858 277; baseline 0.004 -9"><span class='ocrx_word' id='word_1_14' title='bbox 1069 248 1084 268; x_wconf 87' lang='lat' dir='ltr'><strong>a</strong></span> <span class='ocrx_word' id='word_1_15' title='bbox 1111 245 1188 277; x_wconf 74' lang='lat' dir='ltr'><strong>tergo</strong></span> <span class='ocrx_word' id='word_1_16' title='bbox 1204 239 1349 276; x_wconf 86' lang='lat' dir='ltr'><strong>impellens</strong></span> <span class='ocrx_word' id='word_1_17' title='bbox 1371 246 1479 274; x_wconf 77' lang='lat' dir='ltr'><strong>ventus,</strong></span> <span class='ocrx_word' id='word_1_18' title='bbox 1497 241 1553 269; x_wconf 90' lang='lat' dir='ltr'><strong>cito</strong></span> <span class='ocrx_word' id='word_1_19' title='bbox 1569 242 1723 270; x_wconf 83' lang='lat' dir='ltr'><strong>transmisit</strong></span> <span class='ocrx_word' id='word_1_20' title='bbox 1741 243 1858 272; x_wconf 78' lang='lat' dir='ltr'><strong>Cartha-</strong></span> 
     </span>
    </p>
   </div>
   <div class='ocr_carea' id='block_1_6' title="bbox 222 284 1013 321">
    <p class='ocr_par' dir='ltr' id='par_1_6' title="bbox 222 284 1013 321">
     <span class='ocr_line' id='line_1_6' title="bbox 222 284 1013 321; baseline 0 -9"><span class='ocrx_word' id='word_1_21' title='bbox 222 285 314 321; x_wconf 79' lang='grc' dir='ltr'>χηδόνι</span> <span class='ocrx_word' id='word_1_22' title='bbox 330 285 449 312; x_wconf 81' lang='grc' dir='ltr'>δίδωσιν.</span> <span class='ocrx_word' id='word_1_23' title='bbox 473 284 641 316; x_wconf 74' lang='grc' dir='ltr'>’Δποὸάντες</span> <span class='ocrx_word' id='word_1_24' title='bbox 663 284 692 311; x_wconf 64' lang='grc' dir='ltr'><strong>δὲ</strong></span> <span class='ocrx_word' id='word_1_25' title='bbox 706 284 757 319; x_wconf 82' lang='grc' dir='ltr'>τῆς</span> <span class='ocrx_word' id='word_1_26' title='bbox 780 285 844 321; x_wconf 68' lang='grc' dir='ltr'>νηὸς</span> <span class='ocrx_word' id='word_1_27' title='bbox 865 286 914 320; x_wconf 84' lang='grc' dir='ltr'>τῆς</span> <span class='ocrx_word' id='word_1_28' title='bbox 931 286 1013 321; x_wconf 79' lang='grc' dir='ltr'>φίλης</span> 
     </span>
    </p>
   </div>
   <div class='ocr_carea' id='block_1_7' title="bbox 222 330 1013 366">
    <p class='ocr_par' dir='ltr' id='par_1_7' title="bbox 222 330 1013 366">
     <span class='ocr_line' id='line_1_7' title="bbox 222 330 1013 366; baseline 0 -8"><span class='ocrx_word' id='word_1_29' title='bbox 222 332 328 366; x_wconf 73' lang='grc' dir='ltr'>εἴχοντο</span> <span class='ocrx_word' id='word_1_30' title='bbox 356 330 490 366; x_wconf 75' lang='grc' dir='ltr'>ἐργασίας</span> <span class='ocrx_word' id='word_1_31' title='bbox 516 331 649 366; x_wconf 86' lang='grc' dir='ltr'>χρήματα</span> <span class='ocrx_word' id='word_1_32' title='bbox 677 332 726 357; x_wconf 76' lang='grc' dir='ltr'>καὶ</span> <span class='ocrx_word' id='word_1_33' title='bbox 751 331 855 366; x_wconf 80' lang='grc' dir='ltr'>ἀγροὺς</span> <span class='ocrx_word' id='word_1_34' title='bbox 878 332 942 363; x_wconf 74' lang='grc' dir='ltr'>τοὺς</span> <span class='ocrx_word' id='word_1_35' title='bbox 964 332 1013 366; x_wconf 76' lang='grc' dir='ltr'>μὲν</span> 
     </span>
    </p>
   </div>
   <div class='ocr_carea' id='block_1_8' title="bbox 223 377 1013 414">
    <p class='ocr_par' dir='ltr' id='par_1_8' title="bbox 223 377 1013 414">
     <span class='ocr_line' id='line_1_8' title="bbox 223 377 1013 414; baseline 0.001 -11"><span class='ocrx_word' id='word_1_36' title='bbox 223 378 308 414; x_wconf 69' lang='grc' dir='ltr'>ἱεροῖς</span> <span class='ocrx_word' id='word_1_37' title='bbox 333 377 510 407; x_wconf 79' lang='grc' dir='ltr'><strong>ἀνατιθέντες</strong></span> <span class='ocrx_word' id='word_1_38' title='bbox 537 378 632 409; x_wconf 83' lang='grc' dir='ltr'>ναοῖς;</span> <span class='ocrx_word' id='word_1_39' title='bbox 654 378 717 409; x_wconf 72' lang='grc' dir='ltr'>τοὺς</span> <span class='ocrx_word' id='word_1_40' title='bbox 741 377 770 404; x_wconf 78' lang='grc' dir='ltr'><strong>δὲ</strong></span> <span class='ocrx_word' id='word_1_41' title='bbox 792 378 1013 413; x_wconf 79' lang='grc' dir='ltr'>φροντιστηρίοις</span> 
     </span>
    </p>
   </div>
   <div class='ocr_carea' id='block_1_9' title="bbox 222 423 1012 458">
    <p class='ocr_par' dir='ltr' id='par_1_9' title="bbox 222 423 1012 458">
     <span class='ocr_line' id='line_1_9' title="bbox 222 423 1012 458; baseline 0 -7"><span class='ocrx_word' id='word_1_42' title='bbox 222 424 413 458; x_wconf 77' lang='grc' dir='ltr'><strong>ἀφιεροῦντες,</strong></span> <span class='ocrx_word' id='word_1_43' title='bbox 430 423 465 450; x_wconf 80' lang='grc' dir='ltr'><strong>τὰ</strong></span> <span class='ocrx_word' id='word_1_44' title='bbox 484 424 511 450; x_wconf 73' lang='grc' dir='ltr'><strong>δὲ</strong></span> <span class='ocrx_word' id='word_1_45' title='bbox 539 424 586 450; x_wconf 77' lang='grc' dir='ltr'>καὶ</span> <span class='ocrx_word' id='word_1_46' title='bbox 605 424 783 455; x_wconf 77' lang='grc' dir='ltr'>ἐκκενοῦντες</span> <span class='ocrx_word' id='word_1_47' title='bbox 806 426 862 456; x_wconf 78' lang='grc' dir='ltr'>τοῖς</span> <span class='ocrx_word' id='word_1_48' title='bbox 887 425 1012 458; x_wconf 83' lang='grc' dir='ltr'>πένησιν.</span> 
     </span>
    </p>
   </div>
   <div class='ocr_carea' id='block_1_10' title="bbox 223 469 1013 504">
    <p class='ocr_par' dir='ltr' id='par_1_10' title="bbox 223 469 1013 504">
     <span class='ocr_line' id='line_1_10' title="bbox 223 469 1013 504; baseline 0.001 -8"><span class='ocrx_word' id='word_1_49' title='bbox 223 469 303 497; x_wconf 72' lang='grc' dir='ltr'>οὕτω</span> <span class='ocrx_word' id='word_1_50' title='bbox 317 470 363 496; x_wconf 68' lang='grc' dir='ltr'><strong>τὸν</strong></span> <span class='ocrx_word' id='word_1_51' title='bbox 381 470 499 496; x_wconf 78' lang='grc' dir='ltr'>πλοῦτον</span> <span class='ocrx_word' id='word_1_52' title='bbox 526 471 781 504; x_wconf 77' lang='grc' dir='ltr'><strong>ἀποσκευαζόμενοι</strong></span> <span class='ocrx_word' id='word_1_53' title='bbox 797 471 897 501; x_wconf 82' lang='grc' dir='ltr'>πάντα,</span> <span class='ocrx_word' id='word_1_54' title='bbox 914 471 1013 504; x_wconf 63' lang='grc' dir='ltr'>κοῦφοί</span> 
     </span>
    </p>
   </div>
   <div class='ocr_carea' id='block_1_11' title="bbox 222 516 1011 552">
    <p class='ocr_par' dir='ltr' id='par_1_11' title="bbox 222 516 1011 552">
     <span class='ocr_line' id='line_1_11' title="bbox 222 516 1011 552; baseline 0 -10"><span class='ocrx_word' id='word_1_55' title='bbox 222 524 252 542; x_wconf 76' lang='grc' dir='ltr'><strong>τι</strong></span> <span class='ocrx_word' id='word_1_56' title='bbox 268 516 316 542; x_wconf 69' lang='grc' dir='ltr'>καὶ</span> <span class='ocrx_word' id='word_1_57' title='bbox 334 516 478 547; x_wconf 77' lang='grc' dir='ltr'><strong>εὐσταλεῖς</strong></span> <span class='ocrx_word' id='word_1_58' title='bbox 497 516 544 542; x_wconf 72' lang='grc' dir='ltr'><strong>ἐπὶ</strong></span> <span class='ocrx_word' id='word_1_59' title='bbox 562 517 608 542; x_wconf 83' lang='grc' dir='ltr'>τὸν</span> <span class='ocrx_word' id='word_1_60' title='bbox 626 517 714 551; x_wconf 75' lang='grc' dir='ltr'>ἀληθῆ</span> <span class='ocrx_word' id='word_1_61' title='bbox 731 517 868 552; x_wconf 73' lang='grc' dir='ltr'><strong>μετῄεσαν</strong></span> <span class='ocrx_word' id='word_1_62' title='bbox 885 517 1011 550; x_wconf 73' lang='grc' dir='ltr'>πλοῦτον,</span> 
     </span>
    </p>
   </div>
   <div class='ocr_carea' id='block_1_12' title="bbox 223 563 1012 599">
    <p class='ocr_par' dir='ltr' id='par_1_12' title="bbox 223 563 1012 599">
     <span class='ocr_line' id='line_1_12' title="bbox 223 563 1012 599; baseline 0.001 -10"><span class='ocrx_word' id='word_1_63' title='bbox 223 563 251 594; x_wconf 77' lang='grc' dir='ltr'>ὃς</span> <span class='ocrx_word' id='word_1_64' title='bbox 274 563 321 589; x_wconf 75' lang='grc' dir='ltr'><strong>τοῦ</strong></span> <span class='ocrx_word' id='word_1_65' title='bbox 348 563 434 597; x_wconf 77' lang='grc' dir='ltr'>μηδὲν</span> <span class='ocrx_word' id='word_1_66' title='bbox 450 563 525 598; x_wconf 77' lang='grc' dir='ltr'>ἔχειν</span> <span class='ocrx_word' id='word_1_67' title='bbox 539 563 651 590; x_wconf 81' lang='grc' dir='ltr'><strong>ὠνεῖται</strong></span> <span class='ocrx_word' id='word_1_68' title='bbox 666 565 722 595; x_wconf 85' lang='grc' dir='ltr'>τοῖς</span> <span class='ocrx_word' id='word_1_69' title='bbox 739 563 859 595; x_wconf 75' lang='grc' dir='ltr'>εὐσεϐῶς</span> <span class='ocrx_word' id='word_1_70' title='bbox 880 563 1012 599; x_wconf 83' lang='grc' dir='ltr'>θησαυρί-</span> 
     </span>
    </p>
   </div>
   <div class='ocr_carea' id='block_1_13' title="bbox 211 594 1014 649">
    <p class='ocr_par' dir='ltr' id='par_1_13' title="bbox 211 594 1014 649">
     <span class='ocr_line' id='line_1_13' title="bbox 211 594 1014 649; baseline 0.002 -13"><span class='ocrx_word' id='word_1_71' title='bbox 211 594 327 649; x_wconf 56' lang='grc' dir='ltr'>ξζουσιν.</span> <span class='ocrx_word' id='word_1_72' title='bbox 348 594 387 636; x_wconf 63' lang='lat' dir='ltr'><strong>&quot;li</strong></span> <span class='ocrx_word' id='word_1_73' title='bbox 410 611 439 636; x_wconf 82' lang='grc' dir='ltr'><strong>δὲ</strong></span> <span class='ocrx_word' id='word_1_74' title='bbox 462 594 540 641; x_wconf 42' lang='lat' dir='ltr'><strong>iam;</strong></span> <span class='ocrx_word' id='word_1_75' title='bbox 555 607 614 648; x_wconf 82' lang='grc' dir='ltr'>ὲνῇ</span> <span class='ocrx_word' id='word_1_76' title='bbox 637 611 686 642; x_wconf 84' lang='grc' dir='ltr'><strong>τὰς</strong></span> <span class='ocrx_word' id='word_1_77' title='bbox 702 594 853 645; x_wconf 63' lang='grc' dir='ltr'>διατριϐὰς</span> <span class='ocrx_word' id='word_1_78' title='bbox 871 594 1014 638; x_wconf 72' lang='grc' dir='ltr'>ἐποιοῦντο</span> 
     </span>
    </p>
   </div>
   <div class='ocr_carea' id='block_1_14' title="bbox 222 654 1013 693">
    <p class='ocr_par' dir='ltr' id='par_1_14' title="bbox 222 654 1013 693">
     <span class='ocr_line' id='line_1_14' title="bbox 222 654 1013 693; baseline 0.004 -12"><span class='ocrx_word' id='word_1_79' title='bbox 222 655 353 690; x_wconf 80' lang='grc' dir='ltr'>Θαγαστὴ</span> <span class='ocrx_word' id='word_1_80' title='bbox 370 656 506 688; x_wconf 74' lang='grc' dir='ltr'>ἐκαλεῖτο,</span> <span class='ocrx_word' id='word_1_81' title='bbox 523 658 552 683; x_wconf 80' lang='grc' dir='ltr'>ὲν</span> <span class='ocrx_word' id='word_1_82' title='bbox 569 654 586 693; x_wconf 81' lang='grc' dir='ltr'>ᾖ</span> <span class='ocrx_word' id='word_1_83' title='bbox 600 657 647 683; x_wconf 68' lang='grc' dir='ltr'>καὶ</span> <span class='ocrx_word' id='word_1_84' title='bbox 663 657 753 691; x_wconf 82' lang='grc' dir='ltr'>ίερεὺς</span> <span class='ocrx_word' id='word_1_85' title='bbox 767 657 858 691; x_wconf 83' lang='grc' dir='ltr'>λέγειν</span> <span class='ocrx_word' id='word_1_86' title='bbox 870 657 950 689; x_wconf 85' lang='grc' dir='ltr'>είδὼς</span> <span class='ocrx_word' id='word_1_87' title='bbox 964 658 1013 684; x_wconf 75' lang='grc' dir='ltr'><strong>καὶ</strong></span> 
     </span>
    </p>
   </div>
   <div class='ocr_carea' id='block_1_15' title="bbox 222 702 1011 739">
    <p class='ocr_par' dir='ltr' id='par_1_15' title="bbox 222 702 1011 739">
     <span class='ocr_line' id='line_1_15' title="bbox 222 702 1011 739; baseline 0.004 -12"><span class='ocrx_word' id='word_1_88' title='bbox 222 702 338 734; x_wconf 74' lang='grc' dir='ltr'>πολλοὺς</span> <span class='ocrx_word' id='word_1_89' title='bbox 354 702 392 736; x_wconf 83' lang='grc' dir='ltr'>τῷ</span> <span class='ocrx_word' id='word_1_90' title='bbox 405 703 477 738; x_wconf 85' lang='grc' dir='ltr'>λόγῳ</span> <span class='ocrx_word' id='word_1_91' title='bbox 491 703 559 738; x_wconf 66' lang='grc' dir='ltr'>πρὸς</span> <span class='ocrx_word' id='word_1_92' title='bbox 574 703 712 739; x_wconf 81' lang='grc' dir='ltr'><strong>σωτηρίαν</strong></span> <span class='ocrx_word' id='word_1_93' title='bbox 727 703 836 737; x_wconf 77' lang='grc' dir='ltr'><strong>ἐνάγειν</strong></span> <span class='ocrx_word' id='word_1_94' title='bbox 848 704 1011 738; x_wconf 68' lang='grc' dir='ltr'>δυνάμενοςθ</span> 
     </span>
    </p>
   </div>
   <div class='ocr_carea' id='block_1_16' title="bbox 222 746 1014 785">
    <p class='ocr_par' dir='ltr' id='par_1_16' title="bbox 222 746 1014 785">
     <span class='ocr_line' id='line_1_16' title="bbox 222 746 1014 785; baseline 0.003 -11"><span class='ocrx_word' id='word_1_95' title='bbox 222 747 308 782; x_wconf 67' lang='grc' dir='ltr'>ὄνομα</span> <span class='ocrx_word' id='word_1_96' title='bbox 325 749 416 784; x_wconf 83' lang='grc' dir='ltr'>τούτῳ</span> <span class='ocrx_word' id='word_1_97' title='bbox 437 749 576 780; x_wconf 83' lang='grc' dir='ltr'>’Δλύπιος·</span> <span class='ocrx_word' id='word_1_98' title='bbox 595 746 617 783; x_wconf 82' lang='grc' dir='ltr'>ᾧ</span> <span class='ocrx_word' id='word_1_99' title='bbox 634 750 666 784; x_wconf 76' lang='grc' dir='ltr'><strong>δὴ</strong></span> <span class='ocrx_word' id='word_1_100' title='bbox 692 750 740 776; x_wconf 76' lang='grc' dir='ltr'><strong>καὶ</strong></span> <span class='ocrx_word' id='word_1_101' title='bbox 762 750 890 780; x_wconf 77' lang='grc' dir='ltr'><strong>συνόντες</strong></span> <span class='ocrx_word' id='word_1_102' title='bbox 903 751 937 776; x_wconf 80' lang='grc' dir='ltr'>τὰ</span> <span class='ocrx_word' id='word_1_103' title='bbox 953 751 1014 785; x_wconf 74' lang='grc' dir='ltr'>ἱερὰ</span> 
     </span>
    </p>
   </div>
   <div class='ocr_carea' id='block_1_17' title="bbox 223 794 1013 831">
    <p class='ocr_par' dir='ltr' id='par_1_17' title="bbox 223 794 1013 831">
     <span class='ocr_line' id='line_1_17' title="bbox 223 794 1013 831; baseline 0.005 -12"><span class='ocrx_word' id='word_1_104' title='bbox 223 794 362 828; x_wconf 76' lang='grc' dir='ltr'><strong>ἐμελέτων</strong></span> <span class='ocrx_word' id='word_1_105' title='bbox 377 794 466 828; x_wconf 87' lang='grc' dir='ltr'>λόγια,</span> <span class='ocrx_word' id='word_1_106' title='bbox 483 795 530 821; x_wconf 77' lang='grc' dir='ltr'>καὶ</span> <span class='ocrx_word' id='word_1_107' title='bbox 543 795 573 822; x_wconf 72' lang='grc' dir='ltr'><strong>τὸ</strong></span> <span class='ocrx_word' id='word_1_108' title='bbox 590 795 663 830; x_wconf 70' lang='grc' dir='ltr'>ἱερὸν</span> <span class='ocrx_word' id='word_1_109' title='bbox 674 796 702 821; x_wconf 81' lang='grc' dir='ltr'>δὲ</span> <span class='ocrx_word' id='word_1_110' title='bbox 722 795 735 822; x_wconf 79' lang='grc' dir='ltr'>δ</span> <span class='ocrx_word' id='word_1_111' title='bbox 750 795 796 822; x_wconf 69' lang='grc' dir='ltr'><strong>τὸν</strong></span> <span class='ocrx_word' id='word_1_112' title='bbox 814 795 944 822; x_wconf 84' lang='grc' dir='ltr'>Ἀλύπιον</span> <span class='ocrx_word' id='word_1_113' title='bbox 956 794 1013 831; x_wconf 73' lang='grc' dir='ltr'>εἶχε</span> 
     </span>
    </p>
   </div>
   <div class='ocr_carea' id='block_1_18' title="bbox 225 840 1015 878">
    <p class='ocr_par' dir='ltr' id='par_1_18' title="bbox 225 840 1015 878">
     <span class='ocr_line' id='line_1_18' title="bbox 225 840 1015 878; baseline 0.005 -13"><span class='ocrx_word' id='word_1_114' title='bbox 225 840 297 874; x_wconf 82' lang='grc' dir='ltr'>μάλα</span> <span class='ocrx_word' id='word_1_115' title='bbox 311 840 461 874; x_wconf 76' lang='grc' dir='ltr'><strong>φιλοτίμως</strong></span> <span class='ocrx_word' id='word_1_116' title='bbox 476 841 590 876; x_wconf 77' lang='grc' dir='ltr'>κόσμοις</span> <span class='ocrx_word' id='word_1_117' title='bbox 602 851 631 868; x_wconf 79' lang='grc' dir='ltr'><strong>τε</strong></span> <span class='ocrx_word' id='word_1_118' title='bbox 646 843 759 877; x_wconf 69' lang='grc' dir='ltr'>χρυσοῖς</span> <span class='ocrx_word' id='word_1_119' title='bbox 778 843 827 869; x_wconf 77' lang='grc' dir='ltr'>καὶ</span> <span class='ocrx_word' id='word_1_120' title='bbox 843 843 929 874; x_wconf 83' lang='grc' dir='ltr'>λίθοις</span> <span class='ocrx_word' id='word_1_121' title='bbox 945 843 1015 878; x_wconf 86' lang='grc' dir='ltr'>λαμ-</span> 
     </span>
    </p>
   </div>
   <div class='ocr_carea' id='block_1_19' title="bbox 223 888 1014 925">
    <p class='ocr_par' dir='ltr' id='par_1_19' title="bbox 223 888 1014 925">
     <span class='ocr_line' id='line_1_19' title="bbox 223 888 1014 925; baseline 0.005 -13"><span class='ocrx_word' id='word_1_122' title='bbox 223 888 304 921; x_wconf 79' lang='grc' dir='ltr'>προῖς</span> <span class='ocrx_word' id='word_1_123' title='bbox 321 888 369 913; x_wconf 79' lang='grc' dir='ltr'><strong>καὶ</strong></span> <span class='ocrx_word' id='word_1_124' title='bbox 385 888 531 921; x_wconf 75' lang='grc' dir='ltr'>προσόδοις</span> <span class='ocrx_word' id='word_1_125' title='bbox 551 888 664 920; x_wconf 82' lang='grc' dir='ltr'>πολλαῖς</span> <span class='ocrx_word' id='word_1_126' title='bbox 688 889 881 924; x_wconf 80' lang='grc' dir='ltr'>ὲλάμπρυναν.</span> <span class='ocrx_word' id='word_1_127' title='bbox 905 890 1014 925; x_wconf 76' lang='grc' dir='ltr'>ᾨκοδό-</span> 
     </span>
    </p>
   </div>
   <div class='ocr_carea' id='block_1_20' title="bbox 223 925 1051 970">
    <p class='ocr_par' dir='ltr' id='par_1_20' title="bbox 223 925 1051 970">
     <span class='ocr_line' id='line_1_20' title="bbox 223 925 1051 970; baseline 0.002 -12"><span class='ocrx_word' id='word_1_128' title='bbox 223 941 295 968; x_wconf 81' lang='grc' dir='ltr'>μητο</span> <span class='ocrx_word' id='word_1_129' title='bbox 309 933 338 959; x_wconf 82' lang='grc' dir='ltr'><strong>δὲ</strong></span> <span class='ocrx_word' id='word_1_130' title='bbox 354 935 464 965; x_wconf 76' lang='grc' dir='ltr'><strong>τούτοις</strong></span> <span class='ocrx_word' id='word_1_131' title='bbox 489 935 535 960; x_wconf 75' lang='grc' dir='ltr'><strong>καὶ</strong></span> <span class='ocrx_word' id='word_1_132' title='bbox 563 935 761 969; x_wconf 81' lang='grc' dir='ltr'>φροντιστὴρια</span> <span class='ocrx_word' id='word_1_133' title='bbox 778 935 835 967; x_wconf 84' lang='grc' dir='ltr'>δύο,</span> <span class='ocrx_word' id='word_1_134' title='bbox 863 936 1014 970; x_wconf 79' lang='grc' dir='ltr'>χρημάτων</span> <span class='ocrx_word' id='word_1_135' title='bbox 1029 925 1051 953; x_wconf 76' lang='grc' dir='ltr'><strong>ῘῙ</strong></span> 
     </span>
    </p>
   </div>
   <div class='ocr_carea' id='block_1_21' title="bbox 221 978 1014 1017">
    <p class='ocr_par' dir='ltr' id='par_1_21' title="bbox 221 978 1014 1017">
     <span class='ocr_line' id='line_1_21' title="bbox 221 978 1014 1017; baseline 0.004 -12"><span class='ocrx_word' id='word_1_136' title='bbox 221 987 253 1005; x_wconf 76' lang='grc' dir='ltr'><strong>τε</strong></span> <span class='ocrx_word' id='word_1_137' title='bbox 268 979 316 1006; x_wconf 68' lang='grc' dir='ltr'>καὶ</span> <span class='ocrx_word' id='word_1_138' title='bbox 341 981 475 1014; x_wconf 76' lang='grc' dir='ltr'>προσόδου</span> <span class='ocrx_word' id='word_1_139' title='bbox 501 981 601 1012; x_wconf 74' lang='grc' dir='ltr'>ἱκανῶς</span> <span class='ocrx_word' id='word_1_140' title='bbox 622 981 730 1016; x_wconf 76' lang='grc' dir='ltr'>ἔχοντα,</span> <span class='ocrx_word' id='word_1_141' title='bbox 747 978 785 1009; x_wconf 83' lang='grc' dir='ltr'>ὧν</span> <span class='ocrx_word' id='word_1_142' title='bbox 809 983 839 1008; x_wconf 86' lang='grc' dir='ltr'><strong>τὺ</strong></span> <span class='ocrx_word' id='word_1_143' title='bbox 858 982 909 1017; x_wconf 84' lang='grc' dir='ltr'>μὲν</span> <span class='ocrx_word' id='word_1_144' title='bbox 933 981 1014 1016; x_wconf 81' lang='grc' dir='ltr'>χορὸς</span> 
     </span>
    </p>
   </div>
   <div class='ocr_carea' id='block_1_22' title="bbox 222 1024 1014 1062">
    <p class='ocr_par' dir='ltr' id='par_1_22' title="bbox 222 1024 1014 1062">
     <span class='ocr_line' id='line_1_22' title="bbox 222 1024 1014 1062; baseline 0.004 -10"><span class='ocrx_word' id='word_1_145' title='bbox 222 1024 297 1060; x_wconf 72' lang='grc' dir='ltr'>εἶχεν</span> <span class='ocrx_word' id='word_1_146' title='bbox 314 1027 420 1061; x_wconf 81' lang='grc' dir='ltr'>ἀνδρῶν</span> <span class='ocrx_word' id='word_1_147' title='bbox 443 1027 489 1053; x_wconf 78' lang='grc' dir='ltr'><strong>τὸν</strong></span> <span class='ocrx_word' id='word_1_148' title='bbox 505 1028 624 1062; x_wconf 74' lang='grc' dir='ltr'>ἀριθμὸν</span> <span class='ocrx_word' id='word_1_149' title='bbox 645 1029 825 1062; x_wconf 77' lang='grc' dir='ltr'>ὁγδοήκοντα,</span> <span class='ocrx_word' id='word_1_150' title='bbox 843 1029 873 1055; x_wconf 85' lang='grc' dir='ltr'><strong>τὸ</strong></span> <span class='ocrx_word' id='word_1_151' title='bbox 888 1028 923 1058; x_wconf 35' lang='grc' dir='ltr'><strong>δὲη</strong></span> <span class='ocrx_word' id='word_1_152' title='bbox 942 1037 1014 1062; x_wconf 82' lang='grc' dir='ltr'>παρ-</span> 
     </span>
    </p>
   </div>
   <div class='ocr_carea' id='block_1_23' title="bbox 223 1073 1014 1111">
    <p class='ocr_par' dir='ltr' id='par_1_23' title="bbox 223 1073 1014 1111">
     <span class='ocr_line' id='line_1_23' title="bbox 223 1073 1014 1111; baseline 0.004 -12"><span class='ocrx_word' id='word_1_153' title='bbox 223 1073 312 1105; x_wconf 83' lang='grc' dir='ltr'>θένοις</span> <span class='ocrx_word' id='word_1_154' title='bbox 329 1075 419 1101; x_wconf 83' lang='grc' dir='ltr'>ἀνεῖτο</span> <span class='ocrx_word' id='word_1_155' title='bbox 434 1074 482 1102; x_wconf 82' lang='grc' dir='ltr'>καὶ</span> <span class='ocrx_word' id='word_1_156' title='bbox 498 1075 540 1106; x_wconf 79' lang='grc' dir='ltr'><strong>εἰς</strong></span> <span class='ocrx_word' id='word_1_157' title='bbox 562 1074 681 1110; x_wconf 74' lang='grc' dir='ltr'>ἀριθμὸν</span> <span class='ocrx_word' id='word_1_158' title='bbox 704 1076 848 1108; x_wconf 85' lang='grc' dir='ltr'>τελούσαις</span> <span class='ocrx_word' id='word_1_159' title='bbox 863 1076 1014 1111; x_wconf 84' lang='grc' dir='ltr'>τριάκοντα</span> 
     </span>
    </p>
   </div>
   <div class='ocr_carea' id='block_1_24' title="bbox 223 1119 448 1157">
    <p class='ocr_par' dir='ltr' id='par_1_24' title="bbox 223 1119 448 1157">
     <span class='ocr_line' id='line_1_24' title="bbox 223 1119 448 1157; baseline 0.009 -11"><span class='ocrx_word' id='word_1_160' title='bbox 223 1120 272 1146; x_wconf 74' lang='grc' dir='ltr'><strong>καὶ</strong></span> <span class='ocrx_word' id='word_1_161' title='bbox 286 1121 384 1148; x_wconf 80' lang='grc' dir='ltr'>ἑκατὸν</span> <span class='ocrx_word' id='word_1_162' title='bbox 403 1119 448 1157; x_wconf 79' lang='grc' dir='ltr'><strong>ἦν.</strong></span> 
     </span>
    </p>
   </div>
   <div class='ocr_carea' id='block_1_25' title="bbox 263 1251 1012 1291">
    <p class='ocr_par' dir='ltr' id='par_1_25' title="bbox 263 1251 1012 1291">
     <span class='ocr_line' id='line_1_25' title="bbox 263 1251 1012 1291; baseline 0.005 -13"><span class='ocrx_word' id='word_1_163' title='bbox 263 1251 313 1279; x_wconf 83' lang='grc' dir='ltr'><strong>ΙΖ’.</strong></span> <span class='ocrx_word' id='word_1_164' title='bbox 332 1253 409 1280; x_wconf 81' lang='grc' dir='ltr'>Οὕτω</span> <span class='ocrx_word' id='word_1_165' title='bbox 433 1255 482 1282; x_wconf 74' lang='grc' dir='ltr'>καὶ</span> <span class='ocrx_word' id='word_1_166' title='bbox 499 1255 587 1282; x_wconf 84' lang='grc' dir='ltr'>ταῦτα</span> <span class='ocrx_word' id='word_1_167' title='bbox 603 1256 618 1290; x_wconf 82' lang='grc' dir='ltr'>ἡ</span> <span class='ocrx_word' id='word_1_168' title='bbox 641 1255 752 1291; x_wconf 81' lang='grc' dir='ltr'>Μελάνη</span> <span class='ocrx_word' id='word_1_169' title='bbox 776 1255 900 1283; x_wconf 76' lang='grc' dir='ltr'>διαθεῖσα</span> <span class='ocrx_word' id='word_1_170' title='bbox 919 1255 1012 1288; x_wconf 83' lang='grc' dir='ltr'>καλῶς</span> 
     </span>
    </p>
   </div>
   <div class='ocr_carea' id='block_1_26' title="bbox 225 1299 1012 1338">
    <p class='ocr_par' dir='ltr' id='par_1_26' title="bbox 225 1299 1012 1338">
     <span class='ocr_line' id='line_1_26' title="bbox 225 1299 1012 1338; baseline 0.008 -15"><span class='ocrx_word' id='word_1_171' title='bbox 225 1299 390 1333; x_wconf 73' lang='grc' dir='ltr'>ἐγκρατείας</span> <span class='ocrx_word' id='word_1_172' title='bbox 406 1301 453 1327; x_wconf 79' lang='grc' dir='ltr'><strong>καὶ</strong></span> <span class='ocrx_word' id='word_1_173' title='bbox 478 1299 556 1332; x_wconf 73' lang='grc' dir='ltr'>αὖθις</span> <span class='ocrx_word' id='word_1_174' title='bbox 572 1302 726 1337; x_wconf 79' lang='grc' dir='ltr'>ἐμέμνητο.</span> <span class='ocrx_word' id='word_1_175' title='bbox 741 1303 796 1328; x_wconf 79' lang='grc' dir='ltr'><strong>Καὶ</strong></span> <span class='ocrx_word' id='word_1_176' title='bbox 821 1302 857 1329; x_wconf 80' lang='grc' dir='ltr'><strong>δι’</strong></span> <span class='ocrx_word' id='word_1_177' title='bbox 882 1303 946 1337; x_wconf 76' lang='grc' dir='ltr'>ὅλης</span> <span class='ocrx_word' id='word_1_178' title='bbox 962 1303 1012 1338; x_wconf 79' lang='grc' dir='ltr'>μὲν</span> 
     </span>
    </p>
   </div>
   <div class='ocr_carea' id='block_1_27' title="bbox 223 1344 1012 1384">
    <p class='ocr_par' dir='ltr' id='par_1_27' title="bbox 223 1344 1012 1384">
     <span class='ocr_line' id='line_1_27' title="bbox 223 1344 1012 1384; baseline 0.001 -9"><span class='ocrx_word' id='word_1_179' title='bbox 223 1344 273 1378; x_wconf 79' lang='grc' dir='ltr'>τῆς</span> <span class='ocrx_word' id='word_1_180' title='bbox 284 1346 393 1380; x_wconf 74' lang='grc' dir='ltr'>ἡμέρας</span> <span class='ocrx_word' id='word_1_181' title='bbox 406 1348 500 1378; x_wconf 73' lang='grc' dir='ltr'>ἄσιτος</span> <span class='ocrx_word' id='word_1_182' title='bbox 515 1348 654 1382; x_wconf 81' lang='grc' dir='ltr'>ἡγενναία</span> <span class='ocrx_word' id='word_1_183' title='bbox 666 1349 842 1384; x_wconf 70' lang='grc' dir='ltr'><strong>διεκαρτέρει</strong></span> <span class='ocrx_word' id='word_1_184' title='bbox 855 1358 861 1365; x_wconf 77' lang='grc'><em>’</em></span> <span class='ocrx_word' id='word_1_185' title='bbox 874 1349 921 1376; x_wconf 82' lang='grc' dir='ltr'>τοῦ</span> <span class='ocrx_word' id='word_1_186' title='bbox 935 1350 1012 1384; x_wconf 69' lang='grc' dir='ltr'>ἡλίου</span> 
     </span>
    </p>
   </div>
   <div class='ocr_carea' id='block_1_28' title="bbox 223 1389 1012 1430">
    <p class='ocr_par' dir='ltr' id='par_1_28' title="bbox 223 1389 1012 1430">
     <span class='ocr_line' id='line_1_28' title="bbox 223 1389 1012 1430; baseline 0.009 -15"><span class='ocrx_word' id='word_1_187' title='bbox 223 1389 252 1416; x_wconf 62' lang='grc' dir='ltr'><strong>δὶ</strong></span> <span class='ocrx_word' id='word_1_188' title='bbox 265 1391 316 1426; x_wconf 67' lang='grc' dir='ltr'><strong>ἤδη</strong></span> <span class='ocrx_word' id='word_1_189' title='bbox 334 1393 402 1426; x_wconf 75' lang='grc' dir='ltr'>πρὸς</span> <span class='ocrx_word' id='word_1_190' title='bbox 417 1393 523 1428; x_wconf 74' lang='grc' dir='ltr'>δυσμὰς</span> <span class='ocrx_word' id='word_1_191' title='bbox 539 1395 654 1429; x_wconf 75' lang='grc' dir='ltr'>ἥκοντος</span> <span class='ocrx_word' id='word_1_192' title='bbox 673 1394 804 1430; x_wconf 80' lang='grc' dir='ltr'><strong>βραχείας</strong></span> <span class='ocrx_word' id='word_1_193' title='bbox 822 1396 1012 1430; x_wconf 73' lang='grc' dir='ltr'>μετελάμϐανε</span> 
     </span>
    </p>
   </div>
   <div class='ocr_carea' id='block_1_29' title="bbox 222 1436 1013 1476">
    <p class='ocr_par' dir='ltr' id='par_1_29' title="bbox 222 1436 1013 1476">
     <span class='ocr_line' id='line_1_29' title="bbox 222 1436 1013 1476; baseline 0.01 -14"><span class='ocrx_word' id='word_1_194' title='bbox 222 1436 273 1471; x_wconf 85' lang='grc' dir='ltr'>τῆς</span> <span class='ocrx_word' id='word_1_195' title='bbox 286 1438 392 1472; x_wconf 67' lang='grc' dir='ltr'>τροφῆς</span> <span class='ocrx_word' id='word_1_196' title='bbox 416 1440 463 1466; x_wconf 83' lang='grc' dir='ltr'><strong>καὶ</strong></span> <span class='ocrx_word' id='word_1_197' title='bbox 489 1440 593 1475; x_wconf 82' lang='grc' dir='ltr'>ταύτης</span> <span class='ocrx_word' id='word_1_198' title='bbox 609 1441 732 1476; x_wconf 79' lang='grc' dir='ltr'>σκληρᾶς</span> <span class='ocrx_word' id='word_1_199' title='bbox 745 1450 751 1456; x_wconf 91' lang='grc'><strong>·</strong></span> <span class='ocrx_word' id='word_1_200' title='bbox 769 1442 829 1468; x_wconf 76' lang='grc' dir='ltr'>ἔστι</span> <span class='ocrx_word' id='word_1_201' title='bbox 855 1443 883 1469; x_wconf 79' lang='grc' dir='ltr'><strong>δὲ</strong></span> <span class='ocrx_word' id='word_1_202' title='bbox 905 1444 949 1470; x_wconf 81' lang='grc' dir='ltr'>ὅτε</span> <span class='ocrx_word' id='word_1_203' title='bbox 965 1444 1013 1470; x_wconf 78' lang='grc' dir='ltr'><strong>καὶ</strong></span> 
     </span>
    </p>
   </div>
   <div class='ocr_carea' id='block_1_30' title="bbox 224 1482 1012 1523">
    <p class='ocr_par' dir='ltr' id='par_1_30' title="bbox 224 1482 1012 1523">
     <span class='ocr_line' id='line_1_30' title="bbox 224 1482 1012 1523; baseline 0.01 -15"><span class='ocrx_word' id='word_1_204' title='bbox 224 1482 322 1518; x_wconf 81' lang='grc' dir='ltr'>βραχεῖ</span> <span class='ocrx_word' id='word_1_205' title='bbox 343 1484 425 1519; x_wconf 84' lang='grc' dir='ltr'>ὲλαίῳ</span> <span class='ocrx_word' id='word_1_206' title='bbox 446 1486 476 1512; x_wconf 69' lang='grc' dir='ltr'><strong>τὸ</strong></span> <span class='ocrx_word' id='word_1_207' title='bbox 501 1486 568 1519; x_wconf 60' lang='grc' dir='ltr'>ὕᾷον</span> <span class='ocrx_word' id='word_1_208' title='bbox 586 1489 774 1521; x_wconf 79' lang='grc' dir='ltr'>παρεμυθεῖτο</span> <span class='ocrx_word' id='word_1_209' title='bbox 788 1496 795 1503; x_wconf 83' lang='lat'><strong>&#39;</strong></span> <span class='ocrx_word' id='word_1_210' title='bbox 813 1489 879 1523; x_wconf 76' lang='grc' dir='ltr'>οἴνῳ</span> <span class='ocrx_word' id='word_1_211' title='bbox 896 1489 924 1515; x_wconf 81' lang='grc' dir='ltr'><strong>δὲ</strong></span> <span class='ocrx_word' id='word_1_212' title='bbox 950 1490 1012 1516; x_wconf 72' lang='grc' dir='ltr'>οὐδὲ</span> 
     </span>
    </p>
   </div>
   <div class='ocr_carea' id='block_1_31' title="bbox 223 1529 1012 1570">
    <p class='ocr_par' dir='ltr' id='par_1_31' title="bbox 223 1529 1012 1570">
     <span class='ocr_line' id='line_1_31' title="bbox 223 1529 1012 1570; baseline 0.009 -16"><span class='ocrx_word' id='word_1_213' title='bbox 223 1529 273 1563; x_wconf 79' lang='grc' dir='ltr'>τὴν</span> <span class='ocrx_word' id='word_1_214' title='bbox 287 1530 374 1565; x_wconf 78' lang='grc' dir='ltr'>ἀρχὴν</span> <span class='ocrx_word' id='word_1_215' title='bbox 388 1531 501 1566; x_wconf 70' lang='grc' dir='ltr'>ἐχρῆτο,</span> <span class='ocrx_word' id='word_1_216' title='bbox 514 1532 571 1559; x_wconf 77' lang='grc' dir='ltr'>ἀλλ’</span> <span class='ocrx_word' id='word_1_217' title='bbox 587 1535 618 1560; x_wconf 78' lang='grc' dir='ltr'>ἐκ</span> <span class='ocrx_word' id='word_1_218' title='bbox 636 1534 744 1567; x_wconf 85' lang='grc' dir='ltr'>μέλιτός</span> <span class='ocrx_word' id='word_1_219' title='bbox 764 1543 790 1560; x_wconf 85' lang='grc' dir='ltr'>τι</span> <span class='ocrx_word' id='word_1_220' title='bbox 807 1535 1012 1570; x_wconf 76' lang='grc' dir='ltr'>ἐσκευασμένον</span> 
     </span>
    </p>
   </div>
   <div class='ocr_carea' id='block_1_32' title="bbox 223 1575 1012 1616">
    <p class='ocr_par' dir='ltr' id='par_1_32' title="bbox 223 1575 1012 1616">
     <span class='ocr_line' id='line_1_32' title="bbox 223 1575 1012 1616; baseline 0.01 -16"><span class='ocrx_word' id='word_1_221' title='bbox 223 1575 299 1610; x_wconf 84' lang='grc' dir='ltr'>πόμα</span> <span class='ocrx_word' id='word_1_222' title='bbox 326 1578 507 1612; x_wconf 70' lang='grc' dir='ltr'>προσιεμένη,</span> <span class='ocrx_word' id='word_1_223' title='bbox 523 1579 537 1605; x_wconf 86' lang='grc' dir='ltr'><strong>ὂ</strong></span> <span class='ocrx_word' id='word_1_224' title='bbox 562 1580 682 1606; x_wconf 75' lang='grc' dir='ltr'>κονείτον</span> <span class='ocrx_word' id='word_1_225' title='bbox 708 1580 804 1607; x_wconf 85' lang='grc' dir='ltr'>καλεῖν</span> <span class='ocrx_word' id='word_1_226' title='bbox 826 1581 951 1615; x_wconf 72' lang='grc' dir='ltr'>σύνηθες,</span> <span class='ocrx_word' id='word_1_227' title='bbox 965 1583 1012 1616; x_wconf 79' lang='grc' dir='ltr'>τὴν</span> 
     </span>
    </p>
   </div>
   <div class='ocr_carea' id='block_1_33' title="bbox 222 1622 1012 1660">
    <p class='ocr_par' dir='ltr' id='par_1_33' title="bbox 222 1622 1012 1660">
     <span class='ocr_line' id='line_1_33' title="bbox 222 1622 1012 1660; baseline 0.005 -12"><span class='ocrx_word' id='word_1_228' title='bbox 222 1622 303 1656; x_wconf 78' lang='grc' dir='ltr'>δίψαν</span> <span class='ocrx_word' id='word_1_229' title='bbox 319 1625 516 1658; x_wconf 67' lang='grc' dir='ltr'>παρεμυθεῖτο.</span> <span class='ocrx_word' id='word_1_230' title='bbox 540 1624 569 1650; x_wconf 84' lang='lat'><strong>&#39;0</strong></span> <span class='ocrx_word' id='word_1_231' title='bbox 585 1625 613 1651; x_wconf 73' lang='grc' dir='ltr'><strong>δὲ</strong></span> <span class='ocrx_word' id='word_1_232' title='bbox 628 1625 659 1660; x_wconf 85' lang='grc' dir='ltr'><strong>δὴ</strong></span> <span class='ocrx_word' id='word_1_233' title='bbox 674 1626 771 1660; x_wconf 82' lang='grc' dir='ltr'>χρόνος</span> <span class='ocrx_word' id='word_1_234' title='bbox 787 1627 800 1652; x_wconf 83' lang='grc' dir='ltr'>ὁ</span> <span class='ocrx_word' id='word_1_235' title='bbox 816 1626 924 1658; x_wconf 75' lang='grc' dir='ltr'>πολλοῖς</span> <span class='ocrx_word' id='word_1_236' title='bbox 946 1627 1012 1653; x_wconf 76' lang='grc' dir='ltr'><strong>πολ-</strong></span> 
     </span>
    </p>
   </div>
   <div class='ocr_carea' id='block_1_34' title="bbox 221 1668 1011 1708">
    <p class='ocr_par' dir='ltr' id='par_1_34' title="bbox 221 1668 1011 1708">
     <span class='ocr_line' id='line_1_34' title="bbox 221 1668 1011 1708; baseline 0.006 -13"><span class='ocrx_word' id='word_1_237' title='bbox 221 1668 301 1700; x_wconf 82' lang='grc' dir='ltr'>λάκις</span> <span class='ocrx_word' id='word_1_238' title='bbox 316 1669 364 1704; x_wconf 82' lang='grc' dir='ltr'><strong>τὴν</strong></span> <span class='ocrx_word' id='word_1_239' title='bbox 379 1670 468 1705; x_wconf 76' lang='grc' dir='ltr'>ὁρμὴν</span> <span class='ocrx_word' id='word_1_240' title='bbox 489 1671 637 1705; x_wconf 79' lang='grc' dir='ltr'>ἀμϐλύνων</span> <span class='ocrx_word' id='word_1_241' title='bbox 651 1672 753 1706; x_wconf 76' lang='grc' dir='ltr'>ταύτης</span> <span class='ocrx_word' id='word_1_242' title='bbox 768 1672 867 1706; x_wconf 70' lang='grc' dir='ltr'>μᾶλλον</span> <span class='ocrx_word' id='word_1_243' title='bbox 880 1673 1011 1708; x_wconf 73' lang='grc' dir='ltr'><strong>ὀξυτέραν</strong></span> 
     </span>
    </p>
   </div>
   <div class='ocr_carea' id='block_1_35' title="bbox 221 1715 1012 1755">
    <p class='ocr_par' dir='ltr' id='par_1_35' title="bbox 221 1715 1012 1755">
     <span class='ocr_line' id='line_1_35' title="bbox 221 1715 1012 1755; baseline 0.008 -15"><span class='ocrx_word' id='word_1_244' title='bbox 221 1715 320 1741; x_wconf 68' lang='grc' dir='ltr'>ἐποίει.</span> <span class='ocrx_word' id='word_1_245' title='bbox 338 1716 393 1742; x_wconf 77' lang='grc' dir='ltr'><strong>Καὶ</strong></span> <span class='ocrx_word' id='word_1_246' title='bbox 407 1716 436 1742; x_wconf 75' lang='grc' dir='ltr'><strong>τὺ</strong></span> <span class='ocrx_word' id='word_1_247' title='bbox 455 1716 504 1750; x_wconf 81' lang='grc' dir='ltr'>μὲν</span> <span class='ocrx_word' id='word_1_248' title='bbox 518 1717 628 1751; x_wconf 81' lang='grc' dir='ltr'>πρῶτον</span> <span class='ocrx_word' id='word_1_249' title='bbox 645 1718 721 1752; x_wconf 75' lang='grc' dir='ltr'>παρὰ</span> <span class='ocrx_word' id='word_1_250' title='bbox 734 1718 781 1744; x_wconf 85' lang='grc' dir='ltr'>δύο</span> <span class='ocrx_word' id='word_1_251' title='bbox 801 1719 833 1744; x_wconf 72' lang='grc' dir='ltr'><strong>τὰ</strong></span> <span class='ocrx_word' id='word_1_252' title='bbox 851 1719 922 1745; x_wconf 81' lang='grc' dir='ltr'>σιτία</span> <span class='ocrx_word' id='word_1_253' title='bbox 940 1720 1012 1755; x_wconf 81' lang='grc' dir='ltr'>λαμ-</span> 
     </span>
    </p>
   </div>
   <div class='ocr_carea' id='block_1_36' title="bbox 221 1759 1010 1798">
    <p class='ocr_par' dir='ltr' id='par_1_36' title="bbox 221 1759 1010 1798">
     <span class='ocr_line' id='line_1_36' title="bbox 221 1759 1010 1798; baseline 0.006 -12"><span class='ocrx_word' id='word_1_254' title='bbox 221 1760 342 1787; x_wconf 78' lang='grc' dir='ltr'>ϐάνουσα</span> <span class='ocrx_word' id='word_1_255' title='bbox 357 1759 401 1796; x_wconf 84' lang='grc' dir='ltr'><strong>ἧν,</strong></span> <span class='ocrx_word' id='word_1_256' title='bbox 419 1761 514 1788; x_wconf 75' lang='grc' dir='ltr'>ἔπειτα</span> <span class='ocrx_word' id='word_1_257' title='bbox 530 1763 606 1797; x_wconf 69' lang='grc' dir='ltr'>παρὰ</span> <span class='ocrx_word' id='word_1_258' title='bbox 616 1764 703 1798; x_wconf 83' lang='grc' dir='ltr'>τρεῖς,</span> <span class='ocrx_word' id='word_1_259' title='bbox 721 1761 781 1789; x_wconf 75' lang='grc' dir='ltr'>εἶτα</span> <span class='ocrx_word' id='word_1_260' title='bbox 813 1764 860 1790; x_wconf 65' lang='grc' dir='ltr'><strong>καὶ</strong></span> <span class='ocrx_word' id='word_1_261' title='bbox 875 1764 908 1790; x_wconf 90' lang='grc' dir='ltr'><strong>δι’</strong></span> <span class='ocrx_word' id='word_1_262' title='bbox 929 1765 1010 1798; x_wconf 78' lang='grc' dir='ltr'>ἑπτὰ,</span> 
     </span>
    </p>
   </div>
   <div class='ocr_carea' id='block_1_37' title="bbox 220 1805 1011 1846">
    <p class='ocr_par' dir='ltr' id='par_1_37' title="bbox 220 1805 1011 1846">
     <span class='ocr_line' id='line_1_37' title="bbox 220 1805 1011 1846; baseline 0.006 -14"><span class='ocrx_word' id='word_1_263' title='bbox 220 1805 259 1837; x_wconf 80' lang='grc' dir='ltr'>ὡς</span> <span class='ocrx_word' id='word_1_264' title='bbox 284 1805 359 1838; x_wconf 76' lang='grc' dir='ltr'><strong>ἅπαξ</strong></span> <span class='ocrx_word' id='word_1_265' title='bbox 372 1808 422 1841; x_wconf 87' lang='grc' dir='ltr'><strong>τῆς</strong></span> <span class='ocrx_word' id='word_1_266' title='bbox 447 1807 597 1842; x_wconf 70' lang='grc' dir='ltr'>ἑϐδομάδος</span> <span class='ocrx_word' id='word_1_267' title='bbox 624 1809 706 1842; x_wconf 80' lang='grc' dir='ltr'>μόνον</span> <span class='ocrx_word' id='word_1_268' title='bbox 726 1810 883 1844; x_wconf 77' lang='grc' dir='ltr'>μεμνῆσθαι</span> <span class='ocrx_word' id='word_1_269' title='bbox 905 1812 1011 1846; x_wconf 81' lang='grc' dir='ltr'>τροφῆς</span> 
     </span>
    </p>
   </div>
   <div class='ocr_carea' id='block_1_38' title="bbox 221 1851 1012 1892">
    <p class='ocr_par' dir='ltr' id='par_1_38' title="bbox 221 1851 1012 1892">
     <span class='ocr_line' id='line_1_38' title="bbox 221 1851 1012 1892; baseline 0.009 -15"><span class='ocrx_word' id='word_1_270' title='bbox 221 1852 270 1878; x_wconf 75' lang='grc' dir='ltr'>καὶ</span> <span class='ocrx_word' id='word_1_271' title='bbox 283 1851 386 1887; x_wconf 83' lang='grc' dir='ltr'>ταύτης</span> <span class='ocrx_word' id='word_1_272' title='bbox 402 1853 625 1888; x_wconf 85' lang='grc' dir='ltr'>κεκολασμένης·</span> <span class='ocrx_word' id='word_1_273' title='bbox 639 1856 685 1880; x_wconf 80' lang='grc' dir='ltr'><strong>καὶ</strong></span> <span class='ocrx_word' id='word_1_274' title='bbox 702 1856 778 1882; x_wconf 73' lang='grc' dir='ltr'>οὐδὲν</span> <span class='ocrx_word' id='word_1_275' title='bbox 794 1856 862 1887; x_wconf 74' lang='grc' dir='ltr'>ὅλως</span> <span class='ocrx_word' id='word_1_276' title='bbox 877 1857 931 1883; x_wconf 86' lang='grc' dir='ltr'>τῶν</span> <span class='ocrx_word' id='word_1_277' title='bbox 947 1857 1012 1892; x_wconf 76' lang='grc' dir='ltr'><strong>ἡδύ-</strong></span> 
     </span>
    </p>
   </div>
   <div class='ocr_carea' id='block_1_39' title="bbox 220 1897 1011 1937">
    <p class='ocr_par' dir='ltr' id='par_1_39' title="bbox 220 1897 1011 1937">
     <span class='ocr_line' id='line_1_39' title="bbox 220 1897 1011 1937; baseline 0.01 -16"><span class='ocrx_word' id='word_1_278' title='bbox 220 1903 276 1923; x_wconf 80' lang='grc' dir='ltr'>νειν</span> <span class='ocrx_word' id='word_1_279' title='bbox 297 1897 414 1931; x_wconf 82' lang='grc' dir='ltr'>ἐχόντων</span> <span class='ocrx_word' id='word_1_280' title='bbox 428 1897 545 1932; x_wconf 80' lang='grc' dir='ltr'>ἐχούσης</span> <span class='ocrx_word' id='word_1_281' title='bbox 556 1907 563 1914; x_wconf 95' lang='grc'><strong>·</strong></span> <span class='ocrx_word' id='word_1_282' title='bbox 575 1898 660 1934; x_wconf 80' lang='grc' dir='ltr'>ἄρτου</span> <span class='ocrx_word' id='word_1_283' title='bbox 675 1900 729 1935; x_wconf 74' lang='grc' dir='ltr'><strong>γὰρ</strong></span> <span class='ocrx_word' id='word_1_284' title='bbox 746 1900 864 1936; x_wconf 76' lang='grc' dir='ltr'><strong>σκληροῦ</strong></span> <span class='ocrx_word' id='word_1_285' title='bbox 882 1902 970 1937; x_wconf 85' lang='grc' dir='ltr'>βραχύ</span> <span class='ocrx_word' id='word_1_286' title='bbox 985 1912 1011 1929; x_wconf 82' lang='grc' dir='ltr'>τι</span> 
     </span>
    </p>
   </div>
   <div class='ocr_carea' id='block_1_40' title="bbox 220 1940 1012 1981">
    <p class='ocr_par' dir='ltr' id='par_1_40' title="bbox 220 1940 1012 1981">
     <span class='ocr_line' id='line_1_40' title="bbox 220 1940 1012 1981; baseline 0.006 -14"><span class='ocrx_word' id='word_1_287' title='bbox 220 1941 322 1975; x_wconf 76' lang='grc' dir='ltr'>τρύφος</span> <span class='ocrx_word' id='word_1_288' title='bbox 341 1942 358 1976; x_wconf 79' lang='grc' dir='ltr'><strong>ἡ</strong></span> <span class='ocrx_word' id='word_1_289' title='bbox 376 1941 500 1976; x_wconf 76' lang='grc' dir='ltr'>τράπεζα</span> <span class='ocrx_word' id='word_1_290' title='bbox 516 1940 561 1978; x_wconf 77' lang='grc' dir='ltr'><strong>ἦν,</strong></span> <span class='ocrx_word' id='word_1_291' title='bbox 575 1943 613 1974; x_wconf 85' lang='grc' dir='ltr'>ὡς</span> <span class='ocrx_word' id='word_1_292' title='bbox 629 1941 700 1969; x_wconf 81' lang='grc' dir='ltr'>εἶναι</span> <span class='ocrx_word' id='word_1_293' title='bbox 714 1943 818 1979; x_wconf 82' lang='grc' dir='ltr'>ταύτην</span> <span class='ocrx_word' id='word_1_294' title='bbox 834 1945 910 1971; x_wconf 76' lang='grc' dir='ltr'>οὐδὲν</span> <span class='ocrx_word' id='word_1_295' title='bbox 929 1943 1012 1981; x_wconf 84' lang='grc' dir='ltr'>ἧττον</span> 
     </span>
    </p>
   </div>
   <div class='ocr_carea' id='block_1_41' title="bbox 220 1987 1011 2025">
    <p class='ocr_par' dir='ltr' id='par_1_41' title="bbox 220 1987 1011 2025">
     <span class='ocr_line' id='line_1_41' title="bbox 220 1987 1011 2025; baseline 0.006 -12"><span class='ocrx_word' id='word_1_296' title='bbox 220 1987 272 2022; x_wconf 86' lang='grc' dir='ltr'>τῆς</span> <span class='ocrx_word' id='word_1_297' title='bbox 282 1988 412 2023; x_wconf 78' lang='grc' dir='ltr'>νηστείας</span> <span class='ocrx_word' id='word_1_298' title='bbox 426 1989 627 2022; x_wconf 76' lang='grc' dir='ltr'>πονικωτὲραν.</span> <span class='ocrx_word' id='word_1_299' title='bbox 648 1989 789 2024; x_wconf 85' lang='grc' dir='ltr'>Ἐγραφεν</span> <span class='ocrx_word' id='word_1_300' title='bbox 801 1991 817 2025; x_wconf 88' lang='grc' dir='ltr'>ἡ</span> <span class='ocrx_word' id='word_1_301' title='bbox 835 1992 948 2023; x_wconf 82' lang='grc' dir='ltr'>γενναία</span> <span class='ocrx_word' id='word_1_302' title='bbox 963 1992 1011 2018; x_wconf 69' lang='grc' dir='ltr'>καὶ</span> 
     </span>
    </p>
   </div>
   <div class='ocr_carea' id='block_1_42' title="bbox 220 2033 1010 2069">
    <p class='ocr_par' dir='ltr' id='par_1_42' title="bbox 220 2033 1010 2069">
     <span class='ocr_line' id='line_1_42' title="bbox 220 2033 1010 2069; baseline 0.005 -10"><span class='ocrx_word' id='word_1_303' title='bbox 220 2034 261 2064; x_wconf 88' lang='grc' dir='ltr'><strong>είς</strong></span> <span class='ocrx_word' id='word_1_304' title='bbox 277 2033 361 2068; x_wconf 81' lang='grc' dir='ltr'>τάχος</span> <span class='ocrx_word' id='word_1_305' title='bbox 378 2035 428 2060; x_wconf 81' lang='grc' dir='ltr'>καὶ</span> <span class='ocrx_word' id='word_1_306' title='bbox 444 2035 485 2065; x_wconf 88' lang='grc' dir='ltr'><strong>είς</strong></span> <span class='ocrx_word' id='word_1_307' title='bbox 497 2035 596 2066; x_wconf 81' lang='grc' dir='ltr'>κάλλος</span> <span class='ocrx_word' id='word_1_308' title='bbox 612 2035 660 2060; x_wconf 78' lang='grc' dir='ltr'><strong>καὶ</strong></span> <span class='ocrx_word' id='word_1_309' title='bbox 675 2035 762 2066; x_wconf 75' lang='grc' dir='ltr'>οὕτως</span> <span class='ocrx_word' id='word_1_310' title='bbox 785 2036 955 2069; x_wconf 74' lang='grc' dir='ltr'>ἀπταίστως,</span> <span class='ocrx_word' id='word_1_311' title='bbox 972 2037 1010 2069; x_wconf 85' lang='grc' dir='ltr'>ὡς</span> 
     </span>
    </p>
   </div>
   <div class='ocr_carea' id='block_1_43' title="bbox 221 2077 1010 2116">
    <p class='ocr_par' dir='ltr' id='par_1_43' title="bbox 221 2077 1010 2116">
     <span class='ocr_line' id='line_1_43' title="bbox 221 2077 1010 2116; baseline 0.004 -13"><span class='ocrx_word' id='word_1_312' title='bbox 221 2078 291 2113; x_wconf 76' lang='grc' dir='ltr'>μηδὲ</span> <span class='ocrx_word' id='word_1_313' title='bbox 320 2077 386 2112; x_wconf 92' lang='grc' dir='ltr'>μίαν</span> <span class='ocrx_word' id='word_1_314' title='bbox 417 2078 485 2113; x_wconf 86' lang='grc' dir='ltr'>μηδὲ</span> <span class='ocrx_word' id='word_1_315' title='bbox 518 2087 584 2105; x_wconf 85' lang='grc' dir='ltr'>ποτε</span> <span class='ocrx_word' id='word_1_316' title='bbox 610 2079 696 2114; x_wconf 78' lang='grc' dir='ltr'>λαϐὴν</span> <span class='ocrx_word' id='word_1_317' title='bbox 725 2079 818 2106; x_wconf 82' lang='grc' dir='ltr'>δοῦναι</span> <span class='ocrx_word' id='word_1_318' title='bbox 857 2081 914 2112; x_wconf 83' lang='grc' dir='ltr'>τοῖς</span> <span class='ocrx_word' id='word_1_319' title='bbox 945 2082 1010 2116; x_wconf 74' lang='grc' dir='ltr'>περὶ</span> 
     </span>
    </p>
   </div>
   <div class='ocr_carea' id='block_1_44' title="bbox 219 2122 1008 2162">
    <p class='ocr_par' dir='ltr' id='par_1_44' title="bbox 219 2122 1008 2162">
     <span class='ocr_line' id='line_1_44' title="bbox 219 2122 1008 2162; baseline 0.006 -14"><span class='ocrx_word' id='word_1_320' title='bbox 219 2123 305 2149; x_wconf 82' lang='grc' dir='ltr'>ταῦτα</span> <span class='ocrx_word' id='word_1_321' title='bbox 316 2122 416 2155; x_wconf 75' lang='grc' dir='ltr'>δεινοῖς</span> <span class='ocrx_word' id='word_1_322' title='bbox 427 2131 433 2139; x_wconf 87' lang='grc'><strong>·</strong></span> <span class='ocrx_word' id='word_1_323' title='bbox 453 2125 500 2150; x_wconf 76' lang='grc' dir='ltr'>καὶ</span> <span class='ocrx_word' id='word_1_324' title='bbox 513 2126 546 2160; x_wconf 82' lang='grc' dir='ltr'><strong>τῇ</strong></span> <span class='ocrx_word' id='word_1_325' title='bbox 563 2127 655 2160; x_wconf 83' lang='grc' dir='ltr'>γραφῇ</span> <span class='ocrx_word' id='word_1_326' title='bbox 671 2125 701 2152; x_wconf 82' lang='grc' dir='ltr'>τὸ</span> <span class='ocrx_word' id='word_1_327' title='bbox 719 2125 812 2152; x_wconf 84' lang='grc' dir='ltr'>πλεῖον</span> <span class='ocrx_word' id='word_1_328' title='bbox 836 2127 885 2161; x_wconf 77' lang='grc' dir='ltr'>τῆς</span> <span class='ocrx_word' id='word_1_329' title='bbox 901 2127 1008 2162; x_wconf 79' lang='grc' dir='ltr'>ἡμέρας</span> 
     </span>
    </p>
   </div>
   <div class='ocr_carea' id='block_1_45' title="bbox 220 2167 1010 2208">
    <p class='ocr_par' dir='ltr' id='par_1_45' title="bbox 220 2167 1010 2208">
     <span class='ocr_line' id='line_1_45' title="bbox 220 2167 1010 2208; baseline 0.008 -14"><span class='ocrx_word' id='word_1_330' title='bbox 220 2167 301 2202; x_wconf 70' lang='grc' dir='ltr'>ἔνεμε</span> <span class='ocrx_word' id='word_1_331' title='bbox 317 2169 411 2204; x_wconf 82' lang='grc' dir='ltr'>μέρος,</span> <span class='ocrx_word' id='word_1_332' title='bbox 438 2170 486 2205; x_wconf 84' lang='grc' dir='ltr'>τῆς</span> <span class='ocrx_word' id='word_1_333' title='bbox 502 2171 594 2206; x_wconf 68' lang='grc' dir='ltr'>χειρδς</span> <span class='ocrx_word' id='word_1_334' title='bbox 617 2171 646 2198; x_wconf 76' lang='grc' dir='ltr'><strong>δὲ</strong></span> <span class='ocrx_word' id='word_1_335' title='bbox 667 2172 810 2207; x_wconf 81' lang='grc' dir='ltr'>καμούσης</span> <span class='ocrx_word' id='word_1_336' title='bbox 833 2173 857 2199; x_wconf 82' lang='grc' dir='ltr'>οἱ</span> <span class='ocrx_word' id='word_1_337' title='bbox 872 2173 1010 2208; x_wconf 76' lang='grc' dir='ltr'>ὀφθαλμοὶ</span> 
     </span>
    </p>
   </div>
   <div class='ocr_carea' id='block_1_46' title="bbox 220 2214 1010 2253">
    <p class='ocr_par' dir='ltr' id='par_1_46' title="bbox 220 2214 1010 2253">
     <span class='ocr_line' id='line_1_46' title="bbox 220 2214 1010 2253; baseline 0.009 -14"><span class='ocrx_word' id='word_1_338' title='bbox 220 2214 336 2241; x_wconf 81' lang='grc' dir='ltr'>πλεῖστα</span> <span class='ocrx_word' id='word_1_339' title='bbox 352 2215 400 2249; x_wconf 85' lang='grc' dir='ltr'>μὲν</span> <span class='ocrx_word' id='word_1_340' title='bbox 419 2215 474 2241; x_wconf 86' lang='grc' dir='ltr'><strong>τῶν</strong></span> <span class='ocrx_word' id='word_1_341' title='bbox 494 2216 610 2251; x_wconf 85' lang='grc' dir='ltr'>γραφῶν</span> <span class='ocrx_word' id='word_1_342' title='bbox 628 2218 760 2253; x_wconf 76' lang='grc' dir='ltr'>ἐπῄεσαν,</span> <span class='ocrx_word' id='word_1_343' title='bbox 780 2218 898 2246; x_wconf 83' lang='grc' dir='ltr'>πλεῖστα</span> <span class='ocrx_word' id='word_1_344' title='bbox 916 2220 945 2246; x_wconf 84' lang='grc' dir='ltr'><strong>δὲ</strong></span> <span class='ocrx_word' id='word_1_345' title='bbox 970 2221 1010 2252; x_wconf 87' lang='grc' dir='ltr'><strong>είς</strong></span> 
     </span>
    </p>
   </div>
   <div class='ocr_carea' id='block_1_47' title="bbox 1067 285 1855 321">
    <p class='ocr_par' dir='ltr' id='par_1_47' title="bbox 1067 285 1855 321">
     <span class='ocr_line' id='line_1_47' title="bbox 1067 285 1855 321; baseline 0.004 -8"><span class='ocrx_word' id='word_1_346' title='bbox 1067 287 1170 321; x_wconf 78' lang='lat' dir='ltr'><strong>ginem.</strong></span> <span class='ocrx_word' id='word_1_347' title='bbox 1197 285 1265 314; x_wconf 90' lang='lat' dir='ltr'><strong>Cum</strong></span> <span class='ocrx_word' id='word_1_348' title='bbox 1281 293 1296 313; x_wconf 90' lang='lat' dir='ltr'><strong>e</strong></span> <span class='ocrx_word' id='word_1_349' title='bbox 1315 293 1383 313; x_wconf 87' lang='lat' dir='ltr'><strong>nave</strong></span> <span class='ocrx_word' id='word_1_350' title='bbox 1412 292 1501 313; x_wconf 82' lang='lat' dir='ltr'><strong>autem</strong></span> <span class='ocrx_word' id='word_1_351' title='bbox 1524 288 1749 320; x_wconf 80' lang='lat' dir='ltr'><strong>descendisscnt,</strong></span> <span class='ocrx_word' id='word_1_352' title='bbox 1777 297 1855 316; x_wconf 76' lang='lat' dir='ltr'><strong>suam</strong></span> 
     </span>
    </p>
   </div>
   <div class='ocr_carea' id='block_1_48' title="bbox 1068 331 1858 369">
    <p class='ocr_par' dir='ltr' id='par_1_48' title="bbox 1068 331 1858 369">
     <span class='ocr_line' id='line_1_48' title="bbox 1068 331 1858 369; baseline 0.004 -9"><span class='ocrx_word' id='word_1_353' title='bbox 1068 333 1178 360; x_wconf 83' lang='lat' dir='ltr'><strong>solitam</strong></span> <span class='ocrx_word' id='word_1_354' title='bbox 1209 331 1331 366; x_wconf 64' lang='lat' dir='ltr'><strong>aggressi</strong></span> <span class='ocrx_word' id='word_1_355' title='bbox 1360 336 1425 359; x_wconf 83' lang='lat' dir='ltr'><strong>sunt</strong></span> <span class='ocrx_word' id='word_1_356' title='bbox 1454 334 1654 367; x_wconf 84' lang='lat' dir='ltr'><strong>operationem,</strong></span> <span class='ocrx_word' id='word_1_357' title='bbox 1683 335 1815 369; x_wconf 80' lang='lat' dir='ltr'><strong>pecunias</strong></span> <span class='ocrx_word' id='word_1_358' title='bbox 1830 339 1858 363; x_wconf 85' lang='lat' dir='ltr'><strong>et</strong></span> 
     </span>
    </p>
   </div>
   <div class='ocr_carea' id='block_1_49' title="bbox 1068 378 1851 414">
    <p class='ocr_par' dir='ltr' id='par_1_49' title="bbox 1068 378 1851 414">
     <span class='ocr_line' id='line_1_49' title="bbox 1068 378 1851 414; baseline 0.003 -8"><span class='ocrx_word' id='word_1_359' title='bbox 1068 386 1149 414; x_wconf 76' lang='lat' dir='ltr'><strong>agros</strong></span> <span class='ocrx_word' id='word_1_360' title='bbox 1168 379 1267 413; x_wconf 86' lang='lat' dir='ltr'><strong>partim</strong></span> <span class='ocrx_word' id='word_1_361' title='bbox 1294 378 1406 412; x_wconf 85' lang='lat' dir='ltr'><strong>quidem</strong></span> <span class='ocrx_word' id='word_1_362' title='bbox 1431 379 1521 405; x_wconf 81' lang='lat' dir='ltr'><strong>sacris</strong></span> <span class='ocrx_word' id='word_1_363' title='bbox 1548 380 1653 407; x_wconf 57' lang='lat' dir='ltr'><strong>aedibus</strong></span> <span class='ocrx_word' id='word_1_364' title='bbox 1681 381 1851 414; x_wconf 85' lang='lat' dir='ltr'><strong>dedicantes,</strong></span> 
     </span>
    </p>
   </div>
   <div class='ocr_carea' id='block_1_50' title="bbox 1067 423 1852 460">
    <p class='ocr_par' dir='ltr' id='par_1_50' title="bbox 1067 423 1852 460">
     <span class='ocr_line' id='line_1_50' title="bbox 1067 423 1852 460; baseline 0.004 -10"><span class='ocrx_word' id='word_1_365' title='bbox 1067 423 1167 458; x_wconf 78' lang='lat' dir='ltr'><strong>partim</strong></span> <span class='ocrx_word' id='word_1_366' title='bbox 1197 431 1262 451; x_wconf 86' lang='lat' dir='ltr'><strong>vero</strong></span> <span class='ocrx_word' id='word_1_367' title='bbox 1300 428 1498 451; x_wconf 82' lang='lat' dir='ltr'><strong>consecrantes</strong></span> <span class='ocrx_word' id='word_1_368' title='bbox 1527 425 1728 458; x_wconf 86' lang='lat' dir='ltr'><strong>monasteriis,</strong></span> <span class='ocrx_word' id='word_1_369' title='bbox 1754 427 1852 460; x_wconf 84' lang='lat' dir='ltr'><strong>partim</strong></span> 
     </span>
    </p>
   </div>
   <div class='ocr_carea' id='block_1_51' title="bbox 1067 468 1859 503">
    <p class='ocr_par' dir='ltr' id='par_1_51' title="bbox 1067 468 1859 503">
     <span class='ocr_line' id='line_1_51' title="bbox 1067 468 1859 503; baseline 0.005 -8"><span class='ocrx_word' id='word_1_370' title='bbox 1067 469 1149 495; x_wconf 81' lang='lat' dir='ltr'><strong>etiam</strong></span> <span class='ocrx_word' id='word_1_371' title='bbox 1181 469 1208 496; x_wconf 90' lang='lat' dir='ltr'><strong>in</strong></span> <span class='ocrx_word' id='word_1_372' title='bbox 1237 475 1373 503; x_wconf 76' lang='lat' dir='ltr'><strong>pauperes</strong></span> <span class='ocrx_word' id='word_1_373' title='bbox 1392 468 1576 496; x_wconf 81' lang='lat' dir='ltr'><strong>eiqudcntcs.</strong></span> <span class='ocrx_word' id='word_1_374' title='bbox 1602 469 1648 497; x_wconf 87' lang='lat' dir='ltr'><strong>Sic</strong></span> <span class='ocrx_word' id='word_1_375' title='bbox 1677 478 1706 497; x_wconf 76' lang='lat' dir='ltr'><strong>se</strong></span> <span class='ocrx_word' id='word_1_376' title='bbox 1735 472 1859 500; x_wconf 75' lang='lat' dir='ltr'><strong>levantes</strong></span> 
     </span>
    </p>
   </div>
   <div class='ocr_carea' id='block_1_52' title="bbox 1067 514 1858 551">
    <p class='ocr_par' dir='ltr' id='par_1_52' title="bbox 1067 514 1858 551">
     <span class='ocr_line' id='line_1_52' title="bbox 1067 514 1858 551; baseline 0.001 -9"><span class='ocrx_word' id='word_1_377' title='bbox 1067 515 1143 542; x_wconf 91' lang='lat' dir='ltr'><strong>omni</strong></span> <span class='ocrx_word' id='word_1_378' title='bbox 1158 521 1242 541; x_wconf 89' lang='lat' dir='ltr'><strong>onere</strong></span> <span class='ocrx_word' id='word_1_379' title='bbox 1257 514 1429 547; x_wconf 69' lang='lat' dir='ltr'><strong>divitiarum,</strong></span> <span class='ocrx_word' id='word_1_380' title='bbox 1445 515 1519 541; x_wconf 74' lang='lat' dir='ltr'><strong>leves</strong></span> <span class='ocrx_word' id='word_1_381' title='bbox 1536 519 1562 541; x_wconf 84' lang='lat' dir='ltr'><strong>et</strong></span> <span class='ocrx_word' id='word_1_382' title='bbox 1574 515 1858 551; x_wconf 31' lang='lat' dir='ltr'><strong>expedili‘pergehnnt</strong></span> 
     </span>
    </p>
   </div>
   <div class='ocr_carea' id='block_1_53' title="bbox 1068 559 1858 594">
    <p class='ocr_par' dir='ltr' id='par_1_53' title="bbox 1068 559 1858 594">
     <span class='ocr_line' id='line_1_53' title="bbox 1068 559 1858 594; baseline 0.005 -9"><span class='ocrx_word' id='word_1_383' title='bbox 1068 559 1101 586; x_wconf 84' lang='lat' dir='ltr'><strong>ad</strong></span> <span class='ocrx_word' id='word_1_384' title='bbox 1122 567 1200 586; x_wconf 82' lang='lat' dir='ltr'><strong>veras</strong></span> <span class='ocrx_word' id='word_1_385' title='bbox 1218 560 1347 591; x_wconf 84' lang='lat' dir='ltr'><strong>divitias,</strong></span> <span class='ocrx_word' id='word_1_386' title='bbox 1368 568 1429 593; x_wconf 77' lang='lat' dir='ltr'><strong>qua:</strong></span> <span class='ocrx_word' id='word_1_387' title='bbox 1459 565 1589 587; x_wconf 88' lang='lat' dir='ltr'><strong>emuntur</strong></span> <span class='ocrx_word' id='word_1_388' title='bbox 1614 568 1658 591; x_wconf 90' lang='lat' dir='ltr'><strong>eo,</strong></span> <span class='ocrx_word' id='word_1_389' title='bbox 1689 562 1761 594; x_wconf 85' lang='lat' dir='ltr'><strong>quod</strong></span> <span class='ocrx_word' id='word_1_390' title='bbox 1788 562 1858 589; x_wconf 86' lang='lat' dir='ltr'><strong>nihil</strong></span> 
     </span>
    </p>
   </div>
   <div class='ocr_carea' id='block_1_54' title="bbox 1069 606 1858 641">
    <p class='ocr_par' dir='ltr' id='par_1_54' title="bbox 1069 606 1858 641">
     <span class='ocr_line' id='line_1_54' title="bbox 1069 606 1858 641; baseline 0.004 -9"><span class='ocrx_word' id='word_1_391' title='bbox 1069 606 1242 640; x_wconf 85' lang='lat' dir='ltr'><strong>possideatur</strong></span> <span class='ocrx_word' id='word_1_392' title='bbox 1273 606 1307 632; x_wconf 87' lang='lat' dir='ltr'><strong>ab</strong></span> <span class='ocrx_word' id='word_1_393' title='bbox 1334 606 1368 633; x_wconf 91' lang='lat' dir='ltr'><strong>iis</strong></span> <span class='ocrx_word' id='word_1_394' title='bbox 1389 606 1436 640; x_wconf 89' lang='lat' dir='ltr'><strong>qui</strong></span> <span class='ocrx_word' id='word_1_395' title='bbox 1454 608 1614 633; x_wconf 72' lang='lat' dir='ltr'><strong>thesaurum</strong></span> <span class='ocrx_word' id='word_1_396' title='bbox 1632 607 1676 641; x_wconf 92' lang='lat' dir='ltr'><strong>pie</strong></span> <span class='ocrx_word' id='word_1_397' title='bbox 1691 608 1858 635; x_wconf 84' lang='lat' dir='ltr'><strong>recondunt.</strong></span> 
     </span>
    </p>
   </div>
   <div class='ocr_carea' id='block_1_55' title="bbox 1068 652 1860 688">
    <p class='ocr_par' dir='ltr' id='par_1_55' title="bbox 1068 652 1860 688">
     <span class='ocr_line' id='line_1_55' title="bbox 1068 652 1860 688; baseline 0.004 -9"><span class='ocrx_word' id='word_1_398' title='bbox 1068 652 1171 679; x_wconf 82' lang='lat' dir='ltr'><strong>Civitas</strong></span> <span class='ocrx_word' id='word_1_399' title='bbox 1184 656 1289 684; x_wconf 87' lang='lat' dir='ltr'><strong>autem,</strong></span> <span class='ocrx_word' id='word_1_400' title='bbox 1312 653 1340 680; x_wconf 91' lang='lat' dir='ltr'><strong>in</strong></span> <span class='ocrx_word' id='word_1_401' title='bbox 1377 661 1430 687; x_wconf 91' lang='lat' dir='ltr'><strong>qua</strong></span> <span class='ocrx_word' id='word_1_402' title='bbox 1448 653 1639 684; x_wconf 77' lang='lat' dir='ltr'><strong>versabantur,</strong></span> <span class='ocrx_word' id='word_1_403' title='bbox 1672 654 1860 688; x_wconf 84' lang='lat' dir='ltr'><strong>appellabatur</strong></span> 
     </span>
    </p>
   </div>
   <div class='ocr_carea' id='block_1_56' title="bbox 1068 697 1858 734">
    <p class='ocr_par' dir='ltr' id='par_1_56' title="bbox 1068 697 1858 734">
     <span class='ocr_line' id='line_1_56' title="bbox 1068 697 1858 734; baseline 0.009 -12"><span class='ocrx_word' id='word_1_404' title='bbox 1068 697 1196 732; x_wconf 75' lang='lat' dir='ltr'><strong>Tagaste,</strong></span> <span class='ocrx_word' id='word_1_405' title='bbox 1213 698 1239 725; x_wconf 92' lang='lat' dir='ltr'><strong>in</strong></span> <span class='ocrx_word' id='word_1_406' title='bbox 1252 706 1310 734; x_wconf 86' lang='lat' dir='ltr'><strong>qua</strong></span> <span class='ocrx_word' id='word_1_407' title='bbox 1325 703 1383 725; x_wconf 90' lang='lat' dir='ltr'><strong>erat</strong></span> <span class='ocrx_word' id='word_1_408' title='bbox 1399 706 1510 726; x_wconf 88' lang='lat' dir='ltr'><strong>sacrum</strong></span> <span class='ocrx_word' id='word_1_409' title='bbox 1526 699 1671 733; x_wconf 80' lang='lat' dir='ltr'><strong>templum,</strong></span> <span class='ocrx_word' id='word_1_410' title='bbox 1684 705 1710 726; x_wconf 90' lang='lat' dir='ltr'><strong>et</strong></span> <span class='ocrx_word' id='word_1_411' title='bbox 1727 701 1858 729; x_wconf 79' lang='lat' dir='ltr'><strong>sacerdos</strong></span> 
     </span>
    </p>
   </div>
   <div class='ocr_carea' id='block_1_57' title="bbox 1068 744 1859 781">
    <p class='ocr_par' dir='ltr' id='par_1_57' title="bbox 1068 744 1859 781">
     <span class='ocr_line' id='line_1_57' title="bbox 1068 744 1859 781; baseline 0.005 -11"><span class='ocrx_word' id='word_1_412' title='bbox 1068 744 1177 771; x_wconf 86' lang='lat' dir='ltr'><strong>dicendi</strong></span> <span class='ocrx_word' id='word_1_413' title='bbox 1200 745 1318 779; x_wconf 78' lang='lat' dir='ltr'><strong>peritus,</strong></span> <span class='ocrx_word' id='word_1_414' title='bbox 1345 749 1373 772; x_wconf 91' lang='lat' dir='ltr'><strong>et</strong></span> <span class='ocrx_word' id='word_1_415' title='bbox 1405 745 1451 780; x_wconf 89' lang='lat' dir='ltr'><strong>qui</strong></span> <span class='ocrx_word' id='word_1_416' title='bbox 1478 745 1603 771; x_wconf 86' lang='lat' dir='ltr'><strong>oratione</strong></span> <span class='ocrx_word' id='word_1_417' title='bbox 1621 746 1723 773; x_wconf 88' lang='lat' dir='ltr'><strong>multos</strong></span> <span class='ocrx_word' id='word_1_418' title='bbox 1750 752 1859 781; x_wconf 83' lang='lat' dir='ltr'><strong>poterat</strong></span> 
     </span>
    </p>
   </div>
   <div class='ocr_carea' id='block_1_58' title="bbox 1068 789 1859 829">
    <p class='ocr_par' dir='ltr' id='par_1_58' title="bbox 1068 789 1859 829">
     <span class='ocr_line' id='line_1_58' title="bbox 1068 789 1859 829; baseline 0.006 -13"><span class='ocrx_word' id='word_1_419' title='bbox 1068 789 1198 818; x_wconf 82' lang='lat' dir='ltr'><strong>inducere</strong></span> <span class='ocrx_word' id='word_1_420' title='bbox 1222 791 1255 817; x_wconf 87' lang='lat' dir='ltr'><strong>ad</strong></span> <span class='ocrx_word' id='word_1_421' title='bbox 1274 791 1401 823; x_wconf 73' lang='lat' dir='ltr'><strong>salutent.</strong></span> <span class='ocrx_word' id='word_1_422' title='bbox 1427 791 1538 818; x_wconf 82' lang='lat' dir='ltr'><strong>nomine</strong></span> <span class='ocrx_word' id='word_1_423' title='bbox 1563 790 1678 826; x_wconf 80' lang='lat' dir='ltr'><strong>Alypius</strong></span> <span class='ocrx_word' id='word_1_424' title='bbox 1702 801 1787 820; x_wconf 89' lang='lat' dir='ltr'><strong>:cum</strong></span> <span class='ocrx_word' id='word_1_425' title='bbox 1802 802 1859 829; x_wconf 87' lang='lat' dir='ltr'><strong>quo</strong></span> 
     </span>
    </p>
   </div>
   <div class='ocr_carea' id='block_1_59' title="bbox 1068 840 1857 876">
    <p class='ocr_par' dir='ltr' id='par_1_59' title="bbox 1068 840 1857 876">
     <span class='ocr_line' id='line_1_59' title="bbox 1068 840 1857 876; baseline 0.004 -11"><span class='ocrx_word' id='word_1_426' title='bbox 1068 843 1222 870; x_wconf 81' lang='lat' dir='ltr'><strong>versantes.</strong></span> <span class='ocrx_word' id='word_1_427' title='bbox 1238 847 1316 866; x_wconf 83' lang='lat' dir='ltr'><strong>sacra</strong></span> <span class='ocrx_word' id='word_1_428' title='bbox 1342 840 1548 868; x_wconf 76' lang='lat' dir='ltr'><strong>meditabantur</strong></span> <span class='ocrx_word' id='word_1_429' title='bbox 1565 841 1687 876; x_wconf 82' lang='lat' dir='ltr'><strong>eloquia.</strong></span> <span class='ocrx_word' id='word_1_430' title='bbox 1709 841 1857 876; x_wconf 72' lang='lat' dir='ltr'><strong>Tt&#39;tupltlnl</strong></span> 
     </span>
    </p>
   </div>
   <div class='ocr_carea' id='block_1_60' title="bbox 1069 886 1858 922">
    <p class='ocr_par' dir='ltr' id='par_1_60' title="bbox 1069 886 1858 922">
     <span class='ocr_line' id='line_1_60' title="bbox 1069 886 1858 922; baseline 0.004 -11"><span class='ocrx_word' id='word_1_431' title='bbox 1069 893 1145 917; x_wconf 87' lang='lat' dir='ltr'><strong>vero,</strong></span> <span class='ocrx_word' id='word_1_432' title='bbox 1162 886 1189 912; x_wconf 92' lang='lat' dir='ltr'><strong>in</strong></span> <span class='ocrx_word' id='word_1_433' title='bbox 1209 893 1264 920; x_wconf 88' lang='lat' dir='ltr'><strong>quo</strong></span> <span class='ocrx_word' id='word_1_434' title='bbox 1292 886 1387 920; x_wconf 80' lang='lat' dir='ltr'><strong>agebat</strong></span> <span class='ocrx_word' id='word_1_435' title='bbox 1408 887 1532 922; x_wconf 84' lang='lat' dir='ltr'><strong>Alypius,</strong></span> <span class='ocrx_word' id='word_1_436' title='bbox 1562 888 1709 914; x_wconf 84' lang='lat' dir='ltr'><strong>admodum</strong></span> <span class='ocrx_word' id='word_1_437' title='bbox 1730 888 1858 915; x_wconf 83' lang='lat' dir='ltr'><strong>muniﬁce</strong></span> 
     </span>
    </p>
   </div>
   <div class='ocr_carea' id='block_1_61' title="bbox 1069 932 1859 970">
    <p class='ocr_par' dir='ltr' id='par_1_61' title="bbox 1069 932 1859 970">
     <span class='ocr_line' id='line_1_61' title="bbox 1069 932 1859 970; baseline 0.004 -12"><span class='ocrx_word' id='word_1_438' title='bbox 1069 937 1096 959; x_wconf 90' lang='lat' dir='ltr'><strong>et</strong></span> <span class='ocrx_word' id='word_1_439' title='bbox 1121 932 1212 959; x_wconf 85' lang='lat' dir='ltr'><strong>aureis</strong></span> <span class='ocrx_word' id='word_1_440' title='bbox 1229 934 1410 965; x_wconf 81' lang='lat' dir='ltr'><strong>ornamentis,</strong></span> <span class='ocrx_word' id='word_1_441' title='bbox 1426 939 1452 960; x_wconf 90' lang='lat' dir='ltr'><strong>et</strong></span> <span class='ocrx_word' id='word_1_442' title='bbox 1469 934 1570 960; x_wconf 77' lang='lat' dir='ltr'><strong>lucidis</strong></span> <span class='ocrx_word' id='word_1_443' title='bbox 1589 936 1705 969; x_wconf 81' lang='lat' dir='ltr'><strong>gemmis</strong></span> <span class='ocrx_word' id='word_1_444' title='bbox 1722 939 1749 961; x_wconf 91' lang='lat' dir='ltr'><strong>et</strong></span> <span class='ocrx_word' id='word_1_445' title='bbox 1770 935 1859 970; x_wconf 88' lang='lat' dir='ltr'><strong>pluri-</strong></span> 
     </span>
    </p>
   </div>
   <div class='ocr_carea' id='block_1_62' title="bbox 1070 977 1860 1014">
    <p class='ocr_par' dir='ltr' id='par_1_62' title="bbox 1070 977 1860 1014">
     <span class='ocr_line' id='line_1_62' title="bbox 1070 977 1860 1014; baseline 0.004 -10"><span class='ocrx_word' id='word_1_446' title='bbox 1070 977 1124 1004; x_wconf 83' lang='lat' dir='ltr'><strong>mis</strong></span> <span class='ocrx_word' id='word_1_447' title='bbox 1135 982 1271 1005; x_wconf 89' lang='lat' dir='ltr'><strong>ornaruut</strong></span> <span class='ocrx_word' id='word_1_448' title='bbox 1285 986 1415 1012; x_wconf 78' lang='lat' dir='ltr'><strong>agrorum</strong></span> <span class='ocrx_word' id='word_1_449' title='bbox 1432 980 1624 1013; x_wconf 82' lang='lat' dir='ltr'><strong>proventibus.</strong></span> <span class='ocrx_word' id='word_1_450' title='bbox 1639 980 1680 1006; x_wconf 79' lang='lat' dir='ltr'><strong>Ab</strong></span> <span class='ocrx_word' id='word_1_451' title='bbox 1692 980 1732 1007; x_wconf 83' lang='lat' dir='ltr'><strong>ei&#39;s</strong></span> <span class='ocrx_word' id='word_1_452' title='bbox 1749 987 1860 1014; x_wconf 82' lang='lat' dir='ltr'><strong>quoque</strong></span> 
     </span>
    </p>
   </div>
   <div class='ocr_carea' id='block_1_63' title="bbox 1069 1024 1860 1058">
    <p class='ocr_par' dir='ltr' id='par_1_63' title="bbox 1069 1024 1860 1058">
     <span class='ocr_line' id='line_1_63' title="bbox 1069 1024 1860 1058; baseline 0.003 -7"><span class='ocrx_word' id='word_1_453' title='bbox 1069 1028 1133 1051; x_wconf 83' lang='lat' dir='ltr'><strong>sunt</strong></span> <span class='ocrx_word' id='word_1_454' title='bbox 1160 1024 1290 1051; x_wconf 73' lang='lat' dir='ltr'><strong>aediﬁcata</strong></span> <span class='ocrx_word' id='word_1_455' title='bbox 1316 1024 1370 1050; x_wconf 89' lang='lat' dir='ltr'><strong>duo</strong></span> <span class='ocrx_word' id='word_1_456' title='bbox 1399 1025 1580 1057; x_wconf 88' lang='lat' dir='ltr'><strong>monasteria,</strong></span> <span class='ocrx_word' id='word_1_457' title='bbox 1601 1033 1661 1058; x_wconf 65' lang='lat' dir='ltr'><strong>(tua:</strong></span> <span class='ocrx_word' id='word_1_458' title='bbox 1675 1026 1744 1052; x_wconf 87' lang='lat' dir='ltr'><strong>satis</strong></span> <span class='ocrx_word' id='word_1_459' title='bbox 1774 1026 1860 1053; x_wconf 79' lang='lat' dir='ltr'><strong>habe—</strong></span> 
     </span>
    </p>
   </div>
   <div class='ocr_carea' id='block_1_64' title="bbox 1068 1069 1859 1106">
    <p class='ocr_par' dir='ltr' id='par_1_64' title="bbox 1068 1069 1859 1106">
     <span class='ocr_line' id='line_1_64' title="bbox 1068 1069 1859 1106; baseline 0.005 -11"><span class='ocrx_word' id='word_1_460' title='bbox 1068 1069 1135 1095; x_wconf 86' lang='lat' dir='ltr'><strong>bant</strong></span> <span class='ocrx_word' id='word_1_461' title='bbox 1153 1077 1234 1104; x_wconf 89' lang='lat' dir='ltr'><strong>opum</strong></span> <span class='ocrx_word' id='word_1_462' title='bbox 1253 1075 1279 1096; x_wconf 89' lang='lat' dir='ltr'><strong>et</strong></span> <span class='ocrx_word' id='word_1_463' title='bbox 1301 1076 1496 1105; x_wconf 86' lang='lat' dir='ltr'><strong>proventttum.</strong></span> <span class='ocrx_word' id='word_1_464' title='bbox 1513 1070 1638 1103; x_wconf 83' lang='lat' dir='ltr'><strong>Quorum</strong></span> <span class='ocrx_word' id='word_1_465' title='bbox 1664 1071 1779 1098; x_wconf 82' lang='lat' dir='ltr'><strong>alterum</strong></span> <span class='ocrx_word' id='word_1_466' title='bbox 1796 1072 1859 1106; x_wconf 82' lang='lat' dir='ltr'><strong>qui-</strong></span> 
     </span>
    </p>
   </div>
   <div class='ocr_carea' id='block_1_65' title="bbox 1069 1115 1857 1150">
    <p class='ocr_par' dir='ltr' id='par_1_65' title="bbox 1069 1115 1857 1150">
     <span class='ocr_line' id='line_1_65' title="bbox 1069 1115 1857 1150; baseline 0.004 -8"><span class='ocrx_word' id='word_1_467' title='bbox 1069 1115 1130 1143; x_wconf 88' lang='lat' dir='ltr'><strong>dem</strong></span> <span class='ocrx_word' id='word_1_468' title='bbox 1151 1116 1269 1142; x_wconf 78' lang='lat' dir='ltr'><strong>habebat</strong></span> <span class='ocrx_word' id='word_1_469' title='bbox 1284 1116 1398 1143; x_wconf 90' lang='lat' dir='ltr'><strong>chorum</strong></span> <span class='ocrx_word' id='word_1_470' title='bbox 1414 1117 1549 1148; x_wconf 86' lang='lat' dir='ltr'><strong>virorum,</strong></span> <span class='ocrx_word' id='word_1_471' title='bbox 1566 1125 1681 1144; x_wconf 88' lang='lat' dir='ltr'><strong>numero</strong></span> <span class='ocrx_word' id='word_1_472' title='bbox 1696 1119 1835 1150; x_wconf 71' lang='lat' dir='ltr'><strong>octoginta</strong></span> <span class='ocrx_word' id='word_1_473' title='bbox 1849 1126 1857 1146; x_wconf 75' lang='grc' dir='ltr'>ι</span> 
     </span>
    </p>
   </div>
   <div class='ocr_carea' id='block_1_66' title="bbox 1068 1160 1859 1196">
    <p class='ocr_par' dir='ltr' id='par_1_66' title="bbox 1068 1160 1859 1196">
     <span class='ocr_line' id='line_1_66' title="bbox 1068 1160 1859 1196; baseline 0.005 -10"><span class='ocrx_word' id='word_1_474' title='bbox 1068 1160 1186 1187; x_wconf 83' lang='lat' dir='ltr'><strong>alterunt</strong></span> <span class='ocrx_word' id='word_1_475' title='bbox 1201 1165 1291 1187; x_wconf 88' lang='lat' dir='ltr'><strong>autem</strong></span> <span class='ocrx_word' id='word_1_476' title='bbox 1305 1161 1423 1188; x_wconf 81' lang='lat' dir='ltr'><strong>habebat</strong></span> <span class='ocrx_word' id='word_1_477' title='bbox 1434 1161 1557 1195; x_wconf 75' lang='lat' dir='ltr'><strong>virgines</strong></span> <span class='ocrx_word' id='word_1_478' title='bbox 1573 1169 1634 1196; x_wconf 70' lang='lat' dir='ltr'><strong>qua:</strong></span> <span class='ocrx_word' id='word_1_479' title='bbox 1650 1167 1729 1189; x_wconf 87' lang='lat' dir='ltr'><strong>erant</strong></span> <span class='ocrx_word' id='word_1_480' title='bbox 1743 1170 1859 1191; x_wconf 88' lang='lat' dir='ltr'><strong>tnunero</strong></span> 
     </span>
    </p>
   </div>
   <div class='ocr_carea' id='block_1_67' title="bbox 1069 1206 1362 1240">
    <p class='ocr_par' dir='ltr' id='par_1_67' title="bbox 1069 1206 1362 1240">
     <span class='ocr_line' id='line_1_67' title="bbox 1069 1206 1362 1240; baseline 0 -7"><span class='ocrx_word' id='word_1_481' title='bbox 1069 1211 1177 1233; x_wconf 79' lang='lat' dir='ltr'><strong>centurr</strong></span> <span class='ocrx_word' id='word_1_482' title='bbox 1193 1210 1221 1233; x_wconf 86' lang='lat' dir='ltr'><strong>et</strong></span> <span class='ocrx_word' id='word_1_483' title='bbox 1237 1206 1362 1240; x_wconf 80' lang='lat' dir='ltr'><strong>triginta.</strong></span> 
     </span>
    </p>
   </div>
   <div class='ocr_carea' id='block_1_68' title="bbox 1103 1251 1860 1287">
    <p class='ocr_par' dir='ltr' id='par_1_68' title="bbox 1103 1251 1860 1287">
     <span class='ocr_line' id='line_1_68' title="bbox 1103 1251 1860 1287; baseline 0.004 -9"><span class='ocrx_word' id='word_1_484' title='bbox 1103 1251 1186 1279; x_wconf 78' lang='lat' dir='ltr'><strong>XVII.</strong></span> <span class='ocrx_word' id='word_1_485' title='bbox 1203 1253 1271 1280; x_wconf 86' lang='lat' dir='ltr'><strong>Cum</strong></span> <span class='ocrx_word' id='word_1_486' title='bbox 1291 1254 1349 1280; x_wconf 59' lang='lat' dir='ltr'><strong>haec</strong></span> <span class='ocrx_word' id='word_1_487' title='bbox 1371 1252 1488 1287; x_wconf 85' lang='lat' dir='ltr'><strong>pulchre</strong></span> <span class='ocrx_word' id='word_1_488' title='bbox 1504 1253 1544 1280; x_wconf 91' lang='lat' dir='ltr'><strong>sic</strong></span> <span class='ocrx_word' id='word_1_489' title='bbox 1561 1252 1750 1287; x_wconf 74' lang='lat' dir='ltr'><strong>disposuisset</strong></span> <span class='ocrx_word' id='word_1_490' title='bbox 1774 1254 1860 1281; x_wconf 75' lang='lat' dir='ltr'><strong>Mela-</strong></span> 
     </span>
    </p>
   </div>
   <div class='ocr_carea' id='block_1_69' title="bbox 1069 1298 1857 1333">
    <p class='ocr_par' dir='ltr' id='par_1_69' title="bbox 1069 1298 1857 1333">
     <span class='ocr_line' id='line_1_69' title="bbox 1069 1298 1857 1333; baseline 0 -7"><span class='ocrx_word' id='word_1_491' title='bbox 1069 1306 1114 1330; x_wconf 87' lang='lat' dir='ltr'><strong>ua,</strong></span> <span class='ocrx_word' id='word_1_492' title='bbox 1131 1306 1228 1326; x_wconf 86' lang='lat' dir='ltr'><strong>rursus</strong></span> <span class='ocrx_word' id='word_1_493' title='bbox 1247 1298 1374 1325; x_wconf 79' lang='lat' dir='ltr'><strong>meminit</strong></span> <span class='ocrx_word' id='word_1_494' title='bbox 1397 1298 1573 1325; x_wconf 71' lang='lat' dir='ltr'><strong>abstinentia:</strong></span> <span class='ocrx_word' id='word_1_495' title='bbox 1588 1305 1595 1324; x_wconf 89' lang='lat'><strong>:</strong></span> <span class='ocrx_word' id='word_1_496' title='bbox 1613 1302 1641 1325; x_wconf 86' lang='lat' dir='ltr'><strong>et</strong></span> <span class='ocrx_word' id='word_1_497' title='bbox 1667 1304 1724 1326; x_wconf 88' lang='lat' dir='ltr'><strong>toto</strong></span> <span class='ocrx_word' id='word_1_498' title='bbox 1747 1300 1857 1333; x_wconf 81' lang='lat' dir='ltr'><strong>quidem</strong></span> 
     </span>
    </p>
   </div>
   <div class='ocr_carea' id='block_1_70' title="bbox 1068 1345 1860 1380">
    <p class='ocr_par' dir='ltr' id='par_1_70' title="bbox 1068 1345 1860 1380">
     <span class='ocr_line' id='line_1_70' title="bbox 1068 1345 1860 1380; baseline 0.001 -8"><span class='ocrx_word' id='word_1_499' title='bbox 1068 1345 1112 1373; x_wconf 84' lang='lat' dir='ltr'><strong>die</strong></span> <span class='ocrx_word' id='word_1_500' title='bbox 1132 1353 1266 1379; x_wconf 80' lang='lat' dir='ltr'><strong>generosa</strong></span> <span class='ocrx_word' id='word_1_501' title='bbox 1290 1345 1390 1372; x_wconf 89' lang='lat' dir='ltr'><strong>mulier</strong></span> <span class='ocrx_word' id='word_1_502' title='bbox 1405 1345 1582 1380; x_wconf 83' lang='lat' dir='ltr'><strong>permanebat</strong></span> <span class='ocrx_word' id='word_1_503' title='bbox 1598 1345 1704 1379; x_wconf 77' lang='lat' dir='ltr'><strong>jejuna.</strong></span> <span class='ocrx_word' id='word_1_504' title='bbox 1724 1346 1788 1373; x_wconf 86' lang='lat' dir='ltr'><strong>Sole</strong></span> <span class='ocrx_word' id='word_1_505' title='bbox 1811 1353 1860 1373; x_wconf 85' lang='lat' dir='ltr'><strong>au-</strong></span> 
     </span>
    </p>
   </div>
   <div class='ocr_carea' id='block_1_71' title="bbox 1067 1390 1859 1426">
    <p class='ocr_par' dir='ltr' id='par_1_71' title="bbox 1067 1390 1859 1426">
     <span class='ocr_line' id='line_1_71' title="bbox 1067 1390 1859 1426; baseline -0.001 -7"><span class='ocrx_word' id='word_1_506' title='bbox 1067 1397 1120 1419; x_wconf 79' lang='lat' dir='ltr'><strong>tern</strong></span> <span class='ocrx_word' id='word_1_507' title='bbox 1144 1392 1200 1426; x_wconf 85' lang='lat' dir='ltr'><strong>jam</strong></span> <span class='ocrx_word' id='word_1_508' title='bbox 1221 1391 1385 1423; x_wconf 87' lang='lat' dir='ltr'><strong>occidente,</strong></span> <span class='ocrx_word' id='word_1_509' title='bbox 1408 1398 1505 1424; x_wconf 86' lang='lat' dir='ltr'><strong>parum</strong></span> <span class='ocrx_word' id='word_1_510' title='bbox 1521 1390 1575 1417; x_wconf 90' lang='lat' dir='ltr'><strong>cibi</strong></span> <span class='ocrx_word' id='word_1_511' title='bbox 1593 1391 1728 1423; x_wconf 80' lang='lat' dir='ltr'><strong>sumebat,</strong></span> <span class='ocrx_word' id='word_1_512' title='bbox 1743 1392 1859 1426; x_wconf 83' lang='lat' dir='ltr'><strong>ejusque</strong></span> 
     </span>
    </p>
   </div>
   <div class='ocr_carea' id='block_1_72' title="bbox 1068 1437 1860 1472">
    <p class='ocr_par' dir='ltr' id='par_1_72' title="bbox 1068 1437 1860 1472">
     <span class='ocr_line' id='line_1_72' title="bbox 1068 1437 1860 1472; baseline -0.001 -7"><span class='ocrx_word' id='word_1_513' title='bbox 1068 1439 1152 1470; x_wconf 90' lang='lat' dir='ltr'><strong>duri;</strong></span> <span class='ocrx_word' id='word_1_514' title='bbox 1183 1444 1384 1472; x_wconf 85' lang='lat' dir='ltr'><strong>nonnunquam</strong></span> <span class='ocrx_word' id='word_1_515' title='bbox 1412 1443 1478 1463; x_wconf 82' lang='lat' dir='ltr'><strong>vero</strong></span> <span class='ocrx_word' id='word_1_516' title='bbox 1503 1437 1610 1464; x_wconf 88' lang='lat' dir='ltr'><strong>modico</strong></span> <span class='ocrx_word' id='word_1_517' title='bbox 1635 1437 1687 1463; x_wconf 88' lang='lat' dir='ltr'><strong>olei</strong></span> <span class='ocrx_word' id='word_1_518' title='bbox 1713 1437 1860 1464; x_wconf 68' lang='lat' dir='ltr'><strong>condiebat</strong></span> 
     </span>
    </p>
   </div>
   <div class='ocr_carea' id='block_1_73' title="bbox 1067 1483 1857 1514">
    <p class='ocr_par' dir='ltr' id='par_1_73' title="bbox 1067 1483 1857 1514">
     <span class='ocr_line' id='line_1_73' title="bbox 1067 1483 1857 1514; baseline 0.001 -3"><span class='ocrx_word' id='word_1_519' title='bbox 1067 1485 1226 1512; x_wconf 77' lang='lat' dir='ltr'><strong>obseuium.</strong></span> <span class='ocrx_word' id='word_1_520' title='bbox 1249 1483 1320 1510; x_wconf 81' lang='lat' dir='ltr'><strong>Vino</strong></span> <span class='ocrx_word' id='word_1_521' title='bbox 1338 1488 1428 1510; x_wconf 90' lang='lat' dir='ltr'><strong>autem</strong></span> <span class='ocrx_word' id='word_1_522' title='bbox 1455 1490 1509 1509; x_wconf 92' lang='lat' dir='ltr'><strong>non</strong></span> <span class='ocrx_word' id='word_1_523' title='bbox 1527 1483 1655 1510; x_wconf 85' lang='lat' dir='ltr'><strong>utebatur</strong></span> <span class='ocrx_word' id='word_1_524' title='bbox 1669 1484 1793 1514; x_wconf 82' lang='lat' dir='ltr'><strong>omnino,</strong></span> <span class='ocrx_word' id='word_1_525' title='bbox 1809 1486 1857 1512; x_wconf 69' lang='lat' dir='ltr'><strong>sed</strong></span> 
     </span>
    </p>
   </div>
   <div class='ocr_carea' id='block_1_74' title="bbox 1068 1529 1857 1566">
    <p class='ocr_par' dir='ltr' id='par_1_74' title="bbox 1068 1529 1857 1566">
     <span class='ocr_line' id='line_1_74' title="bbox 1068 1529 1857 1566; baseline 0 -8"><span class='ocrx_word' id='word_1_526' title='bbox 1068 1531 1207 1566; x_wconf 77' lang='lat' dir='ltr'><strong>accipiens</strong></span> <span class='ocrx_word' id='word_1_527' title='bbox 1228 1539 1262 1557; x_wconf 83' lang='lat' dir='ltr'><strong>ex</strong></span> <span class='ocrx_word' id='word_1_528' title='bbox 1296 1531 1375 1557; x_wconf 68' lang='lat' dir='ltr'><strong>melle</strong></span> <span class='ocrx_word' id='word_1_529' title='bbox 1398 1529 1553 1557; x_wconf 82' lang='lat' dir='ltr'><strong>confectam</strong></span> <span class='ocrx_word' id='word_1_530' title='bbox 1585 1530 1748 1564; x_wconf 82' lang='lat' dir='ltr'><strong>potionem,</strong></span> <span class='ocrx_word' id='word_1_531' title='bbox 1774 1539 1857 1565; x_wconf 88' lang='lat' dir='ltr'><strong>quam</strong></span> 
     </span>
    </p>
   </div>
   <div class='ocr_carea' id='block_1_75' title="bbox 1067 1576 1862 1612">
    <p class='ocr_par' dir='ltr' id='par_1_75' title="bbox 1067 1576 1862 1612">
     <span class='ocr_line' id='line_1_75' title="bbox 1067 1576 1862 1612; baseline -0.001 -7"><span class='ocrx_word' id='word_1_532' title='bbox 1067 1578 1156 1605; x_wconf 86' lang='lat' dir='ltr'><strong>solent</strong></span> <span class='ocrx_word' id='word_1_533' title='bbox 1171 1577 1310 1612; x_wconf 85' lang='lat' dir='ltr'><strong>appellare</strong></span> <span class='ocrx_word' id='word_1_534' title='bbox 1327 1576 1482 1607; x_wconf 85' lang='lat' dir='ltr'><strong>conditum,</strong></span> <span class='ocrx_word' id='word_1_535' title='bbox 1497 1576 1537 1602; x_wconf 74' lang='lat' dir='ltr'><strong>sic</strong></span> <span class='ocrx_word' id='word_1_536' title='bbox 1554 1576 1662 1603; x_wconf 78' lang='lat' dir='ltr'><strong>levabat</strong></span> <span class='ocrx_word' id='word_1_537' title='bbox 1678 1577 1764 1604; x_wconf 84' lang='lat' dir='ltr'><strong>sitim.</strong></span> <span class='ocrx_word' id='word_1_538' title='bbox 1778 1576 1862 1604; x_wconf 68' lang='lat' dir='ltr'><strong>Tom-</strong></span> 
     </span>
    </p>
   </div>
   <div class='ocr_carea' id='block_1_76' title="bbox 1066 1623 1858 1658">
    <p class='ocr_par' dir='ltr' id='par_1_76' title="bbox 1066 1623 1858 1658">
     <span class='ocr_line' id='line_1_76' title="bbox 1066 1623 1858 1658; baseline 0.001 -8"><span class='ocrx_word' id='word_1_539' title='bbox 1066 1633 1117 1658; x_wconf 89' lang='lat' dir='ltr'><strong>pus</strong></span> <span class='ocrx_word' id='word_1_540' title='bbox 1136 1631 1214 1655; x_wconf 81' lang='lat' dir='ltr'><strong>vero,</strong></span> <span class='ocrx_word' id='word_1_541' title='bbox 1230 1623 1303 1658; x_wconf 84' lang='lat' dir='ltr'><strong>quod</strong></span> <span class='ocrx_word' id='word_1_542' title='bbox 1323 1623 1417 1650; x_wconf 90' lang='lat' dir='ltr'><strong>multis</strong></span> <span class='ocrx_word' id='word_1_543' title='bbox 1444 1630 1517 1657; x_wconf 73' lang='lat' dir='ltr'><strong>saepe</strong></span> <span class='ocrx_word' id='word_1_544' title='bbox 1541 1623 1666 1650; x_wconf 86' lang='lat' dir='ltr'><strong>obtendit</strong></span> <span class='ocrx_word' id='word_1_545' title='bbox 1691 1628 1717 1650; x_wconf 90' lang='lat' dir='ltr'><strong>et</strong></span> <span class='ocrx_word' id='word_1_546' title='bbox 1737 1625 1858 1652; x_wconf 83' lang='lat' dir='ltr'><strong>retardat</strong></span> 
     </span>
    </p>
   </div>
   <div class='ocr_carea' id='block_1_77' title="bbox 1065 1668 1859 1704">
    <p class='ocr_par' dir='ltr' id='par_1_77' title="bbox 1065 1668 1859 1704">
     <span class='ocr_line' id='line_1_77' title="bbox 1065 1668 1859 1704; baseline 0.001 -7"><span class='ocrx_word' id='word_1_547' title='bbox 1065 1671 1208 1704; x_wconf 83' lang='lat' dir='ltr'><strong>impetum,</strong></span> <span class='ocrx_word' id='word_1_548' title='bbox 1231 1670 1254 1696; x_wconf 89' lang='lat' dir='ltr'><strong>ei</strong></span> <span class='ocrx_word' id='word_1_549' title='bbox 1277 1669 1352 1695; x_wconf 91' lang='lat' dir='ltr'><strong>illum</strong></span> <span class='ocrx_word' id='word_1_550' title='bbox 1381 1668 1516 1695; x_wconf 84' lang='lat' dir='ltr'><strong>reddebat</strong></span> <span class='ocrx_word' id='word_1_551' title='bbox 1544 1668 1692 1695; x_wconf 85' lang='lat' dir='ltr'><strong>acriorem.</strong></span> <span class='ocrx_word' id='word_1_552' title='bbox 1708 1669 1741 1695; x_wconf 86' lang='lat' dir='ltr'><strong>Et</strong></span> <span class='ocrx_word' id='word_1_553' title='bbox 1767 1670 1859 1704; x_wconf 84' lang='lat' dir='ltr'><strong>primo</strong></span> 
     </span>
    </p>
   </div>
   <div class='ocr_carea' id='block_1_78' title="bbox 1064 1714 1856 1752">
    <p class='ocr_par' dir='ltr' id='par_1_78' title="bbox 1064 1714 1856 1752">
     <span class='ocr_line' id='line_1_78' title="bbox 1064 1714 1856 1752; baseline 0 -9"><span class='ocrx_word' id='word_1_554' title='bbox 1064 1718 1175 1752; x_wconf 75' lang='lat' dir='ltr'><strong>quidem</strong></span> <span class='ocrx_word' id='word_1_555' title='bbox 1209 1717 1332 1744; x_wconf 84' lang='lat' dir='ltr'><strong>secuudo</strong></span> <span class='ocrx_word' id='word_1_556' title='bbox 1366 1722 1471 1750; x_wconf 77' lang='lat' dir='ltr'><strong>1uoque</strong></span> <span class='ocrx_word' id='word_1_557' title='bbox 1502 1714 1546 1742; x_wconf 91' lang='lat' dir='ltr'><strong>die</strong></span> <span class='ocrx_word' id='word_1_558' title='bbox 1583 1715 1675 1741; x_wconf 92' lang='lat' dir='ltr'><strong>cibum</strong></span> <span class='ocrx_word' id='word_1_559' title='bbox 1706 1716 1856 1750; x_wconf 87' lang='lat' dir='ltr'><strong>sumebat,</strong></span> 
     </span>
    </p>
   </div>
   <div class='ocr_carea' id='block_1_79' title="bbox 1064 1760 1858 1796">
    <p class='ocr_par' dir='ltr' id='par_1_79' title="bbox 1064 1760 1858 1796">
     <span class='ocr_line' id='line_1_79' title="bbox 1064 1760 1858 1796; baseline -0.001 -6"><span class='ocrx_word' id='word_1_560' title='bbox 1064 1763 1164 1791; x_wconf 81' lang='lat' dir='ltr'><strong>deinde.</strong></span> <span class='ocrx_word' id='word_1_561' title='bbox 1191 1768 1281 1789; x_wconf 90' lang='lat' dir='ltr'><strong>autem</strong></span> <span class='ocrx_word' id='word_1_562' title='bbox 1310 1762 1391 1788; x_wconf 89' lang='lat' dir='ltr'><strong>tertio</strong></span> <span class='ocrx_word' id='word_1_563' title='bbox 1411 1768 1522 1796; x_wconf 84' lang='lat' dir='ltr'><strong>quoque</strong></span> <span class='ocrx_word' id='word_1_564' title='bbox 1542 1760 1597 1792; x_wconf 89' lang='lat' dir='ltr'><strong>die,</strong></span> <span class='ocrx_word' id='word_1_565' title='bbox 1616 1761 1718 1788; x_wconf 88' lang='lat' dir='ltr'><strong>deinde</strong></span> <span class='ocrx_word' id='word_1_566' title='bbox 1740 1764 1858 1796; x_wconf 82' lang='lat' dir='ltr'><strong>septimo</strong></span> 
     </span>
    </p>
   </div>
   <div class='ocr_carea' id='block_1_80' title="bbox 1064 1807 1858 1844">
    <p class='ocr_par' dir='ltr' id='par_1_80' title="bbox 1064 1807 1858 1844">
     <span class='ocr_line' id='line_1_80' title="bbox 1064 1807 1858 1844; baseline -0.001 -9"><span class='ocrx_word' id='word_1_567' title='bbox 1064 1816 1186 1844; x_wconf 86' lang='lat' dir='ltr'><strong>quoque,</strong></span> <span class='ocrx_word' id='word_1_568' title='bbox 1215 1809 1284 1835; x_wconf 86' lang='lat' dir='ltr'><strong>adeo</strong></span> <span class='ocrx_word' id='word_1_569' title='bbox 1313 1812 1339 1834; x_wconf 93' lang='lat' dir='ltr'><strong>ut</strong></span> <span class='ocrx_word' id='word_1_570' title='bbox 1357 1807 1440 1835; x_wconf 88' lang='lat' dir='ltr'><strong>semel</strong></span> <span class='ocrx_word' id='word_1_571' title='bbox 1457 1811 1563 1834; x_wconf 87' lang='lat' dir='ltr'><strong>tantum</strong></span> <span class='ocrx_word' id='word_1_572' title='bbox 1579 1807 1607 1833; x_wconf 89' lang='lat' dir='ltr'><strong>in</strong></span> <span class='ocrx_word' id='word_1_573' title='bbox 1623 1807 1776 1834; x_wconf 83' lang='lat' dir='ltr'><strong>ltebumada</strong></span> <span class='ocrx_word' id='word_1_574' title='bbox 1795 1808 1858 1835; x_wconf 89' lang='lat' dir='ltr'><strong>cibo</strong></span> 
     </span>
    </p>
   </div>
   <div class='ocr_carea' id='block_1_81' title="bbox 1065 1854 1856 1889">
    <p class='ocr_par' dir='ltr' id='par_1_81' title="bbox 1065 1854 1856 1889">
     <span class='ocr_line' id='line_1_81' title="bbox 1065 1854 1856 1889; baseline -0.001 -6"><span class='ocrx_word' id='word_1_575' title='bbox 1065 1861 1231 1885; x_wconf 87' lang='lat' dir='ltr'><strong>vesceretur.</strong></span> <span class='ocrx_word' id='word_1_576' title='bbox 1248 1862 1335 1888; x_wconf 84' lang='lat' dir='ltr'><strong>eoque</strong></span> <span class='ocrx_word' id='word_1_577' title='bbox 1353 1854 1489 1888; x_wconf 79' lang='lat' dir='ltr'><strong>castigato</strong></span> <span class='ocrx_word' id='word_1_578' title='bbox 1516 1858 1543 1880; x_wconf 88' lang='lat' dir='ltr'><strong>et</strong></span> <span class='ocrx_word' id='word_1_579' title='bbox 1572 1857 1735 1888; x_wconf 84' lang='lat' dir='ltr'><strong>temperato,</strong></span> <span class='ocrx_word' id='word_1_580' title='bbox 1760 1860 1786 1882; x_wconf 92' lang='lat' dir='ltr'><strong>et</strong></span> <span class='ocrx_word' id='word_1_581' title='bbox 1809 1855 1856 1889; x_wconf 85' lang='lat' dir='ltr'><strong>qui</strong></span> 
     </span>
    </p>
   </div>
   <div class='ocr_carea' id='block_1_82' title="bbox 1063 1900 1856 1935">
    <p class='ocr_par' dir='ltr' id='par_1_82' title="bbox 1063 1900 1856 1935">
     <span class='ocr_line' id='line_1_82' title="bbox 1063 1900 1856 1935; baseline 0 -6"><span class='ocrx_word' id='word_1_582' title='bbox 1063 1903 1131 1929; x_wconf 92' lang='lat' dir='ltr'><strong>nihil</strong></span> <span class='ocrx_word' id='word_1_583' title='bbox 1152 1902 1266 1929; x_wconf 88' lang='lat' dir='ltr'><strong>omnino</strong></span> <span class='ocrx_word' id='word_1_584' title='bbox 1288 1901 1403 1927; x_wconf 85' lang='lat' dir='ltr'><strong>haberet</strong></span> <span class='ocrx_word' id='word_1_585' title='bbox 1418 1907 1450 1927; x_wconf 89' lang='lat' dir='ltr'><strong>ex</strong></span> <span class='ocrx_word' id='word_1_586' title='bbox 1480 1900 1525 1931; x_wconf 88' lang='lat' dir='ltr'><strong>iis,</strong></span> <span class='ocrx_word' id='word_1_587' title='bbox 1540 1908 1602 1935; x_wconf 72' lang='lat' dir='ltr'><strong>qua:</strong></span> <span class='ocrx_word' id='word_1_588' title='bbox 1623 1905 1740 1934; x_wconf 88' lang='lat' dir='ltr'><strong>possunt</strong></span> <span class='ocrx_word' id='word_1_589' title='bbox 1757 1900 1856 1929; x_wconf 83' lang='lat' dir='ltr'><strong>atierre</strong></span> 
     </span>
    </p>
   </div>
   <div class='ocr_carea' id='block_1_83' title="bbox 1064 1946 1853 1983">
    <p class='ocr_par' dir='ltr' id='par_1_83' title="bbox 1064 1946 1853 1983">
     <span class='ocr_line' id='line_1_83' title="bbox 1064 1946 1853 1983; baseline 0 -9"><span class='ocrx_word' id='word_1_590' title='bbox 1064 1949 1243 1983; x_wconf 86' lang='lat' dir='ltr'><strong>voluptatem.</strong></span> <span class='ocrx_word' id='word_1_591' title='bbox 1274 1946 1358 1974; x_wconf 83' lang='lat' dir='ltr'><strong>Panis</strong></span> <span class='ocrx_word' id='word_1_592' title='bbox 1389 1947 1462 1973; x_wconf 90' lang='lat' dir='ltr'><strong>enim</strong></span> <span class='ocrx_word' id='word_1_593' title='bbox 1489 1946 1587 1979; x_wconf 83' lang='lat' dir='ltr'><strong>durus,</strong></span> <span class='ocrx_word' id='word_1_594' title='bbox 1605 1946 1703 1974; x_wconf 83' lang='lat' dir='ltr'><strong>breves</strong></span> <span class='ocrx_word' id='word_1_595' title='bbox 1729 1949 1853 1982; x_wconf 63' lang='lat' dir='ltr'><strong>quaedam</strong></span> 
     </span>
    </p>
   </div>
   <div class='ocr_carea' id='block_1_84' title="bbox 1063 1992 1855 2029">
    <p class='ocr_par' dir='ltr' id='par_1_84' title="bbox 1063 1992 1855 2029">
     <span class='ocr_line' id='line_1_84' title="bbox 1063 1992 1855 2029; baseline -0.003 -7"><span class='ocrx_word' id='word_1_596' title='bbox 1063 2000 1144 2022; x_wconf 88' lang='lat' dir='ltr'><strong>erant</strong></span> <span class='ocrx_word' id='word_1_597' title='bbox 1174 1995 1234 2029; x_wconf 86' lang='lat' dir='ltr'><strong>ejus</strong></span> <span class='ocrx_word' id='word_1_598' title='bbox 1262 2001 1363 2021; x_wconf 59' lang='lat' dir='ltr'><strong>mensa</strong></span> <span class='ocrx_word' id='word_1_599' title='bbox 1391 1993 1508 2024; x_wconf 74' lang='lat' dir='ltr'><strong>deliciae,</strong></span> <span class='ocrx_word' id='word_1_600' title='bbox 1538 1992 1607 2020; x_wconf 84' lang='lat' dir='ltr'><strong>adeo</strong></span> <span class='ocrx_word' id='word_1_601' title='bbox 1639 1998 1668 2020; x_wconf 92' lang='lat' dir='ltr'><strong>ut</strong></span> <span class='ocrx_word' id='word_1_602' title='bbox 1688 2000 1720 2020; x_wconf 83' lang='lat' dir='ltr'><strong>ea</strong></span> <span class='ocrx_word' id='word_1_603' title='bbox 1747 1993 1855 2028; x_wconf 82' lang='lat' dir='ltr'><strong>jejunio</strong></span> 
     </span>
    </p>
   </div>
   <div class='ocr_carea' id='block_1_85' title="bbox 1063 2038 1853 2074">
    <p class='ocr_par' dir='ltr' id='par_1_85' title="bbox 1063 2038 1853 2074">
     <span class='ocr_line' id='line_1_85' title="bbox 1063 2038 1853 2074; baseline -0.001 -6"><span class='ocrx_word' id='word_1_604' title='bbox 1063 2041 1130 2069; x_wconf 92' lang='lat' dir='ltr'><strong>nihil</strong></span> <span class='ocrx_word' id='word_1_605' title='bbox 1151 2045 1225 2067; x_wconf 66' lang='lat' dir='ltr'><strong>essu</strong></span> <span class='ocrx_word' id='word_1_606' title='bbox 1241 2040 1333 2067; x_wconf 86' lang='lat' dir='ltr'><strong>minus</strong></span> <span class='ocrx_word' id='word_1_607' title='bbox 1352 2039 1503 2066; x_wconf 82' lang='lat' dir='ltr'><strong>laboriosa.</strong></span> <span class='ocrx_word' id='word_1_608' title='bbox 1520 2038 1665 2066; x_wconf 85' lang='lat' dir='ltr'><strong>Scribebat</strong></span> <span class='ocrx_word' id='word_1_609' title='bbox 1688 2043 1779 2066; x_wconf 88' lang='lat' dir='ltr'><strong>autem</strong></span> <span class='ocrx_word' id='word_1_610' title='bbox 1805 2047 1853 2074; x_wconf 82' lang='lat' dir='ltr'><strong>ge-</strong></span> 
     </span>
    </p>
   </div>
   <div class='ocr_carea' id='block_1_86' title="bbox 1064 2083 1854 2118">
    <p class='ocr_par' dir='ltr' id='par_1_86' title="bbox 1064 2083 1854 2118">
     <span class='ocr_line' id='line_1_86' title="bbox 1064 2083 1854 2118; baseline 0 -5"><span class='ocrx_word' id='word_1_611' title='bbox 1064 2093 1164 2114; x_wconf 87' lang='lat' dir='ltr'><strong>nerosa</strong></span> <span class='ocrx_word' id='word_1_612' title='bbox 1186 2086 1232 2112; x_wconf 90' lang='lat' dir='ltr'><strong>illa</strong></span> <span class='ocrx_word' id='word_1_613' title='bbox 1260 2085 1364 2112; x_wconf 78' lang='lat' dir='ltr'><strong>femina</strong></span> <span class='ocrx_word' id='word_1_614' title='bbox 1392 2083 1461 2111; x_wconf 84' lang='lat' dir='ltr'><strong>adeo</strong></span> <span class='ocrx_word' id='word_1_615' title='bbox 1485 2083 1614 2111; x_wconf 81' lang='lat' dir='ltr'><strong>celeriter</strong></span> <span class='ocrx_word' id='word_1_616' title='bbox 1639 2089 1667 2111; x_wconf 89' lang='lat' dir='ltr'><strong>et</strong></span> <span class='ocrx_word' id='word_1_617' title='bbox 1696 2085 1810 2118; x_wconf 79' lang='lat' dir='ltr'><strong>pulchre</strong></span> <span class='ocrx_word' id='word_1_618' title='bbox 1826 2089 1854 2113; x_wconf 90' lang='lat' dir='ltr'><strong>et</strong></span> 
     </span>
    </p>
   </div>
   <div class='ocr_carea' id='block_1_87' title="bbox 1062 2129 1853 2165">
    <p class='ocr_par' dir='ltr' id='par_1_87' title="bbox 1062 2129 1853 2165">
     <span class='ocr_line' id='line_1_87' title="bbox 1062 2129 1853 2165; baseline -0.001 -6"><span class='ocrx_word' id='word_1_619' title='bbox 1062 2133 1131 2160; x_wconf 84' lang='lat' dir='ltr'><strong>citra</strong></span> <span class='ocrx_word' id='word_1_620' title='bbox 1149 2139 1285 2163; x_wconf 80' lang='lat' dir='ltr'><strong>errorem,</strong></span> <span class='ocrx_word' id='word_1_621' title='bbox 1301 2135 1329 2157; x_wconf 84' lang='lat' dir='ltr'><strong>ut</strong></span> <span class='ocrx_word' id='word_1_622' title='bbox 1355 2130 1458 2156; x_wconf 83' lang='lat' dir='ltr'><strong>nullam</strong></span> <span class='ocrx_word' id='word_1_623' title='bbox 1491 2136 1610 2163; x_wconf 84' lang='lat' dir='ltr'><strong>unquam</strong></span> <span class='ocrx_word' id='word_1_624' title='bbox 1635 2129 1714 2156; x_wconf 83' lang='lat' dir='ltr'><strong>daret</strong></span> <span class='ocrx_word' id='word_1_625' title='bbox 1734 2130 1853 2165; x_wconf 84' lang='lat' dir='ltr'><strong>prehen-</strong></span> 
     </span>
    </p>
   </div>
   <div class='ocr_carea' id='block_1_88' title="bbox 1062 2175 1852 2210">
    <p class='ocr_par' dir='ltr' id='par_1_88' title="bbox 1062 2175 1852 2210">
     <span class='ocr_line' id='line_1_88' title="bbox 1062 2175 1852 2210; baseline -0.001 -5"><span class='ocrx_word' id='word_1_626' title='bbox 1062 2178 1142 2206; x_wconf 87' lang='lat' dir='ltr'><strong>dendi</strong></span> <span class='ocrx_word' id='word_1_627' title='bbox 1159 2184 1255 2204; x_wconf 84' lang='lat' dir='ltr'><strong>ansam</strong></span> <span class='ocrx_word' id='word_1_628' title='bbox 1275 2176 1309 2203; x_wconf 89' lang='lat' dir='ltr'><strong>iis</strong></span> <span class='ocrx_word' id='word_1_629' title='bbox 1323 2176 1370 2210; x_wconf 92' lang='lat' dir='ltr'><strong>qui</strong></span> <span class='ocrx_word' id='word_1_630' title='bbox 1396 2178 1461 2202; x_wconf 85' lang='lat' dir='ltr'><strong>sunt</strong></span> <span class='ocrx_word' id='word_1_631' title='bbox 1491 2175 1575 2209; x_wconf 81' lang='lat' dir='ltr'><strong>hujus</strong></span> <span class='ocrx_word' id='word_1_632' title='bbox 1603 2175 1641 2201; x_wconf 83' lang='lat' dir='ltr'><strong>rei</strong></span> <span class='ocrx_word' id='word_1_633' title='bbox 1666 2176 1759 2210; x_wconf 87' lang='lat' dir='ltr'><strong>periti.</strong></span> <span class='ocrx_word' id='word_1_634' title='bbox 1776 2175 1808 2202; x_wconf 83' lang='lat' dir='ltr'><strong>Et</strong></span> <span class='ocrx_word' id='word_1_635' title='bbox 1824 2177 1852 2204; x_wconf 91' lang='lat' dir='ltr'><strong>in</strong></span> 
     </span>
    </p>
   </div>
   <div class='ocr_carea' id='block_1_89' title="bbox 1063 2220 1852 2257">
    <p class='ocr_par' dir='ltr' id='par_1_89' title="bbox 1063 2220 1852 2257">
     <span class='ocr_line' id='line_1_89' title="bbox 1063 2220 1852 2257; baseline -0.005 -5"><span class='ocrx_word' id='word_1_636' title='bbox 1063 2223 1208 2252; x_wconf 85' lang='lat' dir='ltr'><strong>scribendo</strong></span> <span class='ocrx_word' id='word_1_637' title='bbox 1225 2222 1334 2257; x_wconf 88' lang='lat' dir='ltr'><strong>quidem</strong></span> <span class='ocrx_word' id='word_1_638' title='bbox 1357 2221 1504 2248; x_wconf 76' lang='lat' dir='ltr'><strong>maximam</strong></span> <span class='ocrx_word' id='word_1_639' title='bbox 1534 2220 1590 2247; x_wconf 89' lang='lat' dir='ltr'><strong>dici</strong></span> <span class='ocrx_word' id='word_1_640' title='bbox 1617 2225 1722 2255; x_wconf 88' lang='lat' dir='ltr'><strong>partem</strong></span> <span class='ocrx_word' id='word_1_641' title='bbox 1749 2229 1852 2249; x_wconf 87' lang='lat' dir='ltr'><strong>consu-</strong></span> 
     </span>
    </p>
   </div>
   <div class='ocr_carea' id='block_1_90' title="bbox 221 2260 1011 2302">
    <p class='ocr_par' dir='ltr' id='par_1_90' title="bbox 221 2260 1009 2301">
     <span class='ocr_line' id='line_1_90' title="bbox 221 2260 1009 2301; baseline 0.008 -15"><span class='ocrx_word' id='word_1_642' title='bbox 221 2260 334 2295; x_wconf 85' lang='grc' dir='ltr'>μνήμην</span> <span class='ocrx_word' id='word_1_643' title='bbox 353 2261 392 2295; x_wconf 87' lang='grc' dir='ltr'>τῷ</span> <span class='ocrx_word' id='word_1_644' title='bbox 406 2260 448 2288; x_wconf 81' lang='grc' dir='ltr'>νοῒ</span> <span class='ocrx_word' id='word_1_645' title='bbox 461 2263 652 2296; x_wconf 84' lang='grc' dir='ltr'>παρεδίδοσαν.</span> <span class='ocrx_word' id='word_1_646' title='bbox 668 2264 722 2290; x_wconf 76' lang='grc' dir='ltr'><strong>Καὶ</strong></span> <span class='ocrx_word' id='word_1_647' title='bbox 734 2264 838 2290; x_wconf 81' lang='grc' dir='ltr'>τούτων</span> <span class='ocrx_word' id='word_1_648' title='bbox 849 2265 876 2291; x_wconf 82' lang='grc' dir='ltr'><strong>δὲ</strong></span> <span class='ocrx_word' id='word_1_649' title='bbox 893 2265 942 2301; x_wconf 68' lang='grc' dir='ltr'>ἤδη</span> <span class='ocrx_word' id='word_1_650' title='bbox 959 2275 1009 2292; x_wconf 88' lang='grc' dir='ltr'>κα-</span> 
     </span>
    </p>
   </div>
   <div class='ocr_carea' id='block_1_91' title="bbox 1065 2260 1850 2302">
    <p class='ocr_par' dir='ltr' id='par_1_91' title="bbox 1065 2267 1850 2302">
     <span class='ocr_line' id='line_1_91' title="bbox 1065 2267 1850 2302; baseline -0.003 -5"><span class='ocrx_word' id='word_1_651' title='bbox 1065 2270 1164 2298; x_wconf 83' lang='lat' dir='ltr'><strong>luebat.</strong></span> <span class='ocrx_word' id='word_1_652' title='bbox 1184 2268 1297 2296; x_wconf 82' lang='lat' dir='ltr'><strong>Defessa</strong></span> <span class='ocrx_word' id='word_1_653' title='bbox 1319 2275 1384 2295; x_wconf 89' lang='lat' dir='ltr'><strong>vero</strong></span> <span class='ocrx_word' id='word_1_654' title='bbox 1404 2275 1498 2299; x_wconf 86' lang='lat' dir='ltr'><strong>manu,</strong></span> <span class='ocrx_word' id='word_1_655' title='bbox 1516 2267 1588 2294; x_wconf 88' lang='lat' dir='ltr'><strong>oculi</strong></span> <span class='ocrx_word' id='word_1_656' title='bbox 1604 2267 1714 2301; x_wconf 83' lang='lat' dir='ltr'><strong>quidem</strong></span> <span class='ocrx_word' id='word_1_657' title='bbox 1732 2267 1850 2302; x_wconf 85' lang='lat' dir='ltr'><strong>plurima</strong></span> 
     </span>
    </p>
   </div>
   <div class='ocr_carea' id='block_1_92' title="bbox 221 2307 1008 2345">
    <p class='ocr_par' dir='ltr' id='par_1_92' title="bbox 221 2307 1008 2345">
     <span class='ocr_line' id='line_1_92' title="bbox 221 2307 1008 2345; baseline 0.009 -13"><span class='ocrx_word' id='word_1_658' title='bbox 221 2307 327 2341; x_wconf 82' lang='grc' dir='ltr'>μόντων</span> <span class='ocrx_word' id='word_1_659' title='bbox 340 2308 396 2338; x_wconf 82' lang='grc' dir='ltr'>τοῖς</span> <span class='ocrx_word' id='word_1_660' title='bbox 408 2308 477 2342; x_wconf 78' lang='grc' dir='ltr'>πρὸς</span> <span class='ocrx_word' id='word_1_661' title='bbox 491 2307 627 2342; x_wconf 82' lang='grc' dir='ltr'>ὠφέλειαν</span> <span class='ocrx_word' id='word_1_662' title='bbox 645 2310 800 2345; x_wconf 79' lang='grc' dir='ltr'>ὑπούργουν</span> <span class='ocrx_word' id='word_1_663' title='bbox 811 2312 838 2337; x_wconf 76' lang='grc' dir='ltr'>αἱ</span> <span class='ocrx_word' id='word_1_664' title='bbox 851 2312 942 2344; x_wconf 70' lang='grc' dir='ltr'>ἀκοαὶ,</span> <span class='ocrx_word' id='word_1_665' title='bbox 961 2312 1008 2339; x_wconf 78' lang='grc' dir='ltr'>καὶ</span> 
     </span>
    </p>
   </div>
   <div class='ocr_carea' id='block_1_93' title="bbox 219 2353 1009 2393">
    <p class='ocr_par' dir='ltr' id='par_1_93' title="bbox 219 2353 1009 2393">
     <span class='ocr_line' id='line_1_93' title="bbox 219 2353 1009 2393; baseline 0.009 -15"><span class='ocrx_word' id='word_1_666' title='bbox 219 2353 342 2387; x_wconf 79' lang='grc' dir='ltr'>ὁμιλίαις</span> <span class='ocrx_word' id='word_1_667' title='bbox 359 2353 464 2388; x_wconf 84' lang='grc' dir='ltr'>ἀνδρῶν</span> <span class='ocrx_word' id='word_1_668' title='bbox 485 2354 572 2388; x_wconf 80' lang='grc' dir='ltr'>ἁγίων</span> <span class='ocrx_word' id='word_1_669' title='bbox 601 2357 777 2392; x_wconf 79' lang='grc' dir='ltr'>προσέχουσα</span> <span class='ocrx_word' id='word_1_670' title='bbox 803 2355 847 2393; x_wconf 83' lang='grc' dir='ltr'><strong>ἦν.</strong></span> <span class='ocrx_word' id='word_1_671' title='bbox 866 2359 939 2393; x_wconf 77' lang='grc' dir='ltr'>Πρὸς</span> <span class='ocrx_word' id='word_1_672' title='bbox 960 2359 1009 2385; x_wconf 75' lang='grc' dir='ltr'><strong>ἐπὶ</strong></span> 
     </span>
    </p>
   </div>
   <div class='ocr_carea' id='block_1_94' title="bbox 219 2398 1006 2440">
    <p class='ocr_par' dir='ltr' id='par_1_94' title="bbox 219 2398 1006 2440">
     <span class='ocr_line' id='line_1_94' title="bbox 219 2398 1006 2440; baseline 0.009 -16"><span class='ocrx_word' id='word_1_673' title='bbox 219 2398 326 2430; x_wconf 81' lang='grc' dir='ltr'>τούτοις</span> <span class='ocrx_word' id='word_1_674' title='bbox 340 2399 387 2425; x_wconf 77' lang='grc' dir='ltr'>καὶ</span> <span class='ocrx_word' id='word_1_675' title='bbox 403 2401 436 2434; x_wconf 84' lang='grc' dir='ltr'>τῇ</span> <span class='ocrx_word' id='word_1_676' title='bbox 454 2401 520 2435; x_wconf 80' lang='grc' dir='ltr'>εὐχῇ</span> <span class='ocrx_word' id='word_1_677' title='bbox 540 2401 621 2435; x_wconf 80' lang='grc' dir='ltr'>μέρος</span> <span class='ocrx_word' id='word_1_678' title='bbox 637 2403 686 2428; x_wconf 70' lang='grc' dir='ltr'>οὒκ</span> <span class='ocrx_word' id='word_1_679' title='bbox 713 2403 804 2437; x_wconf 78' lang='grc' dir='ltr'>ὀλίγον</span> <span class='ocrx_word' id='word_1_680' title='bbox 820 2404 907 2430; x_wconf 74' lang='grc' dir='ltr'>ἐδίδου</span> <span class='ocrx_word' id='word_1_681' title='bbox 920 2412 928 2420; x_wconf 79' lang='grc'><strong><em>⁸</em></strong></span> <span class='ocrx_word' id='word_1_682' title='bbox 943 2405 960 2440; x_wconf 81' lang='grc' dir='ltr'>ἦ</span> <span class='ocrx_word' id='word_1_683' title='bbox 976 2413 1006 2431; x_wconf 86' lang='grc' dir='ltr'><strong>τε</strong></span> 
     </span>
    </p>
   </div>
   <div class='ocr_carea' id='block_1_95' title="bbox 219 2444 1008 2486">
    <p class='ocr_par' dir='ltr' id='par_1_95' title="bbox 219 2444 1008 2486">
     <span class='ocr_line' id='line_1_95' title="bbox 219 2444 1008 2486; baseline 0.01 -16"><span class='ocrx_word' id='word_1_684' title='bbox 219 2444 274 2480; x_wconf 87' lang='grc' dir='ltr'>γὰρ</span> <span class='ocrx_word' id='word_1_685' title='bbox 286 2444 336 2477; x_wconf 80' lang='grc' dir='ltr'><strong>νὺξ</strong></span> <span class='ocrx_word' id='word_1_686' title='bbox 346 2445 439 2480; x_wconf 85' lang='grc' dir='ltr'>σχεδὸν</span> <span class='ocrx_word' id='word_1_687' title='bbox 454 2446 503 2481; x_wconf 88' lang='grc' dir='ltr'>ὂλη</span> <span class='ocrx_word' id='word_1_688' title='bbox 520 2448 589 2481; x_wconf 82' lang='grc' dir='ltr'>πρὸς</span> <span class='ocrx_word' id='word_1_689' title='bbox 608 2448 694 2484; x_wconf 79' lang='grc' dir='ltr'>αὐτὴν</span> <span class='ocrx_word' id='word_1_690' title='bbox 713 2450 877 2484; x_wconf 82' lang='grc' dir='ltr'>ἀνηλίσκετο</span> <span class='ocrx_word' id='word_1_691' title='bbox 894 2451 941 2477; x_wconf 81' lang='grc' dir='ltr'><strong>δύο</strong></span> <span class='ocrx_word' id='word_1_692' title='bbox 958 2451 1008 2486; x_wconf 85' lang='grc' dir='ltr'>μό-</span> 
     </span>
    </p>
   </div>
   <div class='ocr_carea' id='block_1_96' title="bbox 219 2491 1008 2532">
    <p class='ocr_par' dir='ltr' id='par_1_96' title="bbox 219 2491 1008 2532">
     <span class='ocr_line' id='line_1_96' title="bbox 219 2491 1008 2532; baseline 0.01 -15"><span class='ocrx_word' id='word_1_693' title='bbox 219 2499 272 2517; x_wconf 86' lang='grc' dir='ltr'>νων</span> <span class='ocrx_word' id='word_1_694' title='bbox 283 2491 367 2526; x_wconf 82' lang='grc' dir='ltr'>αύτῆς</span> <span class='ocrx_word' id='word_1_695' title='bbox 381 2491 462 2526; x_wconf 84' lang='grc' dir='ltr'>ὡρῶν</span> <span class='ocrx_word' id='word_1_696' title='bbox 477 2493 517 2528; x_wconf 84' lang='grc' dir='ltr'>τῷ</span> <span class='ocrx_word' id='word_1_697' title='bbox 533 2493 611 2530; x_wconf 83' lang='grc' dir='ltr'>ὕπνῳ</span> <span class='ocrx_word' id='word_1_698' title='bbox 635 2497 838 2532; x_wconf 79' lang='grc' dir='ltr'>νενεμημένων.</span> <span class='ocrx_word' id='word_1_699' title='bbox 863 2496 895 2523; x_wconf 82' lang='grc' dir='ltr'><strong><em>Ἦ</em></strong></span> <span class='ocrx_word' id='word_1_700' title='bbox 909 2497 937 2524; x_wconf 81' lang='grc' dir='ltr'><strong>δὲ</strong></span> <span class='ocrx_word' id='word_1_701' title='bbox 959 2506 1008 2524; x_wconf 85' lang='grc' dir='ltr'>κα·-</span> 
     </span>
    </p>
   </div>
   <div class='ocr_carea' id='block_1_97' title="bbox 218 2537 1007 2579">
    <p class='ocr_par' dir='ltr' id='par_1_97' title="bbox 218 2537 1007 2579">
     <span class='ocr_line' id='line_1_97' title="bbox 218 2537 1007 2579; baseline 0.01 -16"><span class='ocrx_word' id='word_1_702' title='bbox 218 2537 343 2570; x_wconf 74' lang='grc' dir='ltr'>τάκλισις</span> <span class='ocrx_word' id='word_1_703' title='bbox 368 2538 470 2570; x_wconf 82' lang='grc' dir='ltr'>σάκκος</span> <span class='ocrx_word' id='word_1_704' title='bbox 491 2537 526 2574; x_wconf 81' lang='grc' dir='ltr'><strong>ἧν</strong></span> <span class='ocrx_word' id='word_1_705' title='bbox 553 2541 599 2566; x_wconf 73' lang='grc' dir='ltr'><strong>ἐπὶ</strong></span> <span class='ocrx_word' id='word_1_706' title='bbox 627 2541 697 2576; x_wconf 78' lang='grc' dir='ltr'>ψιλῷ</span> <span class='ocrx_word' id='word_1_707' title='bbox 723 2543 763 2578; x_wconf 86' lang='grc' dir='ltr'>τῷ</span> <span class='ocrx_word' id='word_1_708' title='bbox 793 2543 885 2578; x_wconf 65' lang='grc' dir='ltr'>ἐδάφει</span> <span class='ocrx_word' id='word_1_709' title='bbox 911 2544 1007 2579; x_wconf 89' lang='grc' dir='ltr'>κείμε-</span> 
     </span>
    </p>
   </div>
   <div class='ocr_carea' id='block_1_98' title="bbox 218 2583 1006 2623">
    <p class='ocr_par' dir='ltr' id='par_1_98' title="bbox 218 2583 1006 2623">
     <span class='ocr_line' id='line_1_98' title="bbox 218 2583 1006 2623; baseline 0.01 -14"><span class='ocrx_word' id='word_1_710' title='bbox 218 2592 262 2615; x_wconf 83' lang='grc' dir='ltr'><strong>νος</strong></span> <span class='ocrx_word' id='word_1_711' title='bbox 273 2591 281 2599; x_wconf 88' lang='grc'>·</span> <span class='ocrx_word' id='word_1_712' title='bbox 298 2583 375 2618; x_wconf 74' lang='grc' dir='ltr'>ἔλεγε</span> <span class='ocrx_word' id='word_1_713' title='bbox 389 2584 444 2620; x_wconf 81' lang='grc' dir='ltr'><strong>γὰρ</strong></span> <span class='ocrx_word' id='word_1_714' title='bbox 458 2585 514 2612; x_wconf 85' lang='grc' dir='ltr'>δεῖν</span> <span class='ocrx_word' id='word_1_715' title='bbox 531 2586 714 2622; x_wconf 79' lang='grc' dir='ltr'>ἐγρηγορέναι</span> <span class='ocrx_word' id='word_1_716' title='bbox 727 2589 771 2615; x_wconf 82' lang='grc' dir='ltr'><strong>ἀεὶ</strong></span> <span class='ocrx_word' id='word_1_717' title='bbox 785 2590 822 2623; x_wconf 82' lang='grc' dir='ltr'>μὴ</span> <span class='ocrx_word' id='word_1_718' title='bbox 835 2590 951 2622; x_wconf 77' lang='grc' dir='ltr'>εἰδότας,</span> <span class='ocrx_word' id='word_1_719' title='bbox 968 2591 1006 2623; x_wconf 83' lang='grc' dir='ltr'>ὥς</span> 
     </span>
    </p>
   </div>
   <div class='ocr_carea' id='block_1_99' title="bbox 219 2631 1005 2673">
    <p class='ocr_par' dir='ltr' id='par_1_99' title="bbox 219 2631 1005 2673">
     <span class='ocr_line' id='line_1_99' title="bbox 219 2631 1005 2673; baseline 0.01 -17"><span class='ocrx_word' id='word_1_720' title='bbox 219 2639 301 2666; x_wconf 79' lang='grc' dir='ltr'>φησιν</span> <span class='ocrx_word' id='word_1_721' title='bbox 314 2631 331 2665; x_wconf 81' lang='grc' dir='ltr'><strong>ἡ</strong></span> <span class='ocrx_word' id='word_1_722' title='bbox 343 2632 497 2667; x_wconf 82' lang='grc' dir='ltr'>Δεσποτικὴ</span> <span class='ocrx_word' id='word_1_723' title='bbox 509 2633 599 2668; x_wconf 83' lang='grc' dir='ltr'>φωνὴ,</span> <span class='ocrx_word' id='word_1_724' title='bbox 612 2634 678 2669; x_wconf 83' lang='grc' dir='ltr'>ποίᾳ</span> <span class='ocrx_word' id='word_1_725' title='bbox 689 2635 749 2671; x_wconf 69' lang='grc' dir='ltr'>ὥρα</span> <span class='ocrx_word' id='word_1_726' title='bbox 766 2637 779 2662; x_wconf 81' lang='grc' dir='ltr'><em>ὁ</em></span> <span class='ocrx_word' id='word_1_727' title='bbox 791 2637 912 2673; x_wconf 81' lang='grc' dir='ltr'>κλέπτης</span> <span class='ocrx_word' id='word_1_728' title='bbox 926 2637 1005 2673; x_wconf 77' lang='grc' dir='ltr'>ἔρχε-</span> 
     </span>
    </p>
   </div>
   <div class='ocr_carea' id='block_1_100' title="bbox 217 2677 1005 2718">
    <p class='ocr_par' dir='ltr' id='par_1_100' title="bbox 217 2677 1005 2718">
     <span class='ocr_line' id='line_1_100' title="bbox 217 2677 1005 2718; baseline 0.009 -15"><span class='ocrx_word' id='word_1_729' title='bbox 217 2685 273 2704; x_wconf 81' lang='grc' dir='ltr'>ται.</span> <span class='ocrx_word' id='word_1_730' title='bbox 288 2677 339 2704; x_wconf 78' lang='grc' dir='ltr'><strong>Διά</strong></span> <span class='ocrx_word' id='word_1_731' title='bbox 352 2677 441 2704; x_wconf 81' lang='grc' dir='ltr'>ταῦτα</span> <span class='ocrx_word' id='word_1_732' title='bbox 458 2679 506 2705; x_wconf 78' lang='grc' dir='ltr'>καὶ</span> <span class='ocrx_word' id='word_1_733' title='bbox 525 2679 626 2714; x_wconf 78' lang='grc' dir='ltr'>ἑαυτὴν</span> <span class='ocrx_word' id='word_1_734' title='bbox 642 2681 689 2708; x_wconf 70' lang='grc' dir='ltr'><strong>καὶ</strong></span> <span class='ocrx_word' id='word_1_735' title='bbox 706 2682 756 2713; x_wconf 79' lang='grc' dir='ltr'><strong>τὰς</strong></span> <span class='ocrx_word' id='word_1_736' title='bbox 776 2683 825 2709; x_wconf 79' lang='grc' dir='ltr'>σὺν</span> <span class='ocrx_word' id='word_1_737' title='bbox 845 2683 914 2718; x_wconf 83' lang='grc' dir='ltr'>αὐτῇ</span> <span class='ocrx_word' id='word_1_738' title='bbox 935 2692 1005 2718; x_wconf 84' lang='grc' dir='ltr'>παρ-</span> 
     </span>
    </p>
   </div>
   <div class='ocr_carea' id='block_1_101' title="bbox 218 2722 1003 2764">
    <p class='ocr_par' dir='ltr' id='par_1_101' title="bbox 218 2722 1003 2764">
     <span class='ocr_line' id='line_1_101' title="bbox 218 2722 1003 2764; baseline 0.01 -15"><span class='ocrx_word' id='word_1_739' title='bbox 218 2722 314 2755; x_wconf 75' lang='grc' dir='ltr'>Θένους</span> <span class='ocrx_word' id='word_1_740' title='bbox 343 2724 415 2750; x_wconf 80' lang='grc' dir='ltr'>οὕτω</span> <span class='ocrx_word' id='word_1_741' title='bbox 442 2725 649 2761; x_wconf 84' lang='grc' dir='ltr'>παρεσκεύαζεν</span> <span class='ocrx_word' id='word_1_742' title='bbox 673 2727 866 2764; x_wconf 81' lang='grc' dir='ltr'>ἀπομάχεσθαι</span> <span class='ocrx_word' id='word_1_743' title='bbox 881 2731 928 2757; x_wconf 84' lang='grc' dir='ltr'><strong>καὶ</strong></span> <span class='ocrx_word' id='word_1_744' title='bbox 949 2730 1003 2756; x_wconf 85' lang='grc' dir='ltr'><strong>ὑπ-</strong></span> 
     </span>
    </p>
   </div>
   <div class='ocr_carea' id='block_1_102' title="bbox 218 2769 1002 2812">
    <p class='ocr_par' dir='ltr' id='par_1_102' title="bbox 218 2769 1002 2812">
     <span class='ocr_line' id='line_1_102' title="bbox 218 2769 1002 2812; baseline 0.01 -17"><span class='ocrx_word' id='word_1_745' title='bbox 218 2769 291 2805; x_wconf 83' lang='grc' dir='ltr'>έχειν</span> <span class='ocrx_word' id='word_1_746' title='bbox 314 2770 432 2802; x_wconf 80' lang='grc' dir='ltr'>εὐθύνας</span> <span class='ocrx_word' id='word_1_747' title='bbox 447 2771 527 2807; x_wconf 81' lang='grc' dir='ltr'>αὐτῇ.</span> <span class='ocrx_word' id='word_1_748' title='bbox 549 2773 605 2799; x_wconf 82' lang='grc' dir='ltr'><strong>Καὶ</strong></span> <span class='ocrx_word' id='word_1_749' title='bbox 626 2773 704 2806; x_wconf 82' lang='grc' dir='ltr'>λόγος</span> <span class='ocrx_word' id='word_1_750' title='bbox 722 2775 806 2810; x_wconf 85' lang='grc' dir='ltr'>ἀργὸς</span> <span class='ocrx_word' id='word_1_751' title='bbox 831 2777 878 2802; x_wconf 76' lang='grc' dir='ltr'><strong>καὶ</strong></span> <span class='ocrx_word' id='word_1_752' title='bbox 890 2774 956 2812; x_wconf 75' lang='grc' dir='ltr'>ἦθος</span> <span class='ocrx_word' id='word_1_753' title='bbox 971 2778 1002 2803; x_wconf 89' lang='grc' dir='ltr'><strong>ού</strong></span> 
     </span>
    </p>
   </div>
   <div class='ocr_carea' id='block_1_103' title="bbox 219 2815 1001 2857">
    <p class='ocr_par' dir='ltr' id='par_1_103' title="bbox 219 2815 1001 2857">
     <span class='ocr_line' id='line_1_103' title="bbox 219 2815 1001 2857; baseline 0.009 -15"><span class='ocrx_word' id='word_1_754' title='bbox 219 2815 336 2850; x_wconf 71' lang='grc' dir='ltr'>βεϐηκὸς</span> <span class='ocrx_word' id='word_1_755' title='bbox 362 2817 409 2844; x_wconf 74' lang='grc' dir='ltr'>καὶ</span> <span class='ocrx_word' id='word_1_756' title='bbox 435 2817 522 2851; x_wconf 77' lang='grc' dir='ltr'>γέλως</span> <span class='ocrx_word' id='word_1_757' title='bbox 549 2818 672 2854; x_wconf 80' lang='grc' dir='ltr'>ἀκρατὴς</span> <span class='ocrx_word' id='word_1_758' title='bbox 701 2820 750 2847; x_wconf 75' lang='grc' dir='ltr'>καὶ</span> <span class='ocrx_word' id='word_1_759' title='bbox 777 2821 906 2857; x_wconf 79' lang='grc' dir='ltr'>λογισμὸς</span> <span class='ocrx_word' id='word_1_760' title='bbox 932 2823 1001 2855; x_wconf 81' lang='grc' dir='ltr'>ὅλως</span> 
     </span>
    </p>
   </div>
   <div class='ocr_carea' id='block_1_104' title="bbox 254 2907 526 2943">
    <p class='ocr_par' dir='ltr' id='par_1_104' title="bbox 254 2907 526 2943">
     <span class='ocr_line' id='line_1_104' title="bbox 254 2907 526 2943; baseline 0.007 -9"><span class='ocrx_word' id='word_1_761' title='bbox 254 2907 266 2922; x_wconf 78' lang='grc'><strong>⁸</strong></span> <span class='ocrx_word' id='word_1_762' title='bbox 279 2907 346 2935; x_wconf 76' lang='lat' dir='ltr'><strong>Luc.</strong></span> <span class='ocrx_word' id='word_1_763' title='bbox 361 2915 409 2940; x_wconf 80' lang='lat' dir='ltr'><strong>xu,</strong></span> <span class='ocrx_word' id='word_1_764' title='bbox 425 2907 471 2943; x_wconf 80' lang='lat'><strong>39,</strong></span> <span class='ocrx_word' id='word_1_765' title='bbox 480 2908 526 2936; x_wconf 73' lang='grc'><strong>40.</strong></span> 
     </span>
    </p>
   </div>
   <div class='ocr_carea' id='block_1_105' title="bbox 1065 2313 1852 2351">
    <p class='ocr_par' dir='ltr' id='par_1_105' title="bbox 1065 2313 1852 2351">
     <span class='ocr_line' id='line_1_105' title="bbox 1065 2313 1852 2351; baseline -0.004 -7"><span class='ocrx_word' id='word_1_766' title='bbox 1065 2317 1166 2351; x_wconf 86' lang='lat' dir='ltr'><strong>scripta</strong></span> <span class='ocrx_word' id='word_1_767' title='bbox 1179 2315 1387 2350; x_wconf 86' lang='lat' dir='ltr'><strong>percurrebant,</strong></span> <span class='ocrx_word' id='word_1_768' title='bbox 1414 2313 1531 2348; x_wconf 85' lang='lat' dir='ltr'><strong>plurima</strong></span> <span class='ocrx_word' id='word_1_769' title='bbox 1548 2317 1640 2340; x_wconf 87' lang='lat' dir='ltr'><strong>autem</strong></span> <span class='ocrx_word' id='word_1_770' title='bbox 1660 2315 1742 2341; x_wconf 89' lang='lat' dir='ltr'><strong>menti</strong></span> <span class='ocrx_word' id='word_1_771' title='bbox 1762 2315 1852 2342; x_wconf 88' lang='lat' dir='ltr'><strong>trade-</strong></span> 
     </span>
    </p>
   </div>
   <div class='ocr_carea' id='block_1_106' title="bbox 1063 2359 1850 2394">
    <p class='ocr_par' dir='ltr' id='par_1_106' title="bbox 1063 2359 1850 2394">
     <span class='ocr_line' id='line_1_106' title="bbox 1063 2359 1850 2394; baseline -0.003 -5"><span class='ocrx_word' id='word_1_772' title='bbox 1063 2362 1140 2394; x_wconf 82' lang='lat' dir='ltr'><strong>bant,</strong></span> <span class='ocrx_word' id='word_1_773' title='bbox 1162 2366 1192 2388; x_wconf 91' lang='lat' dir='ltr'><strong>ut</strong></span> <span class='ocrx_word' id='word_1_774' title='bbox 1207 2361 1350 2389; x_wconf 85' lang='lat' dir='ltr'><strong>mandaret</strong></span> <span class='ocrx_word' id='word_1_775' title='bbox 1374 2359 1521 2386; x_wconf 70' lang='lat' dir='ltr'><strong>memorias.</strong></span> <span class='ocrx_word' id='word_1_776' title='bbox 1549 2359 1633 2386; x_wconf 79' lang='lat' dir='ltr'><strong>Porro</strong></span> <span class='ocrx_word' id='word_1_777' title='bbox 1651 2367 1716 2387; x_wconf 89' lang='lat' dir='ltr'><strong>vero</strong></span> <span class='ocrx_word' id='word_1_778' title='bbox 1741 2360 1774 2387; x_wconf 83' lang='lat' dir='ltr'><strong>iis</strong></span> <span class='ocrx_word' id='word_1_779' title='bbox 1794 2360 1850 2394; x_wconf 88' lang='lat' dir='ltr'><strong>jam</strong></span> 
     </span>
    </p>
   </div>
   <div class='ocr_carea' id='block_1_107' title="bbox 1064 2405 1850 2440">
    <p class='ocr_par' dir='ltr' id='par_1_107' title="bbox 1064 2405 1850 2440">
     <span class='ocr_line' id='line_1_107' title="bbox 1064 2405 1850 2440; baseline -0.005 -4"><span class='ocrx_word' id='word_1_780' title='bbox 1064 2408 1193 2440; x_wconf 79' lang='lat' dir='ltr'><strong>defessis,</strong></span> <span class='ocrx_word' id='word_1_781' title='bbox 1217 2415 1298 2435; x_wconf 88' lang='lat' dir='ltr'><strong>aures</strong></span> <span class='ocrx_word' id='word_1_782' title='bbox 1326 2406 1361 2434; x_wconf 90' lang='lat' dir='ltr'><strong>iis</strong></span> <span class='ocrx_word' id='word_1_783' title='bbox 1381 2405 1547 2438; x_wconf 87' lang='lat' dir='ltr'><strong>serviebant,</strong></span> <span class='ocrx_word' id='word_1_784' title='bbox 1573 2411 1634 2439; x_wconf 61' lang='lat' dir='ltr'><strong>quae</strong></span> <span class='ocrx_word' id='word_1_785' title='bbox 1660 2405 1798 2439; x_wconf 88' lang='lat' dir='ltr'><strong>pertinent</strong></span> <span class='ocrx_word' id='word_1_786' title='bbox 1813 2406 1850 2433; x_wconf 89' lang='lat' dir='ltr'><strong>ad</strong></span> 
     </span>
    </p>
   </div>
   <div class='ocr_carea' id='block_1_108' title="bbox 1063 2451 1850 2486">
    <p class='ocr_par' dir='ltr' id='par_1_108' title="bbox 1063 2451 1850 2486">
     <span class='ocr_line' id='line_1_108' title="bbox 1063 2451 1850 2486; baseline -0.003 -5"><span class='ocrx_word' id='word_1_787' title='bbox 1063 2455 1225 2486; x_wconf 86' lang='lat' dir='ltr'><strong>utilitatem,</strong></span> <span class='ocrx_word' id='word_1_788' title='bbox 1243 2457 1270 2480; x_wconf 89' lang='lat' dir='ltr'><strong>et</strong></span> <span class='ocrx_word' id='word_1_789' title='bbox 1293 2454 1416 2480; x_wconf 85' lang='lat' dir='ltr'><strong>anintum</strong></span> <span class='ocrx_word' id='word_1_790' title='bbox 1439 2455 1600 2479; x_wconf 82' lang='lat' dir='ltr'><strong>sanctorum</strong></span> <span class='ocrx_word' id='word_1_791' title='bbox 1629 2451 1750 2478; x_wconf 89' lang='lat' dir='ltr'><strong>virorum</strong></span> <span class='ocrx_word' id='word_1_792' title='bbox 1766 2451 1850 2479; x_wconf 81' lang='lat' dir='ltr'><strong>adhi-</strong></span> 
     </span>
    </p>
   </div>
   <div class='ocr_carea' id='block_1_109' title="bbox 1061 2498 1844 2531">
    <p class='ocr_par' dir='ltr' id='par_1_109' title="bbox 1061 2498 1844 2531">
     <span class='ocr_line' id='line_1_109' title="bbox 1061 2498 1844 2531; baseline -0.005 -3"><span class='ocrx_word' id='word_1_793' title='bbox 1061 2501 1145 2529; x_wconf 87' lang='lat' dir='ltr'><strong>bebat</strong></span> <span class='ocrx_word' id='word_1_794' title='bbox 1160 2500 1346 2528; x_wconf 86' lang='lat' dir='ltr'><strong>sermonibus.</strong></span> <span class='ocrx_word' id='word_1_795' title='bbox 1364 2498 1533 2526; x_wconf 63' lang='lat' dir='ltr'><strong>Praeterhaec</strong></span> <span class='ocrx_word' id='word_1_796' title='bbox 1546 2501 1638 2525; x_wconf 91' lang='lat' dir='ltr'><strong>autem</strong></span> <span class='ocrx_word' id='word_1_797' title='bbox 1659 2505 1713 2524; x_wconf 90' lang='lat' dir='ltr'><strong>non</strong></span> <span class='ocrx_word' id='word_1_798' title='bbox 1732 2504 1844 2531; x_wconf 80' lang='lat' dir='ltr'><strong>parvam</strong></span> 
     </span>
    </p>
   </div>
   <div class='ocr_carea' id='block_1_110' title="bbox 1060 2541 1849 2582">
    <p class='ocr_par' dir='ltr' id='par_1_110' title="bbox 1060 2541 1849 2582">
     <span class='ocr_line' id='line_1_110' title="bbox 1060 2541 1849 2582; baseline -0.005 -8"><span class='ocrx_word' id='word_1_799' title='bbox 1060 2554 1170 2582; x_wconf 85' lang='lat' dir='ltr'><strong>quoque</strong></span> <span class='ocrx_word' id='word_1_800' title='bbox 1189 2549 1295 2581; x_wconf 78' lang='lat' dir='ltr'><strong>partem</strong></span> <span class='ocrx_word' id='word_1_801' title='bbox 1313 2544 1453 2572; x_wconf 87' lang='lat' dir='ltr'><strong>tribuebat</strong></span> <span class='ocrx_word' id='word_1_802' title='bbox 1473 2542 1603 2570; x_wconf 83' lang='lat' dir='ltr'><strong>orationi.</strong></span> <span class='ocrx_word' id='word_1_803' title='bbox 1629 2541 1695 2568; x_wconf 86' lang='lat' dir='ltr'><strong>Nam</strong></span> <span class='ocrx_word' id='word_1_804' title='bbox 1714 2546 1770 2570; x_wconf 87' lang='lat' dir='ltr'><strong>tota</strong></span> <span class='ocrx_word' id='word_1_805' title='bbox 1787 2543 1849 2577; x_wconf 90' lang='lat' dir='ltr'><strong>qui-</strong></span> 
     </span>
    </p>
   </div>
   <div class='ocr_carea' id='block_1_111' title="bbox 1059 2588 1846 2622">
    <p class='ocr_par' dir='ltr' id='par_1_111' title="bbox 1059 2588 1846 2622">
     <span class='ocr_line' id='line_1_111' title="bbox 1059 2588 1846 2622; baseline -0.006 -1"><span class='ocrx_word' id='word_1_806' title='bbox 1059 2596 1121 2622; x_wconf 89' lang='lat' dir='ltr'><strong>dem</strong></span> <span class='ocrx_word' id='word_1_807' title='bbox 1136 2601 1189 2621; x_wconf 75' lang='lat' dir='ltr'><strong>nox</strong></span> <span class='ocrx_word' id='word_1_808' title='bbox 1209 2592 1264 2620; x_wconf 79' lang='lat' dir='ltr'><strong>fere</strong></span> <span class='ocrx_word' id='word_1_809' title='bbox 1284 2592 1311 2619; x_wconf 89' lang='lat' dir='ltr'><strong>in</strong></span> <span class='ocrx_word' id='word_1_810' title='bbox 1329 2599 1361 2619; x_wconf 87' lang='lat' dir='ltr'><strong>ea</strong></span> <span class='ocrx_word' id='word_1_811' title='bbox 1382 2590 1609 2622; x_wconf 87' lang='lat' dir='ltr'><strong>consumebatur,</strong></span> <span class='ocrx_word' id='word_1_812' title='bbox 1626 2588 1735 2616; x_wconf 88' lang='lat' dir='ltr'><strong>duabus</strong></span> <span class='ocrx_word' id='word_1_813' title='bbox 1755 2589 1846 2616; x_wconf 90' lang='lat' dir='ltr'><strong>solum</strong></span> 
     </span>
    </p>
   </div>
   <div class='ocr_carea' id='block_1_112' title="bbox 1059 2634 1846 2667">
    <p class='ocr_par' dir='ltr' id='par_1_112' title="bbox 1059 2634 1846 2667">
     <span class='ocr_line' id='line_1_112' title="bbox 1059 2634 1846 2667; baseline -0.008 -1"><span class='ocrx_word' id='word_1_814' title='bbox 1059 2639 1136 2667; x_wconf 84' lang='lat' dir='ltr'><strong>horis</strong></span> <span class='ocrx_word' id='word_1_815' title='bbox 1168 2645 1264 2666; x_wconf 90' lang='lat' dir='ltr'><strong>somno</strong></span> <span class='ocrx_word' id='word_1_816' title='bbox 1283 2637 1318 2664; x_wconf 90' lang='lat' dir='ltr'><strong>ab</strong></span> <span class='ocrx_word' id='word_1_817' title='bbox 1341 2644 1373 2664; x_wconf 88' lang='lat' dir='ltr'><strong>ea</strong></span> <span class='ocrx_word' id='word_1_818' title='bbox 1396 2635 1547 2663; x_wconf 84' lang='lat' dir='ltr'><strong>attributis.</strong></span> <span class='ocrx_word' id='word_1_819' title='bbox 1575 2634 1726 2662; x_wconf 85' lang='lat' dir='ltr'><strong>Accubitus</strong></span> <span class='ocrx_word' id='word_1_820' title='bbox 1755 2638 1846 2661; x_wconf 87' lang='lat' dir='ltr'><strong>autem</strong></span> 
     </span>
    </p>
   </div>
   <div class='ocr_carea' id='block_1_113' title="bbox 1059 2681 1846 2719">
    <p class='ocr_par' dir='ltr' id='par_1_113' title="bbox 1059 2681 1846 2719">
     <span class='ocr_line' id='line_1_113' title="bbox 1059 2681 1846 2719; baseline -0.008 -5"><span class='ocrx_word' id='word_1_821' title='bbox 1059 2691 1130 2719; x_wconf 85' lang='lat' dir='ltr'><strong>erat,</strong></span> <span class='ocrx_word' id='word_1_822' title='bbox 1145 2693 1243 2714; x_wconf 81' lang='lat' dir='ltr'><strong>saccus</strong></span> <span class='ocrx_word' id='word_1_823' title='bbox 1258 2692 1341 2719; x_wconf 87' lang='lat' dir='ltr'><strong>super</strong></span> <span class='ocrx_word' id='word_1_824' title='bbox 1356 2683 1461 2711; x_wconf 92' lang='lat' dir='ltr'><strong>nudum</strong></span> <span class='ocrx_word' id='word_1_825' title='bbox 1484 2681 1572 2710; x_wconf 89' lang='lat' dir='ltr'><strong>solum</strong></span> <span class='ocrx_word' id='word_1_826' title='bbox 1596 2681 1714 2716; x_wconf 86' lang='lat' dir='ltr'><strong>positus.</strong></span> <span class='ocrx_word' id='word_1_827' title='bbox 1735 2681 1846 2708; x_wconf 75' lang='lat' dir='ltr'><strong>Dicebat</strong></span> 
     </span>
    </p>
   </div>
   <div class='ocr_carea' id='block_1_114' title="bbox 1060 2727 1846 2766">
    <p class='ocr_par' dir='ltr' id='par_1_114' title="bbox 1060 2727 1846 2766">
     <span class='ocr_line' id='line_1_114' title="bbox 1060 2727 1846 2766; baseline -0.006 -7"><span class='ocrx_word' id='word_1_828' title='bbox 1060 2733 1156 2760; x_wconf 85' lang='lat' dir='ltr'><strong>enim:</strong></span> <span class='ocrx_word' id='word_1_829' title='bbox 1176 2731 1289 2766; x_wconf 82' lang='lat' dir='ltr'><strong>Oportet</strong></span> <span class='ocrx_word' id='word_1_830' title='bbox 1315 2737 1423 2763; x_wconf 85' lang='lat' dir='ltr'><strong>semper</strong></span> <span class='ocrx_word' id='word_1_831' title='bbox 1447 2728 1571 2763; x_wconf 79' lang='lat' dir='ltr'><strong>vigilare,</strong></span> <span class='ocrx_word' id='word_1_832' title='bbox 1595 2735 1658 2754; x_wconf 87' lang='lat' dir='ltr'><strong>cum</strong></span> <span class='ocrx_word' id='word_1_833' title='bbox 1678 2727 1846 2760; x_wconf 84' lang='lat' dir='ltr'><strong>nesciamus,</strong></span> 
     </span>
    </p>
   </div>
   <div class='ocr_carea' id='block_1_115' title="bbox 1059 2773 1846 2810">
    <p class='ocr_par' dir='ltr' id='par_1_115' title="bbox 1059 2773 1846 2810">
     <span class='ocr_line' id='line_1_115' title="bbox 1059 2773 1846 2810; baseline -0.008 -4"><span class='ocrx_word' id='word_1_834' title='bbox 1059 2785 1090 2806; x_wconf 93' lang='lat' dir='ltr'><strong>ut</strong></span> <span class='ocrx_word' id='word_1_835' title='bbox 1107 2786 1156 2805; x_wconf 81' lang='lat' dir='ltr'><strong>vox</strong></span> <span class='ocrx_word' id='word_1_836' title='bbox 1172 2783 1214 2805; x_wconf 86' lang='lat' dir='ltr'><strong>est</strong></span> <span class='ocrx_word' id='word_1_837' title='bbox 1231 2777 1370 2804; x_wconf 88' lang='lat' dir='ltr'><strong>Dominica</strong></span> <span class='ocrx_word' id='word_1_838' title='bbox 1383 2776 1403 2808; x_wconf 73' lang='lat'><strong>‘,</strong></span> <span class='ocrx_word' id='word_1_839' title='bbox 1417 2783 1470 2810; x_wconf 88' lang='lat' dir='ltr'><strong>qtta</strong></span> <span class='ocrx_word' id='word_1_840' title='bbox 1490 2775 1557 2802; x_wconf 79' lang='lat' dir='ltr'><strong>liora</strong></span> <span class='ocrx_word' id='word_1_841' title='bbox 1584 2774 1628 2801; x_wconf 84' lang='lat' dir='ltr'><strong>fur</strong></span> <span class='ocrx_word' id='word_1_842' title='bbox 1656 2774 1759 2801; x_wconf 82' lang='lat' dir='ltr'><strong>veniat.</strong></span> <span class='ocrx_word' id='word_1_843' title='bbox 1779 2773 1846 2801; x_wconf 84' lang='lat' dir='ltr'><strong>Pro-</strong></span> 
     </span>
    </p>
   </div>
   <div class='ocr_carea' id='block_1_116' title="bbox 1059 2819 1845 2860">
    <p class='ocr_par' dir='ltr' id='par_1_116' title="bbox 1059 2819 1845 2860">
     <span class='ocr_line' id='line_1_116' title="bbox 1059 2819 1845 2860; baseline -0.009 -8"><span class='ocrx_word' id='word_1_844' title='bbox 1059 2829 1152 2860; x_wconf 82' lang='lat' dir='ltr'><strong>pterea</strong></span> <span class='ocrx_word' id='word_1_845' title='bbox 1180 2829 1207 2851; x_wconf 89' lang='lat' dir='ltr'><strong>et</strong></span> <span class='ocrx_word' id='word_1_846' title='bbox 1235 2831 1275 2855; x_wconf 84' lang='lat' dir='ltr'><strong>se,</strong></span> <span class='ocrx_word' id='word_1_847' title='bbox 1294 2826 1320 2850; x_wconf 90' lang='lat' dir='ltr'><strong>et</strong></span> <span class='ocrx_word' id='word_1_848' title='bbox 1337 2829 1398 2856; x_wconf 73' lang='lat' dir='ltr'><strong>qua:</strong></span> <span class='ocrx_word' id='word_1_849' title='bbox 1416 2827 1510 2848; x_wconf 90' lang='lat' dir='ltr'><strong>secum</strong></span> <span class='ocrx_word' id='word_1_850' title='bbox 1527 2824 1606 2847; x_wconf 86' lang='lat' dir='ltr'><strong>erant</strong></span> <span class='ocrx_word' id='word_1_851' title='bbox 1635 2819 1757 2855; x_wconf 78' lang='lat' dir='ltr'><strong>virgines</strong></span> <span class='ocrx_word' id='word_1_852' title='bbox 1769 2839 1777 2848; x_wconf 91' lang='lat'><strong>.</strong></span> <span class='ocrx_word' id='word_1_853' title='bbox 1803 2819 1845 2846; x_wconf 90' lang='lat' dir='ltr'><strong>sic</strong></span> 
     </span>
    </p>
   </div>
  </div>
