2056 3151
234 176 287 207 775

851 169 993 201 ΜΕΝΒῘΞ
1012 167 1228 200 DECEMBER.

1811 170 1864 202 ’ΠΒ

236 237 303 258 nns
329 229 466 260 manibus,
481 227 551 254 sicut
563 227 739 263 Carthagine.
757 226 825 255 Cum
844 227 1019 254 adventasset
1034 247 1038 255 ι

1090 224 1208 259 αὸούσης
1227 223 1314 259 είσῄςι
1328 223 1379 258 μὲν
1401 223 1441 256 είς
1455 223 1504 251 τδν
1520 225 1656 260 σωτήριον
1673 225 1724 260 τῆς
1741 225 1866 254 ἀναστά-

235 281 325 304 autem
341 282 468 309 vespera.
496 274 707 310 ingrediebatur
723 274 835 309 quidem
858 273 884 300 in
903 273 1024 300 salutare

235 324 391 357 sepulcrum
419 321 658 353 resurrectionis,
687 322 784 348 clauso
811 328 878 348 vero
911 321 1023 354 templo.

235 369 363 396 manebat
379 368 464 398 intus,
477 375 504 395 et
520 367 610 395 oratio
635 373 718 395 noctu
747 368 782 394 ab
805 375 837 395 ea
853 368 948 394 tandiu
964 374 1027 402 pro-

235 414 398 445 ducebatnr,
421 414 510 441 donec
528 413 648 447 ingressi
671 418 765 441 essent
781 414 914 440 matutina
931 418 1027 439 canta-

235 460 291 488 turi
320 461 437 487 cantica.
467 459 618 493 Postquam
646 465 735 486 autettt
765 458 845 485 ﬁnem
881 462 1027 493 acceperat

237 507 413 541 gloriliczitio,
431 510 496 532 tunc
510 506 568 541 ipsa
587 512 697 540 quoque
710 512 812 539 corpus
827 512 924 539 parum
945 504 1029 531 dabat

238 560 338 580 somno
359 557 384 578 et
406 552 502 585 qttieti.

274 598 345 626 XXI.
361 598 428 625 Cum
447 605 520 630 vero,
538 597 612 624 sicut
636 603 650 623 a
675 604 719 624 me
734 597 837 624 dictum
857 600 911 627 est,
935 603 1030 631 paucae

238 645 362 679 quautam
384 644 546 670 facultatum
573 643 696 678 reliquiae
721 641 745 670 ei
767 641 862 670 Roma:
875 643 1028 670 remansis-

239 695 311 721 sent,
328 695 355 717 et
376 690 486 716 cuidam
505 697 538 716 ex
559 689 685 716 ﬁdelibus
713 690 873 716 mandatum
899 694 982 722 esset,
1000 691 1030 716 ut

239 744 287 764 eas
303 740 469 771 proponeret
495 736 629 763 eruendas
644 736 810 767 volentibus,
824 741 967 770 postquam
985 736 1031 763 ille

241 781 294 808 hoc
314 782 434 812 fecisset,
454 789 552 807 aurum
571 780 604 807 ad
630 788 678 808 eos
706 781 792 808 mittit
815 781 1030 816 Jerosolymam.

243 828 295 861 Qui
323 828 403 855 solita
429 832 538 855 utentes
566 828 760 862 benignitate.
778 835 826 855 eas
843 828 1030 855 haereditatem

244 873 370 901 fecerunt
397 874 548 908 egentium.
578 873 627 900 llic
659 881 722 900 cum
749 874 909 907 aliquandiu
939 878 1032 901 essent

243 921 359 950 versali,
371 920 476 946 videret
492 923 583 946 autem
599 918 702 945 Melana
727 924 841 946 matrem
859 927 937 946 suam
957 919 1033 946 senio

243 971 272 992 et
286 970 410 1000 tempore
426 965 546 999 gravari,
564 972 623 991 eam
642 965 698 992 illic
713 965 856 1000 relinquit,
872 966 1036 999 rogavitque

246 1015 278 1038 ttt
288 1018 319 1038 ea
336 1011 392 1037 illic
418 1015 527 1045 pararet
541 1011 748 1038 tabernaculum
766 1012 792 1038 in
817 1016 910 1038 monte
926 1011 1034 1038 Oliveti.

249 1059 299 1085 llla
317 1065 382 1084 vero
400 1058 475 1084 venit
502 1057 528 1083 in
557 1057 719 1092 Aigyptnm,
737 1065 788 1083 una
804 1065 865 1084 cum
883 1057 1035 1091 Apeniano,

247 1108 306 1131 tum
324 1104 397 1139 quod
419 1104 521 1130 vellent
537 1103 631 1129 videre
648 1108 769 1135 sanctos,
783 1103 829 1137 qui
844 1108 922 1130 erant
940 1103 967 1129 in
991 1110 1035 1134 ea,

245 1155 302 1177 tum
332 1151 427 1181 etiam,
458 1154 486 1175 ut
512 1157 561 1176 sua
582 1149 751 1183 benignitate
771 1149 943 1183 impertirent
967 1156 1035 1178 eos,

245 1196 292 1229 qui
311 1196 366 1222 illic
382 1200 470 1227 erant,
488 1202 636 1229 pauperes.
665 1194 694 1220 lli
724 1203 789 1228 ergo
816 1195 971 1224 venientes.
998 1194 1038 1220 fa-

246 1243 357 1269 ciebant
381 1242 407 1268 id
433 1247 546 1276 propter
566 1241 640 1276 quod
664 1245 810 1271 venerant,
833 1244 860 1267 et
882 1249 929 1268 eos
944 1242 1037 1275 quise

247 1289 274 1314 in
292 1289 393 1323 pietate
409 1287 589 1317 exercebant,
606 1287 730 1313 obibant.
753 1286 822 1313 Cum
837 1292 926 1313 autem
942 1294 1037 1313 acces-

247 1335 349 1361 sissent
368 1333 400 1360 ad
427 1333 565 1368 quoddam
588 1333 812 1363 tabernaculum,
829 1333 903 1366 quod
920 1333 991 1367 apud
1009 1340 1038 1358 se

247 1380 367 1407 habebat
387 1381 476 1406 virum
500 1379 527 1404 in
555 1378 731 1412 philosophia
751 1378 913 1408 maximum,
931 1380 973 1405 cui
990 1386 1040 1405 no-

249 1433 312 1453 men
338 1430 396 1452 erat
416 1425 586 1459 Epliasstion,
603 1424 738 1457 rogabant
758 1430 790 1451 ut
805 1425 864 1459 ipse
879 1433 989 1460 quoque
1007 1432 1038 1451 ea

249 1479 310 1504 qua:
333 1472 391 1502 alii,
407 1471 597 1505 participaret.
615 1469 683 1495 Cum
713 1470 736 1497 is
760 1476 852 1498 autent
882 1476 1036 1502 recusaret,

249 1518 313 1551 quid
340 1525 395 1545 non
423 1517 488 1545 fecit
511 1517 615 1545 Melana
634 1537 640 1548 .
658 1518 754 1544 volens
777 1517 801 1543 ci
823 1519 991 1551 persuadere
1009 1522 1038 1544 ut

1077 279 1148 302 σεως
1175 270 1280 304 τάφον·
1312 269 1486 302 κλεισθέντος
1504 270 1532 297 δὲ
1548 270 1603 303 ζτοῦ
1633 271 1698 298 ναοῦ
1728 271 1868 307 ὑπέμενεν

1077 317 1162 349 ἔνδον,
1185 316 1234 343 καὶ
1252 316 1268 351 ἡ
1283 316 1423 351 προσευχὴ
1453 317 1492 348 είς
1518 317 1648 344 τοσοῦτον
1673 318 1742 353 αὐτῇ
1770 318 1869 350 νυκτὸς

1078 362 1253 397 παρετείνετο
1267 362 1318 394 ἕως
1334 362 1359 388 οἱ
1372 363 1461 388 ἐκεῖσε
1473 363 1523 394 τὰς
1547 363 1612 398 περὶ
1625 363 1672 389 τὸν
1687 363 1784 398 δροριν
1797 364 1870 399 ᾠδὰς

1078 408 1206 443 εἰσῄεσαν
1222 407 1344 442 ᾄτοντες.
1369 407 1445 433 Ἐπεὶ
1461 407 1489 434 δὲ
1503 408 1590 443 πέρας
1611 407 1667 444 εἶχε
1684 410 1718 436 τὰ
1729 410 1779 444 τῆς
1796 410 1870 443 δοξο-

1079 454 1185 488 λογίας,
1200 455 1262 480 τότε
1285 454 1316 488 δὴ
1332 455 1379 480 καὶ
1395 454 1464 489 αὑτὴ
1480 455 1511 481 τὸ
1535 455 1616 490 σῶμα
1633 455 1720 491 βραχὺ
1738 456 1778 492 τῷ
1793 456 1870 492 ὕπνῳ

1080 501 1286 527 διαναπαύουσα
1301 499 1346 535 ἦν.

1117 592 1183 619 KA'.
1205 592 1313 627 Ἐπειδὴ
1329 592 1369 625 δὲ,
1382 592 1477 627 ὥσπερ
1500 602 1546 628 μοι
1558 593 1676 629 εἴρηται.
1692 593 1796 629 βραχέα
1809 595 1871 622 τινὰ

1081 638 1197 673 λείψανα
1214 639 1266 671 τῆς
1287 639 1382 670 οὐσίας
1401 641 1430 666 ἑν
1453 640 1548 675 Ῥώμῃ
1564 641 1633 675 αὐτῇ
1661 641 1871 674 καταλέλειπτο,

1082 686 1129 712 καί
1149 694 1203 712 τινι
1218 685 1272 711 τῶν
1297 686 1402 712 πιστῶν
1420 687 1562 721 ἐπετράπη
1581 686 1649 713 ὥνια
1672 687 1758 713 ταῦτα
1777 687 1873 714 θέσθαι

1082 733 1138 763 τοῖς
1155 732 1328 767 βουλομένοις
1339 741 1346 748 ·
1368 731 1440 759 οὕτω
1457 733 1565 768 πράξας
1589 735 1693 765 ἐκεῖνος
1714 735 1760 760 τὸν
1775 735 1874 769 χρυσὸν

1082 778 1174 809 αὐτοῖς
1192 777 1317 812 ἔπεμπεν
1333 778 1373 809 είς
1395 777 1580 812 Ἰεροσόλυμα,
1596 779 1620 805 οἳ
1639 780 1689 806 καὶ
1705 780 1754 814 τὴν
1772 779 1874 815 συνήθη

1083 823 1288 859 φιλανθρωπίαν
1315 824 1531 857 μεταδιώκοντες
1551 824 1653 859 κλῆρον
1668 826 1715 852 καὶ
1737 827 1809 852 αὑτὰ
1822 827 1876 852 τῶν

1083 870 1218 904 δεομένων
1241 871 1358 898 ἐποίουν.
1382 870 1516 897 Ἐνταῦθα
1530 872 1625 906 χρόνον
1641 873 1703 898 τινὰ
1721 873 1878 907 διατρίψαν-

1087 925 1144 948 τες,
1175 917 1236 942 ἐπεὶ
1261 916 1310 951 τὴν
1325 917 1431 951 μητέρα
1444 918 1493 951 τὴν
1508 919 1606 953 ἑαυτῆς
1637 919 1649 952 ἡ
1667 919 1777 952 Msth
1804 919 1878 953 γήρᾳ

1087 971 1116 988 τε
1135 963 1180 988 καὶ
1198 962 1304 997 χρόνοις
1325 963 1399 997 ἑώρα
1423 962 1624 999 βαρυνομένην,
1642 964 1735 993 αὐτοῦ,
1748 964 1878 991 καταὶεί-

1088 1017 1144 1038 πει,
1158 1008 1235 1042 ἠξίου
1254 1017 1283 1034 τε
1300 1008 1403 1042 σκηνὴν
1417 1009 1580 1042 εὐτρεπίσαι
1606 1009 1693 1044 ταύτῃ
1718 1011 1747 1035 ἐν
1765 1009 1804 1044 τῷ
1820 1009 1877 1044 δρει

1087 1053 1142 1078 τῶν
1167 1053 1294 1079 Ἐλαιῶν.
1314 1052 1347 1079 ἹΙ
1365 1053 1393 1079 δὲ
1415 1053 1524 1088 σύναμα
1538 1054 1576 1088 τῷ
1602 1054 1754 1088 Ἀπενιανῴ
1777 1056 1815 1085 εἰς
1828 1055 1877 1081 Δί-

1087 1108 1191 1134 γυτττον
1207 1100 1361 1133 ἀφικνεῖτο,
1379 1101 1448 1134 ὀμοῦ
1467 1101 1516 1135 μὲν
1542 1101 1684 1136 ἱστορῆσαι
1701 1102 1748 1127 καὶ
1771 1102 1835 1132 τοὺς
1849 1101 1878 1127 ὲν

1087 1145 1173 1182 ταύτῃ
1188 1147 1283 1180 ἁγίους
1309 1147 1410 1181 ἄνδρας
1433 1147 1602 1182 βουλόμενοι,
1616 1148 1686 1182 ὁμοῦ
1709 1148 1737 1173 δὲ
1760 1149 1879 1179 καὶτοῖς

1088 1193 1177 1218 ἐκεῖσε
1195 1193 1293 1227 πένησι
1308 1193 1358 1227 τῆς
1375 1194 1481 1219 ἑαυτῶν
1502 1195 1687 1229 χρηστότητος
1705 1194 1878 1229 μεταδοῦναι.

1088 1233 1169 1263 Οὗτοι
1186 1238 1237 1272 μὲν
1251 1238 1297 1264 οὖν
1312 1239 1427 1273 ἥκοντες
1443 1239 1485 1273 ἐφ’
1499 1237 1574 1274 ᾧπερ
1589 1237 1657 1274 ἧκον
1672 1241 1718 1266 καὶ
1734 1240 1879 1274 ἔπραττον,

1089 1283 1137 1309 καὶ
1151 1283 1215 1314 τοὺς
1229 1284 1353 1317 ἀσκητάς
1365 1285 1549 1319 περιήρχοντο
1559 1293 1566 1299 ”
1578 1287 1626 1320 μιᾷ
1640 1286 1669 1312 δέ
1681 1295 1735 1312 τινι
1747 1287 1801 1312 silv
1817 1294 1882 1320 σκη-

1089 1329 1144 1354 νῶν
1161 1330 1320 1360 ὲπιστάντες
1337 1330 1398 1364 ἥτις
1415 1331 1500 1365 ἄνδρα
1522 1332 1651 1366 μέγιστον
1667 1333 1705 1363 εἰς
1721 1332 1883 1366 φιλοςοιρίαν

1090 1375 1155 1409 παρ’
1178 1376 1263 1410 ἑαυτῇ
1287 1376 1397 1410 ἔφερεν,
1431 1377 1600 1410 Ἡφαιστίων
1629 1378 1704 1411 αὐτῷ
1726 1379 1756 1404 τὸ
1783 1379 1881 1413 δνομαι

1090 1422 1197 1448 ἐδέοντο
1211 1423 1259 1448 καὶ
1284 1423 1367 1449 αὑτὸν
1391 1420 1428 1449 ὧν
1445 1424 1547 1449 ἐδίδουν
1562 1426 1619 1455 τοῖς
1646 1425 1738 1456 ἄλλοις
1763 1424 1883 1459 μεταλά-

1090 1467 1160 1494 ϐεῐν.
1176 1468 1229 1494 Τοῦ
1254 1468 1281 1494 δὲ
1299 1470 1529 1504 παραιτουμένου,
1541 1470 1651 1504 Μελάνη
1668 1471 1694 1496 τί
1724 1471 1762 1506 μὴ
1785 1471 1883 1503 ἐποίει,

1092 1516 1188 1541 πεῖσαι
1207 1515 1252 1542 τὸν
1275 1516 1359 1551 ἄνδρα
1382 1515 1533 1552 βουλομένη
1562 1517 1673 1551 λαὸεῖν;
1698 1519 1774 1545 Ἐπεὶ
1797 1519 1825 1545 δὲ
1847 1519 1884 1554 μὴ

250 1564 404 1598 acciperet?
427 1563 496 1591 Cum
521 1571 586 1591 vero
613 1571 669 1590 non
686 1563 877 1598 persuaderet,
896 1563 950 1590 tale
970 1563 1036 1598 quid

1094 1560 1197 1592 ἔπειθε,
1218 1563 1374 1596 μηχανᾶταί
1391 1571 1417 1589 τι
1439 1563 1519 1594 εὐθὺς
1533 1565 1550 1599 ἡ
1570 1565 1691 1599 μακαρία
1709 1565 1780 1600 ὅπερ
1796 1567 1884 1600 ἀμφο-

249 1611 341 1636 statim
380 1609 576 1640 machinatur,
607 1609 681 1643 qttud
710 1608 821 1643 quidem
855 1608 1040 1642 pulcherrime

249 1655 393 1682 amborum
422 1663 515 1688 parem
540 1655 694 1682 declaravit
714 1654 910 1685 constantiam.
927 1654 1040 1681 Melana:

250 1700 283 1727 ad
302 1699 541 1732 benefaciendum,
557 1704 584 1726 et
599 1699 783 1733 Epliacstionis
798 1698 830 1724 ad
856 1699 918 1728 hoc.
935 1703 965 1725 ut
986 1705 1040 1725 non

252 1746 464 1778 persuaderetur
492 1753 526 1772 ex
554 1745 638 1772 rebus
669 1745 799 1772 humanis
833 1744 938 1780 aliquid
968 1744 1040 1771 acci-

250 1800 326 1827 pere;

288 1836 375 1864 XXII.
398 1835 498 1864 Obibat
520 1836 592 1863 enim
621 1836 827 1869 domunculam,
842 1839 969 1863 scrtttans
982 1843 1042 1862 om-

253 1889 329 1915 nem,
347 1890 408 1917 quae
425 1882 452 1908 in
468 1889 499 1909 ea
515 1881 801 1916 crauqsupellectiletn
820 1889 826 1907 :
848 1886 874 1909 et
891 1889 953 1908 cum
974 1882 1043 1908 nihil

252 1929 327 1957 aliud
346 1928 463 1955 vidisset
486 1929 539 1955 nisi
573 1932 694 1955 stoream
719 1933 746 1955 et
770 1928 933 1962 sportulam,
948 1928 973 1954 in
989 1935 1043 1962 qua

252 1975 293 2002 sal
315 1979 377 2002 erat
398 1975 549 2008 repositus,
567 1981 630 2000 cum
649 1973 702 2000 sub
717 1981 750 2001 eo
766 1974 824 2000 sale
841 1973 961 2008 aliquam
983 1973 1043 2000 auri

252 2027 358 2056 partem
376 2021 517 2055 posuisset
539 2024 567 2046 et
595 2020 752 2053 infudisset,
778 2024 808 2046 ut
828 2027 890 2054 quze
906 2019 1045 2052 latuisset,

252 2075 354 2101 magno
378 2066 470 2093 studio
497 2074 594 2100 preces
623 2067 657 2093 ab
680 2073 712 2093 eo
738 2065 872 2100 poposcit.
889 2065 963 2098 Quas
979 2073 1042 2092 cum

250 2113 440 2147 impetrasset,
457 2113 535 2139 exiit.
553 2111 606 2138 Sed
621 2111 690 2138 nihil
708 2111 733 2138 ei
755 2110 858 2145 profuit
876 2110 930 2138 hoc
947 2111 1045 2138 inven-

251 2163 322 2186 tutu.
338 2159 406 2185 Cum
428 2158 501 2185 enim
519 2158 561 2185 vir
577 2158 623 2185 ille
644 2162 841 2185 sacrosanctus
855 2157 881 2184 id
899 2157 1046 2192 cogtiovis-

252 2208 314 2237 set,
333 2211 433 2239 magno
456 2212 537 2231 cursu
561 2205 720 2237 contendit,
737 2208 766 2231 et
791 2211 839 2231 eos
854 2211 921 2231 voce
947 2203 1043 2239 procul

254 2250 326 2277 stitit
351 2254 403 2277 :et
423 2250 552 2277 manibus
580 2257 678 2277 aurum
708 2249 837 2283 quatiens
854 2250 989 2284 ostendit,
1016 2254 1045 2277 et

253 2296 323 2324 dixit
339 2304 370 2324 se
389 2297 509 2328 nescire,
525 2296 559 2323 ad
578 2296 643 2331 quid
665 2303 698 2324 eo
715 2301 851 2323 uteretur.
873 2295 941 2323 Cum
959 2295 979 2322 ii
996 2303 1046 2322 au-

254 2347 309 2371 tem
335 2343 471 2370 dixissant
488 2352 494 2370 :
513 2342 540 2370 Si
567 2351 622 2370 non
648 2342 698 2369 tibi
715 2342 849 2374 omnino,
865 2347 893 2368 at
906 2341 1044 2376 aliquibus

256 2389 320 2416 aliis
333 2389 386 2415 erit
403 2389 479 2416 utile.
497 2404 532 2408 —
544 2389 626 2423 Atqui
644 2395 698 2414 non
725 2388 788 2420 erit,
813 2388 912 2422 inquit,
929 2387 1044 2422 aliquis,

253 2436 299 2470 qui
321 2434 367 2462 hic
394 2434 473 2469 petit,
494 2437 538 2461 est
560 2434 633 2461 enim
653 2441 759 2468 pauper
773 2434 862 2467 locus,
886 2437 915 2460 ut
932 2432 1044 2466 videtis,

254 2485 283 2508 et
298 2480 447 2508 admodum
464 2480 603 2507 desertus.
627 2479 696 2507 Cum
726 2487 791 2507 vero
817 2487 853 2507 ne
879 2479 919 2507 sic
932 2479 1044 2514 quidem

254 2527 424 2562 acciperent,
445 2533 515 2554 auro
536 2527 562 2553 in
586 2526 702 2553 ﬂuvium
722 2526 808 2561 jacto,
823 2526 1048 2554 recessitsenett.

254 2573 285 2601 In
305 2574 376 2601 alios
404 2580 516 2608 quoque
532 2580 586 2600 non
613 2579 716 2607 paucos
741 2572 881 2607 ejusmodi
906 2573 983 2599 aiunt
998 2580 1045 2600 eos

255 2619 401 2652 incidisse,
414 2619 461 2655 qui
475 2627 553 2655 aeque
573 2619 708 2647 cavebant
720 2619 833 2647 omnino
850 2625 947 2646 aurum
962 2626 1046 2645 manu

253 2666 290 2693 ab
311 2667 404 2702 aliquo
419 2667 557 2702 accipere,
578 2671 662 2702 atque
678 2668 753 2693 virus
770 2666 920 2700 serpentis,
936 2670 981 2692 aut
993 2666 1046 2693 ali-

254 2711 321 2748 quid
345 2713 419 2740 aliud
440 2712 614 2740 mortiferum
630 2718 659 2741 et
674 2713 786 2740 exitiale
811 2720 861 2740 sua
886 2716 984 2746 sponte
1006 2713 1047 2740 bi-

255 2757 330 2785 bere.
347 2759 416 2786 Cum
435 2758 538 2785 talibus
558 2766 624 2792 ergo
636 2759 663 2786 in
685 2757 803 2793 Egypto
816 2757 935 2786 fuissent
948 2757 1045 2792 repleti

257 2803 410 2836 miraculis,
422 2804 528 2831 reversi
544 2809 610 2830 sunt
624 2804 832 2836 Alexandriam,
849 2808 876 2831 et
895 2811 958 2830 cum
975 2803 1045 2831 mul—

256 2852 346 2875 torum
366 2850 501 2878 bonorum
517 2850 653 2883 virorum,
678 2851 725 2885 qui
744 2850 801 2877 illic
823 2853 912 2883 erant,
928 2857 1045 2877 consue-

257 2891 353 2922 tudine
370 2901 401 2923 se
424 2894 765 2937 secundo_gsatiassent,
783 2894 909 2937 proiecti.
927 2897 992 2937 sunt
1016 2894 1045 2921 in

1095 1606 1183 1642 τέρων
1199 1609 1298 1643 ἐπίσης
1311 1607 1383 1635 εἶναι
1407 1610 1458 1644 τὴν
1472 1610 1609 1644 ἔνστασιν,
1625 1612 1711 1646 αὐτῆς
1731 1621 1760 1638 τε
1778 1611 1843 1646 περὶ
1856 1611 1885 1637 τὸ

1096 1654 1402 1689 εὐεργετεῖν,κάκείνου
1424 1659 1487 1692 περὶ
1512 1657 1542 1684 τὸ
1559 1658 1642 1693 μηδὲν
1665 1659 1810 1693 πεισθῆναι
1832 1658 1885 1684 τῶν

1096 1701 1277 1736 ἀνθρωπίνων
1294 1702 1396 1735 λαὸεἴν,
1410 1703 1597 1738 ἀκριϐέστατα
1611 1705 1769 1740 διεσάφησε.

1132 1834 1195 1861 KB’.
1211 1834 1383 1869 Περιήρχετο
1400 1835 1455 1870 γὰρ
1471 1835 1516 1862 τδν
1542 1837 1664 1864 οἰκίσκον
1681 1837 1789 1865 ἅπαντα
1803 1840 1886 1874 δῆθεν

1097 1879 1269 1914 ἀνερευνῶσι-α
1293 1881 1328 1906 τὰ
1347 1882 1374 1906 ὲν
1392 1881 1468 1916 αὑτῷ
1496 1882 1594 1917 σκεύη,
1622 1885 1670 1910 καὶ
1691 1885 1776 1919 μηδὲν
1792 1885 1887 1920 ἕτερον

1098 1925 1190 1951 ἰδοῦσα
1206 1926 1230 1951 εί
1247 1925 1284 1960 μὴ
1309 1925 1418 1960 ψιάῦιον
1439 1929 1486 1953 καὶ
1499 1929 1618 1964 σπυρίδα
1644 1930 1732 1965 βραχὺ
1749 1932 1887 1966 φέρουσαν

1098 1970 1177 2001 ἃλας.
1195 1970 1262 1997 ’Υπδ
1278 1972 1390 2004 τούτους
1404 1973 1466 2004 τοὺς
1480 1974 1547 2005 ἆλας
1564 1977 1678 2009 χρυσίου
1692 1985 1719 2003 τι
1738 1978 1821 2012 μέρος
1840 1987 1888 2004 κα-

1096 2016 1213 2044 ταθεῖσα
1234 2019 1282 2045 καὶ
1305 2019 1486 2054 περιχώσασα
1505 2021 1544 2052 ὡς
1567 2021 1600 2057 δὴ
1621 2022 1753 2056 λαθοῦσα,
1784 2026 1886 2061 σπουδῇ

1097 2063 1147 2098 τὴν
1167 2063 1250 2098 εὐχὴν
1268 2064 1379 2100 ἀπῄτει,
1396 2067 1444 2092 καὶ
1465 2067 1585 2101 τυχοῦσα
1610 2069 1694 2104 ἐξῄει.
1719 2071 1790 2097 Ἀλλ’
1811 2072 1888 2098 οὐδὲν

1098 2110 1227 2137 ἀπώνατο
1241 2111 1288 2137 τοῦ
1302 2111 1472 2146 σοφίσματος
1482 2121 1489 2128 ·
1506 2114 1520 2139 ὁ
1531 2115 1584 2148 γὰρ
1603 2115 1676 2150 ἱερὸς
1699 2117 1804 2148 ἐκεῖνος
1819 2118 1887 2153 ἀνὴρ

1098 2155 1180 2190 γνοὺς
1201 2155 1295 2191 δρόμῳ
1314 2165 1344 2182 τε
1359 2157 1397 2189 ὡς
1413 2157 1487 2192 εἶχεν
1501 2159 1601 2194 ἐχρῆτο
1611 2162 1658 2187 καὶ
1678 2163 1711 2197 τῇ
1731 2166 1808 2199 φωνῇ
1823 2166 1888 2200 ττάρ-

1100 2201 1188 2237 ρωθεν
1208 2202 1307 2233 αὐτοὺς
1333 2203 1443 2238 ἐπεῖχεν
1457 2213 1464 2219 ·
1487 2203 1545 2232 εἶτα
1568 2207 1615 2233 καὶ
1629 2209 1689 2239 ταῖς
1715 2210 1810 2244 χερσὶν
1829 2212 1888 2237 ὲτιι-

1059 2237 1083 2264 Ῑ)
1097 2247 1178 2273 σείων
1206 2247 1251 2274 τὸν
1270 2248 1373 2282 χρυσὸν
1388 2237 1506 2283 ἐδείκνυ,
1520 2252 1568 2277 καὶ
1588 2251 1627 2283 ὡς
1652 2237 1702 2279 ουκ
1715 2237 1784 2289 ’ἔχει
1811 2256 1888 2290 αὐτῷ

1098 2293 1169 2319 κατὰ
1185 2293 1212 2320 τί
1233 2295 1387 2330 χρήσασθαι
1403 2295 1492 2329 ἔλεγε.
1517 2298 1578 2324 Τῶν
1593 2298 1620 2325 δὲ
1642 2300 1789 2333 εἰπόντων,
1805 2301 1844 2333 ὡς
1857 2302 1887 2328 Et

1099 2340 1136 2374 μή
1154 2339 1197 2366 σοι
1209 2349 1241 2375 γε
1254 2341 1373 2374 πάντως,
1389 2341 1447 2368 ἀλλ’
1458 2342 1563 2377 ἑτέροις
1578 2345 1635 2371 τισὶ
1646 2347 1785 2380 χρήσιμος
1798 2348 1886 2380 ἔσται,

1098 2386 1154 2413 Καὶ
1167 2386 1221 2421 μὴν
1237 2387 1297 2414 οὐδὲ
1317 2388 1393 2414 ἔσται
1408 2397 1450 2420 τις
1463 2381 1615 2425 όηαῑτήσων
1630 2392 1748 2419 ἐνταῦθα
1761 2402 1768 2409 ·
1785 2395 1888 2430 ἄπορος

1096 2433 1162 2468 γὰρ,
1179 2433 1216 2464 ὼς
1234 2434 1328 2468 ὁρᾶτε,
1349 2435 1363 2460 ὁ
1375 2435 1468 2467 τόπος,
1485 2437 1532 2463 καὶ
1552 2437 1648 2469 δεινῶς
1663 2438 1776 2474 ἔρημος.
1798 2440 1844 2473 Ὠς
1859 2442 1888 2468 δὲ

1100 2478 1168 2513 μηδὲ
1181 2478 1268 2509 οὕτως
1280 2479 1401 2514 ἐδέχετο,
1416 2481 1535 2516 ῥίψαντα
1547 2482 1616 2508 κατὰ
1633 2483 1682 2509 τοῦ
1698 2485 1822 2519 ποταμοῦ
1842 2486 1888 2512 τὸν

1100 2525 1201 2560 χρυσὸν
1214 2525 1394 2560 ἀναχωρῆσαι
1405 2527 1451 2553 τὸν
1470 2528 1598 2562 γέροντα.
1614 2529 1662 2555 καὶ
1674 2529 1764 2561 ἄλλοις
1777 2531 1805 2557 δέ
1821 2539 1888 2566 φασι

1097 2571 1232 2603 τοιούτοις
1246 2572 1297 2598 οὐκ
1312 2572 1414 2606 ὀλίγοις
1438 2575 1596 2608 περιτυχεῖν
1614 2572 1655 2606 οἷς
1672 2576 1720 2602 καὶ
1743 2576 1774 2601 τὺ
1787 2578 1888 2611 χρυσὸν

1097 2617 1167 2649 ὅλως
1189 2619 1221 2653 τῇ
1240 2617 1312 2653 χειρὶ
1340 2619 1418 2654 παρά
1434 2627 1481 2645 του
1494 2619 1589 2646 λαϐεῖν
1609 2621 1709 2655 ἐπίσης
1728 2623 1889 2657 πεφύλακτο

1097 2662 1137 2698 τῷ
1150 2664 1198 2690 καὶ
1218 2663 1256 2690 ἱδν
1272 2663 1361 2698 ὄφεως
1383 2665 1503 2700 ὲκοντὶῆ
1528 2667 1593 2693 ἄλλο
1612 2675 1639 2694 τι
1651 2667 1706 2694 ⁸τῶν
1728 2668 1888 2705 θανασίμων

1098 2708 1148 2735 καὶ
1176 2709 1334 2745 φθαρτικιῖω
1357 2711 1475 2738 ἐκπιεῖν.
1506 2712 1643 2740 Τοιούτων
1668 2714 1716 2741 οὖν
1748 2714 1802 2742 τῶν
1825 2715 1890 2744 κατ’

1099 2754 1240 2789 Αἴγυπτον
1263 2757 1469 2791 ἐμπλησθέντες
1485 2758 1642 2794 θαυμάτων,
1660 2758 1738 2792 αὖθις
1755 2762 1797 2793 είς
1815 2762 1890 2789 Ἀλι-

1100 2801 1241 2836 ξάνδρειαν
1260 2803 1449 2839 ἐπανήρχοντο
1467 2805 1513 2831 καὶ
1524 2805 1579 2832 τῶν
1593 2807 1623 2832 ἐν
1636 2808 1731 2842 ἐκείνῃ
1753 2809 1785 2834 τὸ
1796 2808 1890 2835 δεύτε-

1101 2855 1147 2881 ρον
1171 2848 1374 2883 ὲμφορηθὲντες
1395 2850 1501 2878 πολλῶν
1518 2860 1548 2878 τε
1567 2854 1614 2878 καὶ
1631 2854 1744 2887 ἀγαθῶν
1770 2855 1887 2890 ἀνδρῶν,

1100 2895 1146 2921 ἰπὶ
1168 2895 1203 2922 τὰ
1217 2894 1267 2930 ὅρη
1293 2896 1502 2929 μετεστέλλοντο
1522 2897 1540 2925 ἃ
1565 2897 1652 2931 οὕτως
1674 2900 1768 2934 ἔλεγον
1792 2901 1824 2927 τδ
1838 2900 1888 2935 τῆς
