2056 3151
222 171 280 216 ’νει

862 185 1007 217 MENSIS
1026 184 1242 218 DECEMBEB.

1807 189 1862 221 788

227 247 279 275 pus
297 245 323 268 et
344 240 435 268 nivem
462 245 489 270 et
515 247 623 271 etatem
647 248 674 271 et
692 243 842 278 eliquatum
862 251 893 272 ac
911 243 1015 271 tabefa-

1072 252 1154 278 ματος
1164 244 1212 270 καὶ
1225 244 1335 271 πάντων
1349 243 1417 279 ὁμοῦ
1429 245 1564 280 κρεῖττον·
1575 241 1646 271 εἶναι
1656 245 1859 279 φιλονεικοῦσα,

227 290 302 313 ctum
328 293 439 321 corpus,
464 293 490 315 et
511 289 605 316 omnia
632 290 751 325 denique
776 290 857 318 simul
886 297 1017 326 superare

226 332 410 364 contendens,
435 333 507 360 viam
536 335 663 369 confecit,
691 337 798 363 labores
817 336 902 371 magis
915 344 1017 371 augens

201 406 203 408 τ
226 377 446 405 exercitationis.
475 378 568 407 Multis
593 387 660 408 vero
682 382 787 409 sanctis
810 389 869 409 eam
888 381 914 408 in
930 381 972 408 \‘ia
991 385 1018 408 et

198 437 201 443 ι
226 423 348 459 hospitio
372 425 586 460 excipientibus,
613 432 640 454 et
666 433 695 453 ut
716 435 748 455 ea
775 433 898 455 maneret
918 435 1016 462 rogan-

225 471 322 503 tibus,
348 472 395 499 illa
421 473 537 500 minime
560 474 783 509 obtemperavit,
815 475 861 502 sed
884 479 1015 502 contento

226 518 347 552 quodam
374 526 458 547 cursu
483 521 618 554 cucurrit,
645 522 775 549 salutaris
793 522 930 556 passionis
945 522 1015 549 diem

225 563 328 591 festum
353 565 468 594 studens
497 566 639 594 celebrare
666 567 881 603 Hierosolymis,
902 568 974 603 quod
991 569 1016 595 ci

226 610 309 637 etiam
327 612 463 639 successit
485 620 517 639 ex
541 613 690 641 sententia.
713 613 782 642 Cum
810 614 850 641 sic
873 621 939 649 ergo
963 622 1016 640 una

226 662 288 682 cum
315 657 356 684 eis
383 656 482 684 festum
509 657 567 685 illic
594 658 775 690 celebrasset,
803 658 836 685 ad
863 659 955 692 priora
988 665 1018 685 se

225 708 325 729 rursus
341 703 471 736 contulit,
486 711 541 730 non
555 704 648 731 minus
665 709 692 731 et
706 704 748 731 sui
765 707 792 731 et
806 705 896 739 gregis
911 705 1017 731 utrius-

227 754 282 780 que
312 754 408 774 curam
423 755 533 782 gerens.
565 748 634 776 Cum
665 753 756 776 autem
785 750 809 777 ei
838 750 959 777 venisset
989 750 1016 776 in

226 799 359 827 mentem,
380 795 498 822 alterum
524 795 660 823 aediﬁcare
684 796 835 823 oratorium
853 796 880 823 in
895 804 928 823 eo
946 796 1016 828 loco,

227 839 255 867 in
276 848 331 875 quo
347 841 450 869 dicitur
474 842 584 870 stetisse
608 842 734 870 Christus
750 843 882 870 Dominus
903 847 930 870 et
947 842 1017 870 Deus

225 891 322 914 noster
346 894 456 914 crucem
473 895 651 922 ascensurus,
670 893 698 916 et
713 890 860 917 salutarem
887 890 1019 918 subiisset
1037 907 1059 935 Β

226 932 398 966 passionem,
414 934 474 968 ejus
487 942 554 962 vero
567 935 709 970 proposito
725 935 797 963 Deus
813 943 924 971 quoque
938 943 1018 971 Opem

225 978 324 1011 ferret,
350 979 468 1007 aediﬁcat
485 981 637 1008 oratorium
655 991 662 1008 :
679 981 779 1009 deinde
802 981 828 1009 id
853 982 936 1008 etiam
953 981 1020 1009 facit

226 1024 438 1057 monasterium,
461 1025 489 1052 in
508 1032 564 1060 quo
587 1033 616 1053 se
641 1030 803 1054 exercerent
827 1027 937 1058 animae,
954 1027 1020 1054 viris

227 1069 333 1097 sanctis
358 1070 387 1098 in
413 1077 446 1098 eo
468 1072 642 1106 congregatis
659 1071 693 1099 ad
710 1071 794 1099 Deum
814 1072 979 1100 laudandum
994 1076 1022 1099 et

225 1117 449 1152 gloriﬁcandum.
477 1118 590 1146 interim
616 1124 707 1146 autem
733 1119 797 1146 dum
826 1120 884 1147 haec
913 1121 1021 1152 tierent,

225 1164 387 1199 imperatrix
408 1163 534 1192 Eudocia
555 1165 645 1192 iverat
670 1165 858 1192 Antiochiam.
887 1165 1023 1192 Parucrat

226 1210 299 1237 enim
313 1210 427 1238 Melana).
441 1211 567 1244 monitis,
582 1218 645 1238 cum
660 1218 691 1239 ea
707 1211 832 1239 venisset
847 1211 1021 1246 Byzantium,

227 1256 379 1290 suadentis,
403 1262 434 1285 ut
445 1258 516 1285 hanc
537 1258 693 1293 susciperet
715 1258 979 1293 peregrinationem,
994 1262 1024 1285 et

225 1301 334 1330 veniret
346 1301 562 1339 Hierosolymam
574 1308 602 1331 ut
615 1303 722 1330 videret
734 1307 829 1330 sancta
841 1303 912 1335 loca,
924 1308 951 1330 et
963 1310 1024 1337 quae

226 1356 259 1374 ex
285 1348 326 1375 eis
340 1349 504 1384 percipitur,
521 1349 602 1377 ﬁeret
628 1349 768 1383 particeps
788 1348 1022 1376 sanctiﬁcationis.

225 1394 293 1420 Cum
311 1402 341 1421 ea
360 1394 452 1429 itaque
466 1395 503 1422 illi
522 1395 703 1428 proeessisset
716 1394 837 1427 obviam,
854 1402 954 1428 magno
973 1395 1024 1421 ho-

227 1448 296 1469 nore
309 1439 361 1468 fuit
383 1441 477 1468 aﬂecta
489 1441 523 1468 ab
535 1441 721 1476 imperatricc,
735 1445 763 1468 ut
777 1449 838 1476 qua:
857 1449 916 1468 eam
928 1442 1025 1469 matris

226 1487 285 1514 loco
298 1486 420 1520 haberet,
434 1491 460 1514 et
486 1487 593 1514 duabus
611 1488 644 1514 de
672 1489 762 1515 causis
783 1487 960 1522 providentia:
989 1489 1027 1516 di-

226 1534 298 1560 vinae
313 1537 406 1568 ageret
423 1534 537 1569 gratias,
551 1541 648 1569 nempe
660 1535 733 1570 quod
753 1539 781 1562 et
796 1542 882 1569 usque
898 1536 965 1562 adeo
981 1543 1026 1563 ce-

228 1579 359 1606 lebratam
386 1578 537 1606 Jerusalem
572 1585 599 1607 et
624 1584 716 1608 sancta
745 1581 804 1609 loca
821 1589 883 1616 quae
898 1581 1020 1613 videret,

227 1625 312 1658 digna
338 1625 373 1652 sit
394 1624 500 1657 habita,
518 1630 546 1652 et
567 1626 640 1661 quod
656 1634 688 1653 ea
705 1627 768 1654 talis
784 1627 881 1654 matris
894 1627 966 1654 facta
985 1627 1021 1654 sit

227 1670 283 1696 tilia
303 1669 456 1697 secundum
471 1670 609 1703 spiritum.
630 1671 744 1706 Signum
759 1675 802 1699 cst
820 1676 913 1698 autem
928 1672 1021 1706 magni

229 1716 334 1742 amoris
360 1716 548 1750 imperatricis
564 1717 591 1744 in
607 1716 752 1749 Melanam,
769 1718 843 1752 quod
861 1724 917 1745 non
940 1717 1021 1744 dubi-

228 1761 329 1787 laverit
344 1766 450 1788 tantum
467 1762 519 1789 iter
535 1762 652 1796 ingredi,
669 1767 696 1789 et
712 1770 744 1789 eo
758 1763 901 1796 accedere,
919 1766 947 1790 et
960 1770 1022 1798 qua:

230 1807 286 1833 illic
296 1812 375 1834 erant
387 1808 516 1842 virgines,
529 1813 659 1843 tanquam
673 1816 784 1837 sorores
796 1810 917 1836 salutare
927 1813 954 1836 et
967 1817 1022 1835 am-

230 1853 346 1886 plexari.
363 1854 448 1881 Porro
463 1859 553 1882 autem
566 1862 628 1881 emn
644 1855 831 1882 celebraretur
844 1855 908 1882 novi
925 1855 1020 1890 templi

229 1896 556 1936 dedieatio,illa'quoque
580 1900 675 1928 aderat
690 1904 717 1928 et
741 1900 838 1928 festum
852 1900 1019 1932 celebrabat,

265 1945 374 1974 XXXII.
397 1946 474 1974 Hanc
500 1953 593 1974 autem
622 1955 679 1974 rem
712 1947 812 1974 bonam
839 1950 1019 1974 consecutum

229 1997 273 2020 est
287 1994 430 2029 quiddam,
452 1995 563 2029 dignum
583 1995 692 2029 maligni
709 1995 895 2030 improbitate,
909 1999 936 2022 et
956 1995 1021 2023 boni

230 2041 277 2067 Dei
296 2040 411 2067 virtute.
431 2039 529 2068 Pedem
543 2041 616 2069 cuitu
635 2041 830 2076 imperatricis,
849 2041 896 2076 qui
919 2041 1021 2077 injuria

229 2087 363 2114 mentonis
384 2094 399 2114 c
416 2094 548 2121 compage
567 2092 627 2114 erat
643 2088 768 2120 luxatus,
787 2087 830 2114 illa
847 2089 953 2123 absque
970 2088 1021 2116 do-

228 2135 286 2161 lore
310 2139 372 2169 apte
398 2138 426 2161 et
452 2139 527 2161 recte
544 2135 572 2162 in
593 2142 672 2161 suum
691 2135 781 2161 locum
798 2135 928 2162 restituit.
949 2135 1018 2162 Cum

230 2182 287 2206 haec
306 2186 332 2206 et
347 2188 402 2206 non
417 2187 505 2214 pauca
521 2180 574 2206 alia
589 2186 603 2206 a
618 2186 716 2214 magna
731 2179 835 2206 Melana
851 2179 1019 2214 percepisset

1068 292 1130 322 ταῖς
1154 291 1264 325 νιφάσιν
1281 291 1319 323 ὡς
1337 291 1446 318 ἄνθεσιν
1475 291 1611 326 ἁλλομένη
1638 291 1688 326 τὴν
1709 291 1767 318 ὁδον
1784 292 1861 325 ἠνυε,

1069 337 1133 368 τοὺς
1162 337 1262 368 πόνους
1297 338 1398 373 μᾶλλον
1429 338 1600 366 ἐπιτείνουσα
1624 340 1676 375 τῆς
1704 341 1862 375 ἀσκήσεως.

1071 383 1181 410 Πολλῶν
1196 383 1225 409 δὲ
1247 384 1332 418 ἁγίων
1348 384 1419 411 κατὰ
1433 385 1484 420 τὴν
1501 385 1559 412 ὁδὸν
1575 385 1632 419 ἅμα
1650 395 1681 412 τε
1702 386 1863 418 ξενιζόντων

1070 429 1118 455 καὶ
1133 429 1226 462 μένειν
1242 430 1328 465 αὐτὴν
1344 430 1507 464 ἀξιούντων,
1520 433 1536 466 ἡ
1548 432 1577 458 δὲ
1590 433 1640 459 οὐκ
1655 433 1791 467 ἐπείθετο,
1804 434 1865 461 ἀλλ’

1069 476 1125 502 ἔθει
1140 476 1201 502 τινὰ
1217 476 1324 511 δρόμον
1342 477 1494 509 ἀνένδοτον,
1523 479 1570 505 τοῦ
1595 479 1731 514 σωτηρίου
1758 480 1864 513 πάθους

1069 521 1119 556 τὴν
1133 522 1230 557 ἑορτὴν
1246 523 1274 548 ὲν
1295 522 1495 558 Ἰεροσολύμοις
1513 525 1671 552 ἐπιτελέσαι
1689 526 1864 553 σπεύδουσα·

1068 567 1083 592 ὃ
1097 567 1129 602 δὴ
1141 567 1227 603 ταύτῃ
1241 570 1286 595 καὶ
1302 569 1372 596 κατὰ
1388 569 1500 605 γνώμην
1517 572 1684 605 ἀπήντησεν.
1701 571 1795 603 Οὕτως
1817 569 1865 599 οὖν

1069 615 1127 645 τοῖς
1143 614 1233 640 ἐκεῖσε
1251 616 1467 650 συνεορτάσασα,
1487 617 1569 643 πάλιν
1591 617 1645 643 τῶν
1669 619 1812 653 προτέρων
1827 618 1866 645 εῐ-

1070 668 1134 694 χετο
1148 660 1224 687 οὐδὲν
1236 657 1318 695 ἦττον
1336 662 1436 695 ἑαυτῆς
1452 671 1480 688 τε
1493 663 1539 688 καὶ
1554 663 1609 688 τῶν
1623 663 1760 697 ποιμνίων
1775 664 1866 698 ἀμφο-

1070 706 1158 741 τέρων
1175 707 1423 742 προμηθουμένων.
1445 709 1523 734 Ἐπεὶ
1539 709 1569 734 δὲ
1587 709 1634 735 καὶ
1655 709 1750 744 ἓτερον
1765 710 1866 745 εὑκτή-

1071 761 1129 788 ριον
1145 753 1324 787 οἰκοδομῆσαι
1343 754 1414 780 κατὰ
1437 754 1501 780 νοῦν
1526 754 1603 781 ἔθετο
1630 755 1695 788 περὶ
1715 755 1761 782 τὸν
1782 755 1866 782 τόπον

1071 799 1136 826 ἔνθα
1154 801 1252 834 στῆναι
1267 799 1349 834 λόγος
1369 800 1415 826 τὸν
1430 800 1534 834 Κύριον
1552 801 1630 836 ἡμῶν
1648 803 1696 828 καὶ
1708 801 1786 834 Θεὸν,
1802 801 1866 836 μέλ·

1071 845 1154 872 λοντα
1169 846 1239 880 πρὸς
1257 846 1303 872 τὸν
1320 845 1436 880 σταυρὸν
1458 846 1629 879 ἀναῦαίνειν,
1653 847 1703 872 καὶ
1725 846 1756 872 τὺ
1779 846 1867 877 πάθος

1073 889 1240 925 ὑπέρχεσθαι
1258 891 1288 917 τὸ
1307 891 1441 926 σωτήριον
1460 888 1503 926 (ἦν
1518 891 1546 917 δὲ
1565 891 1620 926 ἄρα
1636 892 1684 918 καὶ
1695 891 1762 922 Θεὸς
1779 891 1866 925 αὐτῆς

1073 937 1274 971 συναιρόμενος
1286 938 1318 971 τῇ
1335 937 1490 971 προθέσει),
1510 937 1649 971 οἰκοδομεῖ
1664 937 1696 962 τὸ
1709 937 1865 971 εὐκτὴριονέ

1072 980 1139 1009 Εἶτα
1164 984 1212 1009 καὶ
1225 982 1319 1016 ψυχῶν
1339 982 1405 1008 αὐτὸ
1427 983 1500 1009 ποιεῖ
1518 975 1743 1018 φροντιστήριον,
1763 982 1865 1017 ἄνδρας

1072 1029 1164 1060 ὁσίους
1180 1030 1209 1055 ἐν
1222 1029 1309 1063 τούτῳ
1328 1028 1520 1062 συναγαγοῦσαι
1539 1029 1608 1064 πρὸς
1624 1029 1782 1063 δοξολογίαν
1796 1028 1864 1056 Θεοῦ

1073 1076 1122 1102 καὶ
1134 1075 1249 1101 αἵνεσιν.
1264 1075 1308 1100 Ἐν
1322 1071 1343 1107 ᾦ
1352 1075 1381 1101 δὲ
1393 1074 1482 1101 ταῦτα
1497 1075 1665 1109 ἐπράττετο,
1672 1075 1746 1109 καὶὴ
1760 1074 1866 1108 βασιλὶς

1074 1120 1190 1146 Εὺδοκία
1204 1119 1254 1154 τὴν
1273 1119 1444 1153 Ἀντιόχειαν
1467 1120 1629 1154 κατειλήφει
1639 1128 1646 1135 ·
1664 1120 1798 1154 ἐτύγχανε
1811 1119 1867 1154 γὰρ

1073 1166 1191 1200 ὁπηνίκα
1216 1166 1245 1191 ἐν
1272 1164 1412 1200 Βυζαντίῳ
1437 1166 1620 1201 παραγένοιτο
1639 1166 1656 1200 ἡ
1673 1166 1786 1201 Μελάνη
1806 1166 1867 1197 ταῖς

1075 1211 1161 1246 αὐτῆς
1185 1211 1339 1245 ὑποθήκαις
1363 1212 1518 1243 πεισθεῖσα,
1543 1211 1592 1247 τὴν
1614 1212 1771 1246 ἀποδημίαν
1797 1212 1867 1245 ἀγα-

1075 1259 1164 1292 πῆσαι
1180 1259 1282 1293 ταύτην
1298 1258 1345 1284 καὶ
1358 1259 1426 1293 πρὸς
1442 1258 1617 1294 Ἰεροσόλυμα
1631 1258 1791 1293 ἀφικέσθαι,
1804 1258 1868 1290 τοὺς

1076 1305 1173 1338 ἁγίους
1185 1313 1215 1331 τε
1231 1304 1375 1339 ἱστορῆσαι
1390 1305 1488 1335 τόπους
1501 1307 1549 1332 καὶ
1562 1304 1610 1331 τοῦ
1637 1304 1672 1337 ὲξ-
1682 1305 1772 1332 αὐτῶν
1787 1305 1868 1339 ἁγια-

1077 1349 1147 1385 σμοῦ
1165 1351 1321 1383 μετασχεῖν.
1344 1349 1492 1384 Δραμοῦσα
1515 1349 1560 1375 οὖν
1577 1349 1622 1376 ἐπὶ
1635 1349 1686 1384 τὴν
1700 1350 1865 1384 ἀπάντησιν,

1079 1395 1201 1430 μεγάλης
1213 1395 1323 1430 ἠξιοῦτο
1340 1395 1416 1430 παρὰ
1432 1396 1481 1430 τῆς
1498 1395 1634 1430 βασιλίδος
1651 1396 1746 1430 τιμῆς,
1765 1395 1867 1431 μητρός

1077 1450 1106 1468 τε
1121 1443 1149 1468 ὲν
1163 1441 1238 1472 τάξει
1257 1441 1343 1475 αὐτὴν
1357 1440 1504 1475 τιθεμένης
1518 1443 1566 1468 καὶ
1584 1440 1808 1476 διομολογούσης,
1828 1441 1854 1468 δι

1078 1488 1147 1518 πλᾶς
1163 1487 1283 1520 ὀφείλειν
1300 1488 1332 1521 τῇ
1356 1487 1468 1522 προνοίᾳ
1490 1487 1539 1518 τὰς
1557 1488 1684 1522 χάριτας,
1707 1487 1749 1513 ὅτι
1770 1495 1800 1513 τε
1817 1487 1867 1522 τὴν

1080 1534 1266 1569 Θρυλουμένην
1286 1533 1466 1568 Ἰερουσαλὴμ
1484 1533 1531 1558 καὶ
1557 1533 1619 1564 τοὺς
1642 1533 1737 1566 ἁγίους
1756 1532 1868 1568 ἠξιοῦτο

1037 1577 1058 1605 C
1075 1580 1176 1610 τόπους
1190 1579 1263 1608 ἰδεῖν,
1280 1578 1328 1605 καὶ
1340 1578 1381 1604 ὅτι
1393 1578 1496 1612 μητρὸς
1511 1577 1638 1611 τοιαύτης
1656 1578 1781 1612 θυγάτηρ
1798 1577 1867 1612 αὐτῇ

1071 1625 1142 1652 κατὰ
1166 1624 1276 1658 πνεῦμα
1310 1624 1427 1658 γίνεται,
1471 1623 1591 1658 Σημεῖον
1617 1622 1646 1649 δὲ
1692 1622 1739 1648 τοῦ
1768 1622 1867 1649 πολλοῦ

1072 1671 1140 1706 πρὸς
1158 1670 1286 1705 Μελάνην
1306 1671 1354 1704 τῆς
1375 1669 1511 1704 βασιλίδος
1535 1669 1637 1704 ἔρωτος
1661 1669 1698 1700 ὼς
1721 1669 1771 1696 οὐκ
1789 1668 1867 1695 dmi:—

1072 1725 1158 1752 κνησε
1175 1717 1242 1752 πρὶς
1260 1716 1396 1752 τοσαύτην
1413 1716 1569 1752 ὁδοιπορίαν
1589 1716 1649 1742 οὐδὲ
1665 1716 1814 1751 παρελθεῖν
1828 1717 1868 1747 είς

1074 1765 1105 1791 τὸ
1131 1764 1233 1798 ταύτης
1278 1764 1419 1798 ποίμνιον,
1452 1765 1501 1791 καὶ
1536 1763 1585 1794 τὰς
1622 1763 1680 1790 ἐκεῖ
1715 1763 1868 1798 παρθένους

1076 1810 1172 1844 ὥσπερ
1193 1810 1311 1843 ἀδελφὰς
1327 1810 1569 1840 κατασπάσασθαι,
1588 1809 1699 1843 καὶτῆς
1717 1809 1824 1845 ἡμέρας
1838 1807 1867 1836 δὲ

1075 1855 1129 1882 τῶν
1143 1856 1291 1889 ἐγκαινίων
1308 1855 1355 1881 τοῦ
1371 1855 1432 1881 νέου
1447 1854 1513 1881 ναοῦ
1529 1855 1694 1889 τελουμένης
1709 1855 1801 1888 παρῆν
1817 1855 1866 1880 κά-

1075 1901 1153 1935 κείνη
1167 1903 1215 1928 καὶ
1231 1900 1429 1935 συνεώρταζεν.
1560 1896 1563 1898 ’

1110 1947 1172 1974 AB’.
1195 1947 1351 1974 Ἠκολούθει
1368 1947 1396 1973 δὲ
1421 1947 1470 1973 καὶ
1493 1947 1532 1981 τῷ
1556 1946 1653 1981 ἁγαθῷ
1668 1946 1758 1981 τούτῳ
1776 1945 1867 1980 πράτ-

1078 2002 1145 2029 ματι
1158 1993 1232 2026 ἄξιόν
1253 2003 1278 2019 τι
1296 1993 1342 2020 καὶ
1356 1995 1404 2028 τῆς
1421 1993 1469 2020 τοῦ
1486 1993 1607 2029 πονηροῦ
1632 1993 1732 2023 κακίας
1747 1992 1796 2019 καὶ
1816 1991 1866 2026 τῆς

1075 2039 1124 2066 τοῦ
1140 2039 1245 2073 ἀγαθοῦ
1263 2040 1416 2074 δυνάμεως.
1433 2039 1486 2066 Τὶν
1501 2039 1556 2074 γὰρ
1571 2039 1640 2066 πόδα
1657 2039 1707 2072 τῆς
1729 2037 1866 2074 βασιλίδος

1076 2086 1194 2122 ἐπηρείᾳ
1230 2086 1358 2120 δαίμονος
1394 2086 1443 2121 τὴν
1477 2085 1613 2122 ἁρμονίαν
1646 2083 1865 2120 παρατραπέντα

1077 2132 1171 2167 ἐκείνη
1187 2133 1273 2166 χωρὶς
1287 2132 1390 2159 ὀδυνῶν
1406 2132 1472 2168 εὐχῇ
1489 2133 1557 2168 μόνῃ
1578 2132 1646 2168 πρὸς
1659 2131 1697 2162 ζτὸ
1712 2130 1791 2162 εὑθὲς
1814 2131 1864 2156 ἑπ-

1074 2177 1210 2212 ανήγαγε.
1233 2177 1352 2204 Τοιαῦτα
1367 2177 1400 2212 δὴ
1414 2177 1464 2203 οὐκ
1485 2177 1563 2211 ὀλίγα
1580 2177 1627 2204 καὶ
1642 2177 1725 2212 ἕτερα
1745 2176 1795 2211 τῆς
1815 2184 1863 2211 με·

228 2225 384 2257 ειιιιιτηοῆο,
410 2229 438 2251 et
462 2232 493 2251 se
516 2224 598 2251 simul
623 2225 705 2251 etiaut
732 2225 897 2252 exsatiasset
913 2230 1020 2260 speeta-

1075 2224 1162 2258 γάλης
1186 2225 1202 2258 ἡ
1221 2223 1327 2258 μεγάλη
1346 2222 1452 2258 βασιλὶς
1477 2223 1666 2257 ἀπολαύσασα,
1692 2224 1751 2258 ἅμα
1773 2223 1802 2249 δὲ
1817 2222 1864 2249 καὶ

229 2271 319 2302 enlis,
348 2271 471 2298 det-revit
495 2270 596 2297 reverti
625 2270 919 2305 Constantinopolim,
946 2275 973 2298 et
997 2271 1020 2298 ei

229 2317 342 2352 quidem
368 2317 473 2344 Melana
498 2324 560 2343 cum
585 2322 716 2351 tauquam
735 2317 821 2343 bonas
837 2318 953 2344 comites
972 2317 1022 2345 dc-

229 2366 316 2392 disset
338 2371 445 2399 preces,
471 2364 558 2398 ipsam
578 2363 701 2390 dimittit.
719 2362 782 2396 ipsa
798 2368 889 2390 autem
902 2364 1022 2397 aequales

222 2415 312 2444 atque
329 2413 397 2436 adeo
425 2409 543 2443 majores
562 2408 624 2435 vita-
647 2416 679 2436 ex
705 2407 760 2435 Deo
784 2408 895 2442 agendae
913 2408 1023 2436 labores

229 2457 361 2491 pergebat
387 2455 541 2489 suscipere.
569 2454 610 2481 Ad
635 2461 696 2481 eam
724 2462 834 2489 quoque
857 2453 984 2481 attinebat
1008 2461 1022 2481 a

231 2501 285 2528 Deo
310 2501 410 2529 ﬂuvius
435 2501 645 2528 miraculorum.
665 2499 787 2532 Quorum
810 2501 939 2528 existimo
967 2508 1021 2528 non

194 2553 196 2555 '
229 2555 289 2576 esse
313 2555 546 2582 supcrvacanemn
573 2547 679 2581 aliquot
707 2547 876 2578 meminissrz,
901 2554 932 2574 ea
965 2552 1023 2574 tan-

229 2603 312 2630 quam
326 2595 437 2630 aliquod
452 2595 657 2622 condimentum
668 2594 846 2621 admiscendo
858 2594 1022 2623 narrationi.

231 2643 329 2670 Mulier
339 2641 462 2676 qumdam
478 2641 589 2676 juvenis
600 2646 690 2673 :etate,
703 2641 843 2667 invaditur
857 2647 871 2667 a
884 2641 1018 2667 daamone.

229 2688 294 2721 Qum
310 2688 418 2723 quidem
442 2687 545 2714 clausis
569 2687 698 2714 dentibus
715 2690 742 2713 et
757 2686 840 2713 labris
853 2693 906 2712 nou
929 2687 1018 2712 solum

229 2742 323 2761 γοα-ειη
352 2741 407 2760 non
430 2734 583 2765 emittebat,
612 2733 659 2760 sed
685 2739 774 2767 neque
795 2733 885 2759 cibum
908 2732 1020 2759 omnino

230 2780 315 2805 ullum
332 2779 495 2813 attingebat.
507 2778 606 2806 Fames
615 2783 718 2812 autem,
730 2779 884 2805 visceribus
897 2784 922 2804 et
934 2785 1016 2805 carne

230 2827 349 2855 graviter
364 2825 524 2858 liquefacta,
541 2831 655 2852 mortem
672 2826 828 2853 minabatur
845 2827 925 2858 paulo
942 2830 1016 2860 post.

231 2871 411 2898 Tentantibus
431 2879 495 2897 vero
512 2871 636 2903 medicis,
654 2872 799 2906 diligenter
815 2872 946 2899 adhibitis
960 2879 1017 2899 me-

233 2918 396 2946 ditamentis
410 2921 437 2945 ct
455 2918 521 2945 artis
533 2918 674 2952 remediis,
688 2919 788 2947 malum
803 2920 922 2952 vincere,
943 2922 1019 2954 pust-

1072 2270 1129 2296 τῶν
1158 2270 1239 2304 ἱερῶν
1260 2269 1405 2304 θεαμάτων
1428 2270 1630 2305 ἐμφορηθεῖσα,
1653 2271 1693 2301 είς
1718 2269 1767 2304 τὴν
1787 2270 1878 2308 Κωνιτ

1074 2315 1299 2342 σταντινούπολιν
1320 2315 1470 2348 ἀναζεῦξαι
1492 2316 1602 2350 διέγνω.
1623 2316 1679 2343 Καὶ
1696 2317 1798 2351 ταύτην
1815 2315 1877 2357 μιν.

1074 2363 1090 2397 ἡ
1107 2361 1231 2396 Μελάνη,
1246 2361 1283 2393 ὥς
1298 2361 1404 2395 ἀγαθὰς
1417 2361 1627 2396 συνοιδοπόρους
1639 2362 1690 2393 τὰς
1705 2362 1788 2396 εὐχὰς
1805 2362 1864 2387 ἐπι-

1074 2407 1168 2439 δοῦσα,
1182 2407 1384 2442 παραπέμπει·
1409 2407 1478 2442 αὑτὴ
1501 2407 1530 2433 δὲ
1552 2407 1607 2433 τῶν
1624 2408 1690 2434 ἴσων
1708 2408 1798 2434 πόνων
1814 2408 1863 2441 τῆς

1073 2453 1145 2480 κατὰ
1162 2453 1230 2479 Θεὸν
1250 2453 1364 2488 ἀγωγῆς
1380 2453 1395 2488 ἢ
1420 2454 1466 2480 καὶ
1483 2454 1616 2488 μειζόνων
1636 2453 1736 2489 εἴχετο.
1762 2453 1862 2488 Ἐπὲῥσ

1072 2499 1114 2533 ῥει
1128 2499 1156 2525 δὲ
1174 2499 1244 2534 αὐτῇ
1261 2499 1309 2525 καὶ
1325 2500 1339 2525 ὁ
1357 2499 1411 2525 τῶν
1427 2499 1575 2534 θαυμάτων
1591 2500 1667 2534 παρὰ
1690 2499 1757 2525 Θεοῦ
1778 2507 1863 2525 ποτα-

1074 2545 1135 2579 μὸς,
1150 2541 1188 2571 ὧν
1199 2545 1228 2571 οὺ
1245 2544 1374 2579 περιττὸν
1387 2543 1465 2579 οἶμαι
1481 2546 1526 2572 καί
1538 2545 1618 2580 ὀλίγα
1632 2545 1693 2572 τινὰ
1708 2545 1862 2580 μνησθῆναι

1072 2590 1168 2626 ὥσπερ
1199 2591 1308 2626 ἥδυσμά
1333 2599 1359 2617 τι
1387 2591 1610 2626 κατακιρνῶνται
1627 2592 1665 2626 τῷ
1698 2592 1860 2626 ὃιηγήματι.

1072 2637 1143 2671 Γυνή
1162 2646 1204 2668 τις
1218 2637 1269 2672 τὴν
1287 2637 1397 2672 ἠλικίαν
1416 2638 1463 2663 νέα
1480 2638 1606 2673 κάτοχος,
1620 2638 1692 2672 οἶμοι
1707 2639 1712 2665 !
1736 2638 1863 2673 δαιμονίᾳ

1073 2684 1164 2718 πληγῇ
1178 2684 1295 2718 γίνεται.
1315 2684 1390 2719 Αὐτὴ
1407 2684 1454 2710 καὶ
1466 2685 1530 2715 τοὺς
1544 2685 1653 2716 ὀδόντας
1669 2685 1803 2711 κλεὶτασα
1817 2687 1862 2711 καὶ

1071 2731 1106 2758 τὰ
1123 2731 1200 2766 χείλη
1223 2731 1333 2764 μύσασα
1355 2732 1384 2757 οὐ
1412 2732 1492 2766 μόνον
1512 2732 1541 2757 οὐ
1565 2732 1658 2765 φωνὴν
1682 2732 1783 2767 προΐει,
1804 2731 1862 2758 ἀλλ’

1071 2778 1131 2804 οὐδὲ
1145 2777 1250 2813 τροφῆς
1267 2779 1335 2809 ὅλως
1346 2779 1465 2813 ἥπτετο·
1487 2780 1501 2804 ὁ
1517 2779 1545 2805 δὲ
1560 2779 1650 2812 λιμὸς,
1665 2778 1700 2805 τά
1715 2787 1745 2805 τε
1760 2779 1864 2812 σπλάγ-

1072 2833 1123 2860 χνα
1138 2824 1185 2851 καὶ
1207 2825 1258 2859 τὴν
1275 2825 1363 2859 σάρκα
1379 2825 1506 2859 χαλεπῶς
1528 2825 1669 2859 διατήξας,
1686 2825 1732 2851 τὶν
1746 2825 1862 2852 θάνατον

1074 2871 1182 2906 ὴπείλει
1196 2871 1266 2905 μετὰ
1279 2870 1377 2906 βραχύ.
1393 2871 1577 2906 [Ιειριυμένων
1592 2871 1619 2897 δὲ
1636 2870 1737 2907 ἰατρῶν
1753 2872 1863 2906 φαρμά-

1077 2926 1131 2944 κων
1148 2917 1317 2952 φιλοπονίαις
1328 2917 1373 2944 καὶ
1390 2918 1445 2948 τοῖς
1463 2917 1515 2944 ἀπο
1532 2918 1579 2953 τῆς
1595 2917 1690 2953 τέχνης
1707 2916 1862 2953 βοηθήματι
