2056 3151
269 181 325 212 8ο3

835 174 1026 205 'ADDENDA.
1049 184 1082 191 ε·-
1101 172 1331 206 IANUARIUS.

1855 171 1909 203 8M

270 236 381 270 gionem
399 233 576 261 sectabantur
589 231 775 259 Christianam
789 230 944 258 arbitrabar
957 218 1058 264 decipi,

1122 229 1232 261 πίστεως
1250 229 1339 263 ἔγνων
1354 228 1391 261 ὡς
1417 229 1506 264 σεμνά
1525 237 1587 256 τινα
1614 228 1662 256 καὶ
1678 229 1826 264 σεδάσμια,
1845 227 1902 256 ἀλλ’

271 286 299 308 et
310 288 364 308 non
377 287 438 307 esse
449 287 522 306 same
531 279 642 306 mentis.
655 279 802 312 Postquam
817 282 910 304 autem
923 276 1065 312 egregium

271 326 391 353 conveni
410 325 616 356 Sebastianum,
632 324 722 351 virum
739 324 886 358 insignem,
905 329 933 350 et
946 323 992 357 qui
1011 326 1064 354 est.

271 377 302 400 ut
313 373 377 404 scis,
386 379 484 406 magno
492 370 585 398 studio
596 370 819 405 imperatoribus,
829 375 856 396 et
868 370 902 396 ab
915 369 974 404 ipso
981 369 1065 396 didici

271 426 357 454 quam
377 417 414 445 sit
439 417 556 444 honesta
582 421 610 443 et
635 416 791 443 veneranda
815 415 893 444 fides.
916 421 944 442 et
962 423 1016 442 non
1036 419 1065 441 ut

270 470 369 492 nostra
387 463 559 498 superstitio,
581 462 693 490 sordida
708 467 736 488 et
759 462 864 495 odiosa,
882 461 966 489 didici
982 469 1067 496 expc-

272 511 372 538 rientia
395 517 476 544 quem
501 510 586 536 Deum
615 509 707 536 colere
731 512 867 543 oporteat.
899 508 986 541 Quem
1017 507 1064 542 qui

273 557 410 591 ignorant,
433 555 455 582 si
478 555 519 582 las
542 555 578 582 sit
595 554 697 587 dicere,
719 559 782 582 sunt
799 559 912 589 propter
937 562 1064 582 errorem

273 602 446 630 miserabiles
465 622 473 634 ,
492 605 520 628 et
537 609 571 628 eo
587 601 673 636 magis
687 602 758 636 quod
776 601 827 628 sibi
844 602 990 628 videantur
1004 609 1064 628 esse

272 648 343 680 sani,
358 655 420 674 cum
433 655 488 674 non
501 647 558 674 sint
572 647 630 674 sani
649 647 788 674 sensibus.
815 647 888 673 Dixit
901 647 976 673 urbis
991 655 1062 681 prte-

272 694 380 721 fectus:
396 693 630 727 Dic,‘quibusnam
643 693 735 720 verbis
752 693 867 719 credens
884 697 931 719 aut
941 692 1022 720 factis
1037 700 1068 720 es

271 740 341 767 adeo
358 744 492 771 mutatus,
514 743 544 766 ut
560 747 623 766 eum
645 747 694 774 pro
719 739 776 766 Deo
799 739 902 766 habeas
921 739 968 773 qui
986 744 1065 766 actus

272 785 325 812 fuit
343 785 369 811 in
384 792 509 815 crucem,
528 789 556 810 et
577 784 630 811 alia
651 792 752 819 passus
764 790 807 811 est
828 784 910 818 plena
926 784 1027 819 probro
1038 789 1067 811 et

1118 276 1168 311 οὐχ
1183 273 1226 302 οἷα
1241 276 1275 303 τὰ
1289 276 1422 311 ὑμέτερα,
1442 276 1553 310 ῥυπαρά
1569 283 1599 302 τε
1612 277 1661 302 καὶ
1678 276 1804 311 ἔμμυσα,
1821 276 1906 312 πείρᾳ.

1120 322 1270 357 μεμάθηκα
1282 322 1344 349 τίνα
1359 322 1400 348 δεῖ
1415 322 1505 348 σέϐειν
1519 322 1599 355 Θεὸν,
1614 321 1644 348 ὃν
1659 322 1683 348 οἱ
1698 321 1873 356 ἀγνοοῦντες,
1886 323 1910 350 εί

1120 369 1157 404 μὴ
1169 369 1306 403 τολμηρὸν
1319 370 1419 401 εἰπεῖν,
1432 368 1545 395 ἐλεεινοὶ
1561 369 1610 403 τῆς
1628 368 1744 402 πλάνης,
1753 368 1912 403 Ὀἓιταρχος

1117 414 1197 442 εἷπε·
1227 416 1281 442 Καὶ
1298 417 1353 442 τίσι
1377 415 1468 450 λόγοις
1493 416 1509 451 ἢ
1533 415 1625 450 ἔργοις
1650 415 1814 449 πειθόμενος
1840 415 1911 442 οὕτω

1121 460 1289 495 μετεϐλήοης
1305 460 1342 492 ὡς
1367 461 1416 486 καὶ
1436 460 1495 495 Θεῷ
1513 460 1694 494 προσανέχειν
1722 460 1775 486 ὑπὸ
1793 461 1912 496 παυρίν

1119 506 1235 538 ἐλθόντι,
1250 507 1297 532 καὶ
1305 506 1390 533 τᾶλλα
1400 506 1512 533 παθόντι
1532 507 1566 532 τὰ
1579 506 1751 532 ἐπονείδιστα
1761 515 1768 539 ;
1780 505 1912 542 Τραγκυ-

1117 553 1190 583 ὶῖνος
1203 550 1289 579 εἷπεψ
1303 553 1334 579 Εἰ
1346 553 1515 585 ἀνεξικάκως
1527 553 1637 588 ἤκουες,
1649 550 1672 578 ὣ
1684 553 1812 584 δικαστά,
1823 553 1913 584 ἔδειξα

1119 598 1150 625 ἄν
1167 607 1208 624 σοι
1220 599 1264 624 τὸν
1277 599 1485 634 ὲσταυρωμένον
1498 598 1592 625 τοῦτον
1602 599 1648 625 ’τὸν
1660 598 1726 624 Θεὸν
1741 599 1808 624 ὄντα
1819 598 1913 632 ἀληθι-

1118 644 1162 670 νδν
1179 645 1226 670 καὶ
1244 644 1335 679 πάσης
1351 645 1470 679 ἀοράτου
1489 644 1537 671 καὶ
1551 645 1651 679 ὁρατῆς
1669 643 1837 675 δεσπόζοντα
1855 644 1913 670 κτί-

1121 699 1200 721 σεως.
1219 690 1250 718 ’0
1281 690 1400 725 ἔπαρχος
1426 688 1507 716 εἷπε’
1534 691 1612 717 Μετὰ
1640 690 1809 725 παρρησίας,
1831 690 1914 725 μηδὶν

1122 736 1352 770 ὑποστειλάμενος
1370 736 1476 771 φράσον
1491 737 1569 771 ἡμῖν,
1587 736 1642 768 ἵνα,
1662 737 1686 762 εί
1702 736 1793 767 καλῶς
1810 736 1866 770 ἔχει
1880 737 1913 762 τὲ

1121 783 1168 810 τοῦ
1184 784 1252 810 Θεοῦ
1267 792 1325 816 σου,
1341 784 1553 818 κοινωνήσωμέν
1568 793 1611 811 σοι
1628 784 1677 819 τῆς
1689 784 1851 819 θρησκείας.

272 831 436 858 dedecore?
459 831 533 857 Dixit
553 831 762 865 Tranquillinus
777 831 823 857 :Si
845 838 900 858 non
925 831 1067 862 iracunde,
1086 830 1134 857 sed
1153 831 1291 865 patienter
1304 835 1333 858 et
1355 831 1462 865 placide
1487 839 1530 858 me
1565 831 1734 863 'audiveris,
1759 837 1776 857 o
1817 830 1912 865 judex,

272 877 415 905 ostendam
433 877 481 904 tibi
499 877 572 904 hunc
584 877 746 904 crucifixum
767 885 865 904 verum
883 884 945 905 esse
977 878 1075 909 Deum,

274 931 356 958 quam
368 931 430 958 qua
439 931 493 950 non
508 924 581 950 cadit
591 923 642 950 sub
654 929 806 958 aspectum.
822 924 895 950 Dixit
907 924 1052 958 praefectus

1074 933 1080 951 ε
1104 924 1152 950 Dic
1171 923 1252 951 nobis
1265 924 1352 951 libere
1365 928 1394 951 et
1408 923 1477 950 nihil
1493 924 1622 957 reticens,

1116 882 1144 904 et
1161 878 1246 904 Deum
1264 879 1348 904 totius
1370 881 1487 909 naturae,
1504 882 1559 904 tam
1582 885 1643 912 qua;
1668 882 1711 904 est
1724 876 1912 912 aspectabilis,

1657 927 1687 951 ut
1702 923 1724 951 si
1742 931 1785 950 res
1805 923 1844 950 tui
1866 922 1914 950 Dei

276 969 347 997 bene
358 978 387 997 se
405 970 534 1001 habeant,
549 970 636 997 simus
651 978 701 997 nos
715 979 825 1004 quoque
844 971 910 997 socii
928 976 980 998 tua:
1001 970 1153 1006 religionis.

311 1015 346 1042 Χ.
371 1016 445 1043 Dixit
464 1017 672 1050 Tranquillinus
691 1025 697 1043 :
714 1017 849 1050 Quoniam
867 1023 908 1043 est
931 1017 999 1043 mihi
1024 1017 1066 1044 fa-
1081 1023 1104 1052 Β

275 1066 321 1090 cta
350 1062 462 1089 dicendi
492 1066 615 1097 potestas
646 1070 660 1089 a
687 1068 733 1090 tua
761 1063 988 1093 mansuetudine,
1005 1063 1069 1090 audi

276 1109 374 1144 raucis
404 1109 564 1144 mysterium
596 1109 705 1136 consilii
733 1114 760 1136 et
795 1110 955 1137 mconomim
980 1110 1071 1137 carnis

277 1159 412 1188 susceptae
432 1163 438 1180 :
454 1159 482 1181 et
508 1155 582 1181 δεῖρε
607 1155 733 1185 omnino,
753 1155 807 1181 nisi
826 1155 895 1181 velis
911 1155 1000 1181 libens
1016 1162 1070 1181 caa-

278 1201 368 1227 cutire
392 1200 425 1227 ad
448 1201 606 1232 veritatem,
625 1201 728 1227 nullam
747 1201 828 1227 aliam
848 1201 1008 1234 religionem
1023 1209 1070 1227 ca-

279 1254 341 1273 rere
365 1253 460 1274 errore
476 1251 662 1280 praeterquam
687 1247 810 1273 solorum
837 1247 1069 1274 Christianorum.

281 1291 332 1319 llic
361 1292 489 1319 Christus
511 1300 594 1326 quem
623 1300 672 1319 vos
701 1293 877 1320 insectamiui
905 1293 1070 1324 maledictis,

283 1344 347 1363 cum
363 1342 437 1364 esset
450 1337 523 1364 Deus
538 1337 572 1364 ah
595 1337 687 1368 initio,
713 1337 739 1363 in
762 1345 843 1371 quem
869 1346 922 1364 non
940 1337 1013 1364 cadit
1029 1338 1072 1364 in-

281 1382 392 1413 teritus,
417 1386 445 1408 et
461 1382 509 1415 qui
536 1382 635 1408 mutari
654 1390 708 1408 non
731 1387 822 1416 potest
855 1387 883 1409 ct
905 1383 1026 1415 :tlterari,
1045 1387 1073 1410 et

280 1427 329 1461 qui
346 1431 389 1454 est
404 1435 512 1461 semper
525 1435 587 1454 cum
606 1428 685 1454 Patre
700 1432 727 1454 et
742 1428 859 1462 Spiritu,
881 1434 908 1456 et
924 1429 982 1464 ipse
1007 1437 1070 1456 om-

282 1472 327 1499 nia
350 1472 492 1506 produxit.
511 1474 633 1500 Primum
650 1474 763 1506 quidem
790 1474 932 1508 angelicas
949 1479 1071 1509 potesta-

283 1522 325 1546 tes
356 1518 502 1551 caelestes;
528 1519 630 1547 deinde
657 1525 749 1546 autem
774 1519 850 1547 hunc
878 1520 1022 1553 mundum,
1045 1525 1073 1548 et

282 1581 452 1610 postremum
471 1576 607 1604 inducens
632 1576 773 1604 hominem
792 1587 799 1604 :
817 1586 898 1612 quem
921 1583 949 1605 et
975 1586 1071 1606 manus

282 1629 339 1649 suae
353 1627 436 1650 ornat
460 1623 609 1656 effictione,
634 1627 661 1650 ct
686 1631 777 1657 regem
809 1624 954 1651 constituit
976 1632 1072 1651 eorum

281 1677 344 1703 quae
370 1673 434 1697 sunt
463 1669 490 1696 in
515 1674 611 1696 terra:
629 1674 657 1696 et
679 1677 742 1696 cum
760 1678 823 1697 cum
842 1670 874 1696 ad
891 1670 1071 1697 habitandum

1155 1018 1183 1044 l’.
1197 1018 1385 1053 Τραγκυλῖνος
1399 1015 1477 1044 εἶπεν
1491 1025 1498 1032 ·
1521 1017 1549 1042 ’0
1564 1017 1682 1052 Χριστὸς
1693 1013 1781 1048 οὗτος,
1798 1016 1914 1051 ἔπαρχε,

1121 1063 1151 1090 ὃν
1170 1063 1250 1098 ὑμεῖς
1273 1064 1470 1099 βλασφημεῖτε,
1481 1064 1545 1096 Θεὸς
1561 1063 1598 1090 ὣν
1615 1063 1661 1089 ἀπ’
1676 1063 1762 1098 ἀρχῆς
1776 1063 1915 1098 ἄφθαρτός

1123 1118 1154 1136 τε
1180 1110 1226 1136 καὶ
1250 1110 1431 1141 ἀναλλοίωτος
1448 1111 1496 1136 καὶ
1510 1110 1548 1144 τῷ
1567 1110 1653 1145 Πατρὶ
1670 1110 1854 1143 συνυπάρχων
1867 1108 1915 1135 καὶ

1123 1154 1276 1188 Πνεύματι,
1295 1155 1330 1181 τὰ
1353 1156 1443 1181 πάντα
1473 1156 1647 1190 παρήγαγεν,
1663 1155 1820 1189 ὑποστήσας
1838 1154 1915 1189 πρῶ-

1122 1209 1168 1226 τον
1185 1201 1234 1235 μὲν
1248 1202 1297 1232 τὰς
1311 1201 1461 1234 ὰγγελικὰς
1480 1201 1610 1236 δυνάμεις
1627 1201 1674 1228 καὶ
1687 1201 1841 1234 οὐρανίους,
1856 1199 1916 1227 εἶτα

1122 1248 1197 1274 τόνδε
1218 1248 1263 1274 τὸν
1276 1248 1415 1283 ὁρώμενον
1428 1248 1541 1282 κόσμον,
1561 1249 1609 1274 καὶ
1627 1248 1783 1274 τελευταῖον
1807 1249 1854 1274 τὸν
1871 1248 1916 1274 ἇν-

1124 1294 1232 1328 ορωπον
1247 1302 1254 1308 ⁸
1271 1294 1300 1320 ὃν
1315 1295 1361 1320 καὶ
1381 1293 1460 1329 χερσὶ
1486 1294 1650 1326 διαπλάσας,
1667 1293 1780 1329 βασιλέα
1793 1294 1847 1320 τῶν
1870 1294 1915 1320 ἐπὶ

1124 1341 1174 1374 γῆς
1207 1341 1354 1375 καθίστησι
1381 1342 1429 1367 καὶ
1464 1341 1502 1376 τῷ
1532 1341 1691 1376 παραδείσῳ
1719 1341 1915 1374 ἑγκατοικὶσας

1125 1386 1232 1412 κελεύει
1258 1387 1366 1413 πάντων
1391 1387 1439 1422 μὲν
1459 1387 1607 1413 ἀπολαύειν
1627 1387 1681 1412 τῶν
1705 1387 1794 1412 ἐκεῖσε
1812 1387 1914 1421 φυτῶν,

1125 1433 1184 1464 ἐνὸς
1210 1433 1238 1458 δὲ
1267 1433 1347 1467 μόνου
1379 1433 1543 1467 ἀπέχεσθαι,
1571 1434 1707 1459 παιδεύων
1736 1433 1819 1459 αὐτὸν
1846 1432 1915 1468 πρὸς

1124 1479 1258 1513 ὑπακοήν.
1281 1478 1350 1504 Ἀλλ’
1362 1476 1401 1510 εἷς
1416 1479 1669 1514 τῶνάρχαγγέλων,
1686 1479 1736 1514 τῆς
1752 1479 1828 1511 θείας
1838 1479 1916 1513 δόξης

1124 1525 1157 1551 δι’
1175 1525 1310 1560 ἔπαρσιν,
1323 1525 1383 1560 μεο“
1401 1523 1430 1552 οὗ
1447 1527 1592 1552 ἐπεστάτει
1608 1527 1750 1560 τάγματος
1776 1525 1913 1558 ἐκπεσὼν,

1124 1573 1175 1598 οὐκ
1200 1572 1299 1606 ἔφερεν
1324 1573 1389 1607 ὸρᾷν
1412 1572 1457 1598 τὸν
1486 1572 1629 1607 ἄνθρωπον
1647 1572 1821 1607 ῲκειωρένον
1843 1572 1912 1606 Θεῷ.

1127 1617 1208 1644 Ὅθεν
1225 1618 1331 1644 ἐλπίσιν
1347 1619 1506 1654 ἀπατηλοῖς
1531 1621 1576 1646 καὶ
1601 1617 1622 1654 ᾧ
1646 1620 1725 1651 αὐτὸς
1749 1620 1913 1646 stertit-utor:

1124 1663 1217 1698 τρόπῳ
1233 1664 1280 1696 τῆς
1299 1664 1374 1695 θείας
1387 1665 1466 1699 δόξης
1484 1666 1649 1700 ἀπογυμνοῖ,
1676 1666 1723 1691 καὶ
1749 1665 1797 1691 τοῦ
1826 1674 1914 1700 παρα-

285 1707 403 1740 locasset
420 1714 448 1740 in
472 1715 611 1748 paradiso,
627 1715 675 1740 dat
692 1715 718 1741 ei
735 1715 904 1746 mandatum,
924 1720 953 1741 ut
965 1715 1071 1742 fruatur

1124 1709 1212 1735 δείσου
1231 1710 1278 1736 καὶ
1295 1710 1346 1744 τῆς
1361 1711 1512 1742 ἀθανασίας
1531 1711 1680 1746 ἀλλοτριοῖ,
1699 1711 1850 1737 κάντεῦθεν
1882 1712 1912 1736 οὐ

283 1759 395 1792 quidem
419 1759 548 1786 omnibus
573 1767 634 1793 qua:
664 1760 692 1786 in
718 1768 751 1786 eo
780 1765 845 1787 sunt
865 1761 1023 1793 arboribus,
1039 1761 1073 1788 ab

284 1811 339 1830 una
357 1809 450 1830 autem
467 1803 525 1830 sola
542 1803 692 1834 abstineat,
706 1812 769 1831 eum
792 1806 923 1832 erudiens
947 1805 979 1831 ad
1006 1806 1073 1832 obe-

283 1848 427 1880 dientiam,
442 1853 470 1875 et
485 1849 586 1883 majora
611 1856 764 1884 procurans
779 1857 827 1883 per
841 1850 1071 1876 observationem.

285 1894 339 1921 Sed
355 1902 426 1921 unus
444 1895 490 1921 cui
511 1894 648 1929 obtigerat
665 1894 810 1929 imperium
833 1896 860 1921 in
876 1895 1013 1929 angelicos
1027 1903 1073 1922 or-

282 1940 381 1972 dines,
400 1940 434 1966 ad
452 1940 550 1968 vitium
578 1940 726 1975 impulsus,
746 1945 773 1967 et
789 1940 882 1967 divina
900 1941 995 1975 gloria,
1011 1949 1075 1975 pro-

282 1990 345 2020 pter
373 1986 536 2018 elationem,
567 1993 629 2012 cum
658 1993 691 2012 eo
719 1985 818 2012 ordine
838 1985 882 2012 cui
910 1986 1073 2020 imperabat,

282 2031 409 2065 privatus
428 2049 436 2062 ,
465 2039 521 2057 non
548 2031 705 2065 patiebatur
727 2032 868 2058 hominem
900 2031 994 2058 videre
1018 2032 1073 2060 Deo

284 2085 347 2105 esse
367 2078 557 2112 coniunctum,
573 2081 602 2104 et
625 2077 658 2104 ad
681 2077 781 2104 coelum
803 2077 873 2104 unde
893 2077 950 2113 ipse
965 2078 1074 2106 cecide-

284 2129 326 2151 rat
351 2124 443 2151 evehi.
462 2124 540 2152 Unde
557 2124 641 2152 etiam
669 2124 764 2151 invido
795 2124 823 2151 in
853 2132 916 2152 eum
949 2125 1073 2160 conjecto

283 2169 379 2202 oculo,
394 2177 441 2205 spe
459 2170 551 2197 fallaci
576 2174 604 2197 et
626 2177 658 2197 eo
676 2170 760 2197 modo
781 2178 836 2205 quo
851 2171 909 2205 ipse
925 2170 1071 2203 ceciderat,

285 2216 378 2243 divina
403 2223 468 2243 eum
497 2216 584 2251 gloria
601 2217 712 2251 spoliat,
727 2221 755 2244 et
771 2224 786 2243 a
807 2217 868 2243 loco
884 2217 930 2251 qui
953 2217 978 2243 ei
994 2216 1074 2244 datus

284 2261 375 2290 fuerat
397 2262 430 2289 ad
454 2263 646 2294 habitandum,
667 2267 694 2289 et
710 2262 744 2289 ab
769 2263 975 2290 immortalitate
991 2262 1073 2290 edicit

283 2308 416 2335 alienum.
435 2308 530 2342 Neque
554 2316 620 2335 vero
645 2309 668 2335 is
693 2308 793 2335 deinde
818 2309 966 2336 intermisit
982 2308 1072 2335 homi-

284 2361 350 2381 num
367 2358 495 2381 naturam
522 2354 549 2380 in
568 2355 640 2381 mala
667 2354 721 2381 sibi
747 2354 867 2381 invicem
895 2354 1072 2382 succedentia

1126 1755 1244 1782 διέλιπεν
1257 1752 1333 1787 οὗτος
1358 1757 1407 1791 τὴν
1427 1757 1482 1783 τῶν
1505 1757 1659 1791 ἀνθρώπων
1682 1757 1763 1791 φύσιν
1781 1757 1914 1788 ποικίλοις

1126 1802 1299 1836 περιϐάλλων
1315 1804 1420 1835 κακοῖς,
1438 1803 1475 1834 ὡς
1490 1804 1645 1839 ἀποστῆσαι
1664 1804 1713 1839 μὲν
1728 1803 1776 1831 τοῦ
1798 1812 1914 1838 πεποιη-

1126 1847 1203 1877 κότος
1219 1846 1298 1878 Θεοῦ,
1323 1847 1361 1878 εὶς
1382 1847 1480 1873 εἴδωλα
1503 1847 1531 1873 δὲ
1557 1850 1724 1882 καταγαγεῖν
1747 1850 1794 1874 καὶ
1809 1851 1914 1882 χειρῶν

1126 1891 1284 1926 πλάσματα.
1301 1892 1382 1917 Ὅθεν
1395 1892 1442 1918 καὶ
1455 1892 1539 1926 νόμος
1555 1893 1622 1926 πρὸς
1638 1892 1783 1927 διόρθωσιν
1797 1892 1911 1925 δίδοται,

1125 1939 1171 1963 καὶ
1181 1937 1319 1972 προφῆται
1334 1937 1461 1972 βοηθοῦσι
1473 1937 1510 1972 τῷ
1522 1938 1568 1964 τοῦ
1583 1938 1651 1964 Θεοῦ
1664 1939 1817 1973 πλάσματι.
1835 1939 1914 1965 Ἐπεὶ

1124 1983 1153 2010 δὲ
1181 1985 1235 2014 τοῖς
1262 1984 1384 2018 χείροσιν
1400 1984 1565 2017 ἐπετείνετο,
1592 1984 1673 2015 αὐτὸς
1695 1985 1709 2011 ὁ
1729 1985 1777 2010 τοῦ
1805 1985 1912 2020 ῐΙατρὸς

1127 2030 1274 2065 μονογενὴς
1291 2030 1355 2062 Υἱὸς
1372 2031 1418 2056 ἐπὶ
1433 2033 1481 2065 τῆς
1493 2032 1544 2065 γῆς
1558 2030 1648 2066 ὤφθη,
1665 2032 1713 2058 καὶ
1732 2032 1804 2058 κατὰ
1824 2032 1912 2058 πάντα

1125 2077 1191 2111 ἡμῖν
1211 2076 1355 2110 ὁμοιωθεὶς
1378 2077 1461 2111 χωρὶς
1487 2077 1625 2111 ἁμαρτίας
1639 2077 1684 2103 τόν
1707 2085 1736 2103 τε
1754 2077 1912 2113 ἀποστάτην

1125 2124 1171 2149 καὶ
1184 2123 1246 2154 τοὺς
1263 2123 1308 2148 ὑπ’
1321 2123 1401 2149 αὐτὴν
1414 2123 1482 2158 μετὰ
1498 2124 1623 2157 σώματος
1636 2126 1760 2159 νικήσας,
1774 2124 1820 2156 οὒς
1834 2125 1913 2160 ὑμεῖς

1124 2169 1235 2203 ἡγεῖσθε
1268 2169 1354 2202 θεοὺς,
1381 2169 1449 2204 πρὸς
1473 2170 1522 2204 τὴν
1547 2170 1662 2204 ἀρχαίαν
1681 2171 1755 2205 ἡμᾶς
1781 2170 1930 2204 ἐπανάγει,

1124 2215 1275 2248 εὐγένειαν,
1304 2214 1352 2241 καὶ
1379 2215 1460 2241 πάλιν
1484 2215 1552 2251 πρὸς
1578 2217 1624 2241 τὸν
1649 2216 1756 2250 Πατέρα
1779 2216 1848 2251 μετὰ
1865 2215 1929 2251 τοῦξ

1125 2261 1340 2296 προσλήμματος
1358 2260 1457 2296 ἄνεισι,
1473 2261 1533 2296 μεθ’
1546 2258 1576 2288 οὗ
1600 2261 1648 2288 καὶ
1673 2262 1735 2297 ἥξει
1753 2262 1848 2293 πάλιν,
1866 2262 1913 2288 καὶ

1124 2308 1179 2332 πᾶν
1194 2306 1226 2332 τὺ
1243 2306 1355 2340 πλάσμα
1369 2306 1489 2340 συνάξει,
1504 2307 1582 2340 λόγον
1595 2307 1680 2334 δὼσον
1695 2304 1732 2334 ὧν
1743 2305 1772 2334 εὖ
1788 2307 1805 2342 ἢ
1818 2307 1911 2339 κακῶς

1125 2352 1298 2388 διεπράξατο.

284 2400 445 2431 immittere,
465 2406 493 2427 ut
511 2408 572 2434 quae
590 2408 605 2426 a
620 2408 742 2434 superna
760 2407 812 2434 ope
832 2405 906 2427 esset
922 2400 1067 2432 destituta,
1089 2399 1158 2427 adeo
1174 2404 1204 2426 ut
1222 2399 1364 2427 hominem
1389 2399 1536 2427 abduxerit
1552 2408 1567 2428 a
1582 2401 1636 2428 Deo
1651 2402 1698 2436 qui
1732 2409 1797 2428 eum
1833 2408 1912 2428 erea-

284 2450 328 2473 rat
350 2449 379 2472 et
402 2447 568 2473 formaverat
585 2455 591 2472 :
609 2446 753 2473 deduxerit
771 2454 838 2474 vero
852 2447 885 2473 ad
917 2447 1064 2473 simulacra
1080 2449 1257 2473 et'manuum
1275 2445 1414 2480 ﬁgmenta,
1428 2450 1456 2473 et
1475 2446 1599 2474 effecerit
1615 2452 1644 2474 ut
1656 2455 1701 2474 res
1716 2451 1808 2475 creata
1822 2448 1913 2475 insur-

284 2496 361 2527 geret
381 2492 514 2519 adversus
533 2496 700 2519 creatorem.
725 2492 795 2519 Hinc
821 2493 866 2520 lex
888 2493 952 2519 data
974 2497 1017 2520 est
1038 2492 1073 2518 ad
1094 2493 1296 2519 correctionem
1314 2500 1320 2518 :
1335 2498 1364 2519 et
1394 2493 1537 2528 prophetat
1558 2501 1639 2528 opem
1676 2494 1770 2521 ferunt
1791 2494 1839 2522 Dei
1862 2494 1913 2529 lig-

284 2542 389 2569 mento,
406 2543 435 2565 et
453 2545 516 2565 eum
532 2542 605 2565 esset
621 2538 735 2566 morbus
750 2538 974 2570 immedicabilis,
995 2543 1023 2566 et
1037 2539 1070 2565 ad
1091 2539 1229 2566 deteriora
1265 2538 1471 2571 extenderetur,
1497 2539 1555 2574 ipse
1580 2539 1669 2567 Patris
1693 2540 1779 2568 Filius
1817 2540 1913 2575 unige-

284 2584 360 2611 nitus
372 2585 448 2612 visus
458 2588 501 2611 est
516 2584 544 2611 in
560 2589 644 2617 terra,
659 2590 687 2612 et
703 2585 731 2611 in
747 2585 877 2611 omnibus
894 2589 938 2611 est
968 2584 1085 2611 effectus
1122 2584 1224 2611 similis
1252 2584 1334 2611 nobis
1361 2585 1466 2620 absque
1487 2591 1612 2620 peccato,
1638 2590 1666 2614 et
1691 2594 1754 2614 cum
1778 2594 1843 2614 eum
1865 2587 1912 2622 qui

285 2630 432 2662 defecerat,
451 2635 478 2658 et
501 2638 548 2658 eos
563 2631 610 2665 qui
633 2630 695 2665 eius
719 2636 817 2665 parent
843 2631 980 2665 imperio,
1008 2638 1070 2657 cum
1091 2638 1211 2665 corpore
1234 2630 1357 2662 vicisset,
1387 2639 1457 2666 quos
1481 2639 1530 2659 vos
1543 2632 1610 2660 deos
1625 2640 1685 2660 esse
1715 2634 1830 2668 putatis,
1862 2641 1912 2660 nos

284 2676 318 2703 ad
332 2677 473 2712 antiquam
494 2677 603 2704 reduxit
619 2677 811 2710 nobilitatem,
825 2681 854 2705 et
873 2685 969 2704 rursus
982 2677 1108 2704 ascendit
1141 2676 1175 2703 ad
1199 2677 1309 2704 Patrem
1334 2685 1397 2703 cum
1432 2684 1466 2704 eo
1498 2677 1572 2712 quod
1588 2684 1784 2714 assumpserat,
1806 2684 1834 2707 et
1866 2687 1913 2707 ve-

285 2723 344 2750 niet
366 2723 419 2751 hac
442 2724 496 2751 vita
511 2724 656 2758 dissoluta,
672 2728 701 2751 et
726 2724 904 2759 congregabit
920 2731 1003 2751 omne
1025 2723 1341 2758 ﬁgmentum,daturum
1356 2724 1492 2751 rationem
1525 2732 1623 2752 eorum
1654 2733 1715 2760 qua:
1748 2726 1813 2754 fecit
1840 2726 1913 2754 bene

283 2769 327 2796 vel
341 2770 422 2797 male.

321 2814 366 2842 XI.
385 2815 448 2844 Haec
461 2821 535 2848 sunt,
551 2824 567 2843 ο
579 2817 673 2852 judex,
691 2824 791 2844 arcana
816 2817 989 2844 (economiae.
1005 2817 1070 2843 Pro-
1086 2822 1110 2849 ο

287 2863 380 2892 pterea
397 2865 440 2887 est
452 2865 480 2887 et
493 2869 572 2894 crux,
584 2867 612 2889 et
626 2870 711 2894 mors,
727 2867 755 2890 et
779 2862 931 2897 sepultura,
946 2869 1007 2896 qua‘
1021 2869 1069 2890 vos

287 2911 350 2932 cum
366 2905 474 2934 Christo
496 2907 628 2941 objicitis,
651 2916 705 2937 non
721 2908 939 2937 animadvertitis
956 2916 1004 2936 vos
1021 2916 1069 2943 per

1159 2815 1211 2842 ιΑε.
1230 2814 1334 2848 Ταῦτα,
1347 2811 1370 2842 ὦ
1384 2815 1511 2848 δικαστά,
1528 2815 1562 2843 τὰ
1584 2816 1634 2851 τῆς
1651 2817 1808 2852 οίκονομίας
1823 2817 1910 2853 ἀπόρ-

1124 2863 1209 2898 ρηςα.
1219 2862 1267 2887 Διὰ
1282 2861 1362 2888 τοῦτο
1377 2862 1502 2895 σταυρὸς.
1524 2862 1572 2888 καὶ
1597 2862 1721 2896 θάνατος,
1747 2863 1796 2889 καὶ
1824 2871 1909 2898 ταφη,

1123 2909 1139 2934 ἃ
1153 2908 1231 2942 ῦμεῖς
1245 2907 1284 2942 τῷ
1295 2907 1404 2943 Χριστῷ
1417 2909 1460 2936 ἐπ’
1478 2908 1580 2943 ἀτιμίᾳ
1596 2909 1778 2943 προφέροντες
1794 2909 1838 2938 διὰ
1849 2910 1910 2937 τονι-
