2056 3151
163 173 220 205 ἷ-ιθό

560 170 800 201 MARTYRIUM
821 170 852 202 S.
873 170 1104 200 SEBASTIANI
1127 171 1174 201 ΕΤ
1197 171 1408 204 SOCIORUM.

1750 177 1805 208 ξοδ

166 241 214 260 του
235 231 373 258 ὃεικνύετε
398 229 481 257 αὑτοῦ
509 230 539 257 τδ
560 230 727 266 σεϐάσμιον.
749 231 780 258 El
794 230 848 267 γὰρ
863 232 910 258 καὶ
922 231 960 263 ὠς

1011 236 1043 256 ea
1056 236 1104 263 per
1119 236 1179 262 quae
1190 230 1361 264 contemptui
1375 229 1494 264 habetis,
1506 228 1654 259 ostendere
1664 239 1728 260 eum
1742 240 1803 260 esse

168 278 310 313 ἄνθρωπος
326 276 472 309 πέπονθεν,
486 276 542 303 ἀλλ’
557 277 706 311 ἐγήγερται
721 277 758 308 ὡς
776 276 853 308 Θεός·
868 278 892 304 εί
910 278 956 304 καὶ

168 324 246 359 ὑμεῖς
259 323 373 357 ἀφέντες
385 322 420 349 τὰ
436 323 504 349 Θεὸν
521 323 604 350 αὑτὸν
628 323 816 357 παριστῶντα,
835 324 889 354 τοῖς
903 324 954 358 τῆς

166 369 376 405 ἁνθρωπότητος
400 369 615 404 ὲγκαταμένετε,
635 369 684 404 τὴν
700 369 856 403 οἰκονομίαν
872 369 954 396 αὑτοῦ

166 415 213 443 καὶ
230 415 376 442 ἀσθένειαν
395 415 565 450 λογιζόμενοι
576 435 584 447 ,
601 415 648 442 καὶ
665 415 726 441 οὐδὲ
746 415 779 442 τὰ
798 415 957 449 παραδόξως

165 459 224 485 ’τότε
251 459 300 485 καὶ
320 458 367 485 νῦν
393 460 422 486 ἐν
448 459 486 494 τῷ
514 460 626 494 ὀνόματι
655 459 738 486 αὑτοῦ
769 459 956 494 ἐνεργούμενα

165 505 298 532 πέπεικεν
326 506 397 540 ὑμᾶς
418 506 467 540 ὀψέ
485 514 549 532 ποτε
574 506 722 539 ἐπιγνῶναι
739 506 786 533 τὸν
802 506 953 533 πλάσαντα.

167 552 202 578 Ἦ
217 552 268 586 οὐχ
283 553 348 586 ὁρᾷς
364 549 419 583 οἷος
437 552 515 586 καγὼ
541 552 572 578 ὲκ
589 552 638 586 τῆς
664 551 733 586 πρὸς
756 551 837 578 αὑτὸν
857 551 955 586 ὁμολο-

168 597 227 631 γίας
243 597 291 624 καὶ
304 596 351 623 τοῦ
367 597 554 632 βαπτίσματος
566 596 739 631 ἀναπέφηνα,
750 597 764 622 ὸ
780 597 845 631 πρὶν
859 604 957 631 παρει-

166 642 246 676 μὲνος
266 642 314 668 καὶ
332 642 400 676 μηδὲ
416 642 534 676 βαδίζειν
551 642 645 676 σχεδον
658 642 827 676 δυνάμενο;;

152 581 161 611 i

1008 274 1156 302 colendum
1185 279 1213 302 et
1232 275 1481 303 venerandum.5i
1503 277 1577 305 enim
1599 285 1696 312 passus
1712 283 1755 306 est
1772 284 1803 307 ιιι

1009 321 1104 353 homo,
1128 322 1280 349 resurrexit
1296 325 1326 348 ut
1349 322 1442 354 Deus;
1460 323 1570 350 etiamsi
1589 331 1637 350 vos
1650 324 1753 352 relictis
1768 325 1802 352 iis

1010 375 1071 402 qua:
1088 371 1152 395 sunt
1177 367 1341 399 excelsiora,
1366 372 1395 394 et
1418 376 1481 402 quive
1504 376 1567 395 eum
1590 375 1685 403 aperte
1714 370 1801 397 Deum

1011 413 1173 446 ostendunt,
1198 414 1364 441 remaneatis
1379 414 1405 441 in
1424 414 1458 441 iis
1474 422 1536 448 quae
1561 419 1624 442 sunt
1639 415 1800 445 humiliora.

1010 460 1070 494 ejus
1082 460 1109 486 in
1122 459 1247 486 homines
1263 460 1461 495 benignitatem
1479 465 1507 487 et
1519 462 1702 488 oeconomiam
1719 470 1803 496 repu-

1011 509 1101 532 tantes
1118 505 1350 536 imbecillitatem,
1367 509 1395 532 ct
1409 513 1500 540 neque
1517 513 1600 540 opera
1616 505 1800 539 admirabilia,

1009 559 1072 586 quae
1088 555 1116 578 et
1141 555 1207 578 tunc
1233 556 1260 578 et
1278 559 1352 579 nunc
1368 552 1437 578 [lunt
1452 552 1479 578 in
1503 553 1563 587 ejus
1579 553 1702 585 nomine,
1723 554 1803 580 vob's

1012 597 1121 624 tandem
1137 603 1335 632 persuaserunt
1348 597 1449 624 intueri
1466 597 1500 625 ad
1514 599 1659 626 veritatem
1677 605 1705 626 el.
1719 607 1803 633 agno-

1011 652 1089 672 scere
1114 649 1280 673 creatorem.
1295 646 1337 672 An
1352 653 1407 673 non
1423 646 1501 673 vides
1517 646 1606 680 qualis
1619 654 1669 681 ego
1690 654 1802 681 quoque

165 689 301 716 evaserim
326 697 359 715 ex
385 689 558 716 confessione
598 689 659 724 ejus
684 692 712 715 et
735 688 899 723 baptismate
924 689 971 724 qui
992 691 1071 726 prius
1113 700 1189 720 eram
1217 693 1349 720 membris
1372 692 1524 720 dissolutus
1552 697 1581 720 et
1608 693 1652 720 vix
1678 697 1802 728 poteram

165 735 294 770 ingredi?

144 783 147 797 ⁵
170 810 175 817 μ
200 782 252 808 ΙΒ’.
275 782 351 808 Ἐπεὶ
365 781 445 808 τοῦτο
462 782 475 808 ὁ
491 780 610 817 ἔπαρχος
630 782 733 817 ἢκουσε
746 782 793 808 καὶ
810 783 840 809 τὸ
856 783 955 818 ἀληθὲς

164 829 214 864 τῆς
243 830 386 861 εὐσεϐείας
421 831 506 864 uagas;
535 830 712 863 ἐδιδάσκετο,
741 831 863 857 ἐκποδὼν
892 832 956 863 τοὺς

165 875 348 910 παρεστῶτας
365 876 560 909 ποιησάμενος,
588 875 666 901 καὶεί
689 875 955 910 τὸνξτραγκυλῖνον,

166 921 213 948 καὶ
223 921 298 955 λέγει
312 921 398 956 αὐτῷ·
420 922 504 956 Ὀρῶ,
519 922 628 956 ἀδελφὲ,
642 923 682 948 ὅτι
695 922 835 953 uexillo;
848 923 863 956 ἢ
878 924 956 957 μόνος

162 964 245 1000 οὗτος
263 968 340 999 Θεὸς,
354 969 368 994 ὁ
385 968 450 1002 παρ’
465 968 542 1002 ὑμῶν
559 968 809 1002 προσκυνούμενος,
826 967 902 1003 ᾧπερ
933 971 957 996 εἰ

167 1014 258 1050 βούλει
291 1015 364 1049 κάμὲ
380 1014 559 1049 προσελθεῖν,
578 1015 625 1040 νῦν
650 1016 700 1049 μὲν
725 1016 803 1043 ἄπιθι
820 1017 848 1042 ἐν
872 1017 959 1051 ἀττορ-

167 1062 262 1097 ρήτοις
285 1061 353 1095 ἔχων
378 1061 408 1087 τὸ
427 1060 553 1095 βούλημα
576 1061 684 1093 οἴκαδε,
706 1063 739 1098 τῇ
767 1062 795 1088 δὲ
817 1062 881 1096 ἑξῆς
896 1063 959 1094 τοὺς

166 1108 262 1142 ἁγίους
276 1107 380 1139 λαϐὼν,
397 1107 442 1140 οὓς
455 1109 621 1143 προεστάναι
641 1109 692 1144 φὴς
710 1109 765 1135 τῶν
783 1109 960 1144 συνειλεγμέ-

165 1163 219 1182 νων
238 1154 425 1189 Χριστιανῶν,
454 1155 542 1188 ἄγαγε
570 1155 638 1189 πρός
666 1164 698 1189 με
717 1155 839 1182 σπείδων
856 1156 959 1191 μηδένα

164 1201 278 1231 τούτους
295 1201 370 1227 ἰδεῖν.
397 1201 496 1227 Μέλλω
514 1201 569 1235 γὰρ
594 1201 671 1233 κάγὼ
688 1201 721 1227 δι’
737 1201 854 1228 ἐκείνων
873 1210 959 1237 προτί

165 1247 288 1281 αχθῆναι
299 1247 421 1282 Χριστῷ.
439 1247 515 1273 Μετὰ
528 1246 615 1273 ταῦτα
631 1249 643 1274 ὁ
656 1247 898 1286 Τραγκυλῖνος-είς
915 1249 959 1273 τὸν

167 1292 252 1319 αὐτοῦ
268 1290 342 1319 οἷκον
369 1293 466 1324 ἐλθὼν,
487 1293 536 1319 καὶ
550 1294 583 1318 τὰ
602 1293 673 1319 κατὰ
688 1294 734 1318 τὸν
755 1292 876 1327 ἔπαρχον
903 1294 959 1324 τοῖς

166 1339 258 1372 ἁγίοις
271 1338 418 1373 γνωρίσας,
437 1338 609 1373 εὐφροσύνης
620 1338 731 1368 τούτους
744 1339 842 1373 πληροῖ
859 1339 960 1372 μαθόν-

165 1391 216 1414 τας
233 1383 279 1410 τὸν
295 1384 427 1417 πρότερον
439 1383 556 1417 διώκτην
571 1383 673 1417 θερμὸν
695 1383 823 1416 ἐσόμενον
835 1384 896 1410 ὅσον
911 1383 958 1410 οὗ-

166 1437 211 1456 πω
227 1429 275 1463 τῆς
289 1430 429 1460 εὐσεϐείας
447 1429 611 1462 ἀγωνιστήν.
626 1429 706 1455 Ὅθεν
720 1429 768 1463 μὲν
781 1429 897 1464 ψαλμοῖς
912 1431 958 1456 καὶ

167 1474 263 1509 ὕμνοις
276 1475 325 1510 τὴν
337 1474 422 1501 νύκτα
434 1476 524 1501 πᾶσαν
533 1474 745 1508 διήνεγκαν,καὶ
757 1475 815 1509 ἅμα
829 1476 900 1510 πρωϊ
912 1476 959 1502 λα-

166 1520 222 1547 ϐὼν
232 1521 437 1555 ὁΤραγκυλῖνος
448 1521 510 1552 τοὺς
522 1520 616 1554 ἁγίους
626 1520 808 1547 Σεϐαστιανδν
821 1523 866 1547 καὶ
876 1521 961 1548 Πολύ-

166 1575 274 1600 καρπον
286 1567 351 1601 apo;
367 1567 412 1593 τὸν
428 1566 547 1601 ἔπαρχον
563 1565 685 1600 ἔρχεται,
700 1566 747 1597 οὒς
764 1567 868 1598 ἐκεῖνος
883 1567 957 1600 ἰδὼν,

165 1614 267 1648 ἀνέστη
286 1614 332 1640 καὶ
347 1613 402 1640 τῶν
419 1613 508 1638 ποδῶν
523 1613 614 1638 αὐτῶν
627 1612 814 1646 ἐφαψάμενος,
830 1612 914 1639 ἐδεῖτό
929 1622 957 1639 τε

1025 767 1102 819 ίΧΙΙ.
1131 783 1280 818 Postquam
1307 783 1364 811 haec
1390 783 1495 810 audivit
1521 783 1678 819 praefectus,
1714 784 1803 811 tacuit

1010 830 1171 864 aliquandiu
1191 834 1218 857 et
1232 838 1293 856 cum
1314 837 1374 864 quin
1400 830 1473 857 dicta
1494 830 1606 857 fuerant
1627 830 1721 857 animo
1741 830 1800 865 agi-

994 880 1094 902 .tasset
1107 880 1135 902 et
1150 875 1263 903 vidisset
1288 883 1332 902 res
1347 876 1439 902 verbis
1453 883 1618 910 congruere,
1650 880 1677 903 et
1697 877 1799 903 verita-

1012 927 1066 948 tem
1097 921 1238 956 religionis
1255 929 1289 948 ex
1303 921 1443 948 miraculis
1471 927 1567 956 aperte
1594 922 1749 956 didicisset,
1765 923 1799 950 iis

1012 966 1058 1000 qui
1075 966 1191 992 aderant
1214 967 1337 997 semotis,
1358 970 1438 992 vocat
1462 967 1703 1000 Tranquillinum,
1721 972 1748 993 et
1773 969 1799 994 ei

1011 1011 1078 1038 dicit
1095 1021 1103 1040 :
1119 1012 1215 1044 Video,
1242 1012 1336 1043 frater,
1353 1020 1413 1039 esse
1429 1020 1555 1046 magnam
1579 1011 1798 1040 Christianorum

1011 1058 1184 1092 religionem,
1212 1061 1240 1084 et
1255 1065 1308 1084 non
1330 1065 1390 1084 esse
1407 1058 1492 1084 alium
1506 1058 1592 1084 Deum
1617 1063 1718 1092 praeter
1736 1066 1799 1085 eum

1011 1105 1100 1131 solum
1114 1103 1161 1138 qui
1178 1111 1192 1129 a
1211 1103 1289 1130 vobis
1309 1103 1455 1130 aduratur.
1482 1103 1510 1130 Si
1529 1111 1595 1138 ergo
1613 1105 1654 1131 vis
1668 1112 1711 1131 me
1731 1113 1800 1139 quo-

1011 1158 1064 1184 que
1082 1149 1116 1176 ad
1139 1157 1203 1176 eum
1226 1149 1360 1176 accedere
1373 1170 1380 1181 ,
1397 1154 1425 1176 et
1443 1157 1503 1176 esse
1529 1155 1618 1177 tecum
1638 1151 1797 1185 participem

1011 1201 1065 1223 tua:
1085 1196 1237 1231 religionis,
1261 1204 1333 1223 nunc
1355 1196 1466 1231 quidem
1487 1196 1532 1223 abi
1563 1197 1687 1229 domum,
1706 1205 1798 1224 secre-

1012 1248 1069 1270 tum
1094 1248 1191 1269 tenens
1205 1243 1363 1269 consilium.
1393 1242 1520 1270 Crastino
1544 1248 1635 1270 autem
1658 1243 1702 1270 die
1728 1245 1801 1270 acci-

1010 1288 1089 1323 piens
1104 1293 1223 1320 sanctos,
1238 1295 1307 1322 quos
1333 1287 1403 1314 dicis
1420 1295 1538 1322 pricesse
1564 1289 1688 1316 collectis
1716 1289 1802 1316 Citri-

1011 1335 1122 1367 stianis,
1151 1334 1206 1362 due
1233 1334 1266 1360 ad
1283 1342 1338 1366 me,
1361 1334 1486 1361 adhibito
1503 1335 1595 1361 studio
1626 1343 1661 1362 ne
1676 1335 1739 1370 quis
1752 1343 1802 1363 eos

1010 1382 1112 1408 videat.
1130 1381 1197 1408 Nam
1217 1389 1267 1416 ego
1283 1389 1394 1415 quoque
1416 1389 1477 1408 sum
1493 1381 1604 1408 Christo
1620 1389 1669 1416 per
1685 1382 1746 1409 illos
1761 1385 1804 1408 ol-

1011 1427 1153 1460 l'erendus,
1181 1427 1279 1455 relicto
1295 1435 1389 1454 errore
1420 1428 1642 1455 simulacrorum.
1662 1429 1727 1455 Post
1744 1429 1804 1455 lucc

1012 1482 1079 1510 ergo
1096 1474 1210 1501 dimisso
1224 1475 1352 1505 consilio,
1368 1482 1431 1501 cum
1453 1475 1479 1501 in
1493 1475 1606 1501 domum
1620 1483 1697 1502 suam
1711 1475 1804 1502 venis-

1011 1523 1052 1546 set
1069 1519 1289 1554 Trauquillinus,
1306 1524 1334 1546 et
1347 1520 1449 1546 sanctis
1466 1525 1607 1547 narrasset
1621 1520 1804 1554 quemadmo-

1012 1565 1076 1592 dum
1099 1565 1209 1592 Iocutus
1224 1565 1321 1592 fuisset
1337 1573 1400 1592 eum
1416 1565 1558 1600 praefecto,
1577 1571 1604 1593 et
1619 1567 1802 1601 quemadmo-

1012 1611 1077 1637 dum
1109 1611 1133 1639 ei
1160 1615 1338 1646 persuaserat
1371 1615 1401 1638 ut
1434 1611 1596 1647 religionem
1636 1618 1803 1647 sequeretur

166 1659 337 1693 κατεχούσης
348 1657 426 1683 νόσου
438 1653 696 1690 ὰπα>.).αγῆναι.⁷Ην
710 1656 764 1690 γὰρ
778 1655 807 1681 τὸ
819 1654 900 1690 σῶμα
911 1656 960 1682 αὺ-

1011 1657 1208 1690 Christianam,
1225 1657 1318 1684 eil‘ecit
1335 1661 1365 1684 ut
1393 1665 1490 1685 omnes
1508 1666 1605 1692 magna
1622 1659 1802 1686 adicerentur

164 1704 212 1730 τοῦ
223 1703 427 1739 σεσωρευμένον
441 1703 481 1733 εἰς
491 1702 589 1734 δγκους
602 1701 725 1732 ἅπαντας
739 1703 958 1737 πεπωρωμένον,

163 1749 202 1781 ὡς
212 1749 338 1776 ἐντεῦθεν
353 1747 427 1783 αὑτῷ
438 1747 564 1782 βραδεῖαν
584 1749 631 1774 καὶ
646 1746 773 1782 ναρκώδη
788 1747 837 1782 τὴν
853 1748 959 1783 κίνησιν

166 1795 304 1830 γίνεσθαι.
317 1794 378 1820 Τῶν
393 1794 421 1820 δὲ
433 1794 661 1828 ὑπισχνουμένων
672 1793 721 1828 τὴν
736 1793 807 1820 ῐασιν
818 1794 841 1819 εί
854 1793 885 1825 ἐξ
895 1794 960 1829 ὅλης

165 1842 284 1875 καρδίας
315 1840 456 1866 πιστεύσοι
482 1840 521 1872 τῷ
543 1839 618 1872 Θεῷ,
644 1839 719 1872 φωνῇ
747 1839 853 1874 μεγάλῃ
879 1840 959 1866 τοῦτο

165 1886 388 1920 ἀνωμολόγησεν.
405 1884 485 1911 ’Λλλᾶι
501 1884 549 1910 καὶ
557 1885 589 1910 τὰ
602 1885 630 1909 ἐν
646 1884 683 1918 τῷ
697 1883 764 1918 οἴκῳ
777 1885 860 1911 αὑτοῦ
874 1885 957 1917 ξόανα

164 1933 225 1963 ταῖς
248 1931 302 1957 τῶν
322 1930 408 1964 ἁγίων
424 1929 577 1963 ὑποθήκαις
593 1929 755 1962 συντρίψας,
773 1929 822 1955 καὶ
841 1928 878 1960 ὡς
892 1929 956 1964 χοῦν

163 1976 312 2009 λεπτύνας,
324 1976 398 2010 ἔργῳ
413 1976 463 2008 τὴν
480 1974 569 2000 πίστιν
586 1973 753 2005 ἐπεδείξατο.

1012 1704 1106 1730 iustitia
1119 1723 1126 1735 .
1145 1712 1208 1731 cum
1228 1703 1490 1735 rescivissenteum.
1506 1704 1553 1738 qui
1569 1704 1647 1739 prius
1664 1709 1723 1732 erat
1742 1713 1805 1740 pero

1012 1755 1141 1781 secutor,
1170 1749 1291 1776 futurum
1323 1757 1415 1777 acrem
1458 1749 1624 1778 Christianis
1656 1751 1800 1778 athletam.

1012 1795 1103 1827 Quare
1124 1802 1186 1822 cum
1212 1802 1265 1822 nox
1284 1795 1328 1821 illa
1357 1794 1455 1822 fuisset
1475 1803 1639 1831 consumpta
1672 1797 1700 1824 in
1729 1798 1804 1832 psal-

1013 1838 1064 1864 mis
1078 1842 1104 1864 et
1119 1838 1239 1873 hymnis,
1263 1839 1309 1865 ubi
1331 1839 1391 1866 dies
1421 1839 1545 1871 advenit,
1562 1841 1702 1876 accipiens
1718 1843 1805 1870 'l‘ran-

1011 1883 1143 1917 quilliuus
1167 1888 1276 1910 sanctos
1295 1883 1487 1911 Sebastianum
1505 1889 1533 1912 et
1547 1886 1726 1922 Polycarpum
1741 1889 1805 1918 ,‘sic-

1013 1934 1042 1955 ut
1070 1930 1095 1956 ei
1114 1929 1235 1964 jusserat
1259 1929 1405 1964 praefectus
1418 1951 1425 1962 ,
1443 1930 1511 1958 abiit
1532 1931 1559 1957 in
1589 1933 1701 1959 domum
1713 1941 1802 1961 suam.

1010 1974 1085 2007 Quos
1098 1982 1160 2000 cum
1179 1975 1294 2002 vidisset
1312 1975 1462 2010 ingressos,
1482 1977 1613 2010 surrexit,
1628 1983 1656 2005 et
1680 1986 1743 2005 cum
1758 1987 1806 2013 pe-

164 2024 214 2052 des
231 2031 328 2051 eorum
352 2023 504 2057 tetigisset.
519 2022 626 2055 rogavit
644 2027 672 2047 ut
686 2021 802 2048 salutem
822 2026 1029 2055 asscqueretur,
1050 2025 1078 2048 et
1110 2021 1275 2048 liberaretur
1312 2022 1347 2049 ab
1378 2030 1412 2050 eo
1429 2023 1526 2050 morbo
1549 2032 1605 2058 quo
1639 2025 1802 2058 laborabat;

162 2075 226 2098 erat
239 2070 312 2097 enim
329 2076 430 2103 corpus
445 2067 504 2103 ejus
524 2071 612 2094 totum
624 2067 803 2094 tumelactum
818 2072 846 2094 et
866 2068 1006 2100 mutilum,
1038 2067 1108 2094 adeo
1145 2074 1174 2094 ut
1204 2075 1238 2095 ex
1274 2068 1326 2095 hoc
1337 2069 1361 2095 ei
1383 2069 1460 2096 ﬁeret
1501 2069 1597 2097 tardus
1618 2075 1645 2098 et
1679 2072 1806 2106 torpidus

164 2121 273 2147 motus,
286 2116 352 2142 Cum
374 2115 392 2142 ii
406 2118 498 2141 autem
514 2113 648 2140 dixissent
670 2113 728 2140 fore
747 2117 776 2140 ut
788 2113 814 2141 ei
829 2113 952 2140 membra
973 2114 1162 2146 solverentur,
1176 2114 1198 2141 si
1214 2122 1247 2142 cx
1263 2119 1320 2142 toto
1332 2114 1416 2142 corde
1430 2115 1488 2143 Deo
1500 2116 1638 2149 crederet,
1659 2117 1711 2144 hoc
1738 2125 1805 2145 voce

162 2162 319 2194 clarissima
339 2166 381 2189 est
405 2160 557 2191 confessus,
583 2159 718 2194 abnegata
737 2160 879 2195 impietate
913 2161 1137 2188 simulacrorum.
1154 2160 1210 2187 Nec
1244 2161 1297 2187 hoc
1335 2161 1437 2193 solum,
1460 2161 1508 2189 sed
1541 2163 1624 2190 etiam
1662 2171 1723 2190 cum
1745 2165 1805 2198 ipsa

163 2209 321 2236 dtemonum
339 2207 487 2235 simulacra
512 2214 572 2241 qua:
591 2211 671 2233 erant
695 2206 770 2233 domi
789 2207 859 2241 ejus,
889 2211 1048 2235 sanctorum
1067 2207 1179 2234 monitis
1193 2207 1296 2235 ductus
1325 2208 1504 2237 contrivisset
1534 2214 1562 2236 et
1594 2209 1622 2236 in
1662 2211 1804 2245 pulverem

163 2255 384 2286 comminuisset,
401 2253 522 2281 ostendit
542 2253 682 2281 sincerum
705 2261 775 2288 opus
799 2253 874 2281 ﬁdei.

200 2302 250 2329 lI".
268 2302 352 2328 Ἔνθα
363 2301 412 2328 καὶ
422 2300 526 2334 γίνεται
538 2309 564 2326 τι
582 2300 663 2334 λόγου
678 2300 724 2326 καὶ
740 2301 852 2336 μνήμης
869 2301 955 2333 ἄξιον.

1049 2299 1117 2327 ΧΙΠ.
1143 2299 1202 2333 Quo
1225 2303 1349 2334 tempore
1381 2299 1411 2327 ﬁt
1430 2300 1513 2328 etiam
1540 2300 1672 2335 quiddam
1689 2300 1802 2336 digitum

163 2349 325 2384 Τιϐούρτιος
352 2349 407 2383 γὰρ
436 2348 450 2374 ό
478 2347 535 2377 υίὸς
561 2347 795 2382 Χρωματῑου,ἔτι
823 2348 887 2382 περὶ
904 2349 954 2382 τὴν

164 2395 256 2421 πίστιν
270 2394 420 2428 ἀμφίϐολος
435 2391 485 2425 ὢν,
502 2393 563 2419 ἐπεὶ
582 2392 616 2419 τὰ
632 2392 681 2427 μὲν
703 2393 771 2418 ἄλλα
785 2393 832 2419 τοῦ
850 2393 954 2428 πατρὸς

163 2440 262 2467 εἴδωλα
280 2439 438 2474 συνετρίϐη,
457 2439 485 2465 ἓν
503 2439 530 2465 δέ
547 2447 574 2464 τι
599 2438 758 2472 θαυμαστὸν
775 2438 956 2466 ὑπολέλειπτο

163 2485 244 2521 ἔργον
270 2486 299 2511 ἐν
321 2481 343 2518 ᾧ
361 2484 435 2510 πᾶσα
459 2483 624 2518 ἀστρολογία
646 2483 694 2509 καὶ
716 2483 733 2517 ἡ
749 2483 804 2509 τῶν
821 2483 955 2518 οὐρανίων

163 2531 273 2566 κίνησις
300 2527 352 2566 ἦν,
380 2529 437 2560 τοῖς
478 2529 570 2560 ἄλλοις
612 2529 830 2563 ἐπιδυσχεράνας
871 2527 955 2555 αὑτοῦ

163 2578 332 2613 περιείχετο,
360 2576 408 2602 καὶ
435 2575 486 2602 οὐκ
514 2575 558 2602 εἶα
581 2575 714 2610 πρότερον
743 2575 955 2610 συντριϐῆναιῆ

163 2625 263 2658 πεῖραν
290 2622 324 2649 δι’
339 2621 423 2649 αὑτοῦ
447 2621 500 2648 τῶν
516 2621 603 2656 ἁγίων
626 2621 731 2654 λαϐεῖν,
748 2621 795 2647 καὶ
824 2621 898 2656 ἔργῳ
913 2621 959 2656 βε-

164 2669 317 2703 ϐαιωθῆναι
343 2668 411 2704 πρὸς
436 2668 486 2701 τὴν
511 2666 655 2693 εὐσέϐειαν
668 2674 676 2682 ⁸
695 2667 742 2693 καὶ
763 2666 796 2702 δὴ
809 2667 957 2698 κλιϐάνους

164 2715 286 2750 ἐνεγκὼν
305 2713 352 2741 καὶ
368 2713 423 2749 πῦρ
436 2713 619 2748 ὑποστρώσας
635 2711 706 2739 ὥστε
724 2713 952 2748 πυρακτωθῆναι,

164 2761 239 2795 λέγει
256 2762 311 2792 τοῖς
332 2760 431 2795 ἁγίοις·
454 2760 527 2786 Ἴστε
548 2758 641 2793 σαφῶς
655 2759 703 2792 ὡς,
728 2759 775 2785 τοῦ
793 2758 877 2786 καλοῦ
893 2761 955 2786 τού-

165 2817 211 2835 του
225 2807 414 2843 συντριϐέντος
426 2806 519 2841 ἔργου,
534 2807 557 2833 εἰ
571 2806 621 2841 μὲν
635 2805 730 2841 ρὦιν,
741 2805 777 2836 ὡς
793 2805 954 2840 ὑπέσχεσθε,

166 2856 179 2880 ὀ
193 2854 258 2889 ἐμὸς
275 2854 350 2890 εὕροι
369 2853 470 2888 πατὴρ,
496 2853 600 2887 ἀληθὴς
617 2852 716 2886 ἔσομαι
736 2850 813 2884 κάγὼ
833 2851 954 2886 Χριστοῦ

168 2899 312 2938 μαθητήςς
330 2899 353 2926 εί
371 2899 399 2925 δὲ
423 2898 471 2926 καὶ
497 2899 567 2936 μετὰ
591 2897 640 2934 τὴν
658 2896 753 2924 τούτου
773 2896 921 2933 συντριϐὴν
938 2897 954 2932 ἡ

1010 2346 1084 2381 quod
1115 2345 1223 2372 dicatur
1252 2351 1280 2372 et
1298 2347 1439 2373 memoria:
1467 2347 1625 2374 mandetur.
1658 2347 1804 2374 Tiburtius

1010 2393 1084 2420 enim
1103 2391 1176 2419 ﬁlius
1192 2391 1346 2420 Chromatii
1366 2391 1457 2418 adhuc
1483 2391 1631 2420 dubitabat
1648 2392 1676 2419 in
1696 2392 1759 2423 lidc.
1775 2397 1803 2419 et

1010 2446 1073 2466 cum
1089 2439 1206 2465 vidisset
1239 2439 1292 2465 alia
1322 2438 1434 2472 quidem
1459 2438 1606 2466 simulacra
1626 2439 1713 2473 patris
1741 2446 1803 2466 esse

1011 2484 1130 2511 contrita
1148 2503 1155 2516 ,
1172 2492 1258 2511 unum
1280 2484 1371 2511 adhuc
1386 2492 1446 2511 esse
1466 2484 1602 2519 reliquum
1617 2492 1688 2519 opus
1714 2484 1804 2512 admi-

1009 2531 1096 2558 rabile
1110 2531 1137 2557 in
1165 2539 1219 2565 quo
1235 2535 1296 2557 erat
1315 2531 1444 2558 universa
1478 2530 1627 2565 astrologia
1652 2536 1682 2558 et
1711 2534 1803 2558 motus

1011 2576 1176 2609 cwlestium,
1191 2577 1244 2603 alia
1258 2584 1319 2603 esse
1334 2577 1455 2604 contrita
1471 2584 1542 2610 πει-ο
1561 2576 1664 2608 ferens,
1674 2576 1725 2603 hoc
1740 2575 1804 2602 ulti-

1010 2629 1084 2648 mum
1102 2621 1334 2656 amplectebatur,
1351 2627 1379 2649 et
1393 2629 1448 2648 non
1469 2622 1549 2656 prius
1565 2621 1592 2648 id
1604 2621 1715 2648 sinebat
1738 2627 1804 2648 con-

1009 2668 1071 2701 teri,
1087 2675 1169 2703 quam
1190 2675 1240 2703 per
1256 2668 1347 2702 ipsum
1363 2666 1518 2701 accepisset
1545 2671 1704 2693 sanctorum
1719 2674 1802 2701 expe-

1006 2713 1147 2746 rientiam,
1158 2718 1187 2741 et
1200 2721 1285 2748 opere
1299 2713 1480 2741 conﬁrmatus
1494 2712 1594 2741 fuisset
1608 2712 1640 2739 ad
1654 2712 1800 2747 pietatem;

1006 2764 1035 2787 et
1050 2767 1114 2786 eum
1127 2763 1253 2787 curasset
1267 2758 1424 2786 aﬂ‘erendos
1436 2758 1562 2786 clibanos
1576 2778 1583 2790 ,
1598 2761 1627 2785 et
1649 2758 1691 2784 eis
1711 2757 1801 2792 ignem

1007 2805 1205 2833 substravisset
1218 2809 1249 2832 ut
1261 2805 1509 2837 suceenderentur,
1523 2804 1592 2832 dicit
1606 2803 1712 2831 sanctis
1725 2813 1731 2830 :
1745 2803 1802 2830 lloc

1007 2851 1091 2879 velim
1107 2851 1214 2883 sciatis,
1231 2851 1306 2886 quod
1324 2851 1377 2878 hoc
1391 2851 1511 2886 pulchro
1526 2850 1649 2878 contrito
1666 2857 1761 2884 opere.
1778 2849 1802 2875 si

1007 2898 1112 2927 sanitas
1139 2897 1360 2935 quidemiuerit
1386 2897 1517 2925 restituta
1543 2896 1615 2933 patri
1636 2904 1699 2924 meo
1730 2895 1802 2929 sicut
