2056 3151
203 168 258 199 809

607 169 839 200 MARTYRIUM
856 169 885 199 S.
908 165 1134 197 SEBASTIANI
1149 166 1197 196 ΕΤ
1217 166 1424 198 SOCIORUM.

1775 169 1828 201 810

204 231 297 253 autem
317 224 434 260 relinqui
457 232 639 261 cumcaqna
653 226 792 253 manebat.
828 225 861 253 lii
896 232 964 253 vero
994 223 1117 252 volentes
1142 223 1224 251 ambo
1249 223 1343 252 subire
1369 224 1543 261 martyrium,
1557 225 1669 254 volebat
1709 232 1827 264 uterque

204 278 316 298 manere
332 272 544 306 :etpericulum
559 271 734 299 existimabat
750 279 805 299 non
817 272 894 299 adire
918 274 1069 298 certamen.
1106 268 1161 297 Sed
1182 270 1255 297 hanc
1289 269 1390 298 bonam
1423 271 1500 298 litem
1532 272 1672 307 componit
1695 273 1779 302 Gaius
1799 276 1829 302 in

204 316 326 344 medium
343 317 504 351 procedens,
517 322 546 346 et
569 318 642 353 apud
655 325 704 346 eos
717 319 809 346 verbis
822 323 903 346 utens
918 316 1053 353 ejusmodi
1068 324 1076 343 ε

239 362 292 390 IE’.
317 363 349 389 Et
366 363 417 398 μὲν
444 363 493 399 μία
508 362 542 400 ἧν
568 365 586 400 ἡ
611 364 680 400 πρὸς
708 365 851 400 σωτηρίαν
867 365 989 400 φέρουσα

1075 362 1133 390 κν.
1150 361 1178 390 Si
1192 369 1246 389 una
1260 361 1385 397 quidem,
1399 370 1416 390 ο
1427 362 1513 396 beati,
1530 363 1574 391 via
1587 369 1662 392 esset
1677 372 1737 401 quae
1752 366 1831 394 ducit

202 408 273 440 ὁδὸς.
299 405 324 435 ὦ
352 410 501 446 μακάριοι,
524 410 615 441 καλῶς
630 411 664 437 ἂν
677 409 751 446 εἶχεν
771 411 838 446 ἡμῖν
855 410 927 438 οὕτω
938 410 987 444 τῆς

203 455 343 490 ἀθλήσεως
367 457 570 491 ἀντεχομένοις,
601 457 644 484 ἵνα
664 458 701 492 μὴ
725 457 775 492 τῆς
791 457 928 491 σωτηρίας
943 457 986 483 ἐκ-

204 502 316 536 πέσητε.
327 501 402 528 Ἐπεὶ
417 502 445 528 δὲ
459 504 504 529 καὶ
525 503 541 537 ἡ
556 505 612 534 τοῖς
624 503 766 538 ὁμολογίας
777 502 856 529 τοῦτο
870 503 987 535 δίδωσιν,

203 546 237 581 ἢν
257 547 304 572 καὶ
325 547 426 581 μᾶλλον
451 548 657 583 ἀσφαλεστέραν
680 546 739 575 οἶδα
762 549 810 574 καὶ
828 548 986 581 ἀκίνδυνον,

203 592 230 618 τί
252 592 289 626 μὴ
306 592 355 626 τὴν
379 592 516 628 διαμάχην
536 594 714 625 ἀπολιπόντες
733 594 925 629 παραχωρεῖτε
941 593 986 620 ἀ).-

204 636 295 670 ὶ.ήλοις
309 637 356 671 τῆς
371 638 518 672 ὲπαινετῆς
536 638 694 673 διαιρέσεως
708 647 716 671 ;
733 639 770 665 Οὐ
785 639 840 674 γὰρ
854 639 928 665 ὅσιον
941 638 988 671 οὒς

203 682 242 715 τῷ
255 683 366 717 Χριστῷ
385 683 531 718 συνήψατι,
544 684 656 716 τούτους
669 685 856 719 ἁποιμάντους
867 685 987 719 ἀφεῖναι.

202 729 284 754 Δοκεῖ
297 728 325 754 δέ
341 737 386 762 μοι
404 729 505 763 μᾶλλον
521 729 704 764 Πολύκαρπον
718 731 775 762 τοῖς
794 730 906 756 ἀπιοῦσι
926 739 989 757 συν-

201 774 332 800 απελοεῖν
359 774 493 810 ίερωσύνῃ
509 775 710 809 διαλάμποντσ,
736 779 785 802 καὶ
809 777 900 802 ἱκανὸν
923 777 990 803 ὅντα

202 820 294 852 καλῶς
309 820 388 855 ἄγειν
415 821 525 854 αὐτούς.
554 821 647 849 Ταῦτα
670 822 717 848 τοῦ
745 822 881 858 μακαρίου
908 822 988 847 Γαΐου

200 866 337 898 εἰπόντος,
354 867 402 894 καὶ
414 868 523 895 πάντων
535 869 592 899 τοῖς
602 868 763 903 λεγομένοις
774 868 988 901 ἐπινευσάντων,

200 912 361 947 Τιὸούρτιος
371 914 384 939 ὁ
396 913 452 944 υίὸς
468 914 635 949 Χρωματίου
646 914 723 948 ἠξίου
738 914 776 948 μὴ
789 915 991 951 συναποδημεῖν

200 956 242 992 τῷ
255 958 349 992 πατρὶ,
371 957 438 984 ἀλλὰ
453 960 485 993 τῇ
504 959 581 985 πόλει
598 959 808 994 ἐγκαταμένειν,
824 960 872 985 καὶ
885 961 930 986 τὸν
945 960 990 986 τοῦ

205 1002 359 1036 μαρτυρίου
387 1003 547 1037 ἐκδέχεσθαι
563 1003 705 1037 στέφανον.
725 1003 780 1028 Καὶ
796 1005 992 1039 συγχωρήσαν-

1040 408 1074 436 ad
1088 408 1216 440 salutem,
1228 416 1280 436 nec
1291 413 1385 444 posset
1409 409 1454 444 qui
1470 409 1506 437 ab
1520 418 1553 438 ea
1564 415 1685 439 errasset
1698 413 1831 448 consequi

1038 461 1071 481 ea
1105 462 1167 489 qua:
1197 454 1414 487 desiderantur,
1442 460 1518 484 recte
1554 456 1669 485 haberet
1707 466 1755 486 vos
1792 460 1830 486 ita

1040 504 1114 527 arcte
1143 505 1237 528 tenere
1260 500 1475 528 decertationem
1500 509 1534 529 ne
1564 510 1580 529 a
1601 503 1690 530 salute
1720 504 1831 532 excide-

1041 546 1117 572 retis.
1135 545 1187 572 Sed
1213 553 1276 572 cum
1300 545 1352 573 hoc
1381 554 1492 581 quoque
1509 547 1640 582 largiatur
1656 548 1699 576 via
1723 549 1831 577 confes-

1041 591 1126 618 sionis
1140 611 1147 622 ,
1168 599 1250 626 quam
1267 591 1324 619 scio
1342 599 1404 619 esse
1430 593 1560 621 tutiorem
1584 597 1612 621 et
1635 594 1726 622 minus
1757 595 1831 629 peri-

1043 637 1166 664 culosam
1181 657 1188 669 ,
1204 644 1254 664 cur
1283 645 1349 670 non,
1364 638 1465 666 omissa
1490 640 1665 667 contentione
1677 660 1684 672 ,
1699 640 1830 668 laudabili

1040 681 1177 710 divisione
1201 683 1300 710 ceditis
1330 683 1400 711 alter
1418 684 1518 712 alteri?
1537 686 1596 713 Non
1621 686 1696 714 enim
1724 687 1765 714 fas
1787 693 1830 715 est

1041 735 1110 762 quos
1133 728 1247 756 Christo
1263 729 1456 764 cunjunlislis,
1473 737 1522 758 eos
1537 731 1692 766 relinquere
1707 733 1767 760 sine
1781 741 1829 768 pa-

1041 776 1114 800 store
1135 778 1162 801 et
1186 774 1289 808 absque
1314 780 1405 802 vestra
1431 776 1587 804 curatione.
1604 777 1716 805 Videtur
1738 783 1830 806 autem

1042 819 1109 846 inihi
1136 820 1229 854 potius
1259 820 1436 856 Polycarpuut
1457 830 1511 849 una
1526 823 1564 850 ire
1579 831 1641 850 cum
1664 824 1832 853 abeuntibus

1043 868 1072 890 ut
1083 865 1127 899 qui
1141 865 1177 892 sit
1188 871 1214 894 et
1228 867 1382 894 sacerdotio
1396 868 1522 903 insignis.
1545 875 1573 897 et
1585 870 1618 897 ad
1632 878 1680 897 eos
1688 871 1831 899 ducendos

1042 911 1079 938 sit
1106 911 1223 939 idoneus
1239 917 1265 939 et
1281 913 1464 941 instituendos
1494 915 1523 942 in
1547 916 1658 950 pietate.
1679 916 1742 944 "ac
1769 925 1830 945 cum

1043 956 1141 984 beatus
1161 957 1372 986 dixissctGaius
1384 964 1412 986 et
1435 967 1533 988 omnes
1551 967 1645 989 essent
1668 963 1774 990 assensi
1797 963 1832 991 iis

1042 1011 1103 1038 qua
1117 1003 1283 1031 dicebantur
1297 1025 1304 1036 ,
1319 1004 1465 1033 Tiburtius
1493 1006 1566 1034 illius
1587 1007 1738 1036 Cltromatii
1757 1011 1833 1038 vole-

202 1055 249 1078 τος
265 1046 312 1073 τοῦ
329 1047 411 1074 Γαΐου
427 1047 471 1073 διὰ
487 1048 537 1081 τὴν
562 1047 664 1082 πολλὴν
678 1047 724 1073 τοῦ
741 1047 838 1079 παιδὸς
854 1048 989 1078 ινστασιν.

1044 1049 1118 1076 lebat
1129 1057 1184 1076 non
1198 1057 1253 1076 una
1269 1057 1330 1077 cum
1353 1056 1430 1085 patre
1447 1052 1587 1085 recedere,
1602 1053 1650 1081 sed
1677 1062 1788 1082 manere
1805 1055 1831 1082 in

202 1093 218 1118 ὀ
233 1093 283 1126 μὲν
307 1092 337 1118 τὸ
360 1092 454 1118 λοιπὸν
480 1092 563 1126 συνῆν
589 1093 646 1123 τοῖς
669 1091 758 1125 ἁγίοις
784 1092 832 1119 καὶ
851 1095 922 1127 πρὸς
944 1093 994 1128 τὴν

203 1137 318 1172 ἄθλησιν
332 1137 505 1172 ἡτοιμάζετο·
523 1139 536 1164 ό
551 1137 579 1164 δὲ
596 1137 732 1172 μακάριος
744 1138 824 1170 Γάϊος
835 1139 898 1170 τοὺς
909 1148 993 1166 κατα-

204 1183 367 1217 λειφθέντας
380 1185 498 1218 μακροῖς
510 1192 565 1210 τισι
581 1184 671 1216 λόγοις
680 1179 752 1217 ’πρὸς
767 1185 830 1216 τοὺς
846 1185 996 1219 προκειμέα

204 1238 268 1260 νους
292 1229 478 1264 ὲπιθαρῤύνας
505 1230 628 1264 ἀγῶνας,
647 1231 694 1256 καὶ
719 1231 911 1265 Μαρκελλῖνον
943 1232 994 1266 μιν

204 1275 252 1301 καὶ
270 1276 385 1310 Μάρκον
399 1277 436 1312 τῷ
454 1276 508 1302 τῶν
524 1276 658 1303 διακόνων
672 1276 805 1310 τάγματι,
823 1277 869 1303 τὸν
889 1277 918 1304 δὲ
932 1278 994 1304 τού-

202 1328 260 1346 των
276 1321 381 1355 πατέρα
395 1321 433 1356 τῷ
448 1322 502 1349 τῶν
516 1322 710 1357 πρεσὸυτέρων
732 1323 929 1356 ἐγκαταλέεας,
945 1324 993 1350 Σι-

202 1366 349 1393 6αστιανδν
375 1367 404 1394 δὲ
428 1368 474 1394 τὸν
504 1367 625 1402 ἀοίδιμον
649 1369 699 1402 τῆς
715 1368 864 1403 ἐκκλησίας
887 1369 993 1397 ἔκδικον

201 1413 390 1446 καταστήσας,
407 1413 455 1439 σὺν
467 1414 557 1444 αὐτοῖς
574 1414 710 1448 ὁσημέραι
722 1413 839 1449 διέτριῦε
855 1415 993 1450 νηστείαις

201 1457 364 1492 σχολάζουσι
380 1459 428 1484 καὶ
445 1460 623 1494 προσευχαῖς,
647 1459 696 1485 καὶ
711 1459 758 1485 τοῦ
771 1459 840 1486 Θεοῦ
853 1460 993 1495 δεομένοις

199 1503 250 1528 τὸν
267 1504 438 1539 μαρτυρικὸν
450 1504 633 1540 ἀναδήσασθαι
651 1506 796 1539 στέφανον.
813 1505 891 1537 Τινὲς
903 1506 932 1532 δὲ
948 1506 992 1533 νό-

200 1557 262 1580 σοις
280 1549 451 1576 πολυειδέσιν
469 1549 656 1584 ἐξεταζόμενοι
686 1550 774 1585 λάθρα
801 1551 868 1585 πρὸς
893 1551 992 1582 αὐτοὺς

198 1595 400 1630 ἀφικνούμενοι
429 1596 516 1628 ὑγιεῖς
544 1596 756 1630 ἀπηλλάττοντο,
789 1596 837 1622 καὶ
868 1596 994 1630 θαύματα

200 1640 271 1675 παρ’
288 1640 377 1666 αὐτῶν
402 1641 519 1666 ἐτελεῖτο
545 1640 696 1674 παράδοξα,
724 1637 762 1667 ὧν
790 1641 825 1666 τὰ
853 1641 902 1676 μὲν
925 1641 993 1670 ἄλλα

199 1687 333 1723 παρήσω,
360 1689 469 1722 φεύγων
493 1686 539 1713 τοῦ
573 1687 653 1721 λόγου
680 1687 854 1722 προσκορές·
885 1688 944 1720 ἑνὸς
964 1689 991 1715 δὲ

201 1731 287 1766 μόνου
305 1732 557 1766 ιπιμνησθήσομαι.

1052 1095 1120 1122 urbe
1149 1099 1176 1121 ct
1193 1097 1320 1130 accipere
1346 1103 1476 1124 coronam
1506 1099 1651 1133 martyrii,
1667 1104 1695 1127 et
1717 1108 1779 1127 cum
1806 1102 1832 1128 id

1050 1141 1236 1168 concessissst
1250 1141 1334 1169 Gaius
1346 1150 1405 1176 pro;
1417 1146 1458 1170 ter
1489 1151 1616 1179 magnam
1646 1147 1832 1174 constantiam

1045 1186 1239 1218 adolescentis,
1258 1187 1303 1214 ille
1319 1187 1429 1222 quidem
1459 1189 1588 1224 deinceps
1618 1196 1678 1220 erat
1700 1200 1754 1220 una
1770 1201 1833 1220 cum

1045 1231 1162 1263 sanctis.
1179 1231 1272 1259 divino
1282 1241 1415 1262 accensus
1428 1235 1577 1268 desiderio,
1594 1242 1621 1264 et
1634 1239 1833 1273 propemodum

1048 1284 1119 1311 aegre
1134 1277 1229 1305 ferens
1244 1279 1316 1313 quod
1330 1288 1383 1306 non
1400 1280 1482 1308 citius
1492 1282 1650 1310 mitteretur
1661 1285 1694 1311 ad
1716 1286 1834 1313 stadium

1045 1322 1254 1352 decertationis.
1272 1325 1372 1354 Beatus
1383 1332 1475 1354 autem
1497 1327 1592 1361 Gaius,
1621 1337 1684 1358 cum
1710 1339 1761 1359 eos
1785 1333 1834 1368 qui

1044 1375 1247 1402 remanserant,
1263 1371 1307 1405 :ad
1339 1373 1480 1407 proposita
1513 1374 1658 1403 subeunda
1683 1378 1834 1405 Certamina

1045 1415 1149 1449 prolixa
1165 1417 1358 1445 conﬁrmasset
1371 1420 1497 1448 oratione
1509 1441 1516 1452 ,
1534 1425 1562 1448 et
1588 1421 1749 1450 Marcellum
1771 1425 1835 1460 qui-

1046 1460 1106 1488 dem
1122 1467 1150 1489 et
1165 1462 1287 1490 Marcum
1307 1464 1334 1491 in
1361 1464 1489 1493 ordinem
1519 1467 1711 1502 diaconorum,
1739 1478 1835 1497 eorum

1045 1511 1136 1534 autem
1155 1512 1258 1542 patrem
1268 1509 1296 1536 in
1309 1511 1530 1545 presbyterorum
1545 1514 1694 1547 retulisset,
1704 1515 1835 1551 inclytum

1045 1558 1110 1578 vero
1122 1551 1316 1582 Sebastianum
1332 1555 1456 1584 ecclesia:
1472 1557 1648 1586 defensorem
1674 1561 1834 1589 constituis-

1045 1601 1097 1629 set,
1114 1606 1176 1625 cum
1199 1599 1240 1626 eis
1252 1600 1414 1629 versabatur
1426 1603 1554 1636 quotidie
1581 1606 1744 1635 vacantibus
1763 1609 1836 1643 jeju-

1046 1643 1100 1669 uiis
1117 1648 1145 1671 et
1158 1646 1344 1680 orationibus,
1362 1653 1390 1674 et
1404 1648 1490 1675 Deum
1503 1650 1663 1684 rogantibus
1684 1657 1714 1679 ut
1725 1653 1834 1681 fortiter

1045 1697 1075 1717 se
1087 1696 1215 1726 gererent
1228 1693 1254 1720 iu
1275 1694 1476 1723 certaminibus
1487 1701 1514 1723 et
1531 1698 1686 1732 tormentis,
1705 1704 1734 1727 et
1761 1702 1835 1729 redi-

1006 1729 1027 1758 C
1044 1736 1182 1764 mirentur
1205 1745 1307 1766 corona
1327 1742 1462 1776 martyrii.
1479 1742 1513 1770 Et
1537 1743 1577 1771 illi
1600 1729 1712 1779 quidem
1738 1747 1764 1775 iu
1793 1748 1837 1776 bis

197 1782 294 1806 erant.
310 1777 424 1811 Quidam
439 1783 530 1805 autem
551 1778 673 1812 quicum
700 1779 784 1806 variis
798 1779 903 1807 morbis
916 1779 1156 1816 conﬂictabantur,
1175 1785 1244 1812 clam
1279 1786 1312 1813 ad
1330 1794 1378 1814 eos
1410 1789 1584 1823 accedentes,
1618 1793 1677 1820 sani
1717 1800 1838 1823 revertc-

197 1824 357 1854 Μυκη-,οι
383 1823 485 1849 ﬁebant
510 1823 545 1849 ab
571 1823 612 1849 eis
635 1823 786 1856 miracula;
821 1832 881 1859 qua:
908 1830 986 1853 erant
1006 1832 1102 1856 contra
1113 1830 1282 1864 opinionem,
1300 1840 1420 1867 quorum
1442 1835 1493 1862 alia
1506 1837 1616 1871 quidem
1629 1841 1835 1873 praetermittam

196 1869 293 1895 vitans
310 1868 463 1895 satietatem
479 1868 623 1896 orationis.
642 1868 727 1896 Unius
740 1877 805 1897 vero
825 1871 977 1899 meminero
997 1881 1079 1908 quam
1095 1880 1193 1909 potero
1208 1877 1380 1906 brevissime.

237 1913 296 1948 tc,".
315 1913 423 1941 Κατιὼν
439 1914 504 1941 ποτὲ
520 1915 534 1940 ό
545 1914 702 1949 Τισούρτιος
712 1915 745 1942 ὲκ
755 1916 805 1951 τῆς
815 1917 916 1949 οἰκίας,
930 1918 994 1945 ἔνθα

195 1959 274 1997 ἦσαν
289 1962 313 1987 οι
328 1962 414 1996 ἅγιοι,
424 1963 535 1997 ἐνέτυχέ
551 1971 602 1988 που
617 1963 685 1989 κατὰ
705 1963 754 1998 τὴν
777 1964 881 1999 ἀγορὰν
897 1966 953 1992 ἄνω
966 1966 995 1999 ἐξ

196 2010 290 2043 ὕψους
310 2010 431 2041 πεσόντι,
464 2010 511 2036 καὶ
538 2009 608 2036 οὕτω
635 2009 730 2042 δεινῶς
754 2010 854 2046 ἔχοντι,
879 2011 917 2043 ὡς
932 2013 995 2044 τοὺς

195 2056 376 2090 ἐπιτηδείους
396 2055 565 2088 ἀπογνόντας
593 2055 675 2082 αὑτοῦ
699 2056 749 2091 τὴν
776 2056 928 2092 σωτηρίαν,
945 2056 991 2084 τοῦ

195 2100 294 2133 τάφου
311 2099 392 2133 μόνον
413 2099 460 2126 καὶ
477 2100 527 2135 τῆς
543 2100 621 2132 ὁσίας
636 2102 801 2136 φροντίζειν.
828 2102 990 2138 Πλησιάσας

193 2146 248 2173 οὖν
269 2144 306 2180 τῷ
321 2145 438 2182 κειμένῳ
458 2146 504 2173 καὶ
521 2146 571 2181 τὴν
596 2147 699 2182 συνήθη
720 2148 763 2174 ἐπ’
779 2148 853 2183 αὐτῷ
879 2149 991 2183 τελέσας

192 2194 298 2231 εὐχὴν,
324 2194 389 2227 ὑγιᾶ
414 2194 508 2220 τοῦτον
525 2195 580 2226 τοῖς
611 2195 798 2230 προσήκουσιν
825 2196 990 2230 ἀποδίδωσι,

193 2240 274 2275 πρὸς
286 2239 332 2270 οὓς
344 2240 391 2266 καὶ
405 2240 498 2275 φησίν
512 2241 543 2267 Εἰ
559 2240 686 2276 βούλεσθε
704 2242 750 2268 καὶ
762 2241 840 2277 ὑμεῖς
852 2242 992 2277 παράδοξα

193 2288 273 2321 ἔργα
290 2285 388 2318 τελεῖν,
408 2285 574 2312 πιστεύσατε
593 2287 631 2321 τῷ
647 2287 769 2321 Χριστῷ,
788 2288 853 2322 παρ’
867 2285 897 2315 οὗ
911 2289 994 2323 κάμοὶ

192 2332 290 2360 τῶνδε
311 2332 365 2358 τῶν
386 2331 564 2366 θανμάτωνὴ
583 2332 709 2367 δύναμις.
734 2333 810 2360 Ἐπεὶ
823 2333 850 2360 δὲ
866 2334 995 2370 πειθομέ-

192 2389 266 2411 νους
282 2376 351 2405 εἶδεν
368 2379 454 2413 αὐτῷ,
484 2379 554 2414 πρὸς
590 2379 673 2406 Γαῖον
699 2380 803 2414 ἡγαγεν
832 2380 927 2413 ειπὼν,
944 2382 994 2408 Δέ-

191 2436 248 2462 χου
280 2425 402 2458 τούτους,
430 2425 516 2459 πάτερ
546 2425 632 2460 τίμιε,
657 2424 703 2456 οὓς
728 2426 762 2452 δι’
790 2426 857 2461 ἐμοῦ
875 2427 993 2462 σήμερον

188 2472 348 2508 ἐκέρδανεν
365 2472 379 2498 ὁ
397 2471 526 2506 Χριστός.
549 2470 578 2497 '0
595 2471 634 2508 de
647 2472 806 2507 θιατηχήσας
824 2472 923 2503 αὖτοὺς
945 2473 993 2499 καὶ

188 2521 233 2554 τῲ
252 2519 319 2553 οιίῳ
331 2518 477 2549 τελειώσας
490 2518 660 2552 βαπτίσματι
676 2519 732 2549 τοῖς
745 2518 848 2551 λοιποῖς
859 2520 991 2553 συγκατέ-

190 2566 281 2602 μιξεν
296 2564 394 2598 ἁγίοις.
415 2563 485 2589 Ἀλλ’
503 2563 552 2598 ἠδη
571 2564 666 2600 καιρὸς
681 2565 769 2590 εἰπεῖν
781 2565 854 2596 ὅπως
869 2565 898 2591 τὸ
913 2565 989 2598 τέλος

188 2610 342 2645 ἀπήντησε
359 2608 407 2642 τῆς
425 2607 565 2643 ἀθλήσεως
579 2615 586 2623 ’
609 2608 622 2634 ὃ
639 2608 671 2643 δὴ
691 2609 738 2634 καὶ
752 2609 858 2643 ποιήσω
872 2609 924 2637 τῶν
942 2609 988 2636 ἆλ-

187 2658 250 2684 λων
273 2655 421 2689 ἀφέμενος.

1082 1921 1150 1949 XVI.
1174 1923 1346 1953 Descendens
1366 1926 1514 1962 aliquando
1539 1930 1636 1958 beatus
1657 1931 1801 1961 Tiburtius
1820 1943 1836 1961 e

1045 1967 1128 1995 domo
1143 1969 1169 1995 in
1187 1978 1240 2004 qua
1256 1976 1335 1999 erant
1349 1974 1450 2006 sancti,
1468 1975 1567 2002 incidit
1582 1977 1610 2003 in
1625 1977 1686 2004 foro
1699 1978 1726 2005 in
1745 1979 1834 2007 homi-

1045 2021 1108 2040 nem
1129 2016 1175 2048 qui
1197 2023 1230 2043 ex
1252 2016 1307 2044 alto
1327 2018 1476 2052 ceciderat,
1498 2025 1526 2047 et
1538 2029 1552 2048 e
1567 2029 1632 2050 casu
1649 2027 1705 2050 tam
1720 2025 1790 2052 male
1806 2033 1836 2053 so

1045 2059 1176 2093 habebat,
1199 2066 1230 2088 ut
1250 2062 1311 2096 ejus
1326 2065 1475 2092 necessarii
1490 2065 1669 2100 desperantes
1688 2069 1722 2096 dc
1736 2070 1834 2102 salute.

1045 2105 1203 2139 sepulcrum
1226 2108 1316 2135 solum
1345 2114 1373 2137 et
1393 2111 1465 2145 justa
1492 2111 1517 2139 ei
1540 2112 1666 2142 facienda
1693 2122 1834 2150 curarent.

1045 2149 1113 2178 Cum
1129 2152 1221 2188 itaque
1237 2154 1262 2182 ei
1279 2155 1445 2190 quijacebat
1459 2159 1718 2194 appropinquasset,
1731 2167 1758 2189 et
1769 2171 1835 2191 con-

1045 2203 1139 2226 suetas
1154 2207 1237 2235 super
1247 2209 1310 2229 eum
1324 2210 1420 2238 preces
1430 2203 1551 2237 fecisset,
1565 2205 1684 2234 reddidit
1697 2207 1834 2236 hominem

1043 2250 1139 2271 sanum
1161 2245 1194 2272 iis
1216 2246 1263 2281 qui
1279 2248 1312 2274 ad
1328 2255 1391 2275 eum
1407 2249 1574 2283 attinebant,
1588 2251 1658 2278 adeo
1673 2254 1835 2282 corrobora-

1044 2295 1102 2318 tum
1120 2292 1293 2320 invocatione
1308 2296 1428 2323 nominis
1443 2296 1556 2329 Christi,
1574 2303 1603 2325 ut
1617 2306 1667 2326 nec
1687 2299 1710 2325 ei
1725 2301 1835 2334 quidem

1044 2335 1185 2363 videretur
1212 2338 1266 2365 tale
1292 2339 1359 2374 quid
1386 2341 1499 2368 omnino
1516 2343 1658 2371 accidisse.
1677 2345 1743 2372 Post
1756 2354 1836 2373 cura-

1050 2379 1152 2408 tionem
1171 2387 1263 2409 autem
1287 2384 1347 2418 ejus
1366 2385 1412 2420 qui
1438 2387 1585 2420 ceciderat,
1612 2390 1755 2417 accersitis
1776 2391 1836 2426 ejus

1046 2428 1209 2456 necessariis
1231 2428 1376 2458 Tiburtius
1402 2431 1468 2459 dicit
1489 2433 1530 2460 eis
1548 2443 1554 2460 :
1576 2433 1603 2461 Si
1622 2436 1704 2462 vultis
1725 2444 1835 2471 quoque

1043 2479 1104 2508 esse
1130 2473 1278 2503 effectores
1301 2484 1391 2504 rerum
1409 2478 1626 2513 admirabilium,
1645 2482 1757 2509 ϐίη-ἰειο
1777 2491 1835 2510 ενοι

1042 2517 1109 2550 dite,
1124 2527 1139 2546 a
1157 2528 1212 2554 quo
1225 2521 1259 2548 ad
1282 2529 1324 2549 me
1343 2531 1452 2559 quoque
1472 2525 1595 2559 proiecta
1619 2531 1662 2554 cst
1679 2527 1736 2556 lucc
1749 2529 1837 2557 virtus

1041 2565 1249 2594 miraculorum.
1267 2568 1414 2604 Postquam
1433 2578 1499 2598 vero
1518 2572 1587 2600 vidit
1609 2574 1793 2603 assentiente:
1810 2580 1836 2603 et

1041 2617 1179 2645 parentes,
1205 2620 1253 2640 eos
1274 2613 1381 2642 ducens
1404 2615 1437 2643 ad
1463 2616 1560 2644 Gaium
1575 2618 1644 2646 dicit
1660 2619 1705 2647 ei;
1721 2619 1835 2656 Suscipe

1043 2657 1104 2689 hos,
1120 2659 1277 2687 venerande
1293 2665 1381 2695 pater,
1400 2669 1470 2696 quos
1485 2663 1566 2691 hodie
1584 2672 1634 2700 per
1650 2673 1693 2693 nte
1707 2665 1834 2695 Christus

187 2701 350 2732 lucrifecit.
371 2701 418 2728 Ille
442 2705 533 2728 autem
556 2704 700 2737 postquam
726 2701 744 2729 ii
768 2702 882 2730 verbum
907 2701 969 2729 tidei
1007 2701 1178 2736 didicissent,
1205 2705 1300 2733 divino
1337 2707 1501 2743 baptismate
1545 2711 1686 2745 initiatos,
1711 2714 1828 2742 commi-

187 2750 272 2780 scuit
289 2748 352 2775 aliis
366 2748 479 2780 sanctis,
496 2753 610 2783 propter
627 2749 685 2776 hmc
726 2750 781 2777 Deo
817 2756 900 2784 agens
914 2749 1027 2784 gratias.
1048 2750 1094 2784 qui
1122 2750 1187 2779 facit
1213 2752 1387 2782 admirabilia
1416 2755 1444 2782 in
1474 2756 1604 2785 omnibus
1637 2758 1830 2788 invocantibus

190 2799 307 2834 ipsum.
338 2794 391 2822 Sed
419 2794 473 2829 jam
501 2799 609 2830 tempus
632 2800 674 2823 est
705 2795 835 2824 narrandi
862 2795 1131 2829 decertationcm,et
1150 2799 1276 2833 quisnam
1310 2801 1371 2829 linis
1403 2802 1551 2838 unicuique
1585 2805 1726 2839 evenerit;
1758 2807 1832 2841 quod

185 2843 314 2881 quidem
329 2841 427 2869 iaciam
440 2841 502 2868 aliis
519 2843 643 2870 omissis.

226 2888 285 2918 lZ'.
309 2889 341 2915 Ἡ
359 2888 554 2923 μακαριωτάτη
583 2889 644 2923 Ζωὴ
676 2890 703 2915 ὲν
729 2892 761 2926 τῇ
781 2891 851 2926 σορῷ
878 2897 942 2918 ποτε
953 2889 999 2917 τοῦ

1091 2889 1170 2917 ΧΗΙ.
1187 2891 1345 2921 Bcatissima
1363 2892 1418 2922 Zoc
1437 2901 1517 2923 orans
1529 2894 1679 2931 aliquando
1706 2895 1738 2922 ad
1758 2895 1834 2924 locu.

378 2930 510 2965 ΡᾸτιιοι..
534 2935 576 2965 Gn
618 2936 718 2966 CXVI.

1578 2930 1582 2931 ν
1618 2939 1655 2970 26
