2056 3151
261 198 315 231 811

831 186 1022 218 ADDENDA.
1040 197 1074 204 -
1094 183 1328 215 JANUARIUS.

1840 176 1892 210 812

257 260 316 290 tum
332 256 448 294 apostoli
477 253 550 282 Petri
571 251 606 280 ab
630 249 722 286 impiis
741 247 999 284 comprehenditur.
1020 245 1055 272 Et

1114 243 1257 294 ὶποστόλου
1266 244 1370 278 Πέτρου
1382 241 1589 279 προσευχομένη
1603 241 1680 278 παρὰ
1688 240 1743 268 τῶν
1751 239 1892 267 δυσσεϐῶν

259 291 380 343 primum
395 303 509 339 quidem
532 299 651 327 adducta
664 297 700 325 ad
722 296 914 331 magistratum
930 291 1050 324 vicinize,

259 341 287 381 et
310 347 502 380 tantummodo
522 344 632 383 jubcnti
657 344 682 371 ei
706 347 736 371 ut
759 341 929 369 sacriﬁcaret
954 342 1053 366 statuas

259 398 355 427 Martis
373 404 434 432 qua:
448 395 506 422 illic
521 393 621 423 stabat,
638 397 701 417 cum
716 385 874 415 verecunde
891 383 1052 418 respondis.

260 450 303 474 set
323 454 329 472 :
349 425 418 471 Etim
445 441 539 469 Venus
566 437 652 472 magis
675 432 854 462 delectaverit
879 425 962 466 quam
990 435 1052 464 ego.

261 494 309 521 illa
320 492 354 519 de
367 495 468 517 (δίεισι-ο
479 485 593 522 quidem
606 481 704 511 mansit
722 485 817 508 tacens
829 483 857 505 et.
869 476 966 505 oculos
974 474 1051 502 humi

261 538 395 574 deligens.
411 535 459 563 Ille
477 537 570 560 autem
587 531 640 557 hoc
654 528 730 556 dicto
742 525 876 554 elieratus
891 524 973 560 jussit
992 529 1053 549 eam

261 584 365 614 servari
379 583 406 610 in
418 587 528 609 carcere
541 577 690 608 tutissimo,
701 579 730 602 et
748 579 838 607 neque
848 571 938 598 lucem
948 569 1054 600 videre,

261 640 352 668 neque
372 631 451 659 cibos
465 633 587 657 sumere.
609 622 713 652 Deinde
725 629 787 650 cum
812 627 859 647 sex
881 618 941 646 dies
968 623 1055 644 trans-

261 661 363 715 egisset
381 678 410 704 in
426 677 476 703 hac
488 672 647 702 alllictione.
668 668 787 703 septimo
810 663 1005 693 transmittitur
1021 661 1054 689 ad

261 709 422 761 p‘rml'ectum
438 721 611 749 Flavianum.
623 716 676 750 Qui
690 722 753 743 cum
769 716 832 749 post
846 710 946 738 multas
966 709 1054 736 inter-

263 772 422 808 rogationes
447 767 563 796 vidisset
587 771 649 792 eam
680 769 737 790 non
754 765 852 796 ‘posse
883 754 1054 793 persuaderi,

260 804 340 856 jubet
360 825 419 845 eam
440 816 468 843 in
483 814 576 848 aliqua
597 811 652 838 alla
670 809 771 837 arbore
795 813 810 834 a
829 804 919 840 capite
938 808 1057 837 suspen-

262 846 281 856 ,ν
531 846 538 848 .

262 873 333 897 sam,
361 869 390 892 et
410 862 497 889 multo
528 859 604 886 fumo
631 856 739 883 inferne
771 851 989 886 suﬁuntigatam.
1015 846 1055 874 sic

264 895 343 939 linire
355 911 452 938 vitam.
468 908 503 935 Et
515 906 562 933 illa
574 903 687 940 quidem
702 901 744 928 sic
755 899 855 935 migrat
868 897 901 924 ad
913 895 1055 923 Christum

262 957 463 986 desideratum.
497 949 632 980 Crudeles
654 951 748 974 autem
782 941 929 978 parricidae
954 945 1058 974 corpus

1105 289 1333 326 συλλαμϐάνεται,
1348 288 1395 315 καὶ
1407 288 1445 322 τῷ
1457 288 1569 324 ἄρχοντι
1587 287 1639 322 τῆς
1657 285 1791 321 γειτονίας
1807 293 1892 320 προσ-

1104 337 1212 371 άγεται.
1235 334 1379 362 Κελεύοντι
1401 331 1447 361 οὖν
1461 333 1537 369 αὐτῷ
1555 333 1593 368 τῷ
1614 334 1706 360 ικεϊσε
1728 332 1776 359 τοῦ
1795 333 1892 365 Ἀρεος

1104 381 1242 417 ἀνδριάντι
1254 379 1335 407 θῦσαι
1350 380 1409 416 μετ’
1417 379 1507 411 αἰδοῦς
1519 378 1634 406 είποῦσα
1646 379 1684 409 ὡς
1698 378 1729 405 ’1-1
1748 378 1892 413 Ἀφροδίτη

1107 429 1206 464 μᾶλλον
1231 427 1358 462 τέρψειεν
1384 426 1479 453 τοῦτον
1499 426 1516 461 ἢ
1541 425 1608 459 ἐγὼ,
1629 426 1647 460 ἡ
1668 425 1720 460 μιν
1746 424 1777 451 τὸ
1800 424 1895 451 λοιπὴν

1105 473 1222 505 ἐσιώπα,
1248 472 1283 499 τὰ
1299 472 1412 507 δμματα
1426 472 1465 503 είς
1485 471 1538 507 γῆν
1563 471 1715 506 ὲρείδουσα·
1735 471 1750 497 ό
1776 469 1805 497 δὲ
1826 469 1895 505 πρὸς

1104 520 1151 547 τὸν
1167 519 1245 553 λόγον
1264 517 1357 545 τοῦτον
1370 516 1504 553 ἀγριάνας
1516 517 1646 544 ἐκέλευσε
1660 516 1747 551 αὐτὴν
1764 515 1894 549 ἀσφαλῶς

1104 565 1247 601 τηρεῖσθαι
1265 564 1312 591 καὶ
1334 564 1402 598 μήτε
1421 563 1478 598 φῶς
1493 563 1570 598 ὸρᾷν,
1594 563 1664 597 μήτε
1689 561 1785 588 σιτίων
1809 568 1895 594 μετα-

1106 611 1266 647 λαμϐάνειν.
1285 609 1334 643 Ἐξ
1357 609 1385 636 δὲ
1400 608 1563 635 διελθουσῶν
1586 606 1699 643 ἡμερῶν
1715 608 1754 641 τ-ῖι
1780 607 1896 641 ἐπάρχῳ

1105 657 1247 692 Φλαϐιανῷ
1264 656 1494 692 παραπέμπεται·
1511 655 1540 686 δς
1552 654 1720 681 ἀπειθοῦσιν
1733 653 1819 689 αὐτὴν
1835 652 1896 679 ἰδὼν

1106 704 1250 731 ἐκέλευσεν
1274 702 1319 729 ὲπί
1342 710 1416 733 τινος
1432 700 1537 736 ὑψηλοῦ
1553 700 1664 734 δένδρου
1685 699 1756 725 κατὰ
1774 697 1897 732 κεφαλῆς

1107 750 1308 786 ἀναρτηθεῖσαν
1324 749 1371 776 καὶ
1391 748 1482 782 πολλῷ
1497 746 1536 781 τῷ
1551 745 1649 781 καπνῷ
1668 745 1792 772 κάτωθεν
1811 751 1899 770 κατα-

1107 798 1271 832 πνεομένην,
1292 795 1379 826 οὕτως
1403 794 1562 821 ἀποθανεῖν.
1584 792 1686 819 Τούτου
1701 791 1731 818 δι
1751 790 1898 825 γενομένου

1108 844 1132 870 οἱ
1151 843 1289 879 μιαιφόνοι
1305 842 1344 877 τῷ
1367 841 1475 876 σώματι
1490 839 1593 874 ταύτης
1606 838 1681 866 λίθον
1698 837 1899 873 προσδήσαντες

1108 889 1179 918 κατὰ
1193 889 1241 916 τοῦ
1252 888 1381 923 ’Τιϐέρεως
1394 886 1565 917 ἀκοντίζουσι
1580 884 1716 920 ποταμοῦ,
1732 883 1765 909 τὰ
1782 883 1901 917 μέγιστα

1109 935 1271 971 ζημιοῦντες
1285 931 1478 969 Χριστιανούς.

262 1005 322 1040 ejus
334 1003 512 1038 acceperunt,
534 1001 563 1024 et
586 994 675 1030 lapide
689 993 715 1021 ei
733 976 855 1026 appenso
871 988 899 1016 in
924 985 1045 1014 Tiberim
1064 983 1201 1018 injiciunt,
1216 981 1406 1009 existimantes
1439 977 1499 1005 fore
1538 982 1567 1005 ut
1592 976 1632 1004 sic
1657 983 1712 1003 non
1743 977 1899 1010 appareret,

263 1056 358 1079 etnon
385 1052 459 1076 esset
485 1042 653 1073 Christianis
674 1039 836 1067 morborum
867 1033 1111 1061 medicamentum.

297 1096 392 1126 XVIII.
410 1095 558 1128 Postquam
572 1096 638 1116 vero
652 1087 739 1114 beatae
753 1084 822 1111 Zoes
833 1080 993 1116 martyrium
1004 1077 1056 1105 fuit
1069 1083 1094 1113 Β

263 1144 366 1172 sanctis
394 1140 547 1176 cognitum,
579 1135 606 1162 id
643 1139 740 1161 omnes
770 1131 839 1157 adeo
868 1126 992 1155 incitavit
1025 1124 1059 1152 ad

262 1190 380 1220 similem
394 1172 534 1218 zel'ttm,ut
545 1179 754 1216 Tranquillinus
766 1175 869 1204 dixerit
880 1174 962 1202 beato
976 1172 1062 1199 Seba-

263 1238 353 1266 stiano
368 1244 375 1262 :
394 1233 487 1265 Vides,
503 1229 614 1258 domine
641 1227 689 1259 nti,
703 1222 934 1260 quemadmodum
951 1219 1060 1247 feminae

265 1291 348 1313 sexus
357 1279 577 1310 imbecillitatem
591 1276 719 1310 prompto
730 1274 758 1298 et
768 1268 851 1297 alacri
861 1267 954 1295 animo
963 1271 1061 1292 corro-

265 1307 410 1357 borantes,
417 1328 535 1351 coronas
546 1307 717 1353 praeripiam.
725 1313 804 1348 Quod
822 1312 903 1340 simul
923 1314 1005 1345 atqtte
1016 1307 1060 1336 di-

264 1374 350 1402 xisset
363 1372 446 1398 domo
462 1372 599 1402 egressus,
617 1368 646 1391 et
658 1362 773 1389 veniens
789 1359 823 1386 ad
839 1357 961 1385 loculum
985 1353 1059 1382 beati

266 1418 384 1454 apostoli
404 1415 482 1443 Pauli
498 1411 594 1440 orandi
610 1416 706 1439 causa.
724 1409 840 1440 repente
857 1403 909 1430 fuit
935 1408 1061 1436 compte-

268 1447 382 1494 hensus,
397 1468 424 1490 et
434 1460 572 1496 lapidibus
602 1457 719 1485 obrutus
744 1452 846 1489 iacitur
870 1450 898 1477 in
925 1447 1058 1476 Tiberim.

269 1512 355 1547 Hujus
370 1495 472 1544 corpus
484 1505 656 1534 Nicostratus
669 1505 698 1528 et
723 1498 856 1528 Claudius
885 1495 967 1524 simul
997 1501 1058 1522 cum

267 1540 392 1586 Castorio
401 1540 434 1582 ad
445 1553 519 1587 ripas
525 1552 679 1585 quaerentes
687 1551 716 1573 ut
723 1543 886 1572 mandarent
897 1540 1058 1575 sepulturae,

267 1603 385 1632 veniunt
410 1601 438 1628 in
465 1604 564 1626 manus
591 1601 688 1623 eorum
713 1592 762 1627 qui
788 1588 1000 1619 insidiabantur,
1031 1590 1060 1612 et

269 1650 343 1679 ducti
358 1648 391 1676 ad
408 1646 579 1683 praelectum,
606 1641 675 1668 adeo
687 1646 738 1666 nec
748 1636 857 1665 blandis
878 1634 982 1666 verbis,
1007 1638 1060 1658 nec

269 1697 352 1725 minis
366 1701 418 1721 nec
444 1692 507 1719 ullis
533 1688 684 1717 insuItibus
712 1683 838 1712 converti
877 1686 1004 1716 potuere,
1029 1681 1060 1704 ut

268 1742 415 1779 ιιι-πίστιος
436 1737 587 1765 admiratus
609 1730 806 1768 signiﬁcaverit
826 1728 885 1755 haec
908 1727 1057 1760 imperato-

267 1763 360 1818 i'ibus,
373 1790 401 1812 et
411 1784 445 1811 ab
455 1783 497 1810 eis
513 1779 650 1814 acceperit
672 1775 838 1804 sententiam
859 1773 887 1800 in
915 1772 978 1799 illos
1001 1776 1062 1804 qua:
1075 1763 1096 1792 C

1145 1074 1198 1102 IR'.
1218 1075 1263 1106 Ὠς
1287 1074 1334 1101 οὖν
1359 1074 1389 1100 τὸ
1417 1074 1569 1108 μαρτύριον
1591 1071 1641 1106 τῆς
1665 1068 1807 1105 μακαρίας
1822 1068 1900 1102 Ζωῆς

1111 1124 1169 1154 τοῖς
1192 1122 1281 1156 ἁγίοις
1307 1120 1444 1155 ἐγνώσθη,
1471 1117 1599 1146 τοσοῦτον
1619 1118 1744 1147 ἃπαντας
1773 1114 1842 1150 πρδς
1856 1113 1902 1140 τὺν

1111 1170 1203 1204 ὅμοιον
1220 1167 1357 1203 παρέθηξε
1375 1167 1465 1202 ζῆλον,
1484 1165 1555 1192 ὥστε
1568 1164 1614 1191 τὸν
1630 1162 1820 1199 Τραγκυλῖνον
1833 1160 1902 1195 πρὸς

1111 1215 1156 1242 τδν
1168 1215 1304 1250 μακάριον
1312 1211 1607 1246 Σεϐαστιανὸνκορᾷς,
1618 1206 1640 1236 ὧ
1654 1208 1733 1244 κύριέ
1749 1215 1813 1243 μου,
1828 1205 1902 1235 ὅπως

1111 1262 1140 1289 αἱ
1161 1262 1292 1296 γυναῖκες
1310 1260 1341 1287 τὺ
1364 1260 1415 1294 τῆς
1439 1258 1547 1293 φύσεως
1571 1255 1685 1287 ἀσθενὲς
1705 1255 1739 1289 τῇ
1761 1250 1903 1288 προθυμία

1111 1307 1302 1344 ἔπιρῤὡσασαι
1330 1307 1395 1337 τοὺς
1420 1304 1568 1339 στεφάνους
1597 1300 1819 1338 προαρπάζονσι.
1849 1297 1903 1324 Καὶ

1111 1342 1170 1388 ἅμα
1181 1342 1224 1388 τῷ
1238 1352 1309 1387 λόγῳ
1322 1351 1369 1378 τοῦ
1381 1350 1520 1385 δωματίου
1529 1347 1659 1381 ἐξελθὼν,
1675 1346 1724 1373 καὶ
1739 1346 1768 1372 ὲν
1784 1345 1818 1380 τῇ
1831 1342 1904 1378 σορῷ

1109 1398 1158 1425 τοῦ
1176 1397 1312 1433 μακαρίου
1335 1396 1488 1424 ἀποστόλου
1516 1394 1624 1421 Παύλου
1646 1391 1804 1428 προσευχῆς
1823 1389 1904 1424 χάριν

1111 1445 1268 1480 γενόμενος,
1283 1443 1363 1474 εὐθὺς
1384 1441 1620 1477 συλλαμϐάνεται,
1641 1439 1690 1466 καὶ
1714 1438 1799 1467 λίθοις
1815 1443 1903 1462 κατα-

1110 1489 1234 1521 λευσθεὶς
1258 1488 1297 1524 τῷ
1315 1488 1425 1524 ῥηθέντι
1438 1487 1573 1514 ἐκδίδοται
1600 1484 1729 1520 ποταμῷ.
1753 1482 1857 1509 Τούτου
1873 1481 1904 1507 τὸ

1111 1536 1191 1571 σῶμα
1207 1535 1393 1570 Νικόστρατος
1408 1535 1455 1561 καὶ
1468 1532 1602 1563 Κλαύδιος
1617 1531 1676 1567 ἃμα
1691 1530 1815 1563 Κάστορι
1826 1526 1904 1562 παρὰ

1109 1585 1158 1615 τὰς
1173 1582 1256 1619 δχθας
1268 1582 1413 1618 ζητοῦντες
1424 1581 1472 1608 τοῦ
1488 1579 1612 1616 ποταμοῦ
1625 1579 1696 1606 ὥστε
1707 1576 1801 1604 δοῦναι
1818 1575 1903 1610 ταφῇ,

1110 1631 1140 1657 ὲν
1153 1630 1232 1666 χερσὶ
1247 1629 1301 1656 τῶν
1315 1628 1423 1655 ἀσεϐῶν
1434 1627 1566 1662 γίνονται,
1579 1626 1627 1652 καὶ
1641 1624 1711 1659 πρὸς
1723 1624 1770 1650 τὸν
1783 1622 1904 1656 ἔπαρχον

1109 1676 1258 1712 ἀχθέντες,
1286 1675 1348 1701 ἐπεὶ
1375 1674 1476 1704 πάσαις
1505 1671 1668 1707 προσϐολαῑ;
1696 1669 1906 1704 ἀπερίτρεπτοι-

1110 1723 1251 1757 ὤφθησαν,
1260 1719 1382 1747 κελεύσει
1393 1719 1531 1754 βασιλικῇ.
1546 1717 1615 1753 μετὰ
1629 1717 1659 1743 τδ
1674 1715 1774 1746 πολλὰς
1785 1713 1906 1749 ὑποστῆ-

1113 1775 1158 1793 ναι
1177 1766 1324 1800 μάστιγας,
1338 1764 1495 1795 θαλαττίοις
1508 1762 1659 1789 ἐκδίδοντσι
1673 1761 1787 1796 κύμασι.

269 1807 360 1818 ...μ-η
374 1807 443 1812 -.μ
458 1807 494 1810 -π-
515 1807 541 1808 η
579 1807 587 1814 .

268 1835 310 1864 sic
338 1831 458 1860 habebat
474 1838 481 1855 :
497 1828 552 1855 Eos
579 1825 626 1860 qui
644 1831 700 1851 non
717 1826 814 1856 parent
845 1819 935 1846 edicto
962 1820 1063 1843 nostrae
1080 1812 1243 1843 divinitatis,
1260 1816 1289 1838 et
1303 1811 1402 1838 nolunt
1419 1810 1473 1837 diis
1489 1809 1656 1841 sacriﬁcare,
1685 1807 1815 1842 iubemus
1843 1813 1906 1834 cum

1134 1858 1152 1864 ιι
1179 1857 1193 1864 -
1234 1857 1262 1864 ,ιι
1353 1856 1358 1862 ι
1377 1855 1383 1862 ο
1403 1855 1464 1864 ῨῨῙΑΞ
1488 1854 1521 1864 An!
1560 1853 1697 1864 __._._‘E--~
1742 1853 1832 1864 -Αρικῖ
1852 1854 1889 1864 ε.-

270 1888 313 1909 ter
328 1878 429 1907 fuerint
443 1872 592 1903 examinati
618 1869 775 1899 tormentis,
803 1865 917 1893 marinis
949 1862 1058 1890 tandem
1083 1858 1154 1886 tradi

594 1920 643 1945 ati.
661 1917 718 1944 [Iac
748 1921 814 1949 ergo
849 1914 961 1945 accepta
987 1906 1134 1938 sententia,
1166 1903 1324 1940 praefectus,
1347 1906 1492 1937 postquam
1520 1899 1614 1927 multis
1647 1899 1689 1926 eis
1717 1897 1798 1924 illatis
1820 1896 1908 1932 plagis

272 1927 340 1963 perii
353 1923 489 1952 cesserint
502 1923 592 1956 potest

1177 1857 1319 1889 ﬂuctibus,
1332 1855 1385 1883 nisi
1398 1854 1523 1889 castigati
1559 1853 1708 1888 supplices,
1742 1853 1832 1878 nostri
1852 1854 1907 1877 im-

273 1942 340 1963 ΡΙἈΙΙ
353 1942 489 1952 ιιυοσυιιιισ
502 1942 643 1956 Υν-ννν-..ν
661 1942 683 1944 -7
781 1942 795 1949 ν
916 1942 923 1945 _

268 1973 340 2001 vidit
354 1979 402 1999 eos
431 1976 486 1997 non
518 1966 618 1995 cedere
652 1970 704 1991 nec
729 1959 866 1991 inclinari,
898 1956 1023 1985 serviens
1049 1952 1169 1981 decretis
1198 1950 1405 1985 imperatorum,
1439 1955 1499 1983 quae
1525 1946 1559 1974 ab
1588 1945 1642 1972 illis
1671 1946 1725 1972 lata
1751 1943 1851 1976 fuerat,
1879 1942 1908 1970 in

270 2023 380 2048 sanctos
408 2015 566 2052 pronuntiat
602 2009 778 2039 sententiam.
815 2006 849 2034 Et
878 2004 917 2032 illi
944 2002 1057 2038 quidem
1077 1999 1116 2028 sic
1127 1996 1309 2027 consummati
1319 1995 1461 2031 iaciuntur
1472 1994 1501 2021 in
1511 1999 1598 2020 mare.

933 2051 938 2052 ⁷
1152 2045 1193 2052 ⁸⁸⁵·
1222 2045 1240 2052 ”’
1368 2043 1426 2052 ’τηε
1442 2041 1498 2052 I_!_\
1514 2040 1540 2052 .1
1559 2048 1598 2052 _..

308 2064 380 2094 XIX.
395 2051 545 2091 Curtuatus
553 2063 645 2087 autent
658 2057 701 2084 vir
711 2054 824 2090 quidam
835 2060 865 2080 re
874 2051 985 2087 quidem
996 2055 1063 2076 vera

271 2112 385 2147 impius,
400 2107 494 2144 specie
510 2113 580 2134 vero
597 2105 659 2140 pius
673 2107 702 2130 et
720 2109 750 2129 se
767 2098 957 2128 Christianum
976 2095 1064 2122 simu-

269 2145 423 2191 lans,cum
440 2161 471 2181 se
491 2151 635 2180 retulisset
664 2148 693 2175 in
718 2151 866 2174 numerum
891 2145 1064 2172 sanctorum,

269 2187 353 2233 lactis
365 2201 433 2237 ipsis
447 2198 567 2235 praebuit
582 2193 784 2230 suspicionem.
802 2190 871 2218 Nam
891 2193 920 2217 et
937 2187 1065 2223 positura

273 2233 517 2286 q-apillorutnrqum
538 2251 589 2280 par
612 2247 674 2270 erat
692 2237 860 2267 elaboratior
875 2240 903 2264 et
921 2233 1004 2262 nimis
1017 2240 1065 2260 ac-

273 2260 439 2286 vaptnorum
456 2260 517 2281 qua;
539 2260 584 2280 γαι
612 2260 674 2270 μα.
692 2260 855 2267 “unum.--
876 2260 902 2264 ,ε
921 2260 977 2262 __,,,,
995 2260 1001 2261 ,

273 2300 381 2328 curata,
397 2293 544 2326 victusque
557 2288 642 2317 nimis
652 2285 744 2314 mollis
760 2288 790 2311 et
804 2282 952 2312 delicatus,
969 2284 998 2307 et
1011 2278 1066 2306 alia
1081 2260 1104 2289 θ

273 2341 390 2370 minime
404 2325 521 2366 honesta
536 2332 722 2364 conversatio,
735 2329 845 2358 induxit
861 2335 909 2356 eos
923 2327 970 2362 qui
986 2325 1066 2353 vide-

274 2389 353 2419 bant,
367 2390 398 2412 ut
415 2384 442 2411 id
455 2381 530 2418 quod
547 2384 619 2411 erat,
633 2376 843 2405 fraudulentum
857 2373 998 2401 hominem
1016 2378 1067 2405 pu-

274 2436 370 2462 tarent
395 2434 423 2458 et
451 2415 642 2462 deceptorem.
672 2422 733 2450 Non
754 2421 872 2449 multum
909 2415 1068 2445 Intercessit

276 2477 421 2515 temperis,
450 2479 477 2503 et
492 2481 555 2501 cum
582 2470 698 2498 vidisset
726 2471 840 2496 beatum
858 2464 1017 2493 Tiburtium
1038 2463 1068 2490 in

279 2510 400 2563 qua-dam
413 2529 492 2551 sacra
507 2519 566 2548 aede
581 2521 719 2549 orantem,
732 2519 760 2543 et
774 2521 838 2542 eum
857 2512 1006 2540 indicasset
1019 2510 1070 2537 im-

278 2555 345 2609 piis,
366 2571 426 2606 ipse
441 2574 552 2604 quoque
577 2561 825 2598 comprehenditur
843 2558 926 2587 simul
942 2564 1004 2585 cum
1024 2555 1071 2582 Ti-

279 2602 386 2646 bur-tio:
399 2602 459 2644 Hoc
474 2613 549 2642 enim
563 2612 602 2640 ita
620 2610 741 2641 volebat,
758 2611 788 2635 ut
800 2613 890 2641 neque
905 2602 1071 2632 Christianis

278 2665 421 2694 videretur
431 2669 492 2690 esse
507 2659 644 2696 proditor,
659 2661 687 2685 ct
703 2662 767 2684 cum
779 2654 847 2682 satis
859 2660 909 2688 per
921 2651 1016 2679 ludum
1030 2649 1071 2677 si-

281 2713 425 2744 mulasset,
453 2709 494 2737 sic
518 2705 789 2743 deprehenderetur.
805 2702 876 2730 Cum
900 2701 994 2735 itaque
1012 2698 1073 2726 Fla-

281 2759 380 2786 vianus
398 2763 545 2791 utrumque
557 2757 681 2783 curasset
698 2751 760 2780 sisti
781 2749 815 2776 ad
829 2755 910 2776 suum
938 2743 1072 2776 tribunal,

281 2805 348 2832 dicit
358 2805 504 2832 Curtuato:
519 2801 591 2829 Num
606 2805 635 2828 tu
648 2805 759 2834 qumque
774 2803 825 2832 pro
838 2795 893 2822 Deo
908 2793 994 2820 habes
1010 2797 1073 2818 cru-

282 2851 395 2878 ciﬁxum
406 2850 417 2876 ?
429 2850 497 2876 Cum
514 2849 538 2875 is
556 2852 648 2874 autem
663 2842 834 2873 subridendo
847 2839 976 2870 dixisset,
996 2844 1025 2865 se
1041 2835 1075 2863 il-

286 2896 343 2923 lunt
357 2895 516 2923 existimare
532 2893 619 2920 Deum
632 2898 715 2926 quem
734 2889 780 2916 hic
800 2888 909 2917 beatus,
923 2881 1076 2910 ostendens

285 2943 376 2980 digito
400 2940 569 2974 Tiburtium,
580 2945 652 2974 aegre
675 2937 769 2965 terens
790 2930 961 2962 admirabilis
982 2927 1076 2957 adole-

1152 2045 1205 2072 ιθι.
1222 2043 1427 2079 Κουρτουνᾶτος
1441 2041 1500 2076 (sic)
1512 2040 1541 2067 δέ
1558 2048 1601 2071 τις
1618 2038 1688 2074 ἀνὴρ
1702 2036 1838 2072 δυσσεϐὴς
1861 2035 1910 2071 μὲν

1116 2093 1151 2127 τῇ
1167 2090 1294 2126 ἀληθεία,
1320 2089 1442 2125 σχήματι
1461 2087 1489 2113 δὲ
1501 2085 1618 2121 εὐσεϐὴς
1643 2085 1692 2111 καὶ
1717 2084 1764 2111 τὸν
1780 2083 1910 2117 Χριστια-

1117 2136 1214 2171 νισμὺν
1233 2135 1459 2170 ὑποκρινόμενος,
1485 2133 1541 2164 τοῖς
1557 2131 1647 2165 ἁγίοις
1672 2129 1770 2157 ἑαυτὸν
1792 2129 1910 2162 ἔγκατα-

1117 2182 1315 2218 λέξας,εργοις
1343 2180 1436 2212 αὐτοῖς
1464 2179 1582 2214 παρεῖχε
1610 2177 1642 2204 τδ
1669 2175 1793 2203 ὕποπτον
1818 2175 1853 2211 τῇ
1878 2181 1908 2200 τε

1119 2229 1259 2265 περιέργῳ
1284 2227 1340 2255 τῶν
1356 2226 1460 2262 τριχῶν
1477 2224 1572 2257 θέσει,
1598 2223 1637 2258 τῷ
1659 2231 1689 2249 τε
1709 2221 1841 2258 τρυφηλῷ
1862 2221 1911 2255 τῆς

1118 2275 1224 2311 διαίτης
1249 2274 1296 2302 καὶ
1317 2274 1350 2309 τῇ
1374 2272 1442 2308 ἄλλῃ
1464 2271 1579 2305 ἀκόσμῳ
1604 2269 1766 2303 ἀναστροφῇ
1789 2267 1911 2302 ὑπήγετο

1119 2321 1183 2353 τοὺς
1195 2320 1318 2356 ὁρῶντας
1332 2317 1484 2353 ἀπατηλὸν,
1502 2316 1570 2351 ὅπερ
1587 2313 1633 2351 ἦν,
1655 2314 1784 2349 ἡγεῖσθαι
1805 2313 1852 2339 τὸν
1866 2312 1912 2339 ἄν·

1120 2368 1242 2403 θρωπον.
1269 2365 1307 2392 Οὐ
1323 2364 1391 2391 πολὺ
1408 2363 1439 2390 τὺ
1463 2362 1556 2398 μέσον,
1577 2361 1624 2388 καὶ
1643 2360 1690 2387 τδν
1711 2359 1850 2395 μακάριον
1865 2358 1913 2384 Τι-

1121 2413 1246 2448 ϐούρτιον
1272 2411 1300 2437 ιν
1311 2418 1364 2437 τινι
1390 2409 1445 2436 τῶν
1472 2407 1554 2444 ίερῶν
1574 2407 1660 2434 οίκων
1685 2405 1835 2440 εὐχόμενον
1858 2404 1914 2434 τοῖς

1121 2458 1264 2487 δυσσεϐέσι
1287 2454 1489 2491 καταμηνὺσας
1513 2452 1737 2488 συλλαμϐάνεται
1759 2450 1807 2477 καὶ
1832 2449 1915 2480 αὐτὸς

1123 2504 1194 2532 ἑκὼν
1223 2503 1292 2538 μετὰ
1309 2501 1481 2537 Τιϐούρτιον,
1510 2499 1555 2526 ῐνα
1582 2499 1652 2534 μήτε
1680 2495 1816 2532 προδότης
1843 2492 1915 2521 εἶναι

1123 2551 1186 2586 δόξῃ
1199 2548 1385 2585 Χριστιανοῖς,
1405 2547 1453 2573 καὶ
1467 2545 1516 2580 τὴν
1530 2544 1716 2579 προσποίησιν
1736 2541 1838 2572 ἱκανῶς
1856 2540 1916 2566 δια-

1125 2597 1226 2630 παίξας
1250 2596 1321 2622 οὕτω
1345 2592 1502 2629 φανερωθῇ.
1519 2590 1671 2621 Φλαϐιανδς
1694 2587 1742 2616 οὖν
1767 2587 1918 2622 ἑκατέρους

1125 2643 1164 2679 τῷ
1184 2643 1261 2678 οἰκίῳ
1277 2640 1527 2677 παραστησάμενος
1542 2638 1656 2673 βήματι,
1675 2635 1753 2669 λέγει
1768 2634 1809 2669 τῷ
1824 2634 1917 2667 Κουρ-

1126 2691 1261 2726 τουνάτῳ’
1278 2689 1325 2723 Μὴ
1342 2687 1389 2714 καὶ
1404 2686 1436 2713 σὺ
1455 2685 1495 2720 τῷ
1512 2682 1716 2718 ἐσταυρωμένῳ
1736 2679 1918 2715 προσανέχεις

1127 2737 1208 2772 Sed);
1234 2735 1287 2762 Τοῦ
1313 2735 1342 2761 δὲ
1370 2732 1439 2769 μετὰ
1463 2730 1643 2767 μειδιάματος
1667 2728 1791 2757 εἰπόντος
1814 2725 1918 2752 ἐκεῖνον

1129 2783 1255 2819 ἡγεῖσθαι
1273 2782 1341 2808 Θεὸν
1364 2779 1393 2806 ὃν
1419 2781 1433 2806 ὁ
1459 2777 1594 2814 μακάριος
1616 2771 1696 2806 οὗτος
1712 2773 1857 2809 κηρύττει,
1871 2771 1920 2798 τδν

1129 2817 1289 2865 Τιϐούρτιον
1305 2827 1345 2862 τῷ
1359 2824 1484 2859 δακτύλῳ
1497 2823 1600 2856 δείξας,
1622 2820 1790 2856 δυσχεράνας
1815 2819 1831 2844 ὁ
1853 2817 1921 2844 θαυ-

1132 2864 1233 2914 μαστδς
1259 2873 1366 2905 νεανίας
1390 2872 1437 2899 ἐπὶ
1459 2872 1493 2906 τῇ
1519 2867 1640 2902 τοσαύτῃ
1665 2865 1820 2900 ὑποκρίσει,
1843 2864 1921 2896 λέγει

1130 2911 1215 2960 αὐτῷ·
1226 2922 1274 2958 Μὴ
1286 2917 1474 2957 παραλογίζου
1487 2916 1592 2952 σαυτὸν,
1606 2911 1843 2952 ὦ-Κουρτοννᾶτε,
1858 2911 1924 2939 λαν-
