2056 3151
198 211 254 243 813
596 209 833 241 MARTYRIUH
850 208 879 240 S.
901 208 1126 240 SEBASTIANI
1147 208 1196 239 ΕΤ
1215 208 1422 240 SOCIORUM.

200 267 291 295 θαίνειν
304 267 334 294 ιν
352 265 438 298 δόλοις
452 265 632 302 πειρώμενος·
647 265 736 298 οὐδεὶς
752 265 901 293 cumam
914 266 978 301 πύρ-

1031 271 1112 293 acens
1128 268 1230 292 tantam
1246 264 1462 298 simulationem,
1475 269 1503 293 et
1525 264 1566 294 ira
1582 270 1675 295 motus
1689 266 1758 296 dicit
1772 268 1798 296 ei
1808 277 1820 295 .-

197 322 259 346 ναις
275 313 322 341 καὶ
333 313 432 348 μέθαις
441 313 556 348 χαίρων,
563 313 611 340 καὶ
621 312 707 340 τᾶλλα
716 312 845 348 πράττων
856 311 978 346 auiam,

1035 310 1076 338 Ne
1102 310 1222 345 teipsum
1245 310 1378 346 decipiat,
1395 318 1412 338 ο
1430 310 1563 340 Curtuate
1576 331 1585 345 ,
1602 318 1713 342 tentans
1736 316 1823 345 latere

195 355 233 385 ὧν
251 359 299 385 καὶ
317 359 366 393 τὴν
391 359 503 394 μνήμην
524 358 608 393 μισῶ,
633 358 752 394 Χριστοῦ
772 358 898 393 μαθητὴς
912 355 978 384 εἶναι

1037 358 1065 384 in
1077 358 1158 385 dolis.
1174 357 1260 385 Nemo
1274 357 1322 392 qui
1336 357 1456 384 vescitur
1469 365 1522 385 una
1539 366 1601 386 cum
1617 362 1821 396 meretricibus,

197 404 319 432 δύναται.
338 406 373 431 Ἢ
390 405 498 438 ἀγνοεῖν
516 405 590 439 ἡμᾶς
609 404 696 436 δοκεῖς
716 402 771 436 οἷος
787 402 824 436 si,
839 404 887 430 καὶ
909 403 978 435 ὅπως

1038 407 1067 431 et
1080 406 1242 437 perseverat
1255 402 1283 430 in
1299 402 1355 429 vini
1371 403 1483 437 potione
1496 411 1582 438 usque
1599 404 1632 431 ad
1646 406 1820 439 ebrietatem.

196 450 242 477 τὸν
264 451 326 485 ἐμοὶ
341 451 448 486 ἥδιστον
470 451 632 482 ιῦούλευσας
649 451 776 483 Θάνατον,
801 451 830 482 ὃς
855 459 889 484 με
914 450 978 484 ταχί

1041 452 1069 476 et
1080 448 1134 476 alia
1154 449 1220 476 iacit
1242 448 1430 483 impudenter.
1454 457 1573 484 quorum
1590 451 1633 478 vel
1660 452 1748 479 solum
1766 462 1823 481 me-

197 496 244 523 τοῦ
268 497 397 524 ταπεινοῦ
420 497 516 525 τούτου
545 497 670 531 σώματος
697 496 846 529 διαζεύξω,
872 496 918 523 καὶ
945 495 978 530 τᾷ

1038 495 1151 522 minisse
1163 494 1311 526 abhorreo,
1327 499 1420 530 potest
1434 502 1496 524 esse
1507 495 1610 523 Christi
1621 496 1784 532 discipulus,
1796 503 1824 526 et

198 541 359 577 ποθουμένῳ
378 543 491 578 συνάψει
506 543 618 578 Χριστῷ
629 551 636 576 ;

1037 541 1152 576 gloriari
1167 541 1242 568 illius
1268 549 1319 576 pro
1335 541 1415 569 nobis
1441 542 1680 577 perpessionibus.
1706 544 1824 573 Putasne

197 595 248 615 nos
264 588 391 623 ignorare
415 590 506 625 qualis
534 590 583 622 sis,
605 594 633 616 et
652 587 885 624 quemadmodum
909 587 975 614 mihi
992 587 1221 622 iucundissimam
1239 593 1358 615 mortem
1387 589 1427 616 sis
1463 589 1653 622 machinatus,
1690 599 1754 625 qum
1780 600 1824 620 me

195 635 342 663 celerrime
354 636 483 663 liberabit
498 635 531 663 ad
545 636 597 663 hoc
612 635 710 663 humili
723 642 849 669 corpore,
865 639 893 662 et
903 635 1053 668 conjungct
1063 633 1174 661 Christo
1206 642 1288 669 quem
1323 634 1467 663 desidero?
1477 635 1546 662 Nam
1576 636 1623 671 qui
1660 643 1823 672 exspectan-

197 686 241 708 tur
257 682 397 709 cruciatus
412 687 440 709 et
450 682 614 716 multiplicia
630 685 776 712 tormenta,
786 688 802 708 a
821 688 864 708 me
876 680 1000 708 ridentur
1012 684 1040 707 et
1055 679 1193 707 habentur
1208 680 1340 708 ludibrio.
1354 681 1449 716 Neque
1478 682 1552 709 enim
1571 682 1654 710 timeo
1683 684 1823 717 exsilium,

195 727 308 755 domum
324 736 410 755 meam
428 731 525 762 sponte
544 728 636 755 dimisi
651 728 810 755 volentibus
821 735 830 759 ;
840 735 894 754 non
911 727 1014 762 ignem,
1030 735 1085 754 non
1096 726 1212 761 ﬂagella,
1227 735 1282 755 non
1295 727 1396 763 aliquid
1408 728 1482 755 aliud
1500 736 1533 756 ex
1545 729 1652 764 asperis
1665 735 1693 757 et
1714 731 1824 759 terribi-

194 773 269 800 libus
285 782 401 808 quorum
416 774 483 801 mihi
504 774 583 803 mina:
602 774 783 802 intentantur.
805 773 969 802 Redduntur
984 772 1058 800 enim
1076 772 1134 800 hate
1152 774 1245 801 omnia
1264 774 1412 802 imbecillia
1426 779 1454 802 ct
1478 775 1580 803 debilia
1600 776 1694 804 divino
1710 778 1822 806 auxilio.

232 818 262 845 K'
279 819 427 851 Φλσόιανδς
437 819 509 846 ιῗπε¹
528 820 613 847 Τοῦτο
626 821 673 854 μὶν
690 821 758 854 ἄφες
771 820 876 855 ληρεῖν,
895 817 917 847 ὦ
933 820 978 846 Τι-

1069 818 1128 846 XX.
1140 819 1213 846 Dixit
1229 820 1385 848 Flavianus:
1405 820 1459 848 llas
1471 822 1582 856 quidem
1596 831 1683 858 nugas
1700 823 1790 855 mitte.
1807 832 1824 851 ο

197 865 317 900 εούρτιετ
338 866 399 899 ἐμοὶ
423 866 452 893 δὲ
475 866 635 901 πειθόμενος
660 868 752 900 φεῖσαι
775 867 824 899 τῆς
842 865 978 900 εὐγενείας

1034 865 1142 893 Tiburti
1158 874 1165 898 ;
1182 867 1249 893 mihi
1274 871 1366 895 autem
1383 875 1492 902 parens,
1506 876 1588 903 parce
1614 873 1668 897 tua
1684 871 1823 898 nobilitati

199 917 245 935 σου
262 910 307 936 καὶ
319 909 370 943 τῆς
383 910 520 945 νεότητος,
541 912 587 938 καὶ
610 912 647 946 μὴ
665 912 710 938 τὸν
726 911 906 939 ἐπονείδιστον
919 910 978 937 τοῦ-

1033 916 1061 938 ct
1081 912 1220 947 juventuti
1243 918 1272 940 et
1297 921 1331 941 ne
1346 915 1586 949 probrosissimam
1609 916 1681 944 hanc
1704 922 1821 945 mortem

1767 212 1821 245 fii
1869 210 1873 214 ’

197 963 243 981 τον
257 955 370 991 άσπάσῃ
383 956 508 984 θάνατον.
532 957 562 984 '0
576 957 604 983 δὲ
620 957 688 991 πρὸς
712 957 794 983 αὐτόν
809 966 815 972 ·
834 957 871 984 Οὐ
888 956 980 990 τοῦτο,

197 1010 233 1035 ψη
240 1002 290 1032 τὶν,
303 1001 429 1037 αἰσχύνη,
442 999 464 1029 ὦ
474 1002 599 1035 δικαστά,
612 1003 652 1030 ἐν).
661 1003 744 1034 ζῶντι
755 1002 898 1038 λατρεύειν
911 1003 981 1038 Θεῷ,

196 1047 265 1074 ἀλλὰ
279 1048 391 1082 δαίμοσι
413 1049 459 1074 καὶ
479 1048 585 1082 θνητοῖς
600 1048 757 1083 ἀνθρώποις
776 1050 808 1075 ὲκ
828 1049 921 1076 παθῶν
940 1058 982 1075 τι-

198 1093 345 1127 μωμένοις,
357 1093 403 1125 οὓς
419 1094 443 1119 οἱ
457 1093 582 1125 σέὸοντες
593 1094 708 1121 ὶλεεινοὶ
721 1095 767 1121 καὶ
781 1094 888 1130 θρήνων
897 1094 980 1127 ἄξιοι,

196 1139 225 1164 ὲν
242 1135 282 1170 οἷς
301 1139 501 1173 προσκυνοῦσιν
517 1140 728 1174 ἀτιμαζόμενοι.
749 1140 816 1167 Τότε
830 1141 844 1166 ό
860 1139 983 1175 ῑπαρχος

195 1184 234 1219 τῷ
250 1184 326 1219 θυμῷ
341 1185 433 1217 ζέσας.
445 1186 588 1212 ὒκὲλιυσεν
602 1186 741 1221 ἄνθρακας
758 1186 913 1221 ἐνεχθῆναι,
933 1188 982 1214 καὶ

196 1229 271 1263 λέγει
298 1230 372 1265 αὐτῷ
384 1238 391 1246 ·
422 1230 499 1258 Ἐλοῦ
518 1231 635 1266 σεαυτῷ,
655 1231 730 1258 δυεῖν
746 1231 870 1267 θάτερον,
885 1232 902 1266 ἧ
926 1234 981 1264 τοῖς

197 1275 268 1306 θεοῖς
283 1275 374 1307 θῦσαι,
388 1275 404 1310 ἥ
418 1276 471 1302 τῶν
489 1276 633 1311 ἀνθράκων
653 1278 767 1311 γυμνοῖς
783 1277 914 1311 ἐπιϐῆναι
930 1285 980 1303 ιντο⁴

197 1320 249 1347 σίν.
272 1320 300 1346 '0
318 1320 345 1347 δὲ
371 1323 509 1356 μακάριος
533 1321 695 1355 Τιὸούρτιος
721 1322 838 1356 σταυρὸν
859 1322 981 1357 χαράξας

195 1366 260 1400 ἔστη
279 1366 371 1393 ἐπάνω
385 1367 486 1399 αὐτῶν,
503 1367 551 1393 κα)⁸
563 1367 638 1401 λέγει
651 1367 690 1401 τῷ
706 1367 829 1402 ἐπάρχῳ·
847 1367 920 1394 Μάθι
933 1367 981 1394 νῦν

193 1409 227 1436 δι’
247 1409 324 1445 ἐμοῦ,
341 1411 382 1436 ὅτι
406 1411 487 1445 μόνος
506 1407 583 1444 οὗτος
609 1412 675 1444 Θεὸς
704 1412 842 1446 ἀληθινὸς,
869 1412 898 1438 ὃν
925 1413 980 1446 ἐγὼ

195 1456 277 1488 σέϐω,
290 1458 337 1483 καὶ
350 1457 429 1490 γενοῦ
443 1457 491 1492 ὀψὲ
508 1458 572 1484 ποτὲ
584 1458 760 1493 Χριστιανὸς,
778 1458 808 1484 τὸ
822 1459 917 1490 σκότος
930 1459 981 1493 τῆς

193 1504 320 1535 ἀσεϐείας
339 1503 436 1532 λιπών.
460 1505 490 1531 '0
500 1505 527 1532 δι
543 1505 636 1537 δείσας
652 1505 691 1540 μὴ
706 1506 762 1535 τοϊς
779 1505 899 1540 θαύμασι
918 1506 980 1532 τού-

191 1559 249 1581 τοις
263 1551 440 1585 ὑπαγάγηται
453 1550 571 1582 πολλοὺς
589 1551 657 1585 πρὸς
676 1551 725 1585 τὴν
746 1552 900 1583 ιὺσέὃειαν,
918 1552 981 1578 ἐκέ-

1037 957 1224 990 amplectaris.
1242 957 1289 984 Ille
1305 966 1370 986 vero
1389 959 1560 993 respondens
1579 960 1648 988 dixit
1668 969 1675 988 :
1693 961 1752 989 Non
1767 967 1820 994 est.

1035 1002 1134 1036 inquit,
1151 1003 1284 1037 probrum
1302 1012 1334 1031 ac
1351 1004 1474 1033 dedecus
1487 1026 1493 1037 ,
1509 1014 1525 1032 o
1538 1006 1633 1041 judex,
1648 1009 1754 1035 servire
1773 1010 1820 1037 uni

1033 1047 1090 1075 Deo
1104 1048 1219 1080 viventi,
1244 1049 1294 1077 sed
1320 1050 1492 1078 dtcmonibus
1504 1056 1532 1079 et
1548 1054 1712 1082 mortalibus
1728 1055 1821 1082 homi-

1034 1094 1114 1122 nibus
1136 1094 1183 1129 qui
1210 1094 1382 1123 honorantur
1400 1104 1434 1124 ex
1455 1097 1546 1130 vitiis,
1564 1106 1634 1134 quos
1658 1100 1705 1135 qui
1726 1101 1821 1129 colunt

1034 1144 1100 1167 sunt
1118 1141 1289 1168 miserabiles
1300 1146 1327 1169 et
1340 1142 1415 1178 digni
1433 1144 1480 1178 qui
1492 1143 1655 1179 iugeantur;
1671 1151 1701 1173 ut
1715 1148 1763 1182 qui
1793 1148 1820 1176 in

1034 1186 1068 1213 iis
1088 1194 1149 1221 qua:
1161 1186 1277 1214 adorant
1292 1187 1442 1223 ignominia
1455 1189 1621 1223 afﬁciantur.
1640 1197 1668 1219 et
1679 1194 1721 1220 sui
1737 1201 1820 1221 erro-

1033 1231 1072 1258 ris
1089 1231 1245 1260 mercedem
1267 1233 1334 1261 hinc
1347 1234 1495 1269 accipiant.
1512 1236 1606 1264 Honor
1623 1238 1697 1266 enim
1720 1246 1817 1267 eorum

1033 1277 1078 1311 qui
1094 1277 1256 1310 adorantur,
1273 1283 1316 1306 est
1330 1280 1496 1308 contumelia
1509 1289 1606 1310 eorum
1618 1283 1664 1317 qui
1680 1284 1797 1313 adorant
1810 1295 1818 1314 :

1032 1327 1060 1350 et
1077 1330 1192 1357 peccare
1213 1324 1286 1358 apud
1299 1324 1373 1359 ipsos
1384 1330 1500 1353 vocatur
1511 1328 1615 1356 cultus.
1631 1328 1709 1357 'l‘unc
1724 1332 1821 1366 pra-{e-

1033 1373 1094 1396 ctus
1120 1368 1159 1396 ira
1185 1369 1295 1397 fervens
1320 1371 1404 1406 jussit
1425 1372 1518 1400 aﬂ‘erri
1543 1375 1689 1409 carbones,
1707 1381 1735 1404 et
1751 1378 1819 1407 dicit

1032 1413 1058 1441 ci
1078 1423 1084 1441 :
1098 1414 1174 1449 Elige
1190 1415 1239 1443 tibi
1251 1416 1370 1444 alterum
1386 1425 1403 1444 e
1423 1417 1542 1451 duobus.
1559 1425 1589 1447 ut
1608 1421 1650 1448 vel
1665 1421 1720 1449 diis
1731 1424 1818 1451 sacri-

1033 1459 1108 1491 ﬁces,
1126 1460 1168 1487 vel
1183 1468 1266 1495 super
1293 1462 1427 1490 carbones
1443 1464 1524 1492 nudis
1552 1465 1665 1494 incedas
1691 1469 1817 1503 pedibus.

1032 1504 1132 1533 Beatus
1160 1511 1251 1533 autem
1270 1507 1414 1536 Tiburtius
1430 1518 1493 1537 cum
1519 1511 1628 1546 signum
1651 1516 1743 1542 crucis
1765 1516 1819 1543 im-

1032 1551 1189 1584 pressisset,
1213 1553 1290 1580 stetit
1319 1561 1401 1589 supra
1426 1555 1500 1590 ipsos
1514 1562 1542 1585 et
1565 1558 1634 1586 dixit
1665 1562 1816 1594 pricfecto:

190 1595 289 1620 λευσεν
304 1595 462 1630 ἀπαχθέντα
479 1595 573 1621 τοῦτον
592 1596 686 1630 πόρῤω
717 1596 764 1622 τοῦ
788 1596 882 1627 ἄστεος
909 1596 978 1631 ξίφει

1036 1597 1103 1624 Vide
1127 1605 1200 1625 nunc
1225 1598 1252 1626 in
1270 1607 1313 1627 me
1331 1605 1432 1635 quanta
1450 1603 1485 1630 sit
1498 1603 1560 1630 tidci
1580 1606 1711 1640 potentia,
1729 1612 1758 1635 et
1775 1608 1819 1636 di-

193 1640 333 1675 τμηθῆναι
361 1641 410 1674 τὴν
438 1641 572 1675 κεφαλήν.
598 1641 652 1668 Καὶ
681 1642 694 1667 ὁ
716 1642 764 1676 μὲν
791 1642 870 1668 τοῦτο
895 1643 981 1678 πέρας

191 1684 316 1720 εὑρίσκει
337 1685 383 1711 τοῦ
404 1685 474 1720 βίον.

1032 1650 1077 1670 sce
1104 1643 1176 1670 hunc
1186 1644 1274 1671 solum
1287 1654 1348 1674 esse
1358 1655 1451 1675 verum
1468 1649 1552 1676 Deum
1570 1659 1652 1685 quem
1673 1660 1724 1688 ego
1738 1655 1816 1687 colo:

1029 1694 1058 1716 ct
1078 1688 1184 1718 cliicere
1207 1692 1317 1720 tandem
1343 1693 1517 1723 Christianus
1544 1698 1668 1726 excussis
1697 1701 1818 1730 tenebris

191 1731 354 1766 impietatis.
371 1731 419 1758 Ille
432 1739 497 1759 vero
513 1731 612 1760 timens
627 1740 661 1760 ne
677 1733 720 1761 bis
738 1734 880 1762 miraculis
897 1735 1008 1762 imultos
1044 1735 1188 1764 induceret
1221 1738 1255 1765 ad
1289 1739 1435 1774 pietatem,
1466 1742 1549 1777 jussit
1573 1748 1603 1770 ut
1633 1744 1818 1776 abduceretur

191 1778 290 1813 procul
308 1785 323 1804 a
341 1778 452 1806 civitate
467 1782 495 1806 et
518 1779 557 1806 illi
569 1785 651 1814 caput
669 1786 868 1815 amputaretur.
890 1782 924 1809 Et
936 1782 981 1809 ille
1001 1781 1112 1816 quidem
1126 1782 1231 1811 invenit
1243 1784 1317 1813 hunc
1332 1786 1395 1813 vitae
1414 1787 1506 1816 linem.

230 1824 297 1851 ΚΧ.
313 1824 379 1851 Μετ’
400 1825 481 1852 αὑτὸν
505 1825 534 1850 δὲ
559 1827 606 1851 καὶ
628 1827 785 1857 Κάστουλος
803 1828 817 1853 ὁ
832 1827 980 1862 διαιτάριος

192 1867 361 1903 συλληφθιὶς
388 1871 459 1901 μετὰ
483 1869 597 1901 πολλούς
620 1878 649 1896 τε
675 1871 812 1905 βασάνους
836 1873 866 1899 ὲν
885 1873 980 1908 λάκκῳ

192 1913 315 1948 βληθεὶς,
325 1914 384 1940 ἐκεῖ
397 1914 510 1950 τελευτᾷ
524 1915 569 1942 τὸν
585 1915 653 1950 βίον,
664 1916 712 1943 καὶ
723 1916 828 1952 μάρτυς
836 1918 874 1953 τῷ
884 1919 979 1954 Κυρίῳ

193 1959 373 1993 προσάγεται.
392 1959 451 1985 Ἔτι
474 1960 502 1985 δὲ
527 1961 572 1986 καὶ
594 1960 782 1994 Μαρκελλῖνος
801 1961 849 1988 καὶ
864 1963 977 1997 Μάρκος

192 2004 217 2030 oi
245 2005 362 2037 γενναῖοι
387 2004 436 2038 τῆς
453 2005 593 2036 εὐσεϐείας
612 2006 763 2039 ἀγωνισταὶ
788 2007 976 2041 συσχεθέντος,

192 2047 243 2074 καὶ
270 2050 332 2078 τοὺς
358 2048 441 2079 πόδας
469 2049 543 2083 ἥλοις
571 2050 750 2084 διαπαρέντες
778 2051 823 2077 ἐπὶ
852 2053 977 2080 τοσοῦτον

192 2094 321 2119 ἵστασθαι
337 2095 413 2127 παρὰ
428 2093 473 2120 τοῦ
494 2094 649 2127 δικάζοντος
666 2097 907 2132 προσετάχθησαν,
924 2098 976 2131 ἕως

190 2139 249 2168 τοῖς
264 2138 333 2169 θεοῖς
356 2138 485 2167 θύσωσιν.
505 2140 536 2166 οε
557 2140 585 2166 δὲ
603 2141 632 2167 ἐν
647 2141 732 2177 ταύτῃ
748 2143 779 2176 τῇ
797 2142 975 2180 χαλεπωτάτῃ

191 2182 305 2219 βασάνῳ
324 2183 365 2216 τὸ,
384 2193 393 2209 ι
413 2184 477 2211 Ἰδοὺ
497 2185 529 2220 δὴ
539 2186 564 2212 τι
583 2186 694 2222 καλὸνῆ
714 2188 740 2214 τί
755 2188 879 2223 τερπνὸν,
896 2198 905 2216 ι
929 2191 976 2217 καὶ

189 2228 226 2254 τά
254 2228 318 2263 ἑξῆς
344 2228 532 2263 ἐπιλέγοντες,
558 2231 670 2266 λόγχαις
696 2232 725 2259 τὸ
751 2233 906 2261 τελευταῖον
928 2236 978 2267 τὰς

189 2273 312 2308 πλευρὰς
341 2274 478 2308 νυγέντες,
505 2275 542 2306 ὡς
565 2277 580 2302 ὁ
603 2275 731 2312 Χριστὸς,
749 2278 820 2313 ὑπὲρ
843 2276 975 2315 οὗηταῦτα

189 2319 321 2354 ἔπασχον,
339 2319 449 2354 ἀφῆκαν
464 2320 494 2347 τὸ
511 2321 630 2357 πνεῦμα.

188 2366 342 2393 emiserunt
351 2366 489 2401 spiritum.
521 2367 609 2403 Atque
632 2368 671 2396 illi
684 2370 795 2405 quidem
817 2379 914 2400 omnes
935 2382 970 2402 eo
1006 2384 1021 2403 n

1066 1827 1136 1855 XXI.
1153 1828 1215 1856 Post
1228 1837 1291 1857 eum
1303 1836 1395 1859 autem
1415 1833 1556 1863 Castullus
1577 1837 1718 1868 ditetarius
1738 1849 1815 1871 com-

1030 1873 1197 1924 prehensus.
1228 1876 1300 1910 apud
1332 1885 1415 1912 quem
1439 1881 1588 1910 manebant
1624 1887 1711 1913 sancti
1754 1895 1815 1924 post

1028 1916 1181 1945 Cbromatii
1201 1920 1411 1955 emigrationem
1435 1930 1450 1950 e
1466 1924 1589 1957 civitate.
1602 1932 1631 1955 et
1652 1935 1714 1964 post
1729 1916 1815 1961 milita

1031 1966 1167 1991 tormenta
1197 1966 1336 2000 projectus
1361 1967 1388 1994 in
1411 1967 1519 2002 lacum,
1549 1971 1606 2000 illic
1633 1975 1693 2003 ﬁnit
1718 1978 1814 2006 vitam.

1030 2007 1164 2036 Praeterea
1182 2018 1247 2038 Vero
1269 2012 1443 2041 Marcellinus
1465 2020 1493 2042 et
1515 2016 1623 2047 Marcus
1640 2023 1744 2057 egregii
1767 2031 1813 2051 ve-

1030 2053 1122 2081 ritatis
1136 2055 1264 2088 athletze.
1283 2059 1475 2093 comprehensi
1496 2066 1523 2089 et
1543 2063 1626 2097 pedes
1645 2053 1730 2096 clavis
1746 2077 1814 2097 con-

1030 2099 1086 2132 ﬁxi,
1101 2101 1170 2136 jussi
1193 2109 1258 2129 sunt
1272 2104 1393 2138 ajudice
1424 2107 1519 2135 tandiu
1548 2114 1632 2144 stare,
1649 2113 1737 2143 donec
1761 2117 1813 2146 diis

1030 2147 1178 2175 tribuerint
1199 2149 1331 2178 honorem
1346 2153 1393 2187 qui
1406 2153 1448 2181 eis
1463 2155 1591 2184 debetur.
1608 2158 1649 2187 Illi
1674 2167 1768 2191 autem
1784 2165 1812 2192 ia

1030 2194 1082 2221 hoc
1098 2199 1235 2224 tormento
1255 2198 1324 2226 adeo
1342 2200 1509 2229 intolerabili
1523 2211 1531 2231 :
1547 2211 1556 2229 ι
1569 2205 1638 2233 Ecce
1661 2215 1743 2242 quam
1763 2211 1814 2239 bo-

1031 2248 1097 2268 num
1113 2246 1141 2269 et
1158 2249 1242 2291 quam
1254 2245 1406 2280 jucundum
1421 2248 1432 2263 ¹
1445 2269 1453 2281 ,
1474 2258 1483 2275 ι
1500 2255 1528 2278 et
1542 2259 1604 2286 quae
1627 2254 1757 2291 deinceps
1768 2265 1813 2286 se-

1027 2290 1161 2319 quuntur,
1178 2287 1346 2322 dictitantes,
1368 2292 1409 2319 eis
1428 2297 1567 2327 pourcmo
1585 2296 1688 2326 lanceis
1701 2287 1812 2334 punctis

1028 2330 1172 2365 lateribus.
1191 2333 1266 2361 sicut
1278 2334 1404 2364 Christus
1418 2345 1468 2372 pro
1483 2347 1538 2374 quo
1550 2340 1608 2369 haec
1624 2330 1811 2382 patiebantur,

1022 2377 1087 2405 todo
1129 2387 1212 2414 quem
1249 2381 1371 2411 diximus
1410 2388 1613 2420 consummati,
1645 2389 1741 2420 hostia:
1775 2377 1810 2422 ab

189 2411 265 2438 omni
293 2411 355 2439 labe
379 2417 407 2439 et
430 2414 644 2448 reprehensione
674 2416 771 2445 aliena
798 2418 885 2446 oblati
910 2427 974 2449 sunt
994 2423 1121 2453 Domino.

225 2457 290 2484 KB’.
310 2458 489 2490 Σεῦαστιανὺς
504 2459 532 2486 δὲ
547 2461 560 2486 ὁ
573 2463 762 2495 γενναιότατος
778 2466 975 2501 μετάπεμπτος

187 2503 371 2539 Διοκλητιανῷ
386 2504 424 2539 τῷ
442 2505 549 2540 βασιλεῖ
562 2507 692 2541 γεγονὼς,
714 2510 775 2536 ἐπεὶ
796 2512 920 2548 παρέστη
933 2514 973 2549 τῷ

188 2548 302 2584 βήματι,
326 2551 393 2585 φησὶ
415 2552 482 2586 πρὸς
495 2553 576 2578 αὑτὸν
591 2553 604 2580 ὀ
619 2554 759 2589 τύραννος·
775 2558 831 2583 Οὐκ
853 2558 909 2592 ἐγώ
926 2568 971 2592 σι,

186 2591 208 2621 ὦ
222 2595 398 2628 Σεϐαστιανὲ,
413 2596 457 2623 διὰ
476 2598 606 2632 μεγίστης
628 2597 696 2634 ἦγον
710 2602 802 2637 τιμῆς,
817 2604 863 2630 καί
875 2591 921 2632 σοι
937 2606 972 2632 τὰ

185 2641 235 2675 τῆς
263 2641 350 2676 ἀρχῆς
376 2643 475 2676 μᾶλλον
500 2644 660 2677 stringor»;
690 2647 744 2673 Καὶ
764 2648 811 2674 νῦν
833 2650 859 2676 τι
877 2651 972 2678 παθὼν

187 2686 256 2720 πρὸς
271 2686 406 2721 τοσαύτην
417 2688 591 2723 ἑξεκυλὶσθης
606 2691 745 2723 ἀπόνοιαν,
761 2692 830 2719 ὥστε
843 2696 889 2721 καὶ
901 2698 971 2724 κατὰ

185 2732 236 2766 τῆς
250 2732 300 2767 σῆς
314 2735 398 2765 ζωῆς,
417 2735 463 2761 καὶ
478 2735 549 2761 κατὰ
564 2736 609 2762 τοῦ
633 2736 700 2771 ἐμοῦ
714 2738 831 2772 κράτους
846 2741 971 2769 ditatan-

185 2776 345 2812 emacem;
361 2779 542 2812 Σεδαστιανὸς
565 2780 624 2808 εἷπε
638 2790 645 2797 ο
659 2782 724 2808 Τότε
744 2783 793 2817 μὲν
814 2786 930 2820 ἀγνοῶν,
947 2786 969 2816 ὦ

185 2823 308 2857 βασιλεῦ,
331 2827 378 2851 τὸν
395 2826 478 2858 ὄντως
499 2827 575 2860 Θεδν,
590 2829 646 2859 τοῖς
666 2829 721 2859 σοῖς
735 2829 890 2859 ὑπέκυπτον
907 2834 969 2862 ἀλο-

182 2869 287 2902 γίστοις
299 2872 422 2907 τάγμασι
438 2881 444 2886 ·
470 2873 516 2900 νῦν
534 2874 561 2901 δὲ
586 2875 667 2901 αὐτὸν
683 2875 821 2910 ἐπιγνοὺς,
840 2881 965 2915 παρεῖδον

1028 2889 1118 2921 geras?
1135 2889 1207 2916 Dixit
1223 2891 1238 2918 ε

216 2928 226 2943 ’
241 2927 312 2960 Psai.
326 2937 441 2965 cxxxtn,
463 2932 486 2959 l.

992 2472 1016 2501 ι)
1066 2471 1149 2499 XXII.
1168 2472 1349 2503 Sebastianus
1366 2482 1458 2505 autem
1476 2479 1555 2515 longe
1570 2483 1808 2518 generosissimus,

1029 2518 1142 2546 ultimus
1158 2521 1191 2548 ad
1204 2521 1338 2556 supplicia
1355 2529 1523 2557 reservatus.
1542 2526 1600 2561 ipse
1627 2536 1737 2565 quoque
1751 2532 1810 2566 glo-

1027 2563 1099 2591 riose
1110 2567 1232 2601 suscepit
1248 2574 1377 2596 coronam
1395 2572 1530 2607 martyrii.
1561 2573 1648 2606 Quem
1675 2563 1738 2604 cum
1752 2563 1810 2606 -σο-

1026 2611 1152 2638 cersisset
1163 2612 1358 2646 Diocletianus,
1372 2621 1400 2642 et
1409 2617 1535 2651 iussisset
1547 2620 1580 2646 ad
1592 2627 1671 2648 suum
1686 2623 1808 2652 tribunal

1025 2655 1095 2686 sisti,
1113 2656 1181 2684 dixit
1191 2658 1234 2684 ei:
1249 2659 1308 2686 Non
1320 2667 1371 2695 ego
1388 2665 1424 2693 te,
1440 2661 1634 2699 oSebastiane,
1647 2665 1674 2694 in
1692 2670 1810 2698 maximo

1024 2699 1129 2729 honore
1136 2702 1269 2732 habebam
1282 2714 1289 2732 :
1300 2710 1328 2732 et
1338 2706 1386 2734 tibi
1401 2707 1545 2742 imperium
1557 2712 1641 2747 magis
1656 2720 1736 2748 quam
1748 2716 1810 2744 aliis

1024 2748 1190 2776 credebam?
1203 2750 1237 2777 Et
1256 2759 1328 2779 nunc
1343 2754 1390 2787 qui
1406 2753 1507 2782 factum
1528 2761 1579 2789 est,
1596 2763 1626 2784 nt
1649 2759 1681 2786 ad
1706 2765 1809 2789 tantam

1024 2791 1061 2818 sis
1074 2794 1268 2827 pessumdatus
1283 2799 1443 2832 amentiam,
1463 2804 1492 2827 ut
1511 2807 1606 2830 contra
1623 2809 1696 2831 tuam
1724 2807 1808 2834 vitam

1024 2843 1052 2866 ct
1083 2848 1171 2867 meam
1197 2844 1347 2876 potentiam
1372 2850 1396 2872 te
1420 2848 1577 2881 petulanter
1599 2854 1627 2877 et
1658 2850 1809 2881 insolenter

1243 2891 1418 2922 ebustianus:
1438 2894 1514 2923 Tunc
1537 2897 1661 2932 quidem,
1682 2906 1699 2926 ο
1725 2899 1811 2936 impe;
