2056 3151
259 214 320 246 ’825
845 213 1039 245 ΑΒΟΕΝΒΛ.

1110 214 1341 247 JANUARIUS.
1831 215 1884 248 816

263 275 351 301 rator,
372 275 433 296 cum
449 275 545 296 verum
559 269 645 296 Deum
662 269 816 306 ignorarem
831 275 860 298 et
884 279 973 299 essem
998 271 1047 298 lm-

1101 272 1149 298 καὶ
1174 272 1290 299 πλοῦτον
1318 272 1366 299 καὶ
1392 272 1472 305 δόξαν
1490 272 1538 299 καὶ
1562 272 1598 299 τὰ
1623 271 1668 299 ἐπὶ
1685 271 1738 308 γῆς
1763 271 1884 307 ἅπαντα,

256 316 383 352 νιίοοιυε
405 321 500 342 errore
528 315 749 349 simulacrorum,
762 317 963 345 inconsiderate
992 317 1047 345 tuis

1101 316 1223 352 ποθήσας
1239 317 1273 344 τὰ
1291 318 1330 349 εις
1354 317 1397 344 ἀεὶ
1417 317 1581 351 διαμινοντα
1596 317 1704 351 ἀγαθὰ,
1727 317 1746 344 ἃ
1762 319 1819 350 τοῖς
1839 318 1885 346 τὸν

259 361 346 397 iussis
357 360 534 390 serviebant:
552 367 626 388 nunc
642 369 709 389 vero
728 370 791 390 cum
817 363 915 396 agnovi
945 362 1047 390 verita—

1101 361 1220 398 Χριστὸν
1235 362 1378 396 ἀγαπῶσιν
1388 363 1563 398 ἡτοίμασται.
1577 363 1685 395 Μανίας
1697 363 1752 400 γὰρ
1767 364 1886 399 ισχάιιης

261 413 329 441 tem,
347 411 376 435 et
384 415 466 443 quem
483 414 526 435 me
541 407 626 435 Deum
642 408 734 436 colere
744 413 881 444 oporteat,
895 409 1006 443 despexi
1020 413 1047 436 et

1100 405 1178 439 θεοὺς
1211 408 1332 442 ἡγεῖσθαι
1350 408 1449 443 χειρῶν
1472 408 1650 443 ἀνθρωπίνων
1673 409 1742 444 ἔργα
1760 411 1841 444 κωφᾶ
1856 418 1886 436 τε

261 453 376 480 divitias
388 456 417 480 et
432 452 548 488 gloriam
564 456 593 479 et
607 452 658 480 alia
681 453 782 487 quibus
797 454 874 488 prius
891 452 1047 487 resplende<

1100 452 1146 480 καὶ
1169 453 1237 485 ὅλως
1254 453 1419 488 ἀναίσθητα.
1441 453 1554 485 Τούτοις
1567 456 1582 481 ὁ
1595 453 1727 489 τύραννος
1742 455 1783 486 εις
1799 455 1886 490 ὀργὴν

261 499 338 531 bam,
351 498 511 526 desiderans
528 505 558 524 ea
571 505 632 533 qua
646 504 758 526 manent
770 503 798 526 et
818 506 874 527 non
897 499 1045 534 perﬂuunt,

1100 498 1232 533 κινηθεὶς,
1252 499 1397 526 ικέλευσιν
1420 499 1502 526 αὑτὸν
1520 501 1549 527 ἐν
1577 500 1652 535 μέσῳ
1670 500 1710 535 τῷ
1729 501 1814 535 πεδίῳ
1841 497 1886 527 οἶα

262 554 325 581 qua:
350 550 445 581 parata
461 550 525 573 sunt
548 545 583 573 iis
607 545 654 579 qui
678 545 819 573 Christum
845 545 976 580 diligunt.
999 545 1048 573 Est

261 592 337 620 enim
367 596 497 619 extremm
532 591 658 618 amentiae
693 590 759 618 deos
792 596 889 626 putare
922 598 970 619 eos
1000 592 1047 627 qui

262 638 327 665 facti
341 643 406 665 sunt
421 645 455 664 ex
465 637 602 672 lapidibus
614 641 642 664 et
657 637 710 664 alia
727 644 788 671 qua:
803 636 898 664 interit
921 638 1047 669 materia,

260 688 288 711 et
307 683 445 711 honorare
470 690 554 718 opera
577 690 709 710 manuum
729 683 873 710 hominum
890 690 951 718 qua:
968 683 1051 718 paulo
1069 687 1132 718 post
1144 691 1200 711 non
1214 687 1306 712 erunt.
1324 682 1373 711 His
1387 683 1483 712 verbis
1493 683 1528 712 ad
1543 683 1612 711 iram
1647 688 1739 712 motus

261 729 450 766 tianusjussit
472 737 537 757 eum
563 729 590 756 in
618 729 710 756 medio
721 736 819 764 campo
844 733 973 763 tanquam
1001 736 1117 764 scopum
1135 729 1309 765 propositum
1340 730 1436 758 multis

1101 545 1202 572 σκοπὸν
1219 545 1333 572 τεθέντα
1348 545 1457 578 πολλοῖς
1472 547 1528 577 τοῖς
1546 545 1635 581 βέλεσι
1653 545 1798 581 βάλλεσθαι
1812 555 1820 562 ·
1839 547 1886 573 καὶ

1101 590 1196 617 τούτου
1213 591 1359 625 γενομένου
1373 591 1498 625 δόξαντες
1509 592 1535 618 οι
1552 592 1688 627 ὑπηρέται
1703 591 1884 628 νενεκρῶσθαι

1102 637 1147 663 τὸν
1162 636 1240 672 ἅγιον
1254 637 1369 672 ἀφέντες
1383 638 1516 672 ἀπῆλθον.

1776 682 1886 712 Diocle-

1476 730 1585 766 sagittis
1610 730 1678 766 peti.
1714 729 1793 763 Quod
1822 738 1885 758 cum

260 777 361 803 factum
373 779 458 808 esset,
471 775 596 802 arbitrati
610 775 744 803 satellites
755 780 880 803 sanctum
893 782 954 802 esse
967 779 1119 808 mortuum,
1137 783 1171 803 eo
1184 776 1301 804 dimisso
1316 781 1502 804 recesserunt.

296 822 394 850 XXIII.
418 822 488 850 Cum
513 829 567 849 nox
595 827 688 848 autem
718 821 898 854 advenisset,
921 821 1045 856 profecta

261 867 365 901 conjux
397 865 513 894 diaetarii
549 866 577 892 in
611 872 756 900 campum,
789 870 820 892 ut
858 865 919 899 ejus
946 872 1048 900 corpus

262 912 408 940 mandaret
433 912 592 947 sepulturae,
608 915 637 938 et
658 919 722 939 cum
737 919 803 939 eum
826 911 979 939 invenisset
997 912 1047 939 ad-

1136 822 1200 855 KI',
1226 823 1333 854 Νυκτὸς
1356 823 1379 849 δ’
1404 822 1600 858 ιπιγενομένης
1625 822 1790 858 πορευθεῖσα
1808 824 1824 858 ἡ
1839 823 1887 850 τοῦ

1100 869 1250 905 διαιταρῐου
1278 869 1396 903 σύζυγος
1419 870 1465 896 ἐπὶ
1485 869 1515 896 τὸ
1529 869 1634 902 πεδίον,
1651 869 1722 896 ὥστε
1751 869 1836 904 θάψαι
1856 870 1887 896 τὸ

1102 915 1183 950 σῶμα
1197 915 1290 948 αὐτοῦ,
1315 916 1365 942 καὶ
1390 915 1479 948 ζῶντα
1496 915 1625 950 εὑροῦσα,
1647 916 1716 950 πρὸς
1732 915 1783 949 τὴν
1797 916 1886 942 οἰκίαν

261 959 318 986 huc
330 958 437 991 vivum,
464 957 580 985 deduxit
596 958 721 990 domum,
740 962 768 986 et
798 957 871 985 intra
881 958 967 986 breve
982 962 1047 986 tem-

1100 960 1240 995 ἀπήγαγε,
1269 962 1316 988 καὶ
1332 961 1366 988 δι’
1383 962 1474 997 ὀλίγου
1491 962 1588 997 χρόνου
1613 962 1644 988 τὺ
1668 962 1799 996 ὑγιαίνειν
1811 962 1886 995 αὐτῷ

262 1012 314 1040 pus
333 1004 456 1031 reddidit
468 1011 578 1031 sanum.
594 1003 652 1031 Hoc
665 1011 727 1031 cum
741 1003 920 1031 rescivissent
932 1003 1044 1038 quidam

261 1057 295 1077 ex
308 1049 475 1077 Christianis
486 1055 513 1077 et
526 1049 559 1076 ad
575 1057 639 1076 eum
651 1048 847 1082 accessissent,
861 1048 1047 1076 obsecrabant

261 1101 293 1124 ut
304 1096 395 1124 abiret
405 1103 420 1123 a
434 1096 557 1128 civitate,
575 1103 610 1122 ne
629 1095 653 1122 si
670 1103 769 1123 rursus
782 1095 971 1130 apparuisset,
984 1094 1048 1130 plu-

261 1143 340 1170 ribus
351 1142 497 1170 tormentis
507 1142 673 1169 atﬁceretur.
691 1141 739 1169 Ille
755 1145 850 1169 autem
858 1148 913 1168 non
925 1141 1007 1169 modo
1019 1148 1049 1169 se

262 1198 317 1218 non
332 1190 451 1222 abdidit,
463 1189 511 1218 sed
521 1188 604 1216 etiam
620 1193 696 1216 stans
715 1189 744 1216 in
759 1188 813 1215 alta
824 1188 943 1223 quadam
953 1187 1047 1221 domo,

261 1246 291 1266 se
309 1236 543 1272 praetereuntibus
571 1235 696 1263 ostendit
728 1234 955 1270 imperatoribus.
977 1235 1048 1262 Eum

261 1291 325 1311 cum
354 1283 469 1310 vidisset
486 1281 674 1309 Diocletianus
687 1285 716 1308 et
739 1281 774 1308 ad
797 1288 827 1308 se
844 1280 1046 1313 accersivisset,

262 1329 331 1358 dicit
346 1329 373 1357 ei
388 1337 396 1356 :
412 1329 473 1356 Non
501 1336 529 1356 es
554 1332 582 1355 tu
597 1327 787 1361 Sebastianus,
802 1334 885 1362 quem
907 1334 958 1355 nos
969 1327 1047 1362 prius

259 1375 394 1411 iussimus
424 1373 545 1402 interﬁci
563 1373 689 1408 sagittis?
705 1372 783 1406 Sum,
808 1373 910 1408 inquit,
929 1381 945 1401 ο
960 1373 1047 1408 impe-

263 1425 363 1454 rator;
389 1423 417 1448 et
437 1427 481 1447 me
508 1419 651 1446 suscitavit
664 1419 797 1446 Dominus
823 1427 838 1446 a
854 1419 989 1452 mortuis,
1015 1423 1046 1446 ut

262 1473 412 1500 cognoscas
427 1473 491 1493 eum
506 1472 567 1493 esse
580 1465 677 1498 Deum,
695 1465 740 1500 qui
754 1465 819 1493 fecit
831 1465 934 1498 omnia,
948 1469 976 1493 et
990 1473 1046 1493 non

261 1512 382 1547 amplius
407 1512 483 1539 colas
506 1511 632 1547 impuros
658 1511 807 1544 damones,
838 1519 957 1546 quorum
983 1519 1047 1539 cum

261 1558 355 1586 sonitu
378 1557 479 1593 peribit
503 1557 649 1585 memoria.
666 1557 745 1584 Tunc
762 1557 786 1585 is
796 1557 880 1592 jussit
893 1563 988 1585 sancto
1004 1562 1047 1585 to-

261 1609 320 1631 tum
337 1612 439 1639 corpus
455 1603 542 1632 clavis
556 1603 691 1632 contundi
704 1611 736 1631 ac
751 1603 862 1638 conﬁgi,
883 1607 912 1631 et
926 1604 966 1631 sic
983 1611 1046 1631 eum

260 1657 277 1676 e
292 1650 348 1677 vita
365 1649 509 1677 excedere.

296 1695 392 1722 XXIV.
412 1695 562 1729 Postquam
577 1702 644 1730 ergo
660 1694 706 1721 liic
725 1693 821 1721 beatus
852 1693 981 1728 migravit
1014 1692 1048 1720 ad

261 1741 423 1773 Dominum,
445 1740 578 1767 satellites
611 1740 723 1774 quidem
750 1739 810 1774 ejus
840 1746 940 1774 corpus
966 1744 1049 1766 noctu

262 1785 448 1819 sustulerunt,
461 1789 487 1812 et
507 1785 534 1812 in
550 1785 697 1820 quamdam
717 1785 838 1812 cloacam
862 1785 1048 1820 proiecerunt,

261 1838 324 1859 cum
350 1830 390 1858 sic
409 1829 537 1865 iussisset
554 1833 697 1864 tyrannus.
721 1828 846 1856 Timebat
872 1828 946 1855 enim
967 1835 1002 1855 ue
1025 1827 1048 1855 si

260 1877 358 1905 luisset
373 1875 446 1910 apud
458 1875 631 1903 Christianos
644 1880 672 1903 et
688 1874 793 1902 faceret
808 1873 952 1906 miracula,
964 1873 1049 1901 etiam

260 1927 325 1959 post
344 1923 486 1963 decessum
512 1922 615 1950 multos
627 1921 778 1949 abduceret
804 1928 819 1948 a
849 1919 1006 1948 simulacris
1022 1923 1050 1947 et

260 1969 441 2006 persuaderet
467 1973 498 1997 ut
525 1968 613 1996 Deum
642 1968 768 1996 colerent
798 1965 975 1995 Sebastiani.
998 1964 1049 1992 Hic

259 2021 353 2043 autem
378 2015 477 2043 beatus
493 2015 521 2042 in
532 2018 670 2042 nocturna
697 2014 807 2042 visione
831 2019 969 2048 apparens
987 2019 1049 2038 mu-

258 2062 320 2090 lieri
334 2061 442 2089 cuidam
461 2061 543 2088 clarae
557 2065 584 2088 et
599 2060 661 2095 piat,
677 2059 720 2088 cui
738 2066 839 2087 nomen
859 2062 920 2086 erat
933 2057 1048 2090 Lucina,

259 2108 327 2136 dicit
351 2109 377 2136 ei
394 2117 401 2135 :
419 2107 494 2135 Vade
517 2107 551 2134 ad
572 2107 646 2134 hunc
659 2106 764 2137 locum,
779 2109 806 2133 et
831 2104 927 2139 accipe
946 2109 1048 2138 corpus

262 2162 354 2182 meum
373 2158 401 2181 et
426 2153 453 2180 id
466 2152 552 2187 sepeli
568 2152 595 2179 in
623 2159 654 2180 ea
679 2159 741 2186 qua:
759 2150 862 2178 dicitur
885 2149 997 2184 Crypts,
1014 2148 1048 2175 ad

259 2201 346 2236 pedes
371 2200 571 2235 apostolorum.
589 2198 641 2226 illa
669 2205 737 2226 vero
757 2205 822 2224 eum
843 2195 1010 2224 surrexisset
1022 2198 1050 2221 et

259 2247 381 2275 venisset
406 2247 436 2273 in
450 2246 540 2274 locum
559 2246 587 2273 in
615 2253 671 2280 quo
687 2249 747 2272 erat
761 2244 868 2275 cloaca,
887 2241 1002 2270 sustulit
1016 2241 1049 2268 il-

259 2293 316 2321 linc
330 2300 432 2328 corpus
448 2291 587 2327 martyris,
599 2297 701 2319 etcum
718 2291 745 2318 in
757 2291 819 2318 loco
833 2296 915 2325 quem
928 2288 1047 2319 dixerat,

259 2340 319 2374 ipsa
338 2339 485 2374 diligenter
508 2344 536 2366 et
558 2337 712 2365 honoriﬁce
736 2343 799 2365 eum
833 2335 998 2371 sepeliisset,
1014 2333 1048 2361 ad

259 2385 416 2420 sepulcrum
435 2384 587 2420 permansit
604 2383 717 2418 triginta
730 2383 792 2410 dies
808 2389 816 2415 ;
833 2386 861 2409 et
877 2388 940 2408 cum
954 2380 1052 2407 luisset

259 2431 371 2459 tandem
398 2439 449 2466 pax
466 2430 574 2458 reddita
593 2429 732 2462 ecclesiis,
770 2428 817 2456 illa
838 2427 951 2456 domum
972 2433 1050 2454 suam

257 2477 324 2506 fecit
346 2484 457 2506 sacrum
477 2475 699 2508 monasterium,
729 2479 759 2503 et
787 2474 910 2510 quandiu
935 2472 1047 2508 quidem

258 2525 313 2553 luit
330 2525 356 2551 ei
369 2524 427 2552 vita
452 2521 772 2558 superstes,largissima
792 2528 874 2548 manu
902 2525 1049 2547 succurre—

258 2570 307 2600 bat
322 2569 477 2606 egentibus.
490 2568 606 2602 Quando
622 2572 714 2595 autem
740 2575 757 2595 e
768 2567 825 2594 vita
840 2565 970 2598 excessit,
987 2573 1048 2592 om-

259 2624 308 2644 nea
330 2624 394 2644 suas
421 2615 564 2643 facultates
580 2615 609 2642 in
638 2618 804 2642 testamento
825 2612 940 2640 donavit
965 2610 1048 2638 Chri-

260 2663 357 2690 stianis
374 2661 429 2689 :ad
450 2662 565 2697 gloriam
591 2659 747 2688 Servatoris
769 2659 858 2686 nostri
884 2658 948 2686 Jesu
967 2656 1048 2684 Chri-

258 2710 306 2742 sti,
317 2708 361 2736 cui
373 2708 461 2745 gloria
485 2712 514 2736 et
531 2706 655 2744 potentia
680 2707 709 2734 in
739 2705 840 2734 secula
868 2703 1046 2732 seculorum.

259 2756 360 2784 Amen.

1100 1006 1258 1041 ιχαρίσατο.
1272 1006 1351 1039 Τινὲς
1366 1007 1395 1034 δὲ
1408 1007 1464 1034 τῶν
1479 1007 1651 1043 Χριστιανῶν
1661 1006 1740 1034 τοῦτο
1756 1007 1886 1041 μαθόντες

1102 1051 1222 1078 lacersro
1235 1053 1341 1087 ἀπᾶραι
1356 1051 1404 1079 τοῦ
1421 1052 1528 1085 ἄστεος,
1545 1052 1588 1080 Iv:
1606 1052 1644 1087 μὴ
1655 1052 1738 1078 πάλιν
1750 1051 1887 1087 φωραθεὶς

1102 1096 1208 1122 πλείοσι
1223 1098 1283 1128 ταῖς
1311 1096 1438 1132 βασάνοις
1463 1096 1616 1132 παραδοθῇ.
1640 1097 1670 1123 '0
1697 1096 1725 1122 δὲ
1749 1097 1780 1122 οὐ
1809 1096 1886 1131 μόνον

1103 1142 1153 1169 οὐκ
1172 1142 1335 1177 ἐκρύπτετο,
1345 1143 1414 1170 ἀλλὰ
1426 1143 1475 1170 καὶ
1484 1143 1531 1170 ιπι
1544 1151 1618 1175 τινος
1629 1141 1767 1174 δωματίου
1784 1141 1886 1177 eorum

1104 1188 1183 1221 στὰς,
1199 1188 1329 1223 παριοῦσι
1356 1189 1412 1220 τοῖς
1436 1188 1591 1224 βασιλεῦσιν
1618 1188 1746 1224 ἐπίδηλος
1769 1189 1884 1223 γίνεται.

1102 1233 1202 1261 Τοῦτον
1230 1234 1290 1261 ἰδὼν
1317 1235 1507 1270 Διοκλητιανδς
1541 1235 1589 1262 καὶ
1618 1235 1886 1272 μεταπεμψάμενος,

1101 1279 1174 1314 λέγει
1188 1280 1264 1316 αὐτῷ
1276 1289 1284 1297 ·
1309 1281 1347 1307 οὐ
1374 1281 1406 1308 σὺ
1424 1279 1451 1308 si
1473 1281 1664 1315 Σεϐαστιανὸς,
1680 1282 1710 1309 ὃν
1728 1283 1807 1318 ἡμεῖς
1835 1283 1886 1318 ἠδη

1101 1327 1233 1362 πράτερον
1252 1327 1456 1363 ἀποκτανθῆναι
1479 1329 1535 1360 τοῖς
1561 1328 1667 1362 βέλεσιν
1681 1328 1884 1363 ἑκελεύσαμενς

1106 1372 1136 1398 '0
1149 1372 1186 1405 δὲ,
1209 1372 1280 1406 Ἐγὼ
1303 1374 1372 1407 ειμι,
1392 1373 1516 1409 βασιλεῦ,
1542 1373 1606 1409 ἔφη,
1636 1374 1684 1400 καὶ
1705 1374 1800 1409 ἡγειρέ
1817 1383 1850 1409 με
1872 1375 1887 1401 ὸ

1099 1417 1202 1454 Κύριός
1220 1428 1271 1452 μου
1282 1419 1314 1446 ὲκ
1327 1420 1381 1447 τῶν
1398 1420 1503 1455 νεκρῶν
1520 1420 1564 1446 ῐνσ.
1581 1420 1654 1456 γνῷς
1666 1421 1706 1447 ὅτι
1723 1418 1800 1453 οὗτος
1813 1422 1886 1447 ἔστιν

1099 1466 1113 1491 ό
1130 1464 1239 1492 πάντων
1251 1465 1328 1499 Θεὴς,
1345 1467 1392 1493 καὶ
1418 1467 1518 1502 μηκέτι
1535 1468 1673 1503 προσέχῃς
1695 1468 1751 1499 τοῖς
1766 1467 1887 1503 suosp-

1096 1518 1152 1542 τοις
1167 1510 1288 1545 δαίμοσι.
1305 1511 1372 1538 Τότε
1400 1511 1506 1538 κελεύει
1522 1513 1649 1548 ῥοπάλοις
1674 1513 1748 1539 ἅπαν
1763 1513 1794 1540 τὺ
1807 1514 1887 1548 σῶμα

1097 1556 1305 1590 καταξανθέντα
1315 1558 1362 1585 τὸν
1376 1557 1465 1593 ἃγιον,
1479 1558 1553 1585 οὓτω
1570 1558 1667 1594 βιαιως
1684 1558 1842 1586 ἀποθανεῖν.

1134 1691 1198 1718 ΚΔν.
1211 1691 1266 1718 Καὶ
1291 1690 1361 1726 μετὰ
1386 1691 1435 1726 τὴν
1453 1691 1551 1719 τούτου
1569 1692 1699 1728 τελευτὴν
1715 1693 1739 1720 oi
1769 1693 1819 1728 μὲν
1834 1693 1883 1720 ὕπ-

1100 1736 1208 1772 ηρέται,
1224 1736 1271 1763 τοῦ
1293 1737 1427 1772 τυράννου
1443 1738 1635 1771 κελεύσαντος,
1653 1739 1684 1766 τὺ
1707 1739 1788 1774 σῶμα
1803 1739 1885 1766 αὐτοῦ

1100 1782 1208 1818 νύκτωρ
1220 1782 1345 1817 ἄραντες,
1357 1782 1398 1815 εἷς
1411 1792 1473 1811 τινα
1495 1784 1550 1811 τῶν
1567 1785 1710 1820 ὑπονόμων
1731 1786 1885 1820 ῥίπτουσιν,

1099 1826 1144 1852 ἴνα
1161 1827 1197 1860 μὴ
1211 1828 1340 1861 θαύματα
1353 1829 1450 1854 τελοῦν
1461 1830 1510 1854 καὶ
1523 1831 1593 1863 μετὰ
1603 1831 1653 1863 τὴν
1665 1831 1807 1861 διάζευξιν
1816 1832 1882 1858 πολ-

1099 1871 1161 1903 Iob;
1178 1873 1320 1909 ἀποστήσῃ
1336 1873 1392 1900 τῶν
1406 1873 1535 1903 εἰδώλων.
1564 1873 1595 1901 '0
1610 1874 1639 1901 δὲ
1655 1874 1792 1909 μακάριος
1807 1870 1886 1907 οὗτος

1100 1917 1196 1950 νυκτὸς
1212 1918 1322 1952 γυναικί
1334 1927 1387 1946 τινι
1398 1919 1452 1946 τῶν
1459 1918 1605 1954 ἐπισήμων
1616 1921 1662 1946 καὶ
1673 1919 1794 1946 εὐσεϐῶν
1808 1920 1888 1955 (Δον-

1101 1963 1162 2000 κίνη
1192 1964 1288 2000 δνομα)
1315 1966 1474 2000 δπιφανιὶς,
1488 1964 1575 2001 ,λέγει
1606 1966 1675 2002 αὐτῇ
1696 1973 1705 1981 ⁸
1735 1966 1889 2001 Πορεύθητι

1101 2011 1171 2038 κατὰ
1186 2011 1260 2038 τόνδε
1275 2011 1322 2039 τὸν
1335 2012 1434 2046 τόπον,
1456 2012 1505 2039 καὶ
1521 2012 1643 2039 λαϐοῦσα
1663 2012 1694 2039 sb
1718 2011 1800 2047 σῶμά
1824 2020 1888 2048 μου,

1100 2058 1184 2093 θάψον
1205 2058 1239 2093 τῇ
1267 2059 1384 2094 Κρυπτῇ
1400 2058 1534 2094 λεγομένῃ
1554 2058 1630 2094 παρὰ
1652 2058 1717 2090 τοὺς
1732 2059 1816 2091 πόδας
1833 2059 1888 2086 τῶν

1100 2104 1265 2131 ἀποστόλων.
1287 2104 1322 2130 Ἦ
1333 2104 1361 2131 δι
1376 2105 1516 2131 ἀναστᾶσα
1540 2105 1588 2131 καὶ
1603 2101 1734 2140 γενομένη
1752 2105 1820 2140 πρὸς
1837 2105 1886 2132 τὸν

1101 2150 1246 2185 ὑπόνομον,
1271 2148 1339 2186 ἦρεν
1353 2150 1459 2177 ἐκεῖθεν
1489 2150 1520 2177 τὸ
1545 2150 1625 2185 σῶμα
1650 2150 1698 2177 τοῦ
1731 2151 1886 2186 μάρτυρος,

1100 2196 1148 2222 καὶ
1174 2195 1233 2222 καθ’
1250 2195 1280 2222 ὃν
1298 2196 1394 2232 εἴρηκε
1416 2196 1498 2223 τόπον
1522 2196 1536 2222 ὁ
1555 2197 1661 2232 μάρτυς
1677 2197 1827 2232 ἐπιμελῶς·
1839 2197 1887 2223 καὶ

1101 2241 1223 2277 κοσμίως
1249 2242 1416 2277 κηδεύσασα,
1440 2241 1590 2277 παρέμεινε
1613 2241 1653 2277 τῷ
1676 2242 1756 2277 τάφῳ
1779 2242 1886 2277 ἡμέρας

1101 2288 1258 2321 τριάκοντα.
1280 2288 1336 2314 Kal
1353 2295 1420 2314 ποτε
1437 2289 1497 2321 ταῖς
1517 2287 1677 2323 ἐκκλησίαις
1691 2289 1804 2324 εἰρήνης
1821 2287 1887 2322 βρα-

1101 2334 1254 2369 σευθείσης,
1284 2333 1357 2368 ἱερὸν
1383 2334 1592 2370 φροντιστήριον
1617 2334 1667 2370 τὴν
1689 2335 1778 2362 οἰκίαν
1802 2334 1887 2369 αὐτῆς

1101 2379 1286 2415 ποιησαμένη,
1300 2378 1353 2410 ἓως
1367 2379 1417 2414 μὲν
1431 2378 1477 2405 οὖν
1492 2379 1531 2414 τῷ
1546 2379 1595 2415 βιῳ
1608 2380 1707 2415 περιῆν
1720 2380 1777 2411 τοῖς
1791 2379 1886 2413 διομὲ-

1099 2434 1157 2457 νοις
1174 2425 1293 2461 ἐπήρκει
1309 2425 1487 2461 ὰφθονωτάτῃ
1503 2425 1586 2461 χειρί·
1606 2425 1761 2452 τελευτῶσα
1775 2425 1814 2458 δὲ,
1831 2425 1886 2452 πᾶ-

1102 2479 1152 2497 σαν
1162 2471 1213 2506 τὴν
1232 2471 1330 2506 κτῆσιν
1343 2471 1428 2505 αὐτῆς
1440 2471 1614 2507 Χριστιανοῖς
1627 2471 1792 2509 ἐδωρήσατο,
1809 2471 1886 2503 δοξά-

1102 2516 1185 2548 ζουσα
1204 2516 1313 2551 Πατέρα
1329 2517 1376 2544 καὶ
1393 2517 1457 2544 Υῐδν
1470 2518 1516 2544 καὶ
1530 2517 1606 2552 ἅγιον
1618 2517 1740 2552 Πνεῦμα,
1755 2517 1803 2552 τὴν
1821 2517 1886 2553 μίαν

1103 2562 1220 2598 θεότητά
1245 2572 1274 2590 τι
1302 2564 1350 2591 καὶ
1373 2564 1498 2599 δύναμιν,
1561 2564 1661 2599 πρέπει
1685 2564 1759 2595 δόξα,
1775 2563 1886 2599 κράτος,

1101 2610 1179 2644 τιμὴ,
1197 2609 1245 2637 νῦν
1262 2611 1308 2637 καὶ
1325 2610 1380 2644 ἀεὶ,
1397 2611 1443 2638 καὶ
1461 2611 1501 2642 εἰς
1512 2609 1576 2642 τοὺς
1586 2609 1688 2642 αἰῶνας
1700 2609 1756 2636 τῶν
1767 2608 1888 2636 αἰώνων.

1107 2655 1206 2692 Ἀμήν.
