2056 3151
243 144 297 175 819

822 142 1017 174 ADDENDA.
1037 155 1072 162 -
1089 143 1351 176 FEBBUARIUS.

1817 138 1871 172 820

238 200 265 227 In
282 207 338 235 quo
357 199 460 227 latebat
476 205 590 226 sanctus
605 203 633 226 et
653 200 829 227 venerandus
848 199 890 227 vir
912 198 1029 227 Blasius.

1089 198 1208 234 Ἀργιῳ,
1232 200 1262 227 ιν
1286 197 1309 234 ᾤ
1326 201 1506 236 ἐκρύπτετοό
1522 201 1598 232 ὅσιος
1623 199 1672 226 καλ
1688 198 1780 233 τίμιος
1803 196 1872 232 ἀνὴρ

237 245 306 274 Cum
322 251 415 272 autem
434 244 704 280 appropinquassent
720 245 871 280 speluncae,
892 249 920 273 et
942 244 1025 272 vidis-

238 291 344 319 sent.in
360 291 421 326 ejus
434 290 561 325 ingressu
580 291 786 318 multitudinem
801 291 952 326 agrestium
967 290 1028 317 ani-

239 336 366 369 malium,
387 344 447 371 qua
462 338 588 364 astabant
602 341 630 364 et
649 337 825 369 essiliebant,
840 337 970 364 dixerunt
986 337 1029 364 iu-

238 388 280 410 ter
289 390 329 411 se:
339 383 410 416 Quid
423 383 474 410 hoc
483 383 535 410 sibi
543 383 624 411 vultf
634 389 661 411 et
670 391 732 411 cum
742 385 883 411 venissent
903 383 1028 419 propius.

238 429 408 457 invenerunt
421 429 493 457 intra
507 429 668 464 speluncam
689 433 816 457 sanctum
831 429 965 463 Blasium,
983 436 1029 457 se-

238 474 351 502 dentem
368 479 500 510 tanquam
519 475 547 502 in
568 474 699 507 thalamo,
725 478 755 502 et
769 474 940 502 dividentem
965 475 1028 502 uni-

238 522 340 557 cuique
357 522 384 549 id
410 521 483 556 quod
506 525 566 548 erat
579 522 604 548 ei
629 529 710 556 opus,
733 529 783 556 per
804 522 1027 550 benedictionem

237 571 322 603 atque
343 568 512 599 curationes,
538 573 565 595 et
585 568 642 595 Deo
667 568 829 596 fundentem
853 576 960 603 preces.
976 568 1028 603 Qui

236 616 329 643 statim
345 616 462 647 reversi.
478 615 675 643 renuntiarunt
688 616 797 651 praesidi
810 615 955 651 Agricolao
968 623 1029 651 quae

236 661 375 688 viderant.
391 661 496 688 Praeses
508 668 574 689 vero
588 662 670 694 iussit
683 662 776 696 plures
791 662 897 689 milites
910 669 973 689 cum
988 661 1028 689 eis

235 707 386 742 proﬁcisci,
404 712 432 735 ut
449 715 630 742 quoscunque
650 708 706 735 illic
722 708 895 736 invenissent
911 708 1028 735 latentes

235 751 421 783 Christianos.
437 753 471 780 ad
488 761 551 780 eum
568 752 750 781 adducerent.
770 753 875 781 Euntes
892 757 986 781 autem
1001 753 1027 780 in

237 803 370 832 montem,
385 798 433 833 qui
450 799 525 826 missi
543 799 653 827 fuerant
667 799 779 832 milites,
793 803 820 827 et
834 799 949 835 ingressi
967 807 1028 834 spe-

235 845 360 877 luncam,
384 845 552 873 invenerunt
573 845 662 873 solum
687 850 825 879 sanctum,
851 850 977 873 orantem
1001 850 1028 873 et

236 891 396 919 laudantem
422 892 581 925 Dominum.
603 896 632 920 et
654 892 785 921 dixerunt
803 893 847 921 ei:
866 893 1024 928 Egredere;

236 943 318 965 vocat
342 942 369 966 te
386 945 499 973 praeses.
524 938 593 965 Cum
611 945 658 966 eos
683 945 751 966 vero
773 938 888 966 vidisset
912 945 1026 967 sanctus

238 985 356 1018 Dlasius,
371 985 452 1012 valde
467 985 576 1012 laetatus
590 989 643 1018 est,
658 989 686 1012 et
701 985 788 1013 dixit:
802 985 913 1018 Adeste,
930 993 1026 1014 eamus

235 1031 329 1064 simul,
351 1039 368 1058 ο
384 1031 444 1063 ﬁlii,
465 1031 519 1058 mei
537 1029 612 1058 enim
637 1030 799 1058 recordatus
817 1036 860 1059 est
881 1031 1024 1060 Dominus.

237 1076 266 1103 lu
293 1075 345 1104 hac
371 1076 445 1104 enim
473 1080 554 1104 nocte
579 1080 621 1103 ter
645 1077 712 1104 mihi
739 1077 879 1112 apparuit,
908 1077 1024 1106 dicens:

236 1121 336 1158 Surge,
349 1121 419 1149 otl‘er
433 1122 501 1149 mihi
514 1121 648 1150 sacriﬁcia
662 1130 712 1158 pro
728 1130 804 1150 more
816 1123 854 1150 tui
866 1124 1026 1152 sacerdotii.

235 1167 315 1194 Nune
326 1174 404 1202 ergo,
419 1167 467 1194 filii
489 1167 556 1199 mei,
570 1166 642 1194 bene
659 1166 784 1194 venistis.
800 1167 933 1196 Dominus
947 1175 1026 1196 meus

235 1213 316 1241 Jesus
330 1213 460 1242 Christus
470 1214 507 1242 sit
519 1214 674 1242 vobiscum.

1084 245 1131 272 καὶ
1161 246 1314 278 ἐπίσκοπος
1336 248 1462 279 Βλάσιος.
1491 247 1547 274 Καὶ
1578 246 1616 278 ὥς
1644 245 1817 280 ἐπλησίασαν
1847 244 1872 270 oi

1083 292 1217 327 θηρευταὶ
1231 293 1261 320 ἐν
1282 293 1321 329 τῷ
1340 294 1465 330 σπηλαίῳ
1485 294 1530 321 καὶ
1553 293 1625 320 εἶδον
1641 292 1709 327 πρὶς
1727 293 1762 326 τῇ
1776 290 1873 325 εἰσόδῳ

1082 338 1167 366 αὑτοῦ
1193 340 1285 375 πλήθη
1302 341 1408 376 ἀγρίων
1429 340 1507 373 ζώων
1529 339 1715 375 παρεστώτων
1730 337 1778 364 καὶ
1796 344 1872 370 σκιρ-

1082 384 1204 417 τώντων,
1226 383 1304 413 εἵπου
1327 387 1397 423 πρὸς
1416 387 1566 422 ἀλλήλους·
1583 386 1616 414 Τί
1640 385 1674 412 ἂν
1698 384 1771 412 θέλοι
1792 383 1872 410 τοῦτο

1080 430 1151 458 εἶναι
1167 442 1174 466 ;
1188 433 1235 460 καὶ
1260 433 1384 466 ἐλθόντες
1404 433 1601 469 πλησιέστερον
1614 435 1621 445 ¹
1638 428 1719 468 εὖρον
1735 431 1810 458 ἔνδον
1822 429 1871 456 τοῦ

1082 478 1217 513 σπηλαίου
1231 479 1278 506 τὸν
1299 480 1378 514 ἅγιον
1393 480 1508 508 Βλάσιον
1525 480 1620 515 ὥσπερ
1638 480 1667 506 ὲν
1683 478 1799 513 θαλάμῳ
1817 476 1873 504 τινὶ

1080 524 1238 559 καθήμενον
1268 526 1316 553 καὶ
1335 526 1367 554 τδ
1391 526 1521 562 χρειῶδες
1548 526 1656 560 ἑκάστῳ
1673 524 1872 559 διανεμόμενον

1079 569 1124 596 διά
1140 578 1170 596 τε
1185 570 1235 604 τῆς
1251 570 1379 605 εὐλογίας
1396 571 1444 598 καὶ
1461 571 1515 598 τῶν
1531 571 1642 602 ιάαεων,
1656 571 1705 598 καὶ
1719 570 1771 601 τὰς
1788 568 1873 603 εὐχὰς

1081 615 1164 642 αὐτοῦ
1184 616 1344 643 ἀποδιδόντα
1373 616 1412 652 τῷ
1440 617 1510 652 Θεῷ.
1536 618 1592 644 Καὶ
1612 616 1715 648 εὐθέως
1738 614 1873 650 ὑποστρέ-

1080 663 1182 697 ψαντες
1198 662 1372 698 ἀπήγγειλαν
1389 663 1429 698 τῷ
1439 663 1558 698 ἡγεμόνι
1574 662 1746 698 Ἀγρικολάῳ
1759 662 1778 689 ἀ
1789 659 1871 688 εἶδον.

1086 709 1117 734 '0
1145 707 1174 734 δὲ
1198 708 1312 743 ἡγεμὼν
1327 708 1437 735 ἐκέλευε
1456 708 1629 744 στρατιώτας
1652 708 1779 740 πλείονας
1804 716 1872 741 συμ-

1081 755 1253 791 πορευθῆναι
1270 756 1376 788 αὐτοῖς,
1401 756 1446 783 ἵνα
1465 757 1546 788 ὅσους
1565 755 1614 782 ἐὰν
1636 754 1755 790 εὕρωσιν
1779 754 1872 780 ἐκεῖσε

1080 802 1264 838 Χριστιανοὺς
1289 803 1500 838 κρυπτομένους
1528 802 1654 837 ἀγάγωσι
1681 801 1750 837 πρὸς
1777 800 1870 828 αὐτόν.

1080 849 1136 876 Kal.
1150 849 1316 880 ἀπελθόντες
1339 849 1365 876 οι
1385 849 1591 883 ἀπεσταλμένοι
1605 848 1773 884 στρατιῶται
1788 847 1819 874 ὲν
1832 847 1872 882 τῷ

1079 894 1155 930 ὄρει,
1184 895 1233 921 καὶ
1258 895 1428 926 εἰσελθόντες
1455 895 1530 922 ἔνδον
1555 895 1603 922 τοῦ
1631 894 1768 929 σπηλαίου
1791 890 1872 928 εὗρον

1082 940 1164 975 μόνον
1178 941 1225 967 τὸν
1251 941 1330 975 ἅγιον
1345 941 1461 968 Βλάσιον
1478 940 1704 976 προσευχόμενον
1723 939 1772 967 καὶ
1799 939 1873 971 δοξο-

1082 986 1215 1020 λογοῦντα
1225 986 1270 1013 τὸν
1286 986 1396 1023 Κύριον,
1414 987 1462 1014 καὶ
1477 985 1554 1014 εἷπον
1568 987 1637 1022 πρὸς
1650 986 1744 1013 αὐτόν·
1758 985 1872 1019 Ἔξελθε

1081 1033 1110 1059 ὲν
1126 1032 1221 1067 τάχει·
1248 1031 1327 1059 καλεῖ
1352 1041 1382 1059 σε
1408 1034 1422 1060 ό
1449 1032 1572 1068 ἡγεμών.
1604 1032 1678 1060 Ἰδὼν
1702 1032 1730 1059 δὲ
1744 1031 1872 1063 αὐτοὺςό

1080 1077 1158 1113 ἅγιος
1175 1076 1289 1111 Βλάσιος
1304 1078 1390 1114 ἐχάρη
1401 1079 1486 1112 πάνυ,
1502 1079 1550 1106 καὶ
1572 1077 1634 1105 εἷπε
1647 1088 1654 1095 ·
1670 1077 1766 1110 Δεῦτε,
1777 1078 1871 1109 τέκνα,

1081 1123 1262 1159 πορευοῶμεν
1296 1123 1371 1159 ἅμα·
1400 1125 1524 1160 ἐμνήσθη
1550 1124 1604 1160 γάρ
1633 1132 1686 1159 μου
1713 1123 1836 1158 σήμερον
1858 1122 1872 1149 ό

1081 1172 1203 1208 Κύριος·
1222 1173 1251 1200 ἐν
1266 1172 1322 1209 γὰρ
1337 1172 1424 1210 ταύτῃ
1439 1174 1473 1208 τῇ
1496 1174 1576 1200 νυκτὶ
1594 1172 1684 1207 ιφάνη
1711 1180 1757 1206 μοι
1780 1171 1872 1206 τρίτον

1075 1217 1176 1253 λέγων·
1197 1218 1334 1250 ’Δναστὰς
1365 1218 1534 1253 προσένεγκὲ
1565 1227 1611 1253 μοι
1635 1217 1731 1248 θυσίας
1753 1216 1826 1243 κατὰ
1841 1215 1872 1242 τδ

236 1260 298 1292 ἐοος
309 1261 358 1296 τῆς
369 1262 522 1297 ἱερωσύνης
532 1269 591 1288 σου.
608 1260 666 1287 Νῦν
677 1258 735 1293 οὖν,
747 1260 842 1288 τεκνία
858 1270 921 1297 μου,
938 1262 1029 1295 καλῶς
1049 1263 1164 1299 ήλθετν
1195 1265 1209 1291 ό
1240 1265 1344 1300 Κύριός
1370 1273 1421 1302 μου
1454 1265 1558 1301 Ἰησοῦς
1579 1264 1700 1300 Χριστὸς
1733 1264 1778 1299 εἴη
1813 1261 1872 1298 μεθ’

237 1307 252 1334 ὖ
257 1307 328 1342 μῶν,

272 1354 319 1383 ill.
336 1355 404 1383 Dum
426 1359 520 1383 autem
545 1354 598 1388 ipsi
616 1354 755 1387 venirent,
773 1355 801 1382 in
817 1355 861 1382 via
881 1361 1028 1384 converte-

237 1401 342 1429 bantur
356 1401 473 1437 gentiles
485 1400 519 1428 ad
536 1400 584 1427 Dei
602 1400 787 1436 cognitionem
803 1409 854 1437 per
868 1403 928 1438 ejus
948 1411 1028 1431 man-

237 1447 416 1475 suetudinem
431 1451 460 1474 et
473 1446 639 1474 doctrinam.
657 1447 767 1474 Etenim
778 1455 841 1484 ~per
859 1448 919 1483 ejus
934 1456 1032 1483 preces

238 1493 357 1522 faciebat
367 1493 502 1521 Dominus
513 1493 672 1521 curationes
685 1503 692 1522 :
705 1498 732 1520 et
750 1501 810 1521 cum
823 1494 856 1522 ad
873 1502 936 1522 cum
949 1495 1031 1523 affer-

1118 1356 1156 1384 l".
1177 1356 1222 1382 ‘Ev
1236 1355 1266 1383 at
1278 1354 1316 1391 τῷ
1327 1355 1457 1391 ἔρχεσθαι
1470 1355 1571 1387 αὐτοὺς
1582 1355 1612 1382 ιν
1627 1355 1660 1390 τῇ
1675 1353 1728 1388 ὀδῷ
1738 1352 1872 1387 ἒκέστρε-

1084 1411 1133 1437 φον
1153 1401 1290 1437 Ἐλλήνων
1305 1403 1400 1434 παῖδες
1416 1402 1457 1434 εις
1473 1401 1641 1436 θεογνωσίαν
1657 1400 1701 1427 διὰ
1716 1399 1767 1434 τῆς
1783 1398 1872 1434 πραό-

1079 1457 1161 1483 τητος
1182 1448 1266 1475 αὐτοῦ
1297 1450 1345 1476 καὶ
1369 1448 1559 1480 διδασκαλίας.
1585 1447 1640 1474 Καὶ
1665 1447 1720 1481 γὰρ
1747 1446 1791 1473 διὰ
1817 1444 1873 1472 τῶν

1080 1495 1301 1522 ἀκαταπαύστων
1315 1495 1397 1522 αὑτοῦ
1411 1494 1573 1532 προσευχῶν
1585 1494 1635 1521 καὶ
1649 1493 1769 1529 δεήσεων
1786 1492 1872 1523 ίάσεις

239 1544 336 1568 rentur
360 1539 476 1575 aegroti,
503 1539 545 1567 eis
573 1539 718 1575 imponens
741 1547 849 1573 manus,
873 1541 1030 1569 dimittebat

1083 1540 1206 1567 ἑπετέλει
1231 1541 1244 1567 ό
1261 1540 1377 1576 Κύριος,
1397 1541 1446 1568 καὶ
1472 1539 1710 1576 προσφερομένων
1734 1538 1810 1574 αὐτῷ
1823 1537 1873 1573 ἀῤ-

239 1594 332 1614 sanos.
353 1586 412 1614 Non
433 1586 523 1614 solum
553 1590 646 1614 autem
672 1586 788 1614 curabat
812 1586 952 1620 homines,
979 1588 1028 1616 sed

238 1633 322 1660 etiam
344 1633 469 1668 iumenta
493 1636 522 1659 et
544 1632 658 1660 bestias.
673 1631 741 1660 Cum
762 1633 854 1668 itaque
869 1634 1030 1669 contigisset

238 1679 359 1714 aliquem
371 1686 402 1706 os
417 1678 563 1710 devorare,
579 1678 623 1706 vel
640 1678 743 1712 aliquid
755 1679 902 1714 ejusmodi,
915 1684 1029 1715 repente

238 1725 273 1753 ad
286 1733 352 1753 eum
365 1724 519 1752 merebant
535 1725 699 1758 patientem,
719 1728 748 1751 et
766 1731 816 1758 per
834 1729 943 1752 sanctas
965 1731 1030 1752 suas

239 1779 338 1806 preces
353 1778 418 1798 eum
443 1770 537 1798 statim
556 1769 690 1798 reddebat
706 1777 816 1797 sanum.
833 1769 955 1806 Contigit
977 1770 1029 1798 ita-

239 1825 306 1852 que,
320 1821 352 1845 ut
367 1816 440 1844 illius
457 1815 603 1850 cujusdam
621 1815 757 1848 mulieris,
777 1824 839 1850 qum
858 1823 922 1842 eum
944 1816 1031 1842 habe-

239 1864 288 1892 bat
310 1863 433 1895 unicum,
451 1866 557 1897 partem
573 1861 658 1896 piscis
679 1861 839 1893 comedens,
864 1869 896 1888 os
916 1865 1031 1896 repente

239 1911 396 1943 devoraret,
418 1913 447 1938 et
472 1913 567 1936 mutus
592 1912 730 1936 maneret.
755 1907 825 1935 Cum
849 1915 917 1943 ergo
941 1912 1031 1935 mater

239 1958 319 1993 pueri
333 1957 368 1984 de
382 1960 479 1984 sancto
505 1954 669 1988 audivisset,
692 1961 756 1981 eum
771 1954 885 1981 allatum
914 1954 1032 1990 projecit

239 2003 274 2031 ad
286 2004 347 2039 ejus
365 2002 451 2038 pedes
468 2001 692 2033 semimortuum,
709 2007 772 2028 cum
786 2000 852 2028 ﬂetu
866 2000 990 2028 clamans
1003 2005 1031 2028 et

239 2050 337 2078 dicens
353 2053 449 2077 sancto
463 2057 470 2075 :
487 2048 620 2076 Miserere
636 2046 690 2074 mei
704 2047 763 2079 lilii,
779 2053 859 2074 serve
876 2046 1032 2075 Servatoris

239 2097 327 2125 nostri
348 2096 415 2124 Jesu
437 2094 552 2127 Christi,
567 2098 611 2123 est
629 2093 703 2122 enim
729 2093 795 2121 mihi
813 2093 948 2128 unigena;
968 2101 1032 2120 nar-

241 2144 367 2178 ravitque
379 2147 486 2172 sancto.
505 2140 573 2176 quid
591 2140 647 2168 filio
668 2147 719 2168 suo
737 2145 852 2175 repente
872 2139 1031 2167 accidisset.

241 2190 360 2218 Sanctus
384 2192 476 2216 autem
501 2187 549 2214 Dei
567 2191 595 2214 et
620 2193 735 2221 magnus
759 2185 889 2213 sacerdos
912 2185 1031 2218 Blasius,

1084 1586 1197 1621 ρώστων
1228 1586 1362 1619 ἐπιτιθεὶς
1391 1587 1435 1614 ἐπ’
1464 1587 1563 1619 αὐτοὺς
1591 1587 1640 1618 τὰς
1667 1586 1762 1621 χεῖρας
1786 1584 1874 1618 ὑγιεῖς

1083 1632 1220 1660 ἀπέλυσεν
1235 1632 1379 1664 ἅπαντας·
1404 1633 1436 1659 οὐ
1463 1633 1543 1667 μόνον
1569 1632 1598 1659 δὲ
1623 1631 1688 1662 τοὺς
1710 1630 1873 1665 ἀνθρώπους

1052 1709 1057 1711 _
1085 1679 1153 1709 ἰᾶτο,
1170 1679 1239 1706 ἀλλὰ
1265 1679 1314 1706 καὶ
1336 1679 1372 1706 τὰ
1398 1679 1485 1714 κτήνη
1511 1679 1558 1706 καὶ
1584 1678 1620 1705 τὰ
1643 1677 1741 1712 ἄλογα.
1763 1677 1808 1708 '0;
1826 1676 1874 1703 οὖν

1084 1725 1196 1758 ἐγένετό
1207 1734 1268 1753 τινα
1281 1725 1382 1753 ὀστοῦν
1398 1726 1546 1752 καταπιεῖν
1560 1725 1577 1760 ἢ
1590 1725 1656 1752 ἀλλο
1668 1733 1696 1751 τι
1711 1723 1766 1751 τῶν
1781 1722 1875 1750 τοιού-

1083 1778 1139 1797 των
1165 1771 1307 1806 ἐξαίφνης.
1334 1771 1434 1807 ἔφερον
1459 1771 1528 1806 πρὸς
1550 1771 1632 1798 αὐτὸν
1651 1770 1699 1797 τὸν
1721 1770 1874 1804 πάσχοντα,

1085 1817 1132 1843 καὶ
1156 1817 1202 1842 διὰ
1228 1818 1278 1850 τῆς
1306 1817 1390 1848 ἁγίας
1416 1817 1502 1842 αὐτοῦ
1531 1817 1688 1850 προσευχῆς
1708 1817 1773 1848 ὑγιῆ
1791 1814 1875 1842 αὐτδν

1085 1861 1259 1897 παραχρῆμα
1281 1860 1467 1889 ἀποκαθίστα.
1489 1860 1572 1887 Ὅθεν
1590 1859 1692 1894 συνέϐη
1709 1859 1758 1886 καὶ
1775 1866 1875 1892 γυναι·

1085 1908 1133 1940 κός
1152 1915 1225 1939 τινος
1242 1907 1301 1933 υῑδν
1321 1906 1455 1941 μονογενῆ
1476 1905 1559 1933 αὐτὸν
1581 1905 1699 1940 ἐχούσης
1717 1905 1808 1940 ἰχθύος
1825 1903 1876 1939 με.

1086 1963 1132 1990 ρος
1155 1953 1282 1981 ἐσθίοντα
1304 1952 1405 1988 ἀθρόον
1419 1952 1518 1979 ὀστοῦν
1538 1953 1687 1979 καταπιεῖν
1702 1951 1751 1978 καὶ
1767 1951 1878 1985 ἄφωνον

1086 2001 1189 2036 μεῖναι.
1215 2000 1248 2027 Ἦ
1270 1997 1318 2027 οὗν
1347 1999 1440 2035 μήτηρ
1464 1998 1513 2026 τοῦ
1537 1999 1634 2030 παιδὸς
1651 1998 1794 2025 ἀκούσασα
1811 1996 1879 2033 περὶ

1084 2047 1133 2074 τοῦ
1150 2047 1229 2081 ἁγίου
1257 2046 1396 2080 ἐνέγκασα
1412 2045 1494 2072 αὑτὸν
1517 2045 1630 2081 sparo”
1655 2045 1684 2072 ὲν
1712 2045 1770 2076 τοῖς
1796 2044 1878 2072 ποσὶν

1085 2094 1169 2120 αὑτοῦ
1182 2093 1318 2129 ἡμιθανῆ,
1335 2092 1426 2126 βοῶσα
1451 2092 1520 2127 μετὰ
1547 2092 1675 2127 ὀδυρμῶν
1691 2092 1738 2119 καὶ
1758 2091 1878 2125 λέγουσα

1086 2140 1126 2176 τῷ
1137 2139 1220 2174 ἁγίῳ*
1239 2139 1370 2174 Ἐλέησόν
1385 2147 1438 2174 μου
1452 2138 1499 2166 τὸν
1512 2139 1580 2170 υἱὸν,
1593 2139 1672 2166 δοῦλε
1685 2138 1732 2165 τοῦ
1749 2138 1879 2173 Σωτῆρος

1087 2187 1166 2223 ὴμῶν
1195 2185 1285 2222 Ἰησοῦ
1311 2186 1450 2221 Χριστοῠο
1475 2185 1517 2212 ὅτι
1545 2186 1694 2221 μονογενής
1709 2185 1764 2219 ίμοί
1783 2184 1876 2211 ἐστιν*

241 2243 323 2263 manu
341 2234 471 2270 imposita
487 2233 591 2269 gutturi
606 2232 696 2267 pueri,
711 2231 752 2259 sic
767 2231 867 2263 oravit,
879 2231 1030 2259 extendens

1086 2233 1135 2260 καὶ
1150 2233 1304 2268 διηγήσατο
1324 2231 1364 2267 τῷ
1389 2231 1461 2267 ἁγίῳ
1485 2231 1518 2259 τὸ
1546 2232 1656 2267 συμϐὰν
1678 2232 1814 2266 ἐξαίφνης
1838 2229 1878 2264 τῷ

241 2282 268 2308 in
295 2280 396 2309 caelum
422 2279 528 2312 oculos,
547 2283 576 2307 et
601 2279 658 2306 Deo
682 2278 796 2306 dicens:
810 2277 862 2311 Qui
880 2277 924 2310 iis,
942 2278 990 2313 qui
1006 2281 1033 2305 te

240 2327 409 2356 invocabant
431 2326 460 2353 in
484 2326 613 2358 veritate,
640 2329 743 2361 praesto
766 2324 844 2352 fuisti
867 2324 999 2359 adjutor,
1017 2331 1034 2352 ο

240 2374 384 2405 Sen-ator,
395 2371 461 2400 audi
475 2378 550 2399 meas
561 2378 669 2407 preces,
682 2375 711 2398 et
722 2371 829 2406 spinam
843 2369 954 2398 inﬁxam
969 2369 1036 2397 huic

239 2429 340 2457 puero,
356 2424 403 2448 tua
418 2426 479 2455 quae
495 2418 547 2446 sub
574 2424 717 2454 aspectum
741 2424 796 2444 non
812 2416 898 2448 cadit,
918 2417 1034 2449 virtute,

239 2468 265 2496 ci
288 2467 390 2499 exime,
409 2473 474 2494 eum
489 2472 607 2497 curans;
620 2469 648 2493 et
671 2465 706 2492 de
727 2468 838 2496 caetero,
856 2471 919 2492 cum
933 2471 983 2491 seu
1003 2463 1031 2491 in

239 2513 414 2546 hominibus,
435 2521 485 2540 seu
502 2512 530 2539 in
547 2511 654 2547 pueris,
671 2518 720 2538 seu
738 2510 766 2538 in
782 2510 881 2538 bestiis
899 2510 952 2538 tale
968 2509 1036 2545 quid

240 2561 400 2597 contigerit,
415 2560 473 2588 illic
486 2563 580 2587 autem
593 2558 756 2586 recordatus
766 2557 853 2584 fuerit
866 2557 967 2592 aliquis
983 2556 1037 2584 mei

241 2607 374 2640 nominis,
384 2607 493 2634 dicens:
503 2605 587 2638 Deus,
598 2603 798 2632 intercessione
807 2602 878 2630 servi
890 2603 931 2629 tui
942 2601 1038 2635 Blasii,

241 2654 365 2683 accelera
383 2658 460 2682 tuum
474 2652 626 2681 auxilium:
643 2651 686 2679 fac
705 2651 761 2679 cito
775 2650 803 2678 in
814 2657 849 2678 eo
864 2649 1037 2678 curationem

241 2702 275 2729 ad
287 2701 402 2737 gloriam
417 2705 446 2728 et
461 2700 597 2727 honorem
613 2697 702 2726 sancti
722 2697 760 2725 tui
778 2696 919 2728 nominis;
932 2701 960 2723 et
975 2703 1039 2723 cum

244 2747 302 2781 ipse
321 2747 381 2775 haec
394 2746 520 2777 dixisset,
543 2752 662 2780 puerum
683 2742 778 2771 statim
799 2749 897 2769 sanum
916 2741 1041 2769 restituit

243 2790 317 2818 sicut
337 2791 426 2826 prius,
439 2795 467 2819 et
483 2798 547 2818 eum
563 2789 686 2817 reddidit
706 2788 787 2816 matri
803 2795 871 2820 sum,
892 2795 941 2815 ore
965 2795 1040 2814 nun-

246 2844 328 2870 quam
345 2837 444 2865 silente
457 2837 543 2864 Deum
556 2837 716 2871 laudantem
732 2840 815 2869 atque
827 2835 1039 2868 glorificantcm.

247 2880 395 2910 Hominum
413 2885 506 2911 autem
519 2889 647 2911 sermone
666 2880 859 2909 celebrabatur
874 2880 923 2908 Dci
937 2885 1042 2915 martyr

1085 2279 1288 2314 τέκνῳαὺτῆς.
1317 2277 1347 2305 '0
1361 2277 1390 2305 δδ
1407 2277 1488 2312 ἀγιος
1504 2277 1552 2305 τοῦ
1576 2277 1646 2305 Θεοῦ
1664 2278 1713 2305 καὶ
1736 2277 1825 2312 μέγας
1840 2276 1879 2302 is-

1088 2324 1152 2360 ρεὺς
1179 2324 1308 2357 Βλάσιος,
1337 2323 1443 2354 ἐπιθεὶς
1471 2322 1521 2358 τὴν
1549 2324 1629 2358 χεῖρα
1653 2321 1739 2348 αὑτοῦ
1761 2321 1809 2348 tul.
1831 2319 1877 2347 τὴν

1086 2371 1186 2407 λαιμὸν
1210 2371 1258 2398 τοῦ
1285 2371 1394 2403 παιδὸς,
1419 2370 1596 2406 προσηύξατο
1614 2369 1714 2402 οὕτως,
1730 2368 1877 2399 ἀνατείνας

1087 2419 1127 2450 εἰς
1144 2417 1191 2444 τὸν
1205 2417 1321 2453 οὐρανὸν
1339 2416 1369 2444 τὸ
1383 2417 1463 2452 ὄμμα
1477 2416 1561 2443 αὑτοῦ
1581 2415 1630 2443 καὶ
1645 2415 1734 2449 λέγων
1747 2414 1819 2449 πρὸς
1832 2412 1878 2441 τὶν

1087 2465 1165 2493 Θεόν·
1185 2463 1216 2492 '0
1232 2465 1289 2495 τοῖς
1305 2463 1537 2498 ἐπικαλουμένοις
1555 2471 1585 2490 σε
1600 2463 1630 2489 ὲν
1651 2460 1768 2497 ἀληθείᾳ
1784 2459 1880 2487 σύντο-

1089 2520 1139 2547 μος
1158 2510 1250 2546 ἰατρὸς
1277 2510 1424 2545 γενόμενος
1443 2509 1548 2544 σωτὴρ,
1569 2507 1723 2536 ιπάκσυσόν
1750 2515 1802 2542 μου
1830 2506 1880 2542 τῆς

1087 2559 1208 2594 δεήσεως
1220 2557 1269 2584 καὶ
1282 2556 1330 2590 τὴν
1342 2556 1515 2592 ὲμπαγεῖσαν
1527 2554 1651 2582 ἄκανθαν
1658 2553 1697 2590 τῷ
1707 2553 1784 2580 παιδὶ
1792 2552 1882 2588 τοῦτῳ

1088 2603 1199 2639 ἀοράτῳ
1212 2610 1259 2629 σου
1268 2601 1384 2636 δυνάμει
1394 2601 1478 2636 ἄφελε
1490 2599 1520 2633 ἐξ
1528 2599 1612 2627 αὐτοῦ
1629 2600 1777 2634 ἰασάμενος
1786 2597 1880 2629 αὐτὸν,

1090 2649 1138 2676 καὶ
1162 2648 1210 2676 ἐὰν
1233 2647 1289 2675 ἀπὸ
1314 2646 1363 2674 τοῦ
1392 2646 1440 2673 νῦν
1456 2646 1473 2682 ἤ
1487 2647 1517 2674 ἐν
1533 2645 1691 2680 ἀνθρώποις
1708 2644 1724 2680 ἢ
1742 2645 1771 2671 ἑν
1784 2643 1882 2680 βρέφε-

1091 2694 1176 2730 σιν,ἢ
1194 2694 1223 2720 ἐν
1243 2693 1358 2729 κτήνεσι
1382 2693 1409 2720 τὶ
1433 2693 1557 2720 τοιοῦτον
1573 2692 1665 2728 συμϐῇ
1682 2699 1762 2724 ποτε,
1776 2699 1884 2726 μνημο-

1091 2739 1182 2767 νεύσει
1199 2740 1228 2767 δέ
1240 2748 1282 2771 τις
1297 2740 1358 2766 ἐκεῖ
1371 2738 1564 2775 τοῦζόνόματός
1581 2747 1632 2773 μου
1648 2738 1748 2772 λέγων·
1769 2737 1799 2763 ’0
1816 2736 1883 2768 Θεὸς

1092 2788 1126 2822 τῇ
1141 2786 1277 2822 πρεσϐείᾳ
1300 2786 1348 2813 τοῦ
1375 2786 1471 2813 δούλου
1497 2794 1544 2812 σου
1565 2785 1681 2812 Βλασίον
1698 2785 1817 2820 τάχυνον
1833 2783 1884 2818 τὴν

1094 2832 1222 2868 βοήθειάν
1238 2840 1298 2864 σου,
1321 2831 1425 2863 εὐθέως
1449 2831 1562 2866 ποίησον
1578 2832 1622 2858 ἐπ’
1638 2831 1723 2858 αὑτὸν
1738 2829 1788 2865 τὴν
1811 2829 1884 2856 ῖασιν

1093 2881 1133 2912 εἰς
1151 2879 1232 2914 δόξαν
1252 2879 1299 2907 καὶ
1314 2878 1397 2914 τιμὴν
1416 2877 1463 2906 τοῦ
1481 2878 1616 2913 ὀνόματός
1640 2887 1699 2906 σου.
1724 2877 1780 2906 Kal.
1797 2877 1827 2904 ιν
1843 2875 1883 2911 τῷ
