2056 3151
195 166 248 199 821

641 165 850 196 CERTAMEN
877 167 906 196 S.
930 165 1056 196 ΒιΑδιι
1087 166 1134 196 ΕΤ
1153 166 1361 199 SOCIOliUM.

1768 174 1822 206 822

195 222 283 249 ειπείν
295 220 378 248 αὐτὸν
389 220 475 248 ταῦτα
484 220 612 255 παραυτά
622 221 829 256 ἀποκατέστησε
837 221 886 248 τδν
898 221 982 249 παῖδα

1038 226 1067 248 et
1093 222 1240 256 episcopus
1270 222 1386 256 Blasius,
1408 231 1463 251 non
1490 225 1578 254 solum
1605 227 1754 261 Sebastca',
1780 231 1828 258 set

195 268 261 303 ὗγιῆ
276 268 314 299 ὡς
328 267 358 294 τὸ
374 267 516 303 πρότερον,
531 268 578 294 καὶ
593 267 739 294 ἀπέδωκεν
751 268 834 295 αὑτὸν
846 269 879 303 τῇ
898 268 983 304 μητρὶ

193 314 278 342 αὑτοῦ
290 314 415 349 ἀσιγήτῳ
433 314 547 349 στόματι
564 313 694 341 αἰνοῦντα
712 315 760 341 καὶ
775 313 922 346 δοξάζοντα
936 315 982 341 τὸν

1039 268 1123 295 etiam
1135 268 1270 302 Nicopoli.
1284 268 1349 297 Erat
1364 270 1438 298 enim
1456 272 1584 300 eruditus
1595 273 1678 300 etiam
1696 274 1723 301 in
1740 275 1830 303 scien-

1039 313 1076 341 tia
1097 314 1237 342 medendi.

195 363 272 390 Θεόν.
288 362 454 396 Διεὸεσόητο
467 361 497 389 δὲ
512 362 527 388 6
541 361 589 388 τοῦ
603 361 671 388 Θεοῦ
689 361 797 396 μάρτυς
810 362 858 388 καὶ
871 361 1022 392 ἐπίσκοπος
1038 360 1153 392 Βλάσιος
1169 361 1199 387 οὐ
1222 363 1303 396 μόνον
1318 363 1346 389 ὲν
1375 363 1408 398 τῇ
1443 363 1605 400 Σεδαστείᾳ,
1636 366 1706 394 ἀλλὰ
1718 367 1765 395 καὶ
1800 369 1830 395 ἐν

193 411 227 445 τῇ
242 408 394 436 Νικοπόλει
405 415 412 423 ·
431 408 650 443 πεπαιδευμένος
667 407 721 443 γὰρ
734 406 768 443 ἧν
782 408 796 435 6
819 408 924 443 μάρτυς
935 408 983 435 καὶ
1003 407 1051 443 τὴν
1068 407 1194 443 ίατρικὴν
1211 407 1383 444 ἐπιστήμην.

227 457 264 483 Δ’.
284 456 363 482 Κατὰ
377 455 406 482 δι
419 455 469 491 τὴν
483 455 542 482 όδδν
559 456 711 491 ἐρχομένου
721 455 770 482 τοῦ
788 455 867 489 ἁγίου
882 455 981 490 συνιῦη

193 503 327 537 πενιχρᾶς
352 510 426 534 τινος
443 502 574 536 γυναικὸς
599 502 648 529 ἕνα
673 503 767 537 χοῖρον
791 502 908 536 ἐχούσης
934 501 983 528 καὶ

192 547 280 582 μηδὲν
311 547 405 583 ἕτερον
431 548 608 583 κεκτημινης
633 547 718 583 αὐτῆς
745 548 908 582 ἀρπαγῆναι
931 547 984 574 ὑπο

191 594 279 621 λύκου
290 603 298 611 ·
316 594 333 630 ἡ
349 594 378 621 δὲ
400 594 470 629 γυνὴ
494 594 577 630 πιστὴ
600 592 668 622 οὖσα
687 593 842 629 προσῆλθεν
857 594 896 629 τῷ
914 594 985 629 ἁγίῳ

193 641 318 676 μάρτυρι
334 641 407 669 κατὰ
418 641 465 668 τοῦ
486 641 579 677 θηρός.
603 641 633 669 '0
655 641 684 669 δὲ
699 641 777 675 ἅγιος
799 640 847 668 τοῦ
864 641 984 677 Χριστοῦ

191 688 286 723 ιερεὺς
300 688 348 715 καὶ
368 688 475 724 μάρτυς
489 688 604 721 Βλάσιος
619 689 818 724 ὑπομειδιάσας
831 688 884 723 ἔφη
899 688 980 724 αὐτῇ·

190 734 235 770 Μὴ
249 734 349 766 λυποῦ,
367 735 460 768 γύναι,
477 735 545 770 mea
554 735 670 770 δάκρυε*
689 735 910 763 ἀποκαθίσταται
927 735 982 771 γάρ

191 789 236 808 σοι
247 781 263 808 6
284 782 376 816 χοίρος
392 781 448 814 ζῶν
462 782 511 809 καὶ
526 782 661 817 ἀϐλαϐής.
681 782 734 810 Kal.
754 783 854 819 ἤρχετο
874 784 888 810 6
904 783 983 817 ἅγιος

191 827 236 854 hri
250 827 303 862 τῆς
315 827 376 855 ὀδοῦ
386 835 394 844 ·
409 827 496 855 αὐτοῦ
510 827 539 855 δι
555 828 601 855 επὶ
615 828 666 864 τὴν
679 829 837 864 ὁδοιπορίαν
852 829 984 857 σπεύδον-

190 882 236 905 τος
253 874 269 900 6
288 873 372 906 λύκος
386 875 495 910 ἀϐλασῆ
511 874 682 909 διαφυλάξας
697 875 742 902 τὸν
759 877 862 911 χοῖρον,
877 877 984 904 ἀπέδω-

1072 454 1117 482 ιν.
1135 454 1165 481 In
1182 455 1281 482 itinere
1299 463 1364 483 vero
1382 456 1556 491 ingrediente
1581 464 1688 491 sancto.
1713 461 1830 496 contigit

1035 505 1066 528 ut
1091 501 1236 537 cujusdam
1263 503 1439 537 paupercula:
1474 504 1617 537 mulieris,
1649 514 1711 540 (uiae
1746 514 1830 534 unum

1036 547 1156 576 habebat
1180 556 1294 584 porcum
1321 554 1349 577 et
1378 550 1447 578 nihil
1472 550 1559 584 aliud,
1589 559 1691 586 porcus
1724 560 1738 580 a
1766 553 1831 588 lupo

1037 599 1195 629 raperetur.
1211 595 1309 622 Mulier
1325 601 1431 630 autem,
1447 604 1508 632 qua
1520 602 1580 624 erat
1597 597 1697 628 ﬁdelis.
1714 599 1831 626 accessit

1037 641 1071 668 ad
1088 645 1214 669 sanctum
1233 646 1383 678 martyrem
1404 649 1502 670 contra
1520 643 1618 670 feram.
1634 644 1752 672 sanctus
1765 653 1831 672 vero

1031 687 1133 715 Christi
1172 688 1302 716 sacerdos
1330 693 1358 716 et
1394 693 1499 725 martyr
1528 689 1638 717 Blasius
1667 689 1829 724 subridens,

1032 733 1103 762 dixit
1118 734 1143 762 ei
1161 743 1168 761 :
1190 734 1228 762 Ne
1245 735 1284 762 sis
1301 734 1398 767 tristis,
1415 742 1432 762 ο
1451 735 1563 768 mulier,
1581 743 1632 764 nec
1653 736 1826 772 lacrymeris.

1034 778 1097 806 'l'ibi
1114 779 1190 807 enim
1207 779 1341 807 reddetur
1360 787 1461 814 porcus
1478 780 1558 807 vivus
1575 783 1603 807 et
1626 779 1738 807 illasus.
1761 779 1832 807 San-

1034 831 1100 855 ctus
1123 831 1215 854 autem
1244 827 1328 862 carpit
1360 828 1414 855 iter
1442 827 1562 862 ingredi.
1588 827 1627 854 Eo
1648 835 1713 855 vero
1738 827 1831 862 ingre-

1038 873 1144 906 diente,
1174 874 1272 909 lupus,
1299 874 1348 909 qui
1368 881 1484 908 porcum
1509 873 1625 902 illaesum
1647 880 1830 901 conservave—

192 928 240 946 κεν
261 920 344 947 αὑτὸν
368 922 402 956 τῇ
432 922 508 956 χήρᾳ
532 922 656 955 γυναικί.
680 922 858 955 Εἰσελθόντος
883 923 912 950 δὲ
937 923 985 950 τοῦ

1038 924 1091 952 rat,
1105 927 1169 947 eum
1185 920 1306 948 reddidit
1323 920 1421 947 viduae.
1442 920 1567 955 Ingresso
1583 924 1674 947 autem
1691 924 1785 947 sancto
1801 919 1830 946 in

193 966 272 1000 ἁγίου
290 966 408 994 Βλασίου
423 967 453 993 ιν
465 968 499 1003 τῇ
520 968 689 1003 μητροπόλει
705 969 856 1004 Σεδαστείᾳ
872 969 984 996 tunsu-

193 1021 242 1040 σεν
268 1014 282 1040 6
309 1013 424 1048 ἡγεμὼν
444 1014 624 1048 Ἀγρικολαος
645 1014 781 1050 βληθῆναι
803 1015 888 1042 αὐτὸν
901 1017 930 1042 ὲν
949 1016 984 1051 τῇ

191 1059 314 1095 φυλακῇ.
333 1061 390 1086 Καὶ
412 1061 446 1095 τῇ
469 1059 532 1094 ἑξῆς
555 1060 672 1092 καθίσας
687 1062 737 1087 ἐπὶ
755 1061 804 1088 τοῦ
825 1061 947 1097 βήματος
971 1063 985 1089 6

191 1107 299 1142 ιρχων,
324 1107 470 1134 ιχέλευσεν
493 1107 611 1143 ἀχθῆναι
625 1107 672 1134 τὸν
688 1107 767 1142 ἅγιον
782 1107 909 1135 Βλάσιον.
930 1107 984 1135 Τοῦ

190 1154 219 1181 δὲ
237 1155 431 1189 παραστάντος
449 1154 511 1182 ἰδὼν
525 1155 608 1182 αὐτὸν
623 1155 637 1181 6
651 1155 766 1191 ἡγεμὼν
786 1155 891 1190 ἧρξατο
910 1155 986 1191 πρῶ.

191 1210 239 1228 τον
255 1201 388 1233 θωπείαις
409 1202 564 1237 κεχρῆσθαι
585 1202 655 1237 πρὸς
669 1202 762 1237 αὐτὸν,
779 1201 827 1229 καὶ
843 1201 986 1238 προτέρως

192 1247 274 1273 αὑτὺν
300 1245 454 1278 ἀσπάζεται
477 1246 566 1280 λέγων
580 1254 588 1262 ⁸
606 1247 738 1283 Χαίροις,
765 1247 984 1282 προσφιλέστατε

193 1293 304 1324 Βλάσιε,
319 1293 381 1327 φῖλε
409 1293 464 1319 τῶν
493 1293 564 1320 θεῶν
589 1293 638 1320 καὶ
655 1293 786 1329 ἡμέτερε.
809 1294 839 1320 ’0
858 1293 886 1320 δὲ
907 1293 985 1327 Mle;

193 1340 311 1371 Βλάσιος
326 1339 401 1373 λέγει
415 1339 501 1375 αὐτῷ·
516 1340 632 1375 Χαίροις
645 1341 693 1367 καὶ
710 1341 753 1372 σὺ,
773 1340 906 1376 κράτιστε
920 1342 986 1375 ήγε-

194 1385 265 1420 μῶν·
280 1386 317 1421 μὴ
332 1385 398 1420 λέγε
411 1385 512 1418 αὐτοὺς
521 1387 612 1421 θεοὺς,
624 1386 694 1414 ἀλλὰ
703 1387 832 1421 δαιμόνια
843 1386 985 1421 ἀκάθαρτα

191 1432 238 1459 καὶ
257 1433 375 1467 πονηρὰ,
394 1433 475 1460 ἅτινα
488 1433 529 1469 τῷ
540 1434 644 1469 αἰωνίῳ
657 1433 705 1461 καὶ
726 1433 899 1469 ἀτελευτήτῳ
915 1433 985 1468 πυρὶ

193 1479 434 1514 παραδοθήσονται
454 1481 523 1514 μετὰ
541 1480 597 1508 τῶν
611 1480 767 1516 σεϐομένων
781 1480 863 1507 αὐτὰ.
885 1479 985 1514 Θυμω-

192 1524 251 1556 θεὶς
277 1525 306 1552 δὲ
328 1526 342 1552 6
367 1525 481 1560 ἡγεμὼν
507 1526 554 1553 επὶ
579 1527 687 1559 τούτοις
712 1526 842 1554 ικέλευσε
875 1526 986 1561 βάκ).οις

192 1571 303 1606 ἀγρίοις
318 1571 470 1598 τύπτεσθαι
496 1572 590 1599 αὐτόν.
619 1573 682 1599 Ἑπὶ
707 1573 819 1603 πολλαῖς
843 1572 872 1599 δὲ
898 1572 986 1607 ὥραις

192 1617 366 1653 τυπτόμενος
381 1619 395 1644 ὁ
417 1618 466 1645 τοῦ
495 1618 613 1653 Χριστοῦ
639 1619 746 1653 μάρτυς
769 1618 887 1650 Βλάσιος
911 1618 987 1652 λέγει

192 1662 262 1697 πρὸς
278 1662 324 1688 τὸν
341 1663 474 1698 ἡγεμόνα²
493 1663 656 1698 ’Δναίσθητε
673 1663 719 1690 καὶ
734 1663 829 1699 ψυχῶν
846 1662 986 1695 ἀπατεὼν,

191 1709 313 1745 ἁφιστᾷν
335 1718 370 1744 με
394 1710 517 1746 νομίζεις
540 1710 585 1737 διὰ
601 1711 656 1738 τῶν
678 1709 803 1745 βασάνων
820 1718 868 1737 σου
889 1713 921 1736 εκ
937 1711 988 1745 τῆς

191 1756 239 1784 τοῦ
260 1756 330 1783 Θεοῦ
348 1765 400 1791 μου
417 1757 575 1792 ὁμολογίας.
586 1757 657 1785 Ἀλλ’
673 1758 703 1785 οὖ
717 1758 831 1785 δύνασαι
842 1765 848 1772 ·
866 1757 919 1792 ἔχω
933 1756 988 1793 γὰρ

192 1804 266 1832 ποίει
282 1804 296 1830 ὃ
313 1803 414 1833 βούλει.

230 1850 322 1880 Ε’.¹Ως
337 1851 366 1875 at
382 1851 432 1876 οὐκ
451 1851 562 1884 ἴσχυσεν
575 1851 588 1876 6
607 1850 788 1883 ἀσεσέστατος
805 1853 919 1887 ἡγεμὼν
937 1862 985 1888 μευ

192 1895 328 1930 ταστῆσαι
349 1895 431 1922 αὑτὸν
446 1895 501 1922 ἀπὸ
517 1896 565 1930 τῆς
578 1897 608 1923 ὲν
623 1895 735 1932 Χριστῷ
752 1898 884 1931 πέστεως,
902 1899 985 1926 πάλιν

193 1942 342 1968 ικέλευσεν
361 1942 553 1977 ,ἀπενεχθῆναι
576 1943 658 1971 αὐτὸν
679 1945 708 1972 ἐν
728 1944 767 1980 τῷ
790 1945 984 1981 δεσμωτηρίῳ.

194 1989 332 2016 Μαθοῦσα
345 1989 374 2016 δὲ
398 1989 415 2024 ἠ
433 1989 549 2025 εὐσεϐὴς
576 1989 664 2026 γραῦς
681 1991 727 2018 καὶ
751 1991 824 2027 χήρα
839 1992 909 2027 γυνὴ
936 1992 985 2028 τὴν

195 2035 348 2070 καρτερίαν
369 2036 416 2062 καὶ
443 2035 584 2071 ὑπομονὴν
610 2036 657 2063 τοῦ
677 2036 757 2071 ἁγίου
785 2038 986 2074 ίερομάρτυρος

195 2081 314 2107 Βλατίου
329 2081 376 2108 καὶ
394 2081 445 2116 τὴν
460 2082 584 2118 ὲμμονὴν
601 2083 654 2117 τῆς
670 2083 790 2116 πίστεως
806 2083 902 2118 αὐτοῦ,
919 2084 988 2119 σφά-

195 2127 265 2159 ξιτα
280 2127 326 2153 τὸν
340 2128 431 2163 χοῖρον
444 2128 474 2154 ὃν
491 2128 613 2156 άπέλαόε
628 2130 704 2164 παρὰ
720 2129 768 2157 τοῦ
782 2129 867 2166 θηρὸς
881 2130 925 2158 διὰ
937 2131 988 2166 τῆς

193 2173 244 2200 τοῦ
273 2173 354 2208 ἁγίου
381 2175 521 2210 μάρτυρος
549 2176 696 2212 ἐπιταγῆς,
721 2177 768 2205 καὶ
795 2177 921 2213 ἐψήσασα
938 2178 988 2214 τὴν

195 2220 319 2256 κεφαλὴν
335 2221 380 2248 καὶ
399 2222 462 2254 τοὺς
480 2221 576 2255 πόδας,
597 2223 645 2250 καὶ
667 2222 788 2259 βαλοῦσα
805 2225 836 2251 ἐν
850 2225 986 2260 κανισκῖῳ

193 2269 228 2295 ὲκ
248 2267 302 2295 τῶν
326 2267 496 2304 σπερμάτων
519 2270 568 2303 τῆς
584 2269 637 2304 γῆς
660 2269 707 2297 καὶ
730 2271 832 2307 ἑτέρων
855 2271 938 2299 τινῶν
953 2273 986 2299 ἐκ

192 2316 243 2350 τῆς
270 2314 365 2347 πενίας
392 2315 479 2351 αὐτῆς
496 2315 566 2351 μετὰ
589 2317 638 2344 καὶ
664 2317 787 2353 ὀπώρας,
817 2318 922 2354 impoti;
953 2328 983 2346 τε

194 2363 288 2397 ἅψασα
316 2363 490 2398 προσήνεγκε
512 2363 552 2399 τῷ
577 2363 648 2400 ἁγίῳ
670 2364 791 2401 μάρτυρι
817 2367 847 2393 ὲν
869 2368 903 2403 τῇ
931 2376 983 2402 φυ.

193 2409 277 2444 λαιῇ,
292 2409 340 2435 καὶ
357 2410 529 2443 προσέπεσεν
542 2409 618 2445 αὐτῷ
629 2410 747 2445 δεομένη
763 2412 809 2438 καὶ
824 2411 984 2440 ίκετεύουσα

196 2455 364 2490 μεταλαϐεῖν
384 2456 413 2489 ἑξ
426 2455 528 2483 αὐτῶν.
544 2456 756 2493 Εὑχαριστήσας
772 2457 801 2485 δὲ
817 2459 830 2485 6
845 2458 922 2493 ἅγιος
937 2459 986 2486 τοῦ

193 2501 314 2538 Χριστοῦ
345 2503 513 2537 ἱερομᾱιρτυς
534 2502 651 2535 Βλάσιος
681 2505 729 2530 καὶ
761 2504 924 2540 μεταλαὸὼν
956 2506 986 2538 ἐξ

193 2547 286 2574 αὐτῶν
299 2547 448 2582 εὐλόγησεν
473 2547 561 2582 αὐτὴν
585 2549 632 2575 καὶ
659 2548 708 2586 εἷθ’
729 2549 816 2582 οὕτως
833 2551 986 2578 ἐνετείλατο

193 2596 265 2629 αὐτῇ
278 2594 381 2627 λέγων·
397 2594 491 2627 Γύναι,
506 2594 594 2630 τούτῳ
610 2594 650 2631 τῷ
665 2597 785 2632 σχήματι
799 2598 920 2625 ἐπιτέλει
936 2598 986 2635 τὴν

197 2642 309 2676 μνήμην
331 2650 393 2675 μου,
410 2641 457 2668 καὶ
471 2641 500 2668 οὐ
526 2643 564 2677 μὴ
583 2643 698 2680 ἐκλείψῃ
722 2645 753 2671 ἐκ
776 2644 823 2672 τοῦ
847 2647 921 2674 οῐκου
936 2655 983 2674 σου

196 2687 363 2723 ἀγαθωσύνη
380 2689 456 2716 πᾶσα
473 2689 549 2724 παρὰ
566 2690 615 2717 τοῦ
638 2690 706 2717 Θεοῦ
731 2699 794 2726 μου,
813 2691 881 2719 ἀλλά
898 2692 946 2719 καὶ
962 2693 990 2720 εἴ

196 2742 237 2765 τις
259 2733 430 2768 μιμούμενός
453 2743 483 2761 σε
509 2735 599 2772 τούτῳ
613 2736 653 2772 τῷ
676 2737 770 2772 τρόπῳ
796 2737 921 2765 ἔπιτελεῖ
936 2738 987 2775 τὴν

199 2781 311 2815 μνήμην
329 2789 390 2815 μου,
408 2780 588 2809 ἀνέκλειπτον
602 2782 658 2816 ἕξει
679 2783 731 2820 τὴν
746 2785 823 2820 παρὰ
846 2783 894 2812 τοῦ
917 2786 986 2814 Θεοῦ

199 2833 249 2858 νο.»
265 2826 372 2860 δωρεὰν
393 2825 440 2852 καὶ
461 2827 590 2862 εὐλογίαν
607 2828 698 2861 πάσας
725 2830 775 2862 τὰς
801 2831 911 2867 ἡμέρας
935 2832 987 2867 τῆς

198 2869 268 2905 ζωῆς
290 2872 383 2900 αὑτοῦ.
410 2872 464 2899 Καὶ
482 2874 498 2909 ἠ
516 2874 565 2909 μὲν
590 2875 670 2911 τιμία
686 2876 733 2904 καὶ
756 2876 878 2914 μακαρία
897 2879 986 2914 γραῦς

235 2930 242 2946 ‘
265 2930 360 2960 Matth.
375 2940 448 2966 xxw,
464 2933 496 2961 l3

1038 966 1214 1001 metropoiim
1240 966 1412 998 Sebasteam,
1433 967 1517 1001 jussit
1542 974 1645 1002 ρηοδες
1668 966 1832 1002 Agricolaus

1037 1020 1102 1040 eum
1116 1013 1216 1047 conjici
1235 1012 1261 1040 in
1278 1013 1444 1041 custodiam.
1465 1013 1513 1040 Die
1543 1020 1608 1040 vero
1636 1013 1763 1047 sequenti
1789 1020 1831 1040 se-

1039 1059 1109 1087 dens
1133 1067 1235 1094 praeses
1259 1059 1287 1086 in
1313 1059 1455 1091 tribunali,
1473 1059 1558 1095 jussit
1583 1059 1683 1086 adduci
1705 1063 1830 1087 sanctum

1038 1106 1170 1134 Blasium.
1185 1106 1254 1134 Cum
1281 1107 1305 1134 is
1330 1110 1424 1134 autem
1453 1106 1609 1138 astitisset,
1630 1105 1730 1133 videns
1766 1113 1829 1132 eum

1039 1159 1151 1188 praeses,
1167 1153 1252 1188 erepit
1265 1153 1386 1188 primum
1408 1160 1471 1181 cum
1487 1160 1520 1180 eo
1536 1160 1616 1187 agere
1633 1151 1785 1184 blanditiis,
1803 1155 1831 1179 et

1039 1199 1117 1234 prius
1143 1206 1207 1226 eum
1234 1200 1345 1232 salutat,
1373 1199 1470 1228 dicens
1501 1208 1508 1227 :
1543 1198 1636 1230 Salve,
1668 1197 1830 1225 charissime

1039 1246 1124 1278 Blasi,
1151 1245 1266 1273 deorum
1292 1247 1381 1274 amice
1407 1251 1436 1274 et
1461 1250 1566 1274 noster.
1591 1246 1710 1273 Sanctus
1738 1249 1830 1272 autem

1039 1293 1147 1320 Blasius
1163 1293 1230 1321 dicit
1247 1293 1272 1321 ei
1293 1303 1299 1319 :
1318 1293 1399 1321 Salve
1416 1296 1444 1320 tu
1463 1300 1585 1328 quoque,
1599 1298 1701 1327 prmses
1714 1291 1828 1326 optime.

1039 1339 1078 1367 Ne
1096 1346 1143 1366 eos
1159 1347 1226 1366 vero
1248 1339 1325 1367 dicas
1347 1339 1425 1372 deos,
1447 1339 1495 1367 sed
1512 1339 1647 1367 daemonia
1664 1347 1670 1366 :
1687 1345 1747 1373 quae
1767 1337 1831 1373 qui-

1039 1384 1102 1412 dem
1119 1384 1264 1412 tradentur
1281 1384 1336 1420 igni
1350 1388 1455 1412 aeterno
1473 1392 1536 1412 cum
1554 1384 1599 1415 iis,
1616 1383 1663 1418 qui
1680 1391 1711 1410 ea
1725 1383 1831 1410 colunt.

1039 1432 1088 1460 His
1113 1439 1215 1468 ιιι-εοεαε
1246 1432 1287 1460 ira
1315 1431 1448 1467 percitus,
1475 1432 1558 1468 jussit
1585 1439 1649 1459 eum
1675 1432 1832 1466 agrestibus

1040 1479 1147 1507 baculis
1162 1477 1315 1506 verberari.
1337 1478 1430 1506 Multis
1448 1483 1541 1506 autem
1568 1477 1644 1504 horis
1666 1477 1831 1504 verberatus

1041 1527 1146 1560 martyr
1175 1523 1278 1552 Christi
1303 1523 1427 1558 gBlasius,
1452 1523 1521 1551 dicit
1550 1522 1659 1557 prmsidi
1676 1521 1723 1550 :0
1754 1522 1831 1549 nullo

1041 1579 1125 1599 sensu
1147 1570 1262 1606 praedite
1291 1573 1319 1598 et
1340 1569 1474 1604 deceptor
1493 1569 1662 1600 animarum,
1681 1572 1762 1604 putas
1787 1576 1830 1595 me

1000 1600 1022 1631 ε
1040 1625 1089 1652 per
1107 1622 1153 1644 tua
1169 1621 1306 1644 tormenta
1323 1616 1462 1644 abducere
1475 1624 1490 1644 a
1501 1616 1550 1644 Dei
1566 1615 1619 1643 mei
1637 1615 1832 1643 confessione?

1041 1663 1095 1691 Sed
1116 1671 1170 1691 non
1186 1668 1274 1699 potes.
1294 1662 1390 1690 Habeo
1405 1662 1480 1690 enim
1502 1662 1595 1691 Iesum
1611 1661 1763 1695 Christum,
1783 1662 1830 1696 qui

1041 1717 1084 1738 me
1102 1710 1276 1738 corroborat.
1293 1709 1332 1738 De
1355 1713 1457 1738 caetero
1473 1709 1517 1737 fac
1535 1708 1609 1744 quod
1626 1708 1759 1737 volueris.

1007 1757 1054 1785 τὸν
1076 1757 1280 1793 ὲνδυνιμοῦντά
1300 1766 1335 1793 με
1361 1756 1468 1793 Ἰησοῦν
1485 1756 1615 1792 Χριστόν.
1659 1756 1696 1783 τὸ
1738 1755 1832 1783 λοιπὸν

1075 1850 1108 1877 ν.
1127 1849 1195 1877 Cum
1210 1853 1301 1876 autem
1315 1856 1370 1876 non
1387 1849 1522 1884 potuisset
1538 1848 1638 1884 impius
1654 1855 1755 1884 przeses
1767 1856 1830 1876 cum

1039 1903 1053 1923 ιι
1071 1896 1124 1923 fide
1140 1895 1289 1928 abducere,
1307 1896 1389 1931 jussit
1403 1904 1467 1924 eum
1486 1905 1583 1924 rursus
1601 1897 1665 1924 duci
1694 1897 1720 1924 in
1737 1905 1831 1925 carce-

1040 1950 1109 1970 rem.
1124 1941 1194 1970 Cum
1207 1949 1273 1969 vero
1286 1942 1439 1977 accepisset
1454 1943 1498 1978 pia
1515 1951 1585 1970 anus
1599 1947 1627 1970 et
1645 1943 1726 1970 vidua
1741 1943 1830 1970 saurli

1040 1989 1169 2024 martyris
1192 1988 1276 2016 Blasii
1293 1989 1480 2021 tolerantiam,
1493 1994 1522 2016 et
1538 1989 1599 2024 ejus
1613 1988 1675 2016 ﬁdei
1701 1979 1831 2016 constan-

1041 2035 1118 2068 tiam,
1137 2043 1199 2062 cum
1218 2035 1363 2063 occidisset
1391 2043 1517 2070 porcum,
1534 2043 1618 2071 quem
1641 2043 1656 2063 a
1677 2035 1733 2062 fera
1752 2042 1831 2063 accc-

1041 2085 1122 2117 perat
1144 2081 1222 2116 jussu
1238 2081 1326 2108 sancti
1350 2082 1491 2117 martyris,
1513 2087 1541 2110 et
1557 2082 1676 2109 coxisset
1700 2086 1783 2117 caput
1801 2086 1830 2110 et

1041 2127 1136 2164 pedes,
1148 2132 1176 2156 et
1191 2128 1217 2155 in
1235 2127 1385 2155 canistrum
1398 2128 1511 2164 jeciSSet
1522 2136 1554 2156 ex
1568 2128 1723 2156 seminibus
1737 2133 1828 2160 terrae,

1041 2180 1070 2202 ct
1087 2174 1228 2210 aliquibus
1241 2173 1302 2202 aliis
1319 2182 1351 2202 ex
1365 2181 1414 2202 sua
1431 2179 1592 2210 paupertate
1605 2181 1667 2201 cum
1679 2173 1827 2206 fructibus,

1041 2229 1192 2257 cereosque
1223 2222 1404 2254 accendisset,
1420 2221 1512 2249 attulit
1529 2221 1562 2249 ad
1578 2226 1702 2249 sanctum
1727 2226 1830 2258 marty-

1041 2277 1098 2296 rem
1116 2269 1142 2296 in
1163 2269 1329 2302 custodiam,
1356 2273 1382 2296 et
1403 2268 1521 2304 procidit
1545 2268 1579 2296 ad
1593 2268 1652 2304 ejus
1673 2268 1767 2303 pedes,
1783 2276 1828 2296 ro-

1038 2323 1104 2352 gans
1120 2321 1150 2344 ut
1161 2324 1194 2344 ex
1213 2316 1254 2343 eis
1268 2320 1399 2344 sumeret.
1417 2315 1486 2344 Cum
1505 2317 1607 2351 gratias
1622 2320 1714 2344 autem
1729 2315 1830 2352 egisset

1039 2368 1163 2394 sanctus.
1177 2368 1205 2391 et
1220 2371 1254 2390 ex
1272 2363 1313 2390 cis
1329 2363 1502 2398 sumpsisset,
1532 2368 1560 2391 et
1584 2363 1739 2395 benedixit,
1756 2368 1784 2390 et
1803 2363 1830 2391 ci

1041 2411 1193 2444 mandavit,
1215 2411 1332 2438 dicens:
1351 2411 1462 2443 Mulier,
1483 2411 1510 2438 in
1529 2411 1581 2438 hoc
1608 2410 1702 2437 habitu
1727 2417 1829 2445 perage

1042 2458 1096 2485 mei
1111 2457 1416 2489 commemorationem,
1445 2461 1472 2485 et
1489 2457 1517 2484 in
1533 2457 1616 2485 domo
1633 2460 1678 2484 tua
1701 2464 1755 2484 non
1779 2456 1829 2485 de-

1042 2504 1115 2532 ﬁciet
1131 2512 1212 2532 omne
1239 2503 1342 2531 bonum
1359 2512 1372 2531 a
1390 2504 1446 2531 Deo
1465 2511 1536 2531 meo.
1558 2503 1612 2531 Sed
1631 2507 1659 2530 et
1677 2503 1700 2530 si
1718 2503 1781 2537 quis
1804 2507 1830 2530 te

1041 2551 1094 2578 hoc
1111 2550 1193 2577 modo
1210 2550 1331 2581 imitans,
1356 2549 1409 2576 mci
1432 2548 1570 2583 peregerit
1588 2547 1831 2575 commemoratio-

1042 2605 1116 2630 nem,
1143 2597 1256 2625 habebit
1283 2604 1299 2624 a
1323 2597 1378 2624 Deo
1405 2603 1467 2623 meo
1482 2600 1648 2631 perpetuum
1673 2595 1784 2622 donum
1802 2599 1830 2622 et

1040 2643 1262 2671 benedictionem
1277 2642 1407 2671 omnibus
1421 2641 1520 2669 diebus
1534 2642 1597 2669 vita:
1614 2649 1680 2668 suae.
1699 2640 1734 2668 Et
1746 2647 1831 2668 vene-

1037 2690 1123 2718 randa
1143 2689 1255 2725 quidem
1270 2689 1313 2716 illa
1330 2694 1358 2716 et
1372 2689 1452 2716 beata
1477 2696 1557 2721 anus,
1572 2692 1687 2723 accepto
1700 2687 1829 2716 mandato

1038 2745 1053 2765 a
1068 2741 1163 2765 sancto
1176 2741 1297 2773 martyre
1316 2736 1416 2767 Blasio,
1434 2735 1520 2762 Deum
1537 2734 1663 2766 laudans,
1683 2734 1751 2762 abiit
1768 2734 1829 2762 laeta

1039 2786 1066 2813 iu
1092 2785 1204 2812 domum
1229 2792 1318 2817 suam,
1349 2788 1376 2811 et
1408 2782 1520 2818 impleta
1545 2783 1596 2810 fuit
1623 2783 1649 2810 in
1672 2782 1723 2810 hac
1748 2782 1828 2810 beata

1039 2831 1122 2860 vidua
1138 2831 1293 2866 Scriptura,
1303 2838 1364 2866 qua:
1374 2829 1461 2857 dicit:
1475 2838 1484 2855 ι
1498 2828 1612 2857 Dicetur
1626 2828 1739 2866 ubique,
1754 2828 1827 2864 quod

1036 2879 1103 2907 fecit
1121 2879 1190 2915 ipsa,
1208 2878 1240 2907 ad
1256 2879 1316 2916 ejus
1338 2877 1498 2907 memoriam
1520 2878 1557 2905 ⁸.»
