2056 3151
242 137 295 171 823

823 148 1016 181 ADDENDA.
1030 165 1062 170 —
1083 153 1181 185 FEBR
1187 156 1236 187 UA
1242 158 1280 188 Β]
1287 159 1343 190 US.

1819 164 1870 196 82l

241 193 336 230 “zaévq
348 195 473 258 ἷαὶσοῦξα
495 198 545 258 ξῆν
565 199 677 254 ἐντολὴν
697 203 771 238 παρὰ
789 205 834 231 τοῦ
854 206 934 240 ἁγίου
974 209 1174 246 ίερομάρτυρος
1207 214 1324 243 Βλασίου
1344 217 1495 251 δοξάζουσα
1524 219 1569 246 τόν
1604 219 1670 246 Θεὸν
1694 220 1778 256 ἀπῄει
1814 224 1873 258 χαῖ-

241 249 327 302 ροιέσα
347 242 394 268 ἐπὶ
417 243 463 270 τὸν
479 242 555 298 οἷκον
567 247 666 302 furiis,
685 251 731 276 καὶ
753 251 903 302 in).quan
929 254 975 280 καὶ
989 242 1136 293 ἱὲννταύτη
1151 242 1184 295 τῇ
1198 263 1281 297 πιστῇ
1694 242 1778 295 ’.δόξίῄ
1790 278 1799 294 ι

239 286 390 322 ληθήσεται
410 292 550 327 πανταχοῦ
565 293 579 320 ὃ
593 295 722 330 ἐποίησεν
739 297 809 333 αὕτη
827 300 866 331 είς
885 301 1061 335 μνημόσυνον
1080 286 1184 339 αὐτῆς,Ι
1196 316 1205 332 ι

272 334 318 362 Ἣ.
337 335 484 371 Tyrannus
506 344 598 368 autem
629 350 692 369 cum
716 345 840 373 secundo

238 380 357 409 sedisset
373 382 401 409 in
420 382 565 418 tribunali,
585 387 667 422 jussit
683 389 782 418 adduci
801 391 848 418 Dei
867 380 1029 428 mart)rem.

239 426 300 460 Quo
311 428 443 463 adducto,
459 431 526 459 dicit
538 433 563 460 ei
578 441 680 468 praeses
697 444 704 463 :
722 436 805 469 Blasi,
832 438 924 466 diisne
942 426 1031 467 sacri-

239 473 318 507 ﬁcas,
334 484 369 503 an
387 477 427 505 vis
445 479 515 506 male
530 481 643 515 perire?
665 483 739 511 Dixit
761 490 872 513 sanctus
898 486 1005 514 Blasius
1022 495 1029 514 :

239 520 294 554 Dii,
311 522 360 557 qui
383 524 484 552 ccelum
500 531 529 554 et
547 532 650 556 terram
669 538 724 557 non
742 531 880 564 fecerunt,
903 537 1030 568 pereant.

239 568 327 601 Quam
340 574 368 597 tu
381 576 473 599 autem
489 574 556 601 mihi
575 576 689 604 minaris
704 583 833 610 mortem,
854 587 886 607 ea
911 580 977 607 mihi
991 580 1031 607 vi-

239 616 294 640 tam
310 619 441 644 aeternam
457 619 628 648 conciliabit.
643 621 748 650 Pnescs
760 631 825 651 vero
839 633 902 652 cum
916 625 1031 653 vidisset

236 659 297 694 ejus
313 661 394 689 ﬁdem
410 663 623 700 immutabilem,
636 669 717 703 jussit
733 677 796 697 eum
822 671 849 698 in
872 671 946 706 ligno
968 680 1031 700 sus-

237 714 353 740 pensum
371 710 438 738 caedi
462 712 653 742 vehementer.
675 715 743 743 Cum
768 717 814 744 diu
833 723 923 746 autem
942 720 1030 747 caade-

237 758 315 800 retur
330 761 434 792 martyr
459 757 508 786 Dei
533 759 650 793 Blasius,
672 762 741 789 dicit
757 762 820 791 duci
838 773 844 791 ι
860 765 882 792 0
902 765 985 800 impie
1001 771 1030 795 et

239 798 346 835 inique,
363 806 481 836 putasne
500 812 543 832 me
568 811 672 835 terrere
688 809 797 844 plagis?
820 810 915 839 Habeo
934 798 1028 840 desum

236 846 388 880 Christum,
409 850 458 885 qui
483 859 528 879 me
553 853 725 886 corroborat.
741 861 769 883 et
792 864 847 884 non
863 858 949 886 timeo
972 866 1027 892 tua,

239 901 301 928 quae
317 895 458 930 videntur,
477 903 624 932 tormenta,
642 901 780 937 aspiciens
804 904 838 931 ad
857 904 940 938 bona,
968 913 1029 941 quae

236 946 445 976 exspectantur,
458 952 520 980 quae
548 951 612 974 sunt
638 949 774 982 promissa
800 951 846 983 iis,
869 952 916 986 qui
939 951 1029 987 ipsum

237 993 377 1020 quaerunt.
394 989 472 1018 Tunc
480 991 564 1027 jussit
575 1001 677 1028 pwses
690 1003 753 1023 eum
768 996 802 1023 de
816 997 892 1031 ligno
914 998 1025 1032 deponi.

235 1032 307 1060 Cum
329 1035 428 1064 fuisset
456 1043 548 1066 autem
566 1040 719 1074 depositus,
733 1042 815 1077 jussit
839 1051 902 1071 eum
930 1053 1026 1072 rursus

235 1079 337 1115 conjici
358 1080 386 1108 in
404 1083 572 1113 custodiam.
591 1085 661 1113 Cum
690 1095 756 1115 vero
786 1088 973 1117 abduceretur
997 1090 1025 1117 in

236 1126 392 1155 custodiam
418 1134 532 1159 sanctus
558 1138 663 1169 martyr
685 1133 802 1167 Blasius,
830 1143 894 1163 ecce
920 1141 1026 1171 septem

236 1171 369 1200 mulieres
381 1173 432 1208 piae
447 1177 619 1206 et.timentcs
634 1179 731 1212 Deum,
749 1189 812 1208 eum
825 1181 1023 1216 sequebantur,

234 1219 405 1254 excipientes
423 1224 599 1258 sanguinem.
618 1227 664 1260 qui
685 1234 720 1254 ex
742 1228 802 1262 ipso
816 1227 979 1261 distillabat,
998 1233 1026 1257 et

235 1265 341 1300 seipsas
364 1275 510 1302 tingentes.
532 1270 605 1303 Quas
620 1280 682 1299 cum
710 1273 847 1302 vidissent
871 1274 985 1302 lictores
997 1279 1026 1303 et

235 1312 499 1347 apprehendisscnt.
525 1316 665 1344 duxerunt
691 1318 724 1345 ad
751 1319 909 1354 praesidem,
935 1321 960 1348 ei
983 1321 1025 1348 di.

235 1363 330 1386 centes
352 1368 360 1387 :
382 1360 430 1388 Hae
455 1369 567 1397 quoque
598 1368 664 1392 sunt
687 1364 860 1394 Christianae.
887 1367 954 1395 Cum
978 1376 1025 1396 eas

235 1409 328 1432 autem
353 1414 457 1440 praeses
473 1408 599 1440 vidisset.
624 1410 692 1438 dicit
705 1411 746 1439 cis
763 1421 769 1439 :
787 1413 1024 1448 Persuadeamini,

236 1455 265 1478 et
281 1451 335 1479 diis
349 1454 515 1488 sacriﬁcate,
534 1460 564 1483 ut
583 1464 697 1492 magnos
713 1458 856 1488 honoresa
871 1468 914 1488 me
929 1468 1026 1489 conse-

236 1499 372 1532 quamini.
389 1500 561 1530 Venerandae
580 1511 647 1531 vero
661 1509 689 1532 et
704 1509 805 1533 sanctae
826 1507 957 1535 mulieres
972 1508 1025 1535 illae

235 1546 448 1580 respondentes,
473 1548 604 1577 dixerunt
628 1550 653 1578 ei
673 1559 680 1578 :
699 1550 728 1578 Si
745 1552 798 1584 vis,
820 1560 837 1580 ο
857 1561 970 1588 praeses,
995 1559 1024 1582 ut

233 1591 289 1619 diis
307 1592 362 1620 tuis
378 1594 576 1628 sacriﬁcemus,
595 1604 692 1625 eamus
708 1605 795 1633 prapc
811 1599 900 1627 lacum
920 1609 927 1627 :
950 1605 978 1628 et
995 1605 1023 1628 tu

233 1638 345 1674 quidem
357 1640 475 1670 immitte
488 1641 555 1671 deos
565 1648 627 1672 tuos
638 1644 664 1671 in
677 1652 799 1677 saccum,
811 1650 839 1673 et
849 1655 897 1675 eos
909 1648 1024 1681 plumbo

867 354 1025 381 progressus

1117 352 1162 385 ς’.
1188 354 1217 381 '0
1238 355 1266 382 δὲ
1279 356 1412 392 τύραννος
1437 358 1467 384 ὲν
1489 358 1607 395 δευτέρᾳ
1624 361 1730 396 προόδῳ
1754 361 1871 395 καθῖσας

1082 396 1130 424 ἐπὶ
1146 398 1201 431 ,τοῦ
1230 401 1354 437 βήματος
1375 404 1520 431 ἑκυευσεν
1537 406 1654 440 ἀχθῆναι
1675 407 1721 434 τὸν
1737 405 1785 434 τοῦ
1800 408 1869 435 Θεοῦ

1083 444 1224 481 μάρτυρα.
1246 447 1389 483 Ἀχθέντος
1397 450 1424 477 δὲ
1437 451 1520 478 αὐτοῦ
1536 451 1610 485 λέγει
1626 453 1702 488 αὐτῷ
1716 455 1730 480 ό
1745 455 1868 490 ἡγεμών·

1081 491 1193 525 Βλάσιε,
1223 494 1298 527 θύεις
1327 497 1385 528 τοῖς
1402 496 1474 528 θεοῖς
1503 498 1519 533 ἢ
1542 498 1631 530 θέλεις
1658 500 1755 532 κακῶς
1771 501 1869 528 ἀπολέ-

1082 538 1163 572 σθαι;
1188 540 1218 566 Ὀ
1237 540 1316 575 ἅγιος
1331 542 1447 575 Βλάσιος
1456 541 1534 571 εἶπεν
1545 552 1552 560 ·
1575 546 1636 572 Geel
1652 546 1677 572 οἳ
1692 547 1738 573 τὸν
1752 548 1868 580 οὐρανδν

1081 585 1127 611 καὶ
1139 586 1189 621 τὴν
1200 587 1259 622 ζγῆν
1274 588 1324 615 οὐκ
1340 589 1474 624 ἐποίησαν
1496 591 1758 620 ἀπολέσθωταν.“ον
1776 593 1807 619 δὲ
1825 595 1868 626 σὺ,

1079 631 1207 666 τύραννε,
1224 634 1348 666 ἀπειλεῖς
1372 645 1417 670 μοι
1435 636 1561 670 θάνατον,
1586 637 1660 672 ζωῆς
1672 638 1785 664 αίωνίου
1803 639 1869 674 πρό-

1081 676 1157 710 ξενός
1179 687 1225 713 μοι
1238 681 1395 715 γενήσεται.
1417 681 1445 708 '0
1460 682 1489 708 δὲ
1523 682 1640 718 ἡγεμὼν
1654 683 1826 719 θεασάμενος
1839 685 1870 711 τὸ

1080 723 1251 757 ἀμετάθετον
1265 726 1348 753 αὑτοῦ
1368 727 1420 762 τῆς
1434 728 1552 760 πίστεως
1567 729 1711 757 ἐκέλευσεν
1722 730 1806 757 αὐτὸν
1823 731 1869 757 ἰπὶ

1079 770 1126 796 τοῦ
1146 769 1226 803 ξύλου
1245 774 1437 808 ἀναρτηθέντα
1459 774 1569 808 ξὲεσθαι
1588 776 1716 808 εὐτόνως.
1733 776 1868 812 Ξεόμενος

1080 817 1108 843 δὲ
1122 818 1135 844 ό
1149 818 1197 844 τοῦ
1212 819 1280 846 Θεοῦ
1296 820 1404 855 μάρτυς
1426 822 1542 854 Βλάσιος
1561 823 1608 849 ἐπὶ
1633 823 1715 855 πολὺ,
1732 823 1808 857 λέγει
1830 823 1868 858 τῷ

1080 864 1208 898 ἡγεμόνι·
1221 863 1257 892 Ὦ
1269 867 1434 894 ἀσεϐέστατε
1454 870 1502 895 καὶ
1517 869 1674 904 παράνομε,
1692 869 1816 903 νομίζεις
1835 878 1869 904 με

1080 910 1200 945 πληγαῖς
1212 914 1398 946 καταπτοεῖνς
1413 915 1489 948 Ἔχω
1507 915 1613 949 Ἰησοῦν
1626 914 1745 951 Χριστὸν
1759 917 1869 944 ινδυνα-

1082 955 1185 990 μοῦντά
1202 965 1247 992 με,
1271 958 1318 984 καὶ
1339 958 1370 985 οὐ
1398 958 1537 995 φοϐοῦμαι
1562 969 1610 986 σου
1624 960 1676 991 τὰς
1698 960 1870 996 βλεπομένας

1042 1020 1066 1050 Β
1082 1001 1228 1036 βασάνους,
1245 1004 1410 1031 ἀποϐλέπων
1426 1005 1467 1036 είς
1489 1007 1524 1032 τὰ
1538 1006 1754 1042 προσδοκώμενα
1777 1007 1868 1042 ἀγαθὰ

1080 1049 1113 1075 τὰ
1129 1049 1327 1085 ἐπηγγελμένα
1357 1052 1414 1083 τοῖς
1431 1052 1513 1078 αὑτὸν
1529 1052 1703 1088 ικζητοῦσιν.
1726 1054 1794 1080 Τότε
1807 1054 1867 1080 ὲκε-

1080 1097 1177 1123 λευσεν
1204 1097 1218 1123 ό
1246 1097 1361 1132 ἡγεμὼν
1389 1099 1591 1133 κατενεχθῆναι
1623 1099 1706 1126 αὑτὸν
1737 1100 1792 1127 ἀπὸ
1821 1100 1868 1127 τοῦ

1079 1142 1171 1175 ξύλου.
1199 1143 1416 1178 Κατενεχθέντος
1441 1144 1471 1171 δὲ
1500 1146 1584 1172 αὑτοῦ
1625 1146 1709 1174 πάλιν
1743 1146 1870 1173 ἐκέλευεν

1079 1189 1162 1216 αὑτὸν
1178 1188 1312 1225 βληθῆναι
1327 1191 1355 1217 ιν
1368 1192 1401 1226 τῇ
1423 1191 1544 1227 φυλακῇ.
1569 1192 1760 1227 ’Δπαγομόνου
1773 1193 1802 1220 δὲ
1820 1193 1868 1220 τοῦ

1079 1235 1159 1270 ἁγίου
1189 1236 1386 1272 ίερομάρτυρος
1410 1238 1526 1265 Βλασίου
1559 1239 1587 1265 ὲν
1610 1239 1644 1273 τῇ
1675 1239 1793 1273 φυλακῇ,
1814 1239 1867 1265 ίδοὺ

1079 1282 1209 1314 γυναῖκες
1223 1282 1296 1310 ἑπτὰ
1325 1283 1448 1316 εὐσεϐεῖς
1471 1285 1519 1311 καὶ
1544 1284 1712 1319 φοϐούμεναι
1738 1284 1786 1312 τον
1801 1285 1867 1312 Θεὸν

1079 1327 1244 1361 ἠκολούθουν
1273 1330 1360 1364 αὐτῷ,
1384 1330 1529 1365 δεχόμεναι
1557 1332 1591 1358 τὰ
1616 1331 1809 1364 ἀποστάζοντα
1838 1333 1868 1365 ἑξ

1078 1374 1162 1400 αὐτοῦ
1185 1375 1292 1409 αἵματα
1318 1376 1365 1402 καὶ
1393 1376 1493 1408 ἑαυτὰς
1521 1377 1729 1411 ἐπαλείφουσαι.
1759 1378 1866 1411 Ταύτας

1078 1420 1169 1446 τοίνυν
1185 1421 1285 1453 ίόόντες
1295 1422 1318 1448 οἱ
1335 1421 1428 1457 δήμιοι
1439 1422 1488 1454 τὰς
1503 1425 1636 1457 γυναῖκας
1648 1425 1694 1451 καὶ
1710 1425 1867 1460 κρατήσαν-

1079 1475 1124 1498 τες
1137 1467 1224 1499 αὑτὰς
1234 1468 1380 1503 ἀπήγαγον
1403 1469 1442 1503 τῷ
1457 1470 1574 1504 ἡγεμόνι
1591 1464 1718 1503 λέγοντας
1735 1471 1811 1506 αὐτῷ
1827 1472 1866 1498 ὅτι

1079 1513 1133 1539 Καὶ
1150 1510 1231 1540 αὗται
1246 1514 1411 1549 Χριστιαναί
1426 1516 1506 1543 εἰσιν.
1528 1515 1601 1542 Ἰδὼν
1620 1516 1648 1542 δὲ
1663 1516 1749 1548 αὑτὰς
1771 1519 1785 1544 ὁ
1800 1519 1866 1553 ἡγε-

1080 1559 1138 1593 μὼν
1156 1559 1232 1594 λέγει
1253 1560 1323 1595 πρὸς
1336 1561 1423 1593 αὑτάς
1434 1569 1441 1576 ·
1457 1562 1603 1596 nucem.
1623 1562 1669 1590 καὶ
1685 1563 1786 1590 θύσατε
1809 1565 1865 1597 τοῖς

1078 1604 1159 1637 θεοῖς,
1176 1605 1218 1632 ἵνα
1231 1606 1288 1638 fuit
1302 1605 1382 1641 δόξης
1404 1607 1451 1634 καὶ
1473 1607 1564 1641 τιμῶν
1581 1608 1709 1642 μεγάλων
1731 1609 1865 1645 ἁξιωθῆτι

1079 1652 1143 1687 παρ’
1162 1652 1230 1687 ἐμοῦ
1251 1653 1312 1679 ἐπεὶ
1328 1653 1440 1687 μέλλετε
1455 1654 1562 1689 πικρῶς
1573 1654 1769 1690 ἀποθνήσκειν.
1786 1656 1818 1683 Δί
1834 1657 1864 1683 δὶ

233 1686 348 1722 obsigna
372 1697 378 1715 :
403 1697 453 1717 nos
473 1695 566 1718 autem
590 1699 654 1719 cum
674 1692 845 1720 abluerimus
864 1694 957 1722 vultus
975 1703 1025 1722 no-

1078 1686 1246 1732 siptatruat
1272 1686 1351 1733 ἅγιαι
1381 1699 1486 1727 ἐκεῖναι
1507 1686 1644 1734 ’γυναῖκες
1672 1686 1866 1738 αποκριθείσαι

233 1736 308 1760 stros
334 1733 361 1759 in
385 1733 459 1767 lacu,
481 1737 656 1770 accedemus,
678 1742 707 1765 et
730 1738 771 1766 eis
794 1739 1024 1769 sacriﬁcabimus.

235 1777 283 1804 llis
309 1777 416 1807 laetatus
443 1787 557 1814 praeses,
584 1782 618 1809 ad
641 1790 688 1809 eas
714 1783 831 1811 adduxit
855 1784 923 1813 deos
948 1793 1023 1814 suos.

234 1822 290 1850 Illae
307 1827 400 1851 autem
429 1832 493 1853 cum
521 1834 569 1854 eos
596 1828 780 1862 accepissent,
808 1829 971 1865 dejecerunt
995 1835 1024 1858 et

235 1869 430 1898 demerserunt
450 1871 477 1899 in
495 1873 634 1908 profundo
647 1875 734 1902 lacus.

1074 1741 1152 1770 εἷπον
1164 1744 1239 1779 αὐτῷ
1250 1753 1257 1760 ·
1273 1745 1304 1772 El
1319 1745 1417 1779 θέλεις,
1433 1742 1456 1773 ὦ
1470 1746 1594 1781 ἡγεμὼν,
1607 1748 1651 1774 ἵνα
1666 1748 1795 1784 θύσωμεν
1809 1751 1866 1782 τοῖς

1075 1789 1147 1821 θεοῖς
1168 1799 1226 1823 σου,
1252 1791 1432 1826 πορευθῶμεν
1458 1793 1528 1828 ὁμοῦ
1555 1793 1669 1828 ἔγγιστα
1688 1795 1738 1829 τῆς
1755 1793 1864 1830 λίμνης,

1077 1834 1124 1860 καὶ
1148 1835 1180 1859 σὺ
1205 1836 1255 1868 μὲν
1275 1836 1338 1868 βάλε
1355 1837 1419 1866 τοὺς
1445 1837 1524 1866 θεούς
1549 1844 1596 1862 σου
1622 1840 1663 1868 είς
1689 1840 1793 1864 σάκκον
1816 1842 1866 1866 καὶ

1077 1879 1228 1915 σφράγισον
1246 1880 1345 1910 αὐτοὺς
1357 1880 1488 1916 μολίϐδῳ,
1505 1882 1587 1917 ἡμεῖς
1603 1882 1633 1909 δὲ
1660 1882 1809 1917 νιψάμεναι
1830 1883 1865 1910 τὰ

234 1917 370 1951 πρόσωπα
384 1918 464 1954 ἡμῶν
480 1919 511 1948 ἐν
526 1922 560 1956 τῇ
590 1920 673 1958 λίμνῃ
697 1921 892 1957 προσέλθωμεν
907 1923 963 1951 ’καὶ
988 1924 1113 1961 θύσωμεν
1128 1927 1232 1958 αὐτοῖς.
1264 1926 1357 1954 Ταῦτα
1373 1927 1493 1960 ἀκούσας
1528 1929 1542 1955 ό
1563 1928 1675 1963 ἡγεμὼν
1709 1929 1757 1956 καὶ
1788 1939 1866 1964 περι-

234 1964 322 1999 καιρίῃ
345 1965 494 2001 γενόμενος
519 1969 708 2004 προσήνεγκεν
731 1969 828 2001 αὐταῖς
855 1971 918 2002 τοὺς
942 1970 1022 2004 θεοὺς
1041 1973 1137 2002 αὑτοῦ.
1157 1974 1190 2000 At
1205 1974 1233 2001 δὲ
1255 1973 1387 2001 λαϐοῦσαι
1403 1975 1504 2007 αὐτοὺς
1537 1975 1665 2003 ἐνέϐαλον
1698 1977 1866 2004 καταποντί-

234 2018 318 2037 exeat
335 2012 377 2044 είς
387 2012 433 2040 τὸν
449 2014 530 2049 βυθὸν
545 2015 595 2048 τῆς
610 2015 720 2051 λίμνης.

269 2058 328 2087 νιι.
353 2060 422 2088 Cum
439 2061 498 2089 lucc
511 2062 628 2090 vidisset
643 2071 753 2098 praeses,
769 2067 798 2092 et
815 2064 908 2092 furore
928 2064 1025 2094 fuisset

234 2107 370 2140 percitus,
389 2107 470 2135 valde
487 2108 600 2142 rugiens
617 2110 754 2143 sicutleo,
768 2115 795 2138 et
813 2110 948 2146 plaudens
964 2119 1024 2139 ma-

234 2153 327 2187 nibus,
343 2153 395 2182 fuit
409 2155 558 2183 admodum
576 2156 664 2184 iratus
675 2157 820 2188 militibus.
836 2163 864 2185 et
878 2157 948 2186 dixit
961 2159 1002 2186 eis
1016 2168 1022 2186 :

232 2199 254 2226 0
267 2200 380 2235 pessimi
394 2201 525 2234 ministri,
544 2209 595 2230 cur
607 2211 663 2230 non
681 2203 748 2231 deos
766 2203 933 2238 retinuistis,
945 2213 979 2233 ne
995 2205 1022 2233 in

1112 2068 1152 2095 Z.’
1173 2067 1247 2094 Ἰδὼν
1272 2067 1300 2094 δὲ
1320 2068 1408 2095 ταῦτα
1436 2068 1451 2094 ό
1475 2067 1591 2103 ἡγεμὼν
1607 2067 1757 2103 ἡλλοίωσεν
1782 2068 1865 2096 αὑτοῦ

1078 2113 1128 2148 τὴν
1150 2113 1224 2148 ὖψιν,
1244 2114 1292 2140 καὶ
1309 2113 1436 2149 ἐμμανὴς
1460 2114 1607 2148 γενόμενος
1635 2114 1739 2149 σφόδρα
1763 2114 1865 2149 βρύξας

1077 2159 1172 2194 ὥςπερ
1185 2159 1264 2192 λέων,
1275 2160 1323 2187 καὶ
1339 2162 1478 2195 κροτῆσας
1489 2160 1539 2192 τὰς
1551 2161 1645 2195 χεῖρας
1659 2159 1742 2188 αὑτοῦ
1760 2159 1867 2194 ἐθυμώ-

1079 2205 1129 2241 θην
1144 2205 1205 2233 λίαν
1219 2205 1291 2233 κατὰ
1298 2206 1353 2232 τῶν
1367 2206 1552 2242 στρατιωτῶν,
1569 2205 1616 2232 καὶ
1628 2203 1704 2232 εἶπεν
1716 2214 1724 2222 ·
1737 2203 1773 2232 Ὦ
1787 2206 1866 2233 κάκι-

233 2247 401 2280 proiundum
415 2248 492 2276 lacus
508 2249 706 2284 injicercntur?
717 2249 925 2285 Respondentes
933 2255 1024 2278 autem

1081 2261 1139 2280 στοι
1155 2254 1203 2280 καὶ
1219 2253 1303 2280 δεινοὶ
1326 2253 1473 2288 ὑπηρέται,
1487 2252 1532 2279 διὰ
1548 2253 1575 2279 τί
1591 2253 1621 2279 οὐ
1635 2252 1786 2288 κατέσχετε
1802 2253 1865 2283 τοὺς

234 2295 345 2328 milites,
359 2295 490 2324 dixerunt
503 2297 612 2330 praesidi
631 2306 637 2324 :
652 2296 674 2324 0
686 2298 788 2332 optime
803 2305 914 2332 praeses,
932 2298 1025 2325 dolum

234 2341 283 2369 tibi
295 2341 396 2369 locutae
410 2346 475 2370 sunt
488 2342 530 2369 lia:
539 2343 680 2376 mulieres,
695 2348 724 2370 ct
732 2343 799 2370 deos
815 2348 877 2371 tuos
888 2344 1026 2371 demerse-

232 2392 308 2416 runt.
319 2386 374 2416 Nos
386 2395 453 2416 vero
461 2389 514 2416 hoc
522 2389 688 2422 nescientes,
697 2397 745 2417 eos
752 2397 808 2417 non
821 2389 970 2417 tenuimus.
981 2390 1026 2417 Di-

234 2439 336 2463 xerunt
357 2439 449 2463 autem
463 2435 517 2463 illae
534 2440 636 2463 sanctae
652 2441 680 2463 et
695 2437 861 2464 venerandae
874 2437 1022 2464 mulieres:

232 2483 308 2511 Deus
316 2489 400 2510 verus
408 2481 502 2510 dolum
512 2490 566 2509 non
574 2482 739 2517 patitur,sed
748 2483 831 2510 surda
840 2483 948 2517 lignaet
955 2483 1025 2518 lapi-

232 2530 292 2561 des.
308 2533 338 2557 et
348 2536 450 2556 aurum
463 2531 490 2555 et
499 2533 656 2563 argentum,
666 2532 805 2560 etomnes,
820 2530 867 2564 qui
882 2528 1026 2556 conﬁdunt

233 2578 261 2605 in
276 2577 328 2605 eis.
344 2576 423 2604 Tunc
430 2576 525 2604 furore
534 2575 656 2611 percitus
664 2582 776 2610 praeses,
787 2576 870 2610 jussit
884 2575 1023 2602 fornacem

230 2623 347 2653 accendi
361 2621 643 2653 vehementissimam,
655 2625 682 2649 et
701 2621 812 2649 dissolvi
828 2620 981 2656 plumbum,
996 2623 1025 2647 et

230 2670 334 2697 [ιιι-γοοδ
343 2668 436 2696 aﬁ‘erri
444 2668 577 2702 pectines,
584 2672 612 2695 ct
622 2671 727 2702 septem
738 2675 828 2695 teneas
838 2667 952 2694 laminas
960 2674 1024 2694 can-

231 2713 328 2742 dcﬁeri
339 2722 346 2740 :
358 2712 534 2747 splendidum
544 2712 758 2739 autemlinteum
767 2712 910 2739 extendiin
923 2712 976 2740 alio
985 2713 1024 2740 lu-

232 2768 276 2793 eo,
293 2760 418 2795 dixitque
436 2759 538 2786 sanctis
550 2759 715 2787 mulieribus
735 2767 741 2788 :
767 2759 865 2794 Eligite
877 2768 961 2787 unum
989 2769 1024 2788 ex

232 2806 352 2839 duobus,
362 2811 409 2833 aut
418 2805 534 2833 adorare
545 2810 573 2832 et
583 2805 636 2833 diis
647 2805 815 2838 sacriﬁcare,
824 2811 851 2833 et
859 2814 1023 2835 conservare

232 2852 338 2880 animas
346 2855 462 2884 vestras,
471 2851 643 2880 ambulantes
664 2852 690 2879 in
704 2852 803 2885 linteo,
819 2857 875 2885 aut,
886 2852 908 2880 si
920 2852 1022 2886 nolitis,

230 2899 351 2938 experiri
364 2902 501 2930 tormenta
509 2906 569 2936 quae
575 2903 638 2928 sunt
646 2899 723 2928 vobis
731 2904 835 2935 parata.
850 2899 907 2929 Una
918 2907 982 2930 vero
992 2908 1024 2930 ex

1079 2300 1156 2332 θεοὺς
1170 2300 1214 2327 ἵνα
1231 2299 1267 2335 μὴ
1286 2298 1460 2334 ὲμϐληθῶσιν
1480 2299 1510 2326 ὲν
1530 2299 1570 2334 τῷ
1591 2298 1665 2335 βυθῷ
1682 2299 1732 2333 τῆς
1750 2299 1863 2333 λίμνης;

1078 2346 1110 2372 Οί
1122 2346 1151 2373 δὲ
1166 2346 1334 2382 στρατιῶται
1349 2346 1546 2380 ἀποκριθέντες
1568 2343 1645 2372 εἶπον
1669 2345 1708 2380 τῷ
1724 2345 1840 2380 ἡγεμόνι
1855 2352 1862 2360 '

1077 2390 1112 2419 Ὦ
1130 2393 1262 2428 κράτιστε
1276 2391 1400 2428 ἡγεμὼν,
1416 2392 1492 2419 δόλον
1506 2400 1547 2418 σοι
1561 2391 1698 2427 ἐλάλησαν
1720 2392 1748 2418 αἱ
1771 2391 1863 2425 γυναῖ-

1076 2447 1125 2470 κες
1140 2435 1237 2466 αὗταιο
1263 2438 1464 2466 κατεπόντισαν
1480 2438 1542 2469 τοὺς
1558 2437 1636 2469 θεούς
1651 2446 1709 2464 σου.
1727 2437 1823 2472 Ἡμεῖς
1835 2436 1863 2462 δὲ

1079 2484 1117 2519 μὴ
1132 2484 1314 2518 γινώσκοντες
1329 2484 1408 2511 τοῦτο
1428 2484 1478 2510 οὐκ
1495 2484 1690 2519 ἐκρατήσαμεν
1711 2483 1808 2514 αὑτάς.
1830 2483 1863 2508 At

1076 2529 1103 2556 δὲ
1120 2530 1210 2564 τίμιαι
1233 2530 1337 2557 ἐκεῖναι
1362 2529 1409 2556 καὶ
1432 2529 1509 2563 ἅγιαι
1535 2531 1665 2564 γυναῖκες
1690 2527 1778 2556 εἶπον·
1797 2529 1863 2560 Θεὸς

1076 2575 1203 2611 ἀληθινὸς
1214 2576 1288 2602 δόλον
1301 2576 1330 2602 οὐ
1341 2574 1453 2610 πόίσχει,
1469 2576 1493 2602 εί
1509 2575 1546 2611 μὴ
1560 2575 1626 2608 ξύλα
1640 2575 1720 2609 κωφὰ
1735 2575 1782 2601 καὶ
1796 2575 1863 2600 λίθοι

1077 2621 1123 2646 καὶ
1141 2620 1239 2655 χρυσὸς
1257 2621 1306 2647 καὶ
1326 2620 1449 2655 ἄργυρος
1465 2621 1514 2646 καὶ
1536 2620 1637 2652 πάντες
1653 2621 1677 2646 οἱ
1701 2619 1862 2650 πεποιθότες

1076 2667 1120 2693 ἐπ’
1135 2668 1237 2699 αὐτοῖς.
1250 2667 1316 2694 Τότε
1337 2666 1463 2702 ἐμμανὴς
1480 2666 1627 2701 γενόμενος
1647 2667 1660 2693 ὁ
1676 2666 1790 2701 ἡγεμὼν
1803 2665 1863 2692 sxt-

1075 2715 1172 2741 λευσεν
1203 2713 1336 2749 ὲγκαῆναι
1359 2714 1475 2748 κάμινον
1491 2713 1686 2748 σιροδροτάτην,
1708 2713 1756 2739 καὶ
1788 2713 1864 2746 μόλι-

1077 2762 1138 2788 ϐδον
1153 2761 1278 2796 λυθῆναι,
1290 2760 1336 2787 καὶ
1349 2761 1442 2787 κτένια
1453 2760 1552 2794 σιδηρᾶ
1565 2759 1721 2795 ἐνεχθῆναι,
1734 2759 1782 2785 καὶ
1794 2758 1863 2785 ἑπτὰ
1904 2775 1907 2778 ι

1077 2806 1234 2840 συμψέλλια
1250 2804 1338 2840 χαλκᾶ
1355 2805 1527 2840 πυρωθῆναι,
1538 2804 1697 2839 ἁπλωοῆναι
1708 2804 1756 2830 καὶ
1766 2804 1863 2838 ουόνην

1075 2852 1205 2888 λαμπρὰν
1221 2853 1250 2879 ὲν
1265 2851 1352 2886 ἑτέρῳ
1366 2851 1456 2886 τόπῳ·
1476 2851 1522 2877 καὶ
1536 2848 1596 2877 εἷπε
1613 2851 1681 2886 πρὸς
1695 2851 1744 2881 τὰς
1760 2850 1842 2884 ἁγίας
1852 2856 1860 2864 ·

1081 2897 1244 2933 Ἐκλέξασθε
1262 2897 1290 2926 ἓν
1308 2899 1339 2926 ὲκ
1352 2898 1406 2925 τῶν
1418 2897 1464 2926 δύο
1475 2905 1481 2911 ’
1492 2897 1508 2934 ἢ
1519 2898 1706 2933 προσκυνῆσαι
1722 2897 1770 2924 καὶ
1780 2896 1862 2924 θῦσαι
