2056 3151
189 137 247 169 825

650 138 858 170 CERTAMBN
875 139 906 170 S.
922 138 1050 170 BLASII
1071 138 1120 169 ΕΤ
1135 139 1350 170 SOCIORUM.

1768 138 1822 172 526

179 194 238 225 ut;
249 192 330 224 θεοῖς,
339 192 387 220 καὶ
397 191 483 220 σῶσαι
501 193 552 225 τὰς
565 192 655 228 ψυχὰς
672 194 750 228 ὑμῶν
766 194 969 230 περιπατοῦσαι
982 222 984 227 ,

1035 195 1066 228 is,
1077 195 1262 223 babensduos
1274 203 1388 231 pueros,
1401 197 1494 232 rapuit
1511 197 1629 225 linteum
1646 201 1674 224 et
1686 196 1782 232 injecit
1792 197 1821 225 in

182 240 211 266 tv
220 240 253 275 τῇ
268 239 358 275 ὀθόνῃ,
371 239 387 274 ἢ
402 239 439 275 μὴ
452 239 631 275 βουλομέναις
646 241 812 277 πειραθῆναι
825 243 881 273 tot;
896 242 972 276 ἡτοι-

1024 245 1197 273 ροτιιοεειιιει
1206 242 1233 269 id
1245 242 1491 270 combussit.Pueri
1501 247 1592 270 autem
1601 243 1730 270 dicebant
1740 242 1820 270 matri

185 285 336 320 μασμένοις
365 287 429 321 ὑμῖν
459 285 666 321 κολαστηρίοις.
691 288 749 314 Μία
769 288 798 316 δι
824 288 854 321 δε
878 288 969 315 αὐτῶν

1035 287 1255 316 ιυεινειιεηηὰι
1263 292 1350 314 mater
1359 292 1501 319 nostrame
1511 289 1585 315 sinas
1592 296 1643 316 nos
1651 289 1676 315 in
1687 288 1738 316 hac
1746 294 1821 316 terra

184 332 282 367 ἔχουσα
298 332 392 359 παιδία
409 333 457 359 δύο
471 333 621 368 ἁρπάσασα
633 334 684 370 τὴν
697 333 793 370 ὀθόνην
810 334 971 370 ὶμσαλοῦσα

1035 336 1151 363 nterire:
1161 335 1208 363 sed
1217 335 1358 371 quomodo
1369 343 1420 362 nos
1429 335 1578 370 implevisti
1593 336 1708 370 pulchro
1721 341 1748 364 et
1758 343 1822 364 sna-

184 378 222 431 εἱς
236 377 286 413 τὴν
303 379 419 412 κάμινον
443 378 615 407 κατέκαυσεν
641 380 738 414 αὑτήν.
756 380 796 407 Τὰ
820 380 849 407 δὲ
875 380 971 407 παιδία

1035 381 1138 408 rissimo
1149 387 1197 409 tuo
1206 382 1288 414 lacte,
1298 390 1348 410 nos
1356 390 1466 417 quoque
1477 383 1559 417 imple
1574 390 1659 417 regno
1672 383 1820 410 caelorum.

184 424 263 450 εἷπον
279 424 348 460 πρὸς
367 425 416 460 τὴν
431 426 540 461 μητέρα
557 426 647 453 αὐτῶν
660 435 668 442 ·
694 427 780 462 Τιμία
795 427 875 462 ἡμῶν
896 427 997 462 μῆτερ,
1019 427 1056 463 μὴ
1077 429 1187 464 ἀφήσῃς
1218 429 1293 464 ἡμᾶς
1326 428 1373 455 hri
1398 429 1447 464 τῆς
1458 429 1510 462 γῆς
1529 428 1633 463 ταύτης
1660 429 1820 460 ἀπολέσθαι,

184 471 243 497 ἀλλ’
259 471 298 503 ὡς
314 472 468 507 ἐνέπλησας
481 473 557 508 ἡμᾶς
576 474 623 499 τοῦ
648 473 732 500 καλοῦ
747 474 794 500 καὶ
807 474 904 502 ἀδόλου
943 475 990 501 καὶ

185 517 231 544 καὶ
247 517 299 553 τῆς
314 519 457 555 βασιλείας
475 520 529 547 τῶν
544 520 679 556 οὐρανῶν.

222 586 267 614 H’.
289 587 319 614 ’0
337 588 365 615 δὲ
380 589 492 624 ἡγεμὼν
512 589 638 617 ἐκέλευσε
661 590 853 626 κρεμασθῆναι
877 590 974 623 αὐτὰς,

187 633 234 658 καὶ
253 632 364 664 suae“
380 635 472 661 αὐτῶν
488 635 538 666 τὰς
565 636 671 671 σάρκας
695 637 764 671 μετὰ
781 637 835 664 τῶν
859 637 975 664 κτενίων

184 678 242 705 τῶν
257 680 395 714 σηδηρῶν.
412 682 443 708 Oi
458 683 486 708 δὲ
507 683 674 718 στρατιῶται
697 683 834 718 ἐθεώρουν
855 684 896 711 ὅτι
914 683 975 711 ἀντὶ

184 725 307 759 αἳματος
333 727 403 760 γάλα
437 727 533 763 ἔρρεον
549 730 576 756 al
597 730 701 764 σάρκες
727 730 828 757 αὐτῶν.
856 730 893 757 Οὐ
921 730 975 765 μὴν

184 769 255 796 ἀλλὰ
273 771 320 797 καὶ
339 771 366 798 αι
390 772 492 806 σάρκες
507 774 600 801 αὐτῶν
621 774 749 810 ἑωρῶντο
766 775 895 810 λαμπραὶ
909 775 976 802 ὡσεὶ

185 815 265 850 χιὼν,
281 817 323 844 ὅτι
337 817 448 852 ἄγγελοι
462 820 564 855 Κυρίου
581 821 761 853 κατελθόντες
780 821 828 848 καὶ
842 821 978 856 θεραπεύ-

187 870 289 894 σαντες
313 864 408 898 ελεγον
431 865 529 897 αὐταῖς
541 874 549 882 ο
561 866 605 902 Μὴ
631 867 775 901 (ροσεῖσθε⁸
793 868 807 894 6
819 867 904 898 καλὸς
925 868 980 902 γὰρ

1029 475 1201 509 γλυκυτάτου
1228 483 1277 502 σου
1301 475 1448 510 γάλακτος,
1470 474 1559 507 οὕτως
1584 475 1724 510 ἔμπλησον
1748 475 1824 510 ἡμᾶς

1064 591 1134 620 Vill.
1154 590 1258 618 Praeses
1282 594 1374 618 autem
1396 589 1478 624 jussit
1500 597 1549 617 eas
1571 588 1714 624 suspendi,
1729 592 1758 616 et
1772 595 1821 617 ea-

1029 646 1088 666 rum
1098 645 1198 664 carnes
1208 636 1321 664 lacerari
1333 636 1489 672 pectinibus
1500 634 1750 663 ferreis.Videbant
1759 642 1826 662 vero

1029 683 1129 711 milites
1143 691 1175 710 es
1197 691 1292 710 earum
1305 681 1436 710 carnibus
1451 689 1562 709 manare
1581 682 1624 709 lac
1647 689 1698 717 pro
1713 681 1826 715 sangui-

1030 738 1075 758 ne.
1094 729 1165 763 Quin
1187 729 1270 757 etiam
1288 736 1382 757 earum
1399 736 1499 756 carnes
1525 727 1712 756 cernebantur
1733 732 1762 754 ut
1778 727 1825 754 nix

1029 776 1164 804 candidae.
1187 775 1284 812 Angeli
1302 775 1376 804 enim
1401 775 1530 808 Domini,
1545 775 1591 811 qui
1609 774 1824 805 descenderant.

1031 829 1095 850 cum
1115 829 1162 850 eas
1186 827 1341 854 curassent,
1368 821 1499 849 dicebant
1523 821 1563 848 eis
1588 828 1594 846 :
1623 820 1663 848 Ne
1693 819 1825 847 timeatis.

1033 868 1126 896 Bonus
1151 868 1226 896 enim
1257 868 1404 903 operarius
1425 875 1488 896 cum
1518 871 1613 895 astate
1639 866 1775 901 inceperit
1798 869 1827 892 et

188 908 313 944 ιργάτης
329 910 485 946 ἀρξάμενος
501 913 529 938 ιν
540 912 618 948 θέρει
632 914 679 940 καὶ
694 913 819 945 τελέσας,
838 913 885 941 καὶ
905 913 983 940 εὔλο-

1036 914 1194 950 perfecerit,
1209 918 1238 942 et
1253 922 1267 942 a
1285 913 1398 941 domino
1423 913 1516 949 operis
1540 912 1625 940 fuerit
1650 911 1827 943 benedictus,

189 954 288 990 γηθεὶς
303 957 379 992 παρὰ
392 957 440 984 τοῦ
455 958 613 994 ὲργοδότου,
635 959 684 987 καὶ
708 959 800 986 λαϐὼν
820 959 867 986 τὸν
886 959 981 995 μισθὸν

189 1000 284 1032 αὑτοῦ.
303 1003 410 1038 χαίρων
429 1005 581 1040 πορεύεται
599 1006 639 1037 είς
660 1006 706 1033 τὸν
720 1004 797 1033 οῐκον
815 1005 908 1032 αὑτοῦ.
928 1005 982 1032 οὖ-

189 1056 246 1080 τως
268 1047 316 1076 οὖν
342 1051 390 1077 καὶ
408 1051 488 1086 ὑμεῖς
514 1052 699 1085 ἀγωνίσασθε,
725 1052 800 1083 ὅπως
825 1051 982 1087 ἀπολάϐητε

188 1095 269 1130 καρὰ
287 1096 335 1122 τοῦ
352 1097 480 1132 Σωτῆρος
496 1097 576 1132 ἡμῶν
601 1097 690 1132 Ἰησοῦ
709 1098 828 1133 Χριστοῦ
851 1099 902 1133 τὴν
917 1099 983 1126 alti)—

191 1148 251 1167 νιον
265 1141 313 1167 καὶ
329 1142 511 1177 ἀτελεύτητον
527 1143 613 1179 ζωήν.
631 1144 699 1171 Τότε
718 1145 733 1171 6
746 1143 859 1180 ἡγεμὼν
874 1145 984 1171 ἐκέλευ-

193 1193 243 1230 σεν
267 1188 480 1224 κατενεχθείσας
495 1190 582 1222 αὐτὰς
606 1190 741 1225 βληθῆναι
766 1191 795 1217 ὲν
811 1192 843 1226 τῇ
863 1191 983 1226 καμίνῳ.

193 1233 250 1258 Καὶ
275 1233 429 1268 βληθέντων
443 1235 535 1262 αὐτῶν
551 1236 654 1268 εύθέως
677 1237 786 1271 ἐπαύθη
800 1237 830 1264 τὸ
853 1237 920 1273 πῦρ,
937 1237 984 1263 καὶ

193 1278 383 1314 ιξεσλήθησαν
410 1282 443 1308 lx
470 1282 522 1316 τῆς
547 1283 666 1318 καμίνου
690 1283 720 1310 αι
750 1284 828 1318 ἅγιαι
854 1284 985 1318 γυναῖκες

191 1324 325 1357 ἀϐλαϐεῖς
339 1327 520 1361 φυλαχθεῖσαι
535 1330 568 1364 τῇ
588 1329 635 1356 τοῦ
652 1330 757 1366 Κυρίου
781 1330 884 1365 χάριτι.
901 1330 983 1364 Λέγει

192 1368 241 1395 οὖν
259 1371 326 1405 πρὸς
343 1372 430 1404 αὑτὰς
445 1373 459 1399 6
475 1374 600 1409 ἡγεμών
621 1375 838 1412 ’Δπορρίψαντες
853 1375 904 1408 τὰς
919 1385 984 1412 γοη-

193 1415 271 1448 τείας
292 1418 371 1451 ὑμῶν
394 1420 559 1454 προσέλθετε
577 1422 625 1448 καὶ
641 1422 742 1449 θύσατε
757 1424 812 1454 τοῖς
829 1423 901 1455 θεοῖς
921 1432 983 1458 μου.

192 1462 226 1488 At
253 1461 282 1488 δὲ
308 1462 387 1497 ἅγιαι
406 1464 477 1491 ἑπτὰ
502 1467 634 1500 γυναῖκες
656 1467 695 1499 ὡς
718 1467 749 1499 ἐξ
766 1468 825 1499 ἑνὸς
850 1468 985 1503 στόματος

191 1506 270 1534 εἷπον
285 1509 372 1544 αὐτῷ’
386 1510 431 1544 Μή
445 1518 486 1537 σοι
506 1511 620 1546 γένηται
633 1511 725 1544 τοῦτο,
741 1514 816 1539 κύων
834 1514 986 1548 αίμοπότα,

191 1554 235 1580 ίνα
251 1554 335 1589 ἡμεῖς
353 1555 564 1590 καταλείψωμεν
587 1557 634 1583 τὸν
650 1557 755 1593 Κύριον
777 1558 857 1594 ἡμῶν
880 1559 985 1594 Ἰησοῦν

189 1601 321 1635 Χριστὸν,
338 1601 386 1628 καὶ
398 1603 638 1637 προσκυνήσωμεν
651 1603 745 1636 λίθους
758 1605 807 1630 καὶ
818 1604 886 1638 ξύλα
901 1605 985 1640 δμοιά

191 1654 240 1673 σου
258 1646 342 1680 κωφὰ
356 1647 404 1674 καὶ
427 1647 591 1683 ἀναίσθητα.
615 1649 652 1675 Τδ
665 1649 758 1676 λοιπὸν
773 1649 845 1676 ποίει
863 1650 877 1676 6
894 1650 984 1686 βούλει

191 1693 234 1723 είς
251 1693 339 1728 ἡμᾶς·
353 1693 402 1720 καὶ
416 1693 471 1729 γὰρ
493 1693 541 1721 καὶ
556 1695 640 1729 ἡμεῖς
654 1695 824 1730 κεκλημέναι
842 1696 927 1732 ισμδν
955 1697 985 1723 ιν

1032 966 1061 989 et
1077 961 1232 988 mercedem
1246 961 1306 996 ejus
1317 959 1469 995 acceperit,
1482 959 1562 986 laetus
1578 958 1654 986 vadit
1675 958 1701 985 in
1714 957 1828 985 domum

1032 1014 1121 1034 suam.
1135 1006 1182 1034 Sic
1195 1014 1261 1040 ergo
1275 1013 1323 1033 vos
1336 1013 1446 1040 quoque
1458 1004 1598 1032 decertate
1610 1008 1638 1031 et
1650 1011 1665 1031 a
1680 1003 1828 1030 Servatore

1033 1058 1128 1081 nostro
1142 1052 1207 1080 Jesu
1223 1051 1336 1079 Christo
1351 1056 1482 1079 mternam
1500 1053 1529 1077 et
1544 1057 1606 1085 quas
1619 1056 1760 1084 nunquam
1778 1049 1828 1076 de-

1033 1100 1102 1128 sinit
1116 1100 1199 1126 vitam
1213 1097 1365 1133 accipiatis.
1381 1097 1459 1124 Tunc
1470 1104 1572 1132 praeses
1583 1096 1668 1132 jussit
1683 1102 1730 1122 eas
1741 1094 1827 1129 depo-

1033 1144 1101 1172 sitas
1122 1144 1174 1179 jaci
1191 1143 1219 1171 in
1237 1143 1387 1171 caminum.
1405 1142 1474 1169 Cum
1491 1146 1582 1168 antem
1604 1141 1684 1176 iacta:
1699 1139 1828 1172 inissent,

1034 1191 1161 1226 protinus
1175 1189 1293 1218 cessavit
1304 1189 1386 1223 ignis,
1399 1194 1427 1216 et
1440 1189 1535 1223 ejecta!
1549 1191 1615 1214 sunt
1626 1195 1659 1214 ex
1670 1186 1782 1213 fornace
1797 1185 1829 1212 il-

1034 1237 1104 1264 laesa:
1115 1241 1284 1263 conservata:
1293 1240 1393 1263 sancta:
1405 1234 1545 1262 mulieres.
1553 1233 1697 1260 Dicitvero
1708 1233 1748 1260 eis
1761 1240 1831 1266 pne-

1034 1289 1078 1310 ses
1087 1281 1220 1316 :Abjectis
1232 1281 1332 1309 vestris
1345 1279 1503 1316 praestigiis,
1512 1279 1683 1311 acccdite,ct
1695 1276 1748 1305 diis
1761 1277 1830 1304 meis

1034 1327 1200 1356 sacriﬁcate.
1210 1327 1318 1355 Sanctae
1329 1331 1421 1354 autem
1430 1328 1536 1360 septem
1548 1324 1688 1355 mulieres,
1699 1327 1828 1358 tanquam

1035 1382 1091 1402 uno
1100 1381 1147 1401 ore
1158 1373 1288 1401 dixerunt
1296 1373 1320 1400 ei
1333 1372 1390 1400 :Ne
1403 1371 1451 1399 tibi
1460 1369 1530 1399 bene
1543 1371 1590 1403 sit,
1601 1378 1617 1397 o
1629 1370 1666 1397 ﬁli
1675 1368 1788 1400 diaboli,
1799 1373 1830 1396 ut

1035 1429 1087 1449 nos
1106 1421 1300 1456 relinquamus
1316 1418 1465 1447 Dominum
1488 1421 1616 1445 nostrum
1628 1416 1724 1444 Jcsum
1748 1415 1830 1443 Chri-

1035 1472 1120 1500 stum,
1137 1472 1165 1495 et
1182 1467 1329 1494 adoremus
1352 1465 1460 1500 lapides
1476 1468 1504 1491 et
1528 1463 1615 1498 ligna,
1629 1469 1690 1497 quae
1706 1465 1772 1488 sunt
1790 1460 1830 1488 si-

1036 1514 1140 1542 militer
1154 1518 1238 1548 atque
1254 1518 1295 1544 tu,
1308 1512 1392 1539 surda
1406 1514 1434 1538 et
1453 1510 1531 1537 nullo
1549 1516 1631 1536 sensu
1647 1507 1770 1544 pradita.
1790 1507 1828 1534 De

1037 1563 1138 1588 caetero
1158 1558 1199 1586 l’ac
1218 1559 1246 1585 in
1267 1565 1330 1590 nos,
1346 1557 1419 1592 quod
1447 1556 1528 1583 velis.
1553 1554 1621 1582 Nam
1645 1561 1695 1581 nos
1718 1560 1829 1588 quoque

1038 1607 1140 1631 vocatae
1156 1608 1253 1629 sumus
1270 1601 1297 1628 in
1315 1607 1430 1636 regnum
1444 1599 1591 1627 cmlornm.
1609 1597 1688 1625 'l‘unc
1699 1597 1746 1632 ‘ira
1766 1603 1830 1631 per-

1037 1649 1109 1677 citus
1121 1654 1235 1683 praeses,
1250 1646 1313 1674 tulit
1325 1646 1353 1673 in
1365 1653 1413 1674 eas
1424 1644 1591 1672 sententiam
1603 1652 1611 1671 :
1621 1647 1650 1670 et
1660 1641 1829 1677 accipientes

1037 1702 1085 1723 cas
1095 1694 1218 1727 lictores,
1229 1694 1369 1721 duxerunt
1378 1699 1425 1720 eas
1439 1691 1473 1719 ad
1487 1691 1579 1718 locum
1591 1690 1633 1718 eis
1644 1688 1828 1724 propositum.

189 1740 224 1774 τῇ
239 1738 367 1775 βασιλείᾳ
396 1740 451 1766 τῶν
464 1740 598 1776 οὐρανῶν.
616 1740 683 1768 Τότε
705 1743 818 1777 χολέσας
830 1744 839 1755 ⁸
854 1743 868 1770 6
891 1742 1002 1778 ἡγεμὼν
1023 1742 1123 1769 ἔδωκεν
1138 1742 1188 1777 τὴν
1201 1740 1262 1768 κατ’
1276 1739 1367 1768 αὐτῶν
1391 1739 1540 1774 ἀπόφασιν,
1565 1737 1612 1764 καὶ
1626 1735 1754 1767 λαθόντες
1782 1734 1831 1761 αὗ-

190 1785 242 1817 τὰς
253 1786 280 1812 οι
296 1786 389 1821 δήμιοι
405 1787 551 1822 ἀπήγαγον
567 1787 614 1814 ἰπὶ
628 1788 675 1815 τδν
691 1789 873 1825 προκείμενον
887 1790 983 1821 αὑταῖς
1003 1790 1100 1817 τόπον.

227 1850 268 1878 6'.
283 1851 315 1876 Δί
328 1851 355 1877 δὲ
372 1852 449 1886 ἆγιαι
465 1851 535 1878 ἑπτὰ
555 1853 684 1886 γυναῖκες
700 1852 826 1880 ελθοῦσαι
842 1854 871 1880 ἐν
885 1854 924 1889 τῷ
940 1854 985 1880 τό-

191 1904 236 1931 πῳ
251 1892 273 1930 ᾧ
286 1896 399 1932 ἔμελλον
423 1897 592 1925 τελειοῦσθαι
610 1899 783 1933 παρεκάλουν
799 1900 862 1931 τοὺς
871 1900 986 1936 δημίους

192 1941 345 1976 λέγουσαι·
377 1944 578 1980 Συγχωρήσατε
611 1946 677 1980 ἡμῖν
708 1946 910 1980 προσεύξασθαι
939 1947 986 1973 ἐπὶ

195 1990 297 2024 μικρόν
310 1998 318 2006 ·
337 1990 383 2016 καὶ
399 1989 526 2016 κλίνασαι
540 1990 575 2017 τὰ
589 1991 690 2025 γόνατα
704 1992 794 2018 αὐτῶν
813 1992 860 2018 επὶ
871 1993 921 2027 τὴν
936 1993 987 2027 γῆν

191 2032 271 2062 εἶπον
289 2034 376 2067 οὕτως
391 2043 398 2050 ·
414 2036 482 2069 Δόξα
501 2044 542 2063 σοι
555 2037 594 2071 τῷ
612 2037 723 2072 μεγάλῳ
738 2038 786 2064 καὶ
802 2037 989 2073 δεδοξασμένῳ

194 2081 276 2114 ἡμῶν
292 2081 364 2116 Θεῷ,
384 2082 448 2114 δόξα
470 2090 512 2109 σοι
525 2082 565 2116 τῷ
583 2083 751 2118 βασιλεύοντι
770 2084 810 2116 είς
822 2083 922 2115 αἰῶνας
935 2084 989 2118 Ἰη-

191 2127 239 2154 σοῦ
254 2129 388 2163 Χριστοῦ,
406 2129 469 2163 δόξα
486 2138 529 2156 σοι
542 2129 582 2165 τῷ
592 2131 665 2166 ἡμᾶς
677 2130 824 2157 καλέσαντι
837 2131 866 2158 ἐν
882 2131 927 2167 τῇ-
936 2131 989 2166 ὀδῷ

190 2173 241 2208 τῆς
254 2174 430 2210 ἁγαθότητός
448 2184 506 2204 σου.
534 2177 582 2209 Τίς
597 2177 652 2212 γὰρ
676 2176 738 2209 θεὸς
763 2177 850 2212 μέγας
868 2177 905 2209 ὡς
922 2177 954 2204 σὺ
974 2178 988 2204 6

191 2222 259 2254 Θεὸς
272 2221 364 2258 ἡμῶν,
387 2223 401 2249 6
416 2223 594 2258 ἁποχωρίσας
606 2224 679 2259 ἡμᾶς
693 2223 726 2250 ὲκ
745 2222 791 2250 τοῦ
809 2223 923 2254 σκότους
940 2224 987 2251 καὶ

198 2269 317 2301 καλέσας
335 2271 374 2302 εἰς
398 2269 429 2296 τδ
445 2270 502 2304 φῶς
526 2269 556 2296 τὸ
577 2269 704 2305 ἀληθινὸν
725 2270 772 2297 καὶ
800 2271 988 2305 γλυκύτατον;

196 2315 243 2341 Διὸ
256 2316 375 2352 δεόμεθά
392 2325 451 2350 σου,
469 2316 567 2352 Κύριε,
583 2317 790 2353 συναρίθμησον
804 2318 850 2344 καὶ
867 2317 942 2354 ἡμᾶς
960 2319 989 2345 ὲν

1075 1853 1123 1881 1x.
1143 1852 1251 1881 Sanctae
1267 1856 1360 1880 autem
1376 1857 1482 1887 septem
1506 1851 1640 1879 mulieres
1660 1858 1722 1878 cum
1738 1849 1837 1877 veniae

1038 1904 1102 1928 sent
1124 1899 1158 1927 ad
1176 1900 1280 1932 locum,
1299 1901 1326 1927 in
1346 1907 1402 1934 quo
1425 1903 1506 1926 erant
1524 1897 1759 1929 consummandte,
1786 1903 1832 1923 ro-

1039 1951 1140 1982 garunt
1169 1947 1293 1980 lictores,
1316 1945 1442 1973 dicentes
1471 1944 1647 1973 :Concedite
1676 1943 1768 1974 nobis,
1801 1945 1832 1968 ut

1038 1999 1189 2028 parumper
1213 2000 1357 2028 precemur
1372 2001 1379 2020 :
1396 1996 1425 2019 et
1450 1991 1528 2018 ﬂexis
1546 1991 1573 2017 in
1589 1994 1690 2017 terram
1705 1988 1830 2023 genibus.

1038 2038 1079 2066 sic
1095 2038 1225 2066 dixerunt
1243 2047 1250 2064 :
1269 2037 1362 2065 Gloria
1375 2037 1436 2069 tibi,
1450 2043 1550 2071 magno
1568 2040 1596 2063 et
1612 2034 1765 2070 gloriﬁcato
1779 2041 1831 2061 no-

1039 2089 1098 2112 stro
1113 2084 1187 2117 Deo;
1200 2083 1287 2119 gloria
1302 2083 1352 2110 tibi
1367 2082 1488 2114 Christe,
1501 2081 1549 2116 qui
1567 2089 1665 2116 regnas
1681 2081 1707 2107 in
1719 2079 1829 2112 saecula,

1040 2130 1089 2166 qui
1108 2138 1159 2158 nos
1177 2129 1281 2158 vocasti
1300 2129 1329 2158 in
1353 2129 1426 2156 viam
1453 2127 1587 2156 bonitatis
1604 2132 1668 2154 tuae.
1697 2125 1764 2159 Quis
1788 2131 1832 2153 est

1039 2176 1114 2204 enim
1129 2183 1256 2211 magnus,
1271 2175 1344 2203 sicut
1359 2179 1387 2202 tu
1403 2174 1476 2202 Deus
1492 2178 1598 2206 noster,
1614 2173 1662 2208 qui
1677 2180 1727 2200 nos
1741 2171 1831 2200 fecisti

1041 2221 1171 2250 recedere
1189 2229 1206 2250 a
1231 2221 1364 2253 tenebris,
1387 2225 1416 2248 et
1434 2219 1538 2247 vocasti
1556 2226 1608 2246 nos
1624 2218 1659 2246 ad
1676 2225 1767 2245 veram
1790 2217 1833 2244 lu-

1039 2276 1100 2296 cem
1126 2272 1154 2296 et
1186 2267 1398 2296 suavissimam?
1430 2266 1616 2299 Quamobrem
1646 2272 1776 2300 rogamus
1792 2269 1830 2295 te,

1039 2317 1166 2349 Domine,
1185 2323 1236 2344 nos
1251 2322 1423 2344 connumera
1448 2322 1512 2342 cum
1534 2315 1621 2349 prima
1638 2318 1760 2348 martyre
1785 2316 1832 2338 tua

195 2362 228 2396 τῇ
250 2362 317 2398 ἁγίᾳ
332 2363 380 2390 καὶ
397 2363 614 2398 πρωτομάρτυρί
630 2372 678 2390 σου
693 2363 784 2400 Θέκλῃ
802 2363 984 2399 προσδεχόμε-

1042 2364 1154 2396 Thecla.
1167 2363 1306 2399 accipiens
1317 2363 1548 2391 intercessionem
1565 2358 1730 2388 sanctissimi
1744 2357 1832 2394 patris

194 2414 238 2438 νος
252 2407 302 2443 τὴν
327 2408 476 2443 πρεσϐείαν
488 2408 535 2434 τοῦ
561 2409 712 2436 όσιωτάτου
731 2410 834 2445 πατρὸς
846 2409 924 2444 ἡμῶν
941 2409 990 2436 ttat

198 2455 326 2489 ποιμένος
346 2455 462 2482 Βλασίου
478 2455 527 2482 τοῦ
543 2456 728 2490 όδηγήσαντος
757 2457 832 2492 ἡμᾶς
856 2456 925 2492 πρὸς
939 2455 989 2491 τὴν

196 2498 310 2535 ἄθλησιν
342 2501 445 2536 ταύτην
470 2501 518 2528 καὶ
543 2502 697 2529 ἀπόλαυσιν
723 2502 772 2538 τῆς
799 2503 910 2529 αἰωνίου
941 2511 986 2529 σου

196 2543 277 2580 ζωῆς.
294 2545 388 2573 Ταῦτα
416 2547 506 2573 τοίνυν
525 2547 675 2582 εὐξάμεναι
703 2548 729 2574 αι
757 2547 834 2582 ἆγιαι
860 2550 988 2582 γυναῖκες

197 2592 242 2617 καὶ
255 2593 409 2620 ἀναστᾶσαι
436 2594 467 2620 ὲκ
481 2593 529 2620 τοῦ
546 2594 671 2628 ἐδάφους,
688 2594 736 2620 καὶ
756 2595 914 2622 ὲκτείνασαι
938 2595 988 2627 τὰς

196 2639 290 2674 χεῖρας
307 2639 397 2667 αὐτῶν
425 2640 472 2667 καὶ
488 2640 673 2667 ἀνανεύσασαι
695 2641 760 2672 τοὺς
775 2641 931 2675 ὀφθαλμοὺς
947 2642 988 2673 είς

196 2684 241 2710 τὶν
255 2686 372 2722 οὐρανὸν
387 2687 417 2712 ὲν
432 2686 542 2722 καθαρᾷ
553 2687 653 2722 καρδίᾳ
671 2686 720 2714 καὶ
736 2688 786 2722 μιᾷ
808 2687 881 2722 ψυχῇ
907 2685 985 2714 εἷπον

196 2731 264 2765 πρὸς
281 2733 328 2760 τόν
348 2733 431 2760 Θεόν·
458 2734 527 2766 Δόξα
555 2742 613 2767 σοι,
634 2734 721 2769 Κύριε
738 2735 752 2761 6
771 2734 838 2766 Θεὸς
862 2735 951 2770 ἡμῶν,
971 2736 986 2762 6

197 2778 370 2811 καταξιώσας
400 2780 475 2815 ἡμᾶς
505 2780 546 2811 είς
565 2780 594 2807 τὸ
614 2780 808 2816 θυσιαστήριόν
836 2789 884 2807 σου
904 2780 987 2808 τοῦτο

197 2828 370 2862 παραστῆναι
378 2827 417 2859 ὡς
431 2827 563 2859 ἁσπίλους
574 2827 698 2863 ἀμνάδας
707 2827 754 2855 καὶ
765 2827 886 2862 λογικάς.
899 2827 988 2864 Πρόσ-

197 2867 270 2902 διξαι
297 2872 354 2908 οὖν,
373 2872 508 2909 Δέσποτα,
533 2874 581 2903 καὶ
608 2873 657 2907 τὰς
675 2873 765 2910 φυλὰς
791 2873 871 2910 ἡμῶν
899 2874 927 2902 ιν
944 2874 983 2904 τῆ»

1038 2410 1127 2438 nostri
1145 2414 1172 2438 et
1183 2409 1302 2445 pastoris
1318 2407 1414 2440 Blasii,
1430 2407 1478 2443 qui
1501 2405 1616 2434 deduxit
1631 2413 1682 2433 nos
1709 2405 1742 2432 ad
1760 2404 1831 2431 hanc

1037 2457 1182 2485 veritatem
1205 2460 1233 2483 et
1257 2454 1420 2483 [tuitionem
1448 2455 1514 2480 vita:
1535 2457 1657 2480 tmen-me.
1684 2451 1747 2479 Haec
1767 2457 1830 2477 cum

1039 2508 1140 2531 sancta:
1158 2503 1275 2530 fuissent
1298 2506 1416 2536 precatae
1434 2501 1576 2531 mulieres,
1599 2504 1627 2526 et
1650 2507 1665 2526 e
1692 2499 1751 2526 solo
1767 2505 1831 2524 sur-

1039 2549 1186 2580 rexisscnt,
1204 2553 1229 2575 et
1245 2555 1344 2575 manus
1358 2555 1423 2576 suas
1436 2547 1636 2578 extendissent,
1654 2551 1682 2573 et
1699 2546 1787 2573 oculis
1803 2546 1831 2573 in

1040 2596 1140 2624 ccelum
1166 2595 1366 2629 suspexissent.
1391 2595 1495 2622 mundo
1511 2593 1594 2620 corde
1619 2598 1647 2620 et
1667 2600 1722 2619 uno
1737 2592 1830 2620 animo

1041 2643 1097 2670 Deo
1121 2642 1276 2670 dixerunt:
1295 2641 1387 2669 Gloria
1414 2641 1477 2674 tibi,
1495 2640 1609 2668 Domine
1632 2639 1703 2667 Deus
1725 2643 1830 2670 noster,

1041 2688 1088 2723 qui
1105 2696 1156 2715 nos
1171 2687 1301 2723 dignatus
1317 2695 1347 2716 es
1362 2688 1459 2715 sistere
1483 2687 1516 2714 ad
1542 2687 1614 2714 bane
1642 2691 1716 2713 tuam
1741 2692 1829 2718 aram,

1041 2737 1171 2768 tanquam
1192 2741 1276 2768 agnas
1300 2733 1489 2761 immaculatas
1503 2737 1531 2761 et
1558 2733 1664 2760 ratione
1689 2731 1830 2766 praditas,

1041 2785 1152 2808 nostras
1165 2787 1276 2815 quoque
1294 2779 1401 2808 animas
1417 2779 1526 2814 suscipe
1544 2779 1571 2806 in
1585 2779 1691 2807 caelesti
1710 2783 1756 2806 tua
1771 2785 1829 2811 ara,

1040 2831 1072 2854 ut
1087 2827 1178 2854 bonus
1192 2829 1220 2854 et
1235 2825 1382 2861 benignus.
1402 2826 1483 2854 Pueri
1499 2831 1591 2853 autem
1611 2824 1775 2853 accedentes
1794 2823 1829 2852 ad

1036 2879 1162 2908 matrem,
1189 2873 1319 2904 dixerunt
1343 2872 1368 2902 ei
1385 2881 1391 2901 :
1411 2872 1507 2906 Mater,
1537 2880 1645 2901 corona:
1663 2871 1744 2901 nobis
1761 2874 1828 2900 sunt
