2056 3151
251 147 305 179 εἶτ
734 157 735 160 ‘
797 147 994 179 ADDENDA.
1016 160 1049 168 -

1108 151 1224 182 εοιιυΑ
1231 151 1271 182 Ri
1279 153 1336 183 US.
1829 153 1881 185 828

243 210 348 241 [ante
371 204 444 239 apud
470 204 556 232 Deum
573 205 727 234 calonem.
752 205 810 234 Nos
834 212 942 242 ergoet
957 215 1035 235 com-
1051 227 1055 240 ι

1108 210 1243 245 πουρανίῳ
1261 219 1309 237 σου
1326 211 1514 246 θυσιαστηρίῳ
1539 210 1577 242 ὡς
1594 209 1698 244 ἀγαθὸς
1723 210 1772 236 καὶ
1787 210 1884 244 φιλάν-

244 251 343 279 menda
359 251 535 279 sanctissimo
547 255 574 279 et
588 251 653 280 [οι-ιί
669 252 789 285 athleta,
800 253 930 288 episcopo
941 258 1036 282 nos:ro

1109 264 1208 291 ρωπος.
1225 257 1264 284 Τὰ
1287 257 1315 283 δὲ
1337 257 1433 284 παιδία
1450 257 1635 293 προσελθόντα
1650 258 1683 293 τῇ
1711 257 1765 292 ἰδίᾳ
1783 258 1883 293 μητέρι

244 302 274 326 et
294 298 398 333 pastori
415 298 516 325 Blasio.
543 298 623 326 Tunc
639 299 791 334 spiculator
805 300 922 328 abscidit
946 300 1034 335 capita

1108 300 1165 328 [πον
1179 302 1247 337 αὐτῇ
1258 310 1264 317 ·
1281 303 1388 338 Μῆτερ,
1402 304 1424 330 oi
1441 303 1567 337 στέφανοι
1594 303 1673 337 ἡμῶν
1695 302 1802 336 ἕτοιμοί
1827 304 1881 328 εἱσι

244 349 349 378 septem
378 348 536 372 sanctarum
556 346 715 379 mulierum,
732 353 761 375 et
788 347 896 375 occulte
922 348 1037 375 (uerunt

245 396 454 418 consummata.

1090 349 1166 382 παρὰ
1192 347 1231 383 τῷ
1249 349 1405 384 ἀπουρανίῳ
1431 349 1510 382 Θεῷο
1537 349 1664 383 παράθου
1680 347 1728 375 οὗν
1746 349 1821 384 ἡμᾶς
1845 348 1884 382 τῷ

1093 394 1238 430 ἁγιωτάτῳ
1252 396 1299 421 καὶ
1314 395 1432 431 γενναίῳ
1447 396 1548 432 ἀθλητῇ
1559 395 1606 422 τοῦ
1623 395 1754 430 Χριστοῦ,
1774 394 1812 427 τῷ
1825 395 1886 420 Em-

247 437 343 472 σκόπῳ
361 438 439 472 ἡμῶν
456 438 503 465 καὶ
516 438 592 473 καλῷ
610 439 717 474 ποιμένι
735 440 843 476 Βλασίῳ
858 440 897 476 τῷ
911 441 1037 477 ἀοιδὶμῳ.
1061 441 1129 468 τότε
1142 442 1359 477 όσπεκονλάτωρ
1374 442 1496 477 ἀπέτεμε
1512 442 1562 475 τὰς
1578 442 1699 477 κεφαλὰς
1727 441 1782 468 τῶν
1817 440 1887 468 ἔτιτά

245 484 335 518 ἁγίων
354 484 505 519 γυναικῶν,
531 486 578 513 καὶ
593 486 795 522 ἐτελειώθησαν
818 488 847 514 ὲν
860 487 957 523 Κυρίῳ
977 489 1044 522 μηνὶ
1061 488 1250 524 Φεϐρουαρίῳ.

284 531 319 558 X.
338 531 404 559 Post
431 533 488 560 hac
511 537 602 560 autem
614 533 694 568 jubet
715 541 818 568 praeses
837 539 963 561 sanctum
982 535 1043 562 Bla-

249 578 322 606 sium
338 578 417 606 educi
429 587 444 606 e
455 579 592 607 custodia.
608 579 787 616 Quojedueto,
803 581 871 608 dicit
886 581 911 608 ei
929 581 1044 609 :Diisne

187 623 192 628 '
250 623 332 651 modo
349 623 500 658 sacriﬁcas,
515 632 606 653 annon
617 625 630 652 τ
647 625 718 653 Dicit
735 626 760 653 ei
777 632 891 658 sanctus
912 626 1019 654 Blasius
1035 635 1042 655 :

249 670 341 703 Miser,
363 678 426 698 cum
451 671 491 698 sis
508 679 608 704 caseus,
632 680 688 700 non
714 673 793 700 vides
818 680 911 700 veram
940 673 1042 700 lucem.

249 716 316 749 Quis
329 716 402 743 enim
420 717 513 750 homo,
529 717 576 752 qui
594 717 680 745 Deum
697 719 790 747 vivum
807 727 928 754 unquam
943 727 1045 755 cogno-

250 762 301 794 vit,
321 763 441 790 mortuis
461 763 619 791 simulacris
644 764 793 798 sacriﬁcat,
810 770 856 793 aut
878 773 910 793 ea
930 765 1046 794 adorat?

251 807 293 836 Τιι
309 817 374 843 ergo
386 810 509 837 tenebris
525 811 649 839 involute
661 816 690 839 et
707 811 812 847 inique,
832 813 903 840 scias
917 817 943 840 te
958 813 1044 840 Deum

253 856 344 883 vivum
364 856 511 889 dimisisse,
528 861 555 884 et
583 857 700 886 adorare
726 858 834 893 lapides
858 858 936 886 nullo
962 866 1045 886 sensu

253 901 393 937 praeditos.
423 902 477 930 Sed
494 911 545 938 ego
563 911 617 930 non
633 903 737 931 timebo
754 905 843 932 minas
859 908 929 932 luas.
956 904 990 932 Ut
1007 904 1048 931 vis

253 955 332 983 ergo,
362 955 405 976 me
430 953 538 984 torque.
557 949 648 976 Trado
667 950 717 977 tibi
735 958 833 979 carnes
855 959 930 978 meas
949 961 955 978 :
974 952 1047 979 Deus

255 999 346 1021 autem
363 994 446 1022 habet
464 996 564 1022 anima;
581 1001 756 1030 potestatem.
776 997 881 1024 Praeses
896 997 964 1026 dicit
987 1005 1050 1024 san-

254 1045 300 1067 cto
316 1048 324 1066 :
340 1040 368 1068 Si
384 1046 410 1068 te
432 1042 575 1076 projecero
590 1042 617 1070 in
635 1043 737 1076 lacum,
754 1044 821 1078 quid
847 1044 896 1071 tibi
913 1044 1048 1079 proderit,

254 1095 338 1122 quem
357 1088 437 1121 dicis,
460 1088 597 1121 Christus,
618 1098 701 1124 quem
726 1091 811 1118 etiam
834 1091 954 1118 adoras?
976 1091 1050 1118 Dixit

255 1140 368 1162 sanctus
391 1135 499 1162 Biasius
526 1145 532 1163 :
555 1135 634 1163 Caece
655 1141 682 1163 et
709 1137 785 1164 nullo
813 1145 896 1164 sensu
923 1137 1048 1172 pra'dite,

255 1181 411 1209 adulterina
438 1182 548 1214 adoras,
573 1187 601 1210 et
622 1188 703 1218 putas
727 1189 753 1211 te
770 1191 832 1211 esse
856 1184 974 1211 salvum.
993 1184 1050 1219 Ego

255 1232 348 1254 autem
365 1227 506 1255 Christum
522 1228 616 1255 vivum
639 1230 744 1261 colens,
770 1237 824 1257 non
841 1230 985 1257 ostendam
1001 1229 1050 1256 tibi

247 1268 284 1298 in
315 1280 384 1307 aqua
410 1272 457 1299 Dei
484 1273 538 1299 mei
563 1273 699 1300 virtutes?
735 1274 813 1302 Tune
837 1275 920 1310 jussit
948 1283 1051 1310 praeses

257 1327 321 1346 eum
345 1319 400 1354 jaci
433 1319 460 1346 in
492 1319 594 1347 lacum.
622 1319 742 1348 Sanctus
770 1329 837 1349 vero
866 1316 1050 1356 praeveniens,

257 1365 414 1398 obsignavit
429 1373 529 1400 aquam
547 1375 554 1393 :
573 1375 633 1401 quae
650 1367 728 1395 stetit
740 1367 856 1402 perinde
870 1374 902 1394 ac
915 1367 938 1393 si
953 1367 1053 1395 fuisset

259 1419 340 1446 pons.
360 1411 521 1447 Sedensque
539 1413 566 1439 in
592 1413 683 1440 medio
703 1413 790 1445 lacus,
803 1413 872 1440 dixit
885 1413 1051 1442 lictoribus:

260 1458 289 1485 Si
308 1458 416 1486 habetis
434 1459 511 1490 deos,
533 1460 675 1487 ostendite
701 1467 799 1487 eorum
816 1460 943 1492 virtutes,
961 1465 988 1487 et
1004 1467 1052 1487 vos

259 1511 371 1539 quoque
398 1505 586 1540 ingredimini.
603 1506 758 1541 Statimque
782 1507 898 1542 ingressi
910 1507 1052 1542 sexaginta

260 1556 288 1578 et
310 1555 374 1578 octo
400 1552 461 1582 viri,
491 1552 629 1580 submersi
657 1557 722 1581 sunt
749 1553 776 1581 in
803 1553 940 1588 profundo
963 1561 1050 1588 aquae.

262 1597 340 1626 Tunc
352 1598 466 1633 angelus
477 1598 584 1626 Domini
595 1600 770 1628 descendens
779 1600 812 1628 ad
828 1605 968 1633 sanctum,
985 1599 1053 1627 dicit

1128 536 1156 562 l’.
1171 536 1249 563 Μετά
1261 536 1290 563 δὲ
1313 536 1398 563 ταῦτα
1413 536 1519 563 κελεύει
1538 537 1552 563 6
1566 535 1682 572 ἡγεμὼν
1706 536 1825 570 ἀχθῆναι
1841 535 1887 561 τὶν

1095 582 1174 615 ἅγιον
1186 581 1300 609 Βλόσιον
1315 583 1346 609 ὲκ
1367 583 1416 617 τῆς
1432 583 1567 618 φρουρᾶς.
1597 581 1741 617 ’Δχθέντος
1759 582 1788 608 δὲ
1805 582 1889 608 αὑτοῦ

1092 625 1153 654 εἴητε
1171 627 1240 662 πρὸς
1256 627 1355 654 αὐτόν·
1370 628 1430 654 Κᾶν
1447 628 1510 664 ἄρτι
1539 627 1615 660 θύεις
1639 628 1696 658 τοῖς
1717 627 1790 659 θεοῖς
1805 627 1823 662 ἢ
1840 623 1890 654 ob;

1092 675 1174 708 Λέγει
1195 674 1263 708 πρὸς
1287 673 1369 701 αὐτὸν
1385 675 1399 700 ὁ
1415 674 1493 708 ἀγιος
1513 673 1640 705 Βλάσιος·
1665 673 1774 704 ’Δθλιε,
1789 673 1891 706 τυφλὸς

1097 718 1134 745 ὣν
1145 719 1195 754 οὐχ
1213 720 1280 754 ὁρᾷς
1295 720 1325 746 τὸ
1345 719 1403 754 φῶς
1414 719 1462 746 τοῦ
1478 719 1547 747 Θεοῦ
1562 719 1593 746 τὸ
1618 719 1758 755 ἀληθινόν.
1770 719 1820 750 Τίς
1837 719 1892 754 γὰρ

1097 766 1252 802 ἀνθρώπων
1270 766 1336 793 ποτὶ
1351 765 1492 801 γνωρίσας
1504 765 1572 792 Θεὸν
1591 765 1694 799 ζῶντα,
1710 765 1832 797 εἰδώλοις
1848 773 1893 792 νε-

1098 814 1174 848 κροῖς
1199 813 1259 840 θύει
1276 813 1292 848 ἢ
1318 813 1485 848 προσκννεῖ;
1506 812 1542 839 Σὺ
1568 810 1635 846 οὖν,
1651 812 1830 847 ἑσκοτισμένε
1846 811 1895 838 καὶ

1099 859 1195 894 ἀνομε,
1223 858 1307 893 γνῶθι
1322 858 1363 885 ὃτι
1382 858 1449 886 Θεὸν
1467 858 1558 891 ζῶντα
1583 858 1694 894 ἀφῆκας
1707 877 1715 890 ,
1743 857 1794 884 καὶ
1810 857 1895 889 λίθοις

1100 906 1278 942 ἀναισθήτοις
1297 905 1473 941 προσκυνεῖς.
1497 904 1568 932 Ἀλλ’
1585 904 1642 939 ἐγὼ
1653 904 1684 931 οὺ
1697 903 1895 938 φοϐηθήσομαι

1101 953 1150 985 τὰς
1164 952 1280 983 ἀπειλάς
1294 961 1352 979 σου.
1372 951 1415 984 Ὧς
1432 951 1522 983 θέλεις
1544 950 1602 983 οὖν,
1625 950 1715 981 οὕτως
1730 958 1766 985 με
1783 948 1898 983 βασάνι-

1105 1008 1160 1027 σον.
1176 999 1231 1031 Τὰς
1243 999 1349 1033 σάρκας
1367 1007 1418 1032 μου
1437 997 1614 1033 παραδίδωμί
1628 1005 1685 1024 σοι·
1701 997 1752 1031 τῆς
1765 995 1794 1023 δὲ
1805 995 1896 1031 ψυχῆς

1104 1047 1117 1072 6
1130 1045 1193 1077 Θεὸς
1210 1044 1373 1077 ἐξουσιάζει.
1398 1045 1428 1072 ’0
1445 1044 1557 1080 ἡγεμὼν
1574 1043 1729 1079 λέγειπρὺς
1741 1043 1788 1070 τὸν
1805 1043 1895 1073 ἅγιον

1111 1093 1174 1119 Ἐὰν
1194 1092 1266 1128 ῥίψω
1279 1100 1307 1118 σε
1323 1093 1353 1118 tv
1368 1093 1401 1126 τῇ
1416 1091 1518 1128 λίμνῃ,
1538 1092 1565 1118 τί
1582 1100 1613 1118 σε
1636 1090 1768 1126 ὠφελήσῃ
1791 1088 1897 1117 ἑπὶτοῦ

1105 1139 1202 1170 ὕδατος
1216 1139 1246 1166 ὃν
1269 1139 1359 1174 λέγεις
1380 1138 1510 1174 Χριστὸν,
1530 1137 1560 1165 ὃν
1583 1139 1631 1165 καὶ
1658 1138 1843 1173 προσκυνιῑςς
1868 1135 1897 1164 ὀ

1105 1186 1182 1220 ἂγιος
1197 1186 1312 1218 Βλάσιος
1330 1185 1418 1213 εἶπενσ
1432 1185 1525 1220 Τυφλὶ
1541 1186 1590 1212 καὶ
1605 1184 1766 1219 ἀναίσθητε,
1783 1183 1898 1218 κίϐδηλα

1106 1234 1270 1268 προσκυνεῖς
1294 1232 1388 1267 ἄψυχα
1399 1253 1406 1265 ,
1423 1232 1472 1259 καὶ
1488 1231 1611 1266 νομίζεις
1634 1230 1774 1265 σωθῆναι·
1797 1228 1854 1261 ἑγὼ
1869 1228 1898 1256 δι

1105 1279 1166 1313 Θεῷ
1182 1279 1264 1312 ζῶντι
1280 1279 1421 1314 λατρεύων
1435 1279 1465 1305 οὗ
1478 1278 1559 1311 δείξω
1576 1285 1618 1304 σοι
1633 1278 1684 1309 τὰς
1695 1276 1744 1304 τοῦ
1756 1275 1826 1304 Θεοῦ
1845 1284 1898 1310 μου

1105 1325 1234 1359 δυνάμεις
1248 1325 1276 1351 ὲν
1288 1324 1326 1359 τῷ
1338 1324 1434 1357 ὖδατις
1451 1324 1519 1351 Τότε
1535 1321 1582 1350 οὖν
1599 1323 1769 1350 ὲκιλευσενό
1785 1321 1899 1357 ἡγεμὼν

1107 1371 1239 1406 βληθῆναι
1256 1371 1337 1398 αὐτὸν
1356 1372 1384 1398 ἑν
1408 1372 1442 1407 τῇ
1456 1370 1551 1407 λίμνῃ.
1570 1371 1601 1397 '0
1616 1370 1644 1397 δὲ
1658 1370 1737 1404 ἅγιος
1752 1368 1899 1404 προλαϐὼν

1107 1417 1329 1451 κατεσφράγισεν
1351 1417 1380 1444 τὸ
1398 1417 1480 1453 ὕδωρ.
1494 1417 1548 1444 Καὶ
1561 1416 1656 1443 τούτου
1675 1416 1821 1450 γενομένου
1833 1415 1898 1449 ἔστη

1106 1462 1201 1497 ὥσπερ
1214 1463 1333 1498 γέφυρα.
1348 1463 1396 1490 καὶ
1411 1463 1556 1494 καθεσθεὶς
1570 1463 1623 1490 ἀνὰ
1635 1462 1720 1496 μέσον
1735 1462 1786 1495 τῆς
1800 1461 1900 1495 λίμνης

1106 1511 1120 1537 6
1133 1510 1268 1545 μακάριος
1276 1510 1392 1542 sum;
1405 1508 1466 1537 εἷπε
1483 1510 1551 1546 πρὸς
1562 1511 1627 1541 τοὺς
1637 1509 1766 1545 δημίους·
1778 1509 1810 1536 El
1821 1507 1900 1542 ἔχετε

1107 1557 1196 1590 θεοὺς,
1211 1556 1317 1590 δείξατε
1341 1557 1392 1589 τὰς
1412 1557 1546 1592 δυνάμεις
1568 1556 1673 1588 αὐτῶν,
1700 1555 1748 1583 καὶ
1762 1555 1901 1582 stutum

1107 1603 1155 1630 καὶ
1173 1603 1252 1638 ὑμεῖς
1279 1599 1330 1630 ὦδε
1356 1603 1426 1638 πρός
1448 1612 1494 1639 με.
1519 1603 1576 1631 Καὶ
1601 1603 1704 1634 εὐθέως
1731 1601 1902 1632 εἰσελθόντες

260 1646 285 1673 ei
300 1654 307 1672 :
323 1645 415 1673 Gratia
431 1646 512 1680 plena
531 1650 559 1674 et
574 1647 706 1681 praeclara
721 1648 825 1680 anima,
843 1647 892 1675 Dei
916 1648 1050 1683 pontifex,

1108 1650 1313 1685 ἑξηκονταοκτὼ
1328 1650 1424 1686 ἄνδρες
1438 1649 1694 1685 κατεποντίσθησαν
1707 1649 1749 1680 είς
1762 1649 1809 1676 τὸν
1822 1647 1903 1684 βυθὸν

260 1691 392 1727 egredere
417 1700 450 1719 ex
473 1700 556 1727 aqua,
576 1697 604 1721 et
629 1693 725 1728 accipe
739 1701 755 1721 a
777 1694 832 1722 Deo
859 1694 909 1722 tibi
929 1699 1053 1730 paratam

260 1741 393 1764 aeternam
408 1745 550 1765 coronam.

1107 1695 1155 1722 τοῦ
1183 1695 1290 1726 ὕδατος.
1308 1695 1375 1722 Τότε
1402 1695 1518 1729 ἄγγελος
1545 1695 1650 1731 Κυρίου
1673 1694 1814 1722 κατελθὼν
1834 1693 1904 1729 πρδς

1108 1743 1155 1768 τὸν
1173 1741 1251 1774 ἅγιον
1265 1741 1342 1775 λέγει
1367 1741 1462 1777 αὐτῷ’
1485 1741 1708 1776 Κεχαριτωμένη
1725 1742 1774 1768 καὶ
1785 1740 1904 1777 λαμπρά

262 1783 347 1818 ψυχὴ,
362 1783 490 1819 ἀρχιερεῦ
506 1784 553 1811 τοῦ
568 1784 648 1818 Θεοῦ,
661 1785 752 1818 ἔξελθε
769 1786 801 1813 ὲκ
814 1786 861 1813 τοῦ
877 1786 985 1820 ὓδατος,
1004 1788 1053 1814 καὶ
1074 1787 1256 1823 ἀπολάμϐανε
1281 1788 1329 1815 τὸν
1362 1788 1440 1824 παρὰ
1466 1788 1512 1815 τοῦ
1534 1788 1603 1815 Θεοῦ
1627 1797 1670 1815 σοι
1701 1788 1905 1824 ἡτοιμασμένον

265 1831 398 1863 στέφανον
415 1830 534 1857 αίώνιον.

300 1875 346 1903 Xl.
376 1875 495 1903 Sanctus
515 1880 607 1905 autem
631 1877 740 1906 Blasius
763 1885 826 1905 cum
848 1887 881 1906 ex
898 1886 969 1914 aqua
994 1887 1057 1907 sur-

265 1923 392 1956 rexisset,
424 1927 556 1958 tanquam
584 1931 669 1959 super
697 1928 799 1952 terram
826 1925 983 1958 ambulans,
1014 1931 1058 1953 est

263 1976 404 2004 egressus,
420 1974 448 1997 et
464 1971 638 2005 resplenduit
654 1971 740 1999 facies
756 1972 816 2006 ejus
831 1971 903 1998 sicut
916 1971 974 2003 lux,
986 1971 1056 1999 adeo

264 2019 296 2041 ut
323 2015 502 2048 mirarentur,
522 2016 569 2051 qui
600 2023 664 2044 eum
689 2016 832 2044 videbant.
861 2016 967 2045 Praeses
990 2025 1057 2045 vero

265 2060 336 2088 dixit
350 2060 375 2088 ei
391 2071 397 2089 :
416 2061 539 2094 Adeone,
553 2069 569 2089 ο
584 2062 680 2096 miser,
695 2063 816 2091 statuisti
834 2062 887 2090 diis
898 2070 954 2091 non
970 2064 1058 2091 sacri-

266 2107 370 2135 ﬁcare?
398 2107 472 2135 Dixit
504 2112 619 2136 sanctus
646 2108 752 2137 Blasius
775 2119 782 2137 :
815 2110 905 2143 Scias,
942 2115 1058 2146 tyranne

266 2155 444 2189 sanguivore,
469 2162 513 2182 me
526 2163 587 2183 esse
599 2163 710 2183 servum
732 2156 848 2190 Christi,
870 2161 899 2185 et
915 2165 1058 2192 nunquam

268 2201 441 2230 daemonibus
456 2209 518 2229 esse
534 2202 768 2230 sacriﬁcaturum.
784 2203 863 2231 Tunc
878 2203 920 2230 ira
938 2204 1061 2238 percitus

1146 1877 1197 1906 IA'.
1218 1878 1248 1904 '0
1264 1877 1291 1904 δὲ
1311 1877 1386 1911 ἅγιος
1401 1877 1517 1909 mino;
1539 1876 1658 1908 ἀναστὰς
1674 1876 1727 1902 ἀπο
1743 1874 1790 1901 τοῦ
1809 1874 1906 1906 ὓδατος

1111 1924 1272 1956 περιπατῶν
1287 1924 1324 1955 ὼς
1340 1924 1386 1950 ἐπὶ
1396 1925 1447 1958 γῆς
1462 1923 1575 1958 ἐξῆλθεν
1587 1923 1723 1958 ἀϐλαϐὴς,
1736 1923 1784 1949 καὶ
1798 1921 1906 1956 ἔλαμψε

1111 1971 1140 1998 τὸ
1161 1971 1306 2006 πρόσωπον
1334 1969 1417 1997 αὑτοῦ
1445 1969 1541 2006 ὥσπερ
1569 1970 1637 2004 φῶς,
1655 1969 1727 1996 ὥστε
1752 1968 1907 2002 θαυμάζειν

1111 2018 1173 2048 τοὺς
1187 2016 1309 2053 ὁρῶντας
1324 2017 1405 2043 αὐτὸν
1416 2016 1531 2048 πάντας.
1547 2015 1576 2041 '(l
1593 2016 1620 2042 δὲ
1639 2015 1751 2050 ἡγεμὼν
1764 2013 1826 2041 εἷπε
1838 2014 1906 2049 πρὸς

1111 2063 1213 2090 αὐτόν·
1229 2063 1365 2090 Τοσοῦτον
1384 2063 1505 2097 ἔκρινας,
1520 2063 1606 2096 ἄθλιε,
1622 2062 1670 2089 τοῦ
1686 2061 1725 2098 μὴ
1740 2061 1821 2089 θῦσαι
1852 2061 1908 2092 τοῖς

1112 2109 1203 2143 θεοῖς;
1225 2110 1255 2136 '0
1266 2110 1344 2144 ἅγιος
1356 2109 1470 2141 sum;
1490 2107 1562 2136 εἷπε·
1579 2108 1711 2141 Γῐνωσκε,
1732 2109 1850 2143 τύραννε
1861 2109 1907 2135 καὶ

1112 2155 1262 2191 αἳμοπότα,
1277 2157 1318 2183 ὅτι
1332 2155 1450 2191 Χριστοῦ
1466 2155 1560 2187 δοῦλός
1574 2155 1645 2190 είμι,
1667 2155 1714 2182 καὶ
1728 2156 1758 2181 οὗ
1774 2155 1832 2182 θύω
1849 2155 1907 2181 δαί-

1115 2202 1178 2237 μοσί
1194 2197 1271 2229 ποτε.
1289 2202 1356 2229 Τότε
1381 2202 1512 2237 χολέσας⁹
1528 2203 1540 2228 6
1554 2201 1668 2237 ἡγεμὼν
1679 2202 1763 2229 ἔδωκε
1780 2202 1841 2228 κατ’
1859 2201 1908 2228 αὖ·

268 2255 381 2283 prases,
396 2249 459 2276 tulit
479 2249 506 2277 in
521 2257 586 2277 eum
605 2251 783 2282 sententiam,
806 2250 902 2278 dicens
918 2260 926 2278 :
941 2251 1055 2285 Blasius,

1113 2248 1162 2276 τοῦ
1178 2249 1227 2284 τὴν
1240 2249 1379 2283 ἀπόφασιν
1389 2249 1477 2283 λέγων
1488 2257 1495 2263 ·
1512 2247 1627 2280 utam;
1641 2248 1655 2274 6
1673 2249 1735 2283 ἐμοὶ
1753 2248 1908 2283 ἀπειθήσας

268 2295 317 2330 qui
330 2295 397 2322 mihi
415 2304 469 2323 non
486 2296 587 2331 paruit,
612 2301 641 2324 et
665 2296 862 2331 imperatorem
885 2298 1062 2333 contempsit.

269 2344 298 2368 et
325 2341 393 2369 deos
418 2341 529 2376 probris
551 2342 655 2374 affecit,
676 2347 705 2370 et
728 2343 868 2378 sexaginta
894 2350 957 2372 octo
988 2344 1063 2372 viros

270 2387 403 2422 perdidit,
422 2388 515 2423 gladio
531 2393 679 2416 truncetur
694 2389 784 2424 capite
807 2390 890 2418 simul
910 2398 973 2418 cum
994 2390 1064 2418 duo—-

272 2433 324 2462 bus
337 2434 442 2468 pueris.
461 2435 580 2470 Accepta
592 2440 683 2462 autem
698 2436 848 2469 sententia,
864 2444 926 2464 cum
942 2436 1064 2464 venisset

272 2480 306 2508 ad
333 2481 435 2513 locum,
450 2485 526 2508 stans
552 2485 675 2513 sanctus,
696 2487 825 2517 precatus
843 2487 885 2510 est
904 2482 1063 2515 Dominum,

272 2527 368 2554 dicens
385 2535 392 2553 :
409 2526 524 2554 Domine
536 2527 611 2555 Deus
625 2527 772 2560 virtutum,
787 2528 834 2564 qui
848 2537 891 2557 me
903 2529 1027 2558 liberasti
1049 2537 1065 2557 a

272 2573 440 2603 simulacris.
455 2574 502 2608 qui
519 2573 649 2602 tenebras
665 2573 755 2602 fecisti
772 2575 874 2609 lucem,
890 2580 918 2603 et
939 2583 1064 2603 errorem

274 2622 433 2654 veritatem,
450 2621 498 2656 qui
524 2621 604 2649 sedes
627 2629 712 2657 super
735 2621 898 2655 Cherubim,
921 2627 950 2650 et
974 2623 1066 2657 aperis

275 2671 430 2694 cataractas
456 2667 602 2699 calorum,
616 2666 663 2703 qui
677 2667 805 2695 extendis
822 2675 916 2695 arcum
938 2672 1016 2695 tuum
1038 2667 1066 2695 in

276 2720 361 2741 manu
374 2718 433 2747 tua,
444 2714 490 2749 qui
504 2714 645 2742 diabolum
661 2715 794 2742 humilem
805 2718 833 2743 et
848 2715 985 2750 abiectum
1004 2715 1068 2742 red-

278 2758 388 2793 didisti,
412 2765 441 2788 et
465 2761 614 2788 draconem
640 2761 788 2792 conﬁxisti,
806 2761 871 2788 audi
893 2769 937 2788 me
957 2767 1068 2788 servum

279 2809 371 2840 tuum,
384 2812 412 2835 et
426 2807 585 2843 quicunque
597 2811 630 2835 ad
642 2808 715 2836 hanc
730 2815 805 2835 aram
822 2812 896 2834 tuam
909 2806 1067 2838 accesserit,

280 2860 309 2882 et
324 2862 519 2890 quamcunque
535 2855 642 2890 spinam
657 2860 704 2882 aut
715 2862 747 2883 os
762 2854 948 2887 devoraverit,
961 2857 1009 2881 aut
1022 2861 1069 2881 va-

278 2900 328 2930 riis
344 2900 430 2929 fuerit
446 2904 562 2930 vexatus
576 2901 690 2935 morbis;
707 2906 754 2929 aut
771 2901 798 2930 in
814 2900 960 2930 alliictione
973 2900 1068 2934 fuerit,

1115 2295 1161 2322 καὶ
1183 2294 1231 2322 τοῦ
1249 2296 1451 2330 αὐτοκράτορος
1475 2295 1608 2330 βασιλέως
1628 2294 1843 2330 καταφρονήσας
1863 2294 1909 2320 καὶ

1113 2340 1177 2371 τοὺς
1193 2340 1271 2372 θεοὺς
1288 2340 1401 2368 πλεῖστα
1413 2340 1551 2375 ἀτιμάσας
1564 2340 1613 2367 καὶ
1624 2341 1687 2372 τοὺς
1700 2338 1908 2374 ἑξηκονταοκτὼ

1115 2387 1214 2423 ἄνδρας
1245 2387 1274 2414 ἐν
1301 2387 1340 2422 τῷ
1367 2387 1440 2423 βυθῷ
1469 2389 1519 2422 τῆς
1539 2386 1638 2423 λίμνης
1661 2386 1812 2418 ἀπολέσας,
1837 2385 1908 2419 ξίφει

1115 2434 1306 2470 ἀποτμηθήτω
1322 2435 1372 2470 τὴν
1392 2435 1514 2470 κεφαλὴν
1537 2435 1596 2470 ἆμα
1623 2436 1680 2466 τοῖς
1699 2433 1760 2460 δυσὶ
1777 2433 1907 2463 παιδίοις.

1115 2481 1214 2509 Λαϐὼν
1233 2482 1262 2508 δὲ
1277 2481 1326 2517 τὴν
1348 2482 1487 2515 ἀπόφασιν
1499 2481 1514 2507 6
1532 2481 1680 2517 μακάριος,
1696 2481 1743 2507 καὶ
1759 2479 1846 2506 ἐλθὼν
1864 2478 1909 2505 ἐπὶ

1116 2526 1162 2553 τδν
1179 2527 1273 2559 τόπον,
1291 2529 1357 2559 στὰς
1382 2528 1396 2554 6
1411 2527 1490 2562 ἅγιος
1517 2527 1693 2562 προσηύξατο
1717 2526 1787 2561 πρὸς
1805 2525 1909 2559 Κύριον

1117 2573 1215 2607 λέγων·
1233 2573 1319 2609 Κύριε
1337 2575 1350 2601 6
1364 2573 1428 2606 Θεὶις
1439 2574 1493 2600 τῶν
1506 2574 1659 2608 δυνάμεων,
1677 2575 1690 2600 6
1709 2571 1863 2607 ρυσάμενός
1876 2578 1909 2605 με

1118 2621 1173 2647 ἀπὸ
1183 2619 1237 2647 τῶν
1253 2620 1381 2654 εἰδώλων,
1393 2621 1407 2646 6
1423 2621 1452 2648 τὸ
1469 2620 1566 2652 σκότος
1577 2620 1636 2654 φῶς
1654 2621 1772 2654 ποιήσας
1788 2618 1836 2645 καὶ
1860 2617 1909 2652 τὴν

1118 2668 1225 2703 πλάνην
1239 2667 1380 2703 ἀλήθειαν.
1394 2669 1407 2694 6
1419 2668 1575 2703 καθήμενος
1588 2667 1682 2694 ἐπάνω
1697 2665 1753 2692 τῶν
1763 2665 1910 2701 χερουϐὶμ.

1119 2715 1167 2742 καὶ
1186 2714 1302 2749 ἀνοίγων
1320 2713 1659 2750 καταρῤἀκταςοῦρανῶν,
1687 2712 1702 2740 6
1727 2712 1853 2742 ἐκτείνας
1880 2709 1910 2736 τὸ

1119 2760 1196 2793 τόξον
1210 2769 1255 2788 σου
1274 2761 1301 2787 ὲν
1316 2762 1348 2796 τῇ
1372 2760 1444 2795 χειρί
1460 2769 1517 2793 σου,
1533 2761 1548 2787 6
1570 2760 1616 2787 τὸν
1631 2759 1757 2786 διάϐολον
1774 2755 1909 2785 ταπεινώ-

1122 2816 1183 2841 σας,
1198 2807 1246 2834 καὶ
1257 2807 1302 2834 τὸν
1318 2807 1455 2843 δράκοντα
1482 2806 1783 2842 καθη).ὡσας.ὲπήκοός
1798 2812 1850 2839 μου
1865 2811 1912 2836 γε·

1121 2854 1167 2881 νοῦ
1183 2854 1229 2880 τοῦ
1241 2853 1333 2880 δούλου
1349 2862 1395 2880 σου
1411 2854 1457 2880 καὶ
1471 2853 1543 2884 ὅστις
1556 2853 1590 2879 ἂν
1615 2851 1752 2888 προσέλθῃ
1766 2850 1804 2886 τῷ
1815 2849 1910 2877 θυσια-

1124 2900 1227 2936 στηρίῳ
1245 2909 1309 2934 σου,
1328 2900 1414 2935 τούτῳ
1441 2900 1487 2927 καὶ
1511 2899 1617 2927 οἱα-[οῦν
1643 2898 1748 2927 ἄκανθα
1769 2897 1785 2932 ῆ
1815 2893 1910 2923 dant-Iv
