2056 3151
146 151 204 186 829

639 156 846 187 CERTAMIN
864 156 898 186 8-
911 155 1037 186 BLASH
1053 155 1104 186 ET
1123 155 1330 188 εοαιοιωιι.

149 210 321 248 καταυίαῆ
338 211 475 245 ποικίλαις
489 210 579 243 νόσοις
598 213 749 248 περιπέσοι
770 212 788 248 ἢ
804 212 833 239 ιν
848 211 939 247 θλίψει

993 210 1266 243 minus:de
1298 211 1626 247 maestum
1651 217 1785 240 ιιιιωω-

149 257 166 291 ἢ
182 257 211 284 ὲν
225 257 333 293 ἀνάγκη
357 256 480 291 διωγμοῦ
496 257 626 293 ὑπάρχοι,
654 258 799 293 πλήρωσον
821 258 938 285 ικάστου

149 304 179 330 τὺ
194 304 299 338 αῐτημα
315 304 364 339 τῆς
383 305 509 340 καρδίας,
535 306 672 336 Δέσποτα,
694 305 732 336 ὡς
760 305 864 340 ἀγαθὸς
888 304 937 331 κα).

150 350 362 386 φιλάνθρωπος,
388 351 435 377 καὶ
461 352 519 382 τοῖς
534 350 597 379 κατ’
618 350 678 383 hoc
705 349 862 378 ῑπιτιλοῦσι
885 350 937 386 τὴν

153 396 264 431 μνήμην
281 405 331 431 μου
348 396 377 422 ἐν
393 396 512 431 ψαλμοῖς
532 396 579 423 καὶ
594 395 691 431 ὕμνοις
715 396 764 422 καὶ
786 394 842 422 τῶν
855 396 938 430 πενή-

151 449 206 466 των
219 448 266 466 σου
287 441 472 475 μεμνημένοις
498 441 593 475 μισθὸν
607 442 734 476 οὐράνιον
749 441 872 476 δώρησαι
889 442 938 467 καὶ

151 486 225 521 ζωὴν
242 487 292 521 τὴν
315 488 424 513 αἰώνιον
434 494 440 501 ·
458 488 499 514 ὅτι
514 487 711 522 δεδοξασμένος
723 488 857 522 ὑπάρχεις
870 486 939 513 πάν-

150 541 210 559 τοτε
235 532 283 559 νῦν
299 533 346 559 καὶ
359 533 400 564 είς
416 533 480 565 τοὺς
498 533 599 564 αίῶνας
616 533 670 560 τῶν
694 533 810 560 αἰώνων.
840 533 938 567 Ἀμήν.

149 578 243 604 Ταῦτα
258 579 286 605 δὲ
306 578 390 605 αὐτοῦ
406 578 627 613 προσευξαμένου
640 579 775 613 κατῆλθεν
788 580 803 605 ό
818 578 938 613 Χριστὸς

149 621 246 656 ὥσπερ
270 623 368 658 νεφέλη
381 624 413 650 ὲκ
429 623 477 649 τοῦ
495 623 622 658 οὐρανοῦ,
647 623 694 650 καὶ
708 623 873 650 ἐπεσκίασεν
890 623 939 650 αὑ-

146 667 206 700 τὸν,
223 669 271 694 καὶ
294 667 370 702 λέγει
394 668 465 703 πρὸς
478 668 559 696 αὐτὸν
584 668 599 695 ό
624 668 731 703 Σωτήρ·
753 668 872 703 Ἀθλητᾶ
886 677 938 704 μου

148 714 312 748 ἡγαπημένε
325 714 435 744 Βλάσιε.
452 714 541 741 πάντα
561 714 595 740 τὰ
611 714 751 749 αἰτήματα
764 713 854 740 αὐτῶν
867 713 936 748 πλη-

149 760 232 794 ρώσω
244 759 286 786 διὰ
301 760 342 792 σὲ,
357 760 403 786 καὶ
418 760 447 786 οὺ
473 759 554 794 μόνον
573 759 673 791 ταῦτα,
688 759 757 787 ἀλλὰ
773 759 822 786 καὶ
846 759 938 791 καθὼς

150 805 261 839 ιπηὺξω
275 807 307 840 τῇ
326 806 399 840 χήρᾳ
414 806 530 841 ποιήσω,
549 807 598 832 καὶ
619 806 761 841 εὐλογήσω
785 805 876 832 πάντα
891 805 938 832 τὸν

149 848 223 877 οἶκον
237 851 281 878 τὸν
295 852 423 878 ποιοῦντα
439 852 490 886 τὴν
506 852 616 886 μνήμην
634 859 692 884 σου,
709 851 756 878 καὶ
773 851 808 878 τὰ
823 851 937 886 ταμιεῖα

149 895 239 923 αὐτῶν
253 896 385 931 ἐμπλήσω
410 897 500 932 πάσης
518 896 700 932 ἀγαθωσύνης
721 896 766 923 διὰ
787 896 837 932 τὴν
852 896 938 932 καλήν

151 947 198 965 σου
222 940 366 974 ὁμολογίαν
391 938 438 966 καὶ
461 940 554 967 πίστιν
583 937 632 975 ⁴ἑὴν
649 942 690 972 είς
718 940 788 975 ἔμε·
817 940 866 967 καὶ
887 941 937 972 τὰς

989 257 1091 292 jusque
1119 257 1211 285 cordis
1237 258 1411 292 petitionem,
1431 258 1558 290 Domine,
1581 261 1611 284 ut
1636 256 1725 283 bonus
1754 260 1784 283 et

991 302 1134 330 clemens:
1153 303 1286 338 quoniam
1309 309 1339 330 es
1358 310 1468 336 semper
1493 302 1689 336 gloriﬁcandus
1707 307 1782 328 nunc

990 351 1020 374 et
1048 347 1077 374 In
1100 347 1212 376 sucula:
1243 346 1312 376 Cum
1336 347 1394 374 hac
1416 352 1509 374 autem
1541 351 1612 374 esset
1643 351 1783 381 precatus,

989 392 1118 420 Christus
1139 392 1284 420 descendit
1312 391 1345 419 de
1371 392 1441 419 coelo
1467 398 1596 426 tanquam
1622 392 1723 424 nubes,
1751 395 1780 418 et

991 445 1054 464 eum
1071 437 1259 470 obumbravit,
1278 441 1306 464 et
1325 436 1393 464 dicit
1409 437 1433 464 ei
1449 436 1578 463 Servator
1592 444 1600 462 .'
1615 435 1716 463 Omnes
1734 443 1782 470 pe-

993 483 1108 511 titiones
1132 491 1229 511 eorum
1266 483 1386 518 implebo
1410 487 1521 517 propter
1554 487 1591 514 te,
1618 482 1720 508 athleta
1747 481 1784 508 mi

991 529 1105 557 dilecte.
1126 529 1185 557 Non
1201 530 1261 557 haec
1278 534 1371 556 autem
1386 529 1487 562 solum,
1504 529 1550 556 sed
1564 529 1647 556 etiam
1673 527 1783 559 faciam.

991 580 1022 603 ut
1042 580 1173 610 precatus
1193 583 1224 603 es
1248 575 1348 607 vidum,
1376 580 1404 603 et
1427 575 1588 602 benedicam
1608 581 1719 601 omnem
1737 573 1787 599 do-

990 630 1077 655 mum,
1094 630 1154 657 qute
1180 623 1218 650 tui
1234 623 1356 650 celebrat
1372 622 1545 654 memoriam,
1559 626 1587 648 et
1597 620 1709 656 penaria
1735 627 1784 647 co-

991 675 1053 696 rum
1081 668 1196 703 replebo
1221 667 1351 696 omnibus
1379 668 1460 695 bonis
1491 672 1606 703 propter
1641 667 1783 702 pulchram

991 718 1066 741 luant
1089 715 1292 742 confessionem
1316 719 1343 741 et
1362 714 1455 746 ﬁdem.
1471 722 1553 749 quam
1579 714 1605 741 in
1623 721 1665 740 me
1687 714 1783 740 habes.

989 760 1054 789 Bac
1082 768 1145 789 cum
1174 760 1307 790 Dominus
1330 761 1441 788 locutus
1469 764 1542 787 esset
1567 760 1693 794 martyri,
1719 767 1782 786 cum

990 813 1053 833 eum
1078 812 1159 834 antea
1179 806 1324 837 eduxisset
1347 806 1499 841 spieulator
1524 813 1539 833 e
1565 806 1694 840 prmiorio
1721 813 1783 832 cum

990 851 1100 879 duobus
1114 852 1278 883 iurantibus.
1289 853 1379 887 capita
1394 852 1438 878 eis
1449 852 1600 886 amputavit
1616 852 1643 878 in
1656 851 1786 878 Sebastea

990 896 1116 929 civitate,
1148 897 1219 924 intra
1246 896 1347 924 mmnia
1378 903 1462 931 supra
1490 901 1607 930 petram,
1639 895 1785 923 undecimo

994 942 1098 969 mensis
1126 940 1282 970 Februarii.
1309 940 1418 969 Fideles
1441 945 1532 968 autem
1549 946 1577 968 et
1602 941 1638 976 pii
1661 942 1712 968 viri
1738 949 1786 976 po-

119 1017 122 1020 _
150 984 289 1020 ἁμαρτίας
305 985 395 1011 αὐτῶν
406 987 588 1020 συγχωρήσας
608 986 681 1021 ζωὴν
694 986 804 1013 αἰώνιον
816 986 934 1022 δωρήσο-

993 992 1105 1014 suerunt
1126 995 1188 1014 eum
1215 988 1242 1014 in
1265 987 1324 1022 ipso
1347 987 1418 1020 loco,
1448 987 1503 1014 ubi
1524 987 1608 1013 etiam
1640 995 1731 1022 usque
1758 988 1786 1014 in

152 1039 202 1065 μαι
219 1031 321 1063 αὐτοῖς.
343 1032 436 1058 Ταῦτα
459 1032 551 1058 τοίνυν
570 1033 740 1067 λαλήσαντος
766 1032 813 1059 τοῦ
837 1033 939 1068 Κυρίου

994 1032 1161 1060 hodiernum
1178 1033 1251 1060 diem
1268 1032 1359 1059 multat
1375 1032 1534 1059 curationes
1557 1037 1728 1067 peraguntur
1752 1033 1787 1059 ad

151 1078 220 1111 πρὶς
235 1078 280 1103 τὸν
296 1077 373 1111 ἆγιον
386 1078 407 1104 is
414 1078 573 1113 ρομάρτυρα
587 1078 711 1109 Βλάσιον,
725 1077 873 1111 ἐξενέγκας
895 1078 939 1104 αὐ-

994 1078 1042 1105 Dei
1056 1079 1182 1113 gloriam.

151 1123 197 1149 τδν
210 1124 223 1150 ὁ
236 1124 432 1159 σπεκουλάτωρ
457 1126 506 1151 σὺν
530 1125 586 1155 τοῖς
602 1124 663 1150 δυσὶ
687 1124 816 1159 βρέφεσιν
834 1125 867 1150 ἐκ
894 1123 942 1151 τοῦ
962 1125 1144 1160 πραιτωρίου,
1161 1126 1363 1160 ἀπεκεφάλισεν
1380 1126 1479 1155 αὖτοὺς
1503 1127 1532 1152 ὲν
1564 1125 1714 1160 Σεϐαστιία
1750 1125 1783 1158 τῇ

153 1170 229 1196 πόλει
247 1171 300 1196 ἔσω
313 1170 360 1197 τοῦ
375 1171 481 1206 τείχους
495 1171 541 1197 ἐπὶ
562 1170 665 1205 πέτρας
681 1171 746 1206 μηνὶ
762 1170 940 1206 Φεϐρουαρίῳ
957 1171 1098 1207 ἑνδεκάτῃ.
1117 1171 1212 1198 [heroi
1229 1172 1257 1198 δὲ
1281 1172 1377 1207 ἄνδρες
1392 1173 1438 1198 καὶ
1474 1172 1600 1202 εὐλαϐεῖς
1637 1171 1786 1197 κατέθεντο

131 1213 139 1216 “
152 1216 233 1242 αὐτὸν
260 1217 473 1250 ὲνταφιάσαντες
486 1218 513 1243 ὲν
534 1217 608 1251 αὐτῷ
625 1217 664 1252 τῷ
676 1217 752 1252 τόπῳ
765 1218 825 1251 μετ’
853 1217 1014 1252 ἐπιμελείας
1027 1218 1139 1253 πολλῆς,
1173 1218 1237 1246 ἔνθα
1252 1218 1300 1245 καὶ
1321 1219 1403 1254 μέχρι
1422 1218 1469 1245 τοῦ
1492 1217 1540 1244 νῦν
1573 1217 1670 1243 πολλαὶ
1703 1217 1787 1243 δυνά-

154 1270 214 1295 μεις
230 1263 278 1288 καὶ
295 1263 380 1295 ἰάσεις
396 1263 586 1290 ἐπιτελοῦνται
601 1263 640 1295 είς
657 1263 736 1296 δόξαν
749 1263 828 1291 θεοῦ.

190 1307 237 1334 lB'.
255 1309 385 1335 Μαθοῦσα
413 1310 441 1336 δὲ
458 1311 503 1336 καὶ
520 1310 536 1345 ἡ
553 1309 634 1345 τιμία
659 1310 706 1336 καὶ
719 1309 836 1343 εὐσεϐὴς
851 1309 939 1345 γραῦς

151 1352 202 1387 τὴν
220 1354 359 1381 τελείωσιν
378 1355 424 1382 τοῦ
441 1355 519 1389 ἁγίου
543 1356 591 1382 καὶ
612 1354 751 1390 μακαρίου
772 1355 940 1390 ιερομάρτυ-

155 1407 199 1433 ρος
215 1400 331 1426 Βλασὶου
348 1400 491 1428 ἐπετέλεσε
514 1401 564 1437 τὴν
581 1402 693 1436 μνήμην
717 1400 799 1428 αὖτοῦ
827 1402 898 1428 κατὰ
911 1401 942 1428 τὸ

154 1446 246 1480 σχῆμα
261 1446 274 1472 ὃ
290 1447 417 1482 ἐποίησεν
433 1448 462 1474 ὲν
476 1449 508 1483 τῇ
527 1448 635 1483 φυλακῇ
649 1455 656 1462 '
672 1448 719 1474 καὶ
735 1447 766 1474 οὐ
783 1448 865 1482 μόνον
878 1456 943 1481 συγ·

152 1493 278 1526 γενεῦσιν
290 1493 419 1528 ἀπήγαγε
447 1494 496 1525 τὰς
513 1494 545 1520 ἐκ
565 1493 619 1520 τῶν
634 1493 803 1529 σπερμάτων
822 1493 872 1527 τῆς
886 1493 940 1527 γῆς

153 1538 278 1572 εὐλογίας
300 1540 417 1566 καὶτῶν
441 1539 543 1566 λοιπῶν
569 1539 718 1574 ἐδωδίμων,
740 1539 807 1566 ἀλλὰ
825 1539 878 1573 γὰρ
893 1539 940 1565 καὶ

154 1585 220 1611 πᾶσι
241 1585 328 1619 φίλοις
358 1586 405 1612 καὶ
420 1587 551 1620 γνωστοῖς
577 1586 677 1617 οἵτινες
687 1585 942 1619 ἁντιμιμησάμενοι

154 1631 239 1657 πὶλαι
255 1632 283 1658 ὲν
294 1630 334 1666 τῷ
345 1631 434 1666 καιρῷ
448 1631 486 1665 τῷ
499 1631 574 1665 αὐτῷ
591 1630 754 1665 ἀνέπεμψαν
765 1630 795 1656 οὐ
815 1630 895 1664 μόνον
907 1631 940 1665 τῇ

1034 1307 1094 1335 XII.
1112 1307 1180 1335 Cum
1201 1315 1264 1334 vero
1281 1308 1431 1342 accepisset
1447 1307 1603 1335 veneranda
1616 1311 1644 1334 et
1659 1307 1702 1342 pia
1720 1314 1790 1335 auus

999 1353 1267 1382 consummationem
1284 1354 1357 1380 beati
1378 1354 1506 1389 martyris
1524 1353 1617 1386 Blasii,
1638 1354 1790 1381 celebravit

997 1399 1058 1434 ejus
1074 1399 1235 1425 memoriam
1253 1406 1286 1425 eo
1309 1399 1376 1430 ritu,
1395 1406 1450 1433 quo
1472 1399 1621 1426 celebravit
1649 1400 1675 1426 in
1696 1403 1790 1426 custo-

995 1445 1062 1472 dia:
1080 1449 1108 1473 et
1132 1453 1187 1472 non
1209 1445 1296 1471 solum
1324 1446 1452 1480 cognatis
1479 1445 1554 1471 misit
1579 1453 1613 1472 ex
1638 1445 1792 1472 seminibus

996 1495 1077 1519 terrae
1099 1491 1309 1518 benedictiones
1337 1496 1366 1519 ct
1399 1498 1432 1517 ex
1464 1491 1591 1525 reliquis,
1629 1490 1676 1518 sed
1707 1491 1792 1517 etiam

993 1538 1123 1565 omnibus
1138 1537 1242 1564 amicis.
1262 1537 1312 1569 Qui
1329 1537 1450 1564 vicissim
1475 1537 1626 1566 imitantes.
1647 1545 1745 1564 rursus
1764 1537 1791 1564 in

999 1583 1098 1611 eodem
1112 1587 1239 1617 tempore
1256 1583 1426 1609 remiserunt
1438 1590 1490 1609 non
1504 1583 1592 1609 solum
1606 1583 1678 1609 lideli
1692 1583 1791 1613 viduae,

995 1631 1044 1658 sed
1059 1630 1142 1657 etiam
1160 1630 1289 1656 omnibus
1312 1630 1370 1656 suis
1387 1629 1494 1661 amicis,
1514 1634 1543 1656 et
1558 1630 1692 1663 cognatis.
1709 1629 1787 1656 Unde

153 1677 223 1711 αὐτῇ
238 1678 318 1712 πιστῇ
333 1678 414 1713 χήρᾳ,
429 1676 498 1703 ἀλλὰ
514 1676 560 1703 καὶ
573 1677 640 1703 πᾶσι
664 1677 720 1707 τοῖς
746 1675 837 1702 αὐτῶν
854 1675 939 1709 φίλοις

999 1677 1083 1703 etiam
1100 1675 1231 1703 traditum
1245 1680 1287 1702 est
1305 1675 1357 1702 hoc
1375 1675 1519 1709 pulchrum
1537 1679 1564 1701 et
1578 1675 1680 1701 bonum
1699 1682 1793 1700 exem-

154 1723 202 1749 καὶ
218 1723 391 1756 συγγενέσιν.
420 1721 504 1749 Ὅθεν
520 1722 615 1749 ἔκτοτε
632 1723 713 1757 μέχρι
730 1722 777 1748 καὶ
793 1721 840 1749 νῦν
855 1721 941 1748 διεδό-

155 1768 189 1804 θη
207 1768 288 1796 τοῦτο
302 1769 333 1795 τὺ
344 1768 426 1796 καλὸν
445 1769 492 1796 καὶ
507 1768 611 1804 ἀγαθὸν
627 1767 780 1803 ὑπόδειγμα
797 1767 879 1803 μέχρι
893 1769 942 1803 τῆς

156 1815 278 1850 σήμερον
294 1815 322 1842 ἐν
350 1816 417 1842 πᾶσι
434 1817 491 1847 τοῖς
509 1823 610 1846 πιστωι,
623 1813 778 1841 ἐπιτελοῦσι
789 1814 838 1848 τὴν
849 1813 943 1847 τιμίαν

156 1860 205 1883 aut
219 1860 320 1892 σεπτὴν
336 1861 450 1893 μνήμην
464 1857 510 1883 τοῦ
528 1856 608 1891 ἁγίου
624 1856 671 1883 καὶ
682 1855 789 1888 ἐνδόξου
811 1856 943 1892 ίερομὰρ-

155 1908 238 1936 stipo;
253 1901 368 1929 Βλασίου
383 1903 453 1938 μετὰ
467 1901 617 1937 λαμπάδων
633 1901 681 1928 καὶ
695 1900 789 1936 ὓμνων
803 1902 850 1928 καὶ
875 1901 944 1928 ιὺω-

157 1948 220 1982 χίας
236 1947 335 1984 πολλῆς
349 1949 388 1980 είς
410 1948 489 1982 δόξαν
501 1948 569 1975 Θεοῦ
587 1948 808 1983 παντοκράτορος
823 1947 871 1974 καὶ
884 1948 944 1974 Κυ-

159 1993 218 2028 ρίου
238 1993 316 2028 ἡμῶν
342 1993 428 2027 Ἰησοῦ
448 1992 568 2029 Χριστοῦ
583 1991 631 2019 τοῦ
646 1991 828 2026 δοξαζομένου
844 1992 872 2018 ἐν
887 1993 943 2024 τοῖς

997 1722 1074 1756 plum
1091 1729 1177 1756 usque
1193 1721 1221 1748 in
1236 1720 1403 1748 hodiernqu
1416 1719 1489 1746 diem
1505 1719 1644 1751 omnibus,
1662 1719 1708 1754 qui
1725 1719 1793 1745 lide-

994 1766 1058 1794 liter
1075 1769 1211 1802 peragunt
1229 1764 1416 1793 venerandam
1433 1763 1593 1790 memoriam
1616 1763 1706 1790 sancti
1721 1769 1794 1788 mar-

996 1812 1063 1845 tyris
1084 1811 1176 1842 Blasii.
1200 1819 1262 1839 cum
1278 1810 1450 1844 lampadibus
1465 1814 1493 1837 et
1513 1809 1623 1845 hymnis
1646 1813 1673 1836 et
1694 1815 1793 1842 magno

996 1856 1079 1892 epulo
1097 1865 1103 1883 :
1119 1856 1153 1883 ad
1181 1856 1296 1891 gloriam
1322 1856 1521 1890 omnipotentis
1550 1856 1598 1882 Dei
1629 1860 1656 1882 et
1682 1854 1792 1882 Domini

997 1902 1084 1929 nostri
1098 1902 1163 1930 Jesu
1184 1901 1287 1929 Christi
1306 1911 1312 1929 :
1332 1902 1377 1929 cui
1402 1902 1487 1936 gloria
1509 1905 1536 1928 et
1562 1901 1685 1935 potentia
1709 1900 1790 1927 simul

994 1955 1057 1974 cum
1071 1953 1167 1975 sancto
1182 1954 1211 1976 et
1224 1948 1335 1975 viviﬁco
1352 1947 1472 1982 Spiritu,
1493 1954 1567 1974 nunc
1585 1950 1613 1973 et
1636 1949 1792 1980 semper‘ct

999 1993 1026 2019 in
1041 1994 1141 2021 smeula
1155 1994 1330 2021 saeculorum.
1341 1994 1440 2020 Amen.

159 2038 249 2073 ἁγίοις
259 2039 353 2066 αὐτοῦ·
369 2036 391 2072 ᾧ
407 2040 423 2075 ἡ
438 2039 500 2072 δόξα
517 2040 564 2067 καὶ
577 2039 606 2065 τὸ
622 2038 722 2074 κράτος
735 2038 793 2074 ἅμα
809 2039 847 2074 τῷ
874 2039 944 2075 ἁγίῳ
964 2039 1053 2075 Πατρὶ
1079 2041 1128 2067 σὺν
1143 2039 1182 2075 τῷ
1200 2040 1270 2075 ἁγίῳ
1285 2038 1436 2074 Πνιύματι,
1454 2037 1502 2066 νῦν
1525 2037 1571 2064 καὶ
1603 2036 1646 2064 ἀεὶ
1669 2036 1715 2068 καὶ
1749 2035 1791 2068 si:

157 2085 222 2117 τοὺς
236 2086 337 2117 αἰῶνας
352 2085 405 2113 τῶν
421 2085 536 2112 αίὼνων.
554 2085 652 2122 Ἀμήν.
