2056 3151
232 153 288 185 825
826 151 1020 183 ADDENDA.
1042 162 1077 169 —
1089 149 1262 182 APRILIS.
1817 152 1872 184 836

267 217 311 238 me
324 208 449 244 exigetur
464 215 612 237 commune
626 208 678 236 hoc
691 213 796 237 natura
810 209 943 237 debitum.
960 207 1020 236 Non
1033 231 1037 236 .

1088 217 1142 240 sm;
1155 208 1236 244 χρέος
1247 208 1294 236 καὶ
1308 208 1458 244 ὑμῶνάνευ
1473 208 1715 245 ἀπαιτηθήσομαι.
1734 208 1773 235 ού
1787 217 1873 245 προα-

234 255 356 283 adorabo
368 254 536 288 solem,non
565 255 656 284 colam
687 255 790 290 ignem.
819 255 908 284 Nemo
933 263 1022 283 meam

1088 257 1188 291 ιυνήσω
1205 256 1283 292 ἡλίῳ,
1302 257 1333 283 οὐ
1349 256 1493 292 λατρεύσω
1506 256 1584 292 πυρί.
1609 256 1707 289 οὐδείς
1726 265 1774 292 μοι
1789 265 1876 284 κατα-

234 300 362 328 irridcbit
376 305 547 330 senectutem
561 310 570 334 ;
583 309 665 329 nemo
680 302 748 330 mihi
768 302 845 330 dabit
861 301 938 335 vitio,
951 301 1024 338 quod

1088 303 1188 336 Γελάσει
1202 303 1252 338 τῆς
1274 303 1388 337 πολιᾶς,
1414 304 1503 336 οὐδεὶς
1517 303 1664 338 ἐγκαλέσει
1686 312 1732 338 μοι
1752 303 1784 331 τὸ
1799 303 1875 338 φιλό-

234 346 285 374 sim
302 345 364 373 vita
385 346 512 382 cupidus,
544 350 575 374 ut
597 347 644 382 qui
670 347 748 375 brevi
775 347 830 374 vita
857 347 1025 375 vendiderint

237 397 378 421 tantorum
394 394 529 421 bonorum
547 393 756 422 beatitudinem.
779 393 895 429 Propter
913 394 971 421 haec
987 394 1026 421 ira

236 439 358 474 repletur
374 439 535 471 sceleratus.
549 443 577 467 et
589 443 768 466 sacrosancta
783 443 912 468 senectus
935 439 1027 466 statim

237 485 330 521 ﬂagris
345 484 460 512 cmditur
476 485 545 512 adeo
560 484 690 520 graviter,
716 488 745 512 ut
762 484 895 519 sanguine
917 484 1027 519 quidem

237 538 326 562 totum
343 533 433 561 solum
456 537 641 568 restagnaret.
669 533 762 560 nullus
794 537 886 560 autem
912 532 1028 559 relictus

240 584 315 607 esset
332 579 410 607 locus
424 578 549 614 corporis
569 578 682 606 illaesns.
701 578 770 605 Cum
788 585 854 605 vero
867 584 964 613 parum
984 584 1030 605 es-

239 630 281 654 set
302 626 440 653 relaxatus
454 632 469 652 a
486 625 674 660 plugis,jubet
692 633 756 652 eum
786 632 881 652 rursus
907 624 1029 652 vinctum

241 672 347 699 catenis
361 671 421 698 sisti
437 675 501 698 ante
517 671 650 698 tribunal.
668 670 780 698 Dicebat
795 674 904 697 autem:
923 669 975 698 Ubi
987 671 1032 697 est

240 717 312 744 Deus
329 720 404 748 tuus,
421 723 502 750 quem
519 715 600 747 colis,
617 723 634 743 ο
658 715 822 750 Acepsima?
838 714 946 747 Veniat,
963 718 991 743 et
1005 719 1032 741 te

240 771 255 791 e
273 763 341 790 meis
359 762 490 790 manibus
508 761 618 797 eripiat.
634 761 704 789 Deus
719 769 808 794 meus,
839 761 929 796 inquit
943 761 1000 793 ille,
1015 769 1031 788 ο

240 808 466 841 sceleratissime,
483 807 530 842 qui
556 807 657 835 caelum
686 807 782 842 intplet
797 812 824 835 et
843 812 955 840 terrant,
983 814 1031 842 po-

242 859 296 885 test
314 863 357 883 me
373 863 389 883 e
404 855 459 883 tuis
478 854 603 882 manibus
616 854 732 889 eripere.
754 853 794 881 Tu
809 859 901 881 autem
921 861 982 881 cum
995 853 1032 881 sis

1077 350 1158 383 ζωον,
1169 349 1299 385 βραχείας
1308 350 1393 385 ζωῆς,
1404 350 1515 384 ἀγαθῶν
1529 350 1668 377 τοσούτων
1682 350 1875 386 ἀποδεδομένῳ

1079 397 1281 431 μακαριότητα.
1299 396 1392 432 Θυμοῡ
1419 397 1466 424 ἐπὶ
1479 397 1587 428 τούτοις
1603 396 1618 422 ό
1633 396 1733 431 μιαρὸς
1751 396 1875 432 timuit;-

1078 443 1193 474 πλαται,
1210 442 1259 470 καὶ
1272 443 1424 478 μάπιξιτὸ
1439 443 1514 479 ἱερὸν
1530 442 1622 477 γῆρας
1640 442 1723 474 εὐθὺς
1744 444 1874 470 καταικί-

1079 488 1156 521 ζεται
1172 488 1244 515 οὕτω
1264 489 1371 524 βαρέως
1389 488 1460 516 ὥστε
1481 488 1522 524 τῷ
1539 488 1636 523 αἵματι
1663 488 1714 523 μὲν
1734 488 1810 515 ἅπαν
1826 497 1876 516 πε-

1081 533 1296 569 ριλιμνααθῆναι
1308 533 1339 562 τὺ
1351 534 1461 569 ἔδαφος,
1480 535 1518 569 μὴ
1533 534 1752 569 καταλειφθῆναι
1771 534 1800 561 δὲ
1819 543 1874 569 μη-

1079 581 1143 608 δένα
1155 581 1238 608 τόπον
1253 581 1302 608 τοῦ
1317 580 1444 615 σώματος
1455 581 1563 616 ἀπαθῆ.
1575 581 1666 617 Βραχὺ
1688 581 1717 608 δὲ
1731 581 1787 608 τῶν
1807 581 1873 616 πλη-

1081 628 1138 663 γῶν
1149 628 1280 656 ἀνεθέντα
1299 628 1412 656 ἀλύσεσι
1428 628 1489 655 δυσὶ
1502 628 1681 663 περιδεθέντα
1696 627 1805 655 κελεύει
1821 628 1875 656 πά·

1081 675 1123 702 λιν
1139 675 1178 709 τῷ
1208 675 1311 710 βήματι
1331 675 1525 710 παραστῆναι,
1543 675 1608 707 καὶ,
1626 674 1680 702 Ποῦ
1696 676 1710 701 ὁ
1727 675 1794 706 Θεὸς
1818 683 1875 707 σου,

1082 721 1111 748 ὃν
1125 720 1204 757 σέϐῃ,
1225 721 1384 756 Ἀκεψιμᾶ;
1406 721 1513 755 ἔλεγεν.
1532 721 1651 748 Ἔλθὲτω
1665 721 1714 747 καὶ
1736 721 1792 748 τῶν
1803 722 1878 757 ἐμῶν

1082 767 1182 802 χειρῶν
1194 767 1327 800 ἐξελέσθω
1340 776 1380 794 σε.
1398 767 1428 795 '0
1442 768 1520 803 ἐμὸς,
1540 767 1604 802 εφη,
1619 767 1696 800 Θεὸς,
1708 767 1877 802 μιαρώτατε,

1083 813 1130 840 τὸν
1141 813 1258 848 οὐρανὸν
1271 813 1386 848 πληρῶν
1404 813 1453 840 καὶ
1471 813 1522 848 τὴν
1542 814 1605 848 γῆν,
1619 813 1733 842 δυνατός
1752 814 1811 840 ἐστι
1829 813 1878 840 καὶ

1084 859 1139 886 τῶν
1154 860 1210 886 σῶν
1231 859 1332 895 χειρῶν
1346 859 1487 893 ἐξελέσθαι
1505 868 1549 895 με.
1569 860 1604 886 Σὺ
1619 860 1648 886 δὲ
1665 859 1702 895 γῆ
1716 860 1763 886 καὶ
1780 859 1878 890 οποῖδς

242 905 314 928 terra
328 905 354 928 et
372 900 455 932 cinis,
471 900 497 927 in
515 907 595 934 quem
612 899 698 927 audes
712 899 856 934 superbire
872 899 887 926 ?-
909 899 960 927 sub
975 906 1029 933 quo

1088 905 1121 933 ὣν
1129 907 1199 933 κατά
1206 891 1283 937 τίνος,
1293 905 1347 941 ἄρα
1360 891 1407 933 ttat
1419 891 1524 940 τολμές
1537 905 1590 931 ibt-rs
1596 891 1831 940 ρηφανεύσεσθας,
1846 900 1877 930 οὗ

242 953 382 975 sternetur
403 947 581 982 putrefactio,
600 946 643 974 cui
661 946 715 973 vita
738 950 780 973 est
807 950 897 973 morte
913 945 1033 980 gravior.

245 995 290 1030 qui
317 995 452 1021 viventem
484 992 568 1020 Deum
595 1000 650 1020 non
679 993 852 1028 cognoveris.
884 991 1034 1026 Propterea

245 1047 375 1075 tanquam
388 1040 440 1067 ﬂos
454 1040 512 1073 agri
523 1038 720 1071 exsiccaberis.
734 1042 761 1066 et
773 1038 829 1067 vita
841 1037 1035 1066 miserabiliter

244 1094 353 1116 eversa.
367 1085 483 1113 traderis
498 1085 566 1120 igni.
579 1085 627 1119 qui
644 1092 698 1112 non
714 1089 805 1120 potest
829 1084 986 1118 exstingui:
1005 1087 1036 1111 ut

243 1140 325 1168 quem
344 1140 417 1161 nunc
446 1132 557 1164 adoras,
575 1131 631 1160 illic
654 1139 684 1159 re
700 1131 758 1165 ipsa
783 1131 896 1166 punitus
921 1131 1035 1162 sentias,

244 1187 298 1208 non
319 1186 380 1206 esse
397 1179 484 1214 ignem
503 1178 599 1209 Deutn,
625 1177 673 1206 sed
698 1178 788 1213 ipsum
814 1185 923 1213 quoque
951 1177 1035 1204 aliutn

243 1234 323 1254 nosse
338 1226 477 1261 opiﬁcem.
491 1225 591 1260 quiest
610 1224 693 1252 etiam
722 1223 796 1252 Deus
811 1226 944 1257 omnium,
976 1230 1036 1259 qua:

243 1272 346 1301 cadunt
359 1271 411 1299 sub
424 1275 576 1305 aspectum.

283 1317 313 1345 V.
333 1317 382 1344 His
407 1316 512 1351 majore
527 1315 567 1342 ira
586 1315 700 1343 incenso
714 1321 804 1349 mago.
834 1313 975 1348 graviores
990 1320 1038 1340 ca-

244 1370 314 1393 tena:
328 1368 452 1391 sanctum
467 1362 696 1395 cireutnligarunt
710 1365 738 1388 et
762 1367 826 1388 eum
842 1364 907 1388 tunc
924 1360 1038 1387 interior

245 1410 354 1445 accepit
373 1409 510 1436 custodia.
532 1407 581 1436 Die
594 1412 688 1436 autem
703 1407 830 1442 sequenti
853 1407 1038 1441 comprehen-

245 1465 294 1485 sus
309 1457 392 1484 etiam
412 1455 463 1482 iuit
483 1455 601 1482 maxime
626 1453 802 1481 venerandus
822 1453 964 1488 presbyter
988 1452 1037 1480 Jo-

245 1502 325 1537 sepb,
341 1505 420 1529 ortus
433 1508 464 1528 ex
478 1507 559 1535 pago,
577 1499 623 1533 qui
640 1503 752 1527 vocatur
770 1497 949 1530 Bethlabuca.
962 1496 1036 1531 quod

244 1549 402 1584 exponitur,
416 1552 485 1575 recte
498 1546 659 1579 scribentis;
690 1546 749 1580 ipse
781 1552 893 1580 quoque
909 1551 993 1572 senex
1009 1547 1039 1571 et

243 1594 299 1629 jam
328 1594 398 1621 intra
417 1593 549 1621 tertninos
575 1590 734 1624 Davidicos,
762 1594 794 1619 ut
810 1590 858 1625 qui
889 1593 966 1617 esset
993 1596 1057 1629 σου,

250 1638 393 1675 ptnaginta
410 1645 498 1665 annos
514 1641 605 1664 natus.
619 1635 758 1664 Senectuti
769 1639 860 1662 autem
874 1633 966 1662 decori
979 1637 1039 1661 erat

246 1685 370 1721 quaedam
389 1683 490 1719 gratia.
504 1687 532 1710 et
547 1681 654 1717 species
670 1680 843 1709 venerandos
868 1687 956 1707 canos
973 1678 1040 1706 red-

247 1729 329 1757 debat
339 1729 470 1759 lattiores.
482 1727 561 1761 cujus
576 1726 666 1754 anima
676 1725 788 1762 quidem
800 1725 890 1753 zelum
903 1725 1038 1759 spirabat,

247 1780 274 1803 et
290 1776 387 1809 dogma
405 1773 626 1801 Christianorum
641 1771 799 1800 mirandum
821 1772 848 1799 itt
861 1771 972 1799 modum
991 1771 1040 1800 de-

249 1820 387 1847 fendebat.
402 1818 515 1845 Summe
526 1823 590 1843 vero
607 1816 629 1844 is
645 1815 756 1843 deditus
767 1817 826 1842 erat
839 1813 1038 1848 temperantia,

248 1871 277 1894 et
295 1864 492 1893 continebatur
503 1870 551 1890 cor
566 1862 626 1897 ejus
642 1866 716 1889 metu
731 1861 833 1888 divino.
847 1859 981 1888 Praeterea
992 1867 1037 1886 au-

252 1917 306 1938 tem
324 1908 567 1943 comprehenditur
583 1907 664 1934 etiam
684 1906 711 1933 in
726 1905 823 1941 primis
836 1905 967 1941 colendus
981 1904 1041 1932 dia—

249 1963 338 1985 conus
358 1953 506 1983 Eititalas.
540 1953 607 1980 Eum
636 1959 723 1988 pagus
739 1951 809 1980 aluit
836 1950 1039 1984 Bethnoadara,

251 2003 292 2030 vir
307 2008 334 2030 et
348 2001 446 2036 spiritu
463 2000 582 2030 fervens.
593 2004 620 2026 et
636 1999 681 2034 qui
699 1997 802 2036 Christi
814 1996 949 2025 eharitale
962 1996 1040 2025 valde

251 2048 468 2085 accendebatur.
485 2046 570 2073 Erant
595 2050 685 2072 autem
702 2044 726 2072 ei
741 2051 833 2073 mores
861 2043 993 2079 propensi
1006 2042 1040 2070 ad

251 2096 433 2130 arguentium.
450 2097 477 2121 et
492 2093 567 2128 pleni
584 2091 692 2120 dicendi
706 2091 834 2119 libertate
846 2090 935 2118 instar
947 2089 1039 2124 magni

252 2140 328 2171 Eliae.
345 2139 435 2175 utqui
455 2139 527 2170 vitat,
542 2137 694 2173 ut‘opinor,
720 2141 902 2171 sequerentur
929 2135 1041 2163 liberta-

252 2191 307 2213 tem
320 2190 347 2213 et
367 2186 466 2212 animae
481 2177 639 2219 puritatem.
652 2183 782 2211 Florebat
798 2189 864 2210 vero
880 2182 907 2209 in
923 2189 956 2210 eo
967 2189 1041 2217 quae-

1085 953 1216 980 ὐποκάτω
1234 953 1424 988 στρωθήσεται
1453 952 1545 986 σῆψις,
1577 948 1599 986 ᾧ
1629 953 1646 986 ἡ
1664 951 1721 987 ζωὴ
1739 951 1878 986 βαρυτέρα

1086 998 1204 1026 θανάτου
1227 998 1273 1024 τδν
1292 997 1382 1029 ζῶντα
1403 996 1441 1032 μὴ
1467 996 1600 1030 ἐγνωκότι
1628 995 1706 1024 Θεόν.
1730 996 1780 1022 Διὰ
1800 995 1879 1022 τοῦτο

1085 1043 1151 1070 ὡσεὶ
1173 1043 1253 1074 ἀνθος
1272 1042 1320 1069 τοῦ
1337 1041 1423 1076 ἀγροῦ
1449 1041 1538 1073 οὕτως
1565 1040 1741 1076 ζηρανθὴσῃ,
1761 1039 1795 1066 Iv‘
1809 1040 1878 1074 ὅπερ

1086 1088 1135 1116 νῦν
1146 1088 1318 1123 προσκυνεῖς,
1328 1086 1408 1114 τοῦτο
1422 1086 1482 1113 btet
1496 1085 1681 1121 κοὶαζόμενος
1695 1086 1770 1121 ἔργῳ
1788 1085 1878 1121 μάθῃς

1086 1135 1117 1162 οὐ
1130 1135 1161 1162 τὺ
1180 1134 1237 1170 πῦρ
1251 1133 1322 1161 εἶναι
1343 1133 1421 1166 Θεδν,
1441 1134 1510 1162 ἀλλά
1530 1133 1578 1160 καὶ
1593 1133 1661 1160 αύτδ
1670 1133 1766 1168 ἔτερον
1778 1133 1879 1159 ειδέναι

1086 1182 1274 1217 δημιουργὸν,
1304 1181 1333 1213 ὃς
1353 1181 1401 1208 καὶ
1419 1181 1530 1208 πάντων
1555 1180 1617 1207 ἐστὶ
1643 1180 1699 1206 τῶν
1730 1180 1879 1215 ὁρωμένων

1087 1227 1167 1260 Θεός.

1124 1317 1161 1343 E'.
1179 1315 1291 1347 Τούτοις
1303 1315 1381 1351 θυμῷ
1391 1315 1495 1343 πλείονι
1508 1315 1556 1343 τοῦ
1568 1316 1657 1351 μάγου
1672 1315 1876 1347 διακρινθέντας.

1090 1362 1240 1398 βαρύτεραι
1258 1362 1304 1389 τὸν
1318 1363 1397 1396 ἆγιον
1417 1363 1618 1399 περιεδέσμουν
1643 1362 1767 1394 ἁλύσεις,
1790 1362 1838 1388 καὶ
1862 1362 1879 1396 ἡ

1088 1408 1214 1441 ὲσωτέρα
1238 1407 1306 1438 τέως
1331 1407 1440 1442 φυλακὴ
1465 1407 1626 1442 ὑπεδέχετο.
1642 1407 1682 1442 Τῇ
1696 1407 1725 1433 δὲ
1751 1406 1815 1442 ἑξῆς
1832 1406 1880 1433 καὶ

1094 1455 1108 1480 ὁ
1124 1453 1293 1488 τιμιώτατος
1317 1452 1472 1488 κατεσχέθη
1495 1452 1684 1488 πρεσϐύτερος
1705 1452 1805 1487 Ἰωσὴφ
1827 1452 1880 1478 ἀπὸ

1051 1516 1073 1545 c
1090 1499 1189 1535 κώμης
1217 1499 1398 1534 Βηθλαϐουκά
1421 1499 1598 1534 καλουμένης
1623 1498 1787 1534 ὁρμώμενος
1799 1499 1814 1525 ὃ
1827 1498 1875 1525 τοῦ

1089 1547 1245 1582 γράφοντος
1261 1546 1351 1577 καλῶς
1381 1546 1587 1581 ἑρμηνεύεται⁸
1614 1545 1732 1580 γηραιὸς
1745 1545 1774 1572 δδ
1797 1545 1879 1577 αὐτὸς

1089 1593 1138 1621 καὶ
1155 1593 1211 1620 τῶν
1221 1592 1375 1619 Δαυῑδικῶν
1391 1592 1465 1623 me;
1479 1593 1552 1627 ὅρων
1569 1591 1757 1627 ἐϐδομήκοντα
1774 1592 1881 1623 τούτοις

1089 1638 1232 1674 ὑπάρχων.
1248 1639 1374 1673 Ἐπρεπε
1389 1638 1418 1664 δέ
1427 1646 1470 1669 τις
1484 1638 1524 1673 τῷ
1537 1639 1611 1673 γήρα
1626 1638 1675 1665 καὶ
1689 1639 1770 1672 χάρις
1780 1637 1880 1673 ὡραιό-

1089 1693 1140 1718 σης
1155 1692 1185 1711 τε
1202 1684 1253 1720 τὴν
1270 1685 1366 1719 τιμίαν
1379 1683 1476 1712 πολιὰν
1503 1684 1655 1719 δπιμᾶλλον
1673 1683 1845 1719 ὶφαίδρυνεν,
1858 1679 1882 1717 ᾧ

1090 1728 1175 1764 ζήλου
1192 1729 1241 1764 μὲν
1251 1729 1347 1756 ἔπνεεν
1361 1730 1379 1764 ή
1394 1729 1468 1765 ψυχὴ
1485 1729 1533 1756 καὶ
1549 1729 1596 1756 τοῦ
1613 1730 1789 1764 Χριστιανῶν
1803 1729 1882 1756 ἐκτό-

1091 1784 1151 1807 πως
1172 1777 1321 1809 προϊστατο
1335 1776 1472 1810 δόγματος
1496 1777 1678 1811 σωφροσύνης
1693 1785 1724 1803 τε
1746 1775 1881 1811 ἀχριϐοὖς

1090 1821 1191 1855 εἴχετο.
1206 1819 1278 1855 Πρὸς
1292 1818 1372 1847 τοῦτο
1388 1819 1436 1846 καὶ
1465 1819 1479 1845 ό
1505 1819 1733 1854 σεϐασμιὼτατος
1753 1820 1881 1850 διάκονος

1098 1865 1239 1898 ’Δειθαλᾶς
1269 1865 1504 1900 συλλαμϐάνεται,
1521 1865 1605 1900 κύμη
1623 1864 1720 1892 τοῦτον
1745 1864 1882 1900 ιθρὲψατο

1092 1910 1285 1946 Βηθροαδαρᾶ,
1312 1910 1381 1945 ἀνὴρ
1400 1910 1466 1937 τότε
1482 1910 1622 1946 πνεύματι
1639 1911 1710 1943 ζέων
1724 1911 1772 1938 καὶ
1784 1910 1881 1946 etiam")

1091 1956 1210 1993 Χριστοῦ
1230 1956 1326 1992 ἀγάπῃ
1340 1957 1464 1991 σφοδρῶς
1478 1956 1686 1991 ὲκευρούμινος
1696 1964 1704 1972 ·
1724 1957 1883 1990 nssz

1091 2003 1120 2031 δὲ
1137 2002 1212 2038 αύτῷ
1225 2002 1258 2030 τὸ
1273 2000 1339 2037 ἦθος
1354 2003 1402 2029 καὶ
1425 2003 1586 2038 παρρησίας
1603 2002 1705 2037 μεστὸν
1719 2002 1766 2029 τὸν
1788 2001 1881 2029 Ἦλεαΰ

1091 2048 1140 2077 τοῦ
1153 2048 1275 2084 μεγάλου
1300 2049 1403 2083 τρόπον
1418 2048 1460 2084 τῷ
1482 2048 1642 2083 ἐλευθερίῳ,
1659 2046 1749 2083 οῐμαι,
1763 2048 1811 2076 τοῦ
1824 2048 1882 2084 βίου

1094 2096 1142 2122 καί
1154 2095 1204 2130 τὴν
1220 2095 1270 2130 τῆς
1287 2093 1378 2130 ψυχῆς
1394 2094 1529 2129 ἑπόμενον
1550 2094 1731 2130 καθαρότητι.
1754 2094 1883 2130 sumen

1093 2137 1123 2165 δέ
1134 2146 1176 2170 τις
1201 2137 1276 2171 αὐτῷ
1292 2138 1339 2164 καὶ
1367 2138 1500 2172 σεμνότης
1518 2137 1551 2164 ht
1567 2138 1677 2165 πάντων
1698 2138 1883 2173 περιποιοῦσι

1094 2184 1133 2220 τῷ
1150 2183 1228 2220 ἀνδρὶ
1244 2183 1276 2211 τὺ
1296 2184 1449 2218 αἰδέσιμον.
1462 2184 1540 2210 Ἐπεὶ
1554 2183 1583 2210 δὲ
1598 2184 1683 2219 ἄμφω
1705 2184 1883 2219 παρέστησαν

252 2233 316 2260 dam
334 2239 445 2267 quoque
462 2215 598 2266 gravitas,
616 2237 676 2265 qua:
696 2229 720 2257 ei
743 2228 909 2257 conciliabat
932 2228 967 2255 ab
975 2215 1037 2256 iom-

1094 2215 1133 2267 τά)
1147 2215 1284 2262 δικάζοντι
1303 2215 1426 2265 βλοσυρῷ
1446 2229 1552 2264 ὄμματι
1564 2215 1633 2265 πρὸς
1645 2215 1753 2259 αὐτοὺς⁷
1767 2215 1883 2256 ἀποϐλέ-

253 2279 335 2306 nibus
359 2277 574 2305 venerationem.
592 2276 659 2304 Cum
685 2279 777 2302 autem
802 2274 883 2302 ambo
916 2274 1042 2309 producti

255 2325 372 2353 inissent
386 2323 594 2359 antejudicem,
612 2322 635 2349 is
653 2327 732 2349 torvo
749 2320 830 2349 oculo
848 2328 896 2349 eos
911 2321 1042 2357 intuens:

255 2371 276 2397 0
290 2377 387 2405 genus,
406 2369 504 2404 inquit,
532 2367 752 2404 perditissimum
775 2366 781 2393 l
801 2373 851 2394 cur
882 2365 910 2393 in
939 2365 1044 2400 simpli-

254 2415 343 2442 ciores
359 2413 483 2440 homines
497 2412 661 2447 irrepentes.
680 2415 707 2439 et
723 2412 824 2439 vestris
847 2410 981 2438 doctrinis
994 2417 1043 2438 eo-

253 2468 314 2488 rum
329 2459 423 2486 oculos
454 2458 694 2493 praestringentes,
725 2456 861 2484 deducitis
883 2455 916 2482 ad
946 2455 1043 2483 falsam

255 2505 476 2534 Christianorum
491 2502 674 2538 religionem?
692 2501 794 2529 Beatus
810 2505 900 2529 autent
916 2501 985 2529 dixit
1000 2500 1044 2528 Jo-

256 2552 341 2588 seplt:
358 2550 414 2579 Nos
427 2559 476 2577 nec
488 2550 526 2577 uti
541 2548 698 2585 praestigiis,
715 2555 766 2576 nec
781 2547 875 2575 iallere
887 2546 1044 2576 didicimus.

257 2597 356 2626 Verum
369 2601 459 2624 autem
478 2600 505 2624 et.
532 2595 630 2623 stabile
658 2594 755 2631 dogma
780 2593 969 2625 defendentes.
997 2601 1045 2622 eos

255 2643 302 2679 qui
317 2648 395 2671 erant
407 2641 480 2670 circa
496 2641 655 2676 religionem
668 2642 829 2669 deducimus
844 2639 877 2667 ad
891 2640 1044 2673 veritatem,

254 2691 384 2718 docentes
395 2691 509 2716 adorare
528 2697 612 2716 unum
626 2689 721 2721 Deum,
752 2687 799 2723 qui
825 2691 868 2714 est
897 2694 959 2714 cutn
982 2686 1044 2721 aliis

253 2737 337 2764 rebus
354 2737 486 2764 Dominus
501 2737 568 2764 solis
583 2740 609 2763 et
631 2735 713 2771 ignis.
735 2734 808 2761 Dixit
825 2741 891 2761 vero
905 2740 1042 2768 magnus:

256 2783 399 2816 Quodnam
411 2788 501 2810 autem
517 2782 615 2818 dogma
629 2789 670 2809 εει
690 2780 796 2809 veritati
812 2779 1046 2808 consonlaneutn?

256 2829 331 2861 idne’,
349 2829 420 2863 quod
437 2837 483 2856 rcx
495 2829 579 2856 totius
599 2834 678 2856 terra:
695 2828 752 2863 ipse
768 2831 794 2856 et
828 2827 888 2862 ejus
915 2834 1044 2862 proceres

254 2874 415 2905 defendunt,
429 2882 462 2900 an
477 2874 550 2909 quod
565 2874 632 2901 viles
648 2878 674 2900 et
690 2874 790 2909 abin-cii
816 2873 954 2907 homines,
970 2873 1043 2903 sicut

255 2928 316 2953 vos,
337 2920 382 2953 qui
397 2920 503 2953 decepti
517 2920 584 2948 estis
600 2939 607 2951 .
623 2919 795 2951 praedicant?

1094 2274 1207 2312 ψας,Ὧ
1223 2275 1441 2309 δυσθανάτωτον,
1456 2275 1521 2310 ἔφη,
1538 2277 1628 2310 γένος,
1645 2275 1689 2302 ινα
1713 2275 1741 2302 τί
1754 2275 1817 2306 τοὺς
1830 2274 1883 2301 τῶν

1095 2322 1248 2357 ἀνθρώπων
1265 2321 1464 2357 ἀφελεστέρους
1488 2321 1616 2353 ὑπιόντες
1631 2322 1665 2356 τῇ
1678 2320 1733 2347 τῶν
1749 2321 1883 2355 Χριστια-

1095 2369 1148 2397 νῶν
1163 2369 1284 2403 ὑπάγετε
1310 2368 1462 2404 θρησκείας
1489 2367 1519 2394 '0
1547 2367 1684 2403 μακάριος
1705 2366 1809 2402 ἔφησεν
1829 2367 1885 2393 ἰυ-

1096 2415 1168 2450 σήφ·
1189 2414 1286 2450 Ἡμεῖς
1301 2413 1366 2440 οὔτε
1384 2413 1527 2448 γοητεύειν
1546 2411 1608 2439 οὔτε
1626 2413 1738 2448 ἀπατᾷν
1755 2412 1883 2447 μεμαθή-

1096 2469 1202 2496 καμεν·
1216 2459 1333 2495 ἀληθοῦς
1348 2459 1378 2486 δὲ
1393 2460 1441 2486 καὶ
1457 2458 1567 2494 βεϐαίου
1577 2459 1774 2495 προϊστάμενοι
1783 2458 1884 2493 δόγμα-

1094 2515 1141 2538 τος
1155 2506 1218 2538 τοὺς
1230 2505 1424 2539 πλανωμένους
1437 2505 1501 2541 περὶ
1516 2505 1547 2532 τὸ
1559 2505 1643 2536 σέϐας
1655 2503 1883 2540 χειραγωγοῦμεν

1096 2553 1166 2588 πρὸς
1183 2552 1232 2588 τὴν
1248 2551 1392 2587 ἀλήθειαν,
1415 2551 1481 2578 Θεδν
1498 2551 1547 2578 Eva.
1563 2551 1737 2582 διδάσκοντες
1763 2558 1885 2585 spectato.

1096 2600 1152 2627 νεῖν
1168 2598 1302 2633 δεσπότην
1325 2597 1396 2633 μετὰ
1409 2597 1464 2624 τῶν
1478 2597 1567 2625 ἄλλων
1586 2596 1661 2632 ἡλίου
1677 2605 1706 2624 τε
1722 2596 1770 2624 καὶ
1784 2595 1882 2630 πυρός.

1097 2645 1153 2672 Καὶ
1165 2645 1178 2672 ό
1197 2645 1284 2680 μάγος
1302 2645 1385 2679 φησίν
1396 2652 1404 2661 ·
1422 2643 1502 2671 Ποῖον
1524 2643 1553 2670 δὲ
1567 2643 1658 2678 δόγμα
1672 2643 1803 2679 ἀληθείας
1825 2641 1885 2676 ἐχό-

1099 2692 1179 2729 μενόν
1191 2693 1265 2719 ἐστιν
1278 2692 1348 2727 ὅπερ
1361 2693 1375 2718 ό
1399 2691 1491 2726 πάσης
1508 2691 1560 2725 γῆς
1574 2689 1727 2725 βασιλεύων
1747 2688 1830 2719 αὐτός
1854 2696 1885 2716 τε

1097 2739 1145 2765 καὶ
1161 2739 1325 2773 μεγιστᾶνες
1336 2736 1418 2764 αὐτοῦ
1431 2737 1633 2772 πρεσϐεύουσιν
1647 2736 1663 2773 ἢ
1681 2736 1750 2770 ὅπερ
1763 2734 1884 2766 εὐτελεῖς

1099 2786 1144 2811 καὶ
1159 2784 1329 2820 ἠμελημένοι
1344 2784 1406 2812 καθ’
1421 2784 1494 2820 ἡμᾶς
1506 2783 1570 2816 τοὺς
1582 2782 1776 2819 ἠπατημένους
1785 2781 1888 2818 κηρύτ-

1097 2838 1211 2865 τουσιν;
