2056 3151
255 174 310 206 8‘39

849 171 1042 202 ADDENDA.
1059 181 1094 187 -
1108 169 1276 201 APRILIS.

1837 161 1890 194 840

290 229 359 258 νιιι.
377 228 418 257 Ad
432 228 618 257 venerandum
630 232 721 256 autem
737 227 875 263 aspiciens
891 227 1041 255 Eithalam

1131 227 1172 255 H’.
1189 228 1261 262 Πρὸς
1276 227 1304 254 δὲ
1315 227 1360 254 τὸν
1378 227 1543 263 τιμιώτατον
1558 221 1715 257 ἀποϐλέψας
1732 219 1889 251 Ἄειθαλᾶν,

252 276 336 314 iudex
347 294 354 308 ,
369 275 417 310 qui
438 278 499 302 erat
514 274 606 302 animo
619 274 817 308 implacabilis:
841 274 881 302 Tu
901 282 966 302 vero
979 275 1045 310 quid

253 322 333 354 dicis,
352 320 464 356 inquit?
480 321 645 355 lmplebisne
659 319 768 355 justum
780 321 863 356 regis,
874 325 901 348 et
918 320 1046 348 adorabis

255 368 406 396 maximum
425 366 523 399 solem,
538 369 566 392 et
581 365 707 400 gustabis
730 366 905 400 sanguinem,
928 370 957 393 et
981 373 1045 393 cum

255 414 373 442 muliere
388 413 503 440 habebis
520 412 763 445 consuetudinem,
781 415 809 439 et
831 412 994 440 libet-aberis
1012 412 1046 440 ab

256 461 291 488 iis
308 468 369 496 quae
388 460 437 487 tibi
452 459 622 494 impendent,
638 458 735 485 malis:
751 465 786 485 an
799 458 856 486 eris
866 458 959 490 etiam.
972 457 1046 485 sicut

256 508 314 539 alii,
348 511 497 535 contumax
529 510 557 533 et
595 505 776 532 inobediensi
816 504 918 532 Christi
955 510 1045 532 autem

257 557 361 588 martyr
376 552 523 583 Eithalas,
540 559 603 578 vere
630 559 740 586 semper
757 551 858 579 florens
875 556 903 579 et
923 551 1046 579 cmlestis

257 600 350 636 planta
369 600 496 633 pietatis:
512 597 589 630 Tute,
609 598 709 632 inquit,
727 599 876 626 immunda:
890 603 917 626 et
941 598 1046 626 canina:

257 646 435 682 appetitionis
452 651 492 672 est
507 646 558 672 hoc
577 653 689 676 munus,
706 645 866 680 sanguinem
881 648 1003 679 gustare,
1019 649 1046 672 et

259 699 309 727 pro
325 691 392 724 Deo,
406 698 467 726 qua:
488 689 535 717 Dei
551 694 628 722 sunt,
652 689 754 717 colere.
782 689 863 717 Absit
887 693 991 721 autem,
1017 694 1047 716 ut

259 746 311 773 ego
325 738 394 765 adeo
420 737 564 764 caecutiam
593 736 718 772 corporis
732 740 760 763 et
774 736 874 763 animae
891 736 990 766 oculis,
1015 739 1046 762 ut

260 785 334 812 hunc
349 784 447 811 videns
459 783 556 815 solent,
575 783 609 810 ad
634 791 697 810 eum
724 790 811 817 usque
839 782 1001 815 consistam,
1019 786 1048 809 et

258 831 345 858 Deum
362 830 476 857 omnino
488 834 580 864 putetn
596 829 623 856 id
639 829 713 864 quod
728 835 853 864 apparet.
869 832 898 856 et
908 835 962 855 non
977 828 1049 856 ulte-

258 878 318 905 rius
337 877 496 912 progredior
515 876 667 903 sinceriore
695 876 776 903 oculo
803 875 990 910 cogitationis,
1021 880 1048 902 et

261 924 345 950 Deum
358 922 467 958 quidem
480 922 518 954 id,
527 922 600 957 quod
613 925 721 949 movet:
735 929 790 948 rem
803 928 867 949 vero
876 925 996 949 creatam
1008 927 1052 948 re-

259 974 353 1005 putem
369 970 406 1002 id,
434 969 506 1004 quod
532 972 666 995 movetur.
694 968 723 995 Si
751 972 843 995 autem
858 967 925 995 mihi
941 967 982 994 sic
1009 966 1053 1002 ju-

261 1015 365 1043 dicanti
387 1019 415 1042 et
441 1014 535 1050 plagas
557 1019 584 1041 et
609 1018 726 1041 mortem
749 1013 886 1045 minaris,
913 1020 967 1040 non
991 1011 1052 1039 ideo

259 1061 327 1089 mihi
345 1060 532 1096 persuadebis,
548 1064 578 1087 ut
593 1059 697 1087 discam
723 1063 800 1086 tuutn
828 1059 938 1094 dogma,
962 1062 990 1086 et
1004 1066 1052 1086 ne-

258 1115 318 1142 gem
339 1115 429 1135 veram
450 1107 622 1140 religionem.
649 1105 762 1141 Propter
789 1105 846 1133 hare
881 1106 968 1134 iratus
1000 1107 1052 1133 im-

265 1154 344 1188 pius:
375 1153 429 1180 Sed
460 1152 564 1183 nullus,
594 1152 694 1187 inquit,
716 1159 791 1180 sana:
816 1153 918 1180 mentis
935 1156 1050 1180 mortem

259 1201 322 1229 vita:
342 1200 503 1236 praetulerit,
529 1199 611 1234 idque
627 1203 738 1234 propter
770 1199 882 1227 stultam
899 1203 926 1226 et
939 1199 1053 1226 minime

261 1247 465 1275 consideratam
494 1246 686 1273 constantiam.
704 1245 889 1278 Quamobrem
916 1252 969 1272 nec
1001 1244 1051 1272 tibi

260 1292 428 1319 credendum
442 1294 484 1318 est
510 1290 612 1317 dicenti
628 1294 655 1317 te
676 1294 800 1325 paratum
825 1298 889 1318 esse
914 1290 984 1317 mori
1001 1297 1051 1325 pro

261 1344 309 1365 tuo
326 1338 452 1372 dogmate
467 1342 495 1364 et
509 1336 652 1370 religione.
672 1335 825 1371 Respondit
846 1336 981 1365 Sanctus:
997 1336 1050 1364 Ve-

265 1384 328 1416 stri,
348 1385 395 1418 qui
410 1392 425 1410 ι
445 1390 516 1410 vana
550 1390 598 1417 spe
626 1382 756 1417 pendent,
771 1386 795 1409 el
826 1382 929 1410 nullam
944 1387 1052 1410 acterna

264 1430 328 1457 vitae
348 1429 450 1456 habent
464 1430 709 1463 exspectationem,
723 1434 867 1463 postquam
882 1428 946 1456 hinc
957 1436 1052 1457 exces-

263 1475 359 1506 serint,
370 1475 433 1510 jure
444 1476 595 1502 existimari
608 1476 747 1510 potuerint
756 1482 818 1503 esse
831 1479 859 1503 et
871 1476 932 1502 vita
947 1476 1049 1510 cupidi,

263 1525 290 1548 et
304 1525 428 1549 amantes
462 1521 598 1556 corporis.
625 1520 748 1554 Quorum
764 1526 855 1549 autem
870 1529 918 1556 spe
945 1529 1009 1549 vera
1024 1525 1051 1548 et

1098 275 1112 301 ὁ
1129 275 1179 310 τὴν
1205 274 1295 310 ψυχὴν
1319 274 1481 310 ἀμείλικτος
1503 270 1653 305 δικαστής·
1675 268 1712 295 Σὺ
1729 268 1756 295 τί
1785 265 1888 300 λέγεις,

1098 322 1160 357 ἔφη,
1177 322 1290 357 πληροῖς
1306 322 1336 348 τὸ
1348 321 1394 349 τοῦ
1410 320 1543 356 βασιλέως
1556 317 1733 353 πρόσταγμα,
1746 314 1793 342 καὶ
1805 321 1890 349 προσ-

1097 370 1188 401 κυνεῖς
1203 369 1242 404 τῷ
1257 368 1379 404 μεγίστῳ
1394 368 1473 402 ἡλίῳ,
1498 364 1648 400 ἀπογεύεται
1664 371 1695 390 τι
1711 362 1829 396 αἵματος
1841 359 1888 387 καὶ

1097 416 1208 451 γυναικὶ
1223 415 1327 450 ὁμιλεῖς
1343 416 1390 441 καὶ
1403 413 1454 449 ῥύῃ
1471 412 1526 439 τῶν
1537 409 1740 446 ἐπηρτημένων
1751 416 1793 434 σοι
1805 407 1889 440 ἀναγ-

1098 461 1194 498 κῶν,ἦ
1216 462 1263 488 καὶ
1282 461 1363 492 αὐτὸς
1377 459 1501 489 ἀπειθεῖς
1520 458 1578 489 τοῖς
1605 456 1695 486 ἄλλοις
1716 453 1840 489 δμοίωςς
1859 451 1889 478 '0

1096 504 1126 531 δὲ
1139 505 1187 532 τοῦ
1202 505 1322 541 Χριστοῦ
1341 506 1446 540 μάρτυς
1461 502 1617 533 ’Δειθαλᾱς,
1633 501 1662 528 τὴ
1677 501 1729 534 τῆς
1745 499 1889 529 εὐσεϐείας

1097 551 1181 583 ὅντως
1189 552 1313 583 ἀειθαλὲς
1324 552 1408 586 φυτὸν
1419 551 1466 578 καὶ
1479 550 1604 586 οὐράνιον
1614 548 1706 583 ἔργον,
1715 546 1812 576 Τοῦτο,
1825 545 1888 580 ἔφη,

1097 599 1147 634 τῆς
1160 600 1210 633 σῆς
1225 598 1381 633 ἀκαθάρτου
1395 597 1443 625 καὶ
1454 596 1591 627 κυνώδους
1608 594 1737 628 ὀρέξεως,
1758 592 1789 619 τὸ
1802 591 1888 626 αἱμά-

1097 655 1152 672 των
1164 645 1347 679 ἀπογεύεσθαι
1359 643 1408 671 καὶ
1423 644 1484 669 ἀντὶ
1501 642 1549 669 τοῦ
1563 641 1630 668 Θεοῦ
1648 641 1682 666 τὰ
1697 639 1744 666 τοῦ
1761 638 1828 666 Θεοῦ
1846 638 1889 664 σέ-

1098 691 1204 718 ϐεσθαι.
1222 690 1336 725 Ἐμοὶδὲ
1353 689 1390 725 μὴ
1407 689 1514 724 γένοιτο
1533 687 1660 723 χαλεπῶς
1682 685 1753 712 οὕτω
1763 683 1888 718 τυφλώτ-

1097 747 1156 765 τειν
1169 737 1215 764 καὶ
1231 737 1294 768 τοὺς
1303 734 1348 763 τοῦ
1359 735 1486 770 σώματος
1497 734 1544 760 καὶ
1557 732 1621 763 τοὺς
1632 732 1681 766 τῆς
1691 730 1779 765 ψυχῆς
1791 728 1891 764 ὀφθαλ-

1100 784 1168 819 μοὺς
1179 783 1217 814 ὡς
1235 782 1333 818 ὁρῶντι
1351 781 1427 808 τόνδε
1446 781 1492 807 τὸν
1508 780 1586 815 ἣλιον
1604 777 1701 813 μέχρις
1721 776 1804 803 αὑτοῦ
1823 774 1890 808 στῆ-

1099 838 1154 863 ναι,
1169 829 1217 856 καὶ
1235 829 1301 855 Θεὺν
1312 828 1406 859 ἁπλῶς
1426 825 1583 862 ἡγήσασθαι
1603 825 1633 851 τὸ
1653 823 1830 859 φαινόμενον,
1842 821 1890 848 καὶ

1068 899 1088 926 Β
1105 877 1142 912 μὴ
1157 875 1324 910 προαωτέρω
1335 874 1471 910 χωρῆσαι,
1481 871 1600 903 διανοίας
1612 869 1745 926 ὀφθαλμῷ
1758 868 1891 926 τρανοτέο

1105 931 1144 958 ρῳ
1154 943 1162 955 ,
1181 923 1228 949 καὶ
1244 922 1312 948 Θεὸν
1327 921 1377 956 μὲν
1390 922 1420 948 τὺ
1442 919 1549 952 κινοῦν,
1567 919 1672 952 κτίσμα
1686 918 1715 944 δὲ
1729 916 1891 950 λογίσασθαι

1101 971 1132 996 τὸ
1146 969 1317 1003 κινούμενον.
1335 969 1366 995 Εἰ
1388 968 1416 994 δέ
1433 975 1478 1002 μοι
1495 966 1568 993 οὕτω
1593 965 1712 1000 κρίσεως
1733 964 1824 999 ἔχοντι
1845 962 1891 989 ul.

1101 1015 1212 1052 πληγὰς
1232 1015 1279 1042 καὶ
1301 1015 1416 1042 θάνατον
1439 1013 1573 1044 ἀπειλεῖς,
1601 1012 1632 1038 οὐ
1655 1011 1730 1046 παρὰ
1751 1009 1832 1037 τοῦτό
1856 1017 1890 1044 με

1101 1063 1206 1095 πείσεις
1227 1062 1258 1090 τδ
1270 1062 1316 1089 σδν
1327 1061 1417 1097 δόγμα
1431 1060 1603 1096 μεταμαθεῖν
1614 1059 1661 1087 καὶ
1680 1059 1728 1094 τὴν
1745 1057 1891 1084 εὐσέϐειαν

1100 1108 1326 1145 ἀπαρνήσασθαι.
1345 1107 1500 1143 Ὀργισθεὶς
1518 1106 1566 1132 ἐπὶ
1587 1105 1693 1136 τούτοις
1715 1103 1889 1137 ὸξδυσσεϐὴς.

1107 1156 1177 1184 Ἀλλ’
1191 1155 1278 1187 οὐδεὶς
1294 1154 1447 1188 ἀνθρώπων
1463 1152 1614 1187 εύφρονῶν,
1638 1151 1703 1185 ἔφη.
1721 1150 1837 1177 θάνατον
1858 1148 1890 1174 ἂν

1100 1203 1155 1238 πρὸ
1165 1202 1216 1236 τῆς
1228 1201 1300 1236 ζωῆς
1320 1200 1418 1233 ἕλοιτο,
1434 1200 1482 1227 καὶ
1505 1198 1592 1225 ταῦτα
1612 1197 1731 1232 ματαίας
1749 1196 1830 1230 χάριν
1845 1194 1890 1221 καὶ

1099 1249 1130 1275 οὐ
1149 1248 1305 1283 λιγομίνης
1329 1246 1483 1277 ὲνστάσιως
1497 1253 1504 1259 ·
1519 1244 1581 1271 ὅθεν
1594 1243 1656 1270 οὐδὲ
1673 1242 1832 1268 πιστευτέον
1850 1248 1890 1266 σοι

1100 1295 1217 1329 λέγοντι,
1244 1293 1392 1330 προθύμως
1418 1291 1491 1326 ἔχειν
1520 1291 1591 1325 ὑπὲρ
1610 1289 1656 1316 τοῦ
1684 1288 1821 1323 δίγματὸς
1842 1295 1889 1313 σου

1098 1344 1146 1368 καὶ
1163 1341 1213 1376 τῆς
1229 1340 1377 1376 Θρησκείας
1394 1338 1553 1365 ἀποθανεῖν.
1575 1337 1605 1364 '0
1617 1337 1695 1370 ἅγιος
1711 1334 1889 1369 ἁπεκρίνατο.

1099 1389 1130 1415 Ol
1145 1388 1208 1415 καθ’
1229 1388 1303 1422 ὑμᾶς
1327 1387 1374 1413 ἐπὶ
1392 1387 1487 1417 κεναῖς
1510 1383 1694 1419 αἰωρούμενοι
1713 1383 1774 1413 ταϊς
1799 1380 1890 1408 ἐλπίσι

1099 1436 1147 1462 καὶ
1167 1434 1203 1469 μή
1220 1442 1281 1460 τινα
1294 1432 1460 1468 προσδοκίαν
1484 1431 1552 1466 μετὰ
1569 1430 1619 1465 τὴν
1645 1429 1768 1456 ἐντεῦθεν
1788 1428 1891 1462 ἀποδη-

1103 1479 1167 1515 μίαν
1183 1480 1292 1514 ἔχοντες
1308 1478 1489 1512 ἀτελευτήτου
1505 1477 1590 1511 ζωῆς,
1606 1476 1720 1505 είκότως
1741 1475 1775 1502 ἂν
1787 1475 1834 1501 καὶ
1847 1483 1891 1509 φι-

1105 1526 1217 1557 λοζωεῖν
1232 1522 1303 1552 οὗτοι
1321 1524 1368 1550 καὶ
1393 1523 1596 1557 φιλοσωματεῖν
1620 1521 1782 1556 νομίζοιντο.
1799 1518 1846 1552 Οἷς
1863 1520 1892 1546 δι

265 1568 345 1594 flrma
357 1567 441 1595 alitur
457 1568 560 1600 anima,
576 1568 648 1602 quod
664 1572 692 1594 et
711 1575 742 1595 ea
759 1568 795 1595 sit
823 1568 999 1600 immortalis,
1025 1573 1052 1595 et

1104 1572 1213 1607 ἀληθεῖς
1229 1571 1337 1603 ἐλπίδες
1350 1570 1398 1598 καὶ
1409 1570 1515 1605 βέϐαιοι
1527 1569 1577 1604 τὴν
1589 1568 1678 1604 ψυχὴ-ι
1690 1568 1891 1604 ὑποτρέφουσιν

265 1613 303 1642 sit
320 1621 418 1642 rursus
432 1622 496 1641 cum
513 1621 564 1643 suo
590 1621 707 1650 corpore
732 1615 841 1642 coitura
870 1618 933 1649 post
956 1615 1053 1642 mortis

265 1660 490 1692 dissolutionem,
502 1666 530 1688 et
544 1665 656 1689 aeterne
672 1661 736 1688 vitae
747 1661 838 1688 futura
851 1662 1000 1696 particeps,
1018 1661 1053 1688 iis

264 1715 388 1743 prascns
404 1708 459 1734 vita
485 1715 529 1734 res
557 1713 601 1735 est
628 1715 710 1742 parva
733 1712 761 1735 et
787 1708 1000 1740 contemnenda,
1027 1711 1054 1735 et

265 1760 341 1779 mors
355 1753 470 1780 minime
497 1753 642 1781 terribilis.
663 1752 752 1780 Verax
764 1757 806 1780 cst
826 1753 900 1780 enim
916 1753 988 1781 Deus
1005 1761 1053 1781 no-

263 1802 320 1825 ster
332 1802 359 1825 et
371 1798 512 1832 magister,
540 1799 586 1833 qui
608 1798 695 1826 dicit:
722 1808 732 1824 ι
753 1798 843 1827 Nolite
856 1800 955 1827 timere
968 1799 1002 1827 ab
1019 1799 1054 1827 iis

262 1844 310 1878 qui
327 1843 457 1870 occidunt
472 1849 583 1878 corpus,
599 1842 720 1870 animam
741 1847 836 1870 autem
865 1850 921 1870 non
936 1846 1054 1878 possunt

263 1889 393 1917 occidere
403 1889 424 1915 ¹.
431 1897 442 1916 ι

299 1977 345 2006 IX.
362 1977 440 2006 Tunc
453 1977 532 2013 jubet
545 1977 588 2005 vir
602 1977 648 2006 ille
662 1977 738 2006 ferus
752 1977 813 2013 ejus
825 1978 937 2013 quidem
953 1986 1055 2008 manus

264 2023 372 2059 alligari
396 2023 556 2058 poplitibus,
578 2027 606 2051 et
635 2023 749 2059 longum
776 2023 878 2058 lignum
906 2023 934 2052 in
964 2025 1055 2054 medio

264 2070 410 2104 utriusque
425 2070 588 2104 transadigi.
601 2077 650 2097 sex
663 2074 754 2097 autem
769 2071 845 2098 viros
873 2071 1003 2099 robustos
1017 2072 1053 2100 ab

265 2116 412 2150 utriusque
433 2114 499 2150 ligni
532 2114 666 2142 extremis
690 2116 919 2150 conscendentes,
947 2116 1055 2145 fortiter

266 2169 391 2197 premere
406 2166 616 2189 sacrosanctum
637 2162 704 2190 illud
733 2170 844 2198 corpus,
857 2163 892 2191 de
918 2163 1055 2192 industria

268 2205 349 2233 factis
364 2206 492 2238 saltibus,
511 2210 538 2234 et
551 2214 616 2234 ossa
639 2207 699 2241 ejus
727 2207 901 2243 confringere
915 2213 942 2236 ct
956 2208 1056 2236 dissol-

1101 1619 1139 1650 ὡς
1156 1618 1226 1652 αὐτή
1241 1627 1270 1644 τε
1284 1617 1420 1649 ἀθάνατος
1434 1616 1476 1651 εἴη
1503 1617 1551 1643 καὶ
1560 1616 1599 1651 τῷ
1617 1615 1675 1650 ἰδίῳ
1690 1615 1771 1642 πάλιν
1783 1614 1892 1648 σώματι

1103 1663 1270 1690 συνελθοῦσα
1287 1663 1357 1698 μετὰ
1367 1662 1418 1698 τὴν
1438 1661 1486 1688 τοῦ
1502 1661 1620 1688 θανάτου
1631 1661 1754 1689 διάλυσιν
1778 1661 1890 1688 αἰωνίου

1104 1709 1198 1744 μέλλοι
1212 1708 1283 1743 ζωῆς
1303 1708 1454 1740 κοινωνεῖν,
1466 1727 1474 1739 ,
1489 1706 1594 1738 τούτοις
1607 1706 1663 1741 ἆρα
1674 1706 1721 1732 καὶ
1737 1707 1752 1739 ἡ
1767 1704 1893 1739 παροῦσα

1103 1754 1160 1789 ζωὴ
1175 1755 1272 1789 χρῆμα
1284 1753 1402 1789 σμικρὸν
1416 1753 1463 1780 καὶ
1474 1752 1714 1787 εὐκαταφρόνητον
1723 1752 1770 1778 καὶ
1784 1752 1798 1778 ὁ
1811 1752 1893 1777 θανα-

1107 1809 1153 1833 τος
1169 1801 1271 1836 ἥκιστα
1286 1799 1410 1834 φοϐερός.
1431 1798 1562 1834 Ἀψευδὴς
1571 1798 1626 1834 γὰρ
1643 1799 1656 1825 ὁ
1677 1798 1812 1834 ἡμέτερος
1827 1798 1893 1828 Θεὸς

1107 1845 1154 1872 καὶ
1167 1843 1340 1875 διδάσκαλος,
1358 1851 1368 1869 ι
1387 1845 1433 1876 Mt]
1447 1844 1579 1876 φοῠηοῃς.
1591 1851 1600 1866 ι
1620 1844 1718 1874 λέγων,
1745 1853 1755 1865 ι
1771 1844 1828 1869 ἀπο
1840 1843 1894 1870 τῶν

1105 1889 1324 1917 ἀποκτεινόντων
1348 1887 1379 1915 τὸ
1398 1887 1491 1921 σῶμα,
1506 1886 1556 1920 τὴν
1572 1885 1600 1912 δὲ
1617 1884 1706 1920 ψυχὴν
1731 1883 1893 1911 ἀποκτεῖναι

1106 1935 1143 1971 μὴ
1159 1934 1331 1968 δυναμένων.
1348 1941 1358 1959 ι

1139 1981 1177 2009 8'.
1199 1980 1264 2008 Τότε
1277 1979 1383 2007 κελεύει
1397 1978 1411 2005 δ
1424 1977 1561 2014 θηριώδης
1585 1977 1690 2008 ἁκεῖνος
1707 1975 1758 2007 τὰς
1776 1974 1825 2010 μιν
1839 1975 1895 2011 χεί-

1105 2037 1157 2066 ρας
1177 2028 1260 2056 αὑτοῦ
1286 2027 1346 2059 ταῖς
1365 2025 1469 2060 ἰγνύαις
1487 2023 1681 2058 προσδεθῆναι,
1699 2022 1778 2055 ξύλον
1790 2031 1820 2050 τε
1843 2030 1894 2056 μα-

1105 2077 1171 2113 κρὸν
1181 2076 1265 2112 μέσον
1274 2073 1478 2110 ἁμφωτάρωθαν
1489 2071 1656 2106 διιλαθῆναι,
1672 2071 1701 2104 ἓξ
1710 2070 1739 2097 δὲ
1755 2070 1855 2106 ἄνδρας
1866 2069 1894 2102 ἐξ

1104 2124 1245 2158 ἑκατέρων
1266 2122 1361 2156 ἄκρων
1383 2119 1430 2146 τοῦ
1446 2117 1526 2152 ξύλου
1553 2116 1752 2152 ἐπιϐεϐηκότας
1771 2115 1895 2151 ἀτεχνῶς

1105 2169 1236 2205 ίσχυροὺς
1255 2167 1422 2203 ιρῤωμένως
1437 2165 1546 2198 πιέζειν
1559 2165 1616 2196 τοῖς
1642 2163 1770 2199 ἐπίτηδες
1790 2163 1894 2197 ἁλμασι

1105 2216 1136 2242 το
1157 2215 1229 2250 ἱερὸν
1245 2215 1335 2240 statvo
1350 2211 1431 2247 σῶμα
1452 2211 1549 2238 καὶτὰ
1567 2210 1636 2238 ὀπί
1656 2209 1830 2242 σννθλῶντας
1848 2210 1896 2236 καὶ

266 2259 342 2280 vere.
359 2251 462 2280 Deinde
477 2252 561 2280 etiam
592 2253 656 2280 ntali
687 2261 799 2289 quoque
824 2253 944 2282 Persicae
967 2254 1052 2290 virgis

1108 2261 1278 2291 διαλύοντας,
1293 2258 1341 2286 ἐπὶ
1355 2258 1461 2289 τούτοις
1481 2257 1530 2285 καὶ
1554 2256 1665 2292 ῥάϐδοις
1681 2255 1753 2292 ῥοῶν
1773 2255 1895 2290 ἀνηλεῶς

268 2305 331 2325 eum
347 2298 499 2326 verberari.
519 2297 672 2327 Indomitns
694 2303 784 2326 autem
811 2300 857 2327 ille
887 2300 1000 2333 athleta,
1030 2305 1058 2329 et

269 2344 350 2378 cujus
366 2345 439 2372 nulla
463 2352 492 2372 re
509 2345 685 2380 frangebatur
707 2345 831 2380 spiritus,
845 2346 959 2381 perinde
976 2354 1008 2374 ac
1033 2347 1057 2376 si

268 2393 374 2419 nullum
390 2392 511 2419 dolorem
521 2392 723 2420 sentiretatam
741 2392 840 2428 insigni
852 2393 985 2426 cruciatu,
998 2400 1058 2421 ma-

267 2445 322 2474 gno
336 2442 365 2465 et
380 2438 489 2466 excelso
514 2438 607 2466 animo
642 2439 780 2474 aspiciens
801 2439 834 2466 ad
847 2438 970 2473 judicem
985 2448 992 2467 :
1020 2439 1057 2468 Ut

267 2484 388 2517 videtur,
417 2484 518 2519 inquit,
536 2492 653 2520 corpora
679 2485 834 2518 hominum.
859 2494 921 2521 qua;
950 2486 1056 2514 discer-

268 2536 382 2565 puntur,
401 2530 450 2558 tibi
482 2531 600 2566 aliquam
618 2531 736 2558 afferunt
762 2532 940 2567 voluptatem,
969 2533 1058 2561 instar

268 2584 368 2604 canum
384 2582 433 2604 aut
459 2583 604 2603 corvorum
630 2576 671 2604 eis
697 2577 804 2612 impleri
826 2578 958 2613 cupienti.
981 2577 1058 2606 Scias

268 2630 335 2657 ergo
358 2631 401 2650 me
429 2623 531 2650 nullam
548 2622 651 2650 ducere
667 2624 802 2651 rationem
821 2624 919 2651 horum
937 2628 1058 2652 tormen-

267 2673 372 2703 torum,
386 2677 446 2704 quae
458 2677 474 2696 a
493 2675 518 2697 te
535 2669 702 2696 inferuntur.
728 2670 782 2696 Aut
798 2677 864 2704 ergo
891 2677 961 2697 nova
976 2677 1058 2698 exco-

268 2717 322 2750 glta
343 2717 487 2751 supplicia,
508 2721 556 2743 aut
571 2719 642 2744 scito
658 2724 701 2744 tne
713 2724 745 2745 ea
759 2717 827 2744 nihil
842 2717 943 2745 facere.
962 2716 1058 2752 Magus

268 2768 361 2790 autem
378 2762 470 2790 statim
485 2769 636 2790 conversus
652 2761 686 2790 ad
702 2763 830 2790 lictores:
856 2762 923 2795 Cur,
957 2763 1057 2798 inquit,

268 2807 485 2835 misericorditer
493 2807 587 2842 ﬂagris
599 2808 704 2836 caninis
716 2808 850 2844 impium?
862 2807 958 2837 Videte
970 2809 1055 2841 enim,

307 2899 316 2916 ¹
335 2899 404 2928 Luc.
419 2909 466 2934 ιιι,
483 2901 508 2927 7.

1106 2309 1188 2336 αὑτὸν
1208 2305 1371 2334 τύπτεσθαι.
1391 2305 1421 2332 '0
1434 2304 1462 2331 δὲ
1473 2303 1581 2338 ἀδάμας
1594 2303 1716 2339 ἀθλητὴς
1728 2304 1831 2334 ἐκεῖνος
1850 2303 1896 2330 καὶ

1107 2354 1138 2382 τὸ
1162 2353 1291 2389 φρόνημα
1306 2351 1352 2378 ὑπ’
1372 2349 1478 2381 οὐδενὸς
1492 2348 1708 2383 ταπεινούμενος
1719 2348 1814 2383 ὥσπερ
1827 2349 1896 2374 ἁπό-

1108 2409 1159 2432 νως
1182 2400 1228 2426 καὶ
1246 2398 1407 2432 ἀναλγήτως
1433 2396 1501 2431 πρὸς
1524 2395 1642 2430 βασάνου
1670 2393 1798 2429 τοιαύτην
1814 2394 1898 2429 ὑπερ-

1109 2447 1190 2480 ϐολὴν
1202 2445 1385 2479 διαχειμανος.
1408 2443 1517 2475 εὐγενές
1528 2451 1555 2469 τι
1571 2442 1617 2469 καὶ
1632 2441 1805 2477 μεγαλόφρον
1829 2441 1896 2475 πρὶς

1106 2493 1152 2521 τδν
1168 2491 1299 2526 δικαστὴν
1315 2490 1485 2524 ἀποϐλέψας,
1502 2489 1546 2521 Ὠς
1559 2489 1657 2520 ἔοικεν,
1671 2488 1769 2523 ἡδονήν
1784 2496 1826 2514 σοι
1837 2488 1898 2515 τινὰ

1106 2538 1140 2564 τὰ
1152 2537 1208 2564 τῶν
1227 2534 1391 2570 ἀνθρώπων,
1409 2534 1472 2569 ἔφη,
1490 2532 1607 2568 σώματα
1633 2533 1897 2568 διασπαρασσόμινα

1108 2583 1219 2618 ἔμποιιί
1230 2582 1277 2608 τὸν
1300 2581 1390 2608 κυνῶν
1405 2580 1422 2615 ἢ
1450 2580 1582 2614 κοράκων
1606 2579 1719 2614 τρόπον,
1754 2579 1895 2613 ἒμπὶπλαυ

1109 2628 1172 2654 σθαι
1181 2626 1286 2654 τούτων
1305 2625 1455 2660 ἔφιιμένῳ.
1481 2624 1569 2651 Γνῶθι
1585 2624 1730 2658 τοιγαροῦν
1751 2625 1846 2658 σαφῶς
1858 2624 1896 2655 ὡς

1108 2672 1198 2703 οὐδείς
1219 2681 1263 2708 μοι
1278 2671 1356 2706 λόγος
1370 2671 1424 2698 τῶν
1442 2671 1518 2704 παρὰ
1537 2670 1585 2697 σοῦ
1602 2670 1705 2697 τούτων
1719 2670 1897 2705 ἐπαγομένων

1108 2718 1283 2753 βασάνων.ΊΙ
1293 2717 1384 2744 τοίνυν
1398 2717 1557 2751 καινοτέρας
1571 2716 1684 2749 ἐπινόει,
1699 2716 1713 2751 ἢ
1726 2718 1830 2747 ταύτας
1843 2716 1898 2743 (ad:

1107 2765 1137 2792 τὸ
1152 2764 1236 2799 μηδὲν
1251 2773 1296 2799 μοι
1308 2763 1499 2798 λογιζομένας.
1519 2764 1548 2789 ὐ
1561 2762 1588 2789 δὲ
1610 2763 1697 2797 μάγος
1712 2762 1812 2789 αὐτίκα
1829 2764 1897 2797 πρὸς

1106 2810 1168 2842 τοὺς
1183 2809 1297 2845 δημίους
1313 2809 1504 2845 ὲπιςτραφεὶς,
1521 2809 1579 2836 ἰνα
1594 2809 1621 2835 τί
1648 2808 1715 2845 πρὸς
1727 2808 1817 2842 ελιον,
1832 2808 1898 2844 εφη,
