2056 3151
192 183 241 216 8H

617 182 821 212 CERTAMEN
843 181 872 211 S.
893 178 1094 210 AC’EPSIMA!
1115 178 1162 209 ET
1180 177 1387 210 SOCIORUM.

1763 178 1816 209 843

193 243 338 278 μαστίζετι
366 243 411 269 τὸν
434 243 568 276 ἀνόσιονς
599 243 680 278 ὁρᾶτε
697 241 752 276 γὰρ
775 242 850 272 ὅπως
874 239 982 275 φειδοῦς

1037 238 1177 273 quomodo
1194 239 1258 265 dum
1270 238 1298 265 -ei
1316 239 1438 271 parcitis,
1450 239 1483 266 ad
1496 247 1546 268 nos
1564 241 1741 270 incessendos
1758 249 1827 269 c0u-

193 289 354 324 ἀξιούμενος
368 290 437 324 πρὸς
451 289 500 320 τὰς
511 288 572 316 καθ’
588 288 668 323 ἡμῶν
684 287 778 323 ὕϐρεις
793 287 863 313 κατά
879 286 981 320 πολλὴν

194 337 279 371 χωρεῖ
289 336 338 371 τὴν
351 336 519 371 ἐλευθερίαν.
536 336 573 362 ὀἱ
585 335 623 368 δὲ,
638 334 734 369 ὥσπερ
747 334 800 360 τινὶ
825 333 929 367 κέντρῳ
944 331 982 367 τῷ

193 382 265 417 λόγῳ
277 382 480 416 διαναστάντες,
494 381 581 413 οὕτως
596 381 725 408 ἐπέθεντο
740 379 879 415 κραταιῶς
899 379 937 410 ὼς
951 379 983 405 ὲκ

190 428 241 464 τῆς
254 428 307 455 τῶν
320 428 526 464 ἐπιϐεϐηκότων
541 428 580 463 τῷ
595 426 667 462 ξύλῳ
694 426 847 462 βαρύτητος
870 425 918 451 καὶ
933 425 984 458 τῆς

192 475 247 502 τῶν
272 475 415 502 τεινόντων
445 474 626 509 σφοδρότητος
654 474 704 507 τῆς
718 471 860 506 ὠμότητος
876 479 906 498 τε
928 470 984 497 τῶν

195 521 381 557 μαστιςόντων
396 520 488 546 τέλεον
503 519 658 554 παρεθῆναι
676 518 725 552 μὲν
742 516 817 552 αὑτῷ
832 517 881 547 τὰς
897 517 985 551 ἅρμο-

192 568 252 599 νίας
265 567 311 594 τοῦ
327 567 465 602 σώματος,
480 565 683 600 συνθλασθῆναι
697 564 725 591 δὲ
739 563 774 591 τὰ
791 563 859 590 ὀστᾶ
872 563 919 589 καὶ
934 563 984 594 τὰς

193 613 301 648 σάρκας
318 612 535 646 καταξανθῆναι.
570 610 809 640 Διαϐαστάσαντες
821 607 871 635 οὖν
887 608 982 640 αὐτὸν,

192 658 254 684 imi.
269 658 308 693 μὴ
323 658 443 692 χρῆσθαι
456 657 510 688 τοῖς
530 656 611 683 ποσὶν
628 654 745 690 ἠδύνατο
759 654 857 689 ὥσπερ
872 663 898 680 τι
915 662 984 690 φορε

189 703 249 730 τίον
262 705 295 740 τῇ
312 704 419 739 φυλακῇ
436 702 654 738 προσρίπτουσιν
664 722 673 735 ,
701 701 767 728 lvii:
781 701 814 736 δὴ
830 701 877 727 καὶ
893 701 910 735 ἡ
927 700 982 727 τῶν

190 750 278 784 ἁγίων
292 751 358 782 δυὰς
376 750 574 781 κατάκλειστος
590 747 636 785 ἦν.

229 797 257 824 l'.
271 797 354 824 Πέντε
368 796 477 831 διῆλθον
494 796 608 832 ἡμέραι,
624 795 672 822 καὶ
687 794 801 826 τούτους
818 793 866 820 τοῦ
878 794 985 828 δεσμω-

190 846 285 880 τηρίου
302 844 484 879 ἐξαγαγόντες
505 844 546 875 είς
561 843 644 870 τόπον
659 843 689 874 ὃς
703 843 829 869 ἐκαλεῖτο
846 842 984 877 Παράδει-

1035 284 1155 311 tumel‘is
1203 283 1321 311 maxima
1354 284 1492 311 invehitur
1520 286 1653 313 libertate.
1680 287 1719 314 Illi
1749 295 1826 322 vero,

1035 330 1120 357 veluti
1137 329 1258 365 quodam
1273 330 1386 356 stimulo
1397 329 1457 364 eius
1473 338 1601 360 sermone
1629 333 1754 365 excitati,
1770 339 1825 360 tam

1036 376 1143 403 fortiter
1169 376 1353 408 invaserunt,
1381 380 1411 402 ιιι
1436 383 1469 403 ex
1493 377 1627 411 gravitate
1653 386 1749 406 eorum
1777 380 1826 414 qui

1036 421 1228 452 ascenderant,
1243 424 1270 448 et
1285 428 1319 448 ex
1334 421 1508 448 vehementia
1539 429 1634 449 eorum
1654 425 1701 458 qui
1728 426 1824 452 trude-

1035 467 1113 499 hant,
1129 472 1156 494 et
1181 474 1216 494 ex
1247 467 1410 494 credulitate
1443 475 1538 495 eorum
1568 469 1615 504 qui
1638 469 1825 505 flagellabant,

1035 520 1181 548 compages
1199 512 1310 547 quidem
1329 513 1455 548 corporis
1480 513 1505 541 ei
1534 513 1639 541 fuerint
1667 516 1825 551 dissoluta,

1035 567 1100 587 ossa
1111 563 1201 586 autem
1213 560 1268 587 sint
1283 560 1433 592 confracta,
1448 564 1475 588 et
1488 567 1587 588 carnes
1597 561 1652 589 sint
1667 562 1826 598 discerptae.

1036 604 1104 632 Eum
1117 612 1182 640 ergo
1197 610 1350 640 portantes,
1364 606 1495 640 quoniam
1515 607 1630 640 pedibus
1652 608 1767 637 minime
1786 610 1826 637 uti

1037 655 1155 685 poterat,
1177 656 1307 686 tanquam
1332 658 1404 679 onus
1431 651 1543 687 aliquod
1575 654 1726 688 projiciunt
1750 655 1774 683 vi
1798 655 1826 683 in

1036 697 1201 730 custodiam,
1219 697 1247 725 in
1267 705 1322 732 qua
1350 698 1434 725 etiam
1460 698 1597 727 inciusum
1613 705 1674 728 erat
1694 700 1760 728 illud
1779 709 1827 736 par

1036 747 1206 770 sanctorum.

1073 787 1106 816 Χ.
1121 789 1188 816 Cum
1205 790 1326 826 quinque
1341 790 1399 818 dies
1425 791 1636 826 praeteriisscnt,
1660 801 1708 821 eos
1722 801 1738 821 e
1765 802 1827 822 car—

1037 841 1100 861 cere
1115 834 1279 868 cduxerunt,
1297 840 1325 862 et
1343 836 1480 863 duxerunt
1505 836 1532 864 in
1547 838 1648 869 locum,
1673 839 1721 873 qui
1748 847 1827 867 vocav

192 879 238 921 σος
253 890 375 924 ἄγουσιν,
401 885 432 915 οὗ
449 888 481 924 δὴ
499 888 545 914 καὶ
562 887 680 923 πλησίον
704 888 769 918 ναὸς
784 887 934 922 ἐτύγχανεν
946 886 984 913 ὢν

1039 879 1119 907 hatur
1134 881 1296 913 Paradisus.
1311 890 1396 917 prope
1411 882 1484 917 quod
1511 889 1571 911 erat
1588 885 1718 919 templum
1745 886 1828 920 ignis,

190 935 237 963 τοῦ
251 936 318 970 παρ’
333 934 425 962 αὐτῶν
449 934 599 969 σεϐομένου
616 933 714 969 πυρὸς,
731 933 761 959 ὲν
776 930 798 966 ᾧ
812 932 985 967 προκαθίσας

190 983 205 1009 ὀ
231 982 339 1017 μιαρὸς,
368 980 474 1009 Είπὰτέ
503 989 548 1015 μοι
563 980 593 1006 τὸ
607 981 702 1015 τάχος,
720 979 788 1015 πρὸς
801 979 866 1011 τοὺς
891 979 988 1013 ἁγίους

191 1029 286 1063 φησὶν,
303 1028 343 1054 ἔτι
360 1028 398 1062 τῷ
415 1027 490 1062 αὐτῷ
512 1027 561 1061 τῆς
578 1026 670 1057 ἀνοίας
686 1026 835 1061 ἐπιμένετε
851 1025 986 1060 λογισμῷ,

191 1076 209 1110 ἧ
224 1083 250 1101 τι
269 1076 395 1110 κρεῖττον
420 1074 484 1107 ὑμῖν
510 1072 759 1108 μεταϐεϐούλευται
770 1073 818 1099 καὶ
833 1072 986 1107 σωτήριονς

189 1121 222 1148 οι
245 1121 318 1154 ἅγιοι
333 1120 370 1152 ὡς
395 1119 425 1152 ἐξ
442 1119 501 1150 ἑνὸς
528 1118 662 1153 στόματος
679 1118 760 1149 εὐθὺς
788 1117 985 1153 ἀπεκρίναντο·

189 1167 314 1194 Γνωστὸν
331 1166 402 1193 ἔστω
428 1174 479 1197 σοι,
503 1166 629 1196 δικαστὰ,
648 1165 689 1191 ὅτι
713 1164 742 1190 ὃν
759 1163 788 1196 ἐξ
805 1165 894 1199 ἀρχῆς
907 1164 986 1197 λογι-

191 1213 262 1248 σμδν
285 1212 407 1247 εἴχομεν,
421 1211 508 1246 τούτῳ
534 1210 581 1237 καὶ
596 1210 680 1237 slain
698 1209 869 1245 στοιχοῦντές
888 1210 984 1244 ἐσμεν,

191 1261 238 1285 καὶ
254 1258 335 1293 μέχρι
359 1258 453 1287 τέλους
470 1257 516 1283 τδν
541 1256 623 1283 αὐτὸν
637 1256 747 1291 ἕξομεν,
767 1256 818 1282 οὐκ
844 1254 982 1288 ἀπειλαῖς,

190 1306 221 1332 οὗ
239 1305 378 1338 βασάνοις,
405 1304 436 1330 οὺ
452 1303 579 1338 δωρεαῖς.
600 1302 689 1329 οὐδενὶ
705 1302 779 1337 ἄλλῳ
801 1301 832 1328 τὸ
851 1301 982 1336 παράπαν

191 1349 489 1385 μετατιθέμενοι.Ἐνα
497 1348 552 1382 γὰρ
567 1348 635 1375 Θεὸν
646 1349 864 1383 προσκυνοῦμεν,
874 1348 922 1374 καὶ
933 1347 984 1373 σὺ·

187 1396 235 1423 τὶν
253 1395 333 1430 μόνον
348 1395 450 1429 Κύριον
475 1391 545 1421 εἶναι
561 1393 615 1419 τῶν
636 1393 722 1420 ὄντων
737 1394 846 1420 πάντων
860 1392 984 1427 ἐγνώκα-

189 1450 251 1477 μεν.
264 1441 374 1468 τούτων
392 1441 511 1472 ἀκούσας
531 1441 544 1467 ὁ
561 1440 659 1474 μάγος,
685 1439 804 1472 βασάνου
820 1439 902 1465 πάλιν
926 1439 985 1465 ἑτέ·

188 1495 242 1521 ραν
255 1486 360 1512 ἐπενόει
387 1485 583 1520 καινοτομίαν,
599 1485 646 1510 καὶ
667 1483 777 1510 κελεύει
794 1483 921 1518 σχοινίοις
935 1483 984 1509 αὖ·

1037 927 1084 964 qui
1100 927 1135 954 ab
1153 929 1195 955 eis
1215 928 1368 955 colebatur.
1383 928 1414 956 in
1429 937 1484 964 quo
1505 937 1566 957 cum
1584 931 1762 965 praesedisset
1783 933 1827 960 ille

1037 973 1211 1001 sceleratus:
1230 973 1317 1001 Ocius
1340 974 1407 1001 mihi
1423 975 1515 1008 dicite,
1544 977 1632 1011 inquit
1650 978 1766 1011 sanctis,
1793 986 1828 1006 an

1037 1019 1127 1047 adhuc
1139 1021 1326 1054 permaneatis
1347 1021 1375 1048 in
1402 1021 1498 1048 eadem
1526 1023 1611 1050 stulta
1641 1025 1828 1059 cogitatione.

1038 1074 1072 1093 an
1090 1066 1234 1093 consilium
1255 1068 1427 1096 mutaverilis
1441 1068 1467 1095 in
1481 1069 1584 1104 aliquid
1608 1070 1705 1098 meiius
1720 1075 1749 1098 et
1782 1078 1828 1098 sa-

1038 1112 1135 1139 lutare.
1151 1112 1245 1140 Sancti
1263 1117 1393 1148 tanquam
1421 1122 1477 1142 uno
1493 1122 1542 1142 ore
1568 1116 1693 1150 protinus
1716 1124 1827 1150 respon-

1036 1158 1152 1186 derunt:
1170 1157 1269 1186 Notum
1288 1160 1334 1187 tibi
1349 1161 1394 1193 sit,
1411 1160 1505 1195 iudex,
1517 1161 1589 1195 quod
1603 1169 1686 1195 quam
1698 1162 1733 1189 ab
1749 1161 1829 1190 initio

1036 1203 1184 1231 habuimus
1203 1205 1408 1240 cogitationem,
1424 1206 1452 1233 in
1478 1215 1509 1233 ea
1523 1207 1613 1235 adhuc
1638 1208 1828 1242 persistimus,

1034 1253 1061 1277 et
1095 1257 1225 1286 perpetuo
1267 1254 1445 1287 persistemus
1466 1273 1473 1286 ,
1520 1261 1574 1281 non
1620 1255 1726 1287 minis,
1773 1263 1827 1283 non

1035 1298 1205 1329 tormentis.
1235 1305 1290 1325 non
1318 1299 1421 1330 donis,
1450 1299 1525 1326 nullo
1553 1299 1671 1335 denique
1702 1301 1756 1328 alio
1771 1310 1825 1329 om-

1035 1343 1102 1370 nino
1119 1343 1227 1376 mutali,
1243 1343 1292 1370 sed
1308 1352 1392 1371 unum
1412 1344 1496 1372 Deum
1523 1346 1684 1378 adoramus.
1702 1353 1728 1374 et
1753 1356 1828 1376 eum-

1035 1387 1097 1414 dem
1122 1387 1210 1415 solum
1238 1396 1299 1416 csse
1330 1389 1474 1417 Dominum
1501 1391 1625 1418 omnium
1648 1401 1746 1420 eorum
1768 1402 1828 1430 qua

1036 1441 1110 1469 sunt,
1122 1438 1312 1472 cognovimus.
1329 1437 1392 1465 llwc
1406 1446 1468 1465 cum
1483 1439 1616 1467 audiisset
1633 1447 1741 1475 magus,
1751 1440 1826 1469 aliud

1037 1491 1136 1510 rursus
1153 1491 1253 1510 novum
1270 1484 1408 1518 excogitat
1428 1488 1610 1518 tormentum,
1625 1489 1654 1513 et
1680 1485 1761 1520 jubet
1780 1494 1829 1515 eos

187 1533 253 1564 τοὺς
269 1532 314 1560 διά
328 1541 357 1558 τε
373 1532 427 1559 τῶν
446 1532 597 1566 μασχαλῶν
613 1531 661 1557 καὶ
678 1532 728 1566 τῆς
743 1530 845 1564 ὀσφύος
864 1531 912 1557 καὶ
926 1530 981 1556 τῶν

1036 1529 1106 1564 αἱτικὶ
1126 1529 1237 1556 funibus
1254 1538 1301 1563 per
1329 1530 1428 1557 nxillas
1453 1536 1479 1558 et
1494 1531 1604 1559 lumbos
1622 1536 1649 1559 et
1677 1533 1769 1565 tibias,
1799 1540 1828 1560 ιιι

188 1578 304 1614 κνημῶν
324 1578 489 1612 περιζῶσαι,
509 1577 569 1603 καθ’
585 1577 701 1603 ἕκαστον
717 1576 745 1602 δὲ
763 1576 891 1610 ζωστῆρα
905 1575 984 1608 ξύλον

187 1624 385 1660 ἐμϐάλλεσθαι,
398 1625 445 1650 καὶ
454 1623 717 1657 περιδινεῖσθαι,κσὶ
730 1622 769 1656 τῷ
782 1622 894 1657 σχοινίῳ
906 1622 985 1658 στερ-

188 1671 245 1708 ρῶς
263 1669 462 1705 στρεϐλοῦσθαι
473 1677 480 1685 '
496 1666 526 1695 οὗ
545 1668 693 1703 γενομένου
710 1667 802 1703 θέαμα
816 1668 936 1703 χαλεπὸν
949 1666 984 1703 ἦν

188 1718 239 1744 καὶ
253 1716 403 1751 ὀφθαλμοῖς
423 1715 536 1750 ἡμέροις
552 1714 678 1749 δακρύων
690 1713 777 1745 ἄξιον.
802 1714 843 1740 Τὰ
856 1714 907 1749 μὲν
930 1715 983 1749 γὰρ

188 1764 260 1797 ξύλα
277 1762 457 1798 περιειλεῖτο,
474 1761 503 1787 al
519 1761 619 1795 σχοῖνοι
634 1760 662 1786 δὲ
681 1761 905 1795 συνεστρέφοντο,
915 1761 982 1787 κάν-

185 1809 285 1836 τεῦθεν
314 1807 414 1842 σάρκες
432 1815 461 1833 τε
480 1806 631 1838 ἐπιέζοντο,
653 1807 700 1832 καὶ
723 1806 885 1842 ἡσυντριϐὴ
908 1807 981 1842 μάλα

186 1856 277 1889 δεινή.
291 1855 345 1881 Καὶ
354 1854 408 1889 γὰρ
424 1854 481 1885 τοῖς
498 1853 594 1888 πόρρω
607 1853 763 1888 διεστηκόσι
779 1852 864 1887 ψόφος
881 1849 936 1884 οἷος
950 1855 982 1879 ἐκ

188 1901 247 1928 τῶν
257 1901 343 1928 ὀστῶν
355 1900 481 1936 ἠκούετο.
499 1898 554 1926 Ἦν
565 1900 594 1926 δὲ
611 1900 641 1926 τὸ
654 1901 686 1935 τῇ
712 1900 824 1934 βασάνῳ
853 1899 982 1933 ἐπιλεγό-

191 1956 286 1984 μενον·
304 1947 349 1982 Τῷ
365 1947 501 1982 θελήματι
517 1946 562 1972 τοῦ
577 1946 709 1981 βασιλέως
725 1945 763 1981 μὴ
775 1945 982 1972 ἀντι-τάσσεσθε.

190 1991 262 2020 Εἶτα
278 1993 308 2020 τὺ
327 1992 396 2026 πρὸς
421 1991 476 2018 τῶν
495 1991 582 2025 ἁγίων
606 1991 874 2024 ἁντιφθεγγὸμενον·
897 1991 928 2016 Οἱ
946 1989 984 2024 τῷ

187 2038 240 2065 τοῦ
257 2036 388 2072 βασιλέως
403 2035 480 2070 ὑμῶν
496 2034 629 2069 θελήματι
645 2034 862 2065 καθυπείκοντες
885 2034 924 2068 τῷ
938 2033 983 2059 τοῦ

186 2084 262 2111 Θεοῦ
276 2083 413 2116 θελήματι
428 2080 610 2114 ἀντιλέγουσι.
639 2080 725 2116 Τρίτη
751 2080 800 2116 μὲν
817 2079 864 2106 οὖν
877 2079 937 2115 ὥρα
949 2077 984 2115 ἦν

186 2132 238 2156 ὅτε
264 2129 280 2163 ὴ
303 2128 419 2162 βάσανος
439 2127 561 2161 ἤρχετο·
591 2127 673 2162 μέχρι
690 2126 718 2153 δὲ
740 2127 788 2153 καὶ
813 2126 896 2161 ἕκτης
912 2126 984 2153 οὕτω

187 2175 354 2211 πασχόντων
370 2174 424 2201 τῶν
438 2174 563 2209 ἀθλητῶν
582 2173 770 2209 παρετείνετο.

243 2264 281 2290 Λ’.
304 2261 511 2296 ’Δπαγορεύσας
536 2261 583 2288 οὖν
602 2261 704 2297 μᾶλλον
725 2263 738 2288 ό
752 2262 884 2297 δικαστὴς
899 2263 939 2293 εἰς
955 2261 985 2287 τὸ

185 2308 381 2343 δεσμωτήριον
397 2307 496 2339 αὐτοὺς
505 2307 588 2334 πάλιν
601 2307 746 2334 ἐκέλευσεν
759 2307 928 2342 ἀπαχθῆναι.
939 2307 985 2333 Δινδ

184 2356 223 2388 δὴ
243 2356 290 2380 καὶ
316 2353 482 2389 ἀπήχθησαν
497 2354 528 2380 οὐ
552 2355 632 2381 ποσὶν
647 2355 771 2387 οἰκείοις,
789 2355 847 2381 ἀλλ’
864 2355 910 2389 ὑφ’
928 2354 986 2381 ἑτέ-

186 2410 248 2438 ρων
261 2400 338 2426 αὐτοὶ
351 2400 599 2435 διαϐασταζόμενοι
617 2401 656 2436 τῷ
670 2401 845 2428 παντάπασιν
857 2402 987 2435 νενεκρῶ-

187 2448 267 2474 σθαι.
281 2446 461 2481 Παρήγγελτο
473 2446 504 2472 δὲ
518 2447 574 2478 τοῖς
589 2448 771 2481 φυλάττουσιν
786 2447 835 2478 ὡς,
853 2448 876 2473 εί
890 2456 985 2482 φωρα-
1006 2473 1008 2475 .

185 2492 253 2527 θείη
264 2500 306 2523 τις
323 2492 428 2527 τροφῆς
446 2492 537 2523 αὐτοῖς
549 2493 689 2519 κοινωνῶν
704 2493 720 2528 ἢ
738 2493 822 2520 ποτοῦ
835 2493 851 2527 ἦ
867 2493 986 2528 ἐνδύμα-

183 2547 248 2571 τος,
265 2537 393 2572 ἐσχάταις
411 2537 636 2573 ὑποϐληθήσεται
649 2539 806 2574 τιμωρίαις.
820 2539 866 2570 Εἰς
882 2539 985 2573 ταύτην

184 2584 238 2611 οὖν
254 2584 304 2618 τὴν
318 2583 431 2619 εἱρκτὴν
449 2584 475 2610 οί
499 2584 546 2610 τοῦ
567 2585 688 2620 Χριστοῦ
705 2585 873 2620 στρατιῶται
896 2586 988 2612 πᾶσαν

184 2630 315 2658 κάκωσιν
328 2630 363 2656 δι’
387 2630 469 2656 αὺτὸν
493 2630 679 2666 ὑπομένοντες
693 2652 700 2664 ,
718 2632 766 2658 ἐπὶ
786 2632 861 2667 τρισὶ
881 2632 988 2668 χρόνοις

183 2675 415 2710 ιγκεκλεισμένοι
429 2676 579 2710 διέμειναν,
594 2677 656 2704 οὐδὲ
673 2677 736 2712 μίαν
751 2677 767 2713 ἢ
781 2677 828 2704 τοῦ
839 2677 921 2712 λιμοῦ
939 2678 987 2704 λύ-

182 2729 243 2752 σιν,
259 2721 275 2755 ἣ
292 2721 346 2747 τῶν
362 2723 391 2747 ὲν
406 2723 439 2757 τῇ
459 2722 566 2758 φυλακῇ
587 2723 682 2749 κακῶν
702 2723 882 2759 παραμυθίαν
907 2724 984 2760 εὑρί-

182 2774 315 2798 σκοντεῑ,
332 2767 356 2792 εί
373 2767 411 2802 μή
440 2776 514 2799 τινες
528 2770 583 2794 τῶν
601 2769 800 2804 συνδεσμωτῶν
827 2770 983 2796 κατοικτεί-

180 2820 289 2849 ραντες
316 2812 404 2848 βραχύ
419 2821 445 2839 τι
477 2814 583 2849 τροφῆς
611 2815 683 2841 κατὰ
700 2815 729 2841 τὸ
757 2815 869 2851 λεληθὸς
892 2816 985 2848 αὐτοῖς

180 2857 308 2893 ὤρεξεν.
325 2859 357 2885 Οί
373 2862 428 2894 γὰρ
444 2861 476 2895 τῇ
501 2862 596 2895 εἱρκτῇ
615 2861 840 2897 προσκαθήμενοι
863 2862 984 2896 φύλακες

179 2902 286 2939 ἠλέουν
305 2904 355 2939 μιν
385 2905 484 2936 αὐτοὺς
505 2905 559 2932 τῶν
578 2906 727 2941 συμφορῶν
740 2907 788 2935 καὶ
814 2906 861 2934 τοῦ
873 2908 981 2944 γήρως,

337 2952 473 2984 Panos.
499 2953 559 2984 Gn.
582 2954 692 2987 CXVI.

1037 1581 1204 1609 unoquoque
1221 1579 1312 1601 autem
1324 1574 1434 1609 cingulo
1448 1576 1551 1610 lignum
1567 1577 1644 1612 injici
1665 1582 1692 1605 et
1708 1579 1828 1606 cireum-

1035 1620 1099 1655 agi,
1133 1625 1160 1647 et
1185 1620 1250 1648 fune
1289 1622 1464 1649 vehementer
1493 1623 1628 1658 torqueri.
1662 1623 1740 1657 Quod
1763 1632 1828 1653 cum

1036 1666 1137 1694 factum
1157 1672 1242 1700 esset,
1260 1672 1318 1695 erat
1345 1669 1476 1696 acerbum
1505 1670 1706 1704 spectaculum,
1725 1675 1751 1699 et
1779 1672 1829 1699 mi-

1035 1715 1109 1742 tibus
1134 1715 1222 1742 oculis
1247 1714 1440 1750 lacrymabile.
1466 1714 1534 1743 Nam
1549 1716 1621 1751 ligna
1634 1716 1746 1751 quidem
1775 1717 1829 1745 cir-

1036 1761 1263 1797 cumagebantur,
1292 1761 1371 1789 funes
1391 1766 1484 1789 autem
1515 1763 1773 1797 convertebantur,
1801 1768 1830 1792 et

1036 1815 1134 1835 carnes
1149 1807 1211 1835 inde
1228 1808 1435 1842 premebantur,
1451 1813 1478 1836 et
1506 1816 1571 1837 ossa
1598 1810 1824 1838 conterebantur.

1036 1853 1101 1881 Erat
1115 1862 1180 1882 vero
1195 1854 1274 1882 valde
1294 1854 1385 1889 gravis
1407 1856 1559 1888 contritio;
1577 1856 1679 1884 etenim
1698 1857 1732 1885 iis
1761 1864 1829 1892 quo-

1036 1907 1088 1934 que
1115 1901 1161 1935 qui
1185 1901 1281 1936 procul
1306 1907 1385 1928 erant
1410 1903 1520 1934 remoti,
1537 1903 1706 1930 audiebatur
1735 1904 1829 1939 fragor

1036 1945 1152 1972 ossium.
1170 1945 1236 1972 Erat
1252 1950 1342 1972 autem
1371 1946 1397 1973 id
1423 1947 1495 1981 quod
1517 1947 1558 1975 eis
1588 1948 1733 1975 dicebatur
1756 1949 1830 1976 inter

1038 1995 1194 2017 tormenta:
1214 1990 1357 2018 Voluntati
1375 1992 1447 2026 regis
1471 1993 1556 2020 nolite
1584 2001 1749 2028 repugnare.
1779 1993 1830 2022 De-

1038 2034 1101 2061 inde
1118 2034 1144 2061 id
1169 2036 1243 2069 quod
1262 2043 1277 2062 e
1289 2036 1428 2063 contrario
1442 2037 1587 2064 dicebatur
1606 2046 1619 2064 a
1638 2038 1761 2067 sanctis:
1775 2039 1828 2073 Qui

1038 2078 1110 2112 regis
1131 2079 1214 2106 vestri
1241 2080 1375 2108 voluntati
1399 2081 1514 2114 cedunt,
1542 2083 1588 2110 Dei
1621 2084 1755 2111 voluntati
1787 2092 1830 2113 rc-

1037 2124 1150 2151 sistunt.
1166 2125 1255 2159 Atque
1273 2130 1334 2152 erat
1362 2127 1472 2160 quidem
1500 2127 1567 2155 hora
1597 2129 1689 2160 tertia,
1715 2131 1828 2165 quando

1037 2170 1120 2204 cmpit
1148 2174 1331 2204 tormentum,
1355 2180 1442 2207 usque
1469 2173 1502 2200 ad
1533 2179 1640 2202 sextam
1668 2180 1758 2203 autem
1787 2177 1829 2205 sic

1038 2215 1206 2250 patientibus
1220 2217 1332 2244 athletis
1347 2221 1390 2244 est
1404 2218 1581 2252 productum.

1073 2260 1119 2288 XI.
1143 2260 1274 2289 Defessus
1301 2263 1393 2298 itaque
1411 2264 1508 2297 judex,
1541 2265 1628 2300 jussit
1653 2274 1701 2295 eos
1728 2275 1826 2297 rursus

1042 2306 1142 2333 abduci
1164 2307 1190 2334 in
1211 2315 1360 2336 carcerem.
1373 2308 1557 2342 Quamobrem
1575 2312 1688 2340 fuerunt
1702 2313 1825 2346 abducti.

1037 2359 1092 2379 non
1108 2352 1164 2380 suis
1177 2353 1302 2388 pedibus.
1315 2354 1364 2381 sed
1375 2357 1477 2390 portati
1494 2358 1527 2384 al)
1540 2358 1601 2385 aliis
1613 2359 1687 2393 quod
1703 2359 1720 2387 ii
1735 2367 1828 2388 essent

1038 2398 1150 2425 omnino
1181 2405 1270 2426 morte
1288 2399 1389 2428 allecti.
1420 2401 1585 2436 hnperatum
1614 2409 1707 2432 autem
1737 2405 1829 2434 fuerat

1038 2444 1212 2477 custodibus,
1228 2450 1258 2472 ut
1276 2446 1298 2473 si
1315 2447 1507 2481 deprehensus
1522 2449 1621 2478 fuisset
1640 2451 1751 2486 aliquis.
1778 2460 1827 2480 eos

1038 2491 1080 2517 vel
1102 2491 1164 2518 cibo
1179 2491 1220 2518 vel
1233 2497 1296 2526 potu
1315 2493 1356 2519 vel
1372 2494 1535 2522 indumento
1551 2496 1723 2531 impertiens,
1750 2498 1773 2526 is
1787 2498 1827 2526 ul-

1039 2537 1105 2564 timo
1124 2537 1306 2571 subjicerctur
1327 2540 1473 2574 supplicio.
1493 2541 1520 2568 In
1545 2542 1617 2569 hunc
1642 2551 1707 2578 ergo
1734 2552 1828 2573 carce-

1038 2589 1096 2609 rem
1114 2582 1233 2618 conjecti
1247 2583 1349 2611 Christi
1364 2579 1476 2618 milites,
1501 2594 1610 2614 omnem
1638 2588 1827 2622 amictioneln.

1038 2637 1147 2658 omnem
1175 2631 1348 2659 vexationem
1383 2637 1497 2668 propter
1527 2633 1616 2668 ipsum
1647 2636 1827 2670 sustinentes,

1039 2681 1095 2703 tres
1123 2683 1212 2703 annos
1244 2676 1343 2704 inclusi
1382 2685 1616 2713 permanserunt:
1641 2682 1744 2709 nullam
1780 2688 1828 2710 aut

1039 2720 1119 2748 famis
1149 2722 1362 2755 recreationetn,
1380 2729 1427 2751 aut
1452 2725 1599 2759 malorum,
1626 2735 1688 2762 quae
1705 2733 1783 2755 erant
1799 2729 1827 2756 in

1038 2767 1176 2800 custodia,
1202 2768 1375 2797 invenientes
1406 2771 1636 2805 consolationem,
1661 2773 1713 2801 nisi
1741 2774 1827 2809 aliqui

1037 2822 1071 2842 ex
1087 2815 1122 2842 iis
1142 2816 1187 2850 qui
1205 2822 1282 2843 erant
1296 2817 1378 2844 simul
1397 2819 1491 2852 vincti,
1519 2828 1614 2848 eorum
1644 2822 1759 2852 miserti.
1778 2829 1827 2856 pa-

1038 2868 1098 2888 rum
1123 2860 1189 2895 quid
1218 2863 1381 2890 nutrimenti
1406 2864 1446 2892 eis
1474 2865 1590 2893 latenter
1634 2867 1826 2902 przebuisseut.

1038 2908 1091 2942 Qui
1103 2908 1177 2936 enim
1199 2908 1226 2936 in
1242 2916 1353 2939 carcere
1376 2911 1537 2940 assidebam
1566 2912 1709 2944 custodes.
1726 2919 1826 2941 eorum

1632 2960 1670 2993 27
