2056 3151
238 194 288 226 847

846 191 1034 222 ADDENDA.
1056 202 1090 210 --
1103 191 1267 221 Αριιιιιδ.

1820 189 1872 220 845

239 251 285 280 cui
303 250 385 277 etiam
398 249 503 276 cultum
515 248 659 276 oﬂ'erimus
677 248 851 281 rationalem,
869 248 1027 283 regiajussa

1089 249 1162 284 (ικὴν
1182 248 1311 285 λατρείαν
1331 248 1517 284 προσάγομεν,
1535 246 1638 284 βραχέα
1654 246 1708 273 τῶν
1723 244 1872 281 βασιλικῶν

239 304 337 332 parum
354 299 494 322 curantes.
516 293 585 321 Cum
602 302 666 321 vero
684 295 785 322 multas
799 294 882 322 horas
899 294 1028 321 verbera-

240 348 294 375 tus,
317 342 373 369 fere
383 342 439 376 jam
460 344 533 368 esset
548 345 637 367 morte
662 340 791 372 allectus,
817 338 947 367 arbitrati
965 345 1028 365 eum

238 395 299 416 esse
322 391 480 417 mortuum,
508 386 699 419 sustulerunt,
723 390 751 413 et
771 385 798 412 in
824 385 913 411 forum
936 383 1030 418 proje-

241 438 351 462 cerunt.
379 432 485 461 Deinde
515 440 577 459 cum
610 432 786 459 rescivissent
811 430 918 464 aliquas
945 428 1029 463 spiri-

241 487 287 509 tus
302 479 434 515 reliquias
455 478 546 506 adhuc
571 479 598 505 in
623 485 657 505 co
681 484 792 505 manere
806 496 813 510 ,
840 474 986 503 includunt
1003 474 1030 501 in

240 533 364 553 carcere.

278 571 360 600 XVII.
376 571 442 599 Post
455 579 518 599 eum
541 574 633 598 autem
653 570 750 597 tertius
776 569 828 596 fuit
854 568 1032 596 introductus

239 619 351 654 sapiens
369 617 512 646 Eithalas.
532 616 584 644 Cui
608 616 694 652 iudex
713 624 720 642 :
750 616 811 643 Vita
825 635 833 647 ,
863 616 973 650 inquit,
1003 619 1032 642 et

239 670 328 693 morte
344 665 493 700 propositis
506 657 576 692 ante
604 668 665 691 tuos
692 663 799 695 oculos,
830 662 974 697 gloriaque
998 665 1027 688 et

239 711 400 747 ignominia,
416 718 450 738 ne
464 709 551 745 eligas
561 709 695 740 deterius,
716 707 813 735 relicto
830 706 956 739 meliori;
973 713 1024 733 nec

239 757 364 785 eamdem
392 755 469 783 ineas
493 756 578 788 viam,
604 762 686 791 quam
701 754 719 781 ii
737 753 785 788 qui
813 758 1027 788 praecesserunt,

239 802 285 838 qui
298 810 347 830 sua
364 801 481 829 stultitia
507 801 620 836 dignum
638 801 701 827 vita:
728 799 833 826 exitum
851 801 1028 833 acceperunt.

243 845 281 872 I‘u
297 850 389 872 autem
403 852 495 871 meum
509 850 629 879 sequens
655 843 813 876 consilium,
841 847 870 870 et
898 841 1031 869 maximos

240 896 362 918 honores
375 890 567 925 consequeris,
583 893 611 917 et
630 897 744 917 munera
761 897 776 916 a
802 896 867 924 rege
895 888 1027 922 accipies.

241 937 289 965 Sin
313 937 415 969 minus,
438 943 502 963 cum
534 935 584 963 tibi
604 943 686 963 causa
715 934 802 962 fueris
832 933 1031 969 suppliciorum

241 983 509 1014 innumerabilium,
535 981 666 1009 omnibus
691 988 803 1016 quoque
831 980 1031 1016 iucundissima

241 1035 302 1057 luce
319 1037 368 1064 per
384 1029 439 1056 vim
451 1027 616 1064 privaberis.
629 1027 745 1056 Divinus
770 1029 862 1054 autem
877 1025 1010 1054 Eitbalas
1023 1032 1031 1052 :

242 1074 294 1106 Me,
322 1074 422 1109 inquit,
449 1074 567 1109 puderet
590 1073 653 1101 caeli
679 1077 708 1100 et
737 1077 828 1105 terrae,
844 1072 880 1104 si,
901 1079 963 1099 cum
980 1070 1034 1098 mei

241 1120 334 1154 amici,
346 1120 393 1156 qui
412 1125 439 1147 et
451 1120 650 1156 premebantur
663 1122 817 1151 senectute,
831 1121 859 1145 et
872 1122 954 1146 aetate
969 1124 1035 1152 pro-

243 1171 391 1200 cesserant,
409 1166 562 1194 fortissime
589 1164 804 1197 decertaverint,
829 1165 889 1199 ipse
915 1168 944 1191 et
969 1163 1034 1191 vita

243 1212 368 1248 cupidus,
386 1216 414 1239 et
428 1216 566 1240 tormenta
579 1211 765 1238 extimescens
782 1209 971 1244 conspicerer,
984 1208 1033 1243 qui

243 1266 302 1286 sum
313 1262 395 1286 atate
404 1259 552 1293 vegetiore.
566 1257 639 1288 Non,
652 1264 702 1291 per
714 1255 817 1283 Christi
834 1255 887 1282 mei
904 1259 1033 1286 mortem,

243 1311 289 1331 ero
304 1303 367 1330 vita
383 1302 428 1330 hic
445 1301 556 1338 agendae
567 1301 697 1336 cupidus.
716 1300 775 1328 Non
793 1307 843 1335 pro
857 1300 892 1327 iis
905 1307 967 1335 qua:
989 1299 1034 1326 vi-

246 1351 354 1384 Jentur,
368 1350 460 1381 bonis,
482 1357 538 1376 non
551 1356 602 1383 pro
618 1348 727 1383 asperis
741 1347 825 1374 rebus
841 1346 955 1382 prodam
971 1345 1032 1381 pie-

246 1401 340 1424 tatem.
356 1396 472 1430 Propter
487 1395 546 1422 hac
565 1401 663 1429 magna
693 1393 798 1420 exstitit
823 1392 866 1420 ira
890 1391 1033 1427 praesidis:

247 1447 271 1469 et
290 1442 318 1468 in
336 1445 463 1469 sanctum
480 1441 554 1467 illata
566 1444 631 1467 sunt
643 1439 760 1474 ﬂagella.
778 1438 826 1466 [lle
838 1442 929 1466 autem
943 1437 1034 1473 ipsum

247 1486 390 1513 sordidum
412 1493 508 1513 canem
533 1485 644 1513 vocavit
669 1489 697 1512 et
720 1483 861 1520 ignavum,
885 1488 931 1511 et:
958 1484 1034 1517 Quo-

247 1532 340 1565 modo,
359 1531 459 1567 inquit,
479 1539 559 1559 mens
587 1535 633 1558 tua
658 1534 700 1560 est
714 1529 823 1558 inﬁrma
838 1533 866 1558 et
885 1529 1032 1561 imbecilla,

1078 294 1268 330 φροντίζοντες
1281 294 1511 330 προσταγμάτων.
1531 293 1576 324 Ὠς
1585 293 1614 320 δὲ
1627 294 1674 320 ἐπὶ
1689 291 1801 324 πολλαῖς
1812 293 1871 324 ταῖς

1079 340 1166 375 ὥραις
1181 340 1349 375 τυπτόμενος
1366 340 1460 375 σχεδὸν
1472 340 1524 375 ἤδη
1542 340 1590 366 καὶ
1606 338 1771 373 νενέκρωτο,
1790 337 1870 372 νομί-

1081 395 1176 418 σαντες
1191 386 1273 413 αὐτὸν
1289 386 1416 413 τεθνάναι
1431 385 1477 412 ἐπὶ
1499 385 1550 420 τῆς
1567 385 1672 420 ἀγορᾶς
1696 383 1813 419 ἄραντες
1824 382 1870 418 ιρ-

1082 433 1173 468 ριψαν.
1190 431 1257 459 Εἶτα
1274 432 1405 467 μαθόντες
1417 431 1457 458 ἔτι
1473 430 1601 466 λείψανόν
1615 439 1643 456 τι
1656 429 1813 464 πνεύματος
1823 429 1871 456 αὖ·

1082 479 1120 515 τῷ
1134 480 1316 515 παραμένειν,
1334 480 1381 506 ἐπὶ
1389 479 1439 514 τήν
1453 478 1565 514 εἱρκτὴν
1579 477 1783 504 κατακλείουσι.

1117 569 1166 596 IZ'.
1179 569 1256 596 Μετὰ
1267 568 1295 595 δὲ
1308 568 1404 595 τοῦτον
1418 567 1509 602 τρῖτος
1531 565 1673 598 ’Δειθαλᾶς
1688 565 1702 593 δ
1714 565 1796 600 σοφὸς
1816 565 1872 592 τίσ-

1082 615 1177 649 ήγετο,
1192 615 1261 650 πρὸς
1271 614 1301 640 ὃν
1316 615 1331 640 6
1345 613 1473 646 δικάζων,
1481 614 1537 640 Καὶ
1550 612 1634 646 ζωῆς,
1648 611 1714 647 ἔφη,
1728 612 1776 637 καὶ
1792 609 1874 636 θανά-

1081 670 1128 687 του
1153 661 1343 696 προκειμένων
1365 660 1395 686 ὲν
1422 659 1572 694 ὀφθαλμοῖς
1589 667 1650 690 σου,
1667 657 1747 693 δόξης
1769 666 1799 684 τε
1828 658 1876 684 καὶ

1077 707 1200 742 ἀτιμίας,
1218 707 1256 742 μὴ
1270 707 1300 733 τὸ
1312 707 1402 743 χεῖρον
1426 706 1486 743 ἕλῃ.
1509 705 1540 732 τδ
1557 707 1680 740 κρεῖττον
1705 703 1874 734 καταλιπὼν,

1081 753 1148 788 μηδὲ
1164 752 1249 788 αὐτὴν
1265 752 1375 787 βαδίσαι
1387 753 1445 783 τοῖς
1459 751 1653 786 προλαϐοῦσιν,
1669 751 1694 777 οἶ
1709 750 1760 784 τῆς
1771 750 1874 777 ἑαυτῶν

1079 798 1239 834 ἀφροσύνης
1255 798 1330 831 ἀξιον
1354 798 1548 833 ἀπηνέγκαντο
1579 798 1627 824 καὶ
1644 797 1675 823 τὺ
1688 797 1773 829 τέλος.
1789 796 1827 822 Σὺ
1847 796 1875 823 δὲ

1082 845 1150 872 ἀλλά
1165 846 1198 880 τῇ
1217 846 1272 880 ἐμῇ
1293 844 1453 879 πειθόμενος
1470 843 1623 879 συμϐουλῇ,
1639 843 1726 878 τιμῶν
1740 851 1770 869 τι
1798 843 1876 878 μεγί-

1086 900 1158 919 στων
1174 891 1313 927 ἀξιωθήσῃ
1344 891 1391 918 καὶ
1405 890 1553 925 βασιλικῶν
1579 890 1644 916 οἴων
1669 889 1799 924 ἐπιτεύξῃ
1821 889 1877 916 τῶν

1083 937 1204 974 δωρεῶν.
1225 938 1256 965 Εἰ
1276 937 1298 965 δ’
1308 936 1364 970 οὖν,
1376 937 1483 973 μυρίων
1498 936 1605 971 σεαυτῷ
1632 936 1777 971 γενόμενος
1790 934 1877 966 αίτιος

1081 983 1234 1019 τιμωριῶν,
1249 983 1308 1010 εἶτα
1323 984 1430 1011 καὶτοῦ
1450 982 1576 1010 ποθεινοῦ
1595 983 1662 1008 πᾶσι
1686 982 1775 1016 φωτὸς
1791 981 1876 1016 βιαιό-

1082 1038 1154 1056 τατα
1168 1029 1340 1065 στερηθήσῃ.
1379 1029 1408 1055 ’0
1422 1029 1450 1055 δέ
1465 1037 1496 1062 γε
1516 1028 1587 1059 θεῖος
1607 1027 1760 1060 ’Δειθαλᾶς,
1777 1026 1877 1060 Alclu-

1084 1075 1185 1110 ναίμην
1200 1074 1245 1108 ἂν,
1270 1074 1335 1110 ἔφη,
1358 1074 1404 1102 τὸν
1429 1074 1544 1110 οὐρανὸν
1571 1075 1618 1101 καὶ
1630 1074 1679 1110 τὴν
1694 1073 1758 1108 γῆν,
1783 1074 1808 1099 εί
1823 1072 1876 1099 τῶν

1084 1122 1160 1156 ὲμῶν
1181 1122 1299 1157 ἑταίρων
1311 1123 1359 1148 καὶ
1369 1121 1443 1157 γήρᾳ
1456 1121 1631 1156 τρυχομένων
1645 1122 1692 1148 καὶ
1707 1120 1800 1155 ἡλικία
1811 1127 1877 1154 προ-

1084 1167 1260 1203 ϐεϐηκότων,
1290 1167 1388 1194 ἔπειτα
1415 1166 1612 1202 καρτερώτατα
1645 1166 1875 1201 διηγωνισμὲνων,

1083 1214 1165 1246 αὑτὸς
1181 1213 1322 1248 φιλοζωῶν
1345 1214 1393 1240 καὶ
1405 1213 1589 1249 ὑποπτήσσων
1606 1221 1653 1239 σου
1679 1212 1729 1242 τὰς
1742 1211 1877 1247 βασάνους

1082 1260 1195 1294 ὀφθείην
1217 1259 1268 1295 τὴν
1280 1258 1388 1294 ἡλικίαν
1400 1259 1471 1294 ἔχων
1494 1258 1688 1293 ἀκμαιοτέραν.
1706 1258 1756 1289 οὐ,
1781 1258 1820 1292 μὰ
1832 1257 1878 1283 τὸν

1085 1305 1132 1333 τοῦ
1148 1305 1216 1341 ἐμοῦ
1232 1305 1351 1341 Χριστοῦ
1366 1304 1494 1337 θάνατον,
1511 1305 1542 1331 οὺ
1558 1304 1747 1339 φιλοψυχὴσω,
1763 1304 1794 1330 οὗ
1809 1311 1877 1339 προ-

1088 1351 1167 1379 δώσω
1189 1352 1244 1378 τῶν
1260 1351 1410 1379 δοκούντων
1425 1351 1545 1386 ἀγαθῶν,
1561 1352 1592 1377 οὐ
1607 1351 1661 1377 τῶν
1674 1350 1800 1385 χαλεπῶν
1829 1350 1877 1384 τὴν

1089 1398 1240 1425 εύσέῦειαν.
1257 1397 1350 1432 Θυμδς
1360 1398 1391 1424 τδ
1407 1398 1454 1424 ἐπὶ
1464 1397 1568 1429 τούτοις
1579 1397 1662 1428 πολὺς
1676 1396 1721 1422 τοῦ
1736 1396 1876 1431 ἄρχοντος,

1091 1443 1234 1480 μαστίγων
1250 1444 1382 1479 ἐπιφοραὶ
1395 1443 1466 1470 κατά
1488 1443 1535 1470 τοῦ
1547 1443 1637 1476 ἁγίου.
1659 1443 1689 1469 '0
1708 1443 1736 1468 δὲ
1753 1442 1877 1478 ῥυπαρὸν

1089 1489 1172 1517 αὐτὸν
1182 1490 1313 1517 ἀπεκάλει
1328 1490 1398 1516 κύνα
1415 1489 1461 1516 καὶ
1477 1489 1576 1524 ἀγεννῆ
1593 1489 1652 1520 καὶ,
1669 1489 1776 1524 Ὠσπερ
1787 1488 1801 1514 6
1816 1487 1877 1519 νοῦς

1089 1537 1104 1564 6
1120 1536 1176 1570 σὸς,
1190 1537 1279 1571 ελεγι,
1296 1536 1396 1572 σαθρός
1415 1544 1445 1562 τε
1463 1537 1511 1563 καὶ
1525 1535 1651 1570 ἀσθενὴς,
1663 1535 1736 1561 οὕτω
1746 1535 1778 1570 δὴ
1792 1534 1839 1562 καὶ
1851 1535 1877 1561 al

248 1585 283 1607 uta
299 1579 381 1607 etiam
402 1582 559 1611 tormenta,
589 1585 649 1613 quae
672 1581 737 1605 sunt
750 1576 906 1604 infelicium
932 1580 963 1603 et
987 1575 1035 1603 ab-

1090 1581 1203 1617 βάσανοι
1219 1581 1406 1617 μορμολύκεια
1426 1581 1522 1616 ψυχῶν
1537 1581 1638 1608 ἀθλίων
1658 1581 1711 1607 εἰσὶ
1725 1581 1773 1607 καὶ
1785 1587 1879 1606 ταπει-

247 1626 380 1662 iectarum
410 1625 567 1653 animarum
591 1623 733 1657 terricula,
756 1630 811 1651 non
842 1629 909 1650 vero
922 1622 1037 1649 fortium

1089 1628 1153 1661 νῶν,
1166 1628 1224 1655 ἀλλ’
1236 1628 1286 1655 οὐκ
1297 1628 1402 1663 ἀνδρῶν
1414 1628 1547 1662 γενναίων
1562 1628 1610 1654 καὶ
1618 1625 1735 1662 Χριστοῦ
1745 1625 1820 1661 πόθῳ
1829 1625 1878 1657 τὰς

249 1672 384 1704 virorum,
403 1678 521 1706 quorum
540 1669 626 1698 animi
642 1668 781 1697 desiderio
797 1667 902 1696 Christi
917 1671 982 1694 sunt
997 1668 1039 1694 in‘

249 1717 390 1745 ﬂammati.
413 1714 416 1717 ’

283 1763 381 1791 XVlll.
394 1761 442 1789 His
456 1761 544 1797 judex
566 1760 784 1796 obstupefactus,
805 1759 853 1795 qui
873 1765 933 1788 erat
947 1764 1040 1788 mente

250 1814 365 1845 captus:
376 1807 521 1840 Quidhoc,
529 1807 599 1834 dixit
607 1805 823 1837 confessoribus,
831 1805 882 1833 sibi
892 1805 1039 1840 vult,qnod

251 1856 307 1888 isti,
323 1854 370 1889 qui
383 1854 514 1881 dicuntur
531 1852 692 1885 Christiani,
705 1852 787 1879 vitam
798 1855 966 1887 praesentem
988 1851 1040 1880 de-

251 1900 413 1937 spicientes,
432 1904 550 1927 mortem
570 1903 715 1935 tantopere
740 1897 857 1926 sitiunt?
873 1897 915 1925 Illi
929 1902 1041 1925 autem:

250 1947 399 1981 Quoniam,
426 1946 518 1979 aiunt,
540 1954 557 1973 a
581 1945 708 1981 patribus
733 1944 847 1973 traditas
868 1943 1042 1972 attendentes

251 1993 404 2024 doctrinas,
418 1994 536 2019 credunt
550 1991 635 2019 alium
652 1999 715 2018 esse
742 1990 887 2024 mundum,
913 1989 1041 2024 prmsenti

251 2041 332 2073 longe
353 2038 497 2065 meliorem
515 2041 544 2064 et
558 2036 809 2069 admirabiliorem,
825 2039 938 2070 propter
958 2042 1041 2069 quem

252 2085 336 2112 vitam
345 2091 457 2119 quoque
466 2088 631 2119 praesentem
643 2082 812 2117 despiciunt.
821 2081 936 2108 Interim
948 2085 1041 2108 autem

252 2131 317 2159 dum
347 2131 406 2158 bmc
430 2130 602 2163 dicerentur,
622 2133 651 2157 et
667 2128 800 2164 temporis
819 2126 988 2162 prolixitate,
1014 2130 1044 2154 et

253 2177 289 2205 ab
304 2177 339 2204 iis
353 2177 400 2211 qui
416 2176 506 2211 ipsum
532 2175 708 2210 torquebant,
728 2173 971 2202 vehementissim
986 2172 1045 2208 pla-

253 2231 350 2258 garum
369 2222 504 2255 illatione,
529 2221 656 2256 corporis
678 2220 802 2256 quidem,
827 2219 901 2254 quod
926 2219 1044 2246 multum

1088 1671 1177 1707 ψυχάς
1193 1672 1444 1708 ὶκπεπυρωμένων.

1125 1761 1177 1790 Iil’.
1203 1763 1365 1798 Ἐκπλαγεὶς
1389 1764 1435 1791 ἐπὶ
1457 1763 1562 1796 τούτοις
1577 1765 1591 1790 ὁ
1607 1763 1791 1799 φρενόληπτος
1803 1763 1880 1791 δικα-

1091 1808 1167 1843 στὴς,
1181 1809 1213 1835 Τί
1224 1809 1314 1842 τοῦτο,
1341 1810 1409 1846 πρδς
1423 1810 1486 1841 τοὺς
1503 1810 1725 1845 συνεδριάξοντας
1739 1811 1804 1845 ἔφη,
1821 1810 1879 1842 πῶς

1091 1853 1117 1879 οἱ
1131 1853 1272 1889 λεγόμενοι
1289 1853 1362 1882 οὗτοι
1379 1856 1537 1890 Χριστιανοὶ
1562 1855 1613 1889 τῆς
1637 1855 1778 1890 παρούσης
1794 1864 1879 1882 κατα-

1092 1900 1253 1935 φρονοῦντες
1264 1900 1348 1936 ζιυῆς,
1362 1902 1484 1933 ἐκτόπως
1492 1902 1563 1928 οὕτω
1577 1901 1676 1936 διψῶσι
1688 1903 1734 1929 τὸν
1747 1902 1880 1935 advenit;

1093 1945 1124 1971 Oi
1143 1945 1182 1978 δὲ,
1204 1945 1265 1972 Ὀτι
1279 1947 1542 1982 πατροπαραδότοις,
1560 1949 1675 1984 ἔφησαν,
1701 1950 1881 1984 προσέχοντες

1092 1990 1225 2026 διδαχαῖς,
1245 1991 1325 2019 ἄλλον
1339 1990 1409 2020 εἶναι
1423 2000 1527 2028 λοσμον
1543 1995 1712 2028 πιστεύουσι,
1722 1995 1769 2022 τοῦ
1782 1995 1883 2030 παρόν-

1092 2044 1139 2067 τος
1166 2036 1237 2063 κατά
1265 2037 1333 2064 πολὺ
1354 2037 1451 2073 βελτίω
1472 2047 1501 2064 τε
1516 2040 1564 2066 καὶ
1589 2040 1824 2075 θαυμασιώτερον,
1851 2037 1882 2067 οὗ

1093 2081 1174 2117 χάριν
1197 2081 1245 2109 καὶ
1272 2083 1321 2118 τῆς
1336 2084 1478 2120 παρούσης
1493 2085 1649 2121 ὑπερορῶσι
1664 2087 1747 2121 ζωῆς.
1770 2087 1813 2114 ‘Ev
1828 2087 1883 2122 ὅσῳ

1092 2127 1119 2154 δὲ
1134 2127 1221 2155 ταῦτα
1236 2129 1345 2163 ἐλέγετο
1355 2131 1388 2165 τῇ
1403 2139 1433 2156 τε
1449 2130 1499 2165 τῆς
1510 2131 1585 2166 ὧρας
1599 2132 1753 2168 παρεκτάσει
1765 2133 1812 2159 καὶ
1823 2133 1883 2163 ταῖς

1092 2174 1147 2200 τῶν
1175 2175 1337 2207 αἰκιζόντων
1360 2176 1442 2203 αὐτὸν
1467 2177 1663 2212 σφοδροτάταις
1687 2179 1834 2214 ἐπιφοραῖς
1855 2178 1883 2205 αι

1096 2220 1145 2256 μὲν
1161 2221 1207 2247 τοῦ
1225 2221 1377 2248 πολύαθλου
1397 2222 1523 2257 σώματος
1539 2224 1669 2258 ἁρμονίαι
1684 2223 1832 2256 διελύοντο,
1855 2224 1883 2251 αι

253 2268 456 2302 decertaverat,
494 2267 718 2295 dissolvebantur
746 2273 909 2301 compages;
947 2273 1037 2292 carne:

1096 2266 1197 2301 σάρκες
1211 2267 1239 2293 δὲ
1253 2267 1380 2303 ξεόμεναι
1394 2268 1469 2303 αὐτῷ
1490 2269 1588 2303 αἵματι
1615 2269 1685 2296 κατὰ
1699 2269 1752 2304 γῆς
1776 2271 1882 2306 ἔρρεον.

255 2323 332 2348 vero,
359 2322 420 2350 qua:
447 2314 653 2346 lacerabantur,
683 2321 746 2340 cum
776 2313 836 2348 ipso
855 2313 989 2347 sanguine
1016 2311 1037 2338 ir

1103 2311 1164 2340 Ἐπὶ
1185 2312 1271 2348 βραχῦ
1292 2313 1320 2340 δὲ
1335 2313 1429 2340 τοῦτον
1457 2315 1588 2349 ἀνεθῆναι
1618 2315 1761 2348 κελεύσας,
1788 2304 1882 2350 ῶσπερ

256 2368 358 2388 terram
390 2360 561 2388 deﬂuebant.
591 2359 660 2387 Cum
691 2366 758 2386 eum
790 2362 883 2386 autem
917 2357 1044 2394 iussisset

256 2414 355 2442 parum
370 2406 488 2433 relaxari
500 2405 596 2440 judex,
611 2409 740 2439 tanquam
756 2404 816 2439 ejus
830 2409 921 2431 motus
936 2402 1045 2430 miseri-

255 2452 369 2480 cordia:
398 2451 427 2479 Si
451 2451 585 2484 volneris,
614 2450 715 2485 inquit,
733 2457 840 2489 parere
855 2449 944 2484 jussui
961 2448 1043 2484 regis,

256 2504 322 2526 sunt
341 2498 414 2533 apud
430 2505 481 2525 nos
495 2497 610 2529 medici,
635 2497 682 2531 qui
698 2495 788 2531 plagis
807 2495 861 2522 tuis
875 2495 930 2522 cito
952 2495 1046 2522 mede-

257 2546 374 2572 buntur.
410 2543 461 2571 Cui
497 2543 592 2571 statim
630 2546 762 2570 sanctus:
797 2540 826 2568 Si
857 2540 917 2569 sole
948 2540 1045 2572 verbo,

257 2591 360 2626 inquit,
378 2597 475 2626 posses
491 2589 561 2616 meis
598 2587 702 2616 mederi
722 2586 818 2622 plagis,
837 2594 854 2613 0
879 2590 917 2618 tu,
945 2586 991 2621 qui
1017 2593 1048 2613 es

259 2643 351 2665 mente
368 2641 396 2664 et
419 2637 509 2663 anima
526 2635 649 2668 saucius,
668 2641 704 2661 ne
722 2634 762 2661 sic
779 2633 890 2668 quidem
914 2632 963 2660 tibi
988 2632 1048 2659 ani-

259 2692 333 2712 mum
352 2683 526 2715 adhiberem,
540 2689 604 2709 cum
621 2689 653 2709 ea
665 2680 793 2712 suadeas,
810 2687 871 2714 quae
885 2683 950 2706 sunt
968 2679 1048 2713 plane

257 2732 342 2758 stulta
368 2735 396 2757 et
422 2733 527 2757 remota
558 2728 592 2755 ab
620 2726 812 2762 intelligentia.
833 2725 956 2752 Tcntans
979 2724 1047 2755 dixi.

260 2777 352 2812 inquit
367 2777 451 2812 judex
465 2785 473 2805 :
499 2783 563 2803 nam
582 2773 690 2802 etiamsi
707 2777 735 2800 tu
752 2773 836 2800 velles
848 2779 946 2808 parere
960 2771 1049 2807 jussui

259 2824 341 2858 reg‘s,
359 2823 412 2850 hoc
442 2822 491 2850 tibi
511 2821 582 2849 nihil
608 2821 764 2856 prodesset,
792 2826 854 2846 cum
882 2818 973 2853 plague-
994 2818 1049 2853 jam

260 2868 310 2897 tibi
335 2875 451 2895 mortem
478 2871 640 2901 procurent.
663 2865 847 2898 Quamobrem
866 2871 916 2898 ego
937 2863 1050 2898 quidem

259 2915 389 2950 eitleiam,
408 2918 436 2942 ut
451 2914 491 2942 sis
512 2913 638 2944 exempto
660 2911 788 2939 omnibus
810 2909 986 2943 Christianis,
1016 2917 1050 2940 ne

1093 2358 1169 2385 ἔλεον
1188 2359 1272 2386 αὑτοῦ
1292 2359 1383 2386 λασὼν
1407 2360 1422 2386 6
1441 2360 1570 2393 δικάζων,
1579 2361 1649 2388 Ἀλλ’
1663 2363 1687 2387 εί
1713 2361 1882 2397 βουληθείης,

1094 2403 1160 2439 ἔφη,
1173 2405 1211 2439 τῷ
1225 2405 1358 2440 βασιλικῷ
1371 2405 1516 2440 πεισθῆναι
1529 2407 1732 2442 προστάγματι,
1747 2408 1801 2434 είσὶ
1817 2408 1884 2443 παρ’

1095 2451 1160 2486 ἡμῖν
1175 2452 1263 2486 ἰατροὶ
1277 2451 1305 2478 οἴ
1319 2459 1366 2478 σου
1391 2451 1421 2478 τὸ
1436 2452 1518 2486 τάχος
1543 2453 1664 2479 ἰάσονται
1688 2453 1738 2485 τὰς
1763 2453 1883 2489 πληγάς.

1096 2497 1168 2532 Πρὸς
1183 2496 1213 2523 ὃν
1232 2497 1314 2528 εὐθὺς
1330 2498 1344 2524 6
1360 2497 1506 2532 μακάριος’
1524 2498 1555 2524 Et
1575 2498 1648 2533 λόγῳ
1663 2499 1738 2534 μόνῳ
1749 2499 1799 2531 τὰς
1814 2500 1885 2534 εμὰς

1097 2539 1170 2577 εἶχες
1196 2541 1288 2569 ἰᾶσθαι
1306 2543 1424 2577 πληγὰς,
1447 2539 1470 2569 ὦ
1484 2543 1640 2578 τραυματία
1656 2544 1688 2570 σὺ
1714 2544 1763 2571 καὶ
1784 2545 1886 2580 φρένας

1098 2590 1145 2615 καὶ
1160 2589 1208 2623 τὴν
1221 2588 1319 2624 ψυχὴν,
1334 2588 1389 2615 οὐδ’
1405 2588 1490 2621 οὕτως
1507 2589 1539 2616 ἀν
1559 2598 1601 2616 σοι
1618 2591 1768 2626 προσέσχον
1788 2591 1831 2626 ἐφ’
1846 2589 1887 2623 οἷς

1097 2634 1198 2669 ἀνόητα
1209 2636 1362 2670 παραινεῖς.
1375 2635 1516 2670 Πειράζων
1524 2637 1723 2672 είρηκα,φησὶν
1735 2639 1748 2664 ὀ
1757 2638 1886 2671 δικάζων,

1098 2682 1159 2708 ἐπεὶ.
1174 2683 1221 2709 καὶ
1239 2681 1385 2716 θ;λήσαντί
1403 2690 1444 2708 σοι
1458 2683 1528 2718 τάχα
1541 2683 1579 2718 τῷ
1592 2683 1639 2709 τοῦ
1656 2685 1788 2718 βασιλέως
1815 2683 1886 2718 εἶξαι

1100 2727 1289 2761 προστάγματι
1304 2727 1380 2754 οὐδὲν
1392 2725 1424 2762 ἢν
1440 2729 1514 2763 παρὰ
1526 2729 1605 2755 τοῦτο
1616 2728 1694 2756 πλέον
1705 2730 1759 2756 τῶν
1774 2731 1887 2765 πληγῶν

1099 2772 1150 2807 ήδη
1171 2773 1215 2799 τὸν
1233 2772 1347 2800 θάνατόν
1375 2782 1416 2800 σοι
1445 2775 1670 2809 μνηστευομένων
1683 2783 1689 2789 “
1704 2775 1765 2802 ὅθεν
1799 2775 1886 2810 ἔγωγε

1100 2819 1272 2853 Χριστιανοῑς
1281 2820 1363 2846 πᾶσιν
1374 2819 1526 2855 ὑπόδειγμα
1535 2821 1662 2854 γενέσθαι
1674 2830 1703 2847 σε
1713 2823 1889 2856 παρασκευά-

1102 2873 1140 2891 σω
1166 2865 1212 2891 τοῦ
1240 2865 1277 2900 μὴ
1303 2865 1388 2896 ἀδεῶς
1419 2865 1489 2892 οὕτω
1504 2867 1562 2898 τοῖς
1588 2867 1659 2893 κατὰ
1679 2867 1732 2893 τῶν
1749 2867 1889 2902 ἀρχόντων

1102 2909 1196 2943 ὕϐρεσι
1215 2910 1344 2943 χρῆσθαι.
1367 2910 1436 2938 Ἀλλ’
1449 2911 1473 2938 σί
1489 2912 1535 2939 καὶ
1550 2913 1577 2939 ὲν
1593 2911 1693 2945 ἀλλοις,
1711 2912 1724 2939 6
1740 2912 1903 2946 ίερώτατος.
