2056 3151
201 168 257 200 849

631 167 838 197 CERTAMEN
857 167 888 198 S.
909 164 1108 196 ACEPSlMtE
1128 165 1176 194 ET
1197 165 1416 197 SOCIORUM..

1776 162 1828 194 850

203 224 319 260 μάρτυς,
333 225 465 251 ἀλλόκοτα
477 225 607 256 πολλάκις
621 225 735 260 εῑρηκας
758 225 910 260 καὶψευδῆ,
927 223 986 254 νῦν,

1042 227 1095 249 tam
1112 229 1210 248 secure
1229 221 1406 255 magistratus
1428 220 1547 249 afﬁciant
1572 219 1759 248 contumeliis.
1777 218 1831 246 Sed

202 270 266 305 ιφη,
289 263 390 305 καιμὴ
415 270 576 305 βουλόμενος
606 272 640 297 τὰ
664 271 753 306 ἀληθῆ
777 271 880 303 ἕλξεις,
908 272 954 297 καὶ
975 270 989 296 ὃ

203 317 313 348 πάντως
341 317 391 343 οὐκ
419 317 458 348 είς
485 317 595 352 μακρὰν
620 317 808 351 ἀποϐήσεται·
839 317 989 350 ὑπόδειγμα

203 362 256 397 γάρ
273 370 306 396 με
323 362 361 396 τῷ
381 361 437 389 ὄντι
452 363 553 396 ἀγαθὸν
570 365 615 390 καὶ
631 365 685 395 τοῖς
702 363 797 389 ἔπειτα
815 363 908 398 θήσεις
923 371 990 398 καρ-

203 407 294 439 τερίας
311 409 357 434 καὶ
374 408 574 443 γενναιότητος,
590 408 614 434 οἳ
632 408 758 443 καθάπερ
771 409 810 440 εἰς
834 409 990 443 ἀρχέτυπόν

204 459 230 477 τι
241 452 290 486 τὴν
315 453 451 487 ἡμετέραν
464 453 620 488 ἀφορῶντας
641 453 790 488 ὑπομονὴν,
812 454 912 489 ῥᾳδίως
940 453 988 480 σοῦ

204 506 234 524 τι
263 499 311 525 καὶ
340 500 394 525 τῶν
416 499 515 534 ὁμοίως
543 500 659 534 ἐχόντων
678 500 726 531 τὰς
753 499 884 534 βασάνους
901 499 989 526 οἴσου-

203 551 257 570 σιν.

242 589 293 617 ΙΘ¹.
313 589 465 624 Ἐκπληξις
480 591 526 618 ἐπὶ
537 591 593 622 τοῖς
606 590 711 626 ῥηθεῖσι
729 590 843 625 κατέσχε
855 590 901 617 τὸν
912 591 988 617 δικα-

204 635 282 670 στὴν,
296 638 343 663 καὶ
363 635 394 670 δή
418 644 478 663 τινα
498 636 552 663 τῶν
568 637 630 671 παρ’
648 636 723 671 αὺτῷ
742 637 812 671 μέγα
832 637 989 671 δυναμένων

204 680 457 715 προσκαλεσάμενος
478 681 518 716 (ὃς
544 681 652 716 ’Δδέσχε
673 681 723 716 μὲν
741 682 860 716 ἐλέγετο,
879 682 911 708 Ir.
939 681 989 707 πό-

204 723 272 755 λεως
291 723 318 750 δὲ
335 725 448 759 ὥρμητο
468 725 567 761 Ἀρὸὴλ
587 726 783 761 καλουμένης),
801 726 918 757 Τούτους
939 735 992 753 πα-

206 769 339 804 ραλαϐὼν,
351 770 413 805 ἔφη,
424 771 491 805 πρὸς
505 770 554 806 τὴν
568 771 618 807 σὴν
630 772 720 806 ἄπαγε
733 772 810 799 πόλιν
820 771 993 807 Χριστιανῶν

203 816 282 848 χερσὶ
295 815 600 851 καταλευσθησομένους
610 825 617 832 ·
641 817 720 843 τοῦτο
738 817 793 852 γάρ
809 825 854 851 μοι
873 817 904 843 τὸ
918 817 994 844 δικα-

1039 267 1061 294 si
1088 267 1115 293 in
1142 265 1216 298 aliis,
1243 265 1334 300 inquit
1361 266 1555 293 sanctissimus
1592 269 1706 300 martyr,
1736 263 1831 290 dixisti

1039 320 1111 347 saepe
1131 312 1221 338 aliena
1238 315 1266 338 et
1286 310 1365 344 falsa,
1383 319 1468 343 nunc,
1492 311 1599 338 etiamsi
1620 311 1718 342 nolles,
1738 309 1832 338 dixisti

1039 367 1115 390 vera,
1131 362 1159 385 et
1175 357 1249 392 quod
1271 362 1313 384 est
1343 357 1456 384 omnino
1474 357 1634 391 propediem
1653 361 1828 383 eventurum.

1041 405 1081 431 Mc
1097 403 1171 431 enim
1191 410 1287 431 revera
1305 403 1407 430 honum
1425 402 1544 437 posteris
1555 402 1711 436 exemplum
1724 405 1832 428 statues

1039 449 1214 486 fortitudinis
1237 453 1264 475 et
1285 449 1370 475 animi
1397 447 1605 482 magnitudinis,
1632 447 1677 480 qui
1702 451 1831 481 tanquam

1039 495 1072 522 ad
1084 495 1223 529 exemplar
1235 493 1358 527 aliquod,
1374 492 1406 519 ad
1418 496 1540 520 nostram
1555 492 1695 518 intuentes
1710 491 1832 518 toleran-

1039 543 1116 572 tiam,
1134 541 1214 568 facile
1236 540 1326 567 ferent
1352 543 1399 566 tua
1415 543 1442 566 ct
1458 539 1497 565 tui
1521 538 1573 565 siut
1587 537 1653 564 lium
1686 541 1833 564 tormenta.

1075 586 1216 619 XIX.His,
1228 593 1289 620 qua:
1306 586 1380 613 dicta
1397 589 1474 615 sunt.
1493 584 1544 612 fuit
1562 583 1772 617 obstupefactus
1791 583 1836 616 ju—

1038 632 1105 665 dex;
1117 637 1146 659 et
1158 632 1292 659 accersito
1307 632 1426 666 quodam
1441 638 1474 657 ex
1490 631 1533 663 iis,
1544 630 1591 665 qui
1603 630 1674 664 apud
1689 637 1751 656 eum
1767 629 1837 655 mu!-

1040 683 1097 706 tum
1114 683 1258 714 poterant.
1271 679 1318 713 qui
1346 678 1493 705 dicebatur
1516 677 1627 712 quidem
1644 675 1767 703 Adesche
1781 676 1836 709 (or—

1041 729 1085 752 tus
1100 730 1192 752 autem
1208 729 1269 752 erat
1292 733 1325 752 ex
1349 724 1472 754 civitate.
1486 731 1547 758 quae
1562 722 1712 751 vocabatur
1721 721 1813 756 Arbt-l)
1828 730 1834 748 :

1042 771 1108 803 Hos,
1134 771 1234 806 inquit,
1258 771 1362 805 accipe,
1385 775 1413 798 et
1438 770 1492 797 duc
1515 770 1548 796 ad
1576 774 1649 796 tuam
1681 768 1834 799 civitatem,

1041 816 1264 844 Christianorum
1282 816 1410 843 manibus
1428 815 1588 843 obruendos
1605 815 1753 850 lapidibus.
1768 815 1836 842 Volo

204 860 314 894 στηριον
325 862 355 886 τὸ
365 861 411 887 σὺν
424 862 652 897 καταπράξασθαι
663 863 803 898 βούλομαι,
813 863 847 889 δι’
856 864 888 898 ἣν
902 864 992 890 αἰτίαν

1044 863 1118 890 enim
1137 866 1212 890 tuam
1238 862 1380 889 solertiam
1402 862 1456 888 hoc
1482 862 1548 888 mihi
1573 862 1692 889 elIieere.
1719 861 1836 896 Propter

203 903 264 930 οὐδι
281 905 326 931 τδν
338 905 383 932 διὰ
396 906 490 940 ξίφους
504 907 595 933 αὐτῶν
606 908 763 941 ἐπενεγκεῖν
777 908 898 943 ἠθέλησα
910 908 992 934 θάνα-

204 957 260 977 τον.
279 951 440 986 Παραυτίκα
464 952 528 986 γοῦν
540 952 702 988 ἀχθοφόροις
719 952 799 986 ζώοις
819 954 913 990 ὥσπερ
932 955 992 981 τινὰ

203 996 258 1022 τῶν
274 996 384 1032 ἀψύχων
404 998 584 1032 ὲπιφορτίσας
598 998 696 1030 αὐτοὺς
716 1000 763 1025 καί
777 999 990 1036 περιδεσμήσας,

205 1042 253 1078 τὴν
281 1043 328 1071 ἐπὶ
350 1043 401 1079 τὴν
426 1044 542 1079 πατρίδα
569 1045 671 1077 ἐκεῖνος
689 1046 844 1072 ἐστέλλετο·
862 1047 925 1073 ἐπεὶ
953 1047 990 1082 μὴ

204 1088 324 1120 δυνατῶς
338 1087 411 1124 εἶχον
426 1089 595 1125 ἑγκαθῆσθαι
613 1092 669 1121 τοῖς
685 1090 774 1123 ζώοις,
790 1092 908 1127 ἐσχάτην
922 1093 990 1120 ὑπο-

206 1134 320 1165 στάντες
335 1135 389 1161 τῶν
405 1135 494 1170 μελῶν
519 1135 650 1170 πάρεσιν·
673 1137 734 1164 ὅθεν
746 1139 907 1173 ἑρῤίπτοντο
921 1139 991 1166 κατά

206 1179 257 1212 γῆς
275 1180 304 1206 ἰν
317 1177 358 1209 οἷς
370 1179 426 1206 εδει
442 1181 588 1208 καταλύειν
603 1182 702 1214 αὐτοὺς
714 1181 759 1210 οἷά
770 1193 831 1211 τινα
843 1185 926 1220 νεκρά
940 1186 991 1212 σώ-

207 1231 291 1257 ματα.
308 1224 364 1251 Καὶ⁸
381 1224 450 1259 δῆτα
480 1226 550 1253 κατὰ
564 1226 614 1262 τὴν
640 1227 717 1254 πόλιν
740 1229 871 1264 ἀχθέντας
891 1230 991 1266 ’Λρϐὴλ

205 1269 394 1305 δισμωτήριόν
412 1280 439 1298 τι
463 1272 570 1308 δέχεται
591 1274 691 1306 αὐτοὺς
706 1275 825 1309 ζοφῶδες
841 1278 888 1303 καὶ
904 1276 991 1311 ἀλαμ-

206 1316 267 1349 πὲς,
279 1317 307 1343 ἐν
320 1314 341 1351 ᾧ
355 1318 462 1353 σήψεως
478 1319 533 1346 τῶν
548 1321 657 1355 σαρκῶν
673 1321 727 1349 ἀπὸ
741 1321 794 1348 τῶν
815 1323 927 1357 πληγῶν
944 1322 993 1349 αὖ·

206 1362 264 1406 τοῖς
277 1362 475 1400 ἀπιγενομένης
503 1365 570 1401 ίχώρ
585 1374 614 1392 τε
626 1366 709 1398 πολὺς
724 1367 854 1402 ἀπέρρει,
871 1369 918 1394 καὶ
933 1367 994 1394 ὀδύ-

208 1415 252 1433 ναι
266 1408 321 1435 τῶν
335 1409 421 1442 ἁγίων
432 1409 595 1445 δριμύταται
608 1412 795 1446 υθικνοῦντο,
811 1415 859 1442 καὶ
874 1414 993 1449 μάλιστα

206 1452 245 1488 τῷ
265 1454 303 1489 μὴ
320 1454 444 1489 ἐφεῖσθαι
455 1465 506 1483 τινι
520 1456 575 1484 τῶν
590 1457 761 1492 Χριστιανῶν
777 1460 814 1490 ὡς
826 1460 925 1493 αὐτοὺς
940 1460 995 1487 siqu

1041 916 1124 944 quam
1139 916 1250 936 causam
1269 916 1319 936 nec
1335 909 1376 936 cis
1393 909 1505 943 quidem
1523 908 1614 943 gladio
1627 908 1701 935 volui
1719 912 1834 934 mortem

1041 955 1149 984 afferre.
1171 955 1239 983 Cum
1260 963 1308 982 eos
1320 963 1386 990 ergo
1401 955 1537 982 onerariis
1553 955 1687 990 jumentis
1705 960 1834 991 tauquam

1041 1000 1193 1028 inanimum
1220 1001 1323 1035 aliquid
1352 1001 1529 1035 imposuisset
1555 1006 1584 1028 et
1610 1001 1761 1035 alligasset,
1790 1000 1836 1027 ille

1041 1045 1181 1081 profectus
1204 1049 1246 1072 est
1269 1046 1295 1072 in
1324 1045 1453 1080 patriam,
1477 1046 1607 1080 quoniam
1633 1053 1686 1072 uon
1708 1049 1837 1080 poterant

1041 1091 1163 1119 insidere
1185 1091 1337 1127 iumentis,
1372 1098 1435 1118 cum
1464 1096 1557 1117 essent
1583 1098 1680 1118 eorum
1711 1091 1835 1118 membra

1040 1138 1155 1165 omnino
1166 1137 1312 1165 dissoluta.
1327 1136 1513 1170 Quamobrem
1529 1137 1606 1163 humi
1620 1136 1796 1172 jacicbautur
1810 1138 1837 1163 in

1042 1183 1075 1210 iis
1090 1182 1168 1215 locis,
1192 1181 1221 1208 in
1241 1182 1344 1216 quibus
1367 1189 1415 1209 eos
1439 1181 1585 1216 oportebat
1612 1181 1758 1213 diversari,
1777 1185 1836 1208 tan-

1041 1236 1124 1263 quam
1141 1233 1250 1254 mortua
1267 1235 1395 1262 corpora.
1422 1227 1456 1253 Et
1471 1234 1535 1254 cum
1560 1227 1671 1254 adducti
1697 1231 1791 1254 essent
1809 1227 1836 1253 in

1043 1275 1183 1302 civitatem
1206 1273 1301 1306 Arbel,
1322 1280 1371 1300 eos
1396 1272 1498 1307 accipit
1522 1280 1618 1299 career
1650 1273 1786 1300 obscurus
1810 1276 1838 1299 et

1043 1320 1248 1351 tenebricosus,
1267 1319 1295 1346 in
1313 1326 1367 1354 quo
1384 1326 1447 1346 cum
1468 1319 1637 1354 putrefactio
1653 1319 1778 1347 carnium
1797 1319 1839 1346 eis

1042 1371 1076 1392 ex
1102 1364 1189 1398 plagis
1216 1367 1276 1390 orta
1308 1368 1394 1395 esset,
1411 1362 1541 1390 etlluebat
1571 1363 1656 1390 multa
1683 1363 1785 1395 sanies,
1811 1368 1839 1390 et

1042 1414 1152 1438 sanctos
1165 1408 1320 1445 gravissimi
1338 1409 1449 1436 dolores
1467 1409 1644 1439 luvadebant,
1661 1413 1690 1435 et
1708 1409 1837 1439 maxime.

1047 1455 1121 1491 quod
1145 1463 1200 1482 non
1218 1455 1425 1490 permitteretur
1442 1454 1489 1482 ulli
1504 1461 1537 1482 ex
1553 1454 1720 1482 Christianis
1735 1454 1769 1481 ad
1791 1462 1839 1481 eos

207 1499 295 1528 ιλθιῖν
322 1502 368 1528 καὶ
394 1503 495 1537 μικρᾶς
526 1503 591 1537 γοῦν
614 1512 687 1535 τινος
718 1505 878 1540 ιπιμελιίας
894 1506 994 1539 αὐτοὺς

1047 1500 1229 1532 accedere,et
1250 1507 1347 1527 eorum
1363 1499 1449 1527 ullam
1465 1507 1562 1527 curam
1575 1507 1682 1535 gerere.
1708 1499 1838 1532 Qutedatn

207 1547 333 1579 ἀξιῶσαι.
361 1548 432 1584 Γυνὴ
452 1549 482 1576 δέ
496 1558 537 1581 τις
567 1550 681 1585 εὐσεϐὴς
705 1553 753 1578 καὶ
776 1551 930 1587 φοϐουμένη
946 1553 993 1580 τὸν

208 1592 312 1628 Κύριον
322 1594 351 1621 ὲν
365 1595 421 1626 τοῖς
431 1595 515 1630 ὁρίοις
538 1595 588 1631 τῆς
602 1596 688 1631 αὐτῆς
705 1597 810 1629 πόλεως
824 1599 994 1633 παροικοῦσα

208 1638 280 1673 ἀωρὶ
297 1639 350 1665 τῶν
363 1639 468 1666 νυκτῶν
479 1641 593 1674 ἀφίκετο
607 1641 674 1676 πρὸς
684 1641 716 1668 τὸ
729 1642 927 1679 δεσμωτήριον,
947 1646 994 1672 καὶ

208 1683 347 1718 χρήμασιν
365 1685 466 1716 ίκανῶς
480 1686 542 1717 τοὺς
557 1687 680 1721 φύλακας
694 1687 890 1723 θεραπεύσασα
912 1698 994 1717 κατε-

210 1729 332 1765 πράξατο
343 1732 426 1767 ἑαυτῇ
447 1731 477 1758 τὸ
487 1732 549 1764 τοὺς
563 1733 657 1766 ἁγίους
673 1733 744 1761 οὕτω
756 1734 907 1771 λεληθότως
927 1737 994 1764 ἀνα-

208 1775 300 1802 λαὸεῑν
320 1776 447 1810 καὶπρὸς
461 1777 507 1804 τὶν
528 1778 629 1812 ἑαυτῆς
642 1777 716 1806 οἶκον
731 1780 762 1806 οὐ
792 1781 903 1816 μακρὰν
929 1781 995 1809 ὄντα

183 1826 187 1830 ·
207 1822 286 1858 χερσὶ
319 1823 373 1849 τῶν
398 1824 498 1859 ἑαυτῆς
523 1823 696 1859 θεραπόντων
729 1825 995 1862 διαϐασταζομένους

208 1868 333 1903 ἀγαγεῖν.
353 1867 420 1896 Εῑτα
445 1869 578 1904 προθεῖσα
603 1870 714 1902 τούτους
740 1872 800 1899 οὐδὲ
824 1873 994 1907 φθέγξασθαι

207 1914 384 1950 δυναμένους,
395 1916 528 1951 ικμάσσει
555 1917 603 1952 μὲν
619 1917 710 1949 αὐτοῖς
723 1917 770 1944 τὸν
787 1918 885 1954 ίχῶρα,
902 1919 995 1954 ὴπίοις

207 1961 236 1987 δέ
251 1969 305 1987 τισι
320 1961 478 1996 φαρμάκοις
501 1963 705 1998 παραμυθεῖται
728 1964 777 1995 τὰς
796 1963 958 1998 ἀλγηδόνας,
969 1965 996 1990 ό-

209 2006 307 2037 θονίοις
321 2007 500 2042 περιδεσμεϊ,
527 2008 659 2042 καθαροῖς
678 2010 774 2044 μύροις
796 2010 867 2044 χρίει
882 2010 996 2036 πολυτι-

208 2052 276 2082 λέσι,
291 2051 339 2078 καὶ
349 2051 421 2078 οὕτω
430 2052 475 2079 διὰ
495 2053 605 2080 πάντων
621 2054 651 2080 τὸ
675 2054 874 2089 θεραπευτικόν
889 2063 920 2082 τι
949 2055 996 2082 καὶ

207 2098 380 2133 φιλόχριστον
392 2098 586 2130 ἐπιδείκνυται.
600 2100 785 2134 καταφιλοῦσα
803 2101 853 2136 μὲν
870 2102 905 2128 τά
923 2110 996 2136 μαρ-

208 2143 307 2189 τυρικά
329 2143 409 2178 μέλη,
428 2146 475 2172 καὶ
497 2144 600 2177 τούτοις
622 2146 824 2181 ἐπιδακρύουσα
838 2168 846 2179 ,
869 2147 948 2183 ίχῶρι
966 2147 994 2174 δὲ
1012 2160 1035 2189 D

207 2189 247 2224 τῷ
259 2188 289 2222 ιε
302 2189 391 2216 αὐτῶν
404 2190 584 2224 ἀποστάζοντι
599 2192 698 2227 ἑαυτὴν
713 2192 910 2227 ύπαλείφουσα.

245 2236 287 2262 κ’.
307 2235 372 2270 Ὀψὲ
385 2236 414 2263 δὲ
431 2237 477 2264 καὶ
493 2238 570 2272 μόλις
583 2238 734 2272 ἀνενεγκὼν
750 2240 764 2265 ό
781 2240 919 2274 μακάριος
938 2241 994 2268 Ίω-

209 2279 275 2316 σὴφ,
296 2280 333 2307 Τὸ
347 2282 396 2316 μὲν
413 2282 477 2317 περὶ
502 2283 576 2318 ἡμᾶς
594 2293 641 2310 σου
658 2284 801 2319 συμπαθὲς
826 2287 872 2312 καὶ
889 2286 993 2321 φιλότι-

210 2335 270 2360 μον,
281 2323 304 2354 ὦ
319 2327 484 2362 ἱερώτατον,
498 2329 561 2364 ἔφη,
577 2332 699 2365 γύναιον,
715 2332 863 2359 ἀπόδεκτον
877 2334 923 2360 καὶ
934 2333 994 2368 Θεῴ

208 2373 255 2399 καὶ
274 2374 330 2405 τοῖς
358 2373 428 2409 ὑπὲρ
452 2374 535 2402 αύτοῦ
565 2376 692 2404 ἀθλοῦσιν
717 2379 800 2413 ἡμῖν·
818 2378 848 2405 τὸ
861 2379 888 2405 δὲ
905 2379 993 2411 οὕτως

208 2418 281 2453 ἡμᾶς
297 2419 424 2454 δακρύειν
450 2421 577 2456 ἀμέτρως
603 2422 697 2458 πόρρω
721 2424 771 2458 τῆς
791 2425 925 2459 ἀψευδοῦς
940 2426 994 2452 τῶν

208 2464 380 2500 Χριστιανῶν
394 2467 500 2499 ἐλπίδος
517 2469 565 2495 καὶ
579 2469 629 2503 τῆς
642 2470 721 2504 ἡμῶν
734 2470 863 2502 πίστεως.
879 2472 951 2507 Πρὸς
964 2472 994 2499 ὃν

207 2511 224 2546 η
239 2513 389 2548 σεμνοτάτη
418 2514 568 2547 γυναικῶν·
600 2515 677 2545 Ἐμοὶ
709 2515 759 2550 μὲν
782 2517 869 2551 χαρᾶς
889 2518 906 2552 ἡ
920 2517 994 2552 ψυχὴ

207 2557 368 2592 πληροῦται,
385 2559 549 2595 λογιζομένη
573 2561 647 2592 ὅπως
662 2562 795 2596 τοσαύτην
813 2563 876 2596 ὑμῖν
901 2563 915 2589 ὁ
929 2563 994 2598 Χρι-

208 2602 270 2633 στος
291 2603 403 2638 ἐνέθηκε
420 2605 471 2639 τὴν
485 2604 623 2640 ἀνδρείαν,
639 2606 709 2633 ὥστε
727 2607 794 2642 πρὸς
823 2607 992 2644 τηλικαύτην

204 2647 306 2675 ὀδυνῶν
321 2649 474 2685 δριμύτητα
486 2651 713 2687 διακαρτερῆσαι·
729 2652 815 2688 ἥσθην
837 2653 859 2679 δ’
884 2654 916 2680 ἂν
931 2654 993 2680 ἐπι-

205 2694 287 2722 πλέον
302 2695 350 2722 καὶ
365 2696 389 2722 εί
402 2695 441 2731 τῷ
455 2697 598 2732 μαρτυρίῳ
612 2698 802 2730 τελειωθέντας
823 2697 892 2727 ιῐδον
909 2700 992 2735 ὑμᾶς.

206 2741 244 2768 To
260 2742 288 2769 δὲ
299 2741 427 2778 δακρύειν
437 2742 544 2777 φύσεως
563 2743 737 2780 ἀνθρωπίνης
754 2745 820 2773 ἴδιον
833 2744 924 2773 οἶκτον
948 2747 995 2774 ἐπὶ

205 2788 245 2823 τῷ
263 2790 389 2823 συγγενεῖ
410 2790 612 2826 λαμϐανούσης.
635 2791 714 2818 Ἀλλὰ
730 2791 768 2828 μὴ
783 2792 926 2820 λυπεῖσθαί
951 2801 991 2825 σε,

204 2835 304 2867 όθεῖος
337 2836 435 2873 Ἰωσὴφ
461 2837 638 2873 ἀπεκρίνατο,
664 2838 731 2872 μηδὲ
763 2838 889 2874 δακρύειν
914 2839 992 2874 ἡμῶν

205 2881 297 2908 ἕνεκεν
321 2882 383 2917 χρὴ,
399 2883 584 2919 ἐπισταμένην
595 2884 702 2916 πάντως
717 2883 754 2916 ὡς
772 2885 798 2910 αί
816 2884 859 2911 διὰ
873 2884 991 2920 Χριστὸν

1045 1551 1136 1574 autem
1151 1545 1252 1573 mulier
1265 1545 1310 1581 pia
1325 1549 1353 1573 et
1367 1546 1468 1573 timens
1485 1545 1641 1578 Dominum,
1657 1554 1718 1581 qua:
1733 1546 1839 1573 habita-

1043 1591 1090 1619 bat
1110 1591 1138 1618 in
1162 1591 1264 1619 ﬁnibus
1288 1591 1370 1627 hujus
1394 1591 1526 1622 civitatis.
1560 1591 1725 1626 intempesta
1758 1596 1839 1619 nocte

1043 1637 1121 1665 venit
1146 1637 1181 1664 ad
1209 1644 1359 1671 carcerem,
1386 1643 1414 1665 et
1439 1638 1534 1665 multis
1559 1638 1686 1672 pecuniis
1715 1637 1839 1666 delinitis

1044 1683 1216 1716 custodibus,
1241 1683 1335 1711 eﬂ'ecit
1361 1688 1390 1711 ut
1415 1687 1527 1710 sanctos
1548 1683 1666 1711 latenter
1687 1684 1838 1718 acciperet,

1042 1734 1071 1757 et
1086 1730 1197 1757 domum
1213 1737 1300 1761 suam,
1317 1736 1378 1764 quae
1395 1737 1449 1756 non
1466 1729 1547 1765 longe
1564 1729 1670 1761 aberat.
1689 1737 1835 1757 servorum

1044 1782 1158 1802 suorum
1173 1774 1302 1802 manibus
1318 1778 1443 1808 portatas
1459 1774 1583 1802 duceret.
1602 1775 1707 1802 Deinde
1724 1775 1757 1802 iis
1772 1783 1836 1810 pro-

1044 1821 1145 1853 ductis,
1164 1821 1211 1857 qui
1231 1829 1282 1849 nec
1297 1821 1371 1856 loqui
1387 1821 1500 1856 quidem
1519 1826 1659 1856 poterant,
1675 1823 1718 1849 eis
1731 1822 1837 1849 abster-

1043 1867 1084 1903 git
1095 1867 1213 1901 saniem,
1229 1868 1339 1896 lenibus
1352 1873 1446 1895 autem
1465 1868 1632 1903 quibusdam
1649 1869 1837 1896 medicamen-

1045 1914 1080 1942 tis
1103 1914 1182 1941 sedat
1205 1922 1302 1941 eorum
1329 1914 1451 1947 dolores,
1478 1915 1588 1942 mundis
1613 1915 1706 1950 alligat
1733 1915 1837 1945 linteis.

1046 1961 1196 1995 unguentis
1212 1962 1290 1996 ungit
1303 1962 1445 1996 pretiosis,
1463 1967 1491 1989 et
1506 1962 1534 1989 in
1558 1961 1689 1989 omnibus
1716 1961 1838 1988 ostendit

1045 2014 1128 2041 quam
1142 2011 1215 2034 esset
1230 2007 1276 2042 pia
1292 2011 1320 2034 et
1334 2007 1438 2034 Christi
1455 2014 1561 2040 amans,
1578 2007 1709 2035 osculans
1724 2006 1836 2041 quidem

1047 2052 1170 2080 membra
1208 2056 1372 2088 martyrum,
1401 2056 1430 2080 et
1461 2055 1502 2080 eis
1530 2053 1724 2088 illacrymans,
1758 2053 1837 2080 sanie

1046 2104 1138 2128 autem
1163 2107 1224 2136 quae
1245 2107 1278 2127 ex
1300 2099 1342 2127 eis
1362 2098 1523 2131 distillabat,
1550 2099 1668 2134 seipsam
1688 2100 1834 2135 inungens.

1080 2237 1139 2265 XX.
1158 2238 1226 2266 Cum
1241 2239 1285 2265 vix
1309 2238 1419 2266 tandem
1444 2243 1536 2265 autem
1549 2237 1583 2265 ad
1596 2245 1626 2265 se
1649 2237 1834 2265 redilssetJo-

1044 2283 1111 2318 seph
1127 2292 1134 2311 :
1149 2283 1206 2311 Tua
1222 2284 1344 2319 quidem,
1359 2285 1459 2319 inquit,
1484 2285 1512 2312 in
1535 2291 1586 2312 nos
1600 2284 1792 2312 misericordia
1807 2289 1835 2311 et

1043 2329 1266 2361 munificentiam
1277 2337 1452 2358 sacrosancta
1466 2330 1576 2364 mulier,
1584 2331 1641 2358 Deo
1655 2331 1709 2358 erit
1722 2334 1837 2364 accepta

1042 2379 1070 2403 et
1084 2376 1174 2408 nobis,
1201 2375 1249 2411 qui
1271 2384 1320 2411 pro
1334 2384 1368 2404 eo
1386 2377 1572 2404 decertamus.
1592 2376 1648 2404 Nos
1659 2382 1751 2404 autem
1781 2381 1835 2404 tam

1045 2421 1190 2449 immodice
1208 2421 1313 2449 deﬂere
1337 2427 1380 2449 est
1411 2423 1528 2450 multum
1545 2428 1683 2450 remotum
1701 2430 1716 2450 a
1731 2430 1795 2450 vera
1808 2425 1838 2449 et

1043 2472 1119 2496 certa
1140 2476 1188 2504 spe
1201 2468 1423 2496 Christianorum
1447 2474 1476 2497 et
1491 2475 1585 2497 nostra
1602 2469 1666 2497 ﬁde.
1683 2469 1733 2497 Cui
1751 2469 1838 2496 hone-

1043 2514 1163 2542 stissima
1188 2514 1309 2542 mulier:
1330 2514 1395 2541 Mihi
1407 2515 1519 2549 quidem
1544 2517 1654 2542 animus
1669 2519 1712 2542 est
1734 2515 1835 2550 gaudio

1043 2560 1177 2594 repletus,
1186 2560 1384 2593 consideranti,
1401 2561 1475 2594 quod
1491 2561 1620 2588 Christus
1634 2561 1715 2588 vobis
1730 2565 1834 2588 tantam

1041 2605 1150 2633 dederit
1163 2606 1366 2640 fortitudinem,
1381 2611 1411 2633 ut
1426 2615 1525 2643 magno
1537 2608 1630 2634 animo
1645 2607 1757 2635 ferretis
1772 2613 1833 2634 tan-

1043 2657 1097 2679 tam
1127 2652 1254 2680 dolorum
1283 2653 1483 2680 acerbitatem:
1516 2654 1602 2689 magis
1619 2659 1711 2681 autem
1742 2654 1832 2680 ltetata

1042 2706 1142 2729 essem.
1165 2698 1188 2726 si
1218 2706 1268 2726 vos
1296 2699 1426 2726 vidissem
1457 2701 1588 2735 martyrio
1617 2705 1832 2727 consummatos.

1045 2745 1200 2780 Lacrymari
1217 2752 1283 2772 vero
1298 2749 1341 2772 est
1359 2745 1501 2780 proprium
1517 2746 1646 2772 humana:
1659 2751 1762 2773 natura
1774 2754 1834 2780 qua:

1047 2795 1173 2818 movetur
1191 2790 1381 2818 misericordia
1401 2792 1471 2826 ejus,
1495 2791 1567 2825 quod
1592 2797 1633 2819 est
1657 2792 1709 2819 sibi
1735 2801 1834 2826 genere

1047 2839 1234 2873 coniunctum.
1263 2837 1315 2865 Sed
1344 2846 1398 2865 non
1426 2843 1535 2872 oportet
1567 2843 1592 2866 te
1626 2839 1720 2865 dolore
1747 2838 1834 2870 allici,

1046 2892 1135 2920 nequc
1163 2885 1308 2919 lacrymari
1336 2890 1447 2919 propter
1467 2894 1527 2919 nos,
1556 2885 1696 2920 respondit
1725 2885 1836 2912 divinus
