  <div class='ocr_page' id='page_1' title='image "/cluster/home/n/w/nwhite01/storage/ocr_20150623/116/njp.32101077772984/525.png"; bbox 0 0 2056 3151; ppageno 0'>
   <div class='ocr_carea' id='block_1_1' title="bbox 231 147 283 178">
    <p class='ocr_par' dir='ltr' id='par_1_1' title="bbox 231 147 283 178">
     <span class='ocr_line' id='line_1_1' title="bbox 231 147 283 178; baseline 0.038 -2"><span class='ocrx_word' id='word_1_1' title='bbox 231 147 283 178; x_wconf 74' lang='grc'><strong>851</strong></span> 
     </span>
    </p>
   </div>
   <div class='ocr_carea' id='block_1_2' title="bbox 846 157 1281 196">
    <p class='ocr_par' dir='ltr' id='par_1_2' title="bbox 846 157 1281 196">
     <span class='ocr_line' id='line_1_2' title="bbox 846 157 1281 196; baseline 0.03 -12"><span class='ocrx_word' id='word_1_2' title='bbox 846 157 975 189; x_wconf 80' lang='lat' dir='ltr'><strong>ADDEN</strong></span> <span class='ocrx_word' id='word_1_3' title='bbox 981 161 1040 191; x_wconf 76' lang='lat' dir='ltr'><strong>DA.</strong></span> <span class='ocrx_word' id='word_1_4' title='bbox 1061 173 1096 181; x_wconf 73' lang='grc'><strong>’-</strong></span> <span class='ocrx_word' id='word_1_5' title='bbox 1115 164 1281 196; x_wconf 74' lang='lat' dir='ltr'><strong>APRILIS.</strong></span> 
     </span>
    </p>
   </div>
   <div class='ocr_carea' id='block_1_3' title="bbox 1806 177 1859 208">
    <p class='ocr_par' dir='ltr' id='par_1_3' title="bbox 1806 177 1859 208">
     <span class='ocr_line' id='line_1_3' title="bbox 1806 177 1859 208; baseline 0.038 -3"><span class='ocrx_word' id='word_1_6' title='bbox 1806 177 1859 208; x_wconf 69' lang='grc' dir='ltr'><strong>87ιὲ</strong></span> 
     </span>
    </p>
   </div>
   <div class='ocr_carea' id='block_1_4' title="bbox 228 205 1026 267">
    <p class='ocr_par' dir='ltr' id='par_1_4' title="bbox 228 205 1026 267">
     <span class='ocr_line' id='line_1_4' title="bbox 228 205 1026 252; baseline 0.009 -18"><span class='ocrx_word' id='word_1_7' title='bbox 228 205 344 241; x_wconf 77' lang='lat' dir='ltr'><strong>Joscph,</strong></span> <span class='ocrx_word' id='word_1_8' title='bbox 373 214 435 235; x_wconf 79' lang='lat' dir='ltr'><strong>cum</strong></span> <span class='ocrx_word' id='word_1_9' title='bbox 464 207 577 236; x_wconf 80' lang='lat' dir='ltr'><strong>omnino</strong></span> <span class='ocrx_word' id='word_1_10' title='bbox 605 209 688 243; x_wconf 85' lang='lat' dir='ltr'><strong>scias,</strong></span> <span class='ocrx_word' id='word_1_11' title='bbox 718 211 792 246; x_wconf 88' lang='lat' dir='ltr'><strong>quod</strong></span> <span class='ocrx_word' id='word_1_12' title='bbox 818 221 880 248; x_wconf 74' lang='lat' dir='ltr'><strong>quae</strong></span> <span class='ocrx_word' id='word_1_13' title='bbox 913 221 1026 252; x_wconf 77' lang='lat' dir='ltr'><strong>propter</strong></span> 
     </span>
     <span class='ocr_line' id='line_1_5' title="bbox 231 254 1008 267; baseline 0 0"><span class='ocrx_word' id='word_1_14' title='bbox 231 254 368 267; x_wconf 63' lang='lat' dir='ltr'><strong>l”l...:..1.....</strong></span> <span class='ocrx_word' id='word_1_15' title='bbox 389 255 579 267; x_wconf 50' lang='grc' dir='ltr'><strong>-..μηδι-ξηηιη-</strong></span> <span class='ocrx_word' id='word_1_16' title='bbox 601 256 758 267; x_wconf 31' lang='grc' dir='ltr'><strong>-Ι“ε..ε.ηε.</strong></span> <span class='ocrx_word' id='word_1_17' title='bbox 813 264 818 267; x_wconf 83' lang='grc'><strong>.</strong></span> <span class='ocrx_word' id='word_1_18' title='bbox 1002 263 1008 267; x_wconf 90' lang='grc'>.</span> 
     </span>
    </p>
   </div>
   <div class='ocr_carea' id='block_1_5' title="bbox 1077 205 1861 267">
    <p class='ocr_par' dir='ltr' id='par_1_5' title="bbox 1077 220 1861 267">
     <span class='ocr_line' id='line_1_6' title="bbox 1077 220 1861 267; baseline 0.018 -20"><span class='ocrx_word' id='word_1_19' title='bbox 1077 220 1182 257; x_wconf 71' lang='grc' dir='ltr'>θλίψεις</span> <span class='ocrx_word' id='word_1_20' title='bbox 1200 224 1310 252; x_wconf 78' lang='grc' dir='ltr'><strong>αἰωνίου</strong></span> <span class='ocrx_word' id='word_1_21' title='bbox 1328 226 1452 262; x_wconf 79' lang='grc' dir='ltr'>πρόξενοι</span> <span class='ocrx_word' id='word_1_22' title='bbox 1468 230 1638 266; x_wconf 76' lang='grc' dir='ltr'>εὐφροσύνης</span> <span class='ocrx_word' id='word_1_23' title='bbox 1657 232 1705 259; x_wconf 83' lang='grc' dir='ltr'>καὶ</span> <span class='ocrx_word' id='word_1_24' title='bbox 1722 233 1861 267; x_wconf 71' lang='grc' dir='ltr'><strong>βασιλείας</strong></span> 
     </span>
    </p>
   </div>
   <div class='ocr_carea' id='block_1_6' title="bbox 231 254 1024 291">
    <p class='ocr_par' dir='ltr' id='par_1_6' title="bbox 231 254 1024 291">
     <span class='ocr_line' id='line_1_7' title="bbox 231 254 1024 291; baseline 0.014 -12"><span class='ocrx_word' id='word_1_25' title='bbox 231 254 369 281; x_wconf 73' lang='grc' dir='ltr'>(Σιπὶειιιιιι</span> <span class='ocrx_word' id='word_1_26' title='bbox 389 255 579 289; x_wconf 91' lang='lat' dir='ltr'><strong>suscipiuntur</strong></span> <span class='ocrx_word' id='word_1_27' title='bbox 600 256 773 291; x_wconf 82' lang='lat' dir='ltr'><strong>afﬂictiones,</strong></span> <span class='ocrx_word' id='word_1_28' title='bbox 787 264 917 289; x_wconf 69' lang='lat' dir='ltr'><strong>aeternam</strong></span> <span class='ocrx_word' id='word_1_29' title='bbox 931 263 1024 290; x_wconf 86' lang='lat' dir='ltr'><strong>conci-</strong></span> 
     </span>
    </p>
   </div>
   <div class='ocr_carea' id='block_1_7' title="bbox 228 294 1026 336">
    <p class='ocr_par' dir='ltr' id='par_1_7' title="bbox 228 294 1026 336">
     <span class='ocr_line' id='line_1_8' title="bbox 228 294 1026 336; baseline 0.015 -12"><span class='ocrx_word' id='word_1_30' title='bbox 228 294 297 326; x_wconf 64' lang='lat' dir='ltr'><strong>h&#39;ent</strong></span> <span class='ocrx_word' id='word_1_31' title='bbox 312 299 435 326; x_wconf 71' lang='lat' dir='ltr'><strong>lmtitiam</strong></span> <span class='ocrx_word' id='word_1_32' title='bbox 452 305 481 328; x_wconf 92' lang='lat' dir='ltr'><strong>et</strong></span> <span class='ocrx_word' id='word_1_33' title='bbox 494 309 608 336; x_wconf 82' lang='lat' dir='ltr'><strong>regnum</strong></span> <span class='ocrx_word' id='word_1_34' title='bbox 629 304 774 332; x_wconf 74' lang='lat' dir='ltr'><strong>caelorum.</strong></span> <span class='ocrx_word' id='word_1_35' title='bbox 788 305 837 333; x_wconf 90' lang='lat' dir='ltr'><strong>Dic</strong></span> <span class='ocrx_word' id='word_1_36' title='bbox 856 312 948 334; x_wconf 85' lang='lat' dir='ltr'><strong>autent</strong></span> <span class='ocrx_word' id='word_1_37' title='bbox 964 309 1026 336; x_wconf 92' lang='lat' dir='ltr'><strong>illu-</strong></span> 
     </span>
    </p>
   </div>
   <div class='ocr_carea' id='block_1_8' title="bbox 228 348 1022 384">
    <p class='ocr_par' dir='ltr' id='par_1_8' title="bbox 228 348 1022 384">
     <span class='ocr_line' id='line_1_9' title="bbox 228 348 1022 384; baseline 0.015 -13"><span class='ocrx_word' id='word_1_38' title='bbox 228 352 244 372; x_wconf 91' lang='lat' dir='ltr'><strong>c</strong></span> <span class='ocrx_word' id='word_1_39' title='bbox 255 350 367 377; x_wconf 38' lang='lat' dir='ltr'><strong>iscente,</strong></span> <span class='ocrx_word' id='word_1_40' title='bbox 384 354 479 374; x_wconf 83' lang='lat' dir='ltr'><strong>rursus</strong></span> <span class='ocrx_word' id='word_1_41' title='bbox 494 348 614 376; x_wconf 87' lang='lat' dir='ltr'><strong>latenter</strong></span> <span class='ocrx_word' id='word_1_42' title='bbox 630 351 817 378; x_wconf 86' lang='lat' dir='ltr'><strong>restituuntur</strong></span> <span class='ocrx_word' id='word_1_43' title='bbox 829 352 856 379; x_wconf 93' lang='lat' dir='ltr'><strong>in</strong></span> <span class='ocrx_word' id='word_1_44' title='bbox 873 361 1022 384; x_wconf 87' lang='lat' dir='ltr'><strong>carcerem.</strong></span> 
     </span>
    </p>
   </div>
   <div class='ocr_carea' id='block_1_9' title="bbox 263 390 1024 432">
    <p class='ocr_par' dir='ltr' id='par_1_9' title="bbox 263 390 1024 432">
     <span class='ocr_line' id='line_1_10' title="bbox 263 390 1024 432; baseline 0.016 -16"><span class='ocrx_word' id='word_1_45' title='bbox 263 390 334 418; x_wconf 78' lang='lat' dir='ltr'><strong>XXI.</strong></span> <span class='ocrx_word' id='word_1_46' title='bbox 354 391 422 418; x_wconf 86' lang='lat' dir='ltr'><strong>Cum</strong></span> <span class='ocrx_word' id='word_1_47' title='bbox 444 400 491 420; x_wconf 80' lang='lat' dir='ltr'><strong>sex</strong></span> <span class='ocrx_word' id='word_1_48' title='bbox 517 398 608 420; x_wconf 88' lang='lat' dir='ltr'><strong>autem</strong></span> <span class='ocrx_word' id='word_1_49' title='bbox 626 403 736 423; x_wconf 80' lang='lat' dir='ltr'><strong>menses</strong></span> <span class='ocrx_word' id='word_1_50' title='bbox 750 398 960 432; x_wconf 65' lang='lat' dir='ltr'><strong>praeteriissent,</strong></span> <span class='ocrx_word' id='word_1_51' title='bbox 976 400 1024 429; x_wconf 88' lang='lat' dir='ltr'><strong>de-</strong></span> 
     </span>
    </p>
   </div>
   <div class='ocr_carea' id='block_1_10' title="bbox 226 437 1026 480">
    <p class='ocr_par' dir='ltr' id='par_1_10' title="bbox 226 437 1026 480">
     <span class='ocr_line' id='line_1_11' title="bbox 226 437 1026 480; baseline 0.014 -18"><span class='ocrx_word' id='word_1_52' title='bbox 226 437 340 471; x_wconf 87' lang='lat' dir='ltr'><strong>ponitur</strong></span> <span class='ocrx_word' id='word_1_53' title='bbox 351 438 462 472; x_wconf 82' lang='lat' dir='ltr'><strong>quidem</strong></span> <span class='ocrx_word' id='word_1_54' title='bbox 479 448 495 468; x_wconf 87' lang='lat' dir='ltr'><strong>a</strong></span> <span class='ocrx_word' id='word_1_55' title='bbox 511 441 673 475; x_wconf 77' lang='lat' dir='ltr'><strong>magistratu</strong></span> <span class='ocrx_word' id='word_1_56' title='bbox 686 441 774 477; x_wconf 89' lang='lat' dir='ltr'><strong>is,qui</strong></span> <span class='ocrx_word' id='word_1_57' title='bbox 786 449 895 471; x_wconf 87' lang='lat' dir='ltr'><strong>sanctos</strong></span> <span class='ocrx_word' id='word_1_58' title='bbox 911 453 1026 480; x_wconf 87' lang='lat' dir='ltr'><strong>accepe-</strong></span> 
     </span>
    </p>
   </div>
   <div class='ocr_carea' id='block_1_11' title="bbox 230 483 1025 519">
    <p class='ocr_par' dir='ltr' id='par_1_11' title="bbox 230 483 1025 519">
     <span class='ocr_line' id='line_1_12' title="bbox 230 483 1025 519; baseline 0.015 -12"><span class='ocrx_word' id='word_1_59' title='bbox 230 487 282 514; x_wconf 81' lang='lat' dir='ltr'><strong>rat,</strong></span> <span class='ocrx_word' id='word_1_60' title='bbox 295 487 325 509; x_wconf 92' lang='lat' dir='ltr'><strong>ut</strong></span> <span class='ocrx_word' id='word_1_61' title='bbox 335 483 476 519; x_wconf 87' lang='lat' dir='ltr'><strong>lapidibus</strong></span> <span class='ocrx_word' id='word_1_62' title='bbox 485 486 672 513; x_wconf 86' lang='lat' dir='ltr'><strong>obruerentur</strong></span> <span class='ocrx_word' id='word_1_63' title='bbox 681 495 688 514; x_wconf 88' lang='lat'><strong>:</strong></span> <span class='ocrx_word' id='word_1_64' title='bbox 698 487 768 515; x_wconf 91' lang='lat' dir='ltr'><strong>alius</strong></span> <span class='ocrx_word' id='word_1_65' title='bbox 776 494 868 516; x_wconf 88' lang='lat' dir='ltr'><strong>autem</strong></span> <span class='ocrx_word' id='word_1_66' title='bbox 884 497 917 517; x_wconf 91' lang='lat' dir='ltr'><strong>eo</strong></span> <span class='ocrx_word' id='word_1_67' title='bbox 927 491 1025 519; x_wconf 62' lang='lat' dir='ltr'><strong>savior</strong></span> 
     </span>
    </p>
   </div>
   <div class='ocr_carea' id='block_1_12' title="bbox 226 531 1025 573">
    <p class='ocr_par' dir='ltr' id='par_1_12' title="bbox 226 531 1025 573">
     <span class='ocr_line' id='line_1_13' title="bbox 226 531 1025 573; baseline 0.009 -15"><span class='ocrx_word' id='word_1_68' title='bbox 226 531 252 557; x_wconf 87' lang='lat' dir='ltr'><strong>ei</strong></span> <span class='ocrx_word' id='word_1_69' title='bbox 269 533 402 565; x_wconf 90' lang='lat' dir='ltr'><strong>succedit,</strong></span> <span class='ocrx_word' id='word_1_70' title='bbox 417 534 528 561; x_wconf 88' lang='lat' dir='ltr'><strong>nomine</strong></span> <span class='ocrx_word' id='word_1_71' title='bbox 557 535 672 567; x_wconf 86' lang='lat' dir='ltr'><strong>Zeroth,</strong></span> <span class='ocrx_word' id='word_1_72' title='bbox 690 536 736 563; x_wconf 87' lang='lat' dir='ltr'><strong>cui</strong></span> <span class='ocrx_word' id='word_1_73' title='bbox 766 537 850 564; x_wconf 89' lang='lat' dir='ltr'><strong>etiam</strong></span> <span class='ocrx_word' id='word_1_74' title='bbox 877 545 925 565; x_wconf 84' lang='lat' dir='ltr'><strong>rex</strong></span> <span class='ocrx_word' id='word_1_75' title='bbox 941 538 1025 573; x_wconf 89' lang='lat' dir='ltr'><strong>impe-</strong></span> 
     </span>
    </p>
   </div>
   <div class='ocr_carea' id='block_1_13' title="bbox 228 581 1024 616">
    <p class='ocr_par' dir='ltr' id='par_1_13' title="bbox 228 581 1024 616">
     <span class='ocr_line' id='line_1_14' title="bbox 228 581 1024 616; baseline 0.009 -11"><span class='ocrx_word' id='word_1_76' title='bbox 228 585 350 611; x_wconf 76' lang='lat' dir='ltr'><strong>raverat,</strong></span> <span class='ocrx_word' id='word_1_77' title='bbox 369 585 398 607; x_wconf 90' lang='lat' dir='ltr'><strong>ut</strong></span> <span class='ocrx_word' id='word_1_78' title='bbox 413 581 608 615; x_wconf 88' lang='lat' dir='ltr'><strong>comprehensi</strong></span> <span class='ocrx_word' id='word_1_79' title='bbox 625 582 789 616; x_wconf 71' lang='lat' dir='ltr'><strong>Christiani,</strong></span> <span class='ocrx_word' id='word_1_80' title='bbox 802 583 1024 612; x_wconf 86' lang='lat' dir='ltr'><strong>Christianorum</strong></span> 
     </span>
    </p>
   </div>
   <div class='ocr_carea' id='block_1_14' title="bbox 228 625 1022 664">
    <p class='ocr_par' dir='ltr' id='par_1_14' title="bbox 228 625 1022 664">
     <span class='ocr_line' id='line_1_15' title="bbox 228 625 1022 664; baseline 0.009 -13"><span class='ocrx_word' id='word_1_81' title='bbox 228 625 358 653; x_wconf 85' lang='lat' dir='ltr'><strong>manibus</strong></span> <span class='ocrx_word' id='word_1_82' title='bbox 373 626 477 659; x_wconf 77' lang='lat' dir='ltr'><strong>obruti,</strong></span> <span class='ocrx_word' id='word_1_83' title='bbox 504 627 744 655; x_wconf 88' lang='lat' dir='ltr'><strong>interimercntur.</strong></span> <span class='ocrx_word' id='word_1_84' title='bbox 761 628 830 657; x_wconf 86' lang='lat' dir='ltr'><strong>Cum</strong></span> <span class='ocrx_word' id='word_1_85' title='bbox 848 636 914 664; x_wconf 79' lang='lat' dir='ltr'><strong>ergo</strong></span> <span class='ocrx_word' id='word_1_86' title='bbox 929 631 1022 659; x_wconf 73' lang='lat' dir='ltr'><strong>venis&lt;</strong></span> 
     </span>
    </p>
   </div>
   <div class='ocr_carea' id='block_1_15' title="bbox 227 671 1022 711">
    <p class='ocr_par' dir='ltr' id='par_1_15' title="bbox 227 671 1022 711">
     <span class='ocr_line' id='line_1_16' title="bbox 227 671 1022 711; baseline 0.008 -13"><span class='ocrx_word' id='word_1_87' title='bbox 227 676 269 699; x_wconf 88' lang='lat' dir='ltr'><strong>set</strong></span> <span class='ocrx_word' id='word_1_88' title='bbox 284 671 318 698; x_wconf 89' lang='lat' dir='ltr'><strong>ad</strong></span> <span class='ocrx_word' id='word_1_89' title='bbox 335 672 487 706; x_wconf 81' lang='lat' dir='ltr'><strong>civitatem,</strong></span> <span class='ocrx_word' id='word_1_90' title='bbox 499 679 527 700; x_wconf 89' lang='lat' dir='ltr'><strong>et</strong></span> <span class='ocrx_word' id='word_1_91' title='bbox 542 673 613 709; x_wconf 80' lang='lat' dir='ltr'><strong>ignis</strong></span> <span class='ocrx_word' id='word_1_92' title='bbox 631 675 764 710; x_wconf 88' lang='lat' dir='ltr'><strong>templum</strong></span> <span class='ocrx_word' id='word_1_93' title='bbox 779 680 855 703; x_wconf 80' lang='lat' dir='ltr'><strong>esset</strong></span> <span class='ocrx_word' id='word_1_94' title='bbox 869 676 1022 711; x_wconf 82' lang='lat' dir='ltr'><strong>ingressus,</strong></span> 
     </span>
    </p>
   </div>
   <div class='ocr_carea' id='block_1_16' title="bbox 228 718 1023 757">
    <p class='ocr_par' dir='ltr' id='par_1_16' title="bbox 228 718 1023 757">
     <span class='ocr_line' id='line_1_17' title="bbox 228 718 1023 757; baseline 0.008 -13"><span class='ocrx_word' id='word_1_95' title='bbox 228 722 259 745; x_wconf 93' lang='lat' dir='ltr'><strong>ut</strong></span> <span class='ocrx_word' id='word_1_96' title='bbox 285 718 376 753; x_wconf 83' lang='lat' dir='ltr'><strong>ignem</strong></span> <span class='ocrx_word' id='word_1_97' title='bbox 395 719 535 752; x_wconf 82' lang='lat' dir='ltr'><strong>adoraret,</strong></span> <span class='ocrx_word' id='word_1_98' title='bbox 552 720 578 747; x_wconf 90' lang='lat' dir='ltr'><strong>ei</strong></span> <span class='ocrx_word' id='word_1_99' title='bbox 594 720 728 748; x_wconf 83' lang='lat' dir='ltr'><strong>dixerunt</strong></span> <span class='ocrx_word' id='word_1_100' title='bbox 753 721 826 757; x_wconf 83' lang='lat' dir='ltr'><strong>ignis</strong></span> <span class='ocrx_word' id='word_1_101' title='bbox 840 722 1001 750; x_wconf 82' lang='lat' dir='ltr'><strong>adoratores</strong></span> <span class='ocrx_word' id='word_1_102' title='bbox 1015 731 1023 750; x_wconf 90' lang='lat'><strong>:</strong></span> 
     </span>
    </p>
   </div>
   <div class='ocr_carea' id='block_1_17' title="bbox 229 765 1024 803">
    <p class='ocr_par' dir='ltr' id='par_1_17' title="bbox 229 765 1024 803">
     <span class='ocr_line' id='line_1_18' title="bbox 229 765 1024 803; baseline 0.006 -12"><span class='ocrx_word' id='word_1_103' title='bbox 229 765 300 792; x_wconf 80' lang='lat' dir='ltr'><strong>Sunt</strong></span> <span class='ocrx_word' id='word_1_104' title='bbox 314 765 427 800; x_wconf 92' lang='lat' dir='ltr'><strong>quidam</strong></span> <span class='ocrx_word' id='word_1_105' title='bbox 444 766 490 793; x_wconf 92' lang='lat' dir='ltr'><strong>hie</strong></span> <span class='ocrx_word' id='word_1_106' title='bbox 509 767 565 801; x_wconf 87' lang='lat' dir='ltr'><strong>jam</strong></span> <span class='ocrx_word' id='word_1_107' title='bbox 583 767 665 802; x_wconf 87' lang='lat' dir='ltr'><strong>longo</strong></span> <span class='ocrx_word' id='word_1_108' title='bbox 682 771 806 803; x_wconf 89' lang='lat' dir='ltr'><strong>tempore</strong></span> <span class='ocrx_word' id='word_1_109' title='bbox 823 768 976 796; x_wconf 85' lang='lat' dir='ltr'><strong>Christiani</strong></span> <span class='ocrx_word' id='word_1_110' title='bbox 997 769 1024 796; x_wconf 90' lang='lat' dir='ltr'><strong>in</strong></span> 
     </span>
    </p>
   </div>
   <div class='ocr_carea' id='block_1_18' title="bbox 229 811 1025 850">
    <p class='ocr_par' dir='ltr' id='par_1_18' title="bbox 229 811 1025 850">
     <span class='ocr_line' id='line_1_19' title="bbox 229 811 1025 850; baseline 0.008 -13"><span class='ocrx_word' id='word_1_111' title='bbox 229 815 288 838; x_wconf 85' lang='lat' dir='ltr'><strong>tta</strong></span> <span class='ocrx_word' id='word_1_112' title='bbox 300 811 400 839; x_wconf 86' lang='lat' dir='ltr'><strong>inclusi</strong></span> <span class='ocrx_word' id='word_1_113' title='bbox 415 813 552 848; x_wconf 81' lang='lat' dir='ltr'><strong>custodia,</strong></span> <span class='ocrx_word' id='word_1_114' title='bbox 567 813 614 848; x_wconf 87' lang='lat' dir='ltr'><strong>qui</strong></span> <span class='ocrx_word' id='word_1_115' title='bbox 630 813 718 848; x_wconf 86' lang='lat' dir='ltr'><strong>prius,</strong></span> <span class='ocrx_word' id='word_1_116' title='bbox 732 819 762 842; x_wconf 87' lang='lat' dir='ltr'><strong>ut</strong></span> <span class='ocrx_word' id='word_1_117' title='bbox 777 814 858 842; x_wconf 91' lang='lat' dir='ltr'><strong>nobis</strong></span> <span class='ocrx_word' id='word_1_118' title='bbox 875 815 925 842; x_wconf 76' lang='lat' dir='ltr'><strong>fuit</strong></span> <span class='ocrx_word' id='word_1_119' title='bbox 938 815 1025 850; x_wconf 84' lang='lat' dir='ltr'><strong>signi-</strong></span> 
     </span>
    </p>
   </div>
   <div class='ocr_carea' id='block_1_19' title="bbox 232 855 1025 894">
    <p class='ocr_par' dir='ltr' id='par_1_19' title="bbox 232 855 1025 894">
     <span class='ocr_line' id='line_1_20' title="bbox 232 855 1025 894; baseline 0.008 -13"><span class='ocrx_word' id='word_1_120' title='bbox 232 855 356 889; x_wconf 87' lang='lat' dir='ltr'><strong>ticatum,</strong></span> <span class='ocrx_word' id='word_1_121' title='bbox 375 857 547 891; x_wconf 79' lang='lat' dir='ltr'><strong>gravissimis</strong></span> <span class='ocrx_word' id='word_1_122' title='bbox 562 858 679 893; x_wconf 83' lang='lat' dir='ltr'><strong>subjecti</strong></span> <span class='ocrx_word' id='word_1_123' title='bbox 699 860 843 894; x_wconf 86' lang='lat' dir='ltr'><strong>suppliciis</strong></span> <span class='ocrx_word' id='word_1_124' title='bbox 859 867 891 887; x_wconf 89' lang='lat' dir='ltr'><strong>ac</strong></span> <span class='ocrx_word' id='word_1_125' title='bbox 906 865 1025 888; x_wconf 88' lang='lat' dir='ltr'><strong>tormen-</strong></span> 
     </span>
    </p>
   </div>
   <div class='ocr_carea' id='block_1_20' title="bbox 229 902 1024 941">
    <p class='ocr_par' dir='ltr' id='par_1_20' title="bbox 229 902 1024 941">
     <span class='ocr_line' id='line_1_21' title="bbox 229 902 1024 941; baseline 0.008 -13"><span class='ocrx_word' id='word_1_126' title='bbox 229 902 274 933; x_wconf 90' lang='lat' dir='ltr'><strong>tis,</strong></span> <span class='ocrx_word' id='word_1_127' title='bbox 299 910 354 929; x_wconf 88' lang='lat' dir='ltr'><strong>non</strong></span> <span class='ocrx_word' id='word_1_128' title='bbox 381 908 532 938; x_wconf 86' lang='lat' dir='ltr'><strong>potuerunt</strong></span> <span class='ocrx_word' id='word_1_129' title='bbox 556 905 660 936; x_wconf 87' lang='lat' dir='ltr'><strong>induci.</strong></span> <span class='ocrx_word' id='word_1_130' title='bbox 689 910 720 933; x_wconf 90' lang='lat' dir='ltr'><strong>ut</strong></span> <span class='ocrx_word' id='word_1_131' title='bbox 750 914 828 933; x_wconf 90' lang='lat' dir='ltr'><strong>suam</strong></span> <span class='ocrx_word' id='word_1_132' title='bbox 854 907 1024 941; x_wconf 80' lang='lat' dir='ltr'><strong>abnegarent</strong></span> 
     </span>
    </p>
   </div>
   <div class='ocr_carea' id='block_1_21' title="bbox 229 948 1024 986">
    <p class='ocr_par' dir='ltr' id='par_1_21' title="bbox 229 948 1024 986">
     <span class='ocr_line' id='line_1_22' title="bbox 229 948 1024 986; baseline 0.009 -12"><span class='ocrx_word' id='word_1_133' title='bbox 229 948 403 983; x_wconf 77' lang='lat' dir='ltr'><strong>religionem.</strong></span> <span class='ocrx_word' id='word_1_134' title='bbox 424 949 488 977; x_wconf 71' lang='lat' dir='ltr'><strong>Haec</strong></span> <span class='ocrx_word' id='word_1_135' title='bbox 503 958 566 978; x_wconf 94' lang='lat' dir='ltr'><strong>cum</strong></span> <span class='ocrx_word' id='word_1_136' title='bbox 592 951 651 986; x_wconf 88' lang='lat' dir='ltr'><strong>ipse</strong></span> <span class='ocrx_word' id='word_1_137' title='bbox 674 952 836 985; x_wconf 82' lang='lat' dir='ltr'><strong>audivisset,</strong></span> <span class='ocrx_word' id='word_1_138' title='bbox 860 960 910 980; x_wconf 89' lang='lat' dir='ltr'><strong>eos</strong></span> <span class='ocrx_word' id='word_1_139' title='bbox 932 953 1024 981; x_wconf 83' lang='lat' dir='ltr'><strong>statim</strong></span> 
     </span>
    </p>
   </div>
   <div class='ocr_carea' id='block_1_22' title="bbox 227 995 1025 1031">
    <p class='ocr_par' dir='ltr' id='par_1_22' title="bbox 227 995 1025 1031">
     <span class='ocr_line' id='line_1_23' title="bbox 227 995 1025 1031; baseline 0.006 -10"><span class='ocrx_word' id='word_1_140' title='bbox 227 995 307 1029; x_wconf 81' lang='lat' dir='ltr'><strong>jubet</strong></span> <span class='ocrx_word' id='word_1_141' title='bbox 335 995 395 1023; x_wconf 91' lang='lat' dir='ltr'><strong>sisti</strong></span> <span class='ocrx_word' id='word_1_142' title='bbox 412 1003 464 1031; x_wconf 91' lang='lat' dir='ltr'><strong>pro</strong></span> <span class='ocrx_word' id='word_1_143' title='bbox 483 997 625 1030; x_wconf 85' lang='lat' dir='ltr'><strong>tribunali,</strong></span> <span class='ocrx_word' id='word_1_144' title='bbox 650 1001 678 1024; x_wconf 86' lang='lat' dir='ltr'><strong>et</strong></span> <span class='ocrx_word' id='word_1_145' title='bbox 697 998 738 1025; x_wconf 89' lang='lat' dir='ltr'><strong>eis</strong></span> <span class='ocrx_word' id='word_1_146' title='bbox 765 999 855 1026; x_wconf 86' lang='lat' dir='ltr'><strong>dicit:</strong></span> <span class='ocrx_word' id='word_1_147' title='bbox 882 999 951 1026; x_wconf 86' lang='lat' dir='ltr'><strong>Cum</strong></span> <span class='ocrx_word' id='word_1_148' title='bbox 976 1007 1025 1027; x_wconf 80' lang='lat' dir='ltr'><strong>rex</strong></span> 
     </span>
    </p>
   </div>
   <div class='ocr_carea' id='block_1_23' title="bbox 230 1041 1025 1079">
    <p class='ocr_par' dir='ltr' id='par_1_23' title="bbox 230 1041 1025 1079">
     <span class='ocr_line' id='line_1_24' title="bbox 230 1041 1025 1079; baseline 0.008 -11"><span class='ocrx_word' id='word_1_149' title='bbox 230 1041 350 1076; x_wconf 84' lang='lat' dir='ltr'><strong>Sapores</strong></span> <span class='ocrx_word' id='word_1_150' title='bbox 366 1044 488 1070; x_wconf 87' lang='lat' dir='ltr'><strong>munitas</strong></span> <span class='ocrx_word' id='word_1_151' title='bbox 503 1045 616 1079; x_wconf 85' lang='lat' dir='ltr'><strong>quidem</strong></span> <span class='ocrx_word' id='word_1_152' title='bbox 632 1049 661 1072; x_wconf 89' lang='lat' dir='ltr'><strong>et</strong></span> <span class='ocrx_word' id='word_1_153' title='bbox 679 1046 784 1073; x_wconf 83' lang='lat' dir='ltr'><strong>validas</strong></span> <span class='ocrx_word' id='word_1_154' title='bbox 806 1047 940 1074; x_wconf 86' lang='lat' dir='ltr'><strong>everterit</strong></span> <span class='ocrx_word' id='word_1_155' title='bbox 957 1047 1025 1075; x_wconf 86' lang='lat' dir='ltr'><strong>civi-</strong></span> 
     </span>
    </p>
   </div>
   <div class='ocr_carea' id='block_1_24' title="bbox 231 1093 1027 1130">
    <p class='ocr_par' dir='ltr' id='par_1_24' title="bbox 231 1093 1027 1130">
     <span class='ocr_line' id='line_1_25' title="bbox 231 1093 1027 1130; baseline 0.005 -12"><span class='ocrx_word' id='word_1_156' title='bbox 231 1096 311 1124; x_wconf 84' lang='lat' dir='ltr'><strong>tates,</strong></span> <span class='ocrx_word' id='word_1_157' title='bbox 329 1097 356 1119; x_wconf 90' lang='lat' dir='ltr'><strong>et</strong></span> <span class='ocrx_word' id='word_1_158' title='bbox 372 1093 472 1120; x_wconf 86' lang='lat' dir='ltr'><strong>multas</strong></span> <span class='ocrx_word' id='word_1_159' title='bbox 488 1099 584 1128; x_wconf 83' lang='lat' dir='ltr'><strong>gentes</strong></span> <span class='ocrx_word' id='word_1_160' title='bbox 595 1098 756 1129; x_wconf 86' lang='lat' dir='ltr'><strong>oppugnatu</strong></span> <span class='ocrx_word' id='word_1_161' title='bbox 769 1094 895 1122; x_wconf 70' lang='lat' dir='ltr'><strong>difﬁciles</strong></span> <span class='ocrx_word' id='word_1_162' title='bbox 913 1095 1027 1130; x_wconf 86' lang='lat' dir='ltr'><strong>redege-</strong></span> 
     </span>
    </p>
   </div>
   <div class='ocr_carea' id='block_1_25' title="bbox 228 1139 1025 1175">
    <p class='ocr_par' dir='ltr' id='par_1_25' title="bbox 228 1139 1025 1175">
     <span class='ocr_line' id='line_1_26' title="bbox 228 1139 1025 1175; baseline 0.005 -11"><span class='ocrx_word' id='word_1_163' title='bbox 228 1139 264 1164; x_wconf 90' lang='lat' dir='ltr'><strong>rit</strong></span> <span class='ocrx_word' id='word_1_164' title='bbox 284 1139 311 1165; x_wconf 93' lang='lat' dir='ltr'><strong>in</strong></span> <span class='ocrx_word' id='word_1_165' title='bbox 327 1139 504 1172; x_wconf 83' lang='lat' dir='ltr'><strong>servitutem,</strong></span> <span class='ocrx_word' id='word_1_166' title='bbox 537 1140 678 1174; x_wconf 90' lang='lat' dir='ltr'><strong>quomodo</strong></span> <span class='ocrx_word' id='word_1_167' title='bbox 693 1148 751 1172; x_wconf 81' lang='lat' dir='ltr'><strong>vos,</strong></span> <span class='ocrx_word' id='word_1_168' title='bbox 768 1141 814 1175; x_wconf 90' lang='lat' dir='ltr'><strong>qui</strong></span> <span class='ocrx_word' id='word_1_169' title='bbox 835 1140 902 1168; x_wconf 86' lang='lat' dir='ltr'><strong>estis</strong></span> <span class='ocrx_word' id='word_1_170' title='bbox 914 1141 1025 1175; x_wconf 87' lang='lat' dir='ltr'><strong>quidem</strong></span> 
     </span>
    </p>
   </div>
   <div class='ocr_carea' id='block_1_26' title="bbox 229 1182 1028 1220">
    <p class='ocr_par' dir='ltr' id='par_1_26' title="bbox 229 1182 1028 1220">
     <span class='ocr_line' id='line_1_27' title="bbox 229 1182 1028 1220; baseline 0.005 -11"><span class='ocrx_word' id='word_1_171' title='bbox 229 1182 257 1209; x_wconf 93' lang='lat' dir='ltr'><strong>in</strong></span> <span class='ocrx_word' id='word_1_172' title='bbox 269 1183 331 1218; x_wconf 78' lang='lat' dir='ltr'><strong>ejus</strong></span> <span class='ocrx_word' id='word_1_173' title='bbox 351 1189 498 1218; x_wconf 83' lang='lat' dir='ltr'><strong>potestate,</strong></span> <span class='ocrx_word' id='word_1_174' title='bbox 513 1185 573 1220; x_wconf 87' lang='lat' dir='ltr'><strong>ejus</strong></span> <span class='ocrx_word' id='word_1_175' title='bbox 588 1190 680 1212; x_wconf 85' lang='lat' dir='ltr'><strong>autem</strong></span> <span class='ocrx_word' id='word_1_176' title='bbox 699 1189 781 1212; x_wconf 73' lang='lat' dir='ltr'><strong>terra:</strong></span> <span class='ocrx_word' id='word_1_177' title='bbox 803 1185 913 1213; x_wconf 85' lang='lat' dir='ltr'><strong>habetis</strong></span> <span class='ocrx_word' id='word_1_178' title='bbox 933 1193 1028 1214; x_wconf 87' lang='lat' dir='ltr'><strong>usum-</strong></span> 
     </span>
    </p>
   </div>
   <div class='ocr_carea' id='block_1_27' title="bbox 229 1229 1027 1267">
    <p class='ocr_par' dir='ltr' id='par_1_27' title="bbox 229 1229 1027 1267">
     <span class='ocr_line' id='line_1_28' title="bbox 229 1229 1027 1267; baseline 0.005 -13"><span class='ocrx_word' id='word_1_179' title='bbox 229 1229 361 1262; x_wconf 83' lang='lat' dir='ltr'><strong>fructum,</strong></span> <span class='ocrx_word' id='word_1_180' title='bbox 373 1231 489 1265; x_wconf 87' lang='lat' dir='ltr'><strong>perinde</strong></span> <span class='ocrx_word' id='word_1_181' title='bbox 499 1238 531 1257; x_wconf 86' lang='lat' dir='ltr'><strong>ac</strong></span> <span class='ocrx_word' id='word_1_182' title='bbox 543 1231 591 1265; x_wconf 89' lang='lat' dir='ltr'><strong>qui</strong></span> <span class='ocrx_word' id='word_1_183' title='bbox 605 1231 640 1258; x_wconf 88' lang='lat' dir='ltr'><strong>ab</strong></span> <span class='ocrx_word' id='word_1_184' title='bbox 651 1239 685 1258; x_wconf 84' lang='lat' dir='ltr'><strong>eo</strong></span> <span class='ocrx_word' id='word_1_185' title='bbox 693 1231 861 1264; x_wconf 78' lang='lat' dir='ltr'><strong>defeceritis,</strong></span> <span class='ocrx_word' id='word_1_186' title='bbox 879 1232 939 1267; x_wconf 88' lang='lat' dir='ltr'><strong>ejus</strong></span> <span class='ocrx_word' id='word_1_187' title='bbox 951 1231 1027 1266; x_wconf 86' lang='lat' dir='ltr'><strong>jussa</strong></span> 
     </span>
    </p>
   </div>
   <div class='ocr_carea' id='block_1_28' title="bbox 231 1275 1028 1311">
    <p class='ocr_par' dir='ltr' id='par_1_28' title="bbox 231 1275 1028 1311">
     <span class='ocr_line' id='line_1_29' title="bbox 231 1275 1028 1311; baseline 0 -9"><span class='ocrx_word' id='word_1_188' title='bbox 231 1279 375 1309; x_wconf 84' lang='lat' dir='ltr'><strong>tantopere</strong></span> <span class='ocrx_word' id='word_1_189' title='bbox 394 1275 560 1311; x_wconf 88' lang='lat' dir='ltr'><strong>despicitis?</strong></span> <span class='ocrx_word' id='word_1_190' title='bbox 585 1276 626 1302; x_wconf 74' lang='lat' dir='ltr'><strong>Ad</strong></span> <span class='ocrx_word' id='word_1_191' title='bbox 643 1275 701 1303; x_wconf 72' lang='lat' dir='ltr'><strong>haec</strong></span> <span class='ocrx_word' id='word_1_192' title='bbox 726 1276 828 1310; x_wconf 84' lang='lat' dir='ltr'><strong>Joseph</strong></span> <span class='ocrx_word' id='word_1_193' title='bbox 845 1276 890 1304; x_wconf 90' lang='lat' dir='ltr'><strong>ille</strong></span> <span class='ocrx_word' id='word_1_194' title='bbox 905 1276 1028 1303; x_wconf 80' lang='lat' dir='ltr'><strong>admira-</strong></span> 
     </span>
    </p>
   </div>
   <div class='ocr_carea' id='block_1_29' title="bbox 230 1321 1028 1356">
    <p class='ocr_par' dir='ltr' id='par_1_29' title="bbox 230 1321 1028 1356">
     <span class='ocr_line' id='line_1_30' title="bbox 230 1321 1028 1356; baseline 0 -8"><span class='ocrx_word' id='word_1_195' title='bbox 230 1321 296 1349; x_wconf 90' lang='lat' dir='ltr'><strong>bilis</strong></span> <span class='ocrx_word' id='word_1_196' title='bbox 307 1330 315 1348; x_wconf 87' lang='lat'><strong>:</strong></span> <span class='ocrx_word' id='word_1_197' title='bbox 326 1321 354 1348; x_wconf 88' lang='lat' dir='ltr'><strong>Si</strong></span> <span class='ocrx_word' id='word_1_198' title='bbox 365 1322 549 1356; x_wconf 80' lang='lat' dir='ltr'><strong>tyrannidem,</strong></span> <span class='ocrx_word' id='word_1_199' title='bbox 562 1322 663 1356; x_wconf 88' lang='lat' dir='ltr'><strong>inquit,</strong></span> <span class='ocrx_word' id='word_1_200' title='bbox 675 1327 703 1349; x_wconf 82' lang='lat' dir='ltr'><strong>et</strong></span> <span class='ocrx_word' id='word_1_201' title='bbox 717 1322 895 1350; x_wconf 85' lang='lat' dir='ltr'><strong>rebellionem</strong></span> <span class='ocrx_word' id='word_1_202' title='bbox 909 1322 1028 1356; x_wconf 80' lang='lat' dir='ltr'><strong>aliquam</strong></span> 
     </span>
    </p>
   </div>
   <div class='ocr_carea' id='block_1_30' title="bbox 230 1368 1031 1403">
    <p class='ocr_par' dir='ltr' id='par_1_30' title="bbox 230 1368 1031 1403">
     <span class='ocr_line' id='line_1_31' title="bbox 230 1368 1031 1403; baseline 0 -8"><span class='ocrx_word' id='word_1_203' title='bbox 230 1369 411 1395; x_wconf 76' lang='lat' dir='ltr'><strong>movissemus</strong></span> <span class='ocrx_word' id='word_1_204' title='bbox 419 1368 552 1396; x_wconf 87' lang='lat' dir='ltr'><strong>adversus</strong></span> <span class='ocrx_word' id='word_1_205' title='bbox 565 1376 656 1403; x_wconf 85' lang='lat' dir='ltr'><strong>regem</strong></span> <span class='ocrx_word' id='word_1_206' title='bbox 670 1373 805 1399; x_wconf 85' lang='lat' dir='ltr'><strong>vestrum.</strong></span> <span class='ocrx_word' id='word_1_207' title='bbox 819 1373 962 1403; x_wconf 86' lang='lat' dir='ltr'><strong>oporteret</strong></span> <span class='ocrx_word' id='word_1_208' title='bbox 971 1375 1031 1395; x_wconf 81' lang='lat' dir='ltr'><strong>om—</strong></span> 
     </span>
    </p>
   </div>
   <div class='ocr_carea' id='block_1_31' title="bbox 231 1411 1029 1446">
    <p class='ocr_par' dir='ltr' id='par_1_31' title="bbox 231 1411 1029 1446">
     <span class='ocr_line' id='line_1_32' title="bbox 231 1411 1029 1446; baseline 0 -8"><span class='ocrx_word' id='word_1_209' title='bbox 231 1412 296 1439; x_wconf 90' lang='lat' dir='ltr'><strong>nino</strong></span> <span class='ocrx_word' id='word_1_210' title='bbox 308 1411 398 1446; x_wconf 89' lang='lat' dir='ltr'><strong>ipsum</strong></span> <span class='ocrx_word' id='word_1_211' title='bbox 412 1412 496 1439; x_wconf 84' lang='lat' dir='ltr'><strong>illatis</strong></span> <span class='ocrx_word' id='word_1_212' title='bbox 508 1412 595 1439; x_wconf 89' lang='lat' dir='ltr'><strong>armis</strong></span> <span class='ocrx_word' id='word_1_213' title='bbox 606 1416 635 1439; x_wconf 91' lang='lat' dir='ltr'><strong>et</strong></span> <span class='ocrx_word' id='word_1_214' title='bbox 650 1414 746 1438; x_wconf 84' lang='lat' dir='ltr'><strong>coacto</strong></span> <span class='ocrx_word' id='word_1_215' title='bbox 756 1412 877 1438; x_wconf 77' lang='lat' dir='ltr'><strong>exercitu</strong></span> <span class='ocrx_word' id='word_1_216' title='bbox 888 1418 940 1438; x_wconf 87' lang='lat' dir='ltr'><strong>nos</strong></span> <span class='ocrx_word' id='word_1_217' title='bbox 952 1412 1029 1438; x_wconf 87' lang='lat' dir='ltr'><strong>inva-</strong></span> 
     </span>
    </p>
   </div>
   <div class='ocr_carea' id='block_1_32' title="bbox 231 1457 1028 1490">
    <p class='ocr_par' dir='ltr' id='par_1_32' title="bbox 231 1457 1028 1490">
     <span class='ocr_line' id='line_1_33' title="bbox 231 1457 1028 1490; baseline 0 -6"><span class='ocrx_word' id='word_1_218' title='bbox 231 1457 366 1490; x_wconf 86' lang='lat' dir='ltr'><strong>dere,aut</strong></span> <span class='ocrx_word' id='word_1_219' title='bbox 375 1458 459 1484; x_wconf 89' lang='lat' dir='ltr'><strong>alium</strong></span> <span class='ocrx_word' id='word_1_220' title='bbox 471 1463 546 1484; x_wconf 85' lang='lat' dir='ltr'><strong>certe</strong></span> <span class='ocrx_word' id='word_1_221' title='bbox 557 1457 690 1485; x_wconf 87' lang='lat' dir='ltr'><strong>adversus</strong></span> <span class='ocrx_word' id='word_1_222' title='bbox 700 1464 751 1484; x_wconf 85' lang='lat' dir='ltr'><strong>nos</strong></span> <span class='ocrx_word' id='word_1_223' title='bbox 763 1458 882 1490; x_wconf 84' lang='lat' dir='ltr'><strong>mittere,</strong></span> <span class='ocrx_word' id='word_1_224' title='bbox 895 1457 940 1487; x_wconf 84' lang='lat' dir='ltr'><strong>ani</strong></span> <span class='ocrx_word' id='word_1_225' title='bbox 953 1460 1028 1484; x_wconf 83' lang='lat' dir='ltr'><strong>esset</strong></span> 
     </span>
    </p>
   </div>
   <div class='ocr_carea' id='block_1_33' title="bbox 230 1502 1027 1537">
    <p class='ocr_par' dir='ltr' id='par_1_33' title="bbox 230 1502 1027 1537">
     <span class='ocr_line' id='line_1_34' title="bbox 230 1502 1027 1537; baseline -0.003 -7"><span class='ocrx_word' id='word_1_226' title='bbox 230 1508 257 1530; x_wconf 86' lang='lat' dir='ltr'><strong>et</strong></span> <span class='ocrx_word' id='word_1_227' title='bbox 278 1511 361 1530; x_wconf 91' lang='lat' dir='ltr'><strong>manu</strong></span> <span class='ocrx_word' id='word_1_228' title='bbox 377 1503 468 1536; x_wconf 75' lang='lat' dir='ltr'><strong>fortis,</strong></span> <span class='ocrx_word' id='word_1_229' title='bbox 483 1508 513 1531; x_wconf 88' lang='lat' dir='ltr'><strong>et</strong></span> <span class='ocrx_word' id='word_1_230' title='bbox 531 1511 624 1530; x_wconf 88' lang='lat' dir='ltr'><strong>rerum</strong></span> <span class='ocrx_word' id='word_1_231' title='bbox 645 1503 816 1537; x_wconf 79' lang='lat' dir='ltr'><strong>experientia</strong></span> <span class='ocrx_word' id='word_1_232' title='bbox 838 1502 981 1537; x_wconf 66' lang='lat' dir='ltr'><strong>prmditus,</strong></span> <span class='ocrx_word' id='word_1_233' title='bbox 999 1507 1027 1528; x_wconf 87' lang='lat' dir='ltr'><strong>et</strong></span> 
     </span>
    </p>
   </div>
   <div class='ocr_carea' id='block_1_34' title="bbox 231 1548 1026 1578">
    <p class='ocr_par' dir='ltr' id='par_1_34' title="bbox 231 1548 1026 1578">
     <span class='ocr_line' id='line_1_35' title="bbox 231 1548 1026 1578; baseline -0.003 -1"><span class='ocrx_word' id='word_1_234' title='bbox 231 1550 267 1577; x_wconf 85' lang='lat' dir='ltr'><strong>ad</strong></span> <span class='ocrx_word' id='word_1_235' title='bbox 291 1550 448 1578; x_wconf 84' lang='lat' dir='ltr'><strong>ducendum</strong></span> <span class='ocrx_word' id='word_1_236' title='bbox 479 1550 632 1577; x_wconf 81' lang='lat' dir='ltr'><strong>exercitum</strong></span> <span class='ocrx_word' id='word_1_237' title='bbox 671 1549 797 1576; x_wconf 90' lang='lat' dir='ltr'><strong>idoneus.</strong></span> <span class='ocrx_word' id='word_1_238' title='bbox 834 1548 885 1576; x_wconf 83' lang='lat' dir='ltr'><strong>Sed</strong></span> <span class='ocrx_word' id='word_1_239' title='bbox 921 1552 1026 1575; x_wconf 87' lang='lat' dir='ltr'><strong>tantum</strong></span> 
     </span>
    </p>
   </div>
   <div class='ocr_carea' id='block_1_35' title="bbox 232 1595 1028 1631">
    <p class='ocr_par' dir='ltr' id='par_1_35' title="bbox 232 1595 1028 1631">
     <span class='ocr_line' id='line_1_36' title="bbox 232 1595 1028 1631; baseline -0.003 -7"><span class='ocrx_word' id='word_1_240' title='bbox 232 1598 322 1630; x_wconf 83' lang='lat' dir='ltr'><strong>abest,</strong></span> <span class='ocrx_word' id='word_1_241' title='bbox 339 1602 368 1624; x_wconf 91' lang='lat' dir='ltr'><strong>ut</strong></span> <span class='ocrx_word' id='word_1_242' title='bbox 393 1605 444 1624; x_wconf 87' lang='lat' dir='ltr'><strong>nos</strong></span> <span class='ocrx_word' id='word_1_243' title='bbox 461 1597 525 1624; x_wconf 83' lang='lat' dir='ltr'><strong>talia</strong></span> <span class='ocrx_word' id='word_1_244' title='bbox 538 1596 744 1631; x_wconf 75' lang='lat' dir='ltr'><strong>aggrediamur,</strong></span> <span class='ocrx_word' id='word_1_245' title='bbox 758 1601 789 1623; x_wconf 84' lang='lat' dir='ltr'><strong>ut</strong></span> <span class='ocrx_word' id='word_1_246' title='bbox 802 1603 856 1622; x_wconf 90' lang='lat' dir='ltr'><strong>non</strong></span> <span class='ocrx_word' id='word_1_247' title='bbox 868 1595 964 1627; x_wconf 84' lang='lat' dir='ltr'><strong>alium,</strong></span> <span class='ocrx_word' id='word_1_248' title='bbox 981 1595 1028 1623; x_wconf 85' lang='lat' dir='ltr'><strong>sed</strong></span> 
     </span>
    </p>
   </div>
   <div class='ocr_carea' id='block_1_36' title="bbox 233 1639 1027 1678">
    <p class='ocr_par' dir='ltr' id='par_1_36' title="bbox 233 1639 1027 1678">
     <span class='ocr_line' id='line_1_37' title="bbox 233 1639 1027 1678; baseline -0.003 -7"><span class='ocrx_word' id='word_1_249' title='bbox 233 1639 260 1670; x_wconf 73' lang='grc' dir='ltr'>ιο</span> <span class='ocrx_word' id='word_1_250' title='bbox 286 1644 420 1671; x_wconf 86' lang='lat' dir='ltr'><strong>adversus</strong></span> <span class='ocrx_word' id='word_1_251' title='bbox 439 1652 490 1671; x_wconf 87' lang='lat' dir='ltr'><strong>nos</strong></span> <span class='ocrx_word' id='word_1_252' title='bbox 502 1643 638 1675; x_wconf 88' lang='lat' dir='ltr'><strong>emiserit,</strong></span> <span class='ocrx_word' id='word_1_253' title='bbox 657 1644 704 1678; x_wconf 91' lang='lat' dir='ltr'><strong>qui</strong></span> <span class='ocrx_word' id='word_1_254' title='bbox 722 1651 784 1670; x_wconf 91' lang='lat' dir='ltr'><strong>cum</strong></span> <span class='ocrx_word' id='word_1_255' title='bbox 801 1643 911 1670; x_wconf 73' lang='lat' dir='ltr'><strong>[culinis</strong></span> <span class='ocrx_word' id='word_1_256' title='bbox 925 1643 1027 1677; x_wconf 81' lang='lat' dir='ltr'><strong>pctius,</strong></span> 
     </span>
    </p>
   </div>
   <div class='ocr_carea' id='block_1_37' title="bbox 234 1689 1028 1724">
    <p class='ocr_par' dir='ltr' id='par_1_37' title="bbox 234 1689 1028 1724">
     <span class='ocr_line' id='line_1_38' title="bbox 234 1689 1028 1724; baseline 0 -8"><span class='ocrx_word' id='word_1_257' title='bbox 234 1698 294 1723; x_wconf 60' lang='lat' dir='ltr'><strong>quae</strong></span> <span class='ocrx_word' id='word_1_258' title='bbox 317 1691 420 1724; x_wconf 87' lang='lat' dir='ltr'><strong>degunt</strong></span> <span class='ocrx_word' id='word_1_259' title='bbox 435 1690 462 1717; x_wconf 92' lang='lat' dir='ltr'><strong>in</strong></span> <span class='ocrx_word' id='word_1_260' title='bbox 490 1690 629 1722; x_wconf 83' lang='lat' dir='ltr'><strong>thalamis,</strong></span> <span class='ocrx_word' id='word_1_261' title='bbox 643 1697 726 1724; x_wconf 84' lang='lat' dir='ltr'><strong>quam</strong></span> <span class='ocrx_word' id='word_1_262' title='bbox 744 1697 806 1717; x_wconf 88' lang='lat' dir='ltr'><strong>eum</strong></span> <span class='ocrx_word' id='word_1_263' title='bbox 821 1689 889 1716; x_wconf 71' lang='lat' dir='ltr'><strong>viris</strong></span> <span class='ocrx_word' id='word_1_264' title='bbox 906 1696 1028 1724; x_wconf 74' lang='lat' dir='ltr'><strong>pugnare</strong></span> 
     </span>
    </p>
   </div>
   <div class='ocr_carea' id='block_1_38' title="bbox 235 1735 1028 1770">
    <p class='ocr_par' dir='ltr' id='par_1_38' title="bbox 235 1735 1028 1770">
     <span class='ocr_line' id='line_1_39' title="bbox 235 1735 1028 1770; baseline 0 -8"><span class='ocrx_word' id='word_1_265' title='bbox 235 1735 386 1762; x_wconf 81' lang='lat' dir='ltr'><strong>studueris.</strong></span> <span class='ocrx_word' id='word_1_266' title='bbox 404 1735 460 1762; x_wconf 84' lang='lat' dir='ltr'><strong>Nos</strong></span> <span class='ocrx_word' id='word_1_267' title='bbox 474 1735 549 1762; x_wconf 65' lang='lat' dir='ltr'><strong>enim</strong></span> <span class='ocrx_word' id='word_1_268' title='bbox 568 1736 694 1770; x_wconf 86' lang='lat' dir='ltr'><strong>nosipsos</strong></span> <span class='ocrx_word' id='word_1_269' title='bbox 709 1739 838 1769; x_wconf 87' lang='lat' dir='ltr'><strong>tanquam</strong></span> <span class='ocrx_word' id='word_1_270' title='bbox 865 1743 929 1762; x_wconf 85' lang='lat' dir='ltr'><strong>oves</strong></span> <span class='ocrx_word' id='word_1_271' title='bbox 945 1735 1028 1762; x_wconf 84' lang='lat' dir='ltr'><strong>tradi-</strong></span> 
     </span>
    </p>
   </div>
   <div class='ocr_carea' id='block_1_39' title="bbox 236 1776 1028 1816">
    <p class='ocr_par' dir='ltr' id='par_1_39' title="bbox 236 1776 1028 1816">
     <span class='ocr_line' id='line_1_40' title="bbox 236 1776 1028 1816; baseline 0.001 -8"><span class='ocrx_word' id='word_1_272' title='bbox 236 1781 328 1808; x_wconf 78' lang='lat' dir='ltr'><strong>dimus</strong></span> <span class='ocrx_word' id='word_1_273' title='bbox 340 1781 374 1808; x_wconf 82' lang='lat' dir='ltr'><strong>ad</strong></span> <span class='ocrx_word' id='word_1_274' title='bbox 388 1781 569 1813; x_wconf 76' lang='lat' dir='ltr'><strong>occisionem,</strong></span> <span class='ocrx_word' id='word_1_275' title='bbox 585 1785 616 1808; x_wconf 93' lang='lat' dir='ltr'><strong>ut</strong></span> <span class='ocrx_word' id='word_1_276' title='bbox 627 1776 674 1816; x_wconf 83' lang='lat' dir='ltr'><strong>qui</strong></span> <span class='ocrx_word' id='word_1_277' title='bbox 688 1781 870 1809; x_wconf 88' lang='lat' dir='ltr'><strong>didicerimus</strong></span> <span class='ocrx_word' id='word_1_278' title='bbox 885 1789 948 1810; x_wconf 88' lang='lat' dir='ltr'><strong>esse</strong></span> <span class='ocrx_word' id='word_1_279' title='bbox 963 1782 1028 1809; x_wconf 82' lang='lat' dir='ltr'><strong>sub-</strong></span> 
     </span>
    </p>
   </div>
   <div class='ocr_carea' id='block_1_40' title="bbox 233 1826 659 1862">
    <p class='ocr_par' dir='ltr' id='par_1_40' title="bbox 233 1826 659 1862">
     <span class='ocr_line' id='line_1_41' title="bbox 233 1826 659 1862; baseline 0 -8"><span class='ocrx_word' id='word_1_280' title='bbox 233 1827 299 1862; x_wconf 79' lang='lat' dir='ltr'><strong>jecu</strong></span> <span class='ocrx_word' id='word_1_281' title='bbox 317 1826 448 1854; x_wconf 84' lang='lat' dir='ltr'><strong>omnibus</strong></span> <span class='ocrx_word' id='word_1_282' title='bbox 463 1826 659 1860; x_wconf 81' lang='lat' dir='ltr'><strong>potestatibus.</strong></span> 
     </span>
    </p>
   </div>
   <div class='ocr_carea' id='block_1_41' title="bbox 270 1873 1028 1909">
    <p class='ocr_par' dir='ltr' id='par_1_41' title="bbox 270 1873 1028 1909">
     <span class='ocr_line' id='line_1_42' title="bbox 270 1873 1028 1909; baseline 0.001 -9"><span class='ocrx_word' id='word_1_283' title='bbox 270 1873 354 1901; x_wconf 79' lang='lat' dir='ltr'><strong>XXII.</strong></span> <span class='ocrx_word' id='word_1_284' title='bbox 364 1873 438 1901; x_wconf 78' lang='lat' dir='ltr'><strong>Dixit</strong></span> <span class='ocrx_word' id='word_1_285' title='bbox 458 1882 578 1909; x_wconf 67' lang='lat' dir='ltr'><strong>prases:</strong></span> <span class='ocrx_word' id='word_1_286' title='bbox 597 1873 638 1901; x_wconf 80' lang='lat' dir='ltr'><strong>Me</strong></span> <span class='ocrx_word' id='word_1_287' title='bbox 650 1873 685 1901; x_wconf 89' lang='lat' dir='ltr'><strong>ad</strong></span> <span class='ocrx_word' id='word_1_288' title='bbox 699 1874 779 1908; x_wconf 69' lang='lat' dir='ltr'><strong>iram,</strong></span> <span class='ocrx_word' id='word_1_289' title='bbox 789 1878 820 1902; x_wconf 94' lang='lat' dir='ltr'><strong>ut</strong></span> <span class='ocrx_word' id='word_1_290' title='bbox 830 1873 951 1907; x_wconf 82' lang='lat' dir='ltr'><strong>videtur,</strong></span> <span class='ocrx_word' id='word_1_291' title='bbox 963 1882 1028 1909; x_wconf 85' lang='lat' dir='ltr'><strong>pro-</strong></span> 
     </span>
    </p>
   </div>
   <div class='ocr_carea' id='block_1_42' title="bbox 229 1920 1030 1953">
    <p class='ocr_par' dir='ltr' id='par_1_42' title="bbox 229 1920 1030 1953">
     <span class='ocr_line' id='line_1_43' title="bbox 229 1920 1030 1953; baseline 0.001 -6"><span class='ocrx_word' id='word_1_292' title='bbox 229 1927 348 1953; x_wconf 69' lang='lat' dir='ltr'><strong>}vocans,</strong></span> <span class='ocrx_word' id='word_1_293' title='bbox 361 1921 484 1948; x_wconf 85' lang='lat' dir='ltr'><strong>utvitam</strong></span> <span class='ocrx_word' id='word_1_294' title='bbox 495 1920 544 1947; x_wconf 91' lang='lat' dir='ltr'><strong>tibi</strong></span> <span class='ocrx_word' id='word_1_295' title='bbox 558 1920 640 1948; x_wconf 91' lang='lat' dir='ltr'><strong>citius</strong></span> <span class='ocrx_word' id='word_1_296' title='bbox 652 1920 781 1953; x_wconf 89' lang='lat' dir='ltr'><strong>adimam,</strong></span> <span class='ocrx_word' id='word_1_297' title='bbox 791 1927 840 1947; x_wconf 87' lang='lat' dir='ltr'><strong>nos</strong></span> <span class='ocrx_word' id='word_1_298' title='bbox 854 1920 897 1947; x_wconf 90' lang='lat' dir='ltr'><strong>his</strong></span> <span class='ocrx_word' id='word_1_299' title='bbox 912 1921 1030 1948; x_wconf 84' lang='lat' dir='ltr'><strong>insecta-</strong></span> 
     </span>
    </p>
   </div>
   <div class='ocr_carea' id='block_1_43' title="bbox 228 1946 1029 2001">
    <p class='ocr_par' dir='ltr' id='par_1_43' title="bbox 228 1946 1029 2001">
     <span class='ocr_line' id='line_1_44' title="bbox 228 1946 1029 2001; baseline 0.001 -8"><span class='ocrx_word' id='word_1_300' title='bbox 228 1946 273 2000; x_wconf 49' lang='lat' dir='ltr'><strong>!ris</strong></span> <span class='ocrx_word' id='word_1_301' title='bbox 292 1946 481 1994; x_wconf 63' lang='lat' dir='ltr'><strong>contumeliis.</strong></span> <span class='ocrx_word' id='word_1_302' title='bbox 499 1965 552 1993; x_wconf 89' lang='lat' dir='ltr'><strong>Sed</strong></span> <span class='ocrx_word' id='word_1_303' title='bbox 575 1974 630 1993; x_wconf 91' lang='lat' dir='ltr'><strong>non</strong></span> <span class='ocrx_word' id='word_1_304' title='bbox 646 1946 804 2001; x_wconf 69' lang='lat' dir='ltr'><strong>assequeris</strong></span> <span class='ocrx_word' id='word_1_305' title='bbox 821 1966 858 1999; x_wconf 87' lang='lat' dir='ltr'><strong>id,</strong></span> <span class='ocrx_word' id='word_1_306' title='bbox 868 1966 942 2000; x_wconf 84' lang='lat' dir='ltr'><strong>quod</strong></span> <span class='ocrx_word' id='word_1_307' title='bbox 953 1966 1029 1994; x_wconf 82' lang='lat' dir='ltr'><strong>desi-</strong></span> 
     </span>
    </p>
   </div>
   <div class='ocr_carea' id='block_1_44' title="bbox 229 2003 1028 2051">
    <p class='ocr_par' dir='ltr' id='par_1_44' title="bbox 229 2003 1028 2051">
     <span class='ocr_line' id='line_1_45' title="bbox 229 2003 1028 2051; baseline -0.004 -9"><span class='ocrx_word' id='word_1_308' title='bbox 229 2003 328 2051; x_wconf 60' lang='grc' dir='ltr'><strong>ξέοι-αθ.</strong></span> <span class='ocrx_word' id='word_1_309' title='bbox 345 2013 441 2048; x_wconf 82' lang='lat' dir='ltr'><strong>Longo</strong></span> <span class='ocrx_word' id='word_1_310' title='bbox 458 2013 533 2040; x_wconf 86' lang='lat' dir='ltr'><strong>enim</strong></span> <span class='ocrx_word' id='word_1_311' title='bbox 550 2016 674 2047; x_wconf 86' lang='lat' dir='ltr'><strong>tempore</strong></span> <span class='ocrx_word' id='word_1_312' title='bbox 690 2017 718 2040; x_wconf 88' lang='lat' dir='ltr'><strong>et</strong></span> <span class='ocrx_word' id='word_1_313' title='bbox 730 2020 807 2040; x_wconf 87' lang='lat' dir='ltr'><strong>mora</strong></span> <span class='ocrx_word' id='word_1_314' title='bbox 822 2018 847 2040; x_wconf 83' lang='lat' dir='ltr'><strong>te</strong></span> <span class='ocrx_word' id='word_1_315' title='bbox 857 2013 1028 2047; x_wconf 83' lang='lat' dir='ltr'><strong>protraham,</strong></span> 
     </span>
    </p>
   </div>
   <div class='ocr_carea' id='block_1_45' title="bbox 230 2058 1029 2094">
    <p class='ocr_par' dir='ltr' id='par_1_45' title="bbox 230 2058 1029 2094">
     <span class='ocr_line' id='line_1_46' title="bbox 230 2058 1029 2094; baseline -0.005 -5"><span class='ocrx_word' id='word_1_316' title='bbox 230 2066 262 2093; x_wconf 82' lang='lat' dir='ltr'><strong>et</strong></span> <span class='ocrx_word' id='word_1_317' title='bbox 280 2060 375 2088; x_wconf 86' lang='lat' dir='ltr'><strong>multis</strong></span> <span class='ocrx_word' id='word_1_318' title='bbox 391 2059 540 2087; x_wconf 83' lang='lat' dir='ltr'><strong>tormentis</strong></span> <span class='ocrx_word' id='word_1_319' title='bbox 559 2063 585 2086; x_wconf 86' lang='lat' dir='ltr'><strong>te</strong></span> <span class='ocrx_word' id='word_1_320' title='bbox 600 2059 733 2094; x_wconf 83' lang='lat' dir='ltr'><strong>paulatim</strong></span> <span class='ocrx_word' id='word_1_321' title='bbox 750 2065 922 2086; x_wconf 85' lang='lat' dir='ltr'><strong>consumam.</strong></span> <span class='ocrx_word' id='word_1_322' title='bbox 945 2058 1029 2086; x_wconf 85' lang='lat' dir='ltr'><strong>Jubet</strong></span> 
     </span>
    </p>
   </div>
   <div class='ocr_carea' id='block_1_46' title="bbox 229 2101 1029 2152">
    <p class='ocr_par' dir='ltr' id='par_1_46' title="bbox 229 2101 1029 2152">
     <span class='ocr_line' id='line_1_47' title="bbox 229 2101 1029 2152; baseline -0.003 -18"><span class='ocrx_word' id='word_1_323' title='bbox 229 2101 301 2152; x_wconf 61' lang='lat' dir='ltr'><strong>:ergo</strong></span> <span class='ocrx_word' id='word_1_324' title='bbox 311 2115 375 2134; x_wconf 89' lang='lat' dir='ltr'><strong>eum</strong></span> <span class='ocrx_word' id='word_1_325' title='bbox 390 2106 505 2134; x_wconf 81' lang='lat' dir='ltr'><strong>tunibus</strong></span> <span class='ocrx_word' id='word_1_326' title='bbox 523 2105 646 2133; x_wconf 86' lang='lat' dir='ltr'><strong>vinctum</strong></span> <span class='ocrx_word' id='word_1_327' title='bbox 661 2113 677 2132; x_wconf 91' lang='lat' dir='ltr'><strong>a</strong></span> <span class='ocrx_word' id='word_1_328' title='bbox 691 2105 806 2133; x_wconf 88' lang='lat' dir='ltr'><strong>summis</strong></span> <span class='ocrx_word' id='word_1_329' title='bbox 821 2105 951 2139; x_wconf 88' lang='lat' dir='ltr'><strong>pedibus,</strong></span> <span class='ocrx_word' id='word_1_330' title='bbox 967 2112 1029 2132; x_wconf 83' lang='lat' dir='ltr'><strong>sus-</strong></span> 
     </span>
    </p>
   </div>
   <div class='ocr_carea' id='block_1_47' title="bbox 1041 851 1062 879">
    <p class='ocr_par' dir='ltr' id='par_1_47' title="bbox 1041 851 1062 879">
     <span class='ocr_line' id='line_1_48' title="bbox 1041 851 1062 879; baseline 0 0"><span class='ocrx_word' id='word_1_331' title='bbox 1041 851 1062 879; x_wconf 87' lang='grc' dir='ltr'><strong><em>Β</em></strong></span> 
     </span>
    </p>
   </div>
   <div class='ocr_carea' id='block_1_48' title="bbox 1039 1481 1062 1513">
    <p class='ocr_par' dir='ltr' id='par_1_48' title="bbox 1039 1481 1062 1513">
     <span class='ocr_line' id='line_1_49' title="bbox 1039 1481 1062 1513; baseline 0 0"><span class='ocrx_word' id='word_1_332' title='bbox 1039 1481 1062 1513; x_wconf 90' lang='lat' dir='ltr'><strong>C</strong></span> 
     </span>
    </p>
   </div>
   <div class='ocr_carea' id='block_1_49' title="bbox 1078 267 1862 314">
    <p class='ocr_par' dir='ltr' id='par_1_49' title="bbox 1078 267 1862 314">
     <span class='ocr_line' id='line_1_50' title="bbox 1078 267 1862 314; baseline 0.017 -21"><span class='ocrx_word' id='word_1_333' title='bbox 1078 267 1201 303; x_wconf 78' lang='grc' dir='ltr'>οὐρανῶν</span> <span class='ocrx_word' id='word_1_334' title='bbox 1218 270 1406 300; x_wconf 75' lang='grc' dir='ltr'>καθίστανται.</span> <span class='ocrx_word' id='word_1_335' title='bbox 1422 274 1490 309; x_wconf 86' lang='grc' dir='ltr'>Ἤδη</span> <span class='ocrx_word' id='word_1_336' title='bbox 1505 276 1533 302; x_wconf 79' lang='grc' dir='ltr'>δὲ</span> <span class='ocrx_word' id='word_1_337' title='bbox 1545 275 1595 311; x_wconf 79' lang='grc' dir='ltr'>τῆς</span> <span class='ocrx_word' id='word_1_338' title='bbox 1608 277 1716 312; x_wconf 77' lang='grc' dir='ltr'>ἡμέρας</span> <span class='ocrx_word' id='word_1_339' title='bbox 1735 279 1862 314; x_wconf 84' lang='grc' dir='ltr'>ὐπαυγα-</span> 
     </span>
    </p>
   </div>
   <div class='ocr_carea' id='block_1_50' title="bbox 1077 314 1862 357">
    <p class='ocr_par' dir='ltr' id='par_1_50' title="bbox 1077 314 1862 357">
     <span class='ocr_line' id='line_1_51' title="bbox 1077 314 1862 357; baseline 0.017 -18"><span class='ocrx_word' id='word_1_340' title='bbox 1077 314 1177 350; x_wconf 78' lang='grc' dir='ltr'>ζούσης</span> <span class='ocrx_word' id='word_1_341' title='bbox 1191 317 1223 351; x_wconf 72' lang='grc' dir='ltr'>τῇ</span> <span class='ocrx_word' id='word_1_342' title='bbox 1241 317 1338 354; x_wconf 79' lang='grc' dir='ltr'>εἱρκτῇ</span> <span class='ocrx_word' id='word_1_343' title='bbox 1356 319 1437 347; x_wconf 79' lang='grc' dir='ltr'>πάλιν</span> <span class='ocrx_word' id='word_1_344' title='bbox 1457 321 1526 348; x_wconf 80' lang='grc' dir='ltr'><strong>κατά</strong></span> <span class='ocrx_word' id='word_1_345' title='bbox 1540 322 1570 348; x_wconf 81' lang='grc' dir='ltr'><strong>τὺ</strong></span> <span class='ocrx_word' id='word_1_346' title='bbox 1591 322 1701 357; x_wconf 76' lang='grc' dir='ltr'><strong>λεληθὸς</strong></span> <span class='ocrx_word' id='word_1_347' title='bbox 1723 325 1862 352; x_wconf 85' lang='grc' dir='ltr'>ἀποδίδον-</span> 
     </span>
    </p>
   </div>
   <div class='ocr_carea' id='block_1_51' title="bbox 1076 368 1132 388">
    <p class='ocr_par' dir='ltr' id='par_1_51' title="bbox 1076 368 1132 388">
     <span class='ocr_line' id='line_1_52' title="bbox 1076 368 1132 388; baseline 0.036 -2"><span class='ocrx_word' id='word_1_348' title='bbox 1076 368 1132 388; x_wconf 80' lang='grc' dir='ltr'>ται.</span> 
     </span>
    </p>
   </div>
   <div class='ocr_carea' id='block_1_52' title="bbox 1113 407 1862 452">
    <p class='ocr_par' dir='ltr' id='par_1_52' title="bbox 1113 407 1862 452">
     <span class='ocr_line' id='line_1_53' title="bbox 1113 407 1862 452; baseline 0.012 -18"><span class='ocrx_word' id='word_1_349' title='bbox 1113 407 1178 435; x_wconf 78' lang='lat' dir='ltr'><strong>KA’.</strong></span> <span class='ocrx_word' id='word_1_350' title='bbox 1196 408 1244 442; x_wconf 81' lang='grc' dir='ltr'><strong>Ἐξ</strong></span> <span class='ocrx_word' id='word_1_351' title='bbox 1266 409 1294 436; x_wconf 83' lang='grc' dir='ltr'>δὲ</span> <span class='ocrx_word' id='word_1_352' title='bbox 1309 410 1506 446; x_wconf 78' lang='grc' dir='ltr'><strong>διεληλυθότων</strong></span> <span class='ocrx_word' id='word_1_353' title='bbox 1522 415 1615 448; x_wconf 84' lang='grc' dir='ltr'>μηνῶν</span> <span class='ocrx_word' id='word_1_354' title='bbox 1626 415 1795 451; x_wconf 78' lang='grc' dir='ltr'>πσραλύεται</span> <span class='ocrx_word' id='word_1_355' title='bbox 1812 418 1862 452; x_wconf 80' lang='grc' dir='ltr'>μὲν</span> 
     </span>
    </p>
   </div>
   <div class='ocr_carea' id='block_1_53' title="bbox 1075 452 1860 496">
    <p class='ocr_par' dir='ltr' id='par_1_53' title="bbox 1075 452 1860 496">
     <span class='ocr_line' id='line_1_54' title="bbox 1075 452 1860 496; baseline 0.013 -18"><span class='ocrx_word' id='word_1_356' title='bbox 1075 452 1126 487; x_wconf 83' lang='grc' dir='ltr'>τῆς</span> <span class='ocrx_word' id='word_1_357' title='bbox 1150 453 1239 488; x_wconf 84' lang='grc' dir='ltr'>ἀρχῆς</span> <span class='ocrx_word' id='word_1_358' title='bbox 1265 454 1280 481; x_wconf 80' lang='grc' dir='ltr'><strong>ό</strong></span> <span class='ocrx_word' id='word_1_359' title='bbox 1297 456 1361 487; x_wconf 79' lang='grc' dir='ltr'>τοὺς</span> <span class='ocrx_word' id='word_1_360' title='bbox 1385 457 1479 490; x_wconf 78' lang='grc' dir='ltr'><strong>ἁγίους</strong></span> <span class='ocrx_word' id='word_1_361' title='bbox 1500 459 1546 485; x_wconf 80' lang='grc' dir='ltr'><strong>ἐπὶ</strong></span> <span class='ocrx_word' id='word_1_362' title='bbox 1574 459 1612 493; x_wconf 86' lang='grc' dir='ltr'>τῷ</span> <span class='ocrx_word' id='word_1_363' title='bbox 1638 461 1860 496; x_wconf 70' lang='grc' dir='ltr'><strong>καταλευσθῆναι</strong></span> 
     </span>
    </p>
   </div>
   <div class='ocr_carea' id='block_1_54' title="bbox 1075 499 1859 541">
    <p class='ocr_par' dir='ltr' id='par_1_54' title="bbox 1075 499 1859 541">
     <span class='ocr_line' id='line_1_55' title="bbox 1075 499 1859 541; baseline 0.011 -17"><span class='ocrx_word' id='word_1_364' title='bbox 1075 499 1354 536; x_wconf 75' lang='grc' dir='ltr'>παραλαϐὼν,ἒτερος</span> <span class='ocrx_word' id='word_1_365' title='bbox 1372 502 1400 528; x_wconf 74' lang='grc' dir='ltr'>δὲ</span> <span class='ocrx_word' id='word_1_366' title='bbox 1415 503 1508 530; x_wconf 80' lang='grc' dir='ltr'>τοῦτον</span> <span class='ocrx_word' id='word_1_367' title='bbox 1521 504 1673 540; x_wconf 78' lang='grc' dir='ltr'>δεινότερος</span> <span class='ocrx_word' id='word_1_368' title='bbox 1693 506 1859 541; x_wconf 72' lang='grc' dir='ltr'>διαδέχεται,</span> 
     </span>
    </p>
   </div>
   <div class='ocr_carea' id='block_1_55' title="bbox 1073 544 1860 589">
    <p class='ocr_par' dir='ltr' id='par_1_55' title="bbox 1073 544 1860 589">
     <span class='ocr_line' id='line_1_56' title="bbox 1073 544 1860 589; baseline 0.011 -18"><span class='ocrx_word' id='word_1_369' title='bbox 1073 544 1194 589; x_wconf 67' lang='grc' dir='ltr'>τοῦνομα</span> <span class='ocrx_word' id='word_1_370' title='bbox 1209 546 1353 581; x_wconf 81' lang='grc' dir='ltr'>Ναζερὼθ,</span> <span class='ocrx_word' id='word_1_371' title='bbox 1367 544 1389 581; x_wconf 83' lang='grc' dir='ltr'><strong>ᾧ</strong></span> <span class='ocrx_word' id='word_1_372' title='bbox 1402 550 1450 575; x_wconf 71' lang='grc' dir='ltr'><strong>καὶ</strong></span> <span class='ocrx_word' id='word_1_373' title='bbox 1473 550 1639 586; x_wconf 79' lang='grc' dir='ltr'><strong>πρόσταγμα</strong></span> <span class='ocrx_word' id='word_1_374' title='bbox 1667 551 1808 586; x_wconf 82' lang='grc' dir='ltr'>βασιλικὸν</span> <span class='ocrx_word' id='word_1_375' title='bbox 1825 551 1860 589; x_wconf 75' lang='grc' dir='ltr'>ἦν</span> 
     </span>
    </p>
   </div>
   <div class='ocr_carea' id='block_1_56' title="bbox 1073 588 1862 632">
    <p class='ocr_par' dir='ltr' id='par_1_56' title="bbox 1073 588 1862 632">
     <span class='ocr_line' id='line_1_57' title="bbox 1073 588 1862 632; baseline 0.009 -15"><span class='ocrx_word' id='word_1_376' title='bbox 1073 588 1145 617; x_wconf 82' lang='grc' dir='ltr'>ὥστε</span> <span class='ocrx_word' id='word_1_377' title='bbox 1156 590 1219 622; x_wconf 76' lang='grc' dir='ltr'>τοὺς</span> <span class='ocrx_word' id='word_1_378' title='bbox 1233 591 1437 627; x_wconf 78' lang='grc' dir='ltr'>συλληφθέντας</span> <span class='ocrx_word' id='word_1_379' title='bbox 1450 594 1629 629; x_wconf 79' lang='grc' dir='ltr'>Χριστιανοὺς</span> <span class='ocrx_word' id='word_1_380' title='bbox 1642 597 1721 632; x_wconf 74' lang='grc' dir='ltr'><strong>χερσῖ¹</strong></span> <span class='ocrx_word' id='word_1_381' title='bbox 1732 598 1862 632; x_wconf 83' lang='grc' dir='ltr'>Χριστια-</span> 
     </span>
    </p>
   </div>
   <div class='ocr_carea' id='block_1_57' title="bbox 1073 635 1860 676">
    <p class='ocr_par' dir='ltr' id='par_1_57' title="bbox 1073 635 1860 676">
     <span class='ocr_line' id='line_1_58' title="bbox 1073 635 1860 676; baseline 0.013 -15"><span class='ocrx_word' id='word_1_382' title='bbox 1073 635 1126 662; x_wconf 93' lang='grc' dir='ltr'><strong>νῶν</strong></span> <span class='ocrx_word' id='word_1_383' title='bbox 1160 636 1246 668; x_wconf 82' lang='grc' dir='ltr'>λίθοις</span> <span class='ocrx_word' id='word_1_384' title='bbox 1273 637 1457 672; x_wconf 73' lang='grc' dir='ltr'>βαλλομένους</span> <span class='ocrx_word' id='word_1_385' title='bbox 1489 641 1672 676; x_wconf 73' lang='grc' dir='ltr'>ἀναιρεῖσθαι.</span> <span class='ocrx_word' id='word_1_386' title='bbox 1704 643 1860 671; x_wconf 84' lang='grc' dir='ltr'>Ἐπιστάντι</span> 
     </span>
    </p>
   </div>
   <div class='ocr_carea' id='block_1_58' title="bbox 1074 681 1860 721">
    <p class='ocr_par' dir='ltr' id='par_1_58' title="bbox 1074 681 1860 721">
     <span class='ocr_line' id='line_1_59' title="bbox 1074 681 1860 721; baseline 0.011 -14"><span class='ocrx_word' id='word_1_387' title='bbox 1074 681 1141 715; x_wconf 85' lang='grc' dir='ltr'>γοῦν</span> <span class='ocrx_word' id='word_1_388' title='bbox 1157 683 1190 717; x_wconf 82' lang='grc' dir='ltr'>τῇ</span> <span class='ocrx_word' id='word_1_389' title='bbox 1212 683 1287 710; x_wconf 80' lang='grc' dir='ltr'>πόλει</span> <span class='ocrx_word' id='word_1_390' title='bbox 1309 685 1354 710; x_wconf 80' lang='grc' dir='ltr'>καὶ</span> <span class='ocrx_word' id='word_1_391' title='bbox 1373 685 1419 711; x_wconf 76' lang='grc' dir='ltr'>τὸν</span> <span class='ocrx_word' id='word_1_392' title='bbox 1443 684 1491 712; x_wconf 82' lang='grc' dir='ltr'><strong>τοῦ</strong></span> <span class='ocrx_word' id='word_1_393' title='bbox 1510 686 1597 721; x_wconf 79' lang='grc' dir='ltr'>πυρὸς</span> <span class='ocrx_word' id='word_1_394' title='bbox 1621 687 1685 714; x_wconf 82' lang='grc' dir='ltr'>ναὸν</span> <span class='ocrx_word' id='word_1_395' title='bbox 1712 689 1860 716; x_wconf 66' lang='grc' dir='ltr'>εἰσελθόντι</span> 
     </span>
    </p>
   </div>
   <div class='ocr_carea' id='block_1_59' title="bbox 1073 725 1859 767">
    <p class='ocr_par' dir='ltr' id='par_1_59' title="bbox 1073 725 1859 767">
     <span class='ocr_line' id='line_1_60' title="bbox 1073 725 1859 767; baseline 0.011 -15"><span class='ocrx_word' id='word_1_396' title='bbox 1073 725 1117 753; x_wconf 81' lang='grc' dir='ltr'>διὰ</span> <span class='ocrx_word' id='word_1_397' title='bbox 1128 728 1314 763; x_wconf 82' lang='grc' dir='ltr'>προσκύνησιν</span> <span class='ocrx_word' id='word_1_398' title='bbox 1329 729 1353 755; x_wconf 82' lang='grc' dir='ltr'><strong>οί</strong></span> <span class='ocrx_word' id='word_1_399' title='bbox 1369 730 1415 756; x_wconf 83' lang='grc' dir='ltr'>τοῦ</span> <span class='ocrx_word' id='word_1_400' title='bbox 1428 730 1513 766; x_wconf 72' lang='grc' dir='ltr'>πυρὸς</span> <span class='ocrx_word' id='word_1_401' title='bbox 1529 731 1685 767; x_wconf 72' lang='grc' dir='ltr'>λατρευται,</span> <span class='ocrx_word' id='word_1_402' title='bbox 1699 733 1759 760; x_wconf 81' lang='grc' dir='ltr'>Εἰσί</span> <span class='ocrx_word' id='word_1_403' title='bbox 1776 743 1859 767; x_wconf 84' lang='grc' dir='ltr'>τινες,</span> 
     </span>
    </p>
   </div>
   <div class='ocr_carea' id='block_1_60' title="bbox 1075 770 1860 814">
    <p class='ocr_par' dir='ltr' id='par_1_60' title="bbox 1075 770 1860 814">
     <span class='ocr_line' id='line_1_61' title="bbox 1075 770 1860 814; baseline 0.013 -16"><span class='ocrx_word' id='word_1_404' title='bbox 1075 770 1165 806; x_wconf 80' lang='grc' dir='ltr'>εἷπον,</span> <span class='ocrx_word' id='word_1_405' title='bbox 1191 774 1309 801; x_wconf 65' lang='grc' dir='ltr'>ἐνταῦθα</span> <span class='ocrx_word' id='word_1_406' title='bbox 1336 775 1497 810; x_wconf 75' lang='grc' dir='ltr'>Χριστιανοὶ</span> <span class='ocrx_word' id='word_1_407' title='bbox 1522 779 1617 812; x_wconf 79' lang='grc' dir='ltr'>συχνὸν</span> <span class='ocrx_word' id='word_1_408' title='bbox 1637 779 1687 814; x_wconf 74' lang='grc' dir='ltr'>ἤδη</span> <span class='ocrx_word' id='word_1_409' title='bbox 1711 781 1807 814; x_wconf 84' lang='grc' dir='ltr'>χρόνον</span> <span class='ocrx_word' id='word_1_410' title='bbox 1830 783 1860 807; x_wconf 74' lang='grc' dir='ltr'>ἐν</span> 
     </span>
    </p>
   </div>
   <div class='ocr_carea' id='block_1_61' title="bbox 1075 818 1860 861">
    <p class='ocr_par' dir='ltr' id='par_1_61' title="bbox 1075 818 1860 861">
     <span class='ocr_line' id='line_1_62' title="bbox 1075 818 1860 861; baseline 0.011 -17"><span class='ocrx_word' id='word_1_411' title='bbox 1075 818 1192 852; x_wconf 78' lang='grc' dir='ltr'>ἀσφαλεῖ</span> <span class='ocrx_word' id='word_1_412' title='bbox 1206 821 1311 856; x_wconf 83' lang='grc' dir='ltr'>φρουρᾷ</span> <span class='ocrx_word' id='word_1_413' title='bbox 1324 822 1596 858; x_wconf 82' lang='grc' dir='ltr'>κατακεκλεισμένοι.</span> <span class='ocrx_word' id='word_1_414' title='bbox 1612 825 1637 851; x_wconf 77' lang='grc' dir='ltr'>οἵ</span> <span class='ocrx_word' id='word_1_415' title='bbox 1657 825 1703 851; x_wconf 72' lang='grc' dir='ltr'>καὶ</span> <span class='ocrx_word' id='word_1_416' title='bbox 1718 826 1860 861; x_wconf 81' lang='grc' dir='ltr'>πρότερον,</span> 
     </span>
    </p>
   </div>
   <div class='ocr_carea' id='block_1_62' title="bbox 1075 864 1862 906">
    <p class='ocr_par' dir='ltr' id='par_1_62' title="bbox 1075 864 1862 906">
     <span class='ocr_line' id='line_1_63' title="bbox 1075 864 1862 906; baseline 0.011 -16"><span class='ocrx_word' id='word_1_417' title='bbox 1075 864 1114 896; x_wconf 86' lang='grc' dir='ltr'><strong>ὡς</strong></span> <span class='ocrx_word' id='word_1_418' title='bbox 1129 866 1196 899; x_wconf 87' lang='grc' dir='ltr'>ἡμῖν</span> <span class='ocrx_word' id='word_1_419' title='bbox 1210 866 1347 901; x_wconf 79' lang='grc' dir='ltr'>ἐγνώσθη,</span> <span class='ocrx_word' id='word_1_420' title='bbox 1363 868 1503 903; x_wconf 77' lang='grc' dir='ltr'>αἰκισμοῖς</span> <span class='ocrx_word' id='word_1_421' title='bbox 1518 869 1622 905; x_wconf 74' lang='grc' dir='ltr'>σφόδρα</span> <span class='ocrx_word' id='word_1_422' title='bbox 1649 870 1774 906; x_wconf 68' lang='grc' dir='ltr'>χαλεπῶς</span> <span class='ocrx_word' id='word_1_423' title='bbox 1796 873 1862 899; x_wconf 81' lang='grc' dir='ltr'>ὐπο-</span> 
     </span>
    </p>
   </div>
   <div class='ocr_carea' id='block_1_63' title="bbox 1074 911 1861 952">
    <p class='ocr_par' dir='ltr' id='par_1_63' title="bbox 1074 911 1861 952">
     <span class='ocr_line' id='line_1_64' title="bbox 1074 911 1861 952; baseline 0.01 -16"><span class='ocrx_word' id='word_1_424' title='bbox 1074 911 1220 944; x_wconf 79' lang='grc' dir='ltr'>6ληθέντες</span> <span class='ocrx_word' id='word_1_425' title='bbox 1231 912 1282 947; x_wconf 86' lang='grc' dir='ltr'>τῆς</span> <span class='ocrx_word' id='word_1_426' title='bbox 1294 913 1360 944; x_wconf 81' lang='grc' dir='ltr'>ιδίας</span> <span class='ocrx_word' id='word_1_427' title='bbox 1376 914 1426 940; x_wconf 80' lang='grc' dir='ltr'>οὐκ</span> <span class='ocrx_word' id='word_1_428' title='bbox 1437 914 1603 950; x_wconf 73' lang='grc' dir='ltr'>ἐπείσθησαν</span> <span class='ocrx_word' id='word_1_429' title='bbox 1613 916 1720 952; x_wconf 78' lang='grc' dir='ltr'>ἔξαρνοι</span> <span class='ocrx_word' id='word_1_430' title='bbox 1735 918 1861 951; x_wconf 79' lang='grc' dir='ltr'>γενέσθαι</span> 
     </span>
    </p>
   </div>
   <div class='ocr_carea' id='block_1_64' title="bbox 1074 957 1861 998">
    <p class='ocr_par' dir='ltr' id='par_1_64' title="bbox 1074 957 1861 998">
     <span class='ocr_line' id='line_1_65' title="bbox 1074 957 1861 998; baseline 0.009 -15"><span class='ocrx_word' id='word_1_431' title='bbox 1074 957 1233 992; x_wconf 83' lang='grc' dir='ltr'>θρησκείας.</span> <span class='ocrx_word' id='word_1_432' title='bbox 1250 959 1360 986; x_wconf 83' lang='grc' dir='ltr'><strong>Τούτων</strong></span> <span class='ocrx_word' id='word_1_433' title='bbox 1377 960 1459 993; x_wconf 79' lang='grc' dir='ltr'>αὐτὸς</span> <span class='ocrx_word' id='word_1_434' title='bbox 1474 960 1595 992; x_wconf 84' lang='grc' dir='ltr'>ἀκούσας</span> <span class='ocrx_word' id='word_1_435' title='bbox 1611 963 1782 998; x_wconf 82' lang='grc' dir='ltr'>παραχρῆμα</span> <span class='ocrx_word' id='word_1_436' title='bbox 1798 964 1861 995; x_wconf 70' lang='grc' dir='ltr'>τοὺς</span> 
     </span>
    </p>
   </div>
   <div class='ocr_carea' id='block_1_65' title="bbox 1074 1003 1861 1044">
    <p class='ocr_par' dir='ltr' id='par_1_65' title="bbox 1074 1003 1861 1044">
     <span class='ocr_line' id='line_1_66' title="bbox 1074 1003 1861 1044; baseline 0.005 -13"><span class='ocrx_word' id='word_1_437' title='bbox 1074 1003 1170 1038; x_wconf 79' lang='grc' dir='ltr'>ἁγίους</span> <span class='ocrx_word' id='word_1_438' title='bbox 1193 1004 1233 1040; x_wconf 84' lang='grc' dir='ltr'><strong>τῷ</strong></span> <span class='ocrx_word' id='word_1_439' title='bbox 1250 1005 1353 1041; x_wconf 85' lang='grc' dir='ltr'>βήματι</span> <span class='ocrx_word' id='word_1_440' title='bbox 1379 1007 1552 1042; x_wconf 71' lang='grc' dir='ltr'>παραστῆναι</span> <span class='ocrx_word' id='word_1_441' title='bbox 1578 1009 1696 1041; x_wconf 76' lang='grc' dir='ltr'>κελεύει,</span> <span class='ocrx_word' id='word_1_442' title='bbox 1717 1009 1764 1035; x_wconf 90' lang='grc' dir='ltr'><strong>καί</strong></span> <span class='ocrx_word' id='word_1_443' title='bbox 1793 1018 1861 1044; x_wconf 68' lang='grc' dir='ltr'>φησι</span> 
     </span>
    </p>
   </div>
   <div class='ocr_carea' id='block_1_66' title="bbox 1075 1051 1862 1090">
    <p class='ocr_par' dir='ltr' id='par_1_66' title="bbox 1075 1051 1862 1090">
     <span class='ocr_line' id='line_1_67' title="bbox 1075 1051 1862 1090; baseline 0.008 -14"><span class='ocrx_word' id='word_1_444' title='bbox 1075 1051 1145 1086; x_wconf 82' lang='grc' dir='ltr'>πρὸς</span> <span class='ocrx_word' id='word_1_445' title='bbox 1170 1051 1280 1083; x_wconf 78' lang='grc' dir='ltr'>αὐτούς’</span> <span class='ocrx_word' id='word_1_446' title='bbox 1300 1052 1353 1079; x_wconf 83' lang='grc' dir='ltr'>Τοῦ</span> <span class='ocrx_word' id='word_1_447' title='bbox 1382 1053 1515 1088; x_wconf 76' lang='grc' dir='ltr'>βασιλέως</span> <span class='ocrx_word' id='word_1_448' title='bbox 1536 1054 1680 1089; x_wconf 78' lang='grc' dir='ltr'>Σαπωρίου</span> <span class='ocrx_word' id='word_1_449' title='bbox 1704 1055 1794 1087; x_wconf 75' lang='grc' dir='ltr'>πόλεις</span> <span class='ocrx_word' id='word_1_450' title='bbox 1812 1055 1862 1090; x_wconf 81' lang='grc' dir='ltr'>μὲν</span> 
     </span>
    </p>
   </div>
   <div class='ocr_carea' id='block_1_67' title="bbox 1075 1097 1863 1135">
    <p class='ocr_par' dir='ltr' id='par_1_67' title="bbox 1075 1097 1863 1135">
     <span class='ocr_line' id='line_1_68' title="bbox 1075 1097 1863 1135; baseline 0.006 -12"><span class='ocrx_word' id='word_1_451' title='bbox 1075 1097 1177 1132; x_wconf 80' lang='grc' dir='ltr'>ὀχυρὰς</span> <span class='ocrx_word' id='word_1_452' title='bbox 1188 1099 1464 1134; x_wconf 74' lang='grc' dir='ltr'>καταστρεψαμένου,</span> <span class='ocrx_word' id='word_1_453' title='bbox 1479 1099 1544 1135; x_wconf 75' lang='grc' dir='ltr'>ἔθνη</span> <span class='ocrx_word' id='word_1_454' title='bbox 1561 1109 1591 1127; x_wconf 83' lang='grc' dir='ltr'><strong>τε</strong></span> <span class='ocrx_word' id='word_1_455' title='bbox 1607 1102 1719 1127; x_wconf 84' lang='grc' dir='ltr'>πλεῖστα</span> <span class='ocrx_word' id='word_1_456' title='bbox 1732 1102 1863 1128; x_wconf 78' lang='grc' dir='ltr'>καταδου-</span> 
     </span>
    </p>
   </div>
   <div class='ocr_carea' id='block_1_68' title="bbox 1075 1144 1863 1183">
    <p class='ocr_par' dir='ltr' id='par_1_68' title="bbox 1075 1144 1863 1183">
     <span class='ocr_line' id='line_1_69' title="bbox 1075 1144 1863 1183; baseline 0.006 -13"><span class='ocrx_word' id='word_1_457' title='bbox 1075 1144 1232 1178; x_wconf 85' lang='grc' dir='ltr'>λωσαμένου</span> <span class='ocrx_word' id='word_1_458' title='bbox 1251 1145 1505 1179; x_wconf 84' lang='grc' dir='ltr'>δυσκαταγώνιστα,</span> <span class='ocrx_word' id='word_1_459' title='bbox 1517 1146 1576 1177; x_wconf 85' lang='grc' dir='ltr'><strong>πῶς</strong></span> <span class='ocrx_word' id='word_1_460' title='bbox 1592 1147 1669 1181; x_wconf 78' lang='grc' dir='ltr'>ὑμεῖς</span> <span class='ocrx_word' id='word_1_461' title='bbox 1686 1148 1738 1174; x_wconf 73' lang='grc' dir='ltr'>ὑπὸ</span> <span class='ocrx_word' id='word_1_462' title='bbox 1751 1147 1800 1183; x_wconf 80' lang='grc' dir='ltr'>τὴν</span> <span class='ocrx_word' id='word_1_463' title='bbox 1814 1149 1863 1175; x_wconf 82' lang='grc' dir='ltr'><strong>αὐ-</strong></span> 
     </span>
    </p>
   </div>
   <div class='ocr_carea' id='block_1_69' title="bbox 1075 1190 1861 1229">
    <p class='ocr_par' dir='ltr' id='par_1_69' title="bbox 1075 1190 1861 1229">
     <span class='ocr_line' id='line_1_70' title="bbox 1075 1190 1861 1229; baseline 0.005 -13"><span class='ocrx_word' id='word_1_464' title='bbox 1075 1190 1123 1216; x_wconf 82' lang='grc' dir='ltr'><strong>τού</strong></span> <span class='ocrx_word' id='word_1_465' title='bbox 1140 1191 1190 1225; x_wconf 77' lang='grc' dir='ltr'>μὲν</span> <span class='ocrx_word' id='word_1_466' title='bbox 1201 1192 1282 1226; x_wconf 80' lang='grc' dir='ltr'>χεῖρα</span> <span class='ocrx_word' id='word_1_467' title='bbox 1293 1191 1445 1225; x_wconf 80' lang='grc' dir='ltr'>τελοῦντες,</span> <span class='ocrx_word' id='word_1_468' title='bbox 1464 1193 1510 1228; x_wconf 79' lang='grc' dir='ltr'>τὴν</span> <span class='ocrx_word' id='word_1_469' title='bbox 1528 1193 1610 1219; x_wconf 81' lang='grc' dir='ltr'>αὐτοῦ</span> <span class='ocrx_word' id='word_1_470' title='bbox 1629 1193 1656 1219; x_wconf 77' lang='grc' dir='ltr'>δὲ</span> <span class='ocrx_word' id='word_1_471' title='bbox 1676 1194 1861 1229; x_wconf 78' lang='grc' dir='ltr'>καρπούμενοι</span> 
     </span>
    </p>
   </div>
   <div class='ocr_carea' id='block_1_70' title="bbox 1077 1237 1861 1274">
    <p class='ocr_par' dir='ltr' id='par_1_70' title="bbox 1077 1237 1861 1274">
     <span class='ocr_line' id='line_1_71' title="bbox 1077 1237 1861 1274; baseline 0.005 -12"><span class='ocrx_word' id='word_1_472' title='bbox 1077 1238 1139 1271; x_wconf 75' lang='grc' dir='ltr'>γῆν,</span> <span class='ocrx_word' id='word_1_473' title='bbox 1149 1237 1242 1272; x_wconf 82' lang='grc' dir='ltr'>ὥσπερ</span> <span class='ocrx_word' id='word_1_474' title='bbox 1256 1238 1407 1266; x_wconf 83' lang='grc' dir='ltr'>ἀποστάται</span> <span class='ocrx_word' id='word_1_475' title='bbox 1422 1239 1494 1269; x_wconf 74' lang='grc' dir='ltr'>τινες</span> <span class='ocrx_word' id='word_1_476' title='bbox 1503 1239 1604 1273; x_wconf 74' lang='grc' dir='ltr'>πολλὴν</span> <span class='ocrx_word' id='word_1_477' title='bbox 1614 1239 1695 1266; x_wconf 82' lang='grc' dir='ltr'><strong>αὒτοῦ</strong></span> <span class='ocrx_word' id='word_1_478' title='bbox 1706 1240 1861 1274; x_wconf 76' lang='grc' dir='ltr'>κατέγνωτε</span> 
     </span>
    </p>
   </div>
   <div class='ocr_carea' id='block_1_71' title="bbox 1078 1283 1863 1321">
    <p class='ocr_par' dir='ltr' id='par_1_71' title="bbox 1078 1283 1863 1321">
     <span class='ocr_line' id='line_1_72' title="bbox 1078 1283 1863 1321; baseline 0.005 -12"><span class='ocrx_word' id='word_1_479' title='bbox 1078 1283 1133 1310; x_wconf 81' lang='grc' dir='ltr'><strong>τῶν</strong></span> <span class='ocrx_word' id='word_1_480' title='bbox 1147 1285 1367 1319; x_wconf 80' lang='grc' dir='ltr'>προσταγμάτων</span> <span class='ocrx_word' id='word_1_481' title='bbox 1382 1285 1547 1320; x_wconf 81' lang='grc' dir='ltr'>ὀλιγωρίαν;</span> <span class='ocrx_word' id='word_1_482' title='bbox 1563 1286 1635 1321; x_wconf 61' lang='grc' dir='ltr'>Πρδς</span> <span class='ocrx_word' id='word_1_483' title='bbox 1658 1285 1745 1313; x_wconf 76' lang='grc' dir='ltr'>ταῦτα</span> <span class='ocrx_word' id='word_1_484' title='bbox 1768 1287 1782 1313; x_wconf 87' lang='grc' dir='ltr'><em>ὁ</em></span> <span class='ocrx_word' id='word_1_485' title='bbox 1799 1286 1863 1313; x_wconf 74' lang='grc' dir='ltr'>θαν-</span> 
     </span>
    </p>
   </div>
   <div class='ocr_carea' id='block_1_72' title="bbox 1081 1330 1861 1366">
    <p class='ocr_par' dir='ltr' id='par_1_72' title="bbox 1081 1330 1861 1366">
     <span class='ocr_line' id='line_1_73' title="bbox 1081 1330 1861 1366; baseline 0.001 -11"><span class='ocrx_word' id='word_1_486' title='bbox 1081 1330 1183 1364; x_wconf 81' lang='grc' dir='ltr'>μαστδς</span> <span class='ocrx_word' id='word_1_487' title='bbox 1203 1330 1313 1365; x_wconf 81' lang='grc' dir='ltr'>Ἰωσὴφ,</span> <span class='ocrx_word' id='word_1_488' title='bbox 1333 1331 1364 1357; x_wconf 81' lang='lat' dir='ltr'><strong>El</strong></span> <span class='ocrx_word' id='word_1_489' title='bbox 1379 1331 1523 1366; x_wconf 77' lang='grc' dir='ltr'>τυραννίδα</span> <span class='ocrx_word' id='word_1_490' title='bbox 1544 1332 1604 1358; x_wconf 87' lang='grc' dir='ltr'>τινὰ</span> <span class='ocrx_word' id='word_1_491' title='bbox 1620 1332 1666 1359; x_wconf 70' lang='grc' dir='ltr'>καὶ</span> <span class='ocrx_word' id='word_1_492' title='bbox 1681 1332 1861 1364; x_wconf 77' lang='grc' dir='ltr'>ἀποστασίαν,</span> 
     </span>
    </p>
   </div>
   <div class='ocr_carea' id='block_1_73' title="bbox 1079 1375 1862 1414">
    <p class='ocr_par' dir='ltr' id='par_1_73' title="bbox 1079 1375 1862 1414">
     <span class='ocr_line' id='line_1_74' title="bbox 1079 1375 1862 1414; baseline 0.005 -13"><span class='ocrx_word' id='word_1_493' title='bbox 1079 1375 1142 1409; x_wconf 75' lang='grc' dir='ltr'>εφη,</span> <span class='ocrx_word' id='word_1_494' title='bbox 1167 1377 1238 1402; x_wconf 79' lang='grc' dir='ltr'>κατὰ</span> <span class='ocrx_word' id='word_1_495' title='bbox 1264 1377 1312 1403; x_wconf 83' lang='grc' dir='ltr'><strong>τοῦ</strong></span> <span class='ocrx_word' id='word_1_496' title='bbox 1337 1377 1469 1412; x_wconf 78' lang='grc' dir='ltr'>βασιλέως</span> <span class='ocrx_word' id='word_1_497' title='bbox 1493 1379 1570 1413; x_wconf 84' lang='grc' dir='ltr'>ὑμῶν</span> <span class='ocrx_word' id='word_1_498' title='bbox 1590 1379 1786 1414; x_wconf 76' lang='grc' dir='ltr'>κεκινήκαμεν,</span> <span class='ocrx_word' id='word_1_499' title='bbox 1808 1379 1862 1405; x_wconf 76' lang='grc' dir='ltr'>ἔδει</span> 
     </span>
    </p>
   </div>
   <div class='ocr_carea' id='block_1_74' title="bbox 1078 1421 1862 1459">
    <p class='ocr_par' dir='ltr' id='par_1_74' title="bbox 1078 1421 1862 1459">
     <span class='ocr_line' id='line_1_75' title="bbox 1078 1421 1862 1459; baseline 0.005 -13"><span class='ocrx_word' id='word_1_500' title='bbox 1078 1421 1187 1453; x_wconf 78' lang='grc' dir='ltr'>πάντως</span> <span class='ocrx_word' id='word_1_501' title='bbox 1201 1421 1280 1447; x_wconf 78' lang='grc' dir='ltr'>αὑτὸν</span> <span class='ocrx_word' id='word_1_502' title='bbox 1295 1422 1364 1448; x_wconf 79' lang='grc' dir='ltr'>ὅπλα</span> <span class='ocrx_word' id='word_1_503' title='bbox 1378 1431 1407 1449; x_wconf 87' lang='grc' dir='ltr'><strong>τε</strong></span> <span class='ocrx_word' id='word_1_504' title='bbox 1419 1423 1465 1449; x_wconf 75' lang='grc' dir='ltr'>καὶ</span> <span class='ocrx_word' id='word_1_505' title='bbox 1480 1423 1594 1458; x_wconf 75' lang='grc' dir='ltr'>στρατὸν</span> <span class='ocrx_word' id='word_1_506' title='bbox 1613 1424 1781 1459; x_wconf 76' lang='grc' dir='ltr'>ἐπαγόμενον</span> <span class='ocrx_word' id='word_1_507' title='bbox 1797 1425 1862 1458; x_wconf 82' lang='grc' dir='ltr'>ἡμῖν</span> 
     </span>
    </p>
   </div>
   <div class='ocr_carea' id='block_1_75' title="bbox 1079 1467 1862 1505">
    <p class='ocr_par' dir='ltr' id='par_1_75' title="bbox 1079 1467 1862 1505">
     <span class='ocr_line' id='line_1_76' title="bbox 1079 1467 1862 1505; baseline 0.003 -12"><span class='ocrx_word' id='word_1_508' title='bbox 1079 1467 1264 1503; x_wconf 77' lang='grc' dir='ltr'>ἐπιθέσθαι,ἢ</span> <span class='ocrx_word' id='word_1_509' title='bbox 1284 1468 1350 1502; x_wconf 82' lang='grc' dir='ltr'>γοῦν</span> <span class='ocrx_word' id='word_1_510' title='bbox 1369 1469 1464 1504; x_wconf 72' lang='grc' dir='ltr'>ἕτερον</span> <span class='ocrx_word' id='word_1_511' title='bbox 1489 1470 1550 1496; x_wconf 83' lang='grc' dir='ltr'>καθ’</span> <span class='ocrx_word' id='word_1_512' title='bbox 1565 1471 1643 1505; x_wconf 80' lang='grc' dir='ltr'>ἡμῶν</span> <span class='ocrx_word' id='word_1_513' title='bbox 1663 1470 1802 1505; x_wconf 68' lang='grc' dir='ltr'>ἐκπέμψαι</span> <span class='ocrx_word' id='word_1_514' title='bbox 1818 1470 1862 1496; x_wconf 61' lang='grc' dir='ltr'><strong>τδν</strong></span> 
     </span>
    </p>
   </div>
   <div class='ocr_carea' id='block_1_76' title="bbox 1078 1513 1863 1551">
    <p class='ocr_par' dir='ltr' id='par_1_76' title="bbox 1078 1513 1863 1551">
     <span class='ocr_line' id='line_1_77' title="bbox 1078 1513 1863 1551; baseline 0.006 -12"><span class='ocrx_word' id='word_1_515' title='bbox 1078 1513 1125 1540; x_wconf 76' lang='grc' dir='ltr'>καὶ</span> <span class='ocrx_word' id='word_1_516' title='bbox 1143 1514 1222 1549; x_wconf 84' lang='grc' dir='ltr'>χεῖρα</span> <span class='ocrx_word' id='word_1_517' title='bbox 1237 1515 1360 1548; x_wconf 74' lang='grc' dir='ltr'>γενναῖον</span> <span class='ocrx_word' id='word_1_518' title='bbox 1380 1515 1429 1542; x_wconf 84' lang='grc' dir='ltr'>καὶ</span> <span class='ocrx_word' id='word_1_519' title='bbox 1451 1517 1549 1550; x_wconf 85' lang='grc' dir='ltr'>πεῖραν</span> <span class='ocrx_word' id='word_1_520' title='bbox 1571 1517 1662 1542; x_wconf 83' lang='grc' dir='ltr'>ίκανδν</span> <span class='ocrx_word' id='word_1_521' title='bbox 1682 1517 1729 1544; x_wconf 69' lang='grc' dir='ltr'><strong>καὶ</strong></span> <span class='ocrx_word' id='word_1_522' title='bbox 1745 1525 1863 1551; x_wconf 78' lang='grc' dir='ltr'>στρατη-</span> 
     </span>
    </p>
   </div>
   <div class='ocr_carea' id='block_1_77' title="bbox 1077 1560 1862 1598">
    <p class='ocr_par' dir='ltr' id='par_1_77' title="bbox 1077 1560 1862 1598">
     <span class='ocr_line' id='line_1_78' title="bbox 1077 1560 1862 1598; baseline 0.004 -13"><span class='ocrx_word' id='word_1_523' title='bbox 1077 1561 1136 1593; x_wconf 77' lang='grc' dir='ltr'>γεῖν</span> <span class='ocrx_word' id='word_1_524' title='bbox 1157 1560 1328 1592; x_wconf 77' lang='grc' dir='ltr'>δεξιώτατον.</span> <span class='ocrx_word' id='word_1_525' title='bbox 1354 1561 1435 1588; x_wconf 80' lang='grc' dir='ltr'>Ἀλλὰ</span> <span class='ocrx_word' id='word_1_526' title='bbox 1459 1562 1588 1590; x_wconf 77' lang='grc' dir='ltr'>τοσοῦτον</span> <span class='ocrx_word' id='word_1_527' title='bbox 1615 1563 1696 1597; x_wconf 78' lang='grc' dir='ltr'>ἡμεῖς</span> <span class='ocrx_word' id='word_1_528' title='bbox 1722 1562 1862 1598; x_wconf 73' lang='grc' dir='ltr'>ἀπέχομεν</span> 
     </span>
    </p>
   </div>
   <div class='ocr_carea' id='block_1_78' title="bbox 1077 1606 1861 1642">
    <p class='ocr_par' dir='ltr' id='par_1_78' title="bbox 1077 1606 1861 1642">
     <span class='ocr_line' id='line_1_79' title="bbox 1077 1606 1861 1642; baseline 0.004 -11"><span class='ocrx_word' id='word_1_529' title='bbox 1077 1606 1208 1638; x_wconf 75' lang='grc' dir='ltr'>τοιοῦτοις</span> <span class='ocrx_word' id='word_1_530' title='bbox 1227 1607 1387 1642; x_wconf 67' lang='grc' dir='ltr'>ἐπιχειρεῖν,</span> <span class='ocrx_word' id='word_1_531' title='bbox 1406 1607 1476 1633; x_wconf 85' lang='grc' dir='ltr'>ὥστε</span> <span class='ocrx_word' id='word_1_532' title='bbox 1492 1608 1541 1634; x_wconf 85' lang='grc' dir='ltr'>οὐκ</span> <span class='ocrx_word' id='word_1_533' title='bbox 1557 1607 1648 1640; x_wconf 80' lang='grc' dir='ltr'>ἀλλον,</span> <span class='ocrx_word' id='word_1_534' title='bbox 1669 1608 1738 1634; x_wconf 73' lang='grc' dir='ltr'>ἀλλὰ</span> <span class='ocrx_word' id='word_1_535' title='bbox 1755 1608 1783 1634; x_wconf 81' lang='grc' dir='ltr'>σὲ</span> <span class='ocrx_word' id='word_1_536' title='bbox 1800 1608 1861 1634; x_wconf 79' lang='grc' dir='ltr'>καθ’</span> 
     </span>
    </p>
   </div>
   <div class='ocr_carea' id='block_1_79' title="bbox 1078 1652 1863 1688">
    <p class='ocr_par' dir='ltr' id='par_1_79' title="bbox 1078 1652 1863 1688">
     <span class='ocr_line' id='line_1_80' title="bbox 1078 1652 1863 1688; baseline 0.003 -10"><span class='ocrx_word' id='word_1_537' title='bbox 1078 1652 1157 1687; x_wconf 85' lang='grc' dir='ltr'>ἡμῶν</span> <span class='ocrx_word' id='word_1_538' title='bbox 1168 1653 1318 1687; x_wconf 77' lang='grc' dir='ltr'>ἐκπέμψαι,</span> <span class='ocrx_word' id='word_1_539' title='bbox 1335 1653 1380 1679; x_wconf 79' lang='grc' dir='ltr'><strong>τὸν</strong></span> <span class='ocrx_word' id='word_1_540' title='bbox 1398 1653 1505 1687; x_wconf 71' lang='grc' dir='ltr'>γυναιξὶ</span> <span class='ocrx_word' id='word_1_541' title='bbox 1519 1653 1617 1688; x_wconf 83' lang='grc' dir='ltr'>μᾶλλον</span> <span class='ocrx_word' id='word_1_542' title='bbox 1629 1653 1863 1688; x_wconf 77' lang='grc' dir='ltr'>θαλαμευομέναις</span> 
     </span>
    </p>
   </div>
   <div class='ocr_carea' id='block_1_80' title="bbox 1079 1697 1862 1734">
    <p class='ocr_par' dir='ltr' id='par_1_80' title="bbox 1079 1697 1862 1734">
     <span class='ocr_line' id='line_1_81' title="bbox 1079 1697 1862 1734; baseline 0.003 -11"><span class='ocrx_word' id='word_1_543' title='bbox 1079 1697 1224 1732; x_wconf 84' lang='grc' dir='ltr'>ἢάνδράσι</span> <span class='ocrx_word' id='word_1_544' title='bbox 1241 1698 1420 1733; x_wconf 81' lang='grc' dir='ltr'>διαμάχεσθαι</span> <span class='ocrx_word' id='word_1_545' title='bbox 1447 1699 1662 1734; x_wconf 79' lang='grc' dir='ltr'>μεμελετηκότα.</span> <span class='ocrx_word' id='word_1_546' title='bbox 1688 1699 1784 1734; x_wconf 83' lang='grc' dir='ltr'>Ἡμεῖς</span> <span class='ocrx_word' id='word_1_547' title='bbox 1808 1699 1862 1733; x_wconf 81' lang='grc' dir='ltr'><strong>γὰρ</strong></span> 
     </span>
    </p>
   </div>
   <div class='ocr_carea' id='block_1_81' title="bbox 1077 1742 1862 1778">
    <p class='ocr_par' dir='ltr' id='par_1_81' title="bbox 1077 1742 1862 1778">
     <span class='ocr_line' id='line_1_82' title="bbox 1077 1742 1862 1778; baseline 0.001 -10"><span class='ocrx_word' id='word_1_548' title='bbox 1077 1742 1115 1773; x_wconf 85' lang='grc' dir='ltr'>ὠς</span> <span class='ocrx_word' id='word_1_549' title='bbox 1135 1742 1257 1777; x_wconf 79' lang='grc' dir='ltr'>πρόὸατα</span> <span class='ocrx_word' id='word_1_550' title='bbox 1272 1743 1385 1775; x_wconf 76' lang='grc' dir='ltr'>ἑαυτοὺς</span> <span class='ocrx_word' id='word_1_551' title='bbox 1409 1744 1454 1769; x_wconf 68' lang='grc' dir='ltr'><strong>ἐπὶ</strong></span> <span class='ocrx_word' id='word_1_552' title='bbox 1481 1744 1589 1778; x_wconf 80' lang='grc' dir='ltr'>σφαγὴν</span> <span class='ocrx_word' id='word_1_553' title='bbox 1612 1744 1809 1778; x_wconf 79' lang='grc' dir='ltr'>ἐκδεδὼκαμεν,</span> <span class='ocrx_word' id='word_1_554' title='bbox 1825 1744 1862 1775; x_wconf 89' lang='grc' dir='ltr'>ὡς</span> 
     </span>
    </p>
   </div>
   <div class='ocr_carea' id='block_1_82' title="bbox 1078 1788 1825 1825">
    <p class='ocr_par' dir='ltr' id='par_1_82' title="bbox 1078 1788 1825 1825">
     <span class='ocr_line' id='line_1_83' title="bbox 1078 1788 1825 1825; baseline 0.003 -11"><span class='ocrx_word' id='word_1_555' title='bbox 1078 1789 1111 1815; x_wconf 81' lang='grc' dir='ltr'>ἂν</span> <span class='ocrx_word' id='word_1_556' title='bbox 1125 1788 1325 1815; x_wconf 75' lang='grc' dir='ltr'>ὑποτάσσεσθαι</span> <span class='ocrx_word' id='word_1_557' title='bbox 1340 1789 1440 1821; x_wconf 82' lang='grc' dir='ltr'>πάσαις</span> <span class='ocrx_word' id='word_1_558' title='bbox 1453 1789 1589 1821; x_wconf 76' lang='grc' dir='ltr'>ἐξουσίαις</span> <span class='ocrx_word' id='word_1_559' title='bbox 1604 1790 1825 1825; x_wconf 77' lang='grc' dir='ltr'>κεκελευσμένοι.</span> 
     </span>
    </p>
   </div>
   <div class='ocr_carea' id='block_1_83' title="bbox 1116 1878 1861 1915">
    <p class='ocr_par' dir='ltr' id='par_1_83' title="bbox 1116 1878 1861 1915">
     <span class='ocr_line' id='line_1_84' title="bbox 1116 1878 1861 1915; baseline 0.001 -10"><span class='ocrx_word' id='word_1_560' title='bbox 1116 1879 1181 1906; x_wconf 87' lang='lat' dir='ltr'><strong>KB’.</strong></span> <span class='ocrx_word' id='word_1_561' title='bbox 1204 1879 1234 1905; x_wconf 90' lang='lat'><strong>&#39;0</strong></span> <span class='ocrx_word' id='word_1_562' title='bbox 1249 1879 1340 1914; x_wconf 79' lang='grc' dir='ltr'>ἄρχων</span> <span class='ocrx_word' id='word_1_563' title='bbox 1352 1878 1440 1906; x_wconf 73' lang='grc' dir='ltr'>εἶπεν·</span> <span class='ocrx_word' id='word_1_564' title='bbox 1458 1879 1502 1910; x_wconf 79' lang='grc' dir='ltr'>Ὠς</span> <span class='ocrx_word' id='word_1_565' title='bbox 1516 1879 1598 1912; x_wconf 80' lang='grc' dir='ltr'>ἔοικε,</span> <span class='ocrx_word' id='word_1_566' title='bbox 1618 1881 1663 1906; x_wconf 69' lang='grc' dir='ltr'><strong>τὸν</strong></span> <span class='ocrx_word' id='word_1_567' title='bbox 1676 1880 1741 1915; x_wconf 76' lang='grc' dir='ltr'>ἐμὸν</span> <span class='ocrx_word' id='word_1_568' title='bbox 1769 1880 1861 1915; x_wconf 73' lang='grc' dir='ltr'>ἀνερε-</span> 
     </span>
    </p>
   </div>
   <div class='ocr_carea' id='block_1_84' title="bbox 1079 1925 1861 1962">
    <p class='ocr_par' dir='ltr' id='par_1_84' title="bbox 1079 1925 1861 1962">
     <span class='ocr_line' id='line_1_85' title="bbox 1079 1925 1861 1962; baseline 0.004 -11"><span class='ocrx_word' id='word_1_569' title='bbox 1079 1925 1161 1957; x_wconf 83' lang='grc' dir='ltr'>θίζων</span> <span class='ocrx_word' id='word_1_570' title='bbox 1182 1925 1266 1960; x_wconf 70' lang='grc' dir='ltr'>θυμὸν</span> <span class='ocrx_word' id='word_1_571' title='bbox 1289 1926 1333 1952; x_wconf 79' lang='grc' dir='ltr'><strong>ἐπὶ</strong></span> <span class='ocrx_word' id='word_1_572' title='bbox 1357 1926 1385 1952; x_wconf 77' lang='grc' dir='ltr'>τὸ</span> <span class='ocrx_word' id='word_1_573' title='bbox 1408 1927 1502 1961; x_wconf 73' lang='grc' dir='ltr'>τάχιον</span> <span class='ocrx_word' id='word_1_574' title='bbox 1524 1935 1553 1953; x_wconf 84' lang='grc' dir='ltr'><strong>σε</strong></span> <span class='ocrx_word' id='word_1_575' title='bbox 1572 1926 1619 1953; x_wconf 74' lang='grc' dir='ltr'>τοῦ</span> <span class='ocrx_word' id='word_1_576' title='bbox 1636 1927 1686 1962; x_wconf 78' lang='grc' dir='ltr'>ζῇν</span> <span class='ocrx_word' id='word_1_577' title='bbox 1709 1927 1861 1959; x_wconf 75' lang='grc' dir='ltr'>ἀπαλλάξαι</span> 
     </span>
    </p>
   </div>
   <div class='ocr_carea' id='block_1_85' title="bbox 1077 1970 1861 2006">
    <p class='ocr_par' dir='ltr' id='par_1_85' title="bbox 1077 1970 1861 2006">
     <span class='ocr_line' id='line_1_86' title="bbox 1077 1970 1861 2006; baseline 0.001 -10"><span class='ocrx_word' id='word_1_578' title='bbox 1077 1971 1136 2002; x_wconf 83' lang='grc' dir='ltr'>ταῖς</span> <span class='ocrx_word' id='word_1_579' title='bbox 1151 1970 1245 2005; x_wconf 77' lang='grc' dir='ltr'>ὕϐρεσι</span> <span class='ocrx_word' id='word_1_580' title='bbox 1257 1970 1370 2001; x_wconf 78' lang='grc' dir='ltr'>ταύταις</span> <span class='ocrx_word' id='word_1_581' title='bbox 1389 1970 1450 1996; x_wconf 85' lang='grc' dir='ltr'>καθ’</span> <span class='ocrx_word' id='word_1_582' title='bbox 1466 1970 1544 2006; x_wconf 77' lang='grc' dir='ltr'>ἡμῶν</span> <span class='ocrx_word' id='word_1_583' title='bbox 1558 1970 1701 2006; x_wconf 77' lang='grc' dir='ltr'>κέχρησαι,</span> <span class='ocrx_word' id='word_1_584' title='bbox 1725 1970 1796 1998; x_wconf 82' lang='grc' dir='ltr'>Ἀλλ’</span> <span class='ocrx_word' id='word_1_585' title='bbox 1813 1971 1861 1997; x_wconf 77' lang='grc' dir='ltr'>οὐκ</span> 
     </span>
    </p>
   </div>
   <div class='ocr_carea' id='block_1_86' title="bbox 1078 2016 1860 2053">
    <p class='ocr_par' dir='ltr' id='par_1_86' title="bbox 1078 2016 1860 2053">
     <span class='ocr_line' id='line_1_87' title="bbox 1078 2016 1860 2053; baseline 0.001 -11"><span class='ocrx_word' id='word_1_586' title='bbox 1078 2016 1208 2053; x_wconf 77' lang='grc' dir='ltr'>ἐπιτεύξῃ</span> <span class='ocrx_word' id='word_1_587' title='bbox 1228 2017 1276 2043; x_wconf 84' lang='grc' dir='ltr'>τοῦ</span> <span class='ocrx_word' id='word_1_588' title='bbox 1303 2017 1492 2051; x_wconf 72' lang='grc' dir='ltr'>ποθουμένουο</span> <span class='ocrx_word' id='word_1_589' title='bbox 1518 2017 1606 2052; x_wconf 83' lang='grc' dir='ltr'>χρόνῳ</span> <span class='ocrx_word' id='word_1_590' title='bbox 1629 2018 1682 2052; x_wconf 75' lang='grc' dir='ltr'><strong>γὰρ</strong></span> <span class='ocrx_word' id='word_1_591' title='bbox 1707 2017 1754 2044; x_wconf 72' lang='grc' dir='ltr'>καὶ</span> <span class='ocrx_word' id='word_1_592' title='bbox 1780 2017 1860 2052; x_wconf 70' lang='grc' dir='ltr'>τριϐῇ</span> 
     </span>
    </p>
   </div>
   <div class='ocr_carea' id='block_1_87' title="bbox 1077 2063 1862 2099">
    <p class='ocr_par' dir='ltr' id='par_1_87' title="bbox 1077 2063 1862 2099">
     <span class='ocr_line' id='line_1_88' title="bbox 1077 2063 1862 2099; baseline 0 -9"><span class='ocrx_word' id='word_1_593' title='bbox 1077 2063 1233 2099; x_wconf 76' lang='grc' dir='ltr'>παραδώσω</span> <span class='ocrx_word' id='word_1_594' title='bbox 1241 2072 1270 2090; x_wconf 86' lang='grc' dir='ltr'><strong>σε</strong></span> <span class='ocrx_word' id='word_1_595' title='bbox 1283 2064 1330 2090; x_wconf 73' lang='grc' dir='ltr'>καὶ</span> <span class='ocrx_word' id='word_1_596' title='bbox 1338 2064 1449 2095; x_wconf 83' lang='grc' dir='ltr'>πολλαῖς</span> <span class='ocrx_word' id='word_1_597' title='bbox 1462 2063 1589 2098; x_wconf 74' lang='grc' dir='ltr'>βασᾶνοις</span> <span class='ocrx_word' id='word_1_598' title='bbox 1599 2064 1658 2091; x_wconf 83' lang='grc' dir='ltr'>κατ’</span> <span class='ocrx_word' id='word_1_599' title='bbox 1668 2064 1757 2098; x_wconf 82' lang='grc' dir='ltr'>ὀλίγον</span> <span class='ocrx_word' id='word_1_600' title='bbox 1768 2064 1862 2096; x_wconf 73' lang='grc' dir='ltr'>ἐξανα-</span> 
     </span>
    </p>
   </div>
   <div class='ocr_carea' id='block_1_88' title="bbox 1078 2110 1863 2145">
    <p class='ocr_par' dir='ltr' id='par_1_88' title="bbox 1078 2110 1863 2145">
     <span class='ocr_line' id='line_1_89' title="bbox 1078 2110 1863 2145; baseline -0.001 -8"><span class='ocrx_word' id='word_1_601' title='bbox 1078 2111 1167 2137; x_wconf 81' lang='grc' dir='ltr'>λώσω.</span> <span class='ocrx_word' id='word_1_602' title='bbox 1192 2110 1307 2137; x_wconf 82' lang='grc' dir='ltr'>Κελεύει</span> <span class='ocrx_word' id='word_1_603' title='bbox 1334 2111 1423 2136; x_wconf 87' lang='grc' dir='ltr'>τοίνυν</span> <span class='ocrx_word' id='word_1_604' title='bbox 1451 2110 1578 2145; x_wconf 80' lang='grc' dir='ltr'>σχοινίοις</span> <span class='ocrx_word' id='word_1_605' title='bbox 1601 2111 1694 2145; x_wconf 81' lang='grc' dir='ltr'>ἄκρων</span> <span class='ocrx_word' id='word_1_606' title='bbox 1718 2110 1863 2136; x_wconf 70' lang='grc' dir='ltr'>ὲκόεθέντα</span> 
     </span>
    </p>
   </div>
   <div class='ocr_carea' id='block_1_89' title="bbox 229 2151 1026 2194">
    <p class='ocr_par' dir='ltr' id='par_1_89' title="bbox 229 2151 1026 2194">
     <span class='ocr_line' id='line_1_90' title="bbox 229 2151 1026 2194; baseline -0.001 -15"><span class='ocrx_word' id='word_1_607' title='bbox 229 2153 321 2194; x_wconf 61' lang='lat' dir='ltr'><strong>1pendi</strong></span> <span class='ocrx_word' id='word_1_608' title='bbox 355 2153 455 2187; x_wconf 85' lang='lat' dir='ltr'><strong>capite,</strong></span> <span class='ocrx_word' id='word_1_609' title='bbox 484 2152 628 2180; x_wconf 82' lang='lat' dir='ltr'><strong>exsiccatis</strong></span> <span class='ocrx_word' id='word_1_610' title='bbox 651 2156 743 2179; x_wconf 89' lang='lat' dir='ltr'><strong>autem</strong></span> <span class='ocrx_word' id='word_1_611' title='bbox 777 2152 860 2179; x_wconf 89' lang='lat' dir='ltr'><strong>boum</strong></span> <span class='ocrx_word' id='word_1_612' title='bbox 886 2151 978 2179; x_wconf 83' lang='lat' dir='ltr'><strong>nervis</strong></span> <span class='ocrx_word' id='word_1_613' title='bbox 1001 2152 1026 2178; x_wconf 87' lang='lat' dir='ltr'><strong>ci</strong></span> 
     </span>
    </p>
   </div>
   <div class='ocr_carea' id='block_1_90' title="bbox 1077 2151 1861 2194">
    <p class='ocr_par' dir='ltr' id='par_1_90' title="bbox 1081 2155 1861 2192">
     <span class='ocr_line' id='line_1_91' title="bbox 1081 2155 1861 2192; baseline -0.001 -9"><span class='ocrx_word' id='word_1_614' title='bbox 1081 2157 1168 2184; x_wconf 85' lang='grc' dir='ltr'>ποδῶν</span> <span class='ocrx_word' id='word_1_615' title='bbox 1182 2157 1253 2183; x_wconf 80' lang='grc' dir='ltr'>κατὰ</span> <span class='ocrx_word' id='word_1_616' title='bbox 1267 2157 1387 2191; x_wconf 82' lang='grc' dir='ltr'>κεφαλῆς</span> <span class='ocrx_word' id='word_1_617' title='bbox 1403 2156 1601 2191; x_wconf 75' lang='grc' dir='ltr'>κρεμασθῆναι,</span> <span class='ocrx_word' id='word_1_618' title='bbox 1617 2155 1718 2191; x_wconf 78' lang='grc' dir='ltr'>βοείαις</span> <span class='ocrx_word' id='word_1_619' title='bbox 1728 2156 1755 2183; x_wconf 81' lang='grc' dir='ltr'>δὲ</span> <span class='ocrx_word' id='word_1_620' title='bbox 1768 2157 1861 2192; x_wconf 82' lang='grc' dir='ltr'>ξηραῖς</span> 
     </span>
    </p>
   </div>
   <div class='ocr_carea' id='block_1_91' title="bbox 229 2197 1027 2236">
    <p class='ocr_par' dir='ltr' id='par_1_91' title="bbox 229 2197 1027 2236">
     <span class='ocr_line' id='line_1_92' title="bbox 229 2197 1027 2236; baseline -0.004 -9"><span class='ocrx_word' id='word_1_621' title='bbox 229 2197 329 2236; x_wconf 63' lang='lat' dir='ltr'><strong>plagas</strong></span> <span class='ocrx_word' id='word_1_622' title='bbox 347 2200 442 2236; x_wconf 85' lang='lat' dir='ltr'><strong>inﬂigi.</strong></span> <span class='ocrx_word' id='word_1_623' title='bbox 467 2199 511 2227; x_wconf 80' lang='lat' dir='ltr'><strong>Sic</strong></span> <span class='ocrx_word' id='word_1_624' title='bbox 527 2207 593 2234; x_wconf 77' lang='lat' dir='ltr'><strong>ergo</strong></span> <span class='ocrx_word' id='word_1_625' title='bbox 607 2207 685 2227; x_wconf 78' lang='lat' dir='ltr'><strong>venae</strong></span> <span class='ocrx_word' id='word_1_626' title='bbox 705 2203 806 2233; x_wconf 59' lang='lat' dir='ltr'><strong>aperta1</strong></span> <span class='ocrx_word' id='word_1_627' title='bbox 827 2203 1027 2225; x_wconf 90' lang='lat' dir='ltr'><strong>tormentorum</strong></span> 
     </span>
    </p>
   </div>
   <div class='ocr_carea' id='block_1_92' title="bbox 230 2239 1028 2281">
    <p class='ocr_par' dir='ltr' id='par_1_92' title="bbox 230 2239 1028 2281">
     <span class='ocr_line' id='line_1_93' title="bbox 230 2239 1028 2281; baseline -0.004 -8"><span class='ocrx_word' id='word_1_628' title='bbox 230 2239 377 2278; x_wconf 33' lang='lat' dir='ltr'><strong>:violentia,</strong></span> <span class='ocrx_word' id='word_1_629' title='bbox 411 2251 542 2281; x_wconf 86' lang='lat' dir='ltr'><strong>tanquam</strong></span> <span class='ocrx_word' id='word_1_630' title='bbox 566 2253 601 2273; x_wconf 84' lang='lat' dir='ltr'><strong>ex</strong></span> <span class='ocrx_word' id='word_1_631' title='bbox 628 2245 706 2272; x_wconf 81' lang='lat' dir='ltr'><strong>fonte</strong></span> <span class='ocrx_word' id='word_1_632' title='bbox 731 2244 889 2279; x_wconf 58' lang='lat' dir='ltr'><strong>praebebant</strong></span> <span class='ocrx_word' id='word_1_633' title='bbox 926 2244 1028 2270; x_wconf 72' lang='lat' dir='ltr'><strong>[luxum</strong></span> 
     </span>
    </p>
   </div>
   <div class='ocr_carea' id='block_1_93' title="bbox 235 2290 1028 2328">
    <p class='ocr_par' dir='ltr' id='par_1_93' title="bbox 235 2290 1028 2328">
     <span class='ocr_line' id='line_1_94' title="bbox 235 2290 1028 2328; baseline -0.004 -8"><span class='ocrx_word' id='word_1_634' title='bbox 235 2293 390 2328; x_wconf 75' lang='lat' dir='ltr'><strong>sanguinis.</strong></span> <span class='ocrx_word' id='word_1_635' title='bbox 406 2292 459 2326; x_wconf 86' lang='lat' dir='ltr'><strong>Qui</strong></span> <span class='ocrx_word' id='word_1_636' title='bbox 475 2300 542 2320; x_wconf 88' lang='lat' dir='ltr'><strong>vero</strong></span> <span class='ocrx_word' id='word_1_637' title='bbox 568 2291 792 2320; x_wconf 84' lang='lat' dir='ltr'><strong>circumsistebat</strong></span> <span class='ocrx_word' id='word_1_638' title='bbox 810 2291 940 2326; x_wconf 89' lang='lat' dir='ltr'><strong>populus,</strong></span> <span class='ocrx_word' id='word_1_639' title='bbox 952 2290 1028 2325; x_wconf 83' lang='lat' dir='ltr'><strong>judi-</strong></span> 
     </span>
    </p>
   </div>
   <div class='ocr_carea' id='block_1_94' title="bbox 236 2338 1026 2372">
    <p class='ocr_par' dir='ltr' id='par_1_94' title="bbox 236 2338 1026 2372">
     <span class='ocr_line' id='line_1_95' title="bbox 236 2338 1026 2372; baseline -0.005 -4"><span class='ocrx_word' id='word_1_640' title='bbox 236 2348 295 2369; x_wconf 86' lang='lat' dir='ltr'><strong>cem</strong></span> <span class='ocrx_word' id='word_1_641' title='bbox 327 2348 461 2368; x_wconf 87' lang='lat' dir='ltr'><strong>accusans</strong></span> <span class='ocrx_word' id='word_1_642' title='bbox 502 2339 693 2372; x_wconf 78' lang='lat' dir='ltr'><strong>immanitatis,</strong></span> <span class='ocrx_word' id='word_1_643' title='bbox 737 2339 770 2366; x_wconf 86' lang='lat' dir='ltr'><strong>ad</strong></span> <span class='ocrx_word' id='word_1_644' title='bbox 809 2338 1026 2365; x_wconf 85' lang='lat' dir='ltr'><strong>misericordiam</strong></span> 
     </span>
    </p>
   </div>
   <div class='ocr_carea' id='block_1_95' title="bbox 236 2384 1025 2420">
    <p class='ocr_par' dir='ltr' id='par_1_95' title="bbox 236 2384 1025 2420">
     <span class='ocr_line' id='line_1_96' title="bbox 236 2384 1025 2420; baseline -0.005 -6"><span class='ocrx_word' id='word_1_645' title='bbox 236 2386 400 2414; x_wconf 82' lang='lat' dir='ltr'><strong>movebatur</strong></span> <span class='ocrx_word' id='word_1_646' title='bbox 431 2391 460 2414; x_wconf 84' lang='lat' dir='ltr'><strong>et</strong></span> <span class='ocrx_word' id='word_1_647' title='bbox 485 2386 519 2413; x_wconf 87' lang='lat' dir='ltr'><strong>ad</strong></span> <span class='ocrx_word' id='word_1_648' title='bbox 545 2386 690 2420; x_wconf 84' lang='lat' dir='ltr'><strong>laerymas.</strong></span> <span class='ocrx_word' id='word_1_649' title='bbox 718 2389 833 2419; x_wconf 88' lang='lat' dir='ltr'><strong>stupens</strong></span> <span class='ocrx_word' id='word_1_650' title='bbox 859 2384 1025 2412; x_wconf 74' lang='lat' dir='ltr'><strong>sacrosancti</strong></span> 
     </span>
    </p>
   </div>
   <div class='ocr_carea' id='block_1_96' title="bbox 236 2430 1024 2465">
    <p class='ocr_par' dir='ltr' id='par_1_96' title="bbox 236 2430 1024 2465">
     <span class='ocr_line' id='line_1_97' title="bbox 236 2430 1024 2465; baseline -0.005 -4"><span class='ocrx_word' id='word_1_651' title='bbox 236 2433 311 2462; x_wconf 82' lang='lat' dir='ltr'><strong>senis</strong></span> <span class='ocrx_word' id='word_1_652' title='bbox 326 2433 513 2461; x_wconf 81' lang='lat' dir='ltr'><strong>tolerantiam.</strong></span> <span class='ocrx_word' id='word_1_653' title='bbox 541 2432 657 2465; x_wconf 83' lang='lat' dir='ltr'><strong>Quidam</strong></span> <span class='ocrx_word' id='word_1_654' title='bbox 674 2435 767 2459; x_wconf 85' lang='lat' dir='ltr'><strong>autem</strong></span> <span class='ocrx_word' id='word_1_655' title='bbox 789 2439 823 2458; x_wconf 79' lang='lat' dir='ltr'><strong>ex</strong></span> <span class='ocrx_word' id='word_1_656' title='bbox 838 2431 954 2465; x_wconf 85' lang='lat' dir='ltr'><strong>magnis,</strong></span> <span class='ocrx_word' id='word_1_657' title='bbox 978 2430 1024 2465; x_wconf 92' lang='lat' dir='ltr'><strong>qui</strong></span> 
     </span>
    </p>
   </div>
   <div class='ocr_carea' id='block_1_97' title="bbox 230 2473 1024 2513">
    <p class='ocr_par' dir='ltr' id='par_1_97' title="bbox 230 2473 1024 2513">
     <span class='ocr_line' id='line_1_98' title="bbox 230 2473 1024 2513; baseline -0.004 -6"><span class='ocrx_word' id='word_1_658' title='bbox 230 2473 490 2512; x_wconf 62' lang='lat' dir='ltr'><strong>circumsistebant,</strong></span> <span class='ocrx_word' id='word_1_659' title='bbox 506 2483 615 2507; x_wconf 89' lang='lat' dir='ltr'><strong>secreto</strong></span> <span class='ocrx_word' id='word_1_660' title='bbox 633 2478 795 2506; x_wconf 83' lang='lat' dir='ltr'><strong>accedentes</strong></span> <span class='ocrx_word' id='word_1_661' title='bbox 810 2478 843 2505; x_wconf 84' lang='lat' dir='ltr'><strong>ad</strong></span> <span class='ocrx_word' id='word_1_662' title='bbox 866 2482 1024 2513; x_wconf 79' lang='lat' dir='ltr'><strong>martyrem,</strong></span> 
     </span>
    </p>
   </div>
   <div class='ocr_carea' id='block_1_98' title="bbox 230 2521 1024 2560">
    <p class='ocr_par' dir='ltr' id='par_1_98' title="bbox 230 2521 1024 2560">
     <span class='ocr_line' id='line_1_99' title="bbox 230 2521 1024 2560; baseline -0.006 -6"><span class='ocrx_word' id='word_1_663' title='bbox 230 2521 387 2554; x_wconf 78' lang='lat' dir='ltr'><strong>dicebant:</strong></span> <span class='ocrx_word' id='word_1_664' title='bbox 405 2525 482 2553; x_wconf 87' lang='lat' dir='ltr'><strong>Clam</strong></span> <span class='ocrx_word' id='word_1_665' title='bbox 500 2525 646 2552; x_wconf 84' lang='lat' dir='ltr'><strong>nobiscum</strong></span> <span class='ocrx_word' id='word_1_666' title='bbox 662 2524 805 2560; x_wconf 83' lang='lat' dir='ltr'><strong>ingredere</strong></span> <span class='ocrx_word' id='word_1_667' title='bbox 822 2523 849 2550; x_wconf 92' lang='lat' dir='ltr'><strong>in</strong></span> <span class='ocrx_word' id='word_1_668' title='bbox 867 2523 955 2551; x_wconf 86' lang='lat' dir='ltr'><strong>nostri</strong></span> <span class='ocrx_word' id='word_1_669' title='bbox 977 2523 1024 2550; x_wconf 87' lang='lat' dir='ltr'><strong>Dei</strong></span> 
     </span>
    </p>
   </div>
   <div class='ocr_carea' id='block_1_99' title="bbox 238 2569 1026 2607">
    <p class='ocr_par' dir='ltr' id='par_1_99' title="bbox 238 2569 1026 2607">
     <span class='ocr_line' id='line_1_100' title="bbox 238 2569 1026 2607; baseline -0.005 -8"><span class='ocrx_word' id='word_1_670' title='bbox 238 2572 382 2607; x_wconf 87' lang='lat' dir='ltr'><strong>templum,</strong></span> <span class='ocrx_word' id='word_1_671' title='bbox 408 2572 430 2599; x_wconf 90' lang='lat' dir='ltr'><strong>si</strong></span> <span class='ocrx_word' id='word_1_672' title='bbox 455 2579 470 2598; x_wconf 90' lang='lat' dir='ltr'><strong>a</strong></span> <span class='ocrx_word' id='word_1_673' title='bbox 497 2570 592 2598; x_wconf 88' lang='lat' dir='ltr'><strong>multis</strong></span> <span class='ocrx_word' id='word_1_674' title='bbox 616 2570 700 2605; x_wconf 84' lang='lat' dir='ltr'><strong>aspici</strong></span> <span class='ocrx_word' id='word_1_675' title='bbox 725 2569 877 2601; x_wconf 83' lang='lat' dir='ltr'><strong>erubescis,</strong></span> <span class='ocrx_word' id='word_1_676' title='bbox 908 2573 936 2596; x_wconf 88' lang='lat' dir='ltr'><strong>et</strong></span> <span class='ocrx_word' id='word_1_677' title='bbox 964 2576 1026 2595; x_wconf 89' lang='lat' dir='ltr'><strong>cum</strong></span> 
     </span>
    </p>
   </div>
   <div class='ocr_carea' id='block_1_100' title="bbox 1078 2201 1861 2237">
    <p class='ocr_par' dir='ltr' id='par_1_100' title="bbox 1078 2201 1861 2237">
     <span class='ocr_line' id='line_1_101' title="bbox 1078 2201 1861 2237; baseline -0.003 -8"><span class='ocrx_word' id='word_1_678' title='bbox 1078 2203 1126 2234; x_wconf 79' lang='grc' dir='ltr'><strong>τὰς</strong></span> <span class='ocrx_word' id='word_1_679' title='bbox 1146 2202 1254 2237; x_wconf 86' lang='grc' dir='ltr'>πληγὰς</span> <span class='ocrx_word' id='word_1_680' title='bbox 1269 2202 1466 2234; x_wconf 81' lang='grc' dir='ltr'>ὲπιξαίνεσθαι.</span> <span class='ocrx_word' id='word_1_681' title='bbox 1484 2202 1576 2234; x_wconf 75' lang='grc' dir='ltr'>Οὕτως</span> <span class='ocrx_word' id='word_1_682' title='bbox 1599 2201 1645 2229; x_wconf 83' lang='grc' dir='ltr'>οὖν</span> <span class='ocrx_word' id='word_1_683' title='bbox 1663 2202 1691 2228; x_wconf 81' lang='grc' dir='ltr'>αι</span> <span class='ocrx_word' id='word_1_684' title='bbox 1709 2202 1806 2236; x_wconf 70' lang='grc' dir='ltr'>φλέϐες</span> <span class='ocrx_word' id='word_1_685' title='bbox 1824 2201 1861 2235; x_wconf 80' lang='grc' dir='ltr'>τῷ</span> 
     </span>
    </p>
   </div>
   <div class='ocr_carea' id='block_1_101' title="bbox 1079 2247 1862 2284">
    <p class='ocr_par' dir='ltr' id='par_1_101' title="bbox 1079 2247 1862 2284">
     <span class='ocr_line' id='line_1_102' title="bbox 1079 2247 1862 2284; baseline -0.001 -10"><span class='ocrx_word' id='word_1_686' title='bbox 1079 2247 1158 2284; x_wconf 79' lang='grc' dir='ltr'>βιαίῳ</span> <span class='ocrx_word' id='word_1_687' title='bbox 1186 2247 1240 2274; x_wconf 85' lang='grc' dir='ltr'><strong>τῶν</strong></span> <span class='ocrx_word' id='word_1_688' title='bbox 1261 2247 1400 2282; x_wconf 80' lang='grc' dir='ltr'>αἰκισμῶν</span> <span class='ocrx_word' id='word_1_689' title='bbox 1417 2247 1650 2282; x_wconf 79' lang='grc' dir='ltr'>ἀναστομωθεῖσαι</span> <span class='ocrx_word' id='word_1_690' title='bbox 1671 2247 1708 2279; x_wconf 86' lang='grc' dir='ltr'>ὡς</span> <span class='ocrx_word' id='word_1_691' title='bbox 1727 2248 1758 2273; x_wconf 82' lang='grc' dir='ltr'>ὲκ</span> <span class='ocrx_word' id='word_1_692' title='bbox 1772 2247 1862 2281; x_wconf 75' lang='grc' dir='ltr'>πηγῆς</span> 
     </span>
    </p>
   </div>
   <div class='ocr_carea' id='block_1_102' title="bbox 1077 2293 1863 2330">
    <p class='ocr_par' dir='ltr' id='par_1_102' title="bbox 1077 2293 1863 2330">
     <span class='ocr_line' id='line_1_103' title="bbox 1077 2293 1863 2330; baseline 0 -10"><span class='ocrx_word' id='word_1_693' title='bbox 1077 2296 1206 2329; x_wconf 75' lang='grc' dir='ltr'>παρεῖχον</span> <span class='ocrx_word' id='word_1_694' title='bbox 1222 2294 1255 2321; x_wconf 83' lang='grc' dir='ltr'><strong>τὰ</strong></span> <span class='ocrx_word' id='word_1_695' title='bbox 1279 2294 1383 2329; x_wconf 78' lang='grc' dir='ltr'>αἵματα</span> <span class='ocrx_word' id='word_1_696' title='bbox 1406 2295 1565 2330; x_wconf 78' lang='grc' dir='ltr'>καταρρεῖν.</span> <span class='ocrx_word' id='word_1_697' title='bbox 1597 2294 1634 2321; x_wconf 78' lang='grc' dir='ltr'><strong>Τὸ</strong></span> <span class='ocrx_word' id='word_1_698' title='bbox 1665 2294 1692 2321; x_wconf 84' lang='grc' dir='ltr'>δὲ</span> <span class='ocrx_word' id='word_1_699' title='bbox 1721 2293 1863 2328; x_wconf 73' lang='grc' dir='ltr'>περιεστὺς</span> 
     </span>
    </p>
   </div>
   <div class='ocr_carea' id='block_1_103' title="bbox 1077 2339 1862 2375">
    <p class='ocr_par' dir='ltr' id='par_1_103' title="bbox 1077 2339 1862 2375">
     <span class='ocr_line' id='line_1_104' title="bbox 1077 2339 1862 2375; baseline -0.003 -9"><span class='ocrx_word' id='word_1_700' title='bbox 1077 2340 1178 2372; x_wconf 81' lang='grc' dir='ltr'>πλῆθος</span> <span class='ocrx_word' id='word_1_701' title='bbox 1203 2340 1253 2375; x_wconf 74' lang='grc' dir='ltr'>τὴν</span> <span class='ocrx_word' id='word_1_702' title='bbox 1279 2339 1326 2367; x_wconf 80' lang='grc' dir='ltr'><strong>τοῦ</strong></span> <span class='ocrx_word' id='word_1_703' title='bbox 1351 2339 1480 2367; x_wconf 83' lang='grc' dir='ltr'>δικαστοῦ</span> <span class='ocrx_word' id='word_1_704' title='bbox 1509 2339 1684 2375; x_wconf 73' lang='grc' dir='ltr'>μεμφόμενον</span> <span class='ocrx_word' id='word_1_705' title='bbox 1712 2340 1862 2374; x_wconf 77' lang='grc' dir='ltr'>ἀγριότητα</span> 
     </span>
    </p>
   </div>
   <div class='ocr_carea' id='block_1_104' title="bbox 1081 2383 1863 2421">
    <p class='ocr_par' dir='ltr' id='par_1_104' title="bbox 1081 2383 1863 2421">
     <span class='ocr_line' id='line_1_105' title="bbox 1081 2383 1863 2421; baseline -0.001 -9"><span class='ocrx_word' id='word_1_706' title='bbox 1081 2386 1149 2421; x_wconf 82' lang='grc' dir='ltr'>πρὸς</span> <span class='ocrx_word' id='word_1_707' title='bbox 1163 2383 1252 2413; x_wconf 81' lang='grc' dir='ltr'>οἶκτον</span> <span class='ocrx_word' id='word_1_708' title='bbox 1269 2386 1406 2413; x_wconf 76' lang='grc' dir='ltr'>ἐκινοῦντο</span> <span class='ocrx_word' id='word_1_709' title='bbox 1418 2387 1464 2412; x_wconf 76' lang='grc' dir='ltr'>καὶ</span> <span class='ocrx_word' id='word_1_710' title='bbox 1476 2386 1593 2421; x_wconf 74' lang='grc' dir='ltr'>δάκρυα,</span> <span class='ocrx_word' id='word_1_711' title='bbox 1603 2386 1648 2412; x_wconf 72' lang='grc' dir='ltr'><strong>τὸν</strong></span> <span class='ocrx_word' id='word_1_712' title='bbox 1665 2385 1736 2421; x_wconf 76' lang='grc' dir='ltr'>ἱερὸν</span> <span class='ocrx_word' id='word_1_713' title='bbox 1745 2384 1863 2421; x_wconf 74' lang='grc' dir='ltr'>πρεσϐύ-</span> 
     </span>
    </p>
   </div>
   <div class='ocr_carea' id='block_1_105' title="bbox 1080 2431 1862 2467">
    <p class='ocr_par' dir='ltr' id='par_1_105' title="bbox 1080 2431 1862 2467">
     <span class='ocr_line' id='line_1_106' title="bbox 1080 2431 1862 2467; baseline 0.001 -9"><span class='ocrx_word' id='word_1_714' title='bbox 1080 2441 1130 2467; x_wconf 87' lang='grc' dir='ltr'><strong>την</strong></span> <span class='ocrx_word' id='word_1_715' title='bbox 1153 2431 1203 2467; x_wconf 81' lang='grc' dir='ltr'>τῆς</span> <span class='ocrx_word' id='word_1_716' title='bbox 1232 2433 1371 2467; x_wconf 79' lang='grc' dir='ltr'>ὑπομονῆς</span> <span class='ocrx_word' id='word_1_717' title='bbox 1397 2432 1621 2466; x_wconf 69' lang='grc' dir='ltr'>ἐκπληττόμενοι.</span> <span class='ocrx_word' id='word_1_718' title='bbox 1652 2433 1730 2464; x_wconf 84' lang='grc' dir='ltr'>Τινὲς</span> <span class='ocrx_word' id='word_1_719' title='bbox 1755 2433 1783 2460; x_wconf 78' lang='grc' dir='ltr'>δὲ</span> <span class='ocrx_word' id='word_1_720' title='bbox 1809 2433 1862 2459; x_wconf 77' lang='grc' dir='ltr'><strong>τῶν</strong></span> 
     </span>
    </p>
   </div>
   <div class='ocr_carea' id='block_1_106' title="bbox 1080 2477 1863 2515">
    <p class='ocr_par' dir='ltr' id='par_1_106' title="bbox 1080 2477 1863 2515">
     <span class='ocr_line' id='line_1_107' title="bbox 1080 2477 1863 2515; baseline 0 -11"><span class='ocrx_word' id='word_1_721' title='bbox 1080 2477 1272 2513; x_wconf 79' lang='grc' dir='ltr'>περιεστώτων</span> <span class='ocrx_word' id='word_1_722' title='bbox 1300 2477 1394 2512; x_wconf 86' lang='grc' dir='ltr'>μάγων</span> <span class='ocrx_word' id='word_1_723' title='bbox 1421 2478 1450 2504; x_wconf 80' lang='grc' dir='ltr'>ὲν</span> <span class='ocrx_word' id='word_1_724' title='bbox 1476 2478 1624 2514; x_wconf 76' lang='grc' dir='ltr'>ἀπορρήτῳ</span> <span class='ocrx_word' id='word_1_725' title='bbox 1647 2479 1807 2515; x_wconf 73' lang='grc' dir='ltr'>προσιόντες</span> <span class='ocrx_word' id='word_1_726' title='bbox 1825 2478 1863 2512; x_wconf 79' lang='grc' dir='ltr'>τῷ</span> 
     </span>
    </p>
   </div>
   <div class='ocr_carea' id='block_1_107' title="bbox 1081 2522 1862 2560">
    <p class='ocr_par' dir='ltr' id='par_1_107' title="bbox 1081 2522 1862 2560">
     <span class='ocr_line' id='line_1_108' title="bbox 1081 2522 1862 2560; baseline -0.001 -9"><span class='ocrx_word' id='word_1_727' title='bbox 1081 2525 1210 2560; x_wconf 84' lang='grc' dir='ltr'>μάρτυρι,</span> <span class='ocrx_word' id='word_1_728' title='bbox 1240 2523 1351 2550; x_wconf 84' lang='grc' dir='ltr'>Είσελθε</span> <span class='ocrx_word' id='word_1_729' title='bbox 1372 2523 1431 2558; x_wconf 84' lang='grc' dir='ltr'>μεθ’</span> <span class='ocrx_word' id='word_1_730' title='bbox 1456 2525 1546 2559; x_wconf 81' lang='grc' dir='ltr'>ἡμῶν,</span> <span class='ocrx_word' id='word_1_731' title='bbox 1561 2525 1663 2558; x_wconf 76' lang='grc' dir='ltr'>ἔλεγον,</span> <span class='ocrx_word' id='word_1_732' title='bbox 1691 2525 1731 2554; x_wconf 86' lang='grc' dir='ltr'><strong>εἰς</strong></span> <span class='ocrx_word' id='word_1_733' title='bbox 1755 2524 1800 2550; x_wconf 60' lang='grc' dir='ltr'><strong>τὸν</strong></span> <span class='ocrx_word' id='word_1_734' title='bbox 1816 2522 1862 2550; x_wconf 81' lang='grc' dir='ltr'><strong>τού</strong></span> 
     </span>
    </p>
   </div>
   <div class='ocr_carea' id='block_1_108' title="bbox 1077 2571 1863 2606">
    <p class='ocr_par' dir='ltr' id='par_1_108' title="bbox 1077 2571 1863 2606">
     <span class='ocr_line' id='line_1_109' title="bbox 1077 2571 1863 2606; baseline 0 -8"><span class='ocrx_word' id='word_1_735' title='bbox 1077 2571 1142 2598; x_wconf 77' lang='grc' dir='ltr'>Θεοῦ</span> <span class='ocrx_word' id='word_1_736' title='bbox 1161 2571 1239 2606; x_wconf 80' lang='grc' dir='ltr'>ἡμῶν</span> <span class='ocrx_word' id='word_1_737' title='bbox 1252 2571 1315 2598; x_wconf 81' lang='grc' dir='ltr'>ναδν</span> <span class='ocrx_word' id='word_1_738' title='bbox 1331 2571 1360 2597; x_wconf 79' lang='grc' dir='ltr'>ὲν</span> <span class='ocrx_word' id='word_1_739' title='bbox 1376 2572 1479 2606; x_wconf 79' lang='grc' dir='ltr'>κρυφῇ,</span> <span class='ocrx_word' id='word_1_740' title='bbox 1499 2572 1526 2598; x_wconf 79' lang='grc' dir='ltr'><strong>εί</strong></span> <span class='ocrx_word' id='word_1_741' title='bbox 1549 2580 1580 2606; x_wconf 88' lang='grc' dir='ltr'><strong>γε</strong></span> <span class='ocrx_word' id='word_1_742' title='bbox 1601 2572 1649 2598; x_wconf 73' lang='grc' dir='ltr'><strong>καὶ</strong></span> <span class='ocrx_word' id='word_1_743' title='bbox 1666 2571 1716 2606; x_wconf 87' lang='grc' dir='ltr'>τὴν</span> <span class='ocrx_word' id='word_1_744' title='bbox 1732 2571 1787 2598; x_wconf 87' lang='grc' dir='ltr'><strong>τῶν</strong></span> <span class='ocrx_word' id='word_1_745' title='bbox 1801 2571 1863 2598; x_wconf 77' lang='grc' dir='ltr'>πολ-</span> 
     </span>
    </p>
   </div>
   <div class='ocr_carea' id='block_1_109' title="bbox 237 2610 1026 2653">
    <p class='ocr_par' dir='ltr' id='par_1_109' title="bbox 237 2614 1026 2652">
     <span class='ocr_line' id='line_1_110' title="bbox 237 2614 1026 2652; baseline -0.006 -6"><span class='ocrx_word' id='word_1_746' title='bbox 237 2618 412 2649; x_wconf 79' lang='lat' dir='ltr'><strong>sacriﬁcaris,</strong></span> <span class='ocrx_word' id='word_1_747' title='bbox 430 2618 548 2645; x_wconf 88' lang='lat' dir='ltr'><strong>liberarc</strong></span> <span class='ocrx_word' id='word_1_748' title='bbox 565 2625 580 2644; x_wconf 88' lang='lat' dir='ltr'><strong>a</strong></span> <span class='ocrx_word' id='word_1_749' title='bbox 599 2617 753 2652; x_wconf 78' lang='lat' dir='ltr'><strong>suppliciis.</strong></span> <span class='ocrx_word' id='word_1_750' title='bbox 768 2615 817 2643; x_wconf 79' lang='lat' dir='ltr'><strong>ille</strong></span> <span class='ocrx_word' id='word_1_751' title='bbox 834 2619 947 2642; x_wconf 85' lang='lat' dir='ltr'><strong>autem:</strong></span> <span class='ocrx_word' id='word_1_752' title='bbox 968 2614 1026 2641; x_wconf 81' lang='lat' dir='ltr'><strong>Dis-</strong></span> 
     </span>
    </p>
   </div>
   <div class='ocr_carea' id='block_1_110' title="bbox 1077 2610 1863 2653">
    <p class='ocr_par' dir='ltr' id='par_1_110' title="bbox 1077 2616 1863 2653">
     <span class='ocr_line' id='line_1_111' title="bbox 1077 2616 1863 2653; baseline 0.001 -10"><span class='ocrx_word' id='word_1_753' title='bbox 1077 2616 1128 2644; x_wconf 86' lang='grc' dir='ltr'><strong>λῶν</strong></span> <span class='ocrx_word' id='word_1_754' title='bbox 1143 2617 1204 2652; x_wconf 57' lang='lat' dir='ltr'><strong>balant</strong></span> <span class='ocrx_word' id='word_1_755' title='bbox 1220 2617 1346 2653; x_wconf 70' lang='grc' dir='ltr'>αἰσχύνῃ.</span> <span class='ocrx_word' id='word_1_756' title='bbox 1363 2619 1409 2644; x_wconf 73' lang='grc' dir='ltr'>καὶ</span> <span class='ocrx_word' id='word_1_757' title='bbox 1435 2618 1530 2651; x_wconf 82' lang='grc' dir='ltr'>Θύσας,</span> <span class='ocrx_word' id='word_1_758' title='bbox 1551 2618 1724 2651; x_wconf 75' lang='grc' dir='ltr'>ἀπαλλάγηθι</span> <span class='ocrx_word' id='word_1_759' title='bbox 1741 2618 1794 2644; x_wconf 81' lang='grc' dir='ltr'><strong>τῶν</strong></span> <span class='ocrx_word' id='word_1_760' title='bbox 1820 2626 1863 2644; x_wconf 79' lang='grc' dir='ltr'>κο-</span> 
     </span>
    </p>
   </div>
   <div class='ocr_carea' id='block_1_111' title="bbox 238 2660 1030 2695">
    <p class='ocr_par' dir='ltr' id='par_1_111' title="bbox 238 2660 1030 2695">
     <span class='ocr_line' id='line_1_112' title="bbox 238 2660 1030 2695; baseline -0.005 -4"><span class='ocrx_word' id='word_1_761' title='bbox 238 2663 327 2691; x_wconf 83' lang='lat' dir='ltr'><strong>cedite</strong></span> <span class='ocrx_word' id='word_1_762' title='bbox 342 2671 357 2690; x_wconf 92' lang='lat' dir='ltr'><strong>a</strong></span> <span class='ocrx_word' id='word_1_763' title='bbox 375 2671 430 2695; x_wconf 87' lang='lat' dir='ltr'><strong>mc,</strong></span> <span class='ocrx_word' id='word_1_764' title='bbox 445 2664 519 2690; x_wconf 80' lang='lat' dir='ltr'><strong>clara</strong></span> <span class='ocrx_word' id='word_1_765' title='bbox 535 2670 602 2690; x_wconf 88' lang='lat' dir='ltr'><strong>voce</strong></span> <span class='ocrx_word' id='word_1_766' title='bbox 627 2662 715 2689; x_wconf 83' lang='lat' dir='ltr'><strong>dixit:</strong></span> <span class='ocrx_word' id='word_1_767' title='bbox 735 2661 885 2693; x_wconf 85' lang='lat' dir='ltr'><strong>discedite,</strong></span> <span class='ocrx_word' id='word_1_768' title='bbox 904 2660 951 2695; x_wconf 90' lang='lat' dir='ltr'><strong>qui</strong></span> <span class='ocrx_word' id='word_1_769' title='bbox 966 2668 1030 2694; x_wconf 84' lang='lat' dir='ltr'><strong>ope-</strong></span> 
     </span>
    </p>
   </div>
   <div class='ocr_carea' id='block_1_112' title="bbox 239 2707 1029 2744">
    <p class='ocr_par' dir='ltr' id='par_1_112' title="bbox 239 2707 1029 2744">
     <span class='ocr_line' id='line_1_113' title="bbox 239 2707 1029 2744; baseline -0.003 -9"><span class='ocrx_word' id='word_1_770' title='bbox 239 2709 339 2737; x_wconf 85' lang='lat' dir='ltr'><strong>ramini</strong></span> <span class='ocrx_word' id='word_1_771' title='bbox 367 2710 553 2744; x_wconf 76' lang='lat' dir='ltr'><strong>iniquitatem,</strong></span> <span class='ocrx_word' id='word_1_772' title='bbox 580 2709 711 2744; x_wconf 87' lang='lat' dir='ltr'><strong>quoniam</strong></span> <span class='ocrx_word' id='word_1_773' title='bbox 737 2708 870 2735; x_wconf 89' lang='lat' dir='ltr'><strong>Dominus</strong></span> <span class='ocrx_word' id='word_1_774' title='bbox 889 2707 1029 2735; x_wconf 80' lang='lat' dir='ltr'><strong>exaudivit</strong></span> 
     </span>
    </p>
   </div>
   <div class='ocr_carea' id='block_1_113' title="bbox 240 2754 1030 2789">
    <p class='ocr_par' dir='ltr' id='par_1_113' title="bbox 240 2754 1030 2789">
     <span class='ocr_line' id='line_1_114' title="bbox 240 2754 1030 2789; baseline -0.004 -7"><span class='ocrx_word' id='word_1_775' title='bbox 240 2755 463 2789; x_wconf 83' lang='lat' dir='ltr'><strong>deprecationem</strong></span> <span class='ocrx_word' id='word_1_776' title='bbox 486 2764 586 2784; x_wconf 86' lang='lat' dir='ltr'><strong>meam.</strong></span> <span class='ocrx_word' id='word_1_777' title='bbox 611 2755 715 2782; x_wconf 87' lang='lat' dir='ltr'><strong>Deinde</strong></span> <span class='ocrx_word' id='word_1_778' title='bbox 732 2762 794 2782; x_wconf 89' lang='lat' dir='ltr'><strong>cum</strong></span> <span class='ocrx_word' id='word_1_779' title='bbox 811 2759 866 2781; x_wconf 87' lang='lat' dir='ltr'><strong>tres</strong></span> <span class='ocrx_word' id='word_1_780' title='bbox 886 2754 961 2780; x_wconf 70' lang='lat' dir='ltr'><strong>hora-&#39;2</strong></span> <span class='ocrx_word' id='word_1_781' title='bbox 974 2754 1030 2788; x_wconf 86' lang='lat' dir='ltr'><strong>jam</strong></span> 
     </span>
    </p>
   </div>
   <div class='ocr_carea' id='block_1_114' title="bbox 242 2800 1031 2838">
    <p class='ocr_par' dir='ltr' id='par_1_114' title="bbox 242 2800 1031 2838">
     <span class='ocr_line' id='line_1_115' title="bbox 242 2800 1031 2838; baseline -0.004 -9"><span class='ocrx_word' id='word_1_782' title='bbox 242 2804 458 2837; x_wconf 70' lang='lat' dir='ltr'><strong>pratteriissent,</strong></span> <span class='ocrx_word' id='word_1_783' title='bbox 480 2803 561 2838; x_wconf 87' lang='lat' dir='ltr'><strong>jubet</strong></span> <span class='ocrx_word' id='word_1_784' title='bbox 597 2811 660 2830; x_wconf 85' lang='lat' dir='ltr'><strong>eum</strong></span> <span class='ocrx_word' id='word_1_785' title='bbox 690 2802 842 2830; x_wconf 85' lang='lat' dir='ltr'><strong>relaxatum</strong></span> <span class='ocrx_word' id='word_1_786' title='bbox 869 2809 883 2828; x_wconf 88' lang='lat' dir='ltr'><strong>a</strong></span> <span class='ocrx_word' id='word_1_787' title='bbox 911 2800 1031 2827; x_wconf 88' lang='lat' dir='ltr'><strong>vinculis</strong></span> 
     </span>
    </p>
   </div>
   <div class='ocr_carea' id='block_1_115' title="bbox 240 2847 1028 2884">
    <p class='ocr_par' dir='ltr' id='par_1_115' title="bbox 240 2847 1028 2884">
     <span class='ocr_line' id='line_1_116' title="bbox 240 2847 1028 2884; baseline -0.003 -8"><span class='ocrx_word' id='word_1_788' title='bbox 240 2856 334 2876; x_wconf 85' lang='lat' dir='ltr'><strong>coram</strong></span> <span class='ocrx_word' id='word_1_789' title='bbox 350 2857 379 2877; x_wconf 85' lang='lat' dir='ltr'><strong>se</strong></span> <span class='ocrx_word' id='word_1_790' title='bbox 395 2850 465 2883; x_wconf 86' lang='lat' dir='ltr'><strong>sisti,</strong></span> <span class='ocrx_word' id='word_1_791' title='bbox 477 2855 514 2881; x_wconf 92' lang='lat' dir='ltr'><strong>ct,</strong></span> <span class='ocrx_word' id='word_1_792' title='bbox 524 2849 606 2882; x_wconf 86' lang='lat' dir='ltr'><strong>Quid,</strong></span> <span class='ocrx_word' id='word_1_793' title='bbox 624 2848 723 2884; x_wconf 84' lang='lat' dir='ltr'><strong>inquit,</strong></span> <span class='ocrx_word' id='word_1_794' title='bbox 746 2856 826 2883; x_wconf 81' lang='lat' dir='ltr'><strong>pares</strong></span> <span class='ocrx_word' id='word_1_795' title='bbox 839 2847 928 2881; x_wconf 87' lang='lat' dir='ltr'><strong>jnssui</strong></span> <span class='ocrx_word' id='word_1_796' title='bbox 947 2847 1028 2882; x_wconf 77' lang='lat' dir='ltr'><strong>regis,</strong></span> 
     </span>
    </p>
   </div>
   <div class='ocr_carea' id='block_1_116' title="bbox 242 2894 1028 2931">
    <p class='ocr_par' dir='ltr' id='par_1_116' title="bbox 242 2894 1028 2931">
     <span class='ocr_line' id='line_1_117' title="bbox 242 2894 1028 2931; baseline -0.003 -8"><span class='ocrx_word' id='word_1_797' title='bbox 242 2899 271 2923; x_wconf 77' lang='lat' dir='ltr'><strong>et</strong></span> <span class='ocrx_word' id='word_1_798' title='bbox 282 2894 363 2922; x_wconf 78' lang='lat' dir='ltr'><strong>vitam</strong></span> <span class='ocrx_word' id='word_1_799' title='bbox 376 2897 458 2923; x_wconf 88' lang='lat' dir='ltr'><strong>morti</strong></span> <span class='ocrx_word' id='word_1_800' title='bbox 475 2895 596 2931; x_wconf 61' lang='lat' dir='ltr'><strong>praefers,</strong></span> <span class='ocrx_word' id='word_1_801' title='bbox 609 2903 642 2922; x_wconf 88' lang='lat' dir='ltr'><strong>an</strong></span> <span class='ocrx_word' id='word_1_802' title='bbox 653 2895 724 2922; x_wconf 82' lang='lat' dir='ltr'><strong>non?</strong></span> <span class='ocrx_word' id='word_1_803' title='bbox 738 2894 888 2928; x_wconf 76' lang='lat' dir='ltr'><strong>Respondit</strong></span> <span class='ocrx_word' id='word_1_804' title='bbox 900 2898 1028 2922; x_wconf 80' lang='lat' dir='ltr'><strong>sanctus:</strong></span> 
     </span>
    </p>
   </div>
   <div class='ocr_carea' id='block_1_117' title="bbox 1077 2663 1862 2700">
    <p class='ocr_par' dir='ltr' id='par_1_117' title="bbox 1077 2663 1862 2700">
     <span class='ocr_line' id='line_1_118' title="bbox 1077 2663 1862 2700; baseline -0.003 -10"><span class='ocrx_word' id='word_1_805' title='bbox 1077 2665 1192 2691; x_wconf 81' lang='grc' dir='ltr'>λάσεων.</span> <span class='ocrx_word' id='word_1_806' title='bbox 1211 2663 1240 2690; x_wconf 87' lang='lat'><strong>&#39;0</strong></span> <span class='ocrx_word' id='word_1_807' title='bbox 1254 2664 1292 2695; x_wconf 76' lang='grc' dir='ltr'>δὲ,</span> <span class='ocrx_word' id='word_1_808' title='bbox 1307 2664 1459 2698; x_wconf 83' lang='grc' dir='ltr'>Ἀπόστητε</span> <span class='ocrx_word' id='word_1_809' title='bbox 1471 2664 1517 2690; x_wconf 83' lang='grc' dir='ltr'>ἀπ’</span> <span class='ocrx_word' id='word_1_810' title='bbox 1532 2665 1610 2699; x_wconf 83' lang='grc' dir='ltr'>ὲμού,</span> <span class='ocrx_word' id='word_1_811' title='bbox 1624 2663 1684 2691; x_wconf 74' lang='grc' dir='ltr'>εἶπε</span> <span class='ocrx_word' id='word_1_812' title='bbox 1699 2665 1814 2700; x_wconf 74' lang='grc' dir='ltr'>λαμπρᾷ</span> <span class='ocrx_word' id='word_1_813' title='bbox 1830 2665 1862 2698; x_wconf 78' lang='grc' dir='ltr'>τῇ</span> 
     </span>
    </p>
   </div>
   <div class='ocr_carea' id='block_1_118' title="bbox 1080 2710 1864 2746">
    <p class='ocr_par' dir='ltr' id='par_1_118' title="bbox 1080 2710 1864 2746">
     <span class='ocr_line' id='line_1_119' title="bbox 1080 2710 1864 2746; baseline -0.001 -9"><span class='ocrx_word' id='word_1_814' title='bbox 1080 2712 1167 2746; x_wconf 81' lang='grc' dir='ltr'>φωνῇ,</span> <span class='ocrx_word' id='word_1_815' title='bbox 1177 2711 1325 2746; x_wconf 82' lang='grc' dir='ltr'>ἀπόστητε,</span> <span class='ocrx_word' id='word_1_816' title='bbox 1337 2710 1360 2737; x_wconf 76' lang='grc' dir='ltr'>οἱ</span> <span class='ocrx_word' id='word_1_817' title='bbox 1373 2710 1422 2745; x_wconf 83' lang='grc' dir='ltr'>τὴν</span> <span class='ocrx_word' id='word_1_818' title='bbox 1433 2711 1546 2744; x_wconf 82' lang='grc' dir='ltr'>ἀνομίαν</span> <span class='ocrx_word' id='word_1_819' title='bbox 1559 2711 1798 2745; x_wconf 58' lang='grc' dir='ltr'>ἑργαζᾶμενοιβτι</span> <span class='ocrx_word' id='word_1_820' title='bbox 1809 2710 1864 2736; x_wconf 88' lang='grc' dir='ltr'><strong>Κύ-</strong></span> 
     </span>
    </p>
   </div>
   <div class='ocr_carea' id='block_1_119' title="bbox 1081 2755 1864 2792">
    <p class='ocr_par' dir='ltr' id='par_1_119' title="bbox 1081 2755 1864 2792">
     <span class='ocr_line' id='line_1_120' title="bbox 1081 2755 1864 2792; baseline -0.003 -9"><span class='ocrx_word' id='word_1_821' title='bbox 1081 2767 1136 2792; x_wconf 81' lang='grc' dir='ltr'>ριος</span> <span class='ocrx_word' id='word_1_822' title='bbox 1153 2759 1201 2791; x_wconf 80' lang='grc' dir='ltr'>τῆς</span> <span class='ocrx_word' id='word_1_823' title='bbox 1218 2756 1335 2791; x_wconf 72' lang='grc' dir='ltr'>δεήσεώς</span> <span class='ocrx_word' id='word_1_824' title='bbox 1353 2765 1402 2791; x_wconf 83' lang='grc' dir='ltr'><strong>μου</strong></span> <span class='ocrx_word' id='word_1_825' title='bbox 1418 2757 1586 2792; x_wconf 79' lang='grc' dir='ltr'>εἰσήκουσεν.</span> <span class='ocrx_word' id='word_1_826' title='bbox 1611 2755 1676 2783; x_wconf 77' lang='grc' dir='ltr'>Εἶτα</span> <span class='ocrx_word' id='word_1_827' title='bbox 1690 2757 1774 2792; x_wconf 81' lang='grc' dir='ltr'>τριῶν</span> <span class='ocrx_word' id='word_1_828' title='bbox 1786 2756 1864 2791; x_wconf 71' lang='grc' dir='ltr'>ὡρῶν</span> 
     </span>
    </p>
   </div>
   <div class='ocr_carea' id='block_1_120' title="bbox 1080 2800 1864 2838">
    <p class='ocr_par' dir='ltr' id='par_1_120' title="bbox 1080 2800 1864 2838">
     <span class='ocr_line' id='line_1_121' title="bbox 1080 2800 1864 2838; baseline -0.003 -9"><span class='ocrx_word' id='word_1_829' title='bbox 1080 2803 1129 2838; x_wconf 65' lang='grc' dir='ltr'>ἤδη</span> <span class='ocrx_word' id='word_1_830' title='bbox 1149 2803 1309 2829; x_wconf 73' lang='grc' dir='ltr'>διελθουσῶν</span> <span class='ocrx_word' id='word_1_831' title='bbox 1330 2803 1435 2829; x_wconf 84' lang='grc' dir='ltr'>κελεύει</span> <span class='ocrx_word' id='word_1_832' title='bbox 1451 2802 1579 2828; x_wconf 75' lang='grc' dir='ltr'>ἀνεθέντα</span> <span class='ocrx_word' id='word_1_833' title='bbox 1597 2803 1650 2828; x_wconf 81' lang='grc' dir='ltr'><strong>τῶν</strong></span> <span class='ocrx_word' id='word_1_834' title='bbox 1667 2801 1780 2835; x_wconf 78' lang='grc' dir='ltr'>πληγῶν</span> <span class='ocrx_word' id='word_1_835' title='bbox 1791 2800 1864 2834; x_wconf 78' lang='grc' dir='ltr'>αὐτῷ</span> 
     </span>
    </p>
   </div>
   <div class='ocr_carea' id='block_1_121' title="bbox 1080 2847 1864 2884">
    <p class='ocr_par' dir='ltr' id='par_1_121' title="bbox 1080 2847 1864 2884">
     <span class='ocr_line' id='line_1_122' title="bbox 1080 2847 1864 2884; baseline -0.005 -8"><span class='ocrx_word' id='word_1_836' title='bbox 1080 2850 1263 2884; x_wconf 73' lang='grc' dir='ltr'>παραστῆναι·</span> <span class='ocrx_word' id='word_1_837' title='bbox 1289 2849 1346 2882; x_wconf 66' lang='grc' dir='ltr'>καὶ,</span> <span class='ocrx_word' id='word_1_838' title='bbox 1365 2849 1408 2881; x_wconf 81' lang='grc' dir='ltr'>Τί,</span> <span class='ocrx_word' id='word_1_839' title='bbox 1425 2849 1499 2883; x_wconf 69' lang='grc' dir='ltr'>φησὶ,</span> <span class='ocrx_word' id='word_1_840' title='bbox 1517 2848 1599 2883; x_wconf 76' lang='grc' dir='ltr'>πείθῃ</span> <span class='ocrx_word' id='word_1_841' title='bbox 1616 2849 1652 2883; x_wconf 78' lang='grc' dir='ltr'>τῷ</span> <span class='ocrx_word' id='word_1_842' title='bbox 1668 2848 1714 2874; x_wconf 71' lang='grc' dir='ltr'>τοῦ</span> <span class='ocrx_word' id='word_1_843' title='bbox 1732 2847 1864 2882; x_wconf 70' lang='grc' dir='ltr'>βασιλέως</span> 
     </span>
    </p>
   </div>
   <div class='ocr_carea' id='block_1_122' title="bbox 1081 2893 1862 2930">
    <p class='ocr_par' dir='ltr' id='par_1_122' title="bbox 1081 2893 1862 2930">
     <span class='ocr_line' id='line_1_123' title="bbox 1081 2893 1862 2930; baseline -0.003 -10"><span class='ocrx_word' id='word_1_844' title='bbox 1081 2895 1282 2930; x_wconf 77' lang='grc' dir='ltr'>προστάγματι,</span> <span class='ocrx_word' id='word_1_845' title='bbox 1301 2896 1346 2921; x_wconf 62' lang='grc' dir='ltr'><strong>καὶ</strong></span> <span class='ocrx_word' id='word_1_846' title='bbox 1358 2895 1385 2921; x_wconf 73' lang='grc' dir='ltr'><strong>τὸ</strong></span> <span class='ocrx_word' id='word_1_847' title='bbox 1404 2894 1452 2930; x_wconf 73' lang='grc' dir='ltr'>ζῇν</span> <span class='ocrx_word' id='word_1_848' title='bbox 1468 2895 1513 2921; x_wconf 67' lang='grc' dir='ltr'>τοῦ</span> <span class='ocrx_word' id='word_1_849' title='bbox 1534 2895 1679 2921; x_wconf 64' lang='grc' dir='ltr'>ἀποθανεῖν</span> <span class='ocrx_word' id='word_1_850' title='bbox 1696 2893 1862 2928; x_wconf 61' lang='grc' dir='ltr'>ἀπαλλάττῃ</span> 
     </span>
    </p>
   </div>
  </div>
