2056 3151
220 156 273 188 853

643 155 855 187 CERTAMEN
877 158 908 189 S.
932 155 1132 187 ACEPSIMXE
1148 157 1195 188 ET
1210 158 1416 189 SOCIORUM.

1803 154 1855 185 854

219 213 239 250 ἢ
253 213 293 246 ob;
326 210 458 248 ’θ’ἆγιος
483 214 671 250 ἅπεκρῐνατο;
688 215 734 250 Μὴ
752 215 855 249 γένοιτό
881 215 926 251 μοί
943 225 1008 242 ποτε

1064 215 1153 248 Absit,
1169 220 1199 244 nt
1213 224 1263 252 ego
1289 225 1409 251 unquam
1425 224 1487 244 eam
1505 215 1589 243 vitam
1615 214 1738 248 eripiam,
1758 213 1784 240 itt
1801 222 1853 249 qua

221 259 348 295 τοιαύτης
365 260 534 296 ἐπιθυμῆσαι
551 261 623 295 ζωῆς
637 261 666 287 ὲν
707 260 756 288 ίδοι
769 269 803 297 με
815 262 828 288 ὀ
843 262 918 297 ἣλιος
932 261 1007 297 αύτῷ

223 305 323 340 μᾶλλον
339 305 354 339 ἦ
371 305 410 341 τῷ
423 307 521 342 ποιητῇ
540 305 623 333 αὑτοῦ
640 306 690 342 τὴν
710 306 896 343 προσκύνησιν
910 308 1009 334 ἀπονέ-

223 361 318 387 μοντα.
330 352 362 378 Τί
372 352 425 385 δαὶ,
441 354 487 379 καὶ
502 353 683 388 προτιμητέος
699 357 750 385 σοι,
767 352 853 386 εἶπεν,
870 355 884 381 ὁ
897 354 1010 386 θάνατος

221 397 270 431 τῆς
286 397 375 432 ζωῆςς
399 399 428 425 ’0
446 399 523 433 ἆγιος
539 399 604 434 ἔφη’
616 399 679 426 Ναί·
698 400 712 426 ὸ
730 401 785 435 γὰρ
800 401 915 433 θάνατος
933 398 1010 432 οὗτος

222 442 352 477 πρόξενός
373 453 417 478 μοι
430 445 502 480 ζωῆς
517 446 621 480 γίνεται
639 446 750 473 αἰωνίου
770 447 882 480 ἀγαθῶν
897 456 926 474 τε
945 447 1012 473 πολ-

222 486 277 513 λῶν
289 489 356 522 ἡμῖν
375 489 538 518 καθίσταται
560 491 648 522 αἴτιος
668 491 686 518 ἃ
702 491 764 518 οὕτε
787 492 938 527 ὀφθαλμοῖς
953 494 1012 520 ἐστι

223 531 308 558 θεατὰ
324 532 386 560 οὔτε
399 533 467 560 ὠσὶν
481 535 614 569 ἀκουστὰ,
627 535 688 562 οὔτε
711 535 764 571 μὴν
775 537 941 572 καταληπτὰ
956 538 1013 565 δια-

224 578 293 613 νοίᾳ.
320 579 392 614 Πρὸς
408 580 496 607 ταῦτα
523 581 537 608 ό
560 582 642 616 εῐρων
667 583 771 614 ἐκεῖνος
790 583 838 609 καὶ
861 583 1012 618 χλευαστὴς

223 621 270 650 οῐά
282 632 335 658 περ
351 625 472 659 ἑγγελῶν
489 627 529 660 τῷ
544 627 663 663 μάρτυρι
680 628 729 663 τῆς
745 628 904 662 ἀπολογίας,
921 630 1014 663 Μεγά-

223 668 274 701 λας
286 668 334 697 οὖν
346 671 423 705 ἡμῑν,
440 672 503 706 ἔφη,
519 673 568 705 τὰς
584 674 699 709 χάριτας
719 675 837 709 ὀφείλεις
859 675 1013 710 ὁμολογεῖν,

225 715 253 741 cf
263 723 306 742 σοι
318 717 487 751 τηλικούτων
503 719 614 753 ἀγαθῶν
634 720 758 755 πρόξενοι
792 721 1012 757 καθεστήκαμεν.

225 761 338 793 Πάντως
356 763 383 789 δὲ
402 764 450 790 καὶ
467 764 543 799 ἡμᾶς
556 767 700 798 κοινωνοὺς
722 768 812 794 αὐτῶν
832 769 957 802 γενέσθαι
974 778 1014 796 σοι

225 808 456 843 παρασκευάσεις,
473 811 521 837 ἅτε
533 811 565 846 δὴ
580 813 628 839 καὶ
641 814 788 848 συνεργούς
799 823 839 841 σοι
851 816 1013 849 γενομένους

225 854 294 887 πρὸς
305 854 354 889 τὴν
363 855 461 887 κτῆσιν
474 857 523 891 τῆς
532 858 641 885 τοιᾶσδε
655 860 866 895 μακαριότητος.
885 861 913 887 '0
926 861 1002 895 Ξγιος

1059 270 1103 289 me
1127 263 1169 289 sol
1192 262 1294 290 viderit
1317 263 1371 290 sibi
1396 264 1501 298 potius,
1520 270 1602 297 quam
1631 262 1691 297 ejus
1716 259 1853 292 eﬂ'ectori,

1060 309 1228 336 tribttentem
1253 309 1453 336 adorationem.
1471 309 1546 342 ,Quid
1565 311 1656 335 autem
1672 307 1683 333 ?
1700 311 1777 334 estne
1794 306 1854 338 tibi,

1062 355 1162 390 inquit,
1188 364 1262 383 mors
1288 356 1352 383 vita:
1385 356 1588 391 praeponenda?
1618 354 1737 380 Sanctus
1761 354 1852 380 dixit:

1062 399 1152 428 Certe.
1168 400 1229 428 "(BC
1250 402 1324 429 enim
1340 409 1415 429 mors
1434 401 1500 428 mihi
1518 401 1602 428 vitam
1618 406 1747 428 :ctcruam
1763 398 1856 426 conci-

1062 447 1121 478 liat,
1137 452 1224 475 etest
1247 448 1328 475 nobis
1351 456 1433 475 causa
1458 447 1607 474 mttitorum
1634 447 1779 477 bonorum,
1795 452 1856 479 qua!

1062 501 1113 521 nec
1131 498 1247 529 possunt
1269 495 1344 522 cerni
1366 495 1465 527 oculis,
1483 502 1534 521 nec
1553 492 1644 520 audiri
1659 491 1782 521 auribus,
1806 498 1857 517 nec

1063 546 1155 566 mente
1168 540 1379 575 comprehendi.
1397 540 1437 568 Ad
1461 539 1519 567 haec
1534 539 1579 567 illo
1602 538 1706 566 ironice
1728 538 1853 571 loquens,

1062 588 1090 612 et
1106 585 1196 612 veluti
1216 585 1336 612 irridens
1354 585 1481 620 martyris
1496 584 1702 619 responsionem
1718 592 1724 611 :
1747 583 1857 618 Magnas

1062 637 1138 665 ergo,
1154 630 1259 665 inquit,
1288 630 1369 657 nobis
1395 631 1482 657 debes
1507 637 1587 666 agere
1610 629 1723 664 gratias,
1750 628 1772 655 si
1801 633 1855 655 tam

1062 677 1149 704 multa
1180 676 1252 704 bona
1282 677 1331 704 libi
1359 676 1580 704 conciliaviutus.
1606 674 1725 702 Omnino
1758 679 1853 701 autem

1060 722 1172 755 eﬂicies,
1192 727 1220 749 ut
1239 730 1335 750 eorum
1354 730 1466 757 quoque
1479 723 1566 749 simus
1583 726 1673 749 tecutn
1695 720 1854 756 participes,

1063 772 1093 796 ut
1117 768 1165 802 qui
1194 768 1242 796 tibi
1272 769 1408 796 fuerimus
1436 768 1576 803 adjutores
1603 767 1639 801 ait
1657 765 1856 801 acquirendam

1062 814 1145 841 talem
1168 813 1380 841 beatitudinem.
1399 813 1517 840 Sani-tus
1543 817 1653 839 autem:
1678 810 1717 838 Ne
1739 810 1856 843 ironice,

1063 859 1163 894 inquit,
1180 859 1325 886 nobiscum
1343 867 1417 894 agas,
1432 867 1448 886 ο
1472 859 1563 893 iudex.
1579 858 1644 885 Nam
1671 865 1721 885 nos
1744 857 1856 892 quidem

225 898 271 933 Μὴ
287 900 443 935 είρωνεὺου,
460 900 533 934 εἷπε,
546 904 581 929 τὰ
595 904 662 938 πρὸς
681 906 766 939 ἡμᾶς,
783 906 898 933 δικαστά
909 915 916 922 ·
933 908 1014 942 ἡμεῖς

1067 910 1094 932 et
1109 905 1236 935 inimicos
1262 906 1387 940 diligere,
1404 910 1431 932 et
1459 905 1492 932 iis
1512 906 1558 939 qui
1587 913 1636 931 nos
1653 904 1716 931 odio
1744 904 1856 935 habentI

227 944 277 979 μὲν
290 945 345 981 γὰρ
361 947 408 973 καὶ
423 948 486 979 τοὺς
502 948 616 984 ἐχθροὺς
630 950 740 986 ἀγαπᾷν
761 954 806 978 καὶ
823 953 885 982 τοὺς
903 953 1015 987 μισοῦν-

225 998 275 1021 τας
286 992 378 1023 καλῶς
399 995 486 1020 ποιεῖν
508 995 585 1029 παρὰ
607 997 657 1030 τῆς
677 997 753 1029 θείας
778 998 889 1034 ἐντολῆς
912 1007 1015 1026 πεπαι-

225 1035 344 1071 δεύμεθα
357 1046 364 1054 ·
385 1039 454 1074 πλὴν
470 1040 527 1066 ἀλλ’
543 1041 597 1073 ἕως
611 1043 640 1068 ἐν
665 1041 704 1077 τῷ
719 1044 834 1077 παρόντι
849 1044 898 1079 βίῳ
915 1045 1015 1077 ζῶντές

226 1083 320 1117 ἐσμεν,
336 1085 430 1120 ἀμέλει
451 1087 497 1112 καὶ
515 1088 650 1122 εὐχόμεθα
665 1089 715 1124 τῆς
733 1090 837 1126 πλάνης
860 1091 932 1126 ὑμᾶς
950 1092 1017 1118 ἀπο-

227 1129 343 1160 στάντας
370 1132 537 1166 μεταμαθεῖν
559 1133 609 1169 τὴν
626 1135 764 1162 εὐσέϐειαν
790 1137 828 1168 ὡς
852 1137 885 1163 ἂν
907 1137 951 1172 εῐη
967 1139 1013 1164 καὶ

227 1173 291 1208 ὑμῖν
310 1176 389 1209 μερὶς
406 1177 454 1203 καὶ
477 1178 578 1213 κλῆρος
595 1179 624 1206 ὲν
637 1182 694 1211 τοῖς
707 1182 857 1216 ἀφράστοις
879 1183 925 1209 τοῦ
945 1183 1014 1210 Θεοῦ

226 1219 349 1253 ἀγαθοῖς·
365 1222 393 1248 ἐν
415 1223 444 1249 δὲ
458 1223 498 1258 τῷ
513 1225 635 1259 μέλλοντι
651 1227 699 1262 οὐχ
723 1228 788 1263 ἡμῖν
805 1229 910 1256 δέδοται
934 1230 1015 1257 κολά-

227 1273 296 1312 σεοζς
310 1266 506 1304 ὲξαιρείσθαιῆ
522 1271 557 1298 τὰ
575 1272 667 1306 ἀγαθὰ
687 1273 795 1300 διδόναι·
809 1275 888 1302 τοῦτο
903 1277 958 1312 γὰρ
975 1277 1014 1312 τῷ

225 1309 286 1344 Θεῴ
307 1312 395 1338 κεῖται
421 1314 494 1349 μόνῳ
516 1315 555 1350 τῷ
577 1317 626 1344 καὶ
653 1317 780 1350 ἐξουσίαν
804 1320 893 1355 ἔχοντι
909 1309 1014 1357 κρίνειν

225 1357 330 1390 ζῶντάς
344 1367 374 1385 τε
387 1361 434 1386 καὶ
446 1362 570 1396 νεκρούς.

260 1405 325 1433 ΚΓ.
352 1405 381 1433 ⁸0
394 1407 486 1443 ἄρχων
502 1409 564 1444 ἔφη·
581 1410 636 1442 Τὰς
650 1412 779 1444 τοιαύτας
803 1413 962 1448 ἐρεσχελίας
985 1415 1014 1441 ἐν

224 1451 264 1485 τῷ
283 1452 398 1487 παρόντι
413 1455 571 1482 καταλιπὼν
589 1457 637 1482 καὶ
659 1458 693 1485 τὰ
708 1459 956 1494 όνειροπολούμενά
973 1469 1014 1487 σοι

206 1522 212 1526 ,
225 1498 303 1524 ταυτὶ
329 1499 428 1532 ἀγαθὰ,
444 1500 483 1535 τῷ
512 1501 646 1538 βασιλικῷ
662 1505 853 1539 προστάγματι
875 1506 1013 1541 πείσθητι.

232 1544 307 1596 Ἑτιεὶ
322 1547 500 1596 τηλικαύταις
511 1550 639 1576 ὑποϐαλῶ
650 1559 679 1577 σε
689 1553 835 1587 τιμωρίαις
851 1553 888 1584 ὡς
903 1553 948 1579 διὰ
965 1553 1011 1580 συῦ
1026 1567 1046 1596 c

227 1592 273 1618 καὶ
289 1593 350 1624 τοὺς
361 1593 458 1626 ἄλλους
477 1595 622 1636 πεισοῆγαι
635 1597 813 1631 Χριστιανοὺς
825 1599 880 1625 τῶν
894 1600 922 1626 ὲν
934 1600 1014 1634 χερσὶ

226 1638 260 1663 τὰ
276 1638 305 1663 ὲν
331 1639 422 1665 ἐλπίσι
450 1641 584 1676 μηδαμῶς
602 1642 844 1671 ἀπαλλάττεσθαι.
866 1644 895 1670 '0
915 1645 993 1678 ἅγιος
1006 1667 1014 1679 ,

227 1681 313 1709 Τοῦτο
327 1684 380 1719 γάρ
403 1693 448 1719 μοι
462 1685 565 1719 ἔφεσις,
592 1685 664 1720 εἷπε,
683 1689 808 1724 καθάπερ
823 1690 854 1726 δὴ
873 1692 918 1716 καὶ
934 1691 1015 1723 αὐτὸς

228 1727 362 1761 ἔγνωκας,
386 1731 416 1756 τὸ
441 1731 484 1757 διὰ
501 1731 601 1766 τάχους
618 1733 687 1768 πρὸς
707 1734 758 1766 τὰς
781 1735 907 1767 αἰωνίους
927 1745 1016 1771 παρα-

229 1775 388 1810 πεμφθῆκαι
407 1777 499 1811 μονάς.
520 1779 578 1805 Κᾶν
593 1779 676 1812 ἄλλας
701 1781 729 1807 δὲ
751 1781 851 1817 μυρίας
870 1783 1015 1819 ὲπαγᾶγῃς

230 1828 274 1854 μοι
291 1822 436 1857 τιμωρίας,
449 1823 502 1850 κᾶν
521 1825 589 1858 μετὰ
602 1825 631 1851 σὲ
648 1826 752 1861 ἔτερος,
765 1828 974 1863 τετελειωμένος
988 1830 1017 1855 ὲν

227 1867 261 1900 τῇ
285 1867 404 1902 Χριστοῦ
421 1870 516 1906 ἀγάπῃ
541 1871 727 1907 εὑρεθήσομαι
740 1881 746 1888 ·
773 1873 828 1908 ἔχω
842 1874 897 1909 γὰρ
912 1875 958 1901 τὸν
975 1875 1018 1902 ὲν-

231 1911 358 1945 ισχύοντά
386 1922 419 1948 με
447 1914 530 1947 Θεὸν,
559 1915 593 1942 δι’
625 1917 655 1943 ὃν
684 1919 729 1945 καὶ
754 1919 840 1946 ταῦτα
871 1920 1017 1954 ὑπομένειν

230 1957 406 1992 προῄρημαιέ
434 1961 607 1994 Χριστιανοῖς
623 1963 652 1989 δὲ
668 1964 698 1990 οὐ
715 1966 858 2001 προτροπὴ
880 1966 947 2001 πρδςς
969 1966 1018 2000 ἄρ-

230 2010 308 2035 νησιν
323 2005 475 2038 εὐσεϐείας,
497 2007 535 2039 ὡς
553 2009 584 2035 σὺ
600 2008 682 2043 ἔφης,
700 2010 744 2037 διὰ
761 2011 815 2037 τῶν
839 2012 893 2038 σῶν
921 2012 1018 2045 ἔσομαι

232 2048 369 2082 βασάνων,
383 2050 452 2078 ἀλλὰ
469 2053 644 2088 παράκλησις
657 2055 757 2090 μᾶλλον
770 2056 836 2092 πρδς
851 2057 1016 2083 θεοσέϐειαν·

232 2094 308 2120 αὐτοὶ
325 2096 380 2130 γάρ
397 2105 430 2131 με
448 2097 620 2132 καθορῶντες
642 2100 672 2126 ὲν
688 2101 761 2136 γήρᾳ
777 2101 889 2136 τοιούτῳ
904 2102 953 2134 τὰς
970 2110 1019 2134 σας

234 2140 309 2174 παρὰ
321 2141 424 2175 φαῦλον
437 2145 601 2179 ποιούμενον
614 2148 761 2181 τιμωρίας,
772 2147 924 2182 ὑπόδειγμα
939 2149 1020 2175 καλὸν

1064 951 1239 984 benefacere,
1254 958 1268 978 a
1286 952 1381 978 divino
1396 955 1534 987 prmcepto
1550 951 1704 978 didicimus.
1722 950 1857 978 Caeterum

1064 999 1187 1034 quandiu
1201 1007 1296 1025 sutnus
1308 999 1362 1025 vivi
1379 999 1405 1025 in
1423 999 1476 1025 vita
1495 998 1634 1033 przesenti,
1655 998 1739 1024 Deum
1761 1005 1859 1032 preca-

1065 1053 1138 1077 mur,
1154 1050 1184 1071 ut
1203 1045 1238 1071 ab
1258 1053 1355 1072 errore
1381 1044 1569 1076 discedentes,
1587 1043 1700 1070 discatis
1726 1043 1858 1078 pietatem

1065 1096 1093 1118 et
1108 1098 1201 1117 verum
1221 1091 1394 1125 religionem.
1413 1095 1442 1116 ut
1468 1090 1548 1116 vobis
1562 1097 1673 1124 quoque
1702 1089 1737 1115 sit
1754 1096 1816 1123 pars
1830 1092 1858 1114 ct

1063 1144 1124 1165 sors
1142 1137 1169 1164 in
1188 1136 1282 1163 futuro
1303 1138 1329 1163 in
1355 1137 1402 1163 Dei
1425 1136 1516 1166 bonis.
1532 1144 1593 1170 quas
1618 1135 1671 1162 dici
1703 1139 1855 1169 nequeunt.

1062 1182 1122 1209 Non
1133 1187 1176 1210 est
1187 1187 1279 1210 autent
1295 1183 1374 1209 nobis
1389 1183 1482 1209 datum
1498 1182 1539 1209 vel
1554 1190 1569 1208 a
1584 1182 1722 1216 supplicio
1737 1181 1856 1214 eripere,

1063 1229 1106 1256 vel
1121 1229 1193 1256 bona
1207 1229 1282 1256 dare.
1302 1229 1358 1256 Iloc
1373 1234 1416 1256 est
1432 1229 1506 1256 enim
1523 1229 1549 1256 in
1570 1228 1655 1255 solius
1674 1227 1720 1254 Dei
1738 1227 1859 1261 positum

1063 1280 1210 1311 potestate,
1236 1275 1283 1310 qui
1310 1276 1393 1303 habet
1421 1275 1505 1303 etiam
1531 1278 1697 1310 potestatem
1715 1272 1860 1309 judicandi

1063 1321 1142 1349 vivos
1162 1325 1190 1348 et
1204 1325 1339 1348 mortuos.

1098 1410 1280 1438 XXlll.Dixit
1304 1417 1406 1446 praeses
1428 1418 1435 1437 :
1458 1408 1602 1445 Ejusmodi
1627 1407 1860 1435 contentionibus

1063 1457 1154 1484 missis
1163 1458 1189 1484 in
1203 1457 1349 1492 praesentia
1363 1461 1391 1483 et
1403 1456 1437 1484 iis
1450 1455 1532 1483 b0nis
1542 1463 1624 1490 quaca
1636 1459 1660 1482 te
1672 1454 1858 1481 somniantur.

1064 1511 1130 1538 pare
1147 1503 1218 1538 regis
1233 1503 1360 1537 imperio.
1378 1503 1416 1530 Te
1432 1503 1505 1529 enim
1522 1501 1622 1529 talibus
1636 1505 1663 1528 et
1681 1499 1763 1527 tantis
1776 1499 1862 1535 subji-

1065 1549 1136 1576 ciam
1154 1549 1308 1583 suppliciis,
1326 1553 1355 1576 ut
1372 1556 1421 1583 per
1441 1552 1468 1575 te
1482 1548 1528 1575 alii
1545 1555 1657 1582 quoque
1674 1540 1861 1582 persuadeam

1066 1599 1110 1620 tur
1132 1593 1294 1627 Christiani,
1323 1602 1355 1622 ea
1385 1602 1446 1629 qme
1473 1598 1567 1621 tenent
1594 1593 1734 1626 manibus,
1758 1600 1860 1626 nequa-

1064 1647 1148 1675 quam
1173 1645 1346 1668 commutare
1371 1647 1434 1668 eum
1453 1641 1486 1667 iis
1513 1648 1574 1675 quae
1596 1647 1645 1675 spe
1668 1638 1860 1674 apprehende-

1065 1689 1140 1713 runt.
1154 1686 1272 1713 Sanctus
1288 1691 1380 1713 autetn
1397 1695 1404 1714 :
1430 1685 1498 1719 Hoc,
1518 1691 1546 1713 ut
1567 1685 1625 1721 ipse
1644 1693 1754 1721 quoque
1770 1684 1855 1712 nosti.

1064 1733 1182 1761 maxime
1198 1733 1290 1767 cupio,
1307 1740 1389 1768 quam
1406 1732 1541 1760 citissime
1562 1731 1712 1758 transmitti
1730 1731 1763 1758 ad
1778 1736 1860 1758 Luter-

1065 1787 1115 1806 nas
1137 1779 1307 1806 mansiones.
1321 1779 1400 1812 Quod
1415 1779 1437 1806 si
1461 1778 1529 1805 mihi
1553 1777 1621 1805 alios
1643 1777 1860 1804 innumerabiles

1067 1825 1195 1853 intuleris
1219 1825 1372 1858 cruciatus,
1390 1825 1537 1852 autetiam
1553 1829 1616 1860 post
1641 1829 1667 1851 te
1687 1824 1770 1857 alius,
1794 1831 1861 1850 con-

1064 1876 1218 1899 summatus
1237 1871 1362 1899 inveniar
1383 1871 1410 1898 in
1428 1871 1530 1899 Christi
1551 1871 1650 1907 gratia.
1673 1870 1766 1897 llabeo
1783 1870 1858 1898 enim

1066 1917 1152 1945 Deum
1178 1925 1221 1944 me
1245 1918 1470 1951 confirmantem,
1489 1922 1602 1952 propter
1618 1925 1700 1952 quem
1727 1917 1787 1943 hzcc
1804 1916 1860 1950 pati

1066 1962 1210 1989 constitui.
1226 1962 1285 1989 Non
1312 1970 1360 1989 ero
1375 1967 1478 1995 autem,
1494 1967 1524 1989 ut
1538 1967 1566 1989 tu
1593 1961 1673 1993 dicis,
1695 1960 1860 1988 Christianis

1069 2007 1225 2035 adhortatio
1245 2008 1279 2034 ad
1294 2007 1447 2042 negantiam
1464 2009 1593 2043 pietatem
1611 2012 1724 2043 propter
1740 2010 1784 2033 tua
1804 2011 1860 2034 tor-

1069 2057 1172 2085 menta,
1201 2053 1249 2081 sed
1277 2054 1486 2081 incitamentum
1514 2055 1606 2088 potius
1631 2053 1665 2081 ad
1689 2061 1785 2080 verum
1811 2053 1860 2081 Dei

1069 2099 1184 2126 cultum.
1213 2099 1269 2135 Ipsi
1296 2101 1368 2127 enim
1388 2107 1431 2126 me
1456 2099 1581 2127 videntes
1602 2100 1630 2127 in
1653 2099 1700 2128 tali
1718 2104 1862 2127 senectute

1071 2149 1132 2172 tuos
1161 2145 1332 2180 vilipcndere
1366 2145 1516 2178 cruciatus,
1551 2145 1693 2173 habebunt
1714 2146 1861 2180 pulchrum

233 2187 323 2219 ἕξουσι
348 2189 546 2225 γενναιότητος,
555 2192 602 2218 καὶ
614 2192 664 2227 τῆς
688 2193 831 2228 μιμήσεως
851 2195 899 2221 οὐκ
912 2195 1019 2221 ἀπολει-

1069 2191 1213 2226 esempiar
1232 2191 1415 2224 fortitudinis,
1436 2199 1488 2219 nec
1511 2191 1599 2219 deerit
1618 2192 1684 2224 illis,
1700 2199 1781 2227 quem
1796 2191 1860 2218 imi-

232 2232 389 2268 φθήσονται.
407 2234 516 2262 Τούτων
545 2237 664 2270 ἀκούσας
689 2239 703 2264 ὁ
731 2238 823 2273 ἄρχων
855 2240 903 2267 καὶ
924 2240 953 2266 τὺ
970 2240 1017 2267 τοῦ

231 2279 370 2314 μακαρίου
399 2281 527 2316 γέροντος
547 2284 759 2319 ἀκατάπληκτον
784 2285 942 2320 ἐκπλαγεὶς,
964 2287 1017 2313 ύπὸ

228 2333 309 2351 τινων
337 2325 570 2362 διαϐασταχθὲντα
604 2329 722 2362 κελεύει,
753 2331 813 2356 ἐπεὶ
839 2331 877 2367 μὴ
898 2331 1017 2366 βαδίζειν

228 2370 343 2405 ἠδύνατο
353 2392 361 2405 ,
373 2372 412 2406 τῷ
425 2372 606 2410 δεσμωτηρίω
627 2375 708 2402 πάλιν
724 2376 964 2412 κατακλεισθῆναι.

263 2418 327 2444 ΚΔ¹.
348 2417 414 2445 Εἶτα
432 2419 500 2454 “pb:
519 2421 566 2448 τὸν
584 2423 719 2458 μακάριον
731 2423 888 2458 ἀποϐὶέψας
911 2424 1014 2450 Ἀειθα‹

226 2462 285 2495 λᾶν,
306 2464 361 2490 Καὶ
389 2465 434 2497 σὺ,
463 2466 541 2501 φησὶ,
565 2468 615 2502 τῆς
632 2469 719 2503 αὐτῆς
738 2469 790 2505 ἔχῃ
811 2469 1016 2505 παραπληξίας,

227 2509 275 2536 καὶ
289 2509 339 2543 τὴν
351 2510 397 2536 τοῦ
408 2512 537 2545 μεγίστου
550 2514 693 2550 φωστῆρος
706 2516 848 2547 διαπτύεις
859 2517 1016 2552 προσκύνη-

228 2564 287 2589 σιν;
305 2556 336 2583 ’θ
350 2558 399 2592 τῆς
413 2558 544 2594 ἀληοείας
559 2561 647 2596 κῆρυξ
661 2563 849 2598 ἀποκρίνεται·
863 2565 899 2599 Ζῇ
915 2565 1016 2600 Κύριος

232 2601 336 2636 Ἰησοῦς
354 2603 470 2638 Χριστὸς
485 2606 498 2632 ό
512 2605 559 2632 τοῦ
583 2607 683 2640 ζῶντος
700 2609 768 2635 Θεοῦ
783 2610 858 2641 Υἰδες,
884 2612 922 2642 εἰς
938 2611 966 2637 ὃν
985 2612 1015 2637 ὲκ

227 2650 353 2686 νεότητος
371 2651 484 2686 ἤλπισα,
503 2652 541 2684 ὡς
554 2653 720 2688 ἀμετάθετον
741 2657 795 2690 ἔχω
817 2658 861 2683 τὶν
873 2657 1014 2692 λογισμόν·

227 2698 274 2723 καὶ
287 2698 378 2729 οὐδεὶς
395 2700 556 2733 μεταπείσει
584 2709 618 2735 με
643 2702 693 2736 τὴν
707 2702 754 2728 τοῦ
774 2702 841 2728 Θεοῦ
856 2703 936 2738 τιμὴ-β
959 2705 1016 2735 τοῖς

229 2743 313 2770 αὐτοῦ
329 2744 476 2780 κτίσμασιν
491 2746 650 2781 ἀπονεῖμαι.
675 2747 749 2773 Ἐπεὶ
763 2746 865 2774 τούτων
879 2750 892 2774 ό
910 2749 1017 2780 ἀλαζὼν

228 2789 332 2820 ἐκεῖνος
347 2790 393 2815 καὶ
407 2789 544 2824 βάρϐαρος
557 2791 682 2825 imus-1,
698 2792 839 2826 ἔκδςθῆναι
851 2793 905 2819 τῶν
919 2794 1017 2827 ὰςτρα-

227 2834 316 2866 γάλων
341 2836 447 2863 κελεύει
465 2838 511 2863 τὶν
531 2838 618 2871 ἅγιον,
646 2838 684 2872 τῷ
710 2838 780 2873 ξύλῳ
805 2847 833 2865 τε
861 2847 1012 2874 προσαναρ‹

227 2879 337 2915 michi,
352 2883 396 2909 καιὶ
417 2884 474 2914 ταῖς
492 2883 592 2918 βπίαις
615 2883 802 2918 ματτίζεπθαι.
820 2884 848 2911 Ὀ
863 2884 890 2911 δὲ
911 2884 1013 2919 μεγάλη

1069 2243 1172 2266 tentur.
1200 2238 1247 2266 llis
1272 2238 1384 2271 auditis,
1402 2246 1504 2274 praeses
1530 2239 1601 2266 beati
1630 2239 1704 2266 senis
1733 2237 1861 2266 interrita

1068 2284 1225 2312 censtantia
1236 2284 1455 2319 obstupefactus,
1469 2284 1549 2320 jubet
1563 2289 1702 2319 portatum
1715 2283 1748 2310 ab
1763 2283 1861 2317 aliqui-

1067 2331 1130 2363 bus,
1148 2330 1279 2365 quoniam
1300 2331 1405 2366 ingredi
1420 2338 1474 2358 non
1495 2335 1614 2366 poterat,
1634 2337 1732 2358 rursus
1755 2329 1862 2357 includi

1067 2378 1094 2405 in
1114 2386 1237 2406 carcere.

1102 2423 1198 2452 XXIV.
1213 2424 1316 2452 Deinde
1341 2424 1477 2460 aSpicicns
1499 2423 1532 2451 ad
1560 2424 1670 2451 beatum
1685 2422 1854 2451 Eithalam:

1068 2471 1143 2498 Tene
1152 2479 1273 2506 quoque,
1282 2472 1382 2506 inquit,
1394 2472 1494 2498 invasit
1505 2471 1576 2498 idem
1590 2475 1696 2505 stupor,
1706 2475 1733 2497 et
1746 2469 1859 2496 maximi

1067 2517 1211 2545 luminaris
1229 2525 1341 2545 recusas
1355 2517 1567 2545 adorationem?
1585 2516 1743 2552 Respondet
1770 2523 1859 2550 prccco

1067 2564 1212 2592 veritatis:
1238 2564 1312 2592 Vivit
1330 2565 1462 2591 Dominus
1478 2563 1557 2591 Jesus
1575 2562 1714 2594 Christus.
1733 2562 1787 2589 vivi
1809 2562 1856 2589 Dei

1066 2609 1162 2641 Filius,
1178 2609 1205 2636 in
1222 2617 1303 2644 quem
1317 2609 1425 2643 speravi
1439 2617 1453 2636 a
1467 2609 1623 2644 juventute,
1638 2608 1711 2642 quod
1729 2607 1858 2634 immuta-

1067 2655 1147 2683 bilem
1166 2655 1254 2684 babco
1270 2655 1466 2690 cogitationem
1481 2664 1488 2681 ;
1507 2663 1557 2682 nee
1573 2655 1638 2682 mihi
1656 2655 1728 2681 ullus
1743 2662 1858 2687 persna-

1067 2702 1144 2732 serit.
1158 2707 1188 2728 ut
1199 2703 1247 2729 Dei
1258 2703 1391 2729 honorent
1403 2702 1521 2728 tribuam
1533 2700 1616 2728 rebus
1629 2701 1664 2727 ab
1678 2701 1735 2736 ipso
1745 2700 1855 2728 creatis.

1068 2749 1214 2783 Postquam
1237 2749 1293 2776 hare
1315 2749 1421 2776 audivit
1445 2748 1488 2775 ille
1503 2748 1641 2782 superbus
1656 2753 1684 2775 et
1710 2748 1858 2781 barbarus,

1067 2795 1146 2829 jubet
1171 2799 1295 2821 sanctum
1312 2795 1417 2830 alligari
1438 2794 1510 2826 talis,
1529 2799 1556 2820 et
1579 2794 1652 2829 ligno
1665 2794 1792 2828 appendi.
1812 2794 1858 2820 Ille

1069 2842 1160 2865 autem
1174 2846 1269 2873 magna
1285 2847 1352 2866 voce
1365 2839 1529 2874 przedicabat
1542 2847 1569 2866 sc
1584 2847 1643 2866 esse
1656 2839 1856 2866 Ultrisliattlttll.

1069 2884 1153 2920 Magis
1170 2890 1228 2913 erat
1252 2885 1374 2914 defessus
1390 2885 1484 2922 flagris
1499 2886 1628 2914 medendo
1647 2886 1757 2921 impius,
1774 2894 1858 2921 quant
