2056 3151
185 127 241 160 855

798 131 988 164 ADDENDA.
1007 145 1042 152 -
1061 134 1234 165 APRILIS.

1762 137 1819 168 856

184 190 299 214 sanctus
317 184 421 220 aliquid
446 185 770 223 loqueretur_remissum
787 193 814 216 et
830 188 962 224 indignun

1026 190 1057 226 τῇ
1074 192 1151 226 ᾳωνῇ
1163 191 1330 227 Χριστιανδνι
1338 192 1433 219 ἑαυτὸν
1447 191 1640 227 ἀνεκήρυττεν.
1652 191 1816 228 Ἄπειρήκιι

184 238 217 257 ea
242 238 303 264 quae
322 237 374 264 pro
400 230 509 259 Christo
531 236 574 260 est
602 233 782 265 ostendenda.
800 234 974 263 fortitudine.

184 276 268 303 Jubet
293 284 359 311 ergo
384 284 448 304 eum
474 277 509 305 de
536 278 612 314 ligno
636 279 749 314 deponi,
775 284 803 308 et
828 281 888 316 ejus
914 281 975 308 loco

182 323 278 350 induci
293 323 485 358 Manicheum,
496 326 542 359 qui
555 333 649 353 coram
664 332 783 363 martyre
793 332 886 362 aperte
898 335 975 355 suam

180 369 321 404 abjuraret
341 370 514 405 religionem.
530 370 636 398 Jubens
649 379 715 407 ergo
735 377 865 408 torquere
888 373 976 400 Manio

180 415 298 447 cb:eum,
315 416 430 450 cogebat
444 417 482 444 ad
500 418 666 452 negandum.
684 418 731 446 llle
745 425 837 446 autem
854 419 973 454 primum

180 461 293 495 quidem
319 462 476 496 resistebat,
501 467 530 491 et
556 463 690 492 adversus
713 465 805 500 plagas
828 465 974 493 videbatur

178 507 334 536 decertare.
357 508 426 536 Cum
444 513 537 537 autem
553 510 701 539 violentius
716 511 833 539 verbera
856 511 977 539 intenta-

177 557 251 582 rent.
271 554 319 588 qui
344 553 532 589 ﬂageliabant,
553 561 581 584 et
601 565 665 585 eum
691 559 778 593 plagae
792 559 974 586 vehementer

177 605 319 634 urgerent,
336 601 427 629 victus
443 610 458 629 a
476 603 631 635 doloribus,
651 606 745 633 statim
772 606 972 640 inficiabatur;

176 646 216 674 et,
243 643 398 672 Anathema
413 645 519 674 Maneti'
540 651 567 674 et
595 648 655 683 ejus
673 649 861 684 dogmatibus,
879 652 975 679 excla-

177 687 282 715 mabat.
306 689 434 718 Aﬂ‘erunt
453 691 547 726 itaque
564 692 599 720 ad
621 702 684 721 eum
702 694 859 729 formicam,
873 696 975 731 juben-

177 736 219 759 tes
234 733 407 762 interﬁcere.
433 736 481 764 ille
497 743 590 766 autem
616 746 676 767 eam
699 741 793 768 statim
816 742 926 776 accepit
940 749 969 771 et

1027 237 1169 272 μαστίςων
1197 237 1212 264 ὁ
1241 237 1343 273 ἀσεϐὴς
1366 238 1466 274 μᾶλλον
1489 238 1506 274 ἢ
1532 239 1546 265 ὁ
1569 237 1648 273 ἅγιος
1669 238 1816 273 ὑφειμένον

1024 292 1054 310 τι
1068 283 1217 318 φθέγγεται
1229 285 1275 311 καὶ
1290 284 1340 319 τῆς
1356 285 1426 320 ὑπὲρ
1445 285 1564 320 Χριστοῦ
1589 284 1737 320 καρτερίας
1751 285 1817 311 ἀνά-

1026 330 1093 362 ξιον.
1112 330 1229 357 Κελεύει
1254 330 1401 367 τοιγαροῦν
1426 330 1474 357 τοῦ
1502 330 1583 363 ξύλου
1609 331 1816 365 κατενεχθῆναι.

1024 376 1072 403 καί
1090 385 1150 404 τινα
1165 377 1316 413 Μανιχαῖον
1340 377 1386 404 ἐπ’
1405 376 1518 409 ἀτόποις
1533 379 1604 404 τισὶν
1621 377 1720 404 ἁλόντα
1731 377 1771 408 εἰς
1787 377 1818 402 τὸ

1026 421 1110 456 μέσον
1135 421 1264 457 ἀχθῆναι,
1277 423 1335 456 καὶ,
1348 423 1430 459 Ὅρα,
1459 423 1527 458 φησὶ
1546 422 1584 458 τῷ
1608 423 1739 458 μάρτυρι,
1767 421 1816 456 τὴν

1024 468 1129 495 οἰκείαν
1155 469 1238 496 αὑτὸν
1264 469 1415 505 θρησκείαν
1439 469 1594 504 περιφανῶς
1622 468 1813 503 ἐξομνύμενον.

1026 513 1189 545 Αἱκίξεσθαι
1207 512 1254 541 οὖν
1271 515 1422 550 ἐπιτρέψας
1434 515 1481 542 τὸν
1499 516 1650 550 Μανιχαῐον
1675 514 1816 549 ἠνάγκαζε

1026 560 1094 594 πρὸς
1109 559 1158 595 τὴν
1176 561 1303 597 ἄρνησιν.
1332 562 1364 589 '0
1385 562 1414 588 δὲ
1436 562 1577 596 ἀντείχετο
1589 562 1639 596 μὲν
1655 560 1689 587 τὰ
1703 560 1814 595 πρῶτα,

1026 605 1072 632 καὶ
1093 606 1163 641 πρὸς
1187 607 1237 638 τὰς
1257 606 1365 642 πληγὰς
1388 606 1471 642 ἐῴκει
1494 605 1714 640 διαγωνίζεσθαι.
1738 604 1817 631 Ἐπεὶ

1023 650 1051 677 δὲ
1070 651 1221 686 βιαιότερον
1240 652 1266 678 οῑ
1285 651 1465 686 μαστίζοντες
1484 651 1650 683 ἐπετίθεντο,
1668 651 1715 677 καὶ
1740 650 1817 685 ισχυ-

1025 697 1081 731 ρῶς
1097 697 1180 724 αὑτοῦ
1197 698 1344 725 καθίκοντο
1362 699 1389 725 αἱ
1414 697 1529 733 πληγαὶ,
1547 697 1674 732 ἡττηθεὶς
1690 696 1746 722 τῶν
1764 696 1814 722 πό-

1024 752 1078 770 νων
1093 744 1207 779 ἔξαρνος
1222 744 1303 776 εὐθὺς
1320 744 1436 779 γίνεται,
1459 744 1519 776 καὶ,
1541 743 1680 778 Ἀνάθεμα
1695 743 1814 769 Μάνεντι

175 779 324 807 interfecit.
340 781 457 816 Propter
473 784 546 818 quod
561 790 673 813 sanctus
687 786 784 815 laetitia
799 788 929 821 diﬁ'usus,
945 796 961 816 e

1025 787 1071 814 καὶ
1087 789 1143 819 τοῖς
1161 788 1244 815 αὑτοῦ
1259 789 1402 824 δόγμασιν,
1429 785 1536 822 ἐξεϐόα.
1560 788 1615 815 Καὶ
1642 788 1710 822 δῆτα
1727 796 1813 822 προσ-

174 825 210 852 ob
228 825 266 859 id,
288 826 362 861 quod
383 827 485 855 factum
505 829 605 861 fuerat,
632 831 729 859 ridens
745 834 947 868 propemodum
966 835 973 853 ³

1023 835 1137 868 άγουσιν
1155 835 1231 869 αὒτῷ
1249 834 1384 870 μύρμηκα
1407 835 1631 870 προστάσσοντες
1649 834 1762 861 ἀνελεῖν.
1782 834 1812 860 '0

174 869 275 898 Gravia
290 879 399 907 passus,
416 873 517 909 inquit,
536 875 638 904 defecit
654 865 784 906 adorator
797 865 926 914 Manetis,
942 887 962 907 ei

1021 865 1053 906 δέ·
1071 865 1402 916 ἀπέκτεινε-παραγρῆμα
1421 865 1523 908 λαϐὼν.
1553 865 1648 915 Ἐφ’
1671 880 1814 914 διαχυθεὶς

173 916 277 944 caedem
294 917 393 946 fecisse
411 924 453 947 est
476 922 628 954 convictus,
652 928 683 951 ut
706 925 753 959 qui
777 926 863 965 peum
890 934 970 954 suum

173 962 326 992 interemit.
343 965 400 1001 Ego
424 971 517 995 autem
542 970 677 1004 meipsum
693 962 804 998 beatum
829 973 969 1007 existimo,

172 1014 204 1036 ut
215 1009 329 1042 Paulus.
339 1012 412 1047 quod
421 1012 525 1042 Christi
535 1015 638 1043 virtute
649 1021 745 1051 aperte
757 1018 967 1052 corroboratus,

171 1055 221 1090 qui
249 1056 340 1084 dixit:
362 1067 372 1084 ι
392 1059 449 1093 Ego
476 1060 530 1088 vici
547 1061 693 1095 mundum,
713 1072 722 1088 ι
740 1071 875 1093 conservo
886 1065 969 1101 spiri-

171 1105 230 1129 tum
245 1107 274 1131 et
289 1103 412 1132 animum
430 1105 577 1134 invictum.

206 1236 289 1265 XXV.
299 1238 416 1274 Propter
425 1241 484 1270 hac
495 1242 535 1270 ira
548 1244 671 1278 repletus
680 1245 793 1274 insanus
803 1247 898 1282 judex,
912 1248 967 1283 spi-

169 1283 246 1311 nosis
266 1285 330 1312 mali
346 1286 464 1315 Persicae
485 1288 571 1324 virgis
579 1290 659 1325 jubet
674 1296 798 1319 sanctum
812 1293 965 1321 verberari.

169 1329 258 1365 Plaga:
279 1335 371 1359 autem
386 1332 426 1360 sic
450 1341 514 1361 eum
529 1335 721 1370 confecerunt,
737 1341 767 1364 ut
787 1346 874 1374 prope
889 1344 965 1367 esset

170 1381 273 1410 mutus,
288 1382 317 1405 et
345 1387 399 1407 nec
416 1381 535 1408 sentiret
551 1382 662 1417 quidem
677 1385 793 1412 verbera
809 1393 869 1420 quae
892 1386 966 1413 inﬂi-

168 1423 314 1458 gebantur.
346 1424 533 1458 Quamobrem
563 1436 626 1456 cum
643 1437 706 1457 eum
725 1431 885 1465 traxissent,
901 1437 962 1459 tan-

168 1476 251 1504 quam
265 1469 320 1505 jam
337 1477 491 1506 mortuum,
507 1473 581 1502 foras
593 1475 718 1510 ejiciunt.
735 1476 852 1510 Quidam
868 1483 962 1506 autem

1020 926 1034 952 ὁ
1049 927 1127 961 ἅγιος
1141 927 1188 953 καὶ
1201 923 1256 953 οἷον
1271 927 1439 961 ἐπιγελάσας
1455 927 1495 962 τῷ
1513 928 1664 962 γενομένῳ.
1679 927 1811 953 Τεταλαι-

1020 971 1158 1008 πώρηται,
1174 973 1237 1008 ἔφη,
1257 974 1271 999 ὸ
1283 973 1329 1000 τοῦ
1345 974 1484 1005 Μάνεντος
1498 973 1711 1008 λατρευτὴς,καὶ
1729 973 1808 1007 φόνου

1019 1018 1091 1045 ἑάλω
1105 1020 1151 1046 τὸν
1171 1018 1268 1046 ἑαυτοῦ
1280 1019 1347 1047 Θεὸν
1373 1019 1489 1047 ἀνελών.
1523 1019 1594 1053 Ἐγὼ
1615 1019 1644 1045 δέ
1673 1019 1810 1057 μακάριον

1019 1065 1140 1100 ἐμαυτδν
1156 1065 1266 1100 ἥγημαι
1280 1066 1352 1093 κατὰ
1366 1065 1538 1098 Παῦλον,ζὸτι
1549 1064 1668 1100 Χριστοῦ
1684 1066 1716 1100 τῇ
1731 1064 1809 1090 δυνά-

1018 1119 1064 1145 μει
1083 1111 1241 1146 περιφανῶς
1259 1111 1474 1146 κραταιούμενος
1488 1110 1536 1138 τοῦ
1552 1111 1686 1142 εἰπόντος,
1707 1119 1716 1135 ι
1735 1109 1812 1144 Ἐγὼ

1016 1157 1148 1192 νενίκηκα
1176 1158 1222 1185 τὸν
1246 1157 1359 1193 κόσμον,
1379 1166 1388 1183 ι
1407 1157 1542 1193 άήττητὸν
1560 1166 1611 1192 μου
1629 1156 1659 1183 τδ
1679 1157 1807 1191 φρόνημα

1018 1204 1155 1238 συντηρῶ.

1053 1249 1117 1277 KE’.
1136 1250 1230 1285 Θυμοῢ
1257 1250 1412 1286 πληρωθεὶς
1436 1251 1484 1277 ἐπὶ
1510 1250 1597 1284 τούτῳ
1614 1249 1628 1276 ὁ
1644 1249 1804 1285 παράφορος

1014 1296 1144 1331 δικαστὴς
1177 1296 1287 1332 ῥάϐδοις
1323 1297 1393 1333 ῥοῶν
1423 1296 1662 1330 ἐξηκανθωμέναις
1688 1295 1804 1321 τύπτειν

1012 1342 1176 1377 προστάττει
1191 1342 1238 1369 τὸν
1252 1342 1340 1377 ἅγιον.
1353 1342 1433 1370 Οὕτω
1448 1343 1476 1369 δέ
1490 1342 1707 1376 κατειργάσαντο
1722 1341 1805 1368 αὑτὸν

1011 1388 1040 1414 αι
1056 1387 1158 1422 πληγαὶ
1172 1388 1210 1419 ὡς
1225 1389 1273 1415 καὶ
1286 1388 1395 1423 ἄφωνον
1411 1388 1505 1424 σχεδὸν
1518 1387 1655 1422 γενέσθαι,
1672 1388 1719 1414 καὶ
1735 1387 1802 1422 μηδέ

1011 1435 1065 1462 τῶν
1089 1435 1230 1470 ἐπιφανῶν
1256 1435 1471 1463 ἐπαισθάνεσθαι
1489 1442 1496 1450 '
1525 1435 1588 1462 ὅθεν
1616 1435 1664 1462 καὶ
1691 1434 1730 1466 ὡς
1750 1434 1802 1469 ἤδη

1010 1482 1160 1517 τεθνηκότα
1177 1483 1311 1518 σύραντες
1326 1482 1378 1516 ἔξω
1394 1482 1548 1517 ῥίπτουσιν.
1573 1479 1620 1514 Εἷς
1637 1481 1664 1508 δέ
1679 1481 1733 1508 τῶν
1747 1481 1801 1515 μά-

167 1523 200 1542 ex
212 1516 310 1550 magis,
326 1523 389 1544 cum
406 1518 476 1546 forte
491 1519 558 1548 illud
570 1527 671 1556 corpus
688 1523 803 1552 vidisset
814 1524 959 1559 nudatum,

1012 1535 1069 1561 γων
1080 1516 1110 1554 τὺ
1127 1516 1290 1564 καρτερικὸν
1308 1516 1399 1554 ἐκεῖνο
1412 1528 1492 1562 σῶμα
1506 1527 1649 1562 γυμνωθὲν
1662 1527 1800 1562 θεασάμε-

167 1565 195 1589 et
214 1566 320 1590 natura;
338 1565 572 1599 contemplatione
596 1572 689 1597 motus
712 1575 787 1597 esset
802 1571 959 1599 misericor-

167 1607 223 1641 dia,
241 1616 332 1643 panno
353 1617 417 1637 eum
445 1613 544 1646 operit.
570 1613 621 1647 Qui
638 1623 704 1643 vero
731 1621 810 1644 erant
823 1617 958 1653 ejusdem,

167 1655 246 1690 cujus
277 1655 351 1690 ipse,
379 1657 543 1693 religionis.
570 1667 632 1687 cum
661 1663 854 1696 aspexissent,
884 1665 958 1698 quod

167 1700 202 1727 ab
213 1708 246 1728 eo
261 1700 364 1729 factum
387 1703 490 1737 fuerat,
514 1705 698 1734 criminantur
712 1702 864 1744 eum‘apud
889 1717 959 1744 prae-

168 1747 344 1783 sidem:qui
371 1757 437 1777 eum
469 1753 577 1781 acerbis
605 1754 698 1782 statim
725 1756 806 1785 cazdit
830 1757 957 1792 ﬂagellis,

167 1799 196 1822 ct
225 1795 260 1821 ab
288 1795 557 1827 immisericordibus
586 1808 648 1828 eam
673 1803 775 1837 accipit
802 1806 958 1833 mercedem

168 1839 375 1870 misericordiae.
406 1842 523 1870 Beatum
554 1851 648 1873 autem
686 1846 834 1876 Eithaiam
867 1850 958 1878 adhuc

167 1887 320 1922 lpirantem
339 1888 452 1917 tradunt
470 1890 497 1918 in
520 1892 685 1921 custodiam.
708 1893 777 1922 Cum
797 1903 865 1923 vero
879 1904 957 1925 acce—

168 1934 362 1970 pissetjudex,
385 1937 536 1965 maximum
554 1940 701 1974 quemdam
728 1941 884 1975 praesidem,
911 1951 960 1972 no-

166 1981 241 2008 mine
254 1981 412 2016 Saborium,
436 1983 465 2011 in
484 1984 544 2020 ejus
556 1984 650 2013 vicum
671 1986 829 2020 advenisse,
847 1989 894 2023 qui
911 1998 959 2025 ap-

167 2027 324 2062 pellabatur
337 2028 506 2063 Macellaria,
522 2031 550 2058 ei
584 2036 739 2068 martyrum
756 2034 869 2061 mandat
894 2043 960 2064 exa-

166 2074 360 2102 minationem.
386 2075 436 2103 ille
466 2080 574 2112 autem,
604 2085 660 2106 non
690 2079 783 2107 minus
799 2079 902 2116 impius
929 2087 958 2110 et

166 2127 254 2149 saevus
270 2129 354 2156 quam
369 2122 569 2156 praecedentes,
590 2124 730 2159 aspiciens
752 2125 786 2153 ad
814 2132 927 2155 sanctos
947 2135 955 2156 :

1011 1583 1066 1605 νος.
1083 1574 1130 1601 καί
1153 1583 1180 1601 τι
1204 1574 1395 1610 φιλάνθρωπον
1422 1573 1517 1600 παθὼν
1545 1574 1613 1608 πρὸς
1635 1573 1684 1608 τὴν
1704 1573 1797 1608 φύσιν,

1011 1621 1091 1657 ρἀει
1108 1620 1189 1647 τοῦτο
1220 1621 1364 1648 καλύπτει.
1411 1620 1443 1647 Οῑ
1471 1620 1500 1646 δέ
1521 1620 1570 1654 τῆς
1591 1619 1676 1655 αὐτῆς
1699 1619 1797 1653 ἐκείνῳ

1010 1667 1160 1702 θρησκείας
1176 1667 1211 1693 τδ.
1224 1666 1335 1701 γεγονὸς
1353 1666 1518 1701 θεασάμενοι
1530 1665 1723 1693 διαϐάλλουσιν
1747 1665 1797 1691 αὑ-

1009 1713 1055 1740 τὸν
1090 1713 1156 1747 πρὸς
1184 1713 1229 1738 τὸν
1258 1713 1390 1748 ἄρχοντα,
1415 1712 1461 1739 καὶ
1487 1712 1657 1748 παραχρῆμα
1681 1712 1798 1745 πικραῖς

1010 1758 1145 1790 αἰκίζεται
1162 1758 1285 1793 μάστιξι,
1296 1759 1344 1786 καὶ
1358 1758 1455 1793 μισθὸν
1468 1757 1549 1784 τοῦτο
1557 1757 1606 1792 τῆς
1623 1756 1796 1791 συμπαθείας

1009 1804 1086 1838 παρὰ
1101 1803 1156 1830 τῶν
1171 1803 1231 1830 λίαν
1245 1803 1415 1839 ἀσυμπαθῶν
1428 1804 1546 1839 δέχεται.
1569 1804 1621 1830 Τὸν
1638 1803 1729 1838 μέντοι
1744 1811 1797 1836 μα-

1009 1849 1105 1885 κάριον
1136 1849 1278 1876 Ἀειθαλᾶν
1307 1850 1460 1884 ἐμπνέοντα
1486 1849 1526 1876 ἐτι
1553 1849 1592 1884 τῷ
1615 1848 1794 1884 δεσμωτηρὶῳ

1009 1895 1199 1930 παραδιδοῦσι.
1210 1894 1313 1922 Μαθὼν
1322 1895 1350 1922 δέ
1365 1904 1426 1922 τινα
1440 1896 1455 1922 ὸ
1468 1894 1599 1930 δικαστὴς
1611 1895 1730 1930 ἄρχοντα
1739 1896 1794 1921 τῶν

1009 1941 1149 1976 μεγίστων
1166 1941 1306 1976 Σαϐώριον
1318 1941 1439 1976 τοῠνομα
1457 1943 1490 1977 τῇ
1505 1941 1588 1968 αὑτοῦ
1608 1942 1689 1978 κώμῃ
1704 1942 1795 1968 ἐπιδε-

1006 1987 1170 2023 δημηκέναι,
1187 1987 1368 2023 Μακελλαρία
1387 1987 1457 2021 αὕτη
1483 1988 1594 2022 ἐλέγετο
1611 1987 1794 2023 φερωνύμως,

1005 2032 1093 2068 τούτῳ
1107 2033 1156 2068 τὴν
1169 2032 1224 2059 τῶν
1241 2032 1390 2068 μαρτύρων
1405 2032 1529 2064 ἐξέτασιν
1545 2033 1699 2067 ἐπιτρέπει.
1719 2033 1750 2059 '0
1766 2033 1795 2059 δὲ

1005 2080 1062 2111 τοῖς
1074 2079 1258 2115 προλαϐοῦσιν
1273 2079 1374 2114 ὁμοίως
1388 2079 1458 2114 ἔχων
1470 2079 1598 2111 ἀσεϐείας
1611 2080 1656 2106 καὶ
1664 2080 1795 2115 ἀγριότη‹

1004 2134 1060 2158 τος,
1076 2125 1232 2161 ἀποϐλέψας
1258 2126 1327 2161 πρὸς
1343 2126 1406 2157 τοὺς
1430 2126 1536 2160 ἁγίους,
1552 2127 1608 2153 Καὶ
1622 2126 1671 2162 τὴν
1696 2127 1795 2154 πολιὰν

165 2166 303 2200 Vestram,
325 2167 426 2203 inquit,
444 2169 582 2198 reveritus
591 2171 733 2205 canitiem,
751 2176 779 2199 et
793 2179 892 2201 vestra
904 2174 956 2202 mi-

1012 2171 1094 2207 δμῶν,
1111 2171 1198 2205 εἷπεν,
1208 2172 1367 2207 αἰδούμενος
1383 2172 1487 2207 καὶτῆς
1494 2172 1683 2208 ταλαιπωρίας
1693 2173 1794 2199 οἰκτεί-

165 2217 258 2240 sertus
275 2213 444 2248 aﬂiictionis,
457 2215 562 2243 suadeo
574 2220 604 2243 ut
618 2217 704 2245 solem
722 2218 854 2252 adoretis,
869 2225 897 2248 et
908 2228 956 2256 gu-

163 2258 246 2286 stetis
262 2260 426 2295 sanguinem
442 2262 654 2297 sacriﬁciorum,
675 2268 705 2291 ut
720 2272 735 2292 a
751 2269 841 2293 morte
856 2266 955 2294 acerba

163 2302 286 2336 liberati,
321 2305 453 2333 omnibus
472 2307 624 2342 jucundam
651 2308 735 2336 vitam
762 2309 955 2340 lucrifaciatis.

162 2349 258 2386 Sancti
272 2354 366 2379 autem
394 2355 524 2387 tanquam
542 2361 597 2382 uno
614 2361 662 2382 ore
677 2354 809 2383 dixerunt
830 2365 837 2383 :
857 2356 955 2384 Carni-

161 2397 241 2425 voris
269 2397 388 2426 canibus
411 2406 472 2427 mos
501 2404 544 2428 est
568 2401 732 2436 sanguinem
757 2408 880 2437 gustare,
897 2412 952 2433 non

161 2441 334 2471 hominibus.
352 2443 414 2472 Tibi
428 2452 497 2473 vero
508 2447 601 2481 potius
616 2448 748 2476 convenit
762 2449 795 2476 iis
807 2451 951 2484 exsatiari,

160 2489 207 2523 qui
225 2497 256 2517 es
270 2489 359 2518 instar
371 2491 451 2519 canis
466 2492 606 2527 rabiosus,
619 2498 647 2521 et
661 2494 758 2527 latras,
775 2500 804 2523 et
826 2496 953 2526 eﬂeraris

160 2534 189 2562 in
208 2543 271 2562 eum
288 2536 335 2571 qui
353 2541 380 2564 te
396 2536 472 2565 fecit.

196 2581 292 2610 XXVI.
320 2583 470 2618 Postquam
493 2589 585 2612 autem
606 2585 689 2621 jussit
716 2592 828 2616 sanctos
859 2588 953 2625 ﬂagris

160 2626 242 2659 cadi,
262 2634 359 2655 eorum
390 2628 581 2657 misericordia
608 2630 688 2664 moti,
714 2632 762 2667 qui
786 2633 953 2661 circumsta—

161 2671 231 2700 bant
247 2681 254 2699 :
274 2673 453 2708 Decoclione,
471 2675 614 2709 dicebant,
628 2681 736 2712 gustata
752 2678 813 2706 loco
838 2680 950 2715 sangui-

160 2718 216 2750 nis,
232 2719 395 2752 servemini,
411 2725 438 2747 et
451 2721 609 2750 liberemini
621 2723 656 2750 ab
675 2723 709 2750 iis
726 2732 787 2759 quae
805 2725 883 2753 vobis
898 2728 949 2754 im-

163 2764 282 2795 minent,
296 2766 450 2800 suppliciis.
465 2767 508 2795 Illi
530 2776 597 2796 vero
617 2771 821 2805 responderunt
835 2781 842 2798 :
858 2772 948 2805 Absit.

162 2815 194 2837 ut
208 2810 250 2837 vel
266 2815 359 2844 gustu,
373 2812 416 2839 vel
431 2813 488 2840 ullo
510 2815 564 2841 alio
581 2816 663 2843 modo
677 2816 857 2852 inquinemus
872 2819 948 2853 puri-

162 2859 245 2884 tatem
261 2862 361 2884 nosu'm
375 2856 449 2889 fidei,
468 2862 496 2886 et
511 2859 583 2888 hanc
600 2860 750 2896 longaevam
779 2868 947 2892 senectutem

1006 2227 1060 2254 ρων
1085 2218 1157 2253 ὑμᾶς
1174 2219 1301 2254 παραινῶ
1317 2218 1508 2253 προσκυνῆσαι
1535 2218 1604 2254 ἡλίῳ
1619 2218 1667 2245 καὶ
1689 2217 1736 2244 τοῦ
1761 2219 1794 2244 ἐκ

1004 2264 1059 2290 τῶν
1075 2263 1176 2291 θυσιῶν
1190 2265 1306 2300 αἳματος
1318 2263 1584 2298 άπογεύσασθαι,ἴνα
1596 2264 1695 2299 πικροῦ
1707 2264 1793 2291 θανά-

1004 2318 1050 2337 του
1064 2310 1212 2346 ῥυσθέντες
1228 2310 1278 2345 τὴν
1296 2311 1426 2345 γλυκεῖαν
1441 2310 1511 2337 πᾶσι
1535 2309 1610 2346 ζωὴν
1628 2309 1792 2345 κερδήσητε.

1004 2356 1035 2382 οι
1051 2356 1125 2389 ἅγιοι
1140 2355 1178 2387 ὡς
1193 2356 1225 2388 ἐξ
1238 2356 1297 2387 ἐνὸς
1314 2356 1447 2391 στόματος
1459 2356 1527 2392 πρὸς
1541 2356 1633 2388 αὑτὸν,
1646 2356 1709 2388 Τοῖς
1724 2365 1792 2390 σαρ-

1004 2401 1139 2436 κοϐάροις,
1149 2398 1237 2433 εἷπον,
1247 2401 1362 2428 εἴθισται
1378 2402 1457 2429 κυσὶν
1465 2402 1579 2437 αἵματος
1593 2402 1790 2436 ἀπογεύεσθαι,

1002 2446 1053 2474 οὐκ
1066 2446 1231 2482 ἀνθρώποις.
1247 2447 1293 2474 Σοὶ
1304 2447 1332 2474 δὲ
1350 2448 1452 2482 μᾶλλον
1463 2449 1645 2484 ἐμφορεῖσθαι
1662 2448 1792 2476 τοιούτων

1002 2493 1139 2530 προσήκει
1155 2493 1236 2525 κυνὸς
1253 2493 1342 2528 ἔχοντι
1357 2494 1471 2527 λύσσαν,
1485 2495 1533 2522 καὶ
1544 2496 1592 2522 τοῦ
1608 2496 1791 2531 πεποιηκότος

1002 2538 1221 2566 καθυλακτοῦντι
1239 2541 1286 2566 καὶ
1303 2540 1484 2576 ἀγριαίνοντι.

1038 2585 1112 2620 KG’.
1130 2586 1175 2617 Ὠς
1190 2585 1219 2612 δὲ
1243 2586 1292 2612 καὶ
1318 2586 1497 2622 μαστιζεσθαι
1523 2587 1587 2621 τοὺς
1611 2589 1706 2623 ἁγίους
1730 2589 1798 2616 ἐκέ--

1001 2636 1090 2666 λευεν,
1110 2632 1184 2659 ἐλεον
1201 2632 1282 2668 δῆθεν
1302 2633 1393 2660 αὐτῶν
1411 2634 1668 2671 οί.περιεστηκότες
1680 2636 1789 2670 λαμϐά-

999 2687 1102 2711 νοντες,
1128 2678 1296 2713 Ἑψήμ-ιτος,
1317 2678 1421 2712 ἔλεγον,
1439 2681 1499 2707 ἀντὶ
1521 2681 1636 2716 αἵματος
1661 2673 1795 2709 κατίτδ.

999 2725 1131 2753 λανθάνον
1147 2725 1366 2761 ἀπογευσάμενοι
1383 2725 1500 2762 σώθητε.
1524 2728 1571 2755 καὶ¹
1592 2729 1646 2755 τῶν
1663 2730 1788 2764 ἐπηρτη-

1000 2772 1088 2806 μένων
1113 2771 1291 2805 ἀπαλλάγητε
1318 2771 1469 2806 τιμωριῶν.
1498 2773 1529 2799 Οἱ
1547 2773 1585 2805 δὲ,
1612 2774 1655 2810 Μὴ
1681 2775 1787 2808 γένοιτο

997 2819 1075 2853 ἡμῖν,
1104 2818 1299 2854 ἀπεκρίναντο,
1329 2818 1399 2853 μήτε
1425 2819 1546 2854 σχήματι
1567 2822 1636 2856 μήτε
1651 2822 1741 2854 ἄλλως
1755 2823 1787 2848 τὸ

1006 2864 1124 2900 καθαρὸν
1142 2863 1317 2900 ἑπηλυγάσαι
1333 2863 1381 2900 τῆς
1397 2865 1475 2901 ἡμῶν
1491 2867 1608 2900 πίστεως
1623 2869 1711 2897 καὶτὸ
1730 2879 1781 2897 πο»-
