2056 3151
161 153 213 185 857

582 151 787 182 CERTAMEN
809 151 839 181 S.
868 151 912 182 AC
921 151 1070 181 EPSlMxE
1090 151 1139 182 ΕΤ
1159 152 1363 185 SOClORUM.

1737 155 1791 187 838

159 207 303 244 λυχρόνιον
317 206 398 235 τοῦτο
412 215 593 243 καταισχυναι
607 208 707 242 γῆρας.
729 207 760 234 '0
781 207 810 234 δὶ
829 206 951 237 ποικίλος

1003 206 1140 235 dedecore
1168 207 1331 235 alliciamus.
1353 209 1487 237 Venulus
1513 215 1607 237 autem
1624 209 1667 237 illo
1693 218 1793 244 pnes“

162 255 255 290 ἄρχων
268 255 373 286 helvo;
388 253 436 280 καὶ
455 253 553 288 κομιδῆ
578 254 707 289 πονηρὸς,
739 254 810 280 Ἀλλ’
824 254 849 280 ει
867 253 952 288 κρέας

163 301 239 335 ὑμῖν,
257 299 323 334 ἔφη,
347 299 470 334 καθαρὸν
491 299 626 335 ἐνεχθείη¹
647 300 707 326 οὐδὲ
723 301 816 326 τούτου
833 299 867 326 ἃν
882 299 951 326 ἁπο-

162 344 321 379 γεὺσοισθες
340 346 372 372 οι
390 345 464 379 ἅγιοι
479 343 574 371 εἷπον·
599 345 643 378 Ἐξ
654 346 810 380 ἀκαθάρτου
826 345 852 371 τί
864 345 953 372 καθα-

163 391 221 426 ρὸν,
236 391 284 418 καὶ
304 392 337 418 εκ
355 391 454 427 χειρῶν
473 391 532 418 σῶν
547 391 603 418 τῶν
621 392 835 427 μεμολυσμένων
847 392 874 419 τί
888 400 953 419 ποτε

162 437 195 465 ἄν
212 438 364 472 ἁμόλυντον
388 436 427 475 ﬁ;
454 438 553 466 Πασῶν
576 438 666 466 τοίνυν
682 438 737 465 τῶν
760 439 889 465 τοιούτων
913 446 953 466 σοι

165 482 294 517 μηχανῶν
305 482 440 517 ἀφέμενος
455 484 568 517 ταχεῖαν
580 482 630 517 τὴν
650 483 713 510 καθ’
726 483 804 518 ἡμῶν
816 484 955 518 ἀπόφασιν

162 528 323 561 ἐπενεγκεῖν
344 529 548 564 προθυμήοητι·
559 529 621 563 εικῆ
636 529 692 563 γὰρ
709 530 818 563 κοπιᾷς,
830 530 870 560 εις
885 530 952 564 ἀέρα

162 574 248 609 δέρων
262 574 309 600 καὶ
324 574 412 602 παίων
427 575 542 610 ἀμαθῶς
555 575 600 602 τδν
619 575 775 610 ἀδάμαντα.
792 576 878 610 Κοινῆ
895 584 951 602 τοι-

163 620 268 656 γαροῦν
291 621 361 654 μετὰ
376 621 432 648 τῶν
454 622 668 657 συνεδρευόντων
687 622 903 658 διασκεψάμενοι
922 631 953 649 τι

163 666 212 692 καὶ
225 666 412 701 ψηφισάμενοι
422 668 500 702 χερσὶ
508 668 680 702 Χριστιανῶν
690 669 754 700 τοὺς
767 669 861 702 ἁγίους
870 677 953 696 κατα-

161 711 312 746 λευσθῆναι
327 713 427 746 πλῆθος
449 714 622 746 Χριστιανῶν
651 714 873 749 συναθροίζουσι,
896 714 956 749 μεθ’

161 753 200 784 ὧν
225 757 273 784 καὶ
296 758 347 792 τὴν
371 757 525 794 Θαυμασίαν
549 759 699 787 κατέλαϐον
719 760 878 787 Ὶσδσνδούλ.
902 760 958 792 Καὶ

161 803 230 839 δῆτα
245 804 292 831 τὸν
320 805 457 840 μακάριον
479 807 578 842 Ἰωσὴφ
604 807 685 835 πάλιν
709 806 956 840 διαϐαστάσαντες,

160 850 201 882 εις
217 849 247 876 τὺ
261 851 402 886 κριτήριον
420 853 587 887 παριστῶσι.
606 853 698 880 ’Νεύει
724 852 772 880 οὖν
785 853 824 887 τῷ
837 853 957 887 ἡγεμόνι

159 895 175 921 ὁ
190 894 267 929 ἅγιος
281 896 350 931 πρὸς
377 896 459 923 αὑτὸν
475 897 584 931 ἐγγίσαι
607 897 643 929 ὦς
666 906 693 924 τι
717 898 773 924 τῶν
787 899 954 934 ἀπορρήτων

159 941 349 976 ἀκουσομένῳ.
378 942 433 968 Τοῦ
463 943 492 970 δὲ
522 943 623 975 εὐθέως
653 945 877 980 παραγενομένου
905 947 953 973 καὶ

158 986 372 1022 πλησιάσαντος,
386 988 476 1014 σιέλου
490 989 519 1015 τὸ
534 990 623 1024 στόμα
639 990 786 1025 πληρώσας
802 991 816 1017 ό
837 991 954 1026 μάρτυς,

156 1032 207 1059 τοῦ
222 1033 321 1068 μιαροῦ
336 1034 442 1061 ἐκείνου
455 1035 608 1062 καταπτύει
620 1036 779 1071 προσώπου,
789 1038 846 1064 Οὐκ
859 1029 954 1073 αἰσχύ-

158 1086 212 1111 νει,
231 1079 365 1112 ἐπειπὼν,
385 1080 573 1113 ἀναιδέστατα,
589 1082 692 1116 ἀγρίως
707 1081 779 1108 οὕτω
792 1082 840 1109 καὶ
853 1083 954 1118 δυσμε-

159 1123 215 1156 νῶς
230 1125 301 1152 κατὰ
318 1125 366 1160 τῆς
383 1126 478 1161 κοινῆς
494 1128 597 1162 ταύτης
622 1127 829 1163 νεανιευόμενος
844 1129 953 1163 φύσεως

158 1169 208 1195 καὶ
231 1169 312 1204 σῶμα
340 1170 391 1205 ήδη
423 1172 630 1207 νενεκρωμένον
659 1171 738 1204 αὖθις
768 1174 808 1205 εις
829 1174 952 1207 ἐξέτασιν

158 1214 254 1248 ἅγων;
274 1214 303 1241 ’0
331 1215 360 1241 δὲ
387 1216 439 1242 καὶ
460 1217 536 1253 παρὰ
554 1217 610 1244 τῶν
635 1218 852 1253 συνεδρευόντων
867 1220 953 1247 πολλὰ

157 1261 209 1295 τῆς
226 1263 358 1297 περιττῆς
381 1262 485 1297 ταύτης
509 1263 652 1298 ὠμότητος
673 1264 888 1296 κατονειδισθεὶς
905 1273 954 1301 καὶ

157 1307 266 1340 γέλωτα
283 1308 343 1335 οὐδὲ
367 1309 429 1336 ὅσον
456 1310 545 1336 είπεϊν
572 1309 694 1345 ὸφλήσας
717 1310 785 1345 πρὸς
809 1310 860 1346 τὴν
884 1310 952 1338 ἰδίαν

157 1351 239 1379 πάλιν
255 1353 391 1389 καθέδραν
405 1355 574 1390 ὑποστρέφει
589 1357 830 1392 κατῃσχυμμένος.

192 1443 258 1470 KZ’.
272 1443 324 1470 Τδν
339 1444 367 1470 δὲ
383 1444 461 1478 ἅγιον
477 1446 645 1482 πορρωτέρω
669 1456 722 1475 που
748 1447 948 1484 διαστήσαντες

155 1490 206 1517 καὶ
219 1490 307 1517 ὀπίσω
317 1489 355 1517 τὼ
365 1492 439 1527 χεῖρε
453 1492 539 1528 δεσμή
544 1501 640 1525 σαντες
650 1493 748 1529 βόθρον
757 1494 831 1530 αὺτῷ
839 1495 947 1531 διορύσ-

156 1543 248 1568 σουσι,
261 1536 309 1562 καὶ
324 1536 454 1568 καθέντες
471 1537 571 1573 μέχρις
585 1538 686 1572 ὀσφύος
706 1539 790 1566 αὐτὸν
806 1540 945 1575 χωννύου-

1002 256 1032 280 et
1047 253 1197 280 admodum
1224 253 1314 281 malus
1331 262 1339 280 :
1363 255 1399 282 At
1413 255 1437 282 si
1454 256 1488 282 ad
1506 263 1565 288 vos,
1597 256 1696 290 inquit.
1724 264 1793 288 pura

1003 306 1068 326 caro
1083 298 1169 326 fuerit
1186 299 1279 331 allata.
1295 308 1330 327 ne
1342 307 1403 328 eam
1420 301 1533 336 quidem
1549 302 1794 338 gustabitis?San-

1003 345 1038 373 cti
1055 345 1186 373 dixerunt
1200 355 1208 373 :
1225 347 1262 373 Ex
1277 346 1420 374 immundo
1444 347 1576 382 quidnam
1603 349 1749 379 mundum.
1764 354 1793 376 ct

1003 397 1036 417 ex
1054 390 1170 425 pollutis
1186 391 1240 418 luis
1258 391 1386 420 manibus
1403 392 1534 426 quidnam
1559 392 1643 419 fuerit
1668 393 1794 427 impollu—

1005 436 1233 464 tum?0umibus
1246 445 1314 472 ergo
1331 437 1423 465 missis
1442 437 1485 465 his
1509 437 1565 464 luis
1581 438 1792 465 machinationi-

1005 482 1068 515 bus,
1088 482 1115 509 iu
1128 490 1178 510 nos
1192 483 1260 510 velis
1273 484 1328 512 cito
1343 483 1471 519 proferre
1486 483 1665 511 sententiam.
1680 483 1792 511 Frustra

1005 529 1081 555 enim
1107 529 1217 557 laboras
1237 537 1330 557 aerem
1354 530 1515 560 verberans,
1542 534 1570 556 et
1585 537 1634 564 per
1652 529 1792 557 inscitiam

1001 581 1066 601 eum
1087 574 1210 610 pulsans,
1236 575 1282 610 qui
1307 583 1362 602 non
1379 579 1470 610 potest
1494 575 1612 602 domari.
1635 575 1703 602 Cum
1729 583 1794 610 ergo

1002 621 1188 648 communiter
1199 628 1262 648 cum
1273 621 1308 649 iis
1317 621 1364 656 qui
1372 621 1561 653 considebant,
1576 621 1791 653 consultassent,

1000 671 1029 695 et
1045 668 1176 695 tulissent
1200 668 1379 700 sententiam,
1398 672 1428 694 ut
1453 668 1543 695 sancti
1572 667 1792 695 Christianorum

1007 711 1135 740 mauibtﬂ
1158 713 1345 740 obruerentur
1359 712 1507 747 lapidibus,
1523 717 1691 747 congregant
1713 712 1794 739 Chri-

1007 758 1161 786 stianorum
1179 759 1398 791 multitudinem,
1414 766 1477 786 cum
1494 759 1596 794 quibus
1610 758 1793 793 comprehen-

1006 804 1108 833 derunt
1122 805 1204 832 etiam
1220 805 1411 832 admirabilem
1428 805 1502 832 illam
1527 804 1672 837 lsdandul;
1689 809 1791 831 etcum

1006 851 1115 878 beatum
1136 851 1237 886 Ioseph
1254 858 1352 878 rursus
1376 855 1578 885 exportassent,
1605 851 1707 877 sistunt
1728 857 1791 876 eum

1007 897 1033 924 in
1049 897 1188 932 praetorio.
1209 897 1326 924 Sanctus
1343 901 1435 924 autem
1458 897 1555 923 annuit
1571 897 1692 930 prmsidi,
1710 901 1740 923 ut
1759 897 1792 922 ad

1005 951 1035 970 se
1046 943 1165 970 accedat
1193 943 1318 978 propius,
1335 948 1367 970 ut
1387 943 1434 977 qui
1453 950 1583 969 arcanum
1599 943 1703 977 aliquid
1719 947 1793 969 esset

1002 989 1037 1016 ab
1061 997 1093 1016 eo
1110 988 1270 1016 auditurus.
1288 988 1356 1016 Cum
1375 989 1399 1016 is
1417 995 1483 1015 vero
1513 988 1605 1014 statim
1631 987 1793 1014 accessisset

1002 1034 1126 1069 propius,
1148 1041 1252 1069 martyr
1277 1042 1309 1062 os
1328 1034 1446 1069 implens
1471 1034 1568 1065 saliva.
1591 1033 1791 1060 exsecrandum

1001 1081 1078 1109 illum
1095 1081 1200 1109 vultum
1217 1080 1363 1116 conspuit,
1384 1085 1411 1108 et
1428 1088 1436 1107 :
1457 1080 1516 1107 Non
1531 1084 1557 1106 te
1573 1080 1669 1113 pudet,
1690 1079 1790 1113 inquit,

1001 1135 1018 1156 ο
1034 1127 1284 1162 impudentissime,
1303 1131 1356 1153 tam
1371 1125 1530 1153 immaniter
1539 1130 1567 1152 et
1582 1130 1635 1152 tam
1652 1125 1792 1150 hastilitcr

1002 1175 1030 1201 in
1046 1174 1117 1200 hanc
1132 1180 1308 1201 communem
1326 1172 1460 1199 insultare
1492 1176 1631 1203 naturam,
1648 1175 1676 1198 et
1691 1178 1792 1204 corpus

1000 1220 1056 1256 jam
1075 1225 1164 1248 morte
1180 1220 1322 1252 allectum,
1337 1227 1436 1247 rursus
1457 1218 1613 1254 producere
1629 1219 1662 1245 ad
1686 1219 1792 1245 exami-

1002 1267 1163 1294 nationem?
1178 1267 1226 1294 llle
1240 1271 1332 1294 autem
1349 1266 1384 1293 ab
1401 1266 1434 1293 iis
1459 1272 1581 1300 quoque.
1600 1264 1648 1299 qui
1665 1264 1790 1291 considc~

1002 1313 1081 1345 bant,
1104 1317 1218 1348 propter
1237 1312 1308 1340 hanc
1324 1312 1437 1339 nimiam
1459 1311 1653 1338 crudelitatem
1680 1311 1790 1345 probris

1001 1359 1128 1392 aﬂeclus,
1140 1363 1169 1386 et
1187 1359 1344 1386 mirandum
1366 1358 1394 1386 in
1411 1357 1523 1384 modum
1541 1357 1649 1388 irrisus,
1665 1356 1698 1383 ad
1712 1364 1790 1383 suam

1003 1406 1163 1435 cathedram
1182 1407 1256 1434 redit
1270 1406 1378 1441 pudore
1395 1405 1522 1432 allectus.

1036 1452 1145 1480 XXVII.
1167 1451 1236 1480 Cum
1257 1456 1347 1480 autem
1367 1456 1494 1479 sanctum
1525 1450 1609 1485 paulo
1627 1450 1735 1485 longius
1750 1450 1791 1477 di-

997 1499 1159 1531 movissent,
1181 1502 1209 1526 et
1225 1505 1325 1526 manus
1345 1505 1417 1532 pone
1435 1496 1601 1527 vinxissent,
1635 1496 1736 1523 fossam
1762 1497 1788 1524 ei

996 1545 1117 1576 fodiunt.
1132 1549 1160 1572 et
1173 1552 1236 1572 eum
1251 1544 1285 1571 ad
1300 1544 1411 1572 lumbos
1428 1551 1517 1578 usque
1537 1543 1701 1573 demissum.
1717 1542 1789 1569 int‘o-

155 1590 210 1609 σιν,
232 1579 298 1609 Εἶτα
312 1582 376 1614 τοὺς
403 1583 607 1619 συλληφθέντας
630 1585 792 1620 περιιστῶσι
812 1586 945 1621 Χριστια-

1000 1591 1090 1618 diunt.
1106 1590 1211 1618 Deinde
1234 1589 1453 1624 comprehensos
1475 1588 1686 1616 circumsistunt
1710 1587 1788 1615 Chri-

155 1627 232 1660 νοὺς,
262 1629 311 1655 καὶ
338 1629 467 1660 παίοντες
497 1630 606 1664 βάλλειν
635 1630 682 1657 τὸν
706 1630 829 1665 ἀοίδιμον
859 1631 945 1665 λίθοις

152 1674 354 1702 διεκελεύοντο.
373 1675 443 1702 Μεθ’
461 1672 499 1702 ὧν
524 1677 571 1702 καὶ
586 1675 636 1712 τὴν
655 1677 733 1712 ιερὰν
750 1677 899 1705 Ἰσδανδοὺλ
915 1679 950 1707 τὰ

150 1721 236 1755 ὃμοια
261 1722 348 1748 ποιεῖν
363 1722 541 1756 ιπειγόντων,
562 1723 667 1759 ἐκείνη,
687 1723 753 1751 ’Δπὸ
768 1724 816 1751 τοῦ
836 1725 947 1759 αἰῶνος,

150 1766 219 1802 εφη,
228 1767 305 1794 οὐδὲν
319 1768 451 1804 ῆκουσται
462 1769 594 1803 τοιοῦτον,
604 1769 676 1797 ὥστε
693 1771 812 1804 γυναῖκα
823 1771 884 1798 κατ’
904 1773 951 1800 ἀν·

149 1813 226 1849 δρῶν
233 1813 314 1840 ὁσίων
330 1815 408 1849 χεῐρα
418 1815 550 1842 ἐκτείνειν
571 1816 841 1850 καταναγκάζεσθαι,
855 1816 951 1854 ὥσπερ

148 1859 202 1886 νῦν
220 1859 299 1894 ὑμεῖς
323 1862 437 1894 ποιεῖτε,
455 1861 641 1896 ἁποσχόμενοι
670 1861 721 1897 μὲν
736 1861 785 1889 τοῦ
804 1864 874 1889 κατὰ
895 1864 950 1890 τῶν

149 1905 261 1941 ιχθρῶν
285 1906 470 1940 ἀγωνίζεσθαι
485 1907 547 1934 καθ’
569 1907 648 1943 ἡμῶν
671 1908 794 1943 αἴροντες
809 1909 881 1936 ὅπλα
902 1910 949 1937 καὶ

148 1952 205 1989 τὴν
224 1953 344 1990 πατρίδα
366 1954 480 1989 είρήνην
495 1953 616 1988 ἄγουσαν
633 1954 758 1989 αἱμάτων
775 1956 822 1981 καὶ
836 1955 948 1989 σφαγῶν

147 2000 358 2036 ιμπιπλῶντες.
376 2001 408 2027 Οί
423 2000 451 2027 δὲ
464 2000 607 2027 ὀϐελίσκον
618 2001 716 2036 μακρῷ
728 2001 845 2036 καλάμῳ
857 2009 946 2034 παρα-

149 2046 348 2081 δεσμήσαντες
365 2047 472 2072 κεντεῖν
497 2046 572 2081 αὐτῷ
592 2046 638 2072 τὸν
654 2046 732 2080 ἅγιον
751 2046 945 2074 διεκελεύοντο.

147 2092 290 2126 Κάκείνη,
304 2091 350 2126 Μὴ
363 2091 469 2125 γένοιτό
487 2100 543 2126 μοι,
565 2092 628 2127 ἔφη,
645 2092 744 2127 δρᾶσαι
759 2092 891 2118 τοιοῦτον·
907 2092 944 2123 ὡς

145 2138 242 2172 hrum
261 2137 344 2171 ἡδέως
360 2137 393 2164 ἂν
410 2137 542 2172 πρότερον
555 2139 589 2173 τῇ
604 2138 658 2173 ἐμῇ
675 2138 775 2173 καρδίᾳ
798 2137 878 2164 τοῦτο
900 2138 946 2164 ὲκ-

146 2182 364 2218 καταπλήξαιμι
384 2183 400 2218 ἢ
425 2184 494 2217 πρὸς
517 2183 605 2220 βραχὺ
624 2185 670 2211 τοῦ
696 2185 775 2219 ἁγίου
800 2185 833 2212 δι’
861 2185 944 2212 αὑτοῦ

144 2228 252 2266 ψαύσω
268 2229 404 2264 σώματος.
417 2229 510 2261 οὕτως
520 2231 536 2265 ἡ
548 2231 598 2265 μὲν
609 2231 740 2266 ἀνδρικὴν
754 2231 944 2266 ὲπιδειξαμένη

999 1638 1114 1669 stianos,
1128 1641 1156 1663 et
1170 1636 1322 1671 pulsantes,
1343 1635 1442 1670 iubent
1464 1642 1512 1662 eos
1536 1634 1625 1661 virum
1655 1634 1787 1669 inclyznm

999 1687 1134 1718 appetere
1148 1682 1297 1717 lapidibus.
1311 1681 1380 1710 Cum
1390 1681 1493 1717 quibus
1505 1684 1710 1709 sacrosanctam
1723 1688 1787 1715 quo-

999 1738 1055 1765 que
1071 1729 1212 1762 lsdandul,
1230 1733 1263 1756 ut
1277 1728 1377 1756 similia
1392 1728 1505 1758 faceret.
1516 1727 1690 1762 urgentibus,
1718 1726 1787 1753 dixit

998 1775 1045 1803 illa
1059 1785 1065 1803 :
1082 1775 1156 1803 Nihil
1171 1782 1293 1810 unquam
1309 1782 1325 1802 a
1343 1773 1444 1801 saeculo
1459 1774 1512 1801 tale
1530 1773 1581 1800 fuit
1598 1773 1732 1804 auditum,
1758 1777 1787 1799 ut

1000 1826 1114 1856 cogatur
1129 1821 1232 1849 femina
1253 1820 1401 1848 extendere
1423 1827 1536 1847 manum
1553 1819 1687 1846 adversus
1712 1818 1787 1846 viros

999 1870 1121 1898 sanctos,
1139 1865 1279 1900 quomodo
1294 1873 1345 1892 vos
1359 1873 1434 1892 nunc
1456 1864 1557 1896 facitis,
1585 1863 1632 1898 qui
1654 1864 1787 1890 adversus

999 1911 1126 1939 inimicos
1138 1911 1248 1946 quidem
1261 1919 1316 1938 non
1330 1909 1491 1942 decertatis,
1506 1910 1532 1936 in
1543 1917 1594 1936 nos
1609 1913 1700 1935 autem
1710 1916 1785 1934 arma

999 1957 1106 1989 tollitis,
1123 1961 1151 1984 et
1167 1958 1295 1992 patriam,
1311 1964 1371 1991 quas
1387 1956 1462 1991 degit
1477 1955 1505 1982 in
1521 1963 1598 1989 pace,
1613 1955 1745 1989 sanguine
1757 1958 1786 1980 et

998 2003 1074 2030 caede
1102 2003 1233 2037 impletis.
1248 2002 1289 2029 llli
1305 2009 1371 2029 vero
1400 2001 1521 2028 obelisco
1547 2001 1635 2035 longa!
1656 1999 1785 2027 arundini

997 2049 1120 2084 alligato,
1134 2056 1167 2076 eo
1182 2053 1307 2076 sanctum
1327 2055 1452 2082 pungere
1476 2047 1659 2082 imperabant.
1674 2047 1721 2074 Illa
1735 2054 1785 2074 au-

999 2100 1053 2122 tem
1070 2102 1077 2120 :
1094 2094 1182 2127 Absit,
1199 2093 1299 2128 inquit,
1316 2097 1347 2120 ut
1361 2100 1411 2128 ego
1435 2092 1462 2119 id
1481 2092 1590 2120 faciam.
1609 2092 1676 2119 Nam
1691 2099 1742 2127 ego
1758 2092 1785 2119 id

998 2140 1081 2174 prius
1094 2140 1213 2167 libenter
1225 2138 1302 2166 cordi
1319 2145 1380 2165 meo
1395 2138 1519 2170 allixero,
1532 2145 1614 2173 quam
1629 2145 1678 2172 per
1693 2137 1785 2172 ipsum

998 2190 1125 2213 sanctum
1136 2191 1237 2220 corpus
1249 2184 1291 2212 vel
1301 2183 1446 2211 minimum
1455 2183 1599 2218 attingam.
1610 2183 1656 2210 Sic
1668 2183 1712 2210 illa
1726 2183 1783 2217 qui-

998 2231 1060 2259 dem
1076 2231 1184 2259 v-irilem
1196 2230 1350 2258 ostendens
1360 2229 1556 2262 constantiam,
1574 2234 1723 2263 conspecta
1740 2233 1785 2256 est

146 2276 201 2312 τὴν
217 2276 355 2307 ἔνστασιν,
367 2276 500 2311 κρείττων
514 2277 564 2312 τῆς
577 2277 700 2308 επινοίας
711 2276 788 2311 ῶφθη
799 2277 853 2303 τῶν
870 2286 945 2312 μιαι-

999 2278 1137 2313 potentior
1152 2285 1233 2312 quam
1248 2276 1403 2311 cogitarent
1415 2275 1570 2311 parricidae.
1587 2275 1720 2302 Sanctum
1736 2282 1779 2301 au-

146 2324 252 2359 φόνωψ
266 2323 312 2350 τὸν
326 2324 354 2349 δὲ
368 2323 447 2357 ἅγιον
459 2323 607 2355 τοσαύταις
618 2323 713 2358 νιφάσι
727 2323 809 2349 λίθων
826 2324 943 2358 συνέχω-

147 2380 203 2399 σαν
215 2370 253 2401 ὡς
262 2369 348 2405 μόνην
363 2369 480 2405 ὁρᾶσθαι
495 2370 547 2405 τὴν
565 2370 701 2406 κεφαλὴν,
718 2370 764 2397 τοῦ
779 2369 876 2397 λοιποῦ
890 2369 943 2396 ada-

147 2425 240 2454 ματος
251 2417 285 2452 τῇ
304 2417 407 2452 σωρεία
423 2416 479 2443 τῶν
495 2416 577 2444 λίθων
590 2417 830 2452 συγκεχωσμένου.
847 2415 898 2442 'Hv
911 2416 942 2452 δή

146 2473 193 2497 τις
211 2463 268 2491 τῶν
284 2463 391 2490 ἀσεϐῶν
406 2463 547 2499 ἀρχόντων
562 2464 602 2491 ἐτι
630 2464 795 2499 κινουμένην
812 2463 945 2499 ἑωρακὼς

145 2512 192 2538 ινὶ
212 2510 269 2538 τὼν
292 2510 398 2545 δημίων
417 2510 525 2537 κελεύει
547 2510 717 2546 χειροπληθῆ
740 2511 818 2538 λίθον
836 2510 945 2538 λαϐόντι

143 2559 257 2588 ἄνωθεν
272 2558 341 2594 αὐτῇ
354 2559 513 2593 ὲπαφεῑναιτ
525 2556 558 2586 οὗ
572 2559 604 2594 δὴ
621 2559 767 2593 γενομένου
783 2558 830 2586 καὶ
846 2557 886 2593 τῷ
897 2557 945 2584 τοῦ

143 2606 229 2634 λίθου
249 2605 328 2642 βάρει
347 2607 440 2633 τέλεον
455 2605 544 2641 αῢτῆς
565 2604 830 2641 συντριϐείσης,τὴν
847 2605 943 2640 τιμίαν

143 2653 244 2689 ψυχὴν
255 2654 270 2680 ὁ
287 2654 422 2688 μακάριος
437 2653 476 2689 τῷ
488 2651 600 2689 Χριστῷ
614 2652 791 2687 παρατίθησι.
810 2651 944 2678 Φυλάκων

142 2700 242 2728 τοίνυν
256 2701 432 2733 ἐπιστασίαις
446 2701 477 2727 τδ
493 2699 643 2735 πολύτιμον
655 2700 744 2726 ὲκείνο
758 2698 840 2733 σῶμα
853 2697 943 2725 καθάο

143 2754 203 2780 περ
220 2745 358 2781 θησαυρός
373 2753 415 2777 τις
430 2745 614 2780 συνετηρεῖτο.
632 2743 723 2780 Τριῶν
737 2742 766 2769 δὲ
779 2741 942 2768 διελθουσῶν

107 2822 111 2823 γ
141 2793 264 2829 ἡμερῶν
272 2793 318 2820 καὶ
333 2793 466 2828 τετάρτης
479 2793 530 2827 ἢδη
545 2790 814 2825 ἐπικαταλαϐούσης,
829 2788 942 2824 σεισμὸς

143 2837 239 2872 μιγας
258 2834 312 2868 οἷος
330 2837 378 2864 καὶ
394 2837 508 2871 φοϐερὸς
531 2837 646 2871 γίνεται·
661 2833 713 2862 εἶθ’
728 2834 814 2867 οὕτως
835 2835 937 2869 ἀστρα-

141 2884 208 2911 τιῶν
226 2882 449 2918 ὑποφαινομένων
467 2884 586 2918 βροντῶν
599 2892 625 2911 τε
639 2878 774 2917 μεγίστων
786 2882 937 2916 ἐπικαταρ-

1000 2329 1055 2352 tem
1071 2329 1125 2351 tam
1145 2323 1252 2351 crebris
1280 2323 1402 2358 lapidum
1434 2321 1554 2356 nivibus}
1567 2321 1730 2354 obruerunt,
1756 2325 1785 2348 ut

998 2375 1163 2398 cerneretur
1192 2369 1282 2397 solum
1297 2373 1391 2404 caput.
1415 2369 1524 2403 reliquo
1542 2375 1660 2404 corpore
1682 2367 1784 2395 obruto

996 2417 1119 2452 lapidum
1132 2417 1270 2452 congerie.
1280 2415 1358 2449 Quod
1374 2415 1486 2451 quidem
1501 2419 1585 2450 caput
1595 2422 1658 2442 cum
1673 2414 1784 2449 quidam

995 2471 1030 2491 ex
1046 2462 1138 2498 impiis
1155 2461 1454 2498 principibusvidisset
1468 2461 1561 2489 adhuc
1575 2460 1693 2493 moveri,
1704 2460 1784 2496 jubet

995 2509 1044 2536 uni
1060 2516 1094 2536 ex
1109 2507 1264 2541 lictoribus,
1277 2510 1309 2534 ut
1323 2513 1438 2542 accepto
1453 2506 1554 2541 lapide,
1580 2510 1715 2541 quantum
1731 2513 1783 2540 po-

995 2558 1068 2582 terat
1085 2560 1184 2581 manus
1194 2547 1304 2588 capere,
1314 2552 1343 2580 in
1352 2552 1379 2580 id
1392 2552 1512 2587 desuper
1521 2551 1693 2579 immitteret.
1704 2550 1782 2584 Quod

994 2601 1107 2637 quidem
1122 2608 1185 2627 cum
1196 2599 1299 2627 factum
1311 2602 1397 2630 esset.
1407 2602 1436 2626 et
1451 2598 1573 2634 pondere
1586 2597 1687 2633 lapidis
1699 2601 1782 2632 caput

993 2651 1068 2675 esset
1090 2645 1253 2678 contritum,
1278 2645 1376 2672 beatus
1395 2643 1507 2672 Christo
1521 2643 1605 2670 tradit
1631 2642 1784 2678 pretiosam

995 2693 1128 2721 animam.
1144 2693 1234 2727 Atque
1249 2692 1440 2720 venerandum
1459 2689 1570 2724 quidem
1587 2689 1653 2717 illud
1667 2695 1779 2724 corpus.

993 2739 1128 2766 adhibitis
1142 2737 1318 2770 custodibus,
1332 2737 1550 2766 eonservabatur
1566 2740 1697 2770 tanquam
1720 2734 1783 2762 the-

994 2792 1094 2812 taurus
1109 2784 1222 2820 aliquis.
1234 2783 1303 2811 Cum
1322 2788 1378 2811 tres
1389 2788 1481 2810 autem
1495 2782 1554 2809 dies
1568 2781 1783 2816 praeteriissentr

993 2832 1084 2866 etiam
1098 2831 1256 2859 advenisset
1266 2834 1392 2865 quartus,
1407 2828 1513 2857 exstitit
1525 2836 1640 2863 magnus
1652 2832 1680 2856 et
1697 2827 1782 2853 tcrrL

993 2878 1056 2908 bilis
1073 2882 1152 2907 terra:
1168 2882 1269 2906 motus.
1288 2876 1392 2905 Deinde
1403 2883 1464 2904 cum
1484 2875 1524 2903 sic
1542 2880 1707 2910 apparerent
1723 2873 1784 2900 lui:—
