2056 3151
272 171 327 203 863

847 174 1038 206 ADDENDA.
1053 187 1088 194 -
1105 173 1271 205 APRILIS.

1853 170 1906 202 86L

271 227 394 264 seipsum
406 235 574 264 proponere,
586 235 618 257 ac
628 228 737 257 demum
748 229 883 258 doctrina
895 239 951 259 suae
962 235 1060 260 testem

1115 230 1289 262 διδασκαλίας
1314 230 1362 266 τὴν
1377 229 1526 257 πολιτείαν.
1553 228 1679 256 Τοιοῦτον
1693 228 1726 263 δὴ
1739 226 1787 254 οὖν
1802 228 1848 255 καὶ
1863 228 1912 255 νῦν

272 274 374 302 habere
388 275 451 302 vita-
467 274 683 302 institutionem.
700 275 795 302 Talem
811 276 896 309 igitur
909 281 936 304 et
948 285 1021 304 nunc
1034 278 1061 305 in

271 320 424 355 episcopali
440 320 541 347 throno
557 321 703 353 collocate.
721 325 750 348 ut
763 328 814 348 nos
829 328 843 348 a
859 321 961 356 quibus
973 322 1062 357 impe-

272 366 342 392 rium
370 365 552 400 gubernatur,
585 366 694 394 sincere
727 366 894 394 inclinemus
920 367 945 394 ei
973 368 1062 402 capita

272 416 378 443 nostra.
403 417 431 439 et
456 412 542 439 factas
562 412 596 439 ab
611 420 645 440 eo
668 413 900 447 reprehensiones
933 418 1062 448 tanquam

273 457 408 484 medicam
421 458 593 485 curationem
609 458 794 492 excipiamus;
810 466 871 486 cum
885 459 960 486 enim
976 459 1063 487 simus

273 501 412 531 homines.
431 503 515 530 etiam
541 502 717 530 offendamus
732 503 846 529 omnino
870 511 984 532 necesse
1008 508 1061 533 est.

308 549 353 576 111.
370 549 539 584 Religiosum
568 549 764 583 imperatorem
783 549 1003 576 Valentinianum
1025 549 1063 576 ita

272 595 396 623 locutum
425 595 538 629 rogabat
568 601 732 627 conventus,
761 599 792 621 ut
818 595 876 630 ipse
901 595 1062 629 suﬂ'ragium

272 640 369 672 ferret,
379 641 482 675 quippe
493 641 538 674 qui
553 640 688 674 sapientia
701 645 726 667 et
739 641 842 675 pictam
854 643 967 667 ornatus
977 645 1061 668 esset.

273 685 323 713 Ille
337 693 405 713 vero
422 695 428 712 :
447 686 526 714 Vires
545 694 632 718 meas,
655 686 755 721 inquit,
772 686 854 721 longe
871 690 985 720 superat
1001 686 1063 713 talis

273 737 388 760 conatus
404 740 412 760 :
426 737 454 760 at
468 739 517 759 vos
531 733 578 767 qui
596 732 690 759 divina
708 733 795 768 gratia
813 732 948 764 decorati,
966 737 994 759 et
1010 733 1064 760 hoc

272 778 370 805 eodem
382 777 531 812 splendore
541 777 636 804 donati
648 778 725 809 estis,
736 778 824 812 magis
835 786 956 813 congrue
968 778 1064 806 feretis

1114 276 1170 308 τοῖς
1186 276 1392 312 ἀρχιερατικοτς
1402 275 1618 310 ὲγκαθιδρὺσατε
1641 274 1756 309 θρόνοις,
1773 275 1848 303 ὅπως
1864 275 1912 302 καὶ

1114 323 1194 359 ἡμεῖς
1214 323 1238 348 oi
1265 322 1315 358 τὴν
1341 322 1479 356 βασιλείαν
1496 321 1631 352 Ιθὺνοντες
1658 320 1814 355 εἰλικρινῶς
1837 320 1910 354 αὑτῷ

1114 368 1164 399 τὰς
1176 367 1313 404 ἡμετέρας
1340 366 1529 401 ὑποκλίνωμεν
1544 366 1678 399 κεφαλὰς,
1700 366 1749 392 καὶ
1768 366 1831 396 τοὺς
1844 364 1910 399 παρ’

1114 415 1220 442 ἐκείνου
1246 415 1405 450 γινομένους
1423 414 1551 449 ἐλέγχους
1570 414 1607 445 ὡς
1625 413 1752 448 ἰατρικὴν
1778 411 1909 439 ἀσπασώ-

1115 461 1186 496 μιθα
1216 461 1382 496 θεραπείαν·
1404 460 1566 496 ἀνθρώπους
1592 459 1647 495 γὰρ
1664 459 1738 494 ἡμᾶς
1767 458 1847 490 hu;
1863 458 1909 484 καὶ

1115 506 1296 542 προσπταίειν
1311 506 1417 541 ἀνάγκη
1434 505 1553 537 πάντως.

1150 552 1188 579 Γ’.
1207 551 1301 579 Ταῦτα
1316 551 1364 578 τοῦ
1380 550 1510 583 εὐσεϐοῦς
1528 550 1662 586 βασιλέως
1681 548 1908 576 Οὐαλεντινιανοῦ

1115 598 1256 633 εἰρηκότος
1277 598 1293 633 ὴ
1321 598 1431 630 σύνοδος
1462 598 1544 625 αὐτὸν
1570 597 1646 632 ὴξὶου
1672 595 1844 631 ψηφίσασθαι
1862 603 1907 620 σο-

1115 645 1164 677 φὰν
1176 652 1205 669 τε
1222 643 1287 669 δντα
1303 644 1349 670 καὶ
1368 643 1496 678 εὐσεὸείᾳ
1521 642 1721 677 κοσμούμενον.
1746 641 1775 667 '0
1790 640 1819 666 δι
1839 639 1906 673 ἔφη·

1115 688 1216 720 Μεῖζον
1236 688 1328 723 ἢκαθ*
1353 689 1425 723 ἡμᾶς
1441 688 1469 715 τὸ
1493 688 1665 723 ἐγχείρημαο
1685 687 1765 722 ὑμεῖς
1788 685 1844 719 γὰρ
1858 684 1907 718 τῆς

1115 734 1189 765 θείας
1204 733 1349 769 ἠξιωμένοι
1370 734 1483 769 χάριτος
1496 733 1543 760 καὶ
1555 733 1606 768 τὴν
1617 732 1715 767 αίγλην
1731 731 1840 765 ἐκείνην
1853 731 1908 756 εἱσ-

1114 779 1270 814 δεδεγμένοι
1296 780 1408 815 ἄμεινον
1423 779 1582 814 ψηφιεῖσθε.
1595 777 1676 806 Οὗτοι
1693 779 1742 813 μὲν
1752 776 1908 809 ἐξελθόντες

273 824 448 859 suﬂragium.
467 823 514 850 Isti
531 823 614 858 igitur
629 823 694 850 hinc
713 827 848 850 exeuntes
864 824 936 858 apud
952 831 981 851 se
995 824 1062 851 deli-

1115 825 1178 851 an'
1194 825 1307 857 ἑαυτοὺς
1326 825 1516 852 ἐϐουλεύοντο·
1539 825 1565 851 οἱ
1582 824 1610 851 δὲ
1625 824 1675 860 τὴν
1696 824 1774 850 πῆλιν
1800 823 1909 857 ἐκείνην

273 872 451 899 beravcrunt.
463 871 544 898 Cives
555 879 638 905 porro
647 871 719 897 illius
729 870 808 897 urbis
817 870 981 898 seditionem
992 871 1062 898 inter

1115 871 1254 901 οἰκοῦντες
1280 871 1454 903 ἐστασίαζον,
1481 871 1572 905 οἱμὲν
1587 871 1693 902 τοῦτον,
1718 871 1742 896 οἱ
1762 869 1789 896 δὲ
1802 869 1909 895 ἐκεῖνον

273 925 304 945 se
318 916 540 948 commovebant,
553 916 580 942 hi
594 915 705 950 quidem
720 916 809 948 illum,
831 916 869 943 illi
885 921 977 943 autem
990 916 1062 943 hunc

1118 917 1306 952 προδληϐἦναι
1322 917 1548 951 φιλονεικοῦντες.
1566 918 1598 943 Ol.
1618 917 1667 952 μὲν
1685 917 1738 950 γὰρ
1751 917 1798 950 τῆς
1809 915 1910 948 Αὺξεν-

274 963 395 998 praeponi
410 962 619 990 contendentes.
632 962 684 995 Qui
700 962 773 989 enim
787 962 916 989 Auxenlii
926 963 971 989 lue
983 967 1062 989 erant

1117 963 1174 989 τὶου
1186 963 1264 989 νόσου
1283 963 1472 998 μετειληχὸτες
1486 963 1549 994 τοὺς
1564 962 1718 996 ὁμόφρονας
1734 961 1908 995 ἐψηφίζοντο·

274 1009 379 1041 infecti,
396 1017 489 1036 secum
503 1008 689 1035 sentient'bus
701 1008 924 1043 suil‘ragabantur
944 1017 950 1035 :
971 1008 1010 1035 illi
1028 1016 1062 1036 ex

1116 1009 1140 1034 οἱ
1158 1009 1186 1035 δὲ
1215 1009 1263 1043 τῆς
1280 1009 1456 1044 ὑγιαινούσης
1469 1009 1567 1043 μοίρας
1597 1007 1778 1043 ὁμογνώμονα
1796 1006 1909 1041 ἐζήτουν

274 1055 401 1086 adverso,
416 1054 463 1089 qui
488 1054 592 1083 saniori
613 1062 627 1080 ιι
650 1057 727 1088 parte
754 1053 877 1085 stabant,
894 1054 1062 1088 expetebant

1119 1054 1191 1089 ἔχειν
1209 1056 1350 1090 ἀρχιερέα.

275 1101 338 1128 ﬁdei
356 1105 512 1128 consortem
529 1099 630 1127 habere
645 1100 808 1127 antistitem.
827 1100 923 1134 Itaque
948 1100 1061 1126 divinus
1081 1100 1245 1128 Ambrosius
1265 1101 1292 1128 in
1309 1101 1497 1128 Romanorum
1513 1100 1606 1127 clarus
1617 1103 1728 1129 senatu,
1758 1103 1820 1132 post
1858 1099 1908 1125 alia

273 1147 360 1175 multa
371 1148 509 1175 honorum
525 1147 647 1181 fastigia,
680 1154 730 1181 per
746 1146 772 1173 id
805 1147 942 1181 temporis
975 1147 1168 1181 praefecturam
1193 1147 1279 1174 italiae
1307 1156 1322 1174 ιι
1360 1147 1414 1181 piis
1439 1146 1655 1181 imperatoribus
1677 1145 1858 1173 Constantino
1882 1148 1908 1172 et

273 1194 426 1221 Constante
442 1193 613 1220 obtinuerat.
630 1193 656 1220 ls
671 1198 732 1220 erat
746 1200 813 1220 sane
836 1193 878 1219 vir
891 1194 946 1220 vita
965 1201 1063 1227 purus.
1084 1198 1113 1221 et
1136 1194 1249 1222 virtutis
1283 1199 1401 1225 amator,
1431 1193 1564 1228 probatus
1589 1197 1681 1220 autem
1716 1195 1744 1218 et
1769 1191 1860 1218 verbis
1882 1195 1908 1218 et

272 1241 524 1275 opere;sapientia
535 1248 600 1268 vero
613 1247 674 1274 quae
703 1239 955 1267 haurituresacris
976 1239 1101 1271 Litteris,
1122 1241 1272 1273 enutritus,
1302 1241 1411 1268 tametsi
1435 1240 1553 1267 necdum
1581 1239 1706 1266 initiatus
1726 1243 1812 1265 esset.
1837 1237 1907 1270 Quin

272 1286 358 1313 etiam
383 1286 543 1320 eloquentia
570 1286 722 1321 graecanica
736 1289 765 1312 et
792 1286 903 1320 poetica
929 1285 1062 1313 facultate
1083 1287 1254 1314 exercitatus
1280 1293 1352 1319 erat,
1369 1295 1466 1322 :equus
1487 1286 1589 1321 pariter
1612 1290 1641 1312 et
1685 1292 1771 1312 sanus
1816 1291 1907 1311 rerum

273 1332 387 1364 arbiter.
410 1339 463 1359 nec
486 1339 540 1359 non
560 1331 652 1358 omnis
674 1331 793 1358 actionis
814 1339 906 1366 pravae
931 1332 1063 1366 quaesitor
1082 1338 1240 1360 accuratus.

308 1378 355 1406 ιν.
379 1377 545 1405 Ambrosius
559 1378 661 1405 certior
681 1377 769 1404 iactus
786 1377 885 1404 harum
905 1378 1064 1412 turbarum,

272 1426 302 1450 st
325 1429 360 1449 ne
389 1421 456 1456 quid
486 1422 551 1449 novi
578 1422 717 1449 accideret
744 1423 859 1455 veritus,
885 1422 971 1450 multa
1000 1430 1063 1450 cum

273 1467 417 1494 celeritate
444 1467 592 1495 ecclesiam
619 1468 710 1502 petiit,
726 1468 926 1504 ambarumque
944 1469 1063 1503 partium

274 1517 366 1540 motas
381 1513 493 1548 sopivit.
504 1513 544 1541 llli
557 1521 632 1546 vero,
647 1514 771 1548 depasita
785 1515 973 1547 contentione,
989 1522 1065 1542 com-

274 1566 386 1587 munem
423 1560 579 1588 emiserunt
620 1568 727 1593 vocem,
764 1562 914 1595 ipsummct
948 1560 1063 1588 beatum

273 1605 450 1633 Ambrosium
461 1605 585 1633 ordinari
594 1605 648 1633 sibi
659 1610 799 1640 pastorem
811 1605 894 1633 simul
906 1609 1064 1640 poscentes.

271 1652 338 1686 Quas
366 1653 517 1688 imperator
546 1660 610 1680 eum
634 1652 820 1687 cognovisset.
852 1652 946 1679 statim
977 1652 1065 1680 edixit

272 1699 441 1727 laudabilem
462 1699 592 1727 eumdem
616 1700 706 1726 virum
725 1703 754 1726 et
778 1699 894 1730 initiari.
917 1703 945 1726 et
964 1707 1064 1727 conse-

273 1744 365 1777 crari;
389 1749 505 1772 noverat
530 1745 605 1772 enitn
623 1744 700 1772 illius
719 1749 840 1771 mentem
858 1745 945 1780 magis
958 1750 1062 1772 rectam

273 1797 335 1816 esse
343 1789 466 1824 qualibet
479 1789 561 1821 libra,
573 1789 690 1824 ejusque
703 1789 865 1823 suﬂ‘ragium
881 1789 955 1816 omni
967 1789 1063 1824 regula

273 1835 439 1863 accuratius.
466 1834 630 1869 Suspicatus
650 1839 742 1862 autem
763 1840 806 1862 est
827 1835 912 1862 etiam
929 1843 987 1863 non
1003 1835 1063 1863 sine

273 1881 323 1909 Dei
336 1881 444 1909 calculo
456 1881 483 1909 id
496 1881 657 1916 contigisse,
677 1889 734 1909 rem
749 1881 901 1916 conjiciens
915 1889 950 1909 ex
965 1889 1062 1909 eorum

273 1927 468 1960 consensione,
482 1927 530 1962 qui
551 1927 699 1955 sententiis
712 1931 776 1954 ante
794 1927 978 1955 dissidebant.

308 2062 340 2090 V.
366 2061 514 2096 Postquam
532 2069 598 2089 vero
618 2061 796 2089 sacratissimi
812 2062 942 2097 baptismi
958 2063 1062 2090 donum

271 2107 435 2136 Ambrosius
446 2107 565 2142 adeptus
577 2107 640 2139 fuit,
657 2111 685 2134 et
701 2108 816 2142 gratiam
829 2109 936 2143 accepit
955 2109 1065 2144 episco-

271 2155 374 2190 palem,
385 2154 521 2182 Salvatori
534 2159 618 2189 atque
627 2154 746 2181 Domino
758 2154 916 2189 hujusmodi
930 2154 1063 2190 hymnum

272 2200 396 2235 optimus
405 2201 557 2235 imperator
568 2200 624 2234 (his
630 2201 705 2228 enim
717 2202 801 2228 rebus
811 2200 908 2228 aderat
919 2202 1062 2236 przesens),

272 2247 374 2275 dicitur
393 2247 547 2275 obtulisse:
563 2246 657 2274 Gratia
674 2247 736 2279 tibi,
755 2246 871 2274 Domine
885 2247 1064 2282 omnipotens

272 2297 300 2321 et
316 2293 444 2321 Salvator
460 2298 567 2327 noster,
583 2293 657 2328 quod
675 2293 740 2320 huic
757 2293 849 2320 eidem
864 2292 925 2320 viro
936 2300 987 2328 ego
1001 2294 1063 2329 qui-

1152 1380 1189 1406 A'.
1205 1379 1313 1413 Ταύτην
1338 1379 1386 1414 τὴν
1403 1378 1498 1406 στάσιν
1523 1379 1618 1412 μαθὼν
1641 1376 1804 1412 ’Δμόρᾶοιος
1821 1378 1834 1403 ὁ
1850 1377 1909 1403 ἀοί-

1116 1424 1205 1458 διμος,
1221 1425 1234 1450 ὁ
1263 1424 1309 1450 τοῦ
1326 1423 1418 1455 ἔθνους
1442 1424 1491 1458 τὴν
1507 1423 1648 1458 πολιτικὴν
1663 1422 1812 1457 ἠγεμονίαν
1828 1429 1909 1448 πεπι-

1117 1470 1275 1504 στευμένος,
1298 1470 1346 1495 καὶ
1362 1469 1492 1504 φοϐηθεὶς
1521 1470 1558 1503 μή
1572 1477 1599 1494 τι
1619 1467 1754 1502 νεώτερον
1776 1468 1908 1502 γένηται,

1117 1515 1165 1541 σὺν
1180 1515 1257 1550 τάχει
1273 1515 1322 1550 τὴν
1345 1515 1495 1550 ἐκκλησίαν
1513 1515 1658 1546 κατέλαϐε,
1675 1515 1722 1541 καὶ
1750 1515 1909 1550 είρήνευσεν

1115 1559 1258 1595 ἀμφότερα
1273 1560 1307 1586 τὰ
1321 1560 1402 1596 μέρη.
1419 1560 1450 1586 Οἱ
1465 1559 1492 1586 δι
1509 1559 1560 1593 τῆς
1575 1561 1665 1595 μάχης
1681 1559 1788 1594 ἐκείνης
1804 1559 1910 1586 παυσά-

1120 1613 1196 1640 μενοι
1228 1605 1323 1640 κοινὴν
1346 1605 1455 1640 ἀφῆκαν
1483 1605 1585 1640 φωνὴν,
1613 1605 1695 1632 αὑτὸν
1713 1605 1758 1631 τὸν
1775 1605 1909 1640 μακάριον

1125 1651 1289 1686 ’Δμὸρόσιον
1307 1651 1478 1684 ἐξαιτοῦντες
1497 1652 1615 1685 ποιμένα
1632 1652 1737 1678 ἑαυτῶν
1757 1651 1911 1686 προϐληθῆ-

1116 1705 1175 1725 ναι·
1195 1698 1236 1724 ἑτι
1253 1698 1281 1725 δὲ
1295 1695 1373 1729 οὗτος
1400 1698 1522 1733 ἀμύητος
1546 1695 1592 1732 ἦν.
1610 1697 1703 1724 Ταῦτα
1720 1696 1816 1732 μαθὼν
1830 1698 1844 1724 ὁ
1859 1697 1909 1732 βα-

1115 1744 1208 1775 σιλεὺς
1224 1743 1374 1778 προσέταξε
1401 1743 1560 1779 παραυτίκα
1574 1744 1621 1770 καὶ
1637 1743 1776 1778 μυηθῆναι
1791 1743 1838 1770 καὶ
1852 1751 1910 1778 χει-

1117 1791 1295 1826 ροτονηθῆναι
1310 1790 1406 1817 τοῦτον
1421 1791 1468 1817 τὸν
1482 1790 1640 1824 ἀξιέπαινον
1651 1790 1746 1824 ἄνδρα.
1763 1790 1841 1825 ’ῌδει
1856 1790 1909 1824 γὰρ

1115 1835 1198 1862 αὑτοῦ
1209 1835 1299 1869 πάσης
1315 1837 1364 1869 μὲν
1379 1835 1501 1870 στάθμης
1517 1834 1667 1869 εὖθυτέραν
1680 1832 1763 1861 οὖσαν
1772 1834 1822 1869 τὴν
1837 1833 1908 1867 γνώ-

1116 1889 1181 1916 μην,
1198 1881 1298 1913 παντὸς
1315 1881 1343 1908 δὲ
1360 1882 1471 1912 κανόνος
1491 1881 1692 1915 ἀκριϐεστέρας
1712 1881 1763 1911 τ”ς
1777 1880 1886 1913 ψήφους
1899 1887 1906 1893 ”

1114 1927 1232 1954 ὑπέλαϐε
1247 1927 1275 1954 δὲ
1292 1927 1338 1953 καὶ
1354 1926 1429 1953 θείαν
1443 1924 1513 1953 εἶναι
1528 1926 1577 1962 τὴν
1589 1926 1679 1961 ψῆφον
1695 1925 1741 1952 τοῦ
1756 1925 1852 1961 ανδρδς
1873 1925 1905 1951 ἐκ

1114 1973 1165 2008 τῆς
1180 1974 1214 2000 τά
1229 1973 1338 2000 ἐναντία
1365 1972 1537 2008 φρονούντων
1551 1972 1768 2008 τεκμαιρόμενος
1793 1980 1907 2006 συμφω-

1115 2018 1187 2050 νίας.

1151 2065 1189 2092 Ε’.
1212 2064 1322 2099 Ἐπειδὴ
1337 2064 1365 2091 δὲ
1380 2063 1428 2090 καὶ
1447 2064 1495 2099 τῆς
1509 2063 1584 2095 Θείας
1595 2063 1643 2089 τοῦ
1657 2064 1791 2098 παναγίου
1814 2063 1908 2098 βαπτί-

1085 2138 1087 2140 ,
1116 2120 1219 2147 σματος
1238 2111 1376 2138 ἀπέλαυσε
1391 2111 1506 2146 δωρεᾶς,
1519 2111 1568 2137 καὶ
1583 2111 1632 2145 τὴν
1642 2110 1839 2146 ἀρχιερατικὴν
1855 2111 1908 2137 ιδι-

1116 2156 1180 2190 ξατο
1191 2159 1270 2193 χάριν
1279 2165 1286 2173 ·
1305 2157 1400 2184 τοῦτον
1415 2157 1430 2183 ὁ
1444 2157 1534 2184 πάντα
1548 2157 1661 2191 ἀριστος
1679 2157 1809 2192 βασιλεὺς
1822 2164 1908 2190 προα-

1114 2204 1272 2238 ενηνοχέναι
1295 2203 1404 2236 λέγεται
1433 2203 1473 2238 τῷ
1499 2203 1606 2238 Σωτῆρι
1633 2204 1680 2229 καί
1715 2203 1840 2238 Δεσπὸτῃ
1864 2202 1908 2228 τὸν

1114 2248 1198 2282 ὕμνον
1208 2249 1267 2284 (καὶ
1283 2249 1334 2284 γὰρ
1347 2250 1402 2280 τοῖς
1414 2249 1608 2284 γεγενημένοις
1620 2249 1723 2284 παρῆν)
1736 2258 1742 2263 ·
1753 2249 1841 2284 Χάρις
1856 2258 1908 2282 σοι,

1114 2295 1241 2322 Δέσποτα
1256 2295 1453 2330 παντοκράτωρ
1469 2296 1516 2321 καὶ
1533 2294 1626 2330 Σῶτερ
1644 2295 1774 2330 ἡμέτερε.
1788 2296 1830 2322 ὅτι
1841 2295 1908 2330 τῷδε

271 2338 334 2366 dem
341 2345 459 2373 corpora
475 2338 614 2370 commisi,
625 2343 654 2366 tu
667 2346 733 2366 vero
744 2339 869 2373 animas,
887 2344 914 2367 et
925 2340 1061 2375 judicium

1115 2341 1154 2376 τῷ
1169 2341 1246 2376 ἀνδρὶ
1260 2341 1316 2375 ἐγὼ
1333 2341 1383 2376 μὲν
1404 2341 1558 2376 ἑνεχείρισα
1574 2339 1699 2376 σώματα,
1714 2342 1746 2367 σὺ
1762 2341 1790 2368 δὲ
1806 2340 1909 2376 ψυχὰς,

272 2391 365 2412 meum
382 2385 529 2413 ostendisti
547 2385 652 2420 justum
670 2384 767 2412 fuisse.

309 2430 353 2459 VI.
366 2431 474 2466 Eiapsis
483 2439 567 2467 porro
579 2432 675 2467 paucis
688 2432 798 2464 diebus,
811 2440 874 2461 cum
886 2434 984 2469 majori
995 2441 1061 2462 usus

272 2477 402 2505 libertate
417 2478 490 2505 idem
513 2478 559 2505 hic
574 2478 656 2506 divus
677 2478 842 2507 Ambrosius
863 2480 1062 2515 imperatorem

272 2525 472 2560 alloqueretur,
493 2532 557 2553 eum
583 2525 729 2561 arguebat,
753 2530 782 2553 ut
806 2532 872 2561 puta
889 2527 926 2554 ob
951 2528 1063 2563 negotia

272 2571 400 2606 quedam
417 2580 431 2599 a
447 2571 585 2606 praefectis
599 2572 660 2607 ejus
678 2572 753 2600 haud
770 2577 846 2600 recte
869 2573 958 2606 facta;
977 2573 1065 2608 impe-

274 2624 361 2650 rator.
377 2619 524 2654 Equidem,
540 2619 590 2653 ait,
601 2620 674 2648 hanc
690 2624 764 2648 tuam
781 2621 938 2652 libertatem
954 2622 1062 2656 pridem

273 2672 418 2696 noveram,
429 2668 458 2693 et
471 2665 562 2693 sciens
576 2666 752 2701 prudensque
766 2674 821 2694 non
833 2667 915 2695 modo
932 2674 987 2694 non
1002 2674 1062 2694 sum

273 2711 439 2747 refragatus,
455 2712 505 2739 sed
517 2712 601 2739 etiam
622 2713 758 2740 calculum
776 2721 869 2741 meum
884 2721 938 2740 una
955 2714 1063 2741 contuli

268 2760 327 2783 tua!
344 2757 526 2786 ordinationi.
547 2758 686 2786 Medicare
702 2759 799 2794 igitur,
812 2759 895 2787 sicuti
908 2759 1002 2787 divina
1018 2759 1063 2787 lex

273 2803 408 2836 praecipit.
418 2804 532 2832 vulnera
547 2804 704 2832 animarum
715 2810 886 2833 nostrarum.

311 2848 365 2875 Vll.
384 2849 446 2876 Haec
469 2850 562 2885 itaque
581 2859 645 2878 cum
673 2852 885 2881 Valentinianus
900 2861 1016 2889 magnus
1035 2858 1064 2880 et

273 2892 337 2930 plus
351 2894 501 2929 imperator
515 2896 664 2925 Mediolani
679 2897 793 2926 dixisset
806 2902 886 2934 atque
898 2899 1020 2932 fecisset,
1037 2903 1065 2926 et

1115 2387 1163 2415 καὶ
1175 2387 1225 2419 τὰς
1233 2387 1302 2422 ἐμὰς
1313 2386 1420 2422 ψήφους
1434 2386 1540 2418 δικαίας
1554 2386 1710 2421 ἀπέφηνας.

1153 2434 1197 2467 ςν.
1225 2432 1335 2468 Ἐπειδὴ
1351 2432 1380 2459 δὲ
1390 2432 1490 2467 ὀλίγων
1504 2431 1668 2460 διελθουσῶν
1684 2432 1797 2468 ἡμερῶν
1811 2433 1826 2459 ὸ
1839 2433 1910 2464 θεῖος

1114 2475 1192 2510 οὗτος
1209 2478 1372 2514 Ἀμδρόσιος
1389 2479 1437 2505 σὺν
1458 2478 1603 2514 παρρησίᾳ
1617 2479 1733 2515 πλείστῃ
1748 2479 1787 2513 τῷ
1802 2479 1910 2513 βασιλεῖ

1114 2525 1307 2560 διαλεγόμενος
1321 2525 1466 2560 ἐμέμψατο
1475 2525 1512 2557 ὡς
1534 2525 1585 2552 οὐκ
1600 2522 1630 2552 εὖ
1649 2525 1726 2560 παρὰ
1736 2525 1791 2551 τῶν
1811 2525 1908 2559 ἀρχόν-

1116 2581 1170 2599 των
1179 2572 1373 2608 γεγενημένοις
1389 2571 1459 2598 τισίν
1471 2579 1478 2587 ·
1494 2573 1509 2599 6
1523 2572 1651 2607 βασιλεὺς
1667 2571 1730 2606 ἔφη·
1742 2570 1852 2605 Ταύτην
1863 2579 1909 2596 σου

1118 2619 1166 2645 καὶ
1181 2618 1264 2646 πάλαι
1282 2617 1356 2653 ᾔδειν
1369 2617 1420 2654 τὴν
1438 2618 1607 2654 παρρησίαν,
1625 2617 1673 2644 καὶ
1689 2616 1783 2651 σαφῶς
1798 2615 1910 2642 ἐπιστὰ-

1119 2674 1198 2701 μενος
1212 2665 1241 2692 οὗ
1258 2665 1338 2700 μόνον
1353 2665 1403 2691 οὐκ
1414 2665 1549 2698 ἀντεῖπον,
1562 2665 1629 2692 ἀλλά
1644 2664 1690 2691 καὶ
1706 2663 1853 2699 σύμψηφος
1860 2665 1909 2699 τῆς

1118 2711 1285 2746 χειροτονίας
1298 2711 1460 2746 γεγένημαι.
1476 2711 1595 2746 ἰάτρευε
1610 2708 1667 2742 οὖν,
1683 2710 1721 2742 ὡς
1735 2711 1750 2736 ό
1761 2711 1831 2741 θεῖος
1842 2710 1910 2736 ὑπα-

1120 2757 1229 2793 γορεύει
1243 2758 1334 2792 νόμος,
1350 2757 1383 2784 τὰ
1397 2758 1451 2784 τῶν
1477 2757 1621 2793 ἡμετέρων
1634 2756 1729 2793 ψυχῶν
1745 2756 1909 2792 πλημμελή-

1121 2813 1206 2839 ματα.

1155 2851 1190 2878 Ζ’.
1206 2851 1298 2878 Ταῦτα
1317 2852 1366 2886 μὶν
1381 2852 1410 2877 ὲν
1425 2851 1580 2886 Μεδιολάνῳ
1604 2851 1651 2877 καὶ
1670 2848 1730 2876 εἷπε
1750 2850 1794 2876 καὶ
1816 2849 1911 2883 δέδρα-

1117 2906 1164 2926 κεν
1191 2898 1412 2931 Οὖαλεντινιανὸς
1428 2899 1441 2925 ὸ
1471 2898 1556 2934 μέγας
1578 2898 1623 2926 καὶ
1639 2897 1752 2933 εὐειδὴς
1769 2895 1906 2931 βασιλεύς.
