2056 3151
185 189 238 218 fli')

818 184 906 214 VlTA
927 183 956 213 S.
979 181 1176 212 AMBROSII.

1760 179 1813 212 866

178 243 261 275 Οὗτος
275 244 363 274 καλῶς
380 243 518 278 διοικήσας
545 243 630 269 πάντα
648 243 682 269 τὰ
696 243 744 278 τῆς
766 243 905 277 βασιλείας
925 242 968 267 καὶ

1025 239 1142 275 pulchre
1172 238 1285 273 quidem
1313 238 1505 265 constituisset
1541 237 1701 272 imperium,
1733 242 1816 265 rectm

179 288 317 324 ὸρθοδοξίᾳ
333 287 487 322 διαλάμψας
501 287 673 314 ἀνεπαύσατο
687 286 849 322 βασιλεύσας
860 285 906 311 ἐπὶ
920 285 969 320 ἐτη

183 333 223 365 ις’.
242 334 378 360 Κατέλιπε
392 333 421 359 δὲ
448 333 585 368 διαδόχους
599 332 662 365 τοὺς
677 333 775 363 παῖῗας
800 330 883 358 αὐτοῦ
899 331 971 366 Γραι·

180 379 270 406 statva
286 380 333 406 καὶ
348 379 569 405 Οὑαλεντινιανὸν
585 379 629 404 τὸν
639 379 709 406 νέον.
726 377 782 412 Τῆς
797 377 826 404 δὲ
840 377 970 410 ἀνατολῆς

180 423 336 450 ἐϐασίλευεν
350 423 456 458 Οὐάλης
470 423 483 449 ὁ
498 422 610 457 ἁδελφῦς
625 421 848 449 Οὐαλεντινιανοῦ
861 421 907 448 τοῦ
921 429 970 454 με-

179 469 273 504 γάλου,
293 469 367 500 ὅστις
378 470 428 504 τῆς
448 469 591 504 Ἀρειανῆς
619 469 709 503 λώϐης
733 469 868 503 μετεῖχεν.
885 464 971 498 Οὗτος

180 514 327 550 συμϐαλὼν
342 514 460 549 πόλεμον
478 514 548 549 μετὰ
571 514 626 539 τῶν
643 514 758 544 Γότθων,
779 512 906 547 ἡττηθεὶς
925 512 971 538 καὶ

181 559 349 596 προσφυγὼν
374 559 414 591 είς
433 559 562 595 ἀχυρίῗινα
589 559 618 584 ὲν
646 557 720 592 αὐτῷ
743 557 810 591 πυρὶ
836 557 969 592 κατεκάη.

180 606 328 642 Γρατιανδς
342 606 370 633 δέ
393 606 408 632 ὀ
423 604 644 633 Οὑαλεντινιανοῦ
665 604 713 639 μὲν
737 604 803 635 υἱὸς,
821 603 972 635 οὺὰλεντος

180 651 209 679 δὲ
222 652 342 686 ἀνεψιὸς,
355 652 446 678 πᾶσαν
459 651 508 686 τὴν
516 650 720 685 τῶνῬωμαίων
737 649 885 684 ἡγεμονίαν
899 658 970 683 παρ-

180 698 287 726 έλαϐεν.
305 698 414 733 Πρῶτον
430 697 479 732 μὲν
495 697 548 732 γὰρ
556 696 590 723 τὰ
605 697 654 732 τῆς
667 696 801 731 Εὐρώπης
820 696 866 722 καὶ
881 695 971 730 πάσης

178 746 230 781 τῆς
243 745 350 776 Δύσεως
365 744 441 779 παρὰ
454 743 500 770 τοῦ
516 743 619 778 πατρδς
643 743 808 777 παρειλήφει
822 742 951 777 σκῆπτρα
961 750 968 757 -

180 791 317 826 παρέλαϐε
341 791 369 817 δὲ
386 792 431 816 καὶ
445 790 495 826 τὴν
519 789 612 816 Ἀσίαν
631 791 678 816 καὶ
700 788 735 815 τὰ
752 787 900 823 λειπόμενα
920 788 970 823 τῆς

181 837 296 870 Λιϐύης,
315 835 429 867 ἄπαιδος
446 834 635 870 ἀναιρεθέντος
651 833 699 861 τοῦ
712 834 872 865 οὐάλεντος.
886 834 971 860 Εὐσε-

181 882 231 917 ϐὴς
246 882 274 908 δὲ
285 881 322 907 ὢν
338 881 407 908 κατὰ
421 881 467 907 τὸν
478 879 583 915 πατέρα
597 879 782 906 ἀνεκαλέσατο
792 879 895 910 πάντας
907 879 971 910 τοὺς

179 928 347 959 ἐπισκόπους
372 926 476 962 οὕσπερ
491 926 598 961 Οὐάλης
616 926 631 953 ὸ
657 925 727 956 θεῖος
742 924 824 952 αὐτοῦ
840 925 968 960 ἐξώρισεν

180 973 348 1008 ὑπερμαχῶν
363 972 412 1007 τῆς
429 972 572 1007 ’Δρειανῆς
585 971 729 1006 αἱρέσεως.
743 970 846 998 Μαθὼν
857 970 886 997 δὲ
899 971 970 1005 Γρα-

179 1019 270 1051 τιανδς
285 1018 334 1054 τὴν
345 1018 456 1053 Θρᾴκην
466 1017 629 1052 ληῖζομένην
645 1017 698 1043 ὑπὸ
711 1016 765 1046 τῶν
778 1017 823 1043 τὸν
834 1017 970 1044 Οὐάλεντα

180 1064 340 1092 καυσάντων
360 1063 519 1098 βαρϐάρων,
543 1060 702 1088 καταλιπὼν
720 1061 769 1097 τὴν
788 1061 904 1087 Ἰταλίαν
930 1061 970 1094 είς

180 1111 228 1146 τὴν
247 1109 380 1137 Πανονὶαν
396 1109 523 1143 ἀφίκετο.

1024 293 1089 313 vero
1115 285 1178 312 fidei
1205 284 1376 319 professione
1406 283 1580 316 refulsisset.
1606 291 1685 312 sexto
1709 283 1818 312 decimo

1023 331 1132 365 imperii
1163 338 1235 357 anno
1258 329 1313 357 vita
1341 329 1453 357 decedit
1483 337 1491 356 ε
1521 337 1697 358 successores
1724 333 1817 357 autem

1024 377 1153 412 relinquit
1165 377 1238 403 ﬁlios
1249 384 1315 404 suos
1328 376 1492 403 Gratianum
1506 377 1702 412 juniorcmque
1717 377 1818 404 Valen-

1024 423 1174 454 tinianum.
1197 423 1310 450 Valente
1338 422 1424 449 fratre
1452 422 1479 449 in
1504 421 1627 450 Orientis
1655 423 1816 458 regionibus

1022 475 1114 495 rerum
1130 468 1266 503 potiente,
1285 476 1319 495 eo
1343 468 1450 495 scilicet
1469 468 1515 502 qui
1532 468 1642 495 Arianis
1658 468 1684 495 in
1701 468 1816 502 perfidia

1022 521 1083 541 sese
1109 514 1264 549 conjunxit.
1293 513 1343 541 llic
1372 513 1484 548 quidem
1509 521 1572 541 cum
1596 513 1696 541 Gothis
1724 522 1815 549 pugna

1022 568 1188 595 congressus
1211 564 1293 595 atque
1323 560 1460 591 devictus,
1489 562 1516 587 in
1539 560 1695 597 ’paleariam
1724 567 1815 587 casam

1023 607 1206 641 confugiens,
1225 606 1287 642 igne
1316 606 1418 634 ibidem
1447 606 1553 634 interiit
1579 615 1585 633 :
1608 607 1637 633 in
1655 606 1817 633 Gratianum

1021 657 1113 680 autem
1133 652 1316 680 Valentiniani
1329 652 1440 687 quidem
1456 652 1552 685 lilium,
1567 652 1689 679 Valentis
1700 659 1766 680 vero
1781 660 1816 680 ex

1022 698 1107 726 fratre
1126 704 1255 733 nepotem
1280 698 1380 726 recidit
1402 698 1532 725 universa
1549 698 1680 726 Rmnanat
1699 698 1815 726 ditionis

1022 744 1147 780 potentia
1162 754 1168 777 ;
1194 746 1315 779 primum
1338 746 1413 772 enim
1429 753 1445 772 a
1463 750 1539 780 patre
1559 753 1614 772 non
1636 744 1718 772 modo
1735 752 1816 779 scep-

1022 795 1096 818 trum
1131 791 1258 826 Europa.
1294 799 1390 818 verum
1427 791 1511 818 etiam
1543 791 1627 818 totius
1655 790 1815 818 Occidentis

1022 835 1150 863 relictum
1175 836 1249 870 cepit
1275 846 1281 863 :
1305 835 1406 864 deinde
1429 844 1507 868 vero,
1534 844 1596 863 cum
1628 835 1689 863 sine
1717 835 1816 863 liberis

1021 880 1122 908 Valens
1139 889 1155 909 e
1173 881 1262 909 medio
1283 882 1409 909 sublatus
1429 888 1513 915 esset,
1534 883 1626 910 Asiam
1647 890 1769 917 quoque,
1787 886 1816 909 et

1021 926 1157 961 quidquid
1178 927 1205 954 in
1227 927 1321 955 Africa
1344 928 1444 963 reliqui
1459 933 1529 960 erat,
1548 929 1572 955 is
1588 928 1720 955 obtinuit.
1737 929 1815 961 Quo-

1022 972 1098 999 niam
1119 976 1212 1000 autem
1226 973 1313 1008 patris
1328 974 1454 1008 exemplo
1466 974 1576 1001 colebat
1590 973 1733 1009 pietatem,
1752 974 1812 1008 epi-

1020 1026 1120 1053 scopos
1149 1026 1257 1050 omnes,
1281 1027 1352 1054 quos
1382 1019 1481 1048 Valens
1504 1020 1531 1047 in
1556 1019 1673 1056 gratiam
1701 1020 1811 1047 Ariamn

1021 1065 1134 1093 haeresis
1157 1065 1245 1100 patria
1260 1066 1363 1101 ejectos
1384 1071 1510 1095 extorres
1531 1067 1646 1100 fecerat,
1664 1067 1698 1093 ab
1713 1066 1812 1093 exsilio

1022 1109 1080 1145 ipse
1107 1111 1258 1138 revocavit.
1284 1111 1358 1138 Idem
1375 1112 1460 1140 etiam
1476 1120 1538 1139 cum
1555 1120 1570 1139 a
1585 1112 1722 1143 barbaris.
1743 1111 1810 1139 dum

179 1157 280 1184 Valens
296 1157 456 1191 imperaret,
471 1155 545 1182 bello
560 1154 713 1182 victoribus
725 1158 895 1182 aevastatam
903 1163 964 1184 esse
984 1156 1133 1185 Thraciam
1145 1158 1336 1193 comperisset,
1350 1159 1443 1186 relicta
1460 1159 1547 1192 Italia,
1581 1159 1608 1186 in
1641 1158 1812 1186 Pannoniam

180 1203 268 1230 venit.

216 1249 257 1275 H’.
276 1248 344 1275 Κατ’
371 1248 474 1275 ἐκεῖνον
491 1248 520 1274 δὲ
545 1256 592 1274 τον
613 1257 708 1282 καιρον
725 1247 865 1280 θεοδῦσιος
881 1248 926 1275 διά
937 1257 966 1275 τε

181 1294 230 1329 τὴν
242 1294 296 1321 τῶν
312 1295 452 1330 προγόνων
468 1296 648 1331 περιφάνειαν
665 1296 711 1321 καὶ
727 1295 770 1321 διὰ
797 1295 846 1330 τὴν
864 1296 968 1321 οίκείαν

181 1341 310 1375 ἀνδρείαν
323 1341 537 1376 ὀιομαστότατος
550 1339 649 1376 ἦν,καὶ
660 1340 755 1367 τούτου
769 1341 847 1376 χάριν
859 1341 911 1367 ὑπὸ
921 1341 968 1368 τοῦ

180 1387 278 1422 φθόνου
299 1387 504 1422 τῶν-ὁμοτίμων
519 1387 684 1422 βαλλόμενος
708 1388 737 1413 ἐν
752 1388 811 1418 ταῖς
834 1387 967 1418 Σπανίαις

177 1433 322 1468 διέτριϐεν.
356 1433 400 1459 Ἐν
427 1433 545 1465 ἐκείναις
569 1433 625 1468 γὰρ
644 1432 693 1467 ἔφυ
722 1441 752 1459 τε
774 1432 821 1459 καὶ
849 1432 966 1467 ἐτράφη.

183 1479 307 1515 Ἀπορῶν
323 1479 354 1515 δὴ
369 1479 415 1506 οὖν
428 1480 442 1506 ὁ
455 1480 582 1515 βασιλεὺς
599 1479 748 1515 Γρατιανὺς
760 1479 773 1505 ὃ
789 1487 815 1505 τι
836 1479 889 1514 χρὴ
903 1478 968 1514 δρᾶ-

179 1534 226 1553 σαι
239 1526 416 1561 (φυσηθέντες
428 1527 482 1561 γὰρ
491 1527 522 1553 ἐκ
533 1527 581 1560 τῆς
590 1526 668 1560 νίκης
682 1526 706 1552 οἱ
720 1525 854 1560 βάρϐαροι
865 1525 970 1559 δύσμα-

177 1580 222 1606 χοι
254 1568 324 1607 ἦσάν
345 1579 374 1598 τε
392 1572 438 1598 καὶ
457 1571 588 1606 ἐδόκουν),
615 1571 676 1597 τότε
690 1568 737 1597 οὗν
753 1570 803 1606 τὴν
826 1569 966 1596 Θεοδοσίου

1056 1249 1124 1276 Vill.
1137 1248 1195 1276 Sub
1208 1249 1280 1277 idem
1296 1255 1404 1285 tempus
1419 1250 1594 1278 Theodosius
1609 1259 1731 1286 quoque.
1747 1259 1810 1279 eum

1020 1296 1056 1324 ob
1072 1297 1208 1331 majorum
1226 1296 1410 1333 nobilitatem,
1430 1301 1485 1324 tum
1510 1299 1545 1324 ob
1563 1298 1703 1332 proprium
1725 1306 1810 1332 gene—

1021 1342 1162 1369 rositatem
1177 1343 1377 1370 celeberrimus
1390 1348 1453 1371 erat
1468 1354 1475 1371 :
1491 1349 1518 1371 et
1531 1345 1681 1379 aequalium
1694 1352 1810 1372 suorum

1019 1387 1172 1415 invidentia
1184 1388 1293 1423 pulsus,
1310 1390 1336 1416 in
1352 1389 1492 1423 Hispaniis
1503 1390 1611 1425 agebat,
1630 1391 1676 1418 ubi
1691 1395 1720 1418 et
1730 1394 1813 1418 natus

1021 1433 1111 1462 fuerat
1122 1439 1150 1461 et
1169 1434 1315 1462 educatus.
1331 1435 1465 1470 Ignorans
1482 1436 1568 1471 igitur
1584 1437 1734 1471 imperator
1744 1437 1813 1465 Gra-

1023 1481 1115 1507 tianus
1127 1480 1192 1515 quid
1211 1481 1283 1509 facto
1298 1489 1368 1516 opus
1378 1487 1469 1513 esset;
1490 1483 1576 1509 inﬂati
1589 1484 1662 1510 enim
1675 1491 1708 1510 ea
1723 1484 1812 1511 victo-

1022 1527 1063 1553 ria
1081 1525 1192 1553 barbari
1210 1527 1411 1561 propemodum
1425 1527 1522 1554 invicti
1533 1533 1613 1555 erant
1631 1529 1814 1556 ethabeban-

1022 1575 1068 1597 tur
1092 1580 1100 1598 :
1125 1571 1272 1604 militarem
1291 1572 1440 1600 Theodosii
1458 1573 1586 1607 peritiam
1603 1573 1739 1600 malorntn
1754 1573 1813 1601 fore

177 1616 347 1652 στρατηγίαν
363 1615 439 1643 λύσιν
454 1617 572 1642 ὑπέλαϐε
591 1616 646 1643 τῶν
660 1616 754 1643 κακῶν
770 1615 902 1650 γίνεαθαι.
916 1617 968 1642 Δὺ-

1021 1616 1214 1652 depulsionem
1231 1617 1382 1644 arbitratus
1396 1621 1449 1645 est.
1465 1618 1499 1645 Et
1513 1619 1657 1646 confestim
1667 1626 1699 1645 ea
1710 1619 1811 1651 Iberia,

176 1662 243 1689 τίκα
258 1662 289 1697 δὴ
305 1659 351 1689 οὖν
370 1661 403 1688 ὲκ
415 1661 470 1688 τῶν
484 1661 610 1688 Σπανιῶν
626 1661 671 1687 τὸν
686 1661 772 1696 ἄνδρα
788 1661 967 1696 μεταπεμψά-

177 1716 260 1743 μενος
275 1709 322 1735 καὶ
342 1708 494 1744 στρατηγδν
509 1708 702 1744 χειροτονήσας
717 1707 788 1742 μετὰ
808 1707 858 1742 τῆς
880 1715 968 1734 συνει-

176 1753 313 1790 λεγμένης
326 1753 479 1789 ἐξέπεμψεν
497 1754 636 1789 στρατιᾶς.
657 1753 688 1780 ’0
701 1753 730 1780 δὲ
745 1755 777 1788 τῇ
794 1753 883 1780 πίστει
898 1762 969 1788 φρα-

177 1800 294 1834 ξάμενος
314 1800 473 1836 θαρσαλέως
489 1799 643 1835 ἐξώρμησε,
657 1799 702 1826 καὶ
722 1799 771 1833 τῆς
781 1799 892 1835 Θρᾴκης
905 1801 966 1826 ἐπι-

178 1845 231 1877 ϐὰς
250 1845 296 1872 καὶ
326 1845 470 1880 συμϐαλὼν
497 1846 615 1880 πόλεμον
645 1844 714 1880 μετὰ
741 1844 796 1871 τῶν
820 1845 967 1881 βαρϐάρων

178 1891 252 1919 κατὰ
269 1891 369 1927 κράτος
382 1891 507 1926 ἐνίκησεν
518 1899 524 1906 ·
541 1890 590 1917 οὐκ
606 1890 766 1924 ἐνεγκόντες
794 1891 847 1925 γὰρ
867 1891 967 1917 ἐκεῖνοι

178 1936 203 1962 oi
225 1937 274 1971 μὲν
290 1936 400 1971 ἔφυγον,
415 1937 439 1962 οἱ
452 1936 480 1962 δὲ
507 1935 630 1963 ἐδίωκον.
661 1936 748 1968 Πολὺς
762 1935 791 1962 δὲ
808 1936 890 1969 φόϐος
912 1935 967 1963 τῶν

179 1982 325 2018 βαρϐάρων
340 1983 461 2017 ἐγένετο·
473 1982 504 2008 οὐ
521 1982 601 2016 μόνον
613 1981 666 2016 γὰρ
681 1982 732 2008 ὑπὸ
745 1982 798 2008 τῶν
812 1981 965 2016 Ῥωμαίων,

179 2028 248 2056 ἀλλὰ
265 2028 311 2054 καὶ
326 2028 377 2054 ὐπδ
390 2027 511 2062 ἀλλήλων
526 2026 686 2054 ἐκτείνοντο.

1020 1670 1082 1698 qua:
1107 1663 1337 1698 Hispania-etiam
1361 1663 1534 1695 nominatur,
1560 1663 1701 1691 hominem
1717 1671 1812 1692 accer-

1020 1715 1095 1741 sens,
1123 1717 1155 1736 ac
1181 1709 1255 1737 bello
1281 1709 1446 1744 praeﬂciens,
1466 1717 1529 1736 cum
1551 1709 1675 1736 exercitu
1693 1710 1813 1738 collecto

1020 1756 1106 1782 misit.
1117 1755 1166 1783 llic
1177 1760 1269 1782 autem
1280 1755 1391 1783 invictis
1403 1756 1498 1788 armis,
1512 1756 1667 1784 orthodoxa
1679 1757 1809 1785 nimirum

1020 1800 1074 1827 ﬁde
1090 1801 1332 1834 eircummnnitus,
1351 1809 1448 1836 magna
1467 1809 1529 1829 cum
1557 1801 1658 1829 ﬁducia
1676 1803 1811 1830 adversus

1020 1846 1151 1874 hostilem
1169 1847 1258 1874 aciem
1282 1847 1421 1881 procedit.
1436 1847 1471 1874 Et
1486 1847 1632 1876 Thraciam
1656 1849 1810 1885 ingressus.

1021 1890 1044 1919 is
1061 1891 1173 1926 quidem
1191 1900 1240 1927 per
1258 1893 1312 1919 vim
1340 1893 1437 1927 pralio
1454 1893 1520 1921 vicit
1541 1902 1548 1921 :
1569 1894 1680 1922 barbari
1697 1903 1762 1922 vero
1778 1904 1812 1923 ne

1021 1937 1064 1964 vel
1089 1937 1208 1972 primum
1235 1939 1405 1966 sustinentes
1431 1940 1577 1974 impetum,
1600 1941 1692 1967 statim
1716 1948 1812 1968 omnes

1022 1983 1104 2010 simul
1126 1989 1200 2018 terga
1220 1983 1376 2017 dederunt;
1396 1989 1424 2012 et
1441 1986 1525 2012 multa
1541 1994 1637 2013 eorum
1651 1994 1706 2014 non
1718 1987 1809 2014 solum

1026 2037 1041 2055 a
1052 2029 1184 2056 Romanis
1199 2029 1288 2056 ezedcs
1301 2031 1371 2056 facta
1389 2035 1441 2063 est,
1460 2039 1557 2058 verum
1572 2032 1654 2059 etiam
1675 2032 1732 2067 jam
1747 2041 1762 2060 a
1782 2041 1812 2061 se

177 2075 269 2109 ipsis:
291 2078 397 2109 quanto
420 2073 493 2101 enim
510 2073 627 2108 majores
646 2077 727 2100 erant
750 2072 848 2100 horum
865 2074 963 2109 copias,
985 2078 1061 2102 tanto
1086 2075 1173 2110 magis
1209 2075 1262 2103 sibi
1288 2075 1380 2110 potius
1402 2084 1484 2111 quam
1509 2078 1635 2106 hostibus
1678 2079 1811 2109 damnum

179 2120 348 2149 inferebant.

213 2165 251 2194 ϐ’.
267 2165 345 2193 Οὕτω
371 2166 398 2192 δὲ
426 2166 518 2201 σχεδὸν
552 2167 661 2194 πάντων
691 2166 892 2201 ἀναιρεθέντων
917 2167 970 2194 τῶν

177 2209 325 2245 βαρϐάρων
357 2210 442 2244 ὀλίγοι
472 2209 563 2236 λαθεῖν
579 2210 738 2245 δυνηθέντες
760 2211 889 2246 διέϐησαν
920 2211 966 2239 τὸν

1063 2168 1107 2196 ιχ.
1123 2168 1173 2196 His
1188 2168 1280 2204 itaque
1292 2175 1379 2203 prope
1395 2168 1525 2197 omnibus
1542 2169 1581 2197 ita
1596 2169 1704 2202 deletis,
1728 2163 1811 2206 pauci

1019 2216 1178 2248 admodum,
1195 2216 1242 2250 qui
1264 2219 1415 2250 potuerunt
1432 2223 1462 2242 se
1482 2216 1633 2246 occultare.
1654 2216 1811 2245 Danubium

181 2256 298 2291 Ἴστρον,
322 2255 429 2287 Ἡσθεὶς
446 2255 474 2282 δὲ
494 2257 508 2282 ὁ
521 2255 648 2291 βασιλεὺς
663 2257 812 2291 Γρατιανδς
823 2257 860 2289 ὡς
873 2257 968 2294 ἄριστα

1025 2262 1176 2296 trajiciunt.
1201 2261 1291 2289 Lentus
1306 2261 1389 2295 igitur
1404 2260 1552 2288 Gratianus
1562 2263 1635 2296 quod
1655 2262 1720 2289 belli
1735 2271 1812 2290 sum-

176 2301 365 2337 ψηφισάμενος
382 2303 463 2329 αὑτὸν
483 2303 636 2337 στρατηγὸν
650 2302 763 2338 βασιλέα
779 2304 968 2339 κεχειροτόνη-

177 2355 220 2379 ate,
237 2349 284 2374 καὶ
300 2347 350 2382 τῆς
365 2348 515 2379 Οὐάλεντος
532 2348 631 2383 μοίρας
648 2349 682 2375 τὰ
699 2348 827 2384 σκῆπτρα
844 2350 968 2383 παρέδω-

176 2401 235 2420 κεν.
253 2393 307 2420 Καὶ
329 2394 409 2425 αὐτὸς
442 2393 491 2428 μὲν
514 2394 562 2420 ἐπὶ
588 2393 638 2430 τὴν
660 2394 777 2420 Ἰταλίαν
797 2394 967 2431 ἐξώρμησεν,

177 2440 281 2466 ἐκεῖνον
295 2440 323 2466 δὲ
337 2440 376 2471 εἰς
392 2440 441 2476 τὴν
461 2439 586 2467 δοθεῖσαν
608 2441 758 2476 ἡγεμονίαν
773 2441 966 2477 παρέπεμψεν.

177 2485 265 2516 Εὐθὺς
279 2485 311 2520 δὴ
323 2485 369 2511 οὖν
380 2486 430 2520 τὴν
445 2485 584 2520 βασ.λείαν
597 2486 762 2522 παραλαϐὼν
776 2488 826 2522 τῆς
839 2488 893 2515 τῶν
909 2489 969 2514 Ἐκ-

179 2531 301 2566 κλησιῶν
315 2533 368 2567 πρὸ
382 2532 437 2558 τῶν
456 2532 544 2560 ἄλλων
563 2533 721 2568 συμφωνίας
737 2533 908 2569 ἐπεμελήθη,
921 2534 968 2560 καὶ

179 2578 243 2609 τοὺς
254 2579 303 2613 τῆς
315 2578 416 2609 οἰκείας
430 2578 578 2613 ἡγεμονίας
592 2579 758 2611 ἐπισκόπους
771 2580 811 2610 είς
824 2580 873 2614 τὴν
888 2580 967 2607 Κων-

180 2623 400 2651 σταντινούπολιν
411 2623 524 2659 δραμεῖν
536 2625 733 2661 παρηγγύησεν
744 2634 751 2641 ”
772 2625 842 2662 αὕτη
854 2626 909 2660 γὰρ
921 2627 968 2662 μό-

178 2675 212 2703 νη
237 2668 287 2704 τῆς
319 2668 494 2704 ’Δρειανικῆς
519 2669 696 2704 ἐμπέπληστο
729 2669 836 2706 λώϐης·
870 2672 886 2707 ὴ
912 2672 967 2708 γὰρ

184 2710 305 2749 Ἐαπὲρα
319 2714 368 2748 τῆς
377 2714 454 2741 νόσου
466 2713 567 2749 ταύτης
581 2715 709 2750 ἐλευθέρα
722 2716 868 2750 διέμεινεν.
890 2717 968 2744 Κων-

179 2761 320 2791 σταντῖνος
335 2760 390 2795 γὰρ
414 2760 462 2787 καὶ
479 2759 610 2792 Κώνστας
633 2761 658 2787 oi
684 2762 892 2789 Κωνσταντίνου
918 2763 965 2789 τοῦ

181 2805 298 2840 μεγάλου
317 2806 371 2832 υἱοὶ
387 2805 437 2841 τὴν
458 2805 589 2842 πατρῴαν
605 2807 697 2834 πίστιν
721 2808 861 2843 ἀκήρατον
877 2808 966 2844 διετή-

180 2858 253 2884 ρουν,
278 2852 324 2879 καὶ
337 2851 419 2879 πάλιν
433 2853 653 2885 Οὐαλεντινιανδς
668 2854 806 2889 ἀκραιφνῆ
822 2853 964 2889 διεφύλαξε

181 2896 403 2934 την-εὐσέϐειαν·
424 2898 454 2926 τὸ
469 2898 497 2927 δι
521 2899 621 2936 τμῆμα
647 2900 677 2928 τὸ
701 2900 781 2936 ἑῷον,
796 2901 962 2938 πολλαχόθεν

1023 2316 1096 2335 mam
1126 2307 1292 2335 credidisset
1320 2306 1488 2340 Theodosio,
1521 2308 1716 2341 imperatorem
1745 2316 1810 2337 eum

1021 2353 1112 2381 statim
1138 2354 1269 2386 declarat,
1291 2356 1320 2380 et
1336 2352 1363 2380 ei
1390 2352 1516 2386 ditionis,
1542 2361 1595 2388 qua
1620 2354 1722 2382 Valens
1744 2360 1811 2382 ante

1020 2398 1189 2434 potiebatur,
1202 2403 1344 2433 sceptrum
1356 2399 1516 2426 committit.
1530 2399 1565 2426 Et
1578 2399 1638 2434 ipse
1652 2400 1764 2434 quidem
1775 2400 1810 2428 ad

1020 2444 1105 2471 Italiae
1120 2443 1391 2471 administrationem
1413 2444 1552 2477 transivit,
1571 2445 1647 2471 illum
1664 2448 1758 2471 autem
1773 2445 1809 2472 ad

1020 2497 1183 2518 concessum
1219 2489 1334 2517 dimittit
1368 2490 1527 2524 imperium.
1563 2490 1692 2525 Regalem
1724 2489 1810 2525 igitur

1019 2535 1193 2562 Theodosius
1204 2542 1353 2570 capessens
1363 2535 1535 2569 dignitatem,
1549 2535 1704 2562 concordiae
1716 2535 1811 2564 Eccle-

1019 2581 1133 2613 siarum,
1153 2589 1235 2615 quam
1252 2581 1372 2608 maxime
1388 2585 1508 2615 poterat,
1522 2589 1618 2609 curam
1641 2582 1766 2620 gerebat,
1780 2587 1810 2610 et

1019 2627 1164 2662 episcopos
1176 2627 1295 2662 propria
1306 2627 1430 2660 ditionis,
1445 2631 1475 2655 ut
1485 2627 1667 2655 convenirent
1676 2628 1810 2656 Constan-

1020 2673 1175 2708 tlnopolim,
1192 2673 1357 2701 exhortatus
1370 2677 1412 2700 est
1431 2683 1437 2701 :
1455 2673 1513 2701 hac
1527 2675 1600 2701 enim
1627 2674 1684 2702 sola
1706 2675 1808 2702 referta

1019 2720 1111 2748 fuerat
1130 2720 1230 2747 Ariana
1246 2724 1334 2754 peste,
1349 2727 1412 2747 eum
1428 2719 1481 2746 illae
1496 2724 1588 2754 partes
1604 2728 1666 2755 qua
1681 2720 1715 2747 ad
1727 2727 1808 2748 occa-

1020 2774 1080 2794 sum
1100 2770 1181 2794 erant
1204 2766 1310 2801 positae.
1327 2766 1362 2793 ah
1384 2766 1437 2794 isto
1461 2766 1557 2793 morbo
1581 2766 1678 2794 libera:
1702 2770 1805 2794 essent.

1019 2811 1086 2838 Nam
1117 2810 1299 2838 Constantino
1331 2816 1415 2846 atque
1446 2811 1599 2838 Constante
1630 2811 1805 2839 Constantini

1017 2856 1108 2892 Magni
1129 2856 1193 2884 ﬁliis
1214 2862 1356 2892 paternam
1380 2857 1463 2885 ﬁdem
1481 2857 1671 2884 intemeratam
1694 2864 1807 2885 conser-

1018 2902 1158 2940 vantibus,
1180 2909 1207 2934 et
1231 2911 1328 2934 rursus
1349 2903 1543 2934 Valentiniano
1566 2903 1696 2939 pietatem
1710 2903 1806 2937 domo:
