2056 3151
179 181 234 212 969

817 180 906 210 VITA
928 181 958 210 S.
980 178 1177 210 AMBROSIL

1759 183 1812 210 ὅἯι

175 236 267 270 είγυῶ
279 246 293 268 ·,
327 235 375 262 καὶ
400 235 540 270 παραινῶν
559 235 597 270 μὴ
616 234 748 270 προέσθαι
769 235 820 270 τὴν
835 235 969 270 πατρῴαν

1022 233 1152 269 pietatem
1167 233 1254 268 ipsam
1268 238 1398 268 suscepto
1409 234 1551 262 discedere
1569 241 1705 268 moneret,
1718 236 1813 264 horta-

177 282 335 309 εὐσέϐειαν·
359 281 554 316 προστέθεικεν
580 282 607 308 δὲ
632 281 680 308 καὶ
709 281 756 308 τοῦ
772 282 890 317 πολέμου
915 281 964 316 τὴν

176 327 301 363 ἀπειλὴν,
324 329 348 354 εἰ
364 327 402 362 μὴ
418 328 537 355 πείθοιτο
549 336 555 342 '
579 327 627 354 καὶ
656 327 748 362 μέντοι
775 329 823 354 καὶ
838 328 869 354 τὸ
884 328 966 362 ἔργον

176 376 231 406 τοῖς
248 375 337 408 λόγοις
365 374 511 407 ἐπέθηκεν.
538 375 595 409 Τὴν
623 375 677 408 γὰρ
697 375 829 409 στρατιὰν
851 375 966 409 ἀγείρας

177 421 224 447 ἐπὶ
239 420 288 456 τὴν
311 421 483 447 Μεδιολάνων
500 421 642 456 ὥρμησεν,
662 421 725 447 ἔνθα
741 423 844 451 ἐκεῖνος
861 422 964 455 διῆγεν.

183 466 212 493 '0
225 467 255 492 δὲ
275 466 368 500 μαθὼν
386 467 435 502 τὴν
447 467 542 500 ἔφοδον
570 469 608 498 εἰς
629 467 773 502 Ἰλλυριοὺς
788 468 876 502 ᾤχετο
900 467 966 501 φεύ-

178 519 246 545 γων,
257 513 289 545 τῇ
301 512 384 546 πείρᾳ.
397 512 491 546 μαθὼν
502 512 581 539 τίνων
594 512 682 547 ὲκτῆς
699 512 830 548 μητρῴας
841 513 968 538 ἀπώνατο

179 566 211 584 συ
215 557 349 593 μϐουλῆς.

214 649 264 676 IE'.
283 648 437 683 Πυθόμενος
451 648 479 676 δὲ
499 648 640 679 Θεοδόσιος
655 649 670 674 ό
697 649 877 684 πανεὺφημος
891 650 969 685 βασι-

177 694 241 726 λεὺς
256 695 291 722 τὰ
311 695 385 729 παρὰ
402 694 450 721 τοῦ
478 695 539 720 νέου
566 695 789 721 Οὐαλεντινιανοῦ
812 696 969 730 πραχθέντα

143 764 147 767 .
177 740 226 766 καὶ
239 739 351 774 τὰπαρὰ
367 739 492 772 Μαξίμου
500 739 546 765 τοῦ
556 739 687 773 τυράννου
700 740 851 774 γραφέντα,
866 740 969 775 ἔγραψε

178 785 217 819 τῷ
235 786 381 820 πεφευγότι
401 786 453 819 νέῳ
474 785 510 820 μὴ
524 786 623 819 χρῆναι
652 785 803 819 θαυμάζειν
825 787 849 812 εἰ
871 787 908 821 τῷ
923 787 970 820 βα-

180 828 247 855 σιλεῖ
259 830 289 856 τὸ
302 830 373 862 δέος,
386 829 425 864 τῷ
437 830 465 856 δὲ
478 830 603 865 τυράννῳ
618 830 648 856 τὺ
665 831 764 865 κράτος
776 832 951 863 συνέζευκται
963 840 969 847 ·

179 877 212 910 τῇ
233 875 288 910 γὰρ
303 876 432 910 εὐσεϐείᾳ
457 876 635 910 πεπολέμηκε
651 876 702 911 μὲν
724 878 738 902 6
756 877 894 910 βασιλεὺς,
911 879 925 904 6
942 878 970 904 δὲ

180 920 311 956 τύραννος
331 919 518 955 ὲπεκούρησεν
534 929 540 936 ·
554 921 602 948 καὶ
613 921 626 946 6
638 921 687 956 μὲν
701 923 804 957 ταύτην
821 924 972 957 προέμενος

180 966 374 1000 ἀποδιδράσκει
404 966 528 1000 γυμνὸς,
549 967 563 993 6
590 967 619 994 δὲ
633 968 720 1003 ταύτῃ
747 968 972 1003 καθωπλισμένος

179 1012 227 1039 τοῦ
241 1013 456 1048 γεγυμνωμένου
473 1015 570 1047 κρατεῖ
582 1021 590 1029 ⁸
615 1016 648 1049 τῇ
665 1015 719 1049 γὰρ
744 1017 872 1051 εὐσεϐείᾳ
891 1019 937 1044 καὶ
958 1017 972 1043 6

179 1059 282 1093 ταύτης
301 1059 410 1085 σύνεστι
424 1059 585 1093 νομοθέτης.

216 1105 274 1138 lq’.
290 1105 383 1131 Ταῦτα
402 1105 451 1139 μὲν
467 1105 515 1132 οὖν
530 1107 625 1141 πόρρω
642 1106 679 1132 ὢν
696 1107 854 1134 ἐπέστειλεν
865 1117 872 1124 ·
897 1109 972 1135 ἐπει-

179 1151 211 1186 δὴ
230 1151 257 1177 δὲ
271 1151 319 1186 τὴν
331 1152 422 1185 φυγὴν
438 1151 608 1186 μεμαθηκὼς
617 1153 656 1184 είς
671 1153 832 1187 ἐπικουρίαν
846 1155 971 1188 ἀφίκετο,

180 1196 227 1223 καὶ
242 1196 290 1230 τὴν
309 1197 358 1231 μὲν
377 1197 480 1222 οἰκείαν
496 1198 713 1224 καταλελοιπότα
730 1199 878 1233 βασιλείαν,
892 1201 931 1232 εἰς
942 1201 972 1227 δὲ

179 1242 228 1275 τὴν
254 1241 339 1268 αὐτοῦ
365 1242 588 1277 παραγενόμενον
618 1242 706 1269 εἶδεν·
732 1245 840 1280 πρῶτον
865 1246 913 1280 μὲν
937 1248 969 1280 τῇ

178 1285 251 1320 ψυχῇ
265 1285 313 1319 τὴν
326 1285 475 1320 θεραπείαν
487 1284 672 1322 προσήνεγκε,
687 1289 734 1315 καὶ
749 1289 798 1324 τὴν
811 1291 972 1324 ἐπιγενομέ-

180 1339 228 1364 νην
243 1331 291 1364 τῆς
308 1332 437 1363 ἀσεϐείας
468 1333 582 1366 ἐξήλασε
605 1334 701 1365 νόσον,
719 1335 767 1361 καὶ
792 1336 833 1366 είς
851 1336 901 1369 τὴν
917 1344 970 1362 πα-

178 1376 269 1411 τρῴαν
289 1377 432 1403 εὐσέϐειαν
446 1377 621 1411 ἐπανήγαγεν
636 1387 642 1394 '
658 1377 719 1406 εἶτα
737 1380 848 1415 θαρρεῖν
865 1390 970 1416 παρεγ-

179 1421 285 1454 γυήσας
314 1421 361 1446 καὶ
385 1421 456 1447 κατὰ
481 1421 528 1448 τοῦ
550 1423 683 1456 τυράννου
708 1425 877 1457 στρατεύσας
891 1427 971 1452 ἀναι-

181 1465 251 1500 μωτὶ
273 1465 323 1499 μὲν
343 1465 381 1500 τῷ
398 1466 449 1500 νέῳ
466 1466 515 1501 τὴν
541 1467 680 1501 βασιλείαν
702 1469 854 1502 παρέδωκε,
878 1471 924 1497 τὸν
941 1472 970 1499 δὲ

180 1511 309 1545 τύραννον
337 1511 513 1539 ἀπέκτεινεν
545 1513 648 1540 ἀδικεῖν
677 1515 732 1548 γὰρ
761 1515 895 1548 ὑπέλαϐε,
922 1519 969 1544 καὶ

988 908 1008 934 Β

180 1555 228 1586 τὰς
247 1556 315 1590 πρὸς
326 1555 473 1590 Γρατιανδν
485 1557 673 1590 γεγενημένας
682 1557 859 1591 παραϐαίνειν
871 1559 972 1593 συνθή-
983 1574 1007 1608 c

181 1609 243 1633 κας,
255 1601 280 1627 εἰ
296 1601 333 1635 μὴ
345 1601 440 1635 ποινὴν
454 1601 516 1632 τοὺς
533 1602 715 1634 ἀπεκτονότας
731 1604 908 1639 εἰσπράξαιτο
923 1605 971 1639 τῆς

182 1648 300 1681 σφαγῆς.
311 1644 394 1686 Οὗτος
411 1648 424 1673 6
438 1647 599 1679 πιστότατος
617 1648 744 1682 βασιλεὺς
756 1650 827 1676 κατὰ
842 1651 892 1684 τῆς
908 1651 974 1678 πλά-

181 1701 231 1727 νης
249 1693 299 1727 τῆς
323 1693 468 1728 ὲλληνικῆς
497 1693 633 1728 μετέθηκε
657 1695 708 1730 τὴν
740 1695 858 1731 σπουδὴν
873 1697 973 1731 πᾶσαν,

182 1739 229 1764 καὶ
248 1739 347 1773 νόμους
363 1739 520 1774 ἑγραψεβὰ
532 1739 586 1766 τῶν
601 1740 719 1768 εἰδώλων
733 1742 835 1778 τεμένη
856 1742 973 1770 καταλυ-

182 1783 259 1818 θῆναι
276 1784 405 1812 κελεύων.

200 1820 266 1857 ~IZ'.
291 1831 497 1864 Κωνσταντῖνος
523 1831 571 1866 μὲν
586 1831 640 1867 γὰρ
659 1832 673 1858 6
702 1832 793 1868 πάσης
823 1833 972 1866 ἀξιώτατος

182 1877 319 1912 εὐφημίας
336 1878 454 1914 πρῶτος,
468 1877 594 1912 εὐσεϐείᾳ
609 1877 659 1912 τὴν
668 1877 806 1912 βασιλείαν
821 1881 972 1915 κοσμήσας,

183 1923 229 1949 καὶ
244 1924 292 1958 τὴν
304 1924 468 1958 οἰκουμένην
483 1923 524 1950 ἔτι
542 1925 698 1958 μεμηνυῖοιν
714 1925 796 1959 ὁρῶν,
813 1925 842 1951 τὸ
857 1925 906 1959 μὲν
916 1927 972 1956 τοῖς

182 1968 290 2004 δαίμοσι
307 1969 380 1996 θύειν
395 1969 571 1996 παντάπασιν
586 1969 771 2004 ἀπηγόρευσε,
787 1971 851 2002 τοὺς
867 1971 895 1997 δὲ
909 1971 972 1997 τού-

182 2023 235 2041 των
251 2015 332 2046 ναοὺς
347 2015 377 2040 οὐ
395 2014 544 2040 κατέλυσεν
557 2034 564 2046 ,
579 2014 650 2041 ἀλλὰ
663 2015 779 2046 ἀϐάτους
795 2013 865 2042 εἶναι
886 2025 973 2052 προσ-

183 2059 294 2090 έταξεν·
327 2059 373 2084 καὶ
408 2060 500 2094 μέντοι
525 2058 572 2084 καὶ
607 2059 632 2085 οἱ
657 2059 753 2085 τούτου
783 2061 877 2092 παῖδες
916 2063 972 2094 τοῖς

184 2103 320 2138 πατρῴοις
334 2103 523 2139 ἠκολούθησαν
536 2104 649 2138 ἴχνεσιν·
661 2104 804 2137 Ἰουλιανὸς
817 2106 844 2131 δὲ
859 2107 973 2132 ἀνενεώ-

185 2157 249 2175 σατο
265 2149 312 2184 τὴν
326 2149 467 2182 ἀσέϐειαν,
488 2150 597 2184 καὶτῆς
623 2150 740 2182 παλαιᾶς
758 2150 897 2186 ἐξαπάτης
910 2153 972 2189 ἐξῆ-

182 2195 217 2229 ψε
234 2195 283 2230 τὴν
300 2195 396 2229 φλόγα.
413 2195 547 2227 Ἰωϐιανὺς
570 2195 598 2222 δὲ
617 2196 667 2230 τὴν
690 2196 830 2231 βασιλείαν
846 2198 971 2232 παραλα-

183 2240 248 2272 ϐὼν,
263 2240 343 2267 πάλιν
367 2241 417 2276 τὴν
445 2240 500 2267 τῶν
514 2240 630 2268 εἰδώλων
645 2241 792 2268 διεκώλυσε
809 2243 958 2277 θεραπείαν
969 2259 975 2266 -

183 2287 230 2314 καὶ
243 2287 462 2318 Οὐαλεντινιανδς
475 2287 503 2313 δὲ
515 2288 530 2314 6
546 2287 632 2321 μέγας
645 2289 702 2319 τοῐς
728 2288 820 2320 αὐτοῖς
831 2290 970 2325 κεχρημέο

183 2340 226 2363 νος
249 2332 354 2367 νόμοις,
378 2332 451 2358 rem
465 2332 515 2368 τὴν
540 2332 677 2368 Εὐρώπην
687 2341 693 2348 ·
711 2334 725 2360 6
739 2333 767 2361 δὲ
780 2334 887 2370 Οὐάλης
903 2337 971 2363 πᾶσι

184 2379 232 2412 μὲν
246 2379 303 2409 τοῖς
326 2379 417 2410 ἄλλοις
444 2379 582 2414 ἐπέτρεψε
600 2379 763 2414 Θρησκεύειν
785 2377 802 2415 ᾖ
819 2380 970 2416 βούλονται,

183 2425 273 2451 καὶτὰ
288 2425 495 2460 θρησκευόμενα
506 2424 670 2459 Θεραπεύειν
681 2433 687 2440 ·
704 2425 794 2460 μόνοις
803 2426 831 2452 δὲ
843 2427 906 2453 πολε
912 2427 971 2462 μῶν

182 2469 295 2496 διετέλει
311 2471 368 2501 τοϊς
389 2470 442 2497 τῶν
458 2470 645 2498 ἁποστολικῶν
661 2471 852 2507 ὑπερμαχοῦσι
868 2473 971 2509 δογμά-

182 2523 246 2542 των.
271 2515 363 2543 Πάντα
379 2515 444 2549 γοῦν
464 2517 509 2543 τὸν
525 2517 574 2552 τῆς
599 2517 704 2544 ἱκείνου
722 2517 861 2552 βασιλείας
875 2520 971 2556 χρόνον

182 2560 229 2586 καὶ
242 2559 273 2586 τδ
289 2560 440 2596 ἐπιϐώμιον
454 2561 556 2596 ἥπτετο
571 2561 639 2596 πῦρ,
661 2562 709 2589 καὶ
729 2564 845 2595 σπονδὰς
861 2567 908 2592 καὶ
923 2566 969 2593 θυ-

183 2606 243 2637 σίας
255 2609 309 2638 τοῖς
328 2607 448 2640 εἰδώλοις
462 2608 645 2644 προσέφερον,
660 2609 708 2636 καὶ
726 2610 774 2642 τὰς
793 2611 969 2646 δημοθοινίας

182 2652 254 2678 κατὰ
266 2653 315 2688 τὴν
332 2654 434 2688 ἀγορὰν
455 2654 611 2686 ἐπετέλουν,
628 2655 676 2681 καὶ
692 2656 716 2681 οι
729 2656 763 2682 τὰ
778 2648 907 2684 Διονύσου
922 2659 969 2694 ὕρ-

180 2706 227 2731 για
239 2700 427 2734 τετελεσμένοι
442 2700 510 2735 μετὰ
523 2701 578 2728 τῶν
591 2701 704 2736 αίγὶδων
716 2702 909 2738 ἔτρεχον,τοὺς
919 2705 969 2732 κύ-

180 2752 227 2774 νας
245 2746 414 2777 ὲπισπῴντες
429 2746 476 2772 καὶ
493 2747 646 2782 μεμηνότες
662 2748 709 2775 καὶ
726 2748 907 2784 βακχεύοντες
920 2752 968 2778 καὶ

180 2791 263 2817 τᾶλλα
277 2792 393 2827 δρῶντες
418 2793 436 2820 θ.
456 2793 505 2829 τὴν
520 2793 567 2821 τοῦ
585 2794 746 2823 διδασκάλου
762 2796 893 2827 πονηρίαν
904 2797 967 2833 ἐδή-

182 2835 237 2863 λου.

1017 285 1147 314 returque
1175 284 1318 314 paternam
1336 287 1370 307 ne
1397 280 1530 314 abjiceret
1560 282 1732 317 religionem.
1754 282 1811 310 Nisi

1017 330 1110 352 autem
1133 333 1238 352 morem
1257 329 1376 360 gereret.
1390 326 1584 360 gravissimum
1601 328 1689 355 eidem
1706 328 1811 355 bellum

1017 371 1210 403 minitabatur,
1228 376 1256 398 et
1270 380 1299 398 re
1317 372 1430 406 quidem
1445 373 1504 406 ipsa
1520 373 1636 400 collecto
1662 375 1789 401 exercitu
1803 394 1811 405 .

1019 417 1207 444 Mediolanum
1236 425 1334 457 versus
1359 418 1514 452 promovit;
1540 419 1610 446 hanc
1628 420 1701 446 enim
1719 421 1810 446 sedem

1019 463 1230 490 Valentinianus
1241 464 1363 498 elegi-rat
1375 464 1408 491 ad
1421 465 1612 492 habitandum.
1628 465 1677 492 llic
1692 473 1757 492 vero
1776 466 1809 492 ir-

1019 510 1177 544 ruptionem
1191 511 1251 544 ejus
1268 518 1330 537 eum
1342 511 1506 542 accepisset,
1526 512 1552 538 in
1570 511 1688 546 lllyriam
1705 512 1768 546 iuga
1783 519 1810 539 se

1020 557 1149 587 contulit,
1172 557 1224 583 hac
1241 558 1300 591 ipsa
1318 558 1489 592 experientia
1509 563 1681 593 compertum
1697 558 1810 591 habens,

1020 608 1154 637 quantum
1176 609 1298 631 materna
1315 605 1428 631 consilia
1444 605 1495 639 ipsi
1516 605 1688 638 prodessent.

1057 648 1115 674 XV.
1133 648 1166 675 At
1179 648 1330 682 imperator
1343 649 1516 676 Theodosius
1530 650 1574 677 ubi
1587 650 1700 676 resrivit
1714 655 1741 677 et
1753 657 1812 684 qua

1022 694 1158 721 Maximus
1176 695 1459 729 adversnsjuniorem
1476 696 1698 723 Valentinianum
1717 697 1810 723 molie-

1022 739 1120 771 batur,
1131 745 1158 767 et
1169 748 1265 767 rursus
1279 748 1405 775 qmenam
1427 741 1460 768 ad
1477 749 1539 769 eum
1554 743 1626 769 idem
1645 742 1811 776 scripsisset,

1023 785 1124 812 litteris
1151 786 1289 820 signiﬁcat
1308 787 1403 822 juveni
1436 788 1550 822 fugienti
1572 797 1625 815 nun
1641 797 1702 816 esse
1738 789 1811 823 quod

1023 832 1084 866 quis
1110 832 1310 863 admiraretur.
1337 834 1358 860 si
1392 835 1448 869 regi
1465 835 1566 867 timor,
1589 840 1706 870 tyranno
1729 835 1810 862 robur

1024 878 1188 911 coniunctus
1201 883 1295 906 esset.
1310 880 1377 906 Nam
1396 881 1504 915 pietati,
1527 882 1627 917 inquit,
1649 890 1695 910 rex
1711 882 1812 909 bellum

1024 923 1129 955 intulit,
1148 928 1281 958 tyrannus
1306 932 1372 951 vero
1386 926 1536 953 auxiliatns
1557 932 1599 954 est
1621 936 1628 953 :
1646 931 1674 954 et
1695 927 1740 954 ille
1755 926 1811 961 qui-

1024 970 1084 995 dem
1102 969 1190 1003 ipsam
1207 970 1357 1001 deserens.
1381 972 1474 998 nudus
1490 972 1598 1007 aufugit
1614 981 1620 999 :
1638 973 1682 999 ltle
1705 981 1720 1000 e
1748 981 1811 1000 con-

1025 1014 1110 1040 trario
1129 1015 1173 1041 illa
1191 1021 1324 1047 armatus,
1342 1017 1486 1044 victoriam
1508 1018 1593 1044 refert
1607 1027 1640 1045 ex
1654 1018 1812 1045 denudato:

1023 1060 1120 1094 pietati
1136 1061 1210 1087 enim
1226 1062 1313 1096 ipsius
1326 1062 1468 1097 legislator
1479 1063 1586 1098 adiutor
1605 1064 1668 1091 fuit.

1060 1106 1128 1134 XVI.
1144 1106 1205 1133 Haec
1220 1107 1303 1140 igitur
1319 1116 1367 1142 per
1382 1109 1537 1142 epistolam,
1555 1117 1617 1136 eum
1631 1110 1712 1144 longo
1725 1113 1813 1137 tractu

1023 1157 1095 1179 esset
1115 1153 1240 1184 dissitus,
1260 1154 1401 1181 nuntiavit
1421 1163 1426 1180 :
1444 1160 1588 1189 postquam
1609 1164 1674 1182 vero
1690 1156 1717 1182 in
1738 1156 1812 1183 auxi-

1024 1198 1091 1224 lium
1106 1199 1192 1230 venit,
1207 1203 1234 1226 et
1248 1199 1336 1232 illmn,
1356 1201 1469 1234 proprio
1484 1200 1594 1235 quidem
1615 1201 1712 1228 relicto
1727 1202 1813 1236 impe-

1023 1244 1075 1275 rio.
1096 1245 1124 1271 in
1143 1253 1194 1272 suo
1210 1252 1375 1280 prresentcm
1393 1247 1478 1279 vidit;
1496 1248 1615 1282 primum
1627 1248 1739 1283 quidem
1755 1256 1813 1276 nte-

1022 1290 1143 1317 dieinam
1169 1291 1298 1319 adhibuit
1316 1293 1376 1326 ejus
1398 1294 1507 1326 animae,
1520 1299 1548 1320 et
1568 1294 1737 1329 impietatis,
1761 1303 1814 1330 qua

1022 1335 1176 1368 laborabat,
1199 1337 1324 1364 morbum
1340 1338 1491 1373 expellens,
1508 1339 1535 1365 in
1554 1340 1684 1373 pietatem
1699 1341 1814 1375 patriam

1023 1381 1115 1416 ipsum
1138 1383 1259 1410 reduxit.
1285 1384 1389 1410 Deinde
1416 1384 1493 1411 illum
1531 1386 1670 1414 conlidere
1694 1387 1814 1422 jubens,

1022 1431 1051 1453 et
1066 1431 1164 1454 contra
1191 1431 1340 1462 tyrannum
1366 1429 1489 1457 inferens
1512 1430 1609 1466 signa,
1639 1431 1677 1459 illi
1703 1433 1815 1467 quidem

1023 1472 1081 1499 sine
1097 1474 1230 1508 sanguine
1255 1474 1346 1501 reddit
1369 1475 1536 1510 imperium,
1556 1481 1702 1513 tyrannum
1722 1483 1814 1506 autem

1022 1518 1158 1552 supplicio
1193 1519 1286 1546 allicit.
1314 1520 1461 1548 Enimvero
1496 1523 1600 1551 violare
1635 1533 1664 1550 se
1697 1525 1815 1552 credidit

1024 1563 1093 1590 inita
1122 1569 1202 1598 pacta
1224 1573 1286 1592 curn
1299 1565 1440 1599 Gratiano,
1459 1569 1512 1596 nisi
1529 1569 1563 1596 ab
1582 1570 1652 1602 illis,
1671 1571 1719 1605 qui
1742 1571 1816 1599 hunc

1026 1609 1178 1643 principem
1207 1611 1531 1648 trucidaverant,pa§nas
1553 1620 1701 1649 repeteret.
1727 1617 1816 1651 Atque

1025 1654 1099 1682 idem
1122 1656 1271 1691 imperator
1292 1658 1468 1687 ﬁdelissimus
1493 1662 1574 1688 etiam
1592 1662 1724 1690 adversus
1751 1671 1815 1699 gen-

1026 1699 1114 1728 tilium
1131 1710 1241 1730 errores
1253 1711 1362 1731 omnem
1389 1706 1701 1742 contulitdiligentiam,
1727 1710 1815 1745 leges-

1025 1755 1079 1781 que
1108 1749 1302 1784 promulgavit,
1320 1751 1422 1786 quibus
1439 1752 1576 1781 idolornm
1594 1756 1694 1790 templa
1709 1756 1815 1785 destrui

1024 1792 1211 1827 praecipiebat.

1060 1838 1142 1865 XVII.
1157 1839 1264 1867 Etenim
1279 1841 1479 1870 Constantinus
1495 1843 1618 1879 Magnus,
1642 1846 1716 1874 omni
1733 1847 1815 1876 laude

1025 1892 1056 1912 ac
1068 1886 1263 1919 praedicatione
1275 1895 1357 1922 quam
1370 1888 1560 1924 dignissimus,
1588 1892 1691 1926 pietate
1707 1894 1816 1922 ornavit

1023 1931 1188 1966 imperium:
1205 1941 1237 1960 ac
1253 1938 1341 1961 totum
1361 1935 1456 1962 orbem
1488 1938 1573 1964 etiam
1595 1943 1661 1966 tunc
1676 1939 1816 1968 insanien-

1025 1979 1078 2003 tem
1097 1977 1204 2007 videns,
1215 1978 1388 2007 diemonibus
1400 1981 1512 2015 quidem
1529 1984 1685 2012 sacrificare
1701 1986 1815 2014 omnino

1023 2020 1176 2054 prohibuit,
1191 2030 1287 2049 eorum
1302 2029 1393 2051 autem
1407 2025 1467 2052 fana
1481 2031 1552 2054 stare
1567 2030 1702 2063 permisit,
1721 2031 1755 2058 ab
1773 2031 1816 2059 eis

1022 2067 1112 2092 arceri
1129 2068 1279 2101 quemlibet
1292 2069 1404 2103 jnbcns.
1420 2071 1452 2097 Et
1464 2072 1575 2106 quidem
1591 2074 1673 2110 hujus
1700 2077 1748 2103 tilii
1766 2085 1817 2112 pa-

1024 2112 1110 2138 ternis
1128 2112 1253 2140 institere
1270 2115 1409 2149 vestigiis:
1442 2117 1572 2147 Julianus
1589 2128 1654 2147 vero
1670 2125 1815 2152 renovavit

1024 2158 1206 2192 impietatem,
1222 2167 1273 2186 nec
1285 2168 1340 2187 non
1356 2163 1460 2190 erroris
1473 2163 1529 2198 jam
1542 2166 1655 2194 exsoleti
1668 2169 1816 2197 vehemen-

1024 2202 1121 2230 tiorem
1142 2203 1278 2231 ﬂammant
1305 2206 1442 2234 accendit.
1471 2208 1506 2235 At
1543 2209 1674 2238 .lovianus
1697 2213 1816 2248 adeptus

993 2247 1190 2283 Dimperium.
1219 2257 1316 2278 rursus
1341 2251 1476 2280 idolorum
1506 2256 1611 2283 cultum
1641 2247 1814 2296 proscripsit.

1021 2295 1056 2322 Et
1068 2302 1184 2331 magnus
1199 2304 1309 2331 quoque
1326 2298 1537 2329 Valentinianus
1551 2302 1648 2331 iisdem
1666 2305 1746 2340 plane
1772 2307 1814 2335 lc-

1022 2341 1103 2376 gibus
1119 2349 1193 2375 usus,
1211 2343 1348 2379 Europam
1369 2346 1451 2373 rexit.
1475 2346 1554 2380 Quod
1571 2357 1637 2377 vero
1658 2351 1691 2378 ad
1717 2353 1816 2381 Valen-

1024 2392 1093 2419 tem,
1107 2388 1215 2416 cunctis
1240 2389 1351 2424 quidem
1368 2391 1430 2419 aliis
1454 2392 1569 2421 adorare
1588 2397 1725 2430 permisit,
1744 2407 1815 2433 quo.

1023 2434 1107 2461 modo
1119 2435 1239 2468 vellent,
1255 2440 1283 2463 et
1298 2443 1358 2471 quae
1372 2437 1536 2471 adorabant,
1554 2441 1642 2476 palam
1657 2444 1768 2472 colere:
1784 2445 1813 2474 in

1022 2478 1075 2507 hos
1102 2485 1195 2508 autem
1226 2482 1319 2515 solos,
1343 2490 1358 2510 a
1384 2484 1486 2518 quibus
1510 2486 1639 2523 dogmata
1661 2492 1814 2525 apostolica

1022 2526 1278 2560 propugnabantur,
1309 2526 1415 2555 bellum
1446 2537 1543 2565 gerere
1572 2541 1627 2560 non
1651 2533 1811 2564 intermisit.

1022 2570 1101 2598 Omni
1113 2579 1181 2606 ergo
1193 2577 1317 2607 tempore
1331 2581 1387 2609 quo
1418 2575 1441 2602 is
1465 2577 1601 2612 regnavit,
1630 2579 1701 2613 ignis
1731 2581 1814 2609 altari

1022 2619 1215 2653 superpositus
1243 2620 1468 2654 accendebatur,
1499 2628 1528 2651 et
1555 2623 1701 2652 libationes
1727 2631 1814 2661 atque

1023 2664 1130 2692 hostias
1143 2665 1225 2692 idolis
1237 2665 1402 2701 offerebant,
1424 2671 1452 2695 et
1464 2668 1492 2695 in
1504 2669 1603 2703 plateis
1615 2671 1740 2698 convivia
1761 2679 1817 2707 pu-_

1023 2709 1095 2738 bliea
1108 2711 1296 2744 celebrabant,
1318 2717 1346 2739 et
1359 2713 1407 2748 qui
1423 2715 1589 2749 peragebant
1607 2716 1707 2744 Bacchi
1722 2718 1810 2754 orgia,

1022 2762 1084 2782 cum
1100 2756 1222 2790 caprinis
1241 2758 1359 2791 pellibus
1372 2760 1531 2793 currebant,
1546 2768 1629 2789 canes
1646 2769 1740 2792 secum
1753 2768 1810 2791 tra—

1023 2801 1130 2834 lientes,
1146 2807 1174 2830 et
1194 2802 1372 2837 insanientes,
1396 2810 1423 2834 et
1447 2806 1660 2843 debacchantes,
1676 2813 1705 2837 et
1736 2817 1811 2837 com-

1022 2847 1165 2875 mittentes
1176 2847 1230 2876 alia
1245 2849 1414 2887 huiusmodi,
1437 2861 1497 2889 qua:
1519 2854 1669 2891 nequitiam
1687 2855 1810 2892 magistri

1021 2893 1062 2922 sui
1076 2894 1166 2929 palam
1185 2894 1317 2925 facerent.
