2056 3151
247 145 295 177 871

845 143 1036 173 ADDENDA.
1059 155 1092 160 —
1105 141 1268 171 APRILIS.

1820 137 1881 170 87!}

285 199 374 228 XVIII.
393 199 581 227 Fidelissimus
594 204 685 226 autem
698 201 848 234 imperator
860 199 1031 226 Theodosius

1120 196 1172 225 lll'.
1189 197 1329 227 Θευδοσίας
1341 197 1369 223 δὲ
1382 201 1395 222 o
1406 197 1566 228 πιστότατος
1582 195 1711 231 βασιλεὺς
1726 193 1812 222 ταῦτα
1825 204 1870 224 πι-

248 246 343 273 ἰειὶιωο
359 244 452 271 omnia
471 252 486 271 e
507 244 598 271 medio
613 245 649 271 ita
670 244 793 276 sustulit,
813 251 845 270 ao
864 244 886 271 si
904 244 938 270 ab
954 244 1033 270 initio

248 297 303 316 non
320 289 510 316 exstitissent:
529 290 556 314 lu
573 295 691 322 quorum
708 289 795 315 vicem
812 287 975 314 Christianis
992 287 1033 314 in-

246 335 338 362 stituit
352 335 405 362 alia
423 335 511 369 plura.
526 333 579 361 Sed
591 334 664 360 enim
681 334 741 368 ejus
754 334 800 368 qui
816 341 830 360 a
847 334 945 368 primis
960 338 1034 359 retro

248 380 420 415 temporibus
435 372 522 406 hostis
538 379 679 406 hominum
692 383 745 411 est,
769 379 860 406 omnia
879 379 948 405 retia
977 385 1034 404 non

247 426 301 453 nisi
321 433 392 460 aegre
405 424 598 460 etlugiunlur;
626 425 725 459 saepius
747 424 820 451 enim
841 423 944 458 aliquis
970 430 1033 450 cum

248 471 364 498 luxuriae
379 470 506 497 morbum
522 469 650 502 evaserit,
676 469 797 496 avaritiae
824 468 923 502 laqueo
941 467 1033 494 forsan

249 517 379 550 capitur:
396 515 419 542 si
437 519 530 543 autem
548 515 594 542 illa
608 515 692 542 fuerit
707 515 793 550 major
808 514 919 541 aliunde
937 520 1035 540 rursus

246 560 344 588 livoris
365 567 468 595 vorago
482 559 680 587 subnascitur:
710 563 738 586 et
762 559 826 586 licet
842 558 915 585 hanc
941 558 1034 585 denuo

250 606 423 638 transilierit,
436 606 528 641 plagas
543 605 694 633 iracundia:
708 605 831 632 offendet
844 609 1032 640 preparatas:

247 657 277 679 et
292 657 437 679 sexcentas
453 652 521 679 alias
547 651 708 678 hominibus
740 650 892 678 tendiculas
923 650 1036 677 instruit

249 698 386 732 malignus
403 698 456 730 ille,
475 698 522 732 qui
544 697 570 724 in
587 697 729 724 hominum
742 701 857 723 venatur
871 695 1034 731 perniciem.

250 742 322 771 Sane
338 743 450 778 quidem
470 751 620 777 corporeus
635 748 725 770 motus
753 742 888 770 machinis
903 742 1036 770 adversus

250 788 369 814 animam
385 788 420 814 ab
436 795 469 814 eo
482 787 623 814 fabricatis
640 787 722 814 habet
733 792 914 822 cooperantes
928 796 934 814 :
958 794 1036 815 mens

250 838 342 860 autem
359 834 405 860 illa
423 841 483 868 qua:
501 833 620 868 vigilans
635 833 728 866 fuerit,
746 833 804 860 sola
832 838 955 868 supcrat,
973 841 1037 867 pro-

250 878 384 912 pensione
403 878 429 904 in
445 885 488 905 res
504 877 611 905 divinas
623 879 859 906 machinationum
882 878 955 905 illius
980 885 1038 905 ma-
1053 875 1074 902 Β

251 923 338 950 litiam
354 923 699 958 reprimens.Quapropler
714 933 777 952 cum
792 925 918 951 humanae
930 929 1036 952 natura

252 971 388 1005 particeps
405 977 478 998 esset
491 971 640 1007 imperator
657 971 703 999 ille
719 972 900 1004 admirabilis,
927 976 1038 1006 pertur-

254 1016 399 1044 bationum
427 1018 500 1044 illius
519 1025 618 1052 expers
641 1025 696 1045 non
714 1026 823 1054 semper
853 1018 915 1046 fuit.
935 1017 1036 1045 Verum

251 1063 483 1090 excessusnescio
495 1064 557 1098 quis
573 1064 620 1091 ira:
634 1064 762 1099 legitimae
776 1064 941 1099 conjunctus
952 1083 959 1095 ,
976 1071 1039 1090 cru-

251 1107 312 1135 dele
325 1108 455 1143 quiddam
473 1109 602 1143 parturiit
631 1114 714 1143 atque
744 1108 896 1145 injustum;
917 1109 951 1137 de
983 1117 1038 1144 quo

251 1153 382 1182 videlicet
395 1155 490 1181 statim
506 1154 625 1181 dicetur.
644 1153 737 1188 Neque
763 1156 837 1182 enim
868 1159 973 1182 tantum
1000 1163 1040 1182 re~

252 1199 465 1234 prehensionem
484 1200 566 1227 habet
580 1199 752 1227 admirabilis
773 1199 961 1234 imperatoris,
989 1200 1038 1228 sed

251 1246 334 1272 etiam
352 1245 574 1277 praedicationem
598 1245 729 1272 memoria
743 1245 889 1272 admodum
904 1245 1012 1280 dignam
1030 1254 1037 1273 :

251 1291 371 1318 maxime
383 1298 449 1318 vero
463 1291 589 1325 generosi
615 1291 689 1318 illius
718 1291 856 1318 Ambrosii
881 1290 1038 1319 libertatem

254 1336 310 1364 huc
320 1337 528 1369 succedentem,
543 1343 575 1363 ac
591 1337 708 1363 multum
727 1336 815 1370 illum,
835 1344 891 1371 quo
910 1337 1039 1365 utebatur

251 1383 281 1410 in
299 1384 384 1411 rebus
401 1383 435 1411 ad
449 1384 578 1418 pietatem
591 1384 807 1418 pertinentibus,
833 1384 919 1412 animi
947 1385 1039 1413 fervo-

254 1435 323 1456 rem.
343 1428 483 1463 Quidquid
497 1429 566 1456 iIlud
581 1430 627 1462 sit,
642 1433 734 1457 tamen
756 1430 908 1459 declarabit
935 1434 1036 1460 oratio.

290 1473 360 1502 XIX.
378 1475 572 1502 Thessalonica
589 1475 687 1503 civitas
697 1483 795 1511 magna
809 1481 861 1509 est,
877 1484 908 1504 ac
928 1478 1039 1513 populis

251 1519 391 1556 frequens,
409 1521 542 1548 attributa
559 1521 669 1556 quidem
678 1522 881 1556 Macedonibus,
891 1523 1039 1552 Thessaliae
1052 1540 1073 1570 ο

252 1571 344 1594 autent
380 1572 461 1602 atque
488 1567 598 1594 Achaiae
624 1572 717 1602 caput,
750 1569 982 1603 quemadmodum
1011 1575 1039 1598 et

250 1613 366 1641 aliarum
389 1614 548 1646 multarum,
575 1618 711 1648 quOlquot
732 1614 920 1648 subjiciuntur
939 1617 1038 1652 Illyria:

250 1658 390 1692 praefecto.
405 1658 547 1685 Setlitione
561 1658 644 1693 igitur
661 1658 717 1686 illic
731 1665 838 1691 exorta,
851 1660 963 1694 quidam
981 1669 1040 1688 ma-

251 1703 420 1737 gistratuum
435 1702 548 1736 lapidati
567 1707 643 1734 sunt,
660 1707 687 1729 et
699 1710 748 1737 per
762 1704 822 1731 vias
836 1706 927 1737 tracti,
941 1706 1040 1733 vitam-

252 1755 306 1784 que
327 1748 487 1782 turpissimo
515 1748 592 1775 exitu
612 1748 754 1776 ﬁnierunt.
772 1749 829 1776 Rex
845 1750 929 1785 igitur
941 1759 1038 1780 eorutn

252 1801 315 1830 quae
326 1793 495 1827 acciderant,
512 1793 618 1820 nuntiis
632 1794 847 1829 excaudescens,
863 1803 895 1824 ea
909 1804 963 1824 non
979 1806 1039 1825 mo-

253 1839 348 1866 derate
364 1838 425 1866 tulit
438 1847 444 1866 :
460 1839 506 1866 sed
523 1846 632 1866 onmem
646 1840 816 1868 stomachum
829 1847 926 1870 contra
943 1851 1040 1872 omnes

252 1884 408 1917 en‘undens,
418 1890 445 1912 et
456 1885 571 1921 iniustos
582 1893 711 1913 exserens
717 1886 830 1921 gladios,
843 1887 966 1917 insontes
977 1897 1039 1919 cum

253 1932 418 1959 nocentibus
436 1932 585 1963 interfecit,
599 1933 728 1959 nimirum
753 1938 858 1968 septem
889 1935 985 1967 millia,
1010 1939 1040 1963 ut

253 1983 423 2004 memoratur
435 1998 441 2010 ,
460 1986 523 2005 cum
550 1978 655 2005 nullum
681 1985 797 2013 prorsus
810 1979 844 2007 ab
856 1987 889 2007 eo
903 1980 1038 2016 judicium

252 2024 424 2059 praemissum
442 2028 525 2051 esset.

286 2069 348 2096 XX.
365 2069 553 2096 Calamitatem
570 2069 640 2096 hanc
658 2069 727 2097 adeo
757 2070 902 2106 lugendam
932 2073 978 2101 ubi
996 2082 1041 2101 re-

252 2115 334 2144 scivit
347 2123 460 2150 magnus
475 2116 647 2149 Ambrosius,
660 2117 779 2144 venienti
794 2118 976 2147 Mediolanum
990 2121 1040 2147 im-

253 2161 385 2196 peratori,
402 2161 464 2188 elin
478 2162 609 2196 templum
633 2162 680 2189 Dei
695 2170 728 2189 ex
755 2171 831 2190 more
859 2165 966 2199 ingredi
993 2174 1040 2193 cu-

1086 244 1166 278 ριεῖλε
1178 244 1277 275 πάντα,
1290 243 1385 277 ὥσπερ
1397 243 1429 270 ἂν
1442 243 1466 269 εί
1487 243 1555 278 μηδὲ
1566 243 1615 278 τὴν
1631 243 1717 277 ἀρχὴν
1731 242 1870 276 γεγονότα,

1083 289 1131 315 καὶ
1147 288 1233 314 πλείω
1246 289 1418 322 Χριστιαιιοῖς
1434 288 1662 322 ἀντεισηνέγκατιι
1676 287 1771 322 ἔτερα.
1793 287 1870 314 ’Δλλᾶ

1083 333 1137 368 γὰρ
1151 333 1198 360 τοῦ
1215 333 1306 360 κοινοῦ
1319 335 1374 359 τῶν
1391 332 1545 368 ἀνθρώπων
1555 333 1659 360 ἄνωθεν
1673 333 1805 367 πολεμίου
1824 333 1870 364 τὰς

1084 379 1170 413 ἄρκυς
1189 379 1330 413 διαφυγεῖν
1355 379 1466 409 ἁπάσας
1478 379 1508 405 οὺ
1532 379 1642 414 ῥᾴδιον·
1663 378 1796 409 πολλάκις
1821 379 1870 413 γάρ

1084 434 1125 457 τις
1143 425 1290 460 διαδράσας
1302 426 1351 459 τῆς
1367 424 1510 458 ἀσελγείας
1523 425 1555 451 τὸ
1582 424 1679 455 πάθος,
1695 425 1728 458 τῇ
1741 425 1792 459 τῆς
1807 424 1872 450 πλε-

1084 471 1188 504 ονεξίας
1214 472 1279 503 ῖσως
1308 471 1448 498 ἁλίσκεται
1473 471 1579 505 παγίδι.
1597 471 1629 497 El
1660 470 1688 496 δὲ
1705 471 1752 497 καὶ
1772 469 1874 504 ταύτης

1084 518 1217 553 κρείττων
1232 517 1482 552 φανείη,έτέρω¹)εν
1493 517 1645 551 ὑποφύεται
1659 517 1740 543 πάλιν
1753 515 1801 542 τοῦ
1812 516 1875 549 φθό·

1084 571 1130 589 νου
1149 562 1180 588 τὸ
1193 562 1331 597 βάραθρον
1344 569 1351 577 ⁸
1378 562 1430 589 κᾶν
1444 561 1563 588 τοῦτοδὲ
1579 561 1660 588 πάλιν
1679 560 1872 596 ὑπερπηδήσῃ,

1084 608 1114 636 τὸ
1125 608 1170 635 τοῦ
1185 608 1272 643 θυμοῦ
1292 608 1398 635 δίκτυον
1414 608 1525 642 εὑρήσει
1540 607 1722 642 προκείμενον
1732 614 1739 622 ⁸
1757 607 1805 633 καὶ
1825 607 1873 633 ἁλ-

1085 653 1133 685 λας
1147 654 1175 680 δι
1197 653 1298 689 μυρίας
1317 654 1373 685 τοῖς
1388 653 1542 688 ἀνθρώποις
1558 652 1649 687 τίθησι
1663 652 1782 686 παγίδας
1798 652 1812 678 ό
1826 659 1874 678 πο-

1083 700 1176 735 νηρὸς,
1192 700 1319 734 ἀγρεύων
1334 701 1375 732 εἰς
1397 699 1518 734 δλεθρον.
1539 699 1594 725 Καὶ
1609 698 1643 725 τὰ
1662 699 1712 733 μὲν
1727 697 1802 733 πάθη
1826 697 1874 725 τοῦ

1086 746 1211 780 σώματος
1224 745 1413 780 ὑπουργοῦντα
1426 744 1483 779 ἔχει
1493 745 1554 776 ταῖς
1573 744 1643 770 κατὰ
1657 744 1707 778 τῆς
1722 743 1812 778 ψυχῆς
1831 751 1874 769 τε‹

1085 790 1277 826 κταινομίναις
1294 790 1340 817 ὑπ’
1355 789 1438 817 αὐτοϋ
1450 790 1583 825 μηχαναῖς
1595 797 1602 805 ·
1619 789 1698 824 μόνος
1715 789 1744 816 δὲ
1757 789 1874 824 ἐγρηγο-

1086 837 1141 873 ρὼς
1154 838 1168 863 ὁ
1180 836 1242 868 νοῦς
1259 836 1439 872 περιγίνεται,
1455 836 1488 871 τῇ
1508 835 1572 870 περὶ
1597 836 1631 861 τὰ
1646 834 1707 862 θεῖα
1720 836 1807 869 τροπῇ
1821 835 1876 860 τῶν

1089 883 1296 918 μηχανημάτων
1312 882 1456 917 διελέγχων
1483 882 1532 917 τὴν
1546 881 1727 916 κακουργίαν.
1754 881 1811 916 Τῆς
1825 881 1875 907 ἀν-

1089 928 1226 964 θρωπείας
1243 928 1276 963 δὴ
1299 926 1347 954 οὖν
1360 927 1466 961 φύσεως
1480 927 1526 953 καὶ
1542 927 1556 953 ό
1572 927 1724 961 θαυμάσιος
1748 926 1875 961 βασιλεὺς

1090 973 1234 1010 μετασχὼν
1252 970 1329 1005 οὗτος
1346 973 1406 999 οὐδὲ
1429 971 1484 999 τῶν
1500 972 1610 1008 ἐκείνης
1625 972 1720 999 παθῶν
1739 971 1873 1006 ἄγευστος

1088 1020 1196 1054 ἔμεινεν
1209 1026 1215 1035 ⁸
1231 1018 1300 1045 ἁλλὰ
1313 1027 1354 1050 τις
1366 1018 1484 1053 ἀμετρία
1497 1018 1534 1053 τῷ
1547 1018 1646 1053 δικαίῳ
1662 1017 1742 1053 θυμῷ
1758 1025 1876 1053 προσγε-

1089 1065 1186 1100 νομένη
1202 1064 1305 1099 ἀπηνές
1322 1072 1348 1090 τι
1359 1063 1439 1090 ὤδινι
1461 1064 1508 1090 καὶ
1529 1064 1698 1099 παράνομον,
1727 1063 1824 1098 ὥσπερ
1843 1062 1874 1098 δὴ

1089 1109 1134 1137 οὖν
1145 1110 1243 1137 αὐτίκα
1257 1109 1406 1144 ῥηθήσεται
1416 1115 1424 1124 ⁶
1451 1109 1482 1136 οὑ
1499 1109 1553 1145 γὰρ
1568 1109 1737 1145 κατηγορίαν
1751 1108 1809 1144 ἔχει
1827 1109 1874 1143 με.

1089 1166 1133 1183 νον
1151 1156 1198 1183 τοῦ
1218 1154 1375 1190 θαυμαστοῦ
1401 1155 1543 1189 βασιλέως,
1572 1155 1641 1183 ἀλλὰ
1669 1156 1716 1183 καὶ
1736 1155 1875 1190 εὐφημίαν

1091 1202 1199 1237 μνήμης
1215 1201 1378 1236 ἁξιωτάτην,
1400 1201 1447 1228 καὶ
1476 1201 1593 1235 μάλιστα
1610 1201 1659 1237 τὴν
1675 1201 1722 1228 τοῦ
1750 1202 1874 1236 γενναίου

1089 1248 1184 1274 τούτου
1203 1246 1365 1282 ’Δμὸροτίου
1375 1241 1558 1282 διαδεχθείσαν
1572 1247 1690 1274 ἐνταῦθα
1704 1247 1873 1282 παρρησίαν,

1090 1294 1137 1320 καὶ
1152 1293 1197 1320 τὸν
1211 1293 1293 1319 πολὺν
1306 1293 1410 1319 ἐκεῖνον
1421 1290 1442 1327 ᾧ
1456 1294 1520 1328 περὶ
1532 1293 1581 1329 τὴν
1594 1293 1734 1320 εὐσέϐειαν
1744 1293 1875 1328 ἐκέχρητο

1089 1339 1187 1374 ζῆλον·
1201 1338 1319 1374 δηλώσει
1331 1339 1353 1366 δ’
1370 1337 1417 1366 οὖν
1436 1339 1511 1374 ὅμως
1529 1339 1543 1366 ὁ
1560 1339 1650 1373 λόγος.

1126 1472 1176 1501 ῐθ’.
1193 1473 1380 1508 Θεσσαλονίκη
1397 1473 1473 1504 πόλις
1498 1473 1556 1499 ἐστὶ
1579 1471 1684 1508 μεγάλη
1701 1471 1747 1499 καὶ
1761 1471 1875 1499 πολυάν-

1091 1520 1209 1555 θρωπος,
1218 1519 1331 1546 τελοῦσα
1345 1519 1395 1554 μὲν
1409 1520 1449 1550 είς
1462 1519 1630 1551 Μακεδόνας,
1643 1518 1780 1553 ἡγουμένη
1791 1517 1818 1544 δὲ
1829 1517 1875 1544 καὶ

1089 1567 1238 1598 Θετταλίας
1253 1567 1300 1593 καὶ
1316 1566 1427 1601 ’Δχαῒας
1440 1566 1488 1592 καὶ
1507 1565 1594 1592 ἄλλων
1611 1565 1716 1592 πολλῶν
1731 1564 1816 1590 ἐθνῶν
1825 1565 1875 1591 ὅσα

1091 1614 1142 1640 ὑπὸ
1155 1612 1194 1648 τῷ
1212 1612 1267 1639 τῶν
1285 1612 1422 1647 Ἰλλυριῶν
1437 1611 1553 1647 ὑπάρχῳ
1570 1613 1670 1638 κεῖται.
1691 1611 1814 1641 Στάσεως
1823 1610 1875 1636 τοί-

1089 1667 1136 1686 νυν
1149 1660 1178 1686 tv
1190 1659 1258 1693 αὐτῇ
1277 1658 1425 1693 γενομένης
1447 1657 1670 1692 κατελεύσθησάν
1683 1666 1713 1683 τε
1730 1657 1778 1684 καὶ
1792 1665 1875 1683 κατε-

1091 1704 1212 1739 σύρησαν
1223 1703 1277 1729 τῶν
1301 1703 1437 1737 ἀρχόντων
1449 1703 1532 1735 τινὲς,
1547 1703 1595 1729 καὶ
1612 1703 1658 1729 τὸν
1673 1702 1729 1737 βίον
1749 1702 1876 1737 αίσχιττα

1090 1748 1160 1775 οὕτω
1174 1747 1371 1784 κατέστρεψαν.
1379 1748 1409 1774 '0
1422 1747 1469 1774 οὖν
1483 1747 1609 1782 βασιλεὺς
1620 1749 1681 1780 ταῖς
1692 1748 1746 1774 τῶν
1759 1747 1876 1782 ωμσάν-

1090 1803 1143 1821 των
1158 1793 1299 1828 ἀγγελίαις
1313 1793 1475 1828 ἀναφλεγεὶς
1492 1794 1541 1820 οὐκ
1558 1794 1657 1829 ἤνεγκε
1679 1794 1774 1830 πράως
1785 1802 1792 1810 '
1809 1794 1877 1820 ἀλλὰ

1091 1841 1179 1868 πάντα
1192 1839 1276 1874 θυμὸν
1287 1839 1394 1866 πάντων
1405 1839 1482 1874 ἀφεὶς
1494 1840 1540 1866 καὶ
1550 1840 1630 1866 ἄδικα
1642 1840 1706 1875 ξίφη
1719 1840 1877 1874 γυμνώσας⁹

1090 1886 1153 1917 τοὺς
1167 1885 1273 1916 ἁθώους
1287 1884 1356 1919 μετὰ
1367 1884 1420 1910 τῶν
1440 1884 1597 1911 ὑπευθύνων
1614 1884 1728 1916 ἀνεῖλεν,
1749 1884 1819 1910 ἑπτὰ
1838 1893 1877 1918 χι-

1090 1931 1183 1962 λιάδας
1196 1929 1210 1956 ὃ
1228 1929 1349 1964 λέγεται,
1371 1929 1439 1965 μηδὲ
1462 1930 1525 1965 μιᾶς
1541 1930 1615 1965 αὐτῷ
1639 1930 1757 1965 κρίσεως
1771 1930 1878 1965 ἡγησαμ-

1092 1978 1184 2015 μένης.

1126 2071 1169 2097 ις’.
1179 2069 1287 2104 Ταύτην
1298 2069 1392 2104 μαθὼν
1400 2069 1449 2105 τὴν
1458 2069 1582 2104 δακρύων
1591 2069 1727 2104 γέμουσαν
1736 2068 1878 2104 συμφορὰν

1091 2116 1104 2142 ὀ
1117 2116 1203 2151 μέγας
1219 2116 1392 2151 ’Δμὸρόοιος,
1406 2116 1572 2150 ἀφικόμενον
1586 2116 1626 2146 είς
1643 2115 1693 2150 τὴν
1707 2114 1878 2142 Μεδιολάνων

1092 2162 1136 2188 τὸν
1158 2163 1269 2197 βασιλέα
1288 2163 1336 2188 καὶ
1352 2163 1476 2196 συνήθως
1493 2161 1559 2187 εἴσω
1575 2161 1621 2187 τοῦ
1638 2160 1712 2187 θείου
1733 2161 1877 2196 παρελθεῖν

253 2206 351 2241 pienti,
381 2206 490 2233 eminus
514 2207 624 2234 obviam
656 2209 847 2243 progrediens,
879 2218 913 2238 ne
946 2217 1039 2245 portas

1093 2208 1256 2243 βουληθέντα
1269 2208 1344 2239 ναοῦ,
1356 2208 1499 2243 πόρρωθεν
1513 2208 1738 2242 προῦπαντήσας,
1751 2207 1810 2234 οὐδὲ
1826 2208 1877 2234 τῶν

254 2252 367 2288 quidem
401 2253 496 2287 templi
536 2253 639 2281 intrare
671 2255 815 2288 permisit:
841 2265 850 2282 ι
868 2256 973 2289 Nescis,
1000 2258 1042 2285 in-

253 2300 364 2334 quiens,
393 2299 433 2326 uti
448 2299 569 2332 videtur,
588 2300 700 2328 nel'arize
712 2302 805 2332 caedis,
839 2310 900 2337 qua:
932 2309 1042 2338 peracta

252 2349 306 2376 est,
325 2345 562 2380 magnitudinem:
579 2354 669 2380 neque
692 2352 754 2381 post
778 2348 866 2382 ipsum
892 2349 1042 2378 iracundiae

255 2395 309 2418 tua:
326 2391 419 2424 linem,
441 2392 547 2419 ratione
563 2394 718 2427 cognovisti
734 2394 817 2428 quale
833 2394 942 2423 facinus
958 2404 1043 2425 ausus

254 2438 352 2465 fueris.
377 2439 524 2466 Enimvero
541 2444 566 2466 te
586 2438 702 2467 fortasse
728 2448 783 2467 non
799 2441 866 2469 sinit
892 2442 1042 2478 imperialis

253 2484 376 2519 potentia
390 2486 497 2512 crimen
513 2492 690 2520 cognoscere,
721 2486 769 2514 sed
803 2488 904 2515 rationi
934 2489 1041 2524 objecta

252 2531 426 2558 auctoritatis
457 2531 551 2558 lumen
579 2531 685 2559 adimit.
722 2532 919 2562 Verumtamen
944 2539 1044 2563 natura

253 2584 365 2605 necesse
380 2583 422 2605 est
442 2577 541 2605 habeat
569 2578 626 2613 ipsa
644 2585 673 2606 se
701 2584 884 2614 perspectam,
906 2585 934 2608 et
962 2581 1043 2609 simul

255 2626 312 2650 tum
332 2624 406 2659 quod
422 2624 493 2650 inest
507 2623 545 2651 illi
564 2625 688 2653 mortalis
702 2633 734 2652 ac
746 2624 823 2658 ﬂuxi,
841 2630 897 2653 tum
911 2628 1043 2662 progeni-

254 2668 349 2695 tricem
365 2669 437 2696 illam
452 2669 571 2704 glebam.
589 2670 660 2696 unde
672 2669 737 2697 facti
752 2678 859 2704 sumus,
875 2677 903 2698 et
917 2672 943 2699 in
959 2680 1042 2707 quam

253 2712 448 2741 dissolvimur:
478 2722 533 2741 non
561 2722 626 2742 vero
651 2722 780 2750 purpnrze
808 2715 875 2743 ﬂore
899 2716 1042 2750 fascinata,

253 2760 341 2793 operti
360 2760 484 2796 corporis
500 2761 627 2796 ignorare
653 2762 735 2789 debet
751 2761 951 2790 inﬁrmitatem.
968 2762 1042 2791 Sub-

251 2804 319 2832 ditis
330 2807 376 2841 qui
392 2808 489 2834 eadem
505 2813 595 2834 tecum
611 2811 710 2834 natura
739 2812 880 2842 constant,
910 2808 1041 2844 imperas,

251 2857 271 2880 o
285 2859 344 2884 rex.
367 2851 423 2879 imo
439 2853 522 2879 etiam
540 2854 682 2882 conservis
697 2853 774 2892 tuis;
800 2862 871 2883 unus
892 2854 965 2883 enim
982 2855 1037 2883 Do-

1096 2256 1177 2291 ἱερῶν
1194 2255 1270 2282 εἴασε
1285 2254 1378 2282 πυλῶν
1392 2255 1534 2289 ἐπιϐῆναι,
1549 2254 1607 2280 Οὐκ
1622 2252 1711 2286 οἶσθα,
1727 2253 1823 2287 λέγων,
1841 2253 1876 2285 ὡς

1093 2302 1193 2334 ἔοικεν,
1212 2298 1234 2327 ὧ
1251 2301 1374 2336 βασιλεῦ,
1401 2301 1450 2335 τῆς
1466 2299 1651 2336 εἰργασμένης
1669 2299 1826 2334 μιαιφονίας
1849 2299 1879 2325 τὺ

1096 2348 1220 2383 μέγεθος,
1235 2348 1296 2374 οὐδὲ
1311 2347 1380 2382 μετὰ
1391 2346 1441 2381 τὴν
1455 2345 1503 2372 τοῦ
1515 2345 1601 2380 θυμοῦ
1615 2344 1691 2380 λῆξιν
1713 2346 1727 2371 ὁ
1751 2345 1879 2380 λογισμὸς

1093 2394 1200 2428 ὲπέγνω
1212 2393 1243 2419 τὸ
1256 2392 1391 2428 τολμηθὲν
1401 2400 1408 2408 ·
1426 2392 1477 2418 οὐκ
1491 2392 1523 2427 ἐᾷ
1535 2392 1589 2426 γὰρ
1603 2392 1669 2423 ἴσως
1680 2391 1729 2426 τῆς
1741 2390 1879 2426 βασιλείας

1093 2441 1110 2475 ὴ
1121 2439 1263 2466 δυναστεία
1284 2438 1433 2472 ἐπιγνῶναι
1444 2438 1494 2474 τὴν
1507 2437 1656 2472 ἁμαρτίαν,
1676 2437 1733 2464 ἀλλ’
1764 2438 1880 2472 ἐπιπρο-

1095 2487 1153 2513 σοεϊ
1171 2486 1187 2521 ἡ
1202 2484 1312 2518 ἐξουσία
1334 2484 1372 2519 τῷ
1394 2484 1527 2519 λογισμῷ.
1545 2485 1606 2519 Χρὴ
1631 2484 1722 2519 μέντοι
1735 2483 1784 2518 τὴν
1799 2484 1878 2518 φύσιν

1092 2531 1201 2564 είδέναι,
1221 2531 1268 2557 καὶ
1282 2531 1312 2557 τδ
1327 2529 1431 2565 ταύτης
1447 2529 1544 2565 θνητόν
1556 2539 1586 2556 τε
1610 2530 1659 2557 καὶ
1672 2531 1811 2566 διαρρέον,
1833 2531 1879 2557 καὶ

1092 2577 1138 2604 τὸν
1151 2577 1282 2613 πρόγονον
1305 2577 1370 2612 χοῦν
1384 2576 1413 2609 EE
1427 2574 1459 2603 οὗ
1473 2577 1626 2611 γεγόναμεν
1638 2576 1686 2603 καὶ
1702 2577 1740 2607 εὶς
1755 2576 1786 2603 ὂν
1797 2577 1881 2611 ἀπορ-

1094 2622 1202 2658 ρέομεν,
1217 2624 1262 2650 καὶ
1280 2623 1318 2658 μὴ
1338 2622 1377 2658 τῷ
1391 2622 1468 2650 ἄνθει
1488 2623 1537 2657 τῆς
1552 2622 1711 2657 ἁλουργίδος
1729 2623 1880 2649 ἀποδουκο-

1093 2669 1239 2705 λουμένην,
1265 2670 1375 2704 ἀγνοεῖν
1392 2668 1438 2695 τοῦ
1456 2669 1664 2704 καλυπτομένου
1682 2669 1808 2704 σώματος
1833 2669 1882 2704 τὴν

1092 2716 1245 2743 ἀσθένειαν.
1262 2715 1406 2750 Ὀμοφυῶν
1419 2715 1524 2750 ἄρχεις,
1538 2712 1561 2742 ὥ
1577 2715 1700 2750 βασιλεῦ,
1721 2716 1766 2742 καὶ
1784 2715 1837 2750 μὴν
1849 2715 1880 2750 δὴ

1094 2763 1140 2790 καὶ
1152 2763 1306 2798 ὁμοδούλων
1316 2770 1323 2778 ·
1341 2759 1382 2793 εἷς
1393 2761 1449 2796 γὰρ
1467 2762 1576 2788 πάντων
1596 2762 1730 2795 δεσπότης
1744 2763 1791 2787 καὶ
1807 2761 1882 2795 βασι-

1093 2807 1155 2840 λεὺς
1172 2808 1186 2834 ὁ
1199 2807 1254 2835 τῶν
1271 2808 1340 2834 ὅλων
1363 2807 1540 2842 δημιουργός.
1561 2807 1651 2837 Ποὶοις
1676 2807 1767 2834 τοίνυν
1782 2807 1882 2841 ὀφθαλ-

1096 2857 1154 2889 μοῖς
1168 2854 1244 2890 δψεις
1257 2855 1302 2883 τὸν
1318 2852 1364 2882 τοῦ
1380 2853 1472 2882 κοινοῦ
1489 2854 1624 2882 Δεσπότου
1646 2854 1729 2889 νεών;
1749 2854 1839 2887 Ποίοις
1853 2853 1881 2881 δὲ
