2056 3151
237 161 296 194 879

825 160 1020 192 ADDENDA.
1037 174 1070 179 —
1088 161 1248 192 APRILIS.

1816 163 1869 193 850

239 228 301 255 qua:
317 220 429 246 virtutis
444 219 598 246 seminibus
607 218 748 254 pulchram
765 218 791 245 in
805 219 921 254 conjuge
934 218 1018 254 irrlga

1083 219 1132 254 λὴν
1147 219 1259 254 ἀρδειαν
1275 219 1321 246 καὶ
1335 220 1491 254 πρόσφορον
1508 220 1565 251 τοῖς
1579 219 1628 254 τῆς
1645 219 1746 254 ἀρετῆς
1764 219 1811 246 τοῦ
1827 220 1874 246 ἀν-

239 266 342 292 tionem
355 268 383 291 ct
392 264 593 292 incrementum
608 263 729 298 praebere
745 269 866 298 possent,
879 264 957 298 prius
973 264 1030 298 ipsa

237 317 320 344 quam
336 309 379 336 vir
395 308 452 335 fato
467 309 561 335 iuncta
578 313 631 335 est.
653 307 776 342 Contigit
791 312 883 335 autem
903 311 965 343 post
983 307 1033 334 ali-

237 357 311 393 quod
325 362 436 392 tempus
446 356 481 384 ab
495 357 555 392 ejus
567 361 655 382 morte
668 355 719 382 tale
733 355 797 390 quid
812 355 883 388 ﬁeri,
901 355 971 382 unde
984 363 1032 390 pa-

236 405 291 432 lam
304 404 502 433 innotesceret,
518 410 638 437 quonam
651 403 802 436 imperator
815 409 880 436 erga
895 409 954 428 eam
967 401 1011 428 ani
1021 416 1030 422 -

237 459 293 482 tuo,
325 454 463 484 quantave
489 449 622 476 charitatc
651 453 725 475 esset
756 447 881 474 allectus.
911 446 1032 482 Cogente

238 496 377 531 siquidem
394 495 528 522 bellorum
543 494 709 529 frequentia.
729 494 879 527 imperator
891 493 930 519 rei
949 500 1031 527 pecu-

239 542 336 570 niariae
350 542 471 576 inopiam
487 542 618 573 tolerans,
636 541 736 567 tributa
749 539 845 566 indixit
859 539 1029 566 civitatibus.

238 588 310 616 Urbs
326 587 409 623 igitur
425 587 571 615 Antiochia
589 595 651 614 cum
667 586 734 613 alias
750 586 831 613 urbes
848 585 957 612 tributis
975 584 1030 612 illis

238 633 366 662 subditas
376 634 559 668 conspiceret,
569 633 700 668 pecunias
710 639 774 659 vero
784 639 832 666 per
843 631 896 658 vim
906 630 989 666 exigi.
997 638 1030 657 ac

237 680 314 708 nulla
329 680 449 708 admissa
464 679 659 710 excusatione;
673 684 821 705 commune
839 677 891 703 hoc
911 676 1029 712 vectigal

238 734 412 761 nequaquam
428 725 532 757 ferens,
549 724 597 751 sed
614 724 755 751 turbarum
770 723 944 750 occasionem
964 723 1029 749 hinc

237 771 386 806 arripiens,
407 769 500 805 qualia
518 770 615 803 vulgus
634 768 724 795 facere
740 768 819 799 solet,
840 768 977 802 patravit:
1000 773 1029 796 et

238 817 417 844 nobilissinue
430 815 558 846 Placillm,
570 815 621 841 hoc
635 815 709 842 cnim
721 819 782 842 erat
795 814 964 849 imperatrici
979 823 1028 842 no-

204 864 211 871 ”
237 871 314 894 men,
331 869 430 889 mream
447 865 564 888 statuam
579 860 637 888 solo
651 860 767 894 adﬂixit,
781 860 866 895 ipsam
881 861 964 888 etiam
977 868 1027 896 per

236 908 331 943 plures
342 908 463 935 civitatis
479 907 555 934 vicos
569 906 744 941 pertrabcns.

272 963 359 992 XXX.
372 964 535 999 Imperator,
547 963 599 990 hac
611 971 639 990 re
651 963 684 990 ad
696 971 726 990 se
735 963 836 995 delata,
851 967 958 990 tantum
970 971 1029 991 mo—

235 1011 335 1043 lestiae,
347 1015 482 1045 quantum
493 1010 619 1039 decebat,
632 1009 697 1037 hinc
709 1010 876 1044 percipiens,
887 1017 948 1037 eam
959 1010 1026 1037 civi.

234 1061 322 1084 tatem
340 1056 461 1091 propriis
481 1055 589 1091 legibus
603 1055 702 1082 ablatis
718 1057 828 1087 multat,
849 1056 1027 1091 vicinamque

234 1104 335 1130 urbem
346 1102 521 1135 Laodiceam,
532 1109 593 1136 quae
602 1105 715 1136 propter
726 1101 804 1129 littus
815 1101 899 1129 maris
910 1101 960 1128 sita
973 1107 1026 1135 est,

237 1149 276 1177 illi
290 1149 416 1184 praeﬁcit.
432 1149 482 1176 hac
499 1148 673 1183 potissimum
685 1148 728 1174 via
742 1148 792 1182 ipsi
805 1155 877 1183 κει-θ
893 1155 923 1175 se
937 1148 1026 1176 facere

234 1202 397 1230 persuasum
409 1194 524 1226 habens;
534 1201 652 1227 namque
663 1193 837 1220 Antiochiam
847 1200 862 1220 a
872 1193 953 1228 longo
961 1197 1026 1220 tent-

235 1247 302 1274 pore
315 1239 498 1267 aemulabatur
508 1237 655 1266 Laodicea.
674 1238 789 1273 Insuper
804 1243 895 1265 autem
909 1238 982 1265 illam
996 1246 1026 1266 se

235 1286 415 1314 incensurum
432 1292 465 1312 ac
479 1285 636 1312 deletorum
650 1284 843 1317 minitabatur,
860 1291 912 1311 nec
926 1291 979 1310 non
997 1284 1025 1311 in

235 1340 337 1368 pagum
348 1332 472 1360 eamdetn
483 1339 512 1358 se
522 1338 732 1358 conversurum:
742 1337 872 1365 proceres
883 1337 950 1357 νεεο
958 1337 1027 1358 11011-

235 1379 319 1406 nullis
330 1379 357 1406 in
368 1378 428 1411 ipso
437 1377 568 1405 facinoris
578 1381 641 1403 actu
653 1376 799 1411 correptis,
810 1381 957 1410 antequam
969 1381 1023 1403 tra-

235 1425 354 1460 gmdiam
372 1424 487 1451 rescire:
515 1430 657 1458 princeps,
673 1426 790 1450 mortem
808 1422 972 1456 irrogarunt.
991 1421 1025 1449 Et

235 1470 295 1497 haec
305 1469 417 1504 quidem
428 1473 529 1497 cuncta
541 1468 763 1496 comminabatur
776 1467 958 1500 Theodosius,
969 1475 1024 1495 non

235 1520 327 1543 tamen
339 1515 414 1542 illico
426 1514 635 1550 exsequebatur.
648 1514 814 1549 prohibente
827 1513 879 1540 boc
890 1513 1023 1540 nimirum

233 1561 305 1597 lege,
315 1569 397 1597 quam
407 1561 516 1588 hortatu
527 1568 577 1589 suo
587 1568 701 1596 magnus
711 1560 872 1587 Ambrosius
881 1558 1022 1586 ferendam

230 1613 388 1636 curaverat.
396 1607 450 1634 Sed
459 1612 637 1642 posteaquam
646 1607 693 1642 qui
704 1606 793 1634 minas
804 1606 863 1633 illas
871 1605 1021 1641 ferrejussi

235 1658 310 1686 sunt,
318 1658 455 1681 venerunt
465 1653 491 1680 in
501 1653 598 1680 urbem
607 1652 780 1680 Antiochiam
790 1652 855 1686 (dux
862 1654 953 1678 autem
963 1655 1022 1679 erat

225 1704 300 1726 vtunc
323 1698 509 1730 Hellenicltus,
543 1703 572 1725 et
590 1698 725 1726 Caesarius
749 1697 895 1732 prtel'ectus
922 1702 1022 1732 prato—

234 1744 329 1776 rianis,
350 1743 479 1778 magister
493 1750 558 1770 vero
572 1751 587 1770 a
600 1743 730 1770 Romanis
750 1743 853 1770 dicitur
865 1763 872 1776 ,
888 1743 935 1777 qui
956 1742 1022 1770 ade-

234 1793 300 1824 ptus
320 1793 364 1816 est.
392 1788 463 1815 hanc
490 1788 682 1824 dignitatem),
704 1788 825 1816 universi
856 1788 968 1823 quidem
994 1789 1022 1816 in

234 1836 310 1860 metu
324 1831 516 1862 versabantur.
527 1832 662 1859 minarum
679 1833 782 1860 exitum
801 1832 1020 1860 reformidantes.

236 1878 352 1906 Virtutis
376 1882 468 1905 autem
493 1878 532 1905 illi
550 1877 658 1905 athletae
672 1899 679 1911 ,
694 1878 741 1913 qui
760 1878 794 1905 ad
813 1878 920 1906 radices
944 1886 1023 1905 mon-

231 1925 304 1951 tium
325 1924 497 1956 habitabant,
513 1931 632 1958 quorum
655 1924 753 1959 ingens
766 1929 826 1952 erat
848 1928 914 1951 tunc
926 1923 1021 1950 multi-

1082 265 1145 299 δρὸς
1165 265 1245 300 ἔφερε
1263 266 1415 301 σπέρμασι.
1438 265 1561 301 Προτέρα
1581 267 1672 301 μέντοι
1689 266 1737 292 τοῦ
1755 265 1872 300 συζύγου

1082 310 1252 345 ἐτελεύτησε,
1267 311 1314 338 καὶ
1329 311 1428 346 συνέσει
1446 311 1517 346 μετὰ
1531 311 1627 346 χρόνον
1639 312 1701 338 τινὰ
1716 311 1766 346 τῆς
1780 312 1873 339 τελευ-

1082 357 1132 390 τῆς
1158 357 1261 383 τοιόνδε
1290 365 1316 384 τι
1337 357 1464 391 γενέσθαι
1481 357 1550 391 ὅπερ
1575 358 1625 392 τὴν
1644 357 1745 393 πολλὴν
1764 359 1872 394 ἐκείνην

1081 402 1129 429 τοῦ
1147 402 1282 438 βασιλέως
1300 402 1365 438 περὶ
1380 403 1465 437 αὐτὴν
1482 403 1601 429 διάθεσιν
1618 403 1666 430 καὶ
1678 404 1872 439 φιλοστοργίαν

1082 448 1235 480 ἀπέδειξεν.
1260 448 1329 474 Ὑπὸ
1342 448 1397 483 γὰρ
1411 448 1465 474 τῶν
1483 448 1586 483 συχνῶν
1604 449 1731 482 πολέμων
1751 449 1872 483 ἀναγκα-

1082 495 1195 529 ζόμενος
1211 496 1225 521 ὑ
1237 494 1364 530 βασιλεὺς
1379 495 1427 521 καὶ
1442 495 1592 529 χρημάτων
1607 495 1756 527 σπανίζων,
1772 495 1872 530 φόρους

1080 542 1140 572 ταῖς
1157 541 1267 568 πόλεσιν
1287 541 1474 576 ἐπεγράψατο.
1495 541 1527 567 Ἦ
1549 541 1688 576 Ἀντιόχου
1714 542 1806 568 τοίνυν
1821 551 1872 576 φορ

1082 586 1279 622 ρολογουμένας
1299 587 1349 618 τὰς
1364 587 1464 622 ἑτέρας
1485 587 1577 618 πόλεις
1592 587 1684 622 ὁρῶσα
1699 587 1746 614 καὶ
1761 588 1810 614 σίιν
1823 588 1870 623 pi;

1079 633 1114 659 τὰ
1136 633 1266 667 χρήματα
1283 633 1330 660 καὶ
1347 634 1545 668 ἀπαραιτήτως
1562 634 1811 669 εἰσπραττομένας,
1841 635 1870 661 τὸ

1080 679 1171 705 κοινὸν
1197 679 1276 706 τοῦτο
1295 679 1371 710 τέλος
1393 679 1443 705 οὐκ
1471 679 1635 713 ἐνεγκοῦσα,
1653 679 1720 706 ἄλλα
1743 689 1774 706 τε
1791 681 1871 707 ὁποῖα

1081 723 1154 758 φιλεῖ
1170 724 1248 759 δχλος
1264 724 1400 759 πρόφασιν
1414 725 1452 756 είς
1466 724 1580 757 ἀταξίαν
1596 725 1745 759 λαμϐάνων
1761 725 1869 761 ἔδρασε,

1079 770 1127 796 καὶ
1142 770 1190 805 τὴν
1207 769 1310 804 χαλκῆν
1335 770 1426 796 εἰκόνα
1443 770 1492 804 τῆς
1508 771 1690 805 πανευφήμου
1715 772 1870 806 Πλακίλλης

1079 815 1169 850 (τοῦτο
1183 815 1239 850 γὰρ
1254 814 1287 851 ἦν
1304 815 1390 850 ὄνομα
1405 817 1436 850 τῇ
1451 815 1578 850 βασιλίδι)
1594 817 1746 852 κατήνεγκε
1762 817 1808 844 καὶ
1822 818 1869 844 ἐπὶ

1079 862 1146 888 mli.»
1161 862 1209 896 τῆς
1226 861 1330 893 πόλεως
1347 862 1583 897 κατασυράμενος.

1114 959 1155 987 Λ¹.
1171 959 1263 987 Ταῦτα
1282 960 1432 994 πυθόμενος
1447 960 1462 987 ὁ
1482 960 1609 996 βασιλεὺς
1631 961 1678 988 καὶ
1698 962 1865 997 χαλεπήνας,

1078 1004 1173 1041 ὥσπερ
1191 1007 1263 1038 εἰκὸς
1278 1005 1322 1042 ἦν,
1338 1007 1372 1034 τά
1384 1016 1412 1033 τε
1428 1008 1477 1041 τῆς
1491 1007 1596 1039 πόλεως
1617 1008 1747 1042 ἀφείλετο
1762 1009 1866 1042 δίκαια,

1080 1053 1126 1079 καὶ
1145 1053 1178 1088 τῇ
1199 1052 1301 1086 γείτονι
1325 1053 1401 1080 πόλει
1422 1053 1568 1089 Λαοδικείᾳ
1585 1055 1616 1089 τῇ
1639 1055 1714 1089 παρὰ
1729 1054 1868 1082 θάλασσαν

1078 1098 1176 1125 δέδωκε
1191 1098 1240 1134 τὴν
1256 1099 1418 1134 ἠγεμονίαν,
1435 1100 1521 1135 ταύτῃ
1543 1100 1662 1134 μάλιστα
1686 1100 1806 1135 νομίζων
1819 1101 1866 1128 αὖ·

1077 1143 1139 1174 τοὺς
1169 1143 1311 1170 ἀνιάσειν·
1333 1144 1497 1180 ἐζηλοτύπει
1517 1146 1572 1180 γὰρ
1601 1146 1618 1180 ἡ
1646 1146 1792 1173 Λαοδίκεια
1817 1146 1866 1181 τὴν

1084 1188 1254 1223 Ἀντιόχειαν
1269 1189 1382 1216 ἀνωθεν.
1405 1190 1483 1216 Μετά
1502 1189 1530 1216 δὲ
1552 1190 1638 1217 ταῦτα
1657 1191 1705 1218 καὶ
1723 1191 1866 1227 έμπιπρᾷν

1077 1234 1184 1268 ἠπείλει
1203 1235 1249 1261 καὶ
1269 1235 1416 1262 καταλύειν
1443 1237 1490 1262 καὶ
1509 1236 1550 1268 είς
1571 1236 1669 1271 κώμην
1685 1237 1715 1263 τὸ
1734 1237 1802 1264 ἄστυ
1819 1247 1866 1272 μι-

1076 1280 1259 1308 ταὸαλεῖν.οἱ
1286 1281 1314 1308 δὲ
1329 1281 1460 1316 ἄρχοντες
1486 1282 1533 1308 καὶ
1560 1282 1665 1308 ἅνείλόν
1693 1291 1770 1314 τινας
1799 1282 1865 1318 παρ’

1077 1327 1142 1352 αὐτὸ
1160 1326 1338 1358 συλλαϐόντες
1355 1327 1386 1354 τὸ
1396 1327 1525 1362 τόλμημα
1538 1328 1602 1363 πρὶν
1615 1329 1718 1362 γνῶναι
1728 1330 1774 1355 τὸν
1790 1329 1866 1364 βασι-

1076 1371 1124 1398 λέα
1151 1373 1201 1408 τὴν
1220 1373 1385 1408 τραγῳδίαν.
1411 1373 1503 1400 Ταῦτα
1520 1373 1549 1400 δὲ
1579 1374 1670 1400 πάντα
1695 1375 1709 1401 ὁ
1738 1375 1866 1410 βασ.λεὺς

1076 1418 1184 1454 ἠπείλει
1203 1419 1266 1453 μὲν,
1282 1419 1313 1445 οὗ
1339 1420 1394 1454 μὴν
1413 1420 1585 1455 παραχρῆμα.
1607 1421 1704 1454 ἐποίει,
1719 1421 1800 1448 τοῦτο
1817 1422 1864 1449 τοῦ

1076 1465 1160 1500 νόμου
1175 1465 1326 1496 κωλύοντος
1336 1465 1364 1491 δν
1378 1465 1539 1500 Ἀμὸρόσιος
1550 1466 1563 1491 ὁ
1575 1466 1661 1500 μέγας
1673 1466 1786 1501 τεῡῆναι
1796 1475 1866 1502 παρ-

1075 1511 1180 1546 ῄνεσεν.
1191 1510 1300 1546 Ἐπειδὴ
1322 1510 1348 1537 δὲ
1361 1511 1437 1545 παρὰ
1458 1511 1507 1546 τὴν
1521 1511 1686 1546 Ἀντιόχειαν
1701 1510 1768 1547 ἧκον
1777 1513 1801 1539 οἱ
1817 1515 1865 1545 τὰς

1077 1556 1190 1588 ἀπειλὰς
1202 1556 1308 1588 ὲκείνας
1320 1556 1477 1591 κομίζοντες
1489 1559 1497 1591 (
1507 1557 1656 1592 Ἐλλένιχός
1668 1566 1696 1584 τε
1713 1559 1865 1593 στρατηγὸς

1074 1602 1223 1638 τηνικαῦτα
1234 1601 1270 1628 ὢν
1283 1603 1329 1629 κοιλ⁸
1338 1602 1486 1635 Καισάριος
1510 1602 1564 1628 τῶν
1588 1603 1730 1638 βασιλείων
1748 1604 1865 1639 ἡγούμε-

1075 1656 1119 1678 νος
1131 1668 1138 1679 ,
1160 1647 1310 1682 μάγιστρον
1333 1647 1361 1673 δὲ
1381 1647 1404 1673 οἱ
1422 1647 1551 1682 Ῥωμαῖοι
1565 1648 1676 1675 καλοῦσι
1691 1649 1737 1675 τὸν
1760 1649 1863 1685 ταύτην

1074 1693 1170 1728 ἔχοντα
1193 1693 1241 1728 τὴν
1255 1693 1363 1728 ἀρχὴν),
1377 1692 1406 1719 ἐν
1429 1692 1483 1719 δέει
1501 1693 1551 1727 μὲν
1574 1691 1643 1729 ἦσαν
1668 1694 1789 1727 ἅπαντες
1813 1696 1863 1726 τὰς

1073 1739 1190 1770 ἀπειλὰς
1216 1738 1444 1772 περιπεφρικότες
1461 1746 1467 1753 “
1482 1740 1506 1765 οἱ
1534 1739 1562 1765 δὲ
1589 1740 1638 1774 τὴν
1663 1740 1803 1775 ὑπώρειαν
1822 1743 1862 1768 οἰ-

1074 1785 1185 1815 κοῦντες
1208 1783 1257 1817 τῆς
1281 1783 1382 1818 ἀρετῆς
1404 1782 1519 1818 ἀθληταὶ
1542 1784 1646 1819 (πολλοὶ
1662 1785 1690 1811 δὲ
1707 1783 1778 1820 ἦσαν
1796 1787 1861 1813 κατ’

1073 1829 1162 1855 ἐκεῖνο
1190 1827 1297 1862 καιροῦ)
1320 1827 1484 1863 συνήχθοντο
1509 1830 1566 1860 τοῖς
1587 1830 1619 1864 τῇ
1646 1829 1745 1866 ἀπειλῇ
1767 1831 1863 1858 ὑποδι-

1073 1875 1236 1910 ϐλημένοις,
1254 1875 1300 1900 καί
1331 1874 1508 1910 περιέτρεχον
1536 1876 1675 1911 πανταχοῦ
1689 1896 1698 1909 ,
1713 1877 1761 1904 καὶ
1789 1877 1860 1912 ὑπὲρ

1072 1922 1127 1948 τῶν
1145 1919 1336 1954 κολαζομένων
1349 1920 1388 1952 ὡς
1404 1920 1515 1947 δυνατὸν
1534 1922 1717 1956 παρεκάλουν.

235 1970 313 2003 tudo,
334 1971 368 1998 iis
381 1977 451 2005 quos
469 1970 636 2005 percellebat
671 1970 867 2003 comminatio,
901 1969 1148 2005 compatiebantur,
1171 1970 1200 1994 et
1235 1966 1450 2002 circumquaque
1486 1972 1647 2003 cursantesl,
1678 1968 1713 1996 de
1742 1968 1776 1996 iis
1795 1970 1860 1997 viris

233 2017 281 2052 qui
301 2016 437 2051 supplicio
452 2015 561 2043 fuerant
569 2015 669 2050 allecti,
681 2021 814 2051 quantum
825 2016 936 2048 licebat,
951 2016 1019 2044 alios
1039 2013 1212 2043 solabamur.

269 2061 366 2089 XXXI.
391 2061 468 2090 Unus
496 2067 588 2090 autem
617 2069 650 2089 ex
677 2062 732 2090 illis
756 2067 815 2090 erat
836 2064 878 2090 vir
893 2067 1017 2093 sanctus,

233 2112 386 2135 exornatus
398 2107 474 2134 omni
487 2107 600 2139 virtute,
613 2111 642 2134 et
657 2107 704 2142 qui
719 2106 764 2134 die
783 2112 919 2142 nocteque
933 2115 1016 2142 puras

233 2156 375 2184 orationes
394 2157 516 2183 omnium
529 2155 664 2183 Salvatori
681 2154 823 2183 offerebat.
844 2154 893 2182 llic
908 2161 960 2182 nec
971 2154 1022 2182 im-

234 2201 371 2236 peratoris
406 2201 474 2228 iram
508 2205 644 2234 metuens,
661 2208 713 2229 nec
736 2208 832 2228 eorum
865 2200 912 2235 qui
943 2200 1019 2227 missi

233 2252 323 2280 erant,
346 2250 509 2281 potestatem
535 2246 628 2274 animo
651 2253 790 2281 reputans,
816 2254 878 2274 cum
907 2245 936 2273 in
964 2253 1021 2274 rne-

1108 2059 1172 2087 AA’.
1190 2056 1235 2090 Εἷς
1247 2058 1276 2085 δέ
1291 2067 1333 2090 τις
1342 2058 1373 2091 ἐξ
1386 2058 1477 2085 αὐτῶν
1492 2059 1562 2094 ἀνὴρ
1574 2060 1661 2094 ἅγιος,
1679 2061 1766 2097 ἀρετῇ
1784 2062 1861 2099 πάσῃ

1072 2105 1280 2140 κεκοσμημένος
1294 2104 1341 2132 καὶ
1356 2104 1463 2140 νύκτωρ
1482 2106 1529 2132 καὶ
1547 2107 1606 2141 μεθ’
1623 2107 1732 2143 ἡμέραν
1749 2108 1789 2143 τῷ
1803 2108 1860 2136 Σω-

1072 2152 1138 2188 τῆρι
1154 2152 1208 2179 τῶν
1231 2152 1300 2179 ὅλων
1325 2151 1448 2187 καθαρὰς
1475 2152 1638 2187 προσφέρων
1662 2154 1756 2189 εὐχὰς,
1780 2151 1858 2187 οὗτος

1076 2196 1138 2224 οὔτε
1164 2197 1211 2224 τοῦ
1232 2195 1364 2232 βασιλέως
1387 2197 1572 2231 καταπλαγεὶς
1600 2198 1650 2234 τὴν
1677 2200 1763 2235 ὀργὴν
1794 2200 1856 2227 οὔτε

1074 2242 1282 2270 ἀποσταλέντων
1306 2242 1355 2278 τὴν
1378 2242 1502 2274 ἐξουσίαν
1524 2244 1564 2275 εἰς
1586 2243 1648 2271 νοῦν
1667 2244 1769 2279 λαὸὼν,
1787 2246 1858 2274 κατά

234 2293 307 2320 diam
336 2292 434 2320 urbem
462 2292 595 2325 venisset,
613 2295 641 2319 et
666 2292 785 2318 anniculo
805 2291 923 2318 alterum
948 2291 1020 2326 lega-

1076 2288 1156 2323 μέσον
1172 2288 1202 2315 τὺ
1220 2287 1286 2315 ἄστυ
1300 2287 1456 2323 γενόμενος,
1473 2289 1520 2315 καὶ
1539 2289 1588 2324 τῆς
1605 2290 1729 2325 χλανίδος
1742 2291 1858 2327 θατέρου

234 2345 326 2366 torum
353 2337 596 2373 apprehendisset,
614 2338 697 2372 jussit
725 2343 874 2372 utrumque
893 2345 927 2364 ex
941 2337 1021 2372 equis

234 2385 414 2413 descendere.
435 2383 468 2411 Hi
494 2391 560 2411 vero
574 2391 692 2418 parvum
714 2383 882 2415 seniculum,
901 2391 1021 2418 eumque

232 2431 279 2457 viti
300 2437 390 2464 panno
406 2429 534 2457 vestitum
553 2429 715 2462 conspicati,
736 2428 826 2463 primo
850 2428 962 2464 quidem
979 2429 1021 2456 in—

234 2471 429 2511 dign'abantur.
459 2476 494 2502 At
518 2482 581 2502 cum
601 2478 695 2509 postea
723 2474 835 2509 quidam
865 2482 900 2502 ex
923 2474 958 2502 iis
972 2475 1018 2509 qui

232 2521 432 2556 sequebantur,
455 2520 586 2547 virtutem
605 2518 656 2545 viri
683 2518 915 2551 manil'estassent,
933 2518 1021 2546 conti-

233 2573 289 2593 nuo
300 2564 464 2592 desilierunt
477 2571 511 2591 ex
523 2563 612 2597 equis,
629 2567 657 2590 et
675 2563 750 2590 illius
763 2570 853 2598 genua
870 2562 1018 2597 complexi,

232 2611 341 2638 veniam
370 2610 520 2645 petierunt.
536 2610 583 2637 Vir
601 2615 692 2636 autem
716 2614 828 2637 sanctus
841 2629 849 2642 ,
878 2617 909 2636 ac
924 2609 1019 2636 divina

233 2658 331 2691 plenus
356 2656 503 2690 sapientia,
524 2655 570 2682 tali
582 2656 655 2690 apud
669 2663 717 2682 eos
734 2663 799 2682 usus
812 2660 854 2683 est
865 2656 993 2683 oratione
1009 2664 1016 2682 :

235 2704 331 2735 Dicite,
350 2710 366 2729 ο
384 2710 446 2729 cara
463 2702 562 2736 capita,
591 2702 770 2736 imperatori:
786 2701 846 2728 Non
868 2700 1019 2734 imperator

233 2748 332 2780 solum,
353 2754 447 2774 verum
467 2747 550 2774 etiam
575 2747 657 2773 homo
686 2746 816 2773 exsistis:
837 2753 870 2774 ne
883 2746 966 2781 igitur
977 2754 1021 2774 so-

235 2794 292 2820 lum
318 2794 476 2828 imperium,
491 2793 538 2820 sed
560 2792 647 2826 ipsam
675 2800 785 2827 quoque
805 2796 931 2818 naturam
957 2799 1021 2818 cou-

235 2839 361 2871 sidcres;
383 2847 446 2866 cum
479 2839 554 2865 enim
583 2839 665 2865 homo
679 2838 726 2870 sis,
758 2837 884 2872 ejusdem
915 2842 1019 2864 natura:

234 2883 412 2911 consortibus
437 2883 566 2918 imperas.
598 2884 720 2910 Iluinana
750 2891 832 2918 porro
860 2888 956 2911 natura
987 2883 1019 2910 ad

1071 2333 1126 2360 τῶν
1139 2334 1345 2362 ἀποσταλέντων
1360 2334 1499 2370 ἀρχόντων
1510 2335 1671 2371 λαϐόμενος,
1686 2337 1859 2373 ἀμφοτέρους

1071 2381 1103 2408 ἐκ
1119 2381 1173 2407 τῶν
1191 2382 1282 2408 ἵππων
1302 2381 1454 2416 καταϐῆναι
1477 2383 1596 2411 κελεύει.
1615 2385 1646 2412 οι
1668 2385 1696 2413 δὲ
1715 2387 1816 2422 μικρόν
1833 2395 1858 2413 τι

1072 2427 1210 2462 γερόντιον
1227 2427 1322 2462 εὐτελῆ
1343 2428 1426 2462 ῥάκια
1445 2425 1680 2466 περιϐεϐλημένον
1700 2431 1812 2466 ἰδόντες,
1828 2433 1859 2462 τὸ

1073 2473 1179 2508 πρῶτον
1200 2472 1249 2507 μὲν
1265 2474 1312 2500 καὶ
1336 2473 1462 2508 χαλεπῶς
1488 2475 1596 2511 ἔφερον,
1621 2476 1718 2504 ἔπειτα
1737 2477 1766 2504 δέ
1786 2487 1859 2510 τινες

1075 2519 1130 2544 τῶν
1146 2519 1337 2554 συνεπομένων
1351 2519 1400 2555 τὴν
1414 2521 1462 2547 τοῦ
1476 2521 1573 2556 ἀνδρὸς
1583 2523 1723 2558 ἐδήλωσαν
1735 2525 1838 2560 ἀρετήν
1849 2535 1856 2541 ·

1071 2565 1264 2600 κατεπήδησαν
1284 2573 1314 2592 τε
1328 2565 1382 2592 τῶν
1399 2566 1491 2594 ῐππων
1505 2568 1597 2600 εὐθὺς,
1615 2570 1662 2596 καὶ
1677 2570 1732 2596 τῶν
1752 2571 1858 2599 ἐκεῖνον

1070 2611 1191 2644 γονάτων
1207 2611 1353 2645 λαϐόμενοι
1369 2613 1538 2648 συγγνώμην
1554 2615 1678 2650 ἐζήτουν.
1698 2616 1728 2642 '0
1741 2617 1771 2643 δὲ
1784 2617 1857 2648 ὅσιος

1071 2656 1140 2691 ἀνὴρ
1155 2657 1203 2691 τῆς
1218 2657 1292 2687 θείας
1307 2658 1404 2692 σοφίας
1420 2659 1586 2694 ἐμφορηθεὶς
1598 2661 1711 2687 τοιοῖσδε
1729 2662 1799 2697 πρδς
1811 2664 1860 2689 αὑ-

1072 2702 1134 2733 sub;
1147 2703 1282 2738 ἐχρήσατο
1295 2703 1385 2735 λόγοις
1399 2712 1405 2719 ·
1417 2704 1518 2731 Εἴπατε
1528 2705 1570 2740 δὴ,
1581 2703 1602 2732 ᾧ
1616 2707 1686 2740 φίλοι
1703 2708 1809 2743 ἄνδρες,
1819 2708 1859 2742 τῷ

1075 2748 1181 2782 βασιλεῖ
1193 2757 1198 2762 ·
1211 2749 1249 2774 Οὐ
1267 2748 1392 2783 βασιλεὺς
1410 2747 1434 2775 si
1448 2750 1538 2784 μόνον,
1554 2752 1621 2779 ἀλλὰ
1636 2753 1683 2780 καὶ
1696 2754 1839 2788 ἄνθρωπος
1849 2761 1857 2769 ·

1077 2793 1114 2828 μὴ
1125 2794 1215 2819 τοίνυν
1233 2794 1301 2828 πρὸς
1321 2794 1404 2829 μόνην
1419 2795 1470 2830 ὅρα
1498 2797 1546 2831 τὴν
1562 2797 1712 2832 βαςιλείαν,
1729 2800 1796 2826 ἀλλὰ
1813 2802 1859 2827 καὶ

1074 2839 1123 2872 τὴν
1141 2838 1220 2872 φύσιν
1236 2839 1320 2873 αὐτὴν
1347 2839 1452 2873 λογίζου
1466 2849 1472 2856 ·
1490 2841 1634 2877 ἄνθρωπος
1654 2846 1707 2879 γάρ
1729 2845 1776 2876 ὼν,
1793 2847 1847 2881 ὀμ)

1075 2883 1149 2918 φυῶν
1173 2883 1336 2923 βασιλεύεις.
1358 2886 1425 2911 Κατ’
1442 2886 1534 2914 εἰκόνα
1551 2888 1579 2914 δὲ
1598 2889 1672 2915 θείαν
1689 2892 1735 2918 καὶ
1761 2892 1862 2926 ὁμοίω-
