2056 3151
186 154 235 188 88!

830 156 918 188 VITA
936 153 1194 190 SJAMBROSII.

1778 157 1830 188 882

190 223 232 242 σιν
260 215 369 247 πᾶντως
395 216 478 250 ἡτῶν
497 216 650 248 ἀνθρώπων
678 217 913 252 δεδημιούργηται
932 214 981 249 φύ-

1035 214 1182 251 imaginem
1196 224 1228 243 ac
1243 216 1454 245 similitudinem
1471 217 1594 245 divinam
1608 216 1723 244 omnino
1738 215 1826 244 eﬂicta

190 269 249 293 σις’
267 263 304 296 μὴ
330 262 417 289 τοίνυν
436 262 520 297 ὠμῶς
539 263 611 290 οὕτω
637 266 684 291 καὶ
698 262 812 299 ἀπηνῶς
837 263 884 289 τοῦ
912 261 980 288 θεοῦ

189 308 239 342 τὴν
257 309 349 334 εῑκόνα
364 308 458 335 κέλευε
472 309 713 344 κατασφάττεσθαι
725 319 732 325 ·
750 309 913 344 παροξύνεις
927 308 981 343 γὰρ

189 353 260 379 οὕτω
285 353 330 380 τὸν
346 355 529 389 Δημιουργὺν,
541 355 589 388 τὴν
605 355 710 382 ἐκείνου
731 355 855 386 κολάζων
876 354 980 381 εἰκόνα.

189 401 332 436 Σκόπησον
357 402 423 436 γοῦν
443 403 480 433 ὼς
497 404 544 430 καὶ
562 404 594 429 σὺ
613 403 718 437 χαλκῆς
733 403 817 429 ἕνεκα
837 401 983 437 δυσχεραί-

190 456 242 473 νων
260 448 363 479 εἰκόνος
380 448 467 475 ταῦτα
481 451 580 476 ποιεῖς.
596 449 680 475 Ὅσον
695 449 722 475 δὲ
740 450 790 484 τῆς
806 448 909 483 ἀψύχου
924 448 982 475 δια-

192 493 270 527 φέρει
286 494 302 529 ή
323 493 444 528 ἔμψυχος
460 496 508 522 καὶ
526 495 601 526 ζῶσα
619 497 665 522 καὶ
680 495 787 530 λογικὴ,
800 495 879 530 δῆλον
894 495 981 522 inae".

189 540 246 571 τοῖς
262 548 292 566 τε
315 540 377 566 νοῦν
394 540 506 575 ἔχουσιν
521 541 623 576 ὁμοίως
644 543 690 569 καὶ.
705 541 846 577 αἴσθησιν.
866 541 938 576 Πρὸς
953 541 980 567 δὲ

190 585 298 618 τούτοις
325 586 480 621 λογισάσθω
508 588 634 614 κάκεῖνοι
662 588 700 618 ὡς
718 588 786 623 ἡμῖν
818 588 867 622 μὲν
889 587 981 623 ῥᾴδιον

189 631 251 660 ἀντὶ
269 632 319 667 τῆς
338 633 442 665 εξκόνος
463 633 544 668 τῆσδε
563 633 663 666 πολλὰς
685 634 889 669 δημιουργήσαι
913 634 981 669 χαλ-

190 677 242 708 κᾶς
255 685 262 692 ο
279 677 353 710 αὑτῷ
371 677 399 704 δὲ
426 678 574 714 προφανῶς
599 679 730 706 ἀδύνατον
754 680 818 715 μίαν
845 679 911 713 γοῦν
925 679 981 706 τῶν

190 724 390 760 ἀναιρεθέντων
407 725 611 761 δημιουργῆσαι
628 725 720 762 τρεχα.

1033 266 1100 294 est;
1131 262 1264 297 quocirca
1285 263 1342 290 noli
1364 268 1419 290 tam
1452 263 1605 290 crudeliter
1634 266 1717 297 atque
1731 263 1827 289 imma-

1033 309 1108 335 niter
1136 308 1285 344 imaginem
1302 309 1354 336 Bci-
1380 309 1561 343 jugulandam
1585 308 1738 343 praecipere
1758 317 1765 341 ;
1787 308 1827 334 sic

1035 354 1110 381 enim
1127 354 1160 381 ad
1183 354 1252 381 iram
1270 355 1393 383 concitas
1409 355 1561 387 Artificem,
1575 355 1641 382 dum
1666 355 1694 382 in
1717 356 1776 390 ejus
1790 355 1828 383 ef-

1035 400 1125 434 figiem
1145 400 1355 428 animadvertis.
1375 401 1520 435 Perpende
1543 401 1628 436 igitur
1645 402 1827 436 quemadmo-

1034 445 1100 473 dum
1120 451 1149 473 tu
1168 446 1227 481 ipsc.
1241 451 1355 482 propter
1374 447 1488 482 figuram
1501 455 1602 474 aeream
1618 448 1740 482 graxiter
1752 456 1832 474 cotti—

1034 498 1126 520 motus
1143 492 1194 520 ista
1211 493 1348 528 designas.
1361 493 1470 526 Quanto
1487 499 1580 520 autem
1598 493 1689 528 imago
1720 494 1832 528 spirans

1032 543 1061 565 et
1089 538 1150 565 viva
1171 544 1198 566 et
1217 539 1361 567 rationalis
1391 540 1482 574 potior
1509 544 1569 572 est,
1588 547 1671 574 quam
1697 539 1827 573 inanima,

1033 585 1210 619 perspicuum
1244 590 1286 612 est
1308 586 1455 617 omnibus,
1470 586 1517 621 qui
1544 585 1657 620 quidem
1684 590 1776 613 mente
1797 593 1828 612 ac

1033 638 1117 658 sensu
1141 632 1196 659 sint
1215 631 1336 666 prmditi.
1360 632 1496 659 Prmterea
1513 636 1541 658 et
1559 631 1611 657 hoc
1626 638 1720 658 secum
1748 638 1829 665 repu-

1033 680 1081 708 tet,
1098 676 1177 704 nobis
1207 677 1300 712 utique
1317 676 1476 711 expeditum
1501 683 1562 703 esse
1586 683 1636 710 pro
1664 679 1754 702 statua
1777 675 1828 702 ista

1033 722 1126 757 plures
1139 730 1227 750 :ereas
1240 723 1309 750 alias
1325 722 1444 750 conﬂare
1461 731 1468 750 :
1489 722 1529 749 illi
1547 730 1563 749 e
1591 722 1732 750 contrario
1749 729 1828 756 pror-

1033 776 1081 796 sus
1099 768 1279 803 impossibilc.
1294 776 1403 803 eorum,
1416 769 1463 804 qui
1475 768 1566 796 necati
1583 772 1661 800 sunt,
1676 767 1718 795 vel
1737 775 1824 794 linunt

1033 814 1139 841 crinem
1154 814 1322 848 procudere.

225 859 286 885 AB’.
307 858 417 886 Τούτων
452 859 620 892 ἀκοῦσαντες
647 861 671 887 οι
699 861 853 896 θαυμαστοὶ
883 861 981 897 ἄνδρες

1068 860 1178 887 XXXII.
1206 860 1252 888 His
1279 861 1396 892 auditis,
1422 860 1599 888 admirabiles
1623 859 1662 887 illi
1690 859 1740 886 viri
1767 867 1828 894 qua:

190 905 299 937 ἐκεῖνοι,
320 905 453 940 μηνύουσι
479 906 517 940 τῷ
534 906 640 940 βασιλεῖ
659 908 692 933 τὰ
712 908 846 943 εἰρημένα
869 911 916 936 καὶ
930 909 979 944 τὴν

189 951 236 978 τοῦ
253 951 340 987 θυμοῦ
355 951 527 980 κατέσϐεσαν
540 953 642 987 φλόγα·
658 954 696 986 ὡς
711 955 772 983 ἀντὶ
791 955 845 981 τῶν
857 955 979 982 ἀπειλῶν

191 998 303 1026 huiva
318 998 468 1033 ἆπολογίαν
487 1008 516 1026 τε
536 999 634 1026 αὐτίκα
648 1001 754 1036 γράψαι
769 1000 818 1028 καὶ
832 1001 880 1035 τῆς
894 1002 980 1036 ὀργῆς

189 1043 238 1079 τὴν
258 1043 347 1070 αἰτίαν
360 1043 493 1079 δηλῶσαι.
508 1045 564 1071 Οὐκ
580 1045 634 1072 ἔδει
650 1046 715 1080 γὰρ,
730 1045 793 1081 ἔφη,
805 1046 872 1081 ἐμοῦ
887 1047 981 1082 πλημ.

192 1089 372 1124 μελήσαντος,
397 1091 516 1124 γυναῖκα
543 1091 635 1125 πάσης
662 1091 799 1127 εὐφημίας
826 1092 981 1128 ἀξιωτάτην

189 1136 324 1170 τοσαύτην
348 1136 417 1171 μετὰ
438 1136 567 1171 τελευτὴν
589 1137 719 1169 δέξασθαι
739 1139 902 1173 παροινίαν·
919 1140 981 1166 κατ’

191 1182 258 1216 ἐμοῦ
276 1182 304 1208 δὲ
321 1183 405 1217 ἐχρῆν
422 1183 468 1209 τὸν
485 1183 570 1218 θυμδν
586 1184 648 1216 τοὺς
670 1185 894 1218 ἀγανακτοῦντας
907 1185 982 1212 ὁπλί-

193 1237 248 1256 σαι,
262 1228 422 1263 Προσετίθει
440 1229 467 1256 δὲ
483 1229 573 1262 τοῦτο,
596 1230 632 1262 ὡς
653 1231 728 1257 ἀλύει
752 1233 798 1259 καὶ
814 1233 924 1258 ἀνιᾶται
940 1242 982 1259 τιι

192 1283 241 1307 νας
253 1274 305 1301 ὺπὺ
319 1275 374 1302 τῶν
390 1276 530 1311 ἀρχόντων
550 1277 702 1312 ἀνῃρῆσθαι
715 1277 819 1311 μαθών.
835 1278 914 1304 Οὕτω
931 1279 982 1313 μὲν

190 1320 238 1348 οὖν
252 1322 266 1347 ὁ
279 1321 451 1356 φιλόχριστος
467 1321 593 1357 βασιλεὺς
607 1324 653 1349 καὶ
664 1322 776 1349 τοιαῦτα
789 1323 840 1350 ὑπὸ
855 1326 902 1351 τοῦ
916 1324 981 1351 θαυ-

193 1366 297 1401 μαστοῦ
321 1367 484 1402 Ἀμὸροσεου
508 1368 686 1400 ιπεπαίδευτο.
704 1370 752 1397 καὶ
766 1369 899 1404 τοσαύτης
914 1370 982 1405 παρ’

191 1412 273 1439 αὐτοῦ
290 1413 340 1448 τῆς
364 1413 476 1449 χάριτος
499 1414 611 1449 καὶτῆς
634 1414 824 1451 πνευματικῆς
846 1414 981 1450 ὡφελείας

191 1458 355 1486 ἀπέλαυσεν.

228 1592 289 1620 AI".
315 1593 345 1620 '0
369 1594 398 1621 δὲ
427 1595 497 1627 θεῖος
528 1591 605 1627 οὗτος
628 1595 803 1632 Ἀμϐρόσιος,
818 1596 848 1622 ἣν
871 1596 980 1632 εἴρηται

192 1641 303 1674 τρόπον,
319 1641 348 1667 ἐν
361 1642 394 1676 τῇ
414 1640 462 1668 τοῦ
481 1640 599 1676 Χριττοῦ
618 1642 769 1677 Ἐκκλησίᾳ
787 1643 815 1669 ὲν
831 1642 981 1677 ὀρθοδόξοις

192 1686 308 1721 δόγμασι
327 1686 492 1722 διαλάμψας,
510 1687 633 1723 ζηλωτής
653 1697 682 1714 τε
693 1688 739 1715 καὶ
755 1688 914 1724 ὑπέρμαχος
931 1689 981 1724 τῆς

193 1733 322 1768 ἀληθείας
335 1733 491 1768 γενόμενος,
514 1735 562 1760 καὶ
581 1734 798 1769 ἐποικοδομήσας
822 1735 869 1762 ἐπὶ
885 1735 923 1770 τῷ
939 1735 983 1762 θε-

196 1779 281 1814 μελίῳ
305 1778 359 1806 τῶν
385 1778 542 1805 ἀποστόλων
565 1779 614 1807 καὶ
640 1779 798 1815 προφητῶν,
829 1779 926 1814 λόγους
950 1790 981 1807 τε

195 1825 350 1860 agnoscam;
372 1825 421 1851 καὶ
443 1824 619 1856 διδασκαλίας
643 1824 801 1860 ἐκθέμενος,
820 1828 867 1854 καὶ
891 1828 983 1854 πᾶσαν

195 1873 248 1900 ὑπὸ
264 1872 371 1908 Ἀρείου
389 1873 436 1900 καὶ
455 1871 661 1907 Ἀπολλιναρίου
673 1873 860 1901 καινισθεῖσαν
875 1873 982 1910 αἵρεσιν

195 1919 336 1950 ἀπελάσας
348 1939 356 1951 ,
374 1919 463 1945 πάντα.
476 1927 505 1944 τε
523 1918 558 1945 τὰ
570 1918 620 1953 τῆς
632 1917 715 1945 αὐτοῦ
726 1919 877 1955 ἐκκλησίας
891 1921 984 1952 καλῶς

195 1965 366 1998 διαθέμενος,
383 1965 430 1991 καὶ
440 1965 479 1996 εις
501 1964 571 2000 βαθὺ
587 1964 678 1999 γῆρας
699 1965 809 1999 ἐλάσας,
827 1966 936 2001 πλήρης
952 1974 983 1992 τε

196 2010 308 2046 ἡμερῶν
333 2010 491 2045 γενόμενος,
511 2010 684 2037 ἆνεπαῦσατο
707 2011 736 2037 ὲν
762 2011 868 2047 εἰρήνῃ,
894 2011 985 2044 τεθεὶς

196 2058 224 2083 ὲν
238 2057 271 2091 τῇ
288 2055 422 2091 ἐκκλησίᾳ
437 2055 621 2088 Μεδιολάνων,
643 2056 756 2092 μνήμην
773 2056 861 2093 ἀληΘῆ
878 2057 924 2085 τὸν
939 2058 986 2085 αὖ·

197 2102 244 2129 τοῦ
258 2102 316 2138 βίον
327 2102 488 2130 καταλιπὼν
500 2104 549 2130 καὶ
563 2103 597 2130 τὰ
610 2102 812 2139 κατορθώματα
826 2113 833 2120 υ
846 2101 884 2131 ὧν
898 2105 986 2140 ζηλω-

197 2148 246 2180 τὰς
262 2149 310 2176 καὶ
321 2149 396 2184 ἡμᾶς
410 2149 538 2184 γενέσθαι
559 2149 750 2183 καταξιὼσειε,
764 2151 811 2178 καὶ
825 2151 879 2178 τῶν
894 2152 985 2179 αὐτῶν

199 2194 321 2228 ἀμοιᾶῦν
336 2195 434 2230 ἐκείνῳ
448 2197 496 2224 καὶ
510 2196 564 2222 τῶν
578 2196 718 2231 στεφάνων
740 2197 879 2233 ἐπιτυχεῖν
892 2198 984 2234 χάριτι

1034 906 1107 933 dicta
1133 906 1251 938 fuerant,
1271 906 1428 941 significant
1450 906 1609 942 imperatori
1625 910 1653 933 et
1678 905 1828 932 iracundia:

1035 952 1172 980 ﬂammam
1200 953 1400 988 exstinguunt;
1428 954 1464 980 ita
1489 957 1521 980 ut
1546 952 1684 979 minarum
1712 951 1828 979 istarum

1034 1001 1095 1028 loco
1113 1009 1195 1036 quam
1220 1001 1339 1036 primum
1359 1002 1401 1028 sui
1419 1001 1554 1029 scriberet
1569 999 1786 1031 excusationem,
1802 1003 1830 1025 et

1035 1047 1082 1074 ira:
1109 1055 1166 1074 sua:
1188 1055 1299 1074 causam
1320 1051 1482 1082 exponeret.
1505 1046 1564 1074 Non
1597 1045 1714 1073 decebat
1742 1044 1828 1075 enim,

1036 1093 1190 1127 inquiebat,
1216 1101 1259 1120 me
1285 1093 1474 1127 deliuquente,
1494 1099 1609 1119 uxorem
1625 1098 1714 1118 meam
1730 1089 1829 1124 praedi-

1035 1140 1144 1167 catione
1161 1140 1234 1166 omni
1251 1141 1331 1174 longe
1354 1139 1545 1174 dignissimam
1563 1141 1668 1165 tantum
1683 1140 1829 1164 contume-

1035 1185 1078 1212 Iize
1105 1191 1167 1220 post
1194 1191 1311 1213 mortem
1337 1186 1477 1213 sustiucrc
1501 1193 1507 1211 :
1533 1184 1581 1212 sed
1605 1191 1653 1211 eos
1671 1183 1718 1218 qui
1736 1183 1829 1210 animo

1035 1239 1086 1258 suo
1112 1231 1351 1267 oblemperarunt,
1373 1236 1470 1258 contra
1493 1239 1536 1258 me
1553 1230 1700 1266 oportebat
1715 1229 1828 1257 iracun-

1035 1277 1109 1304 diam
1132 1284 1239 1304 armare
1262 1285 1350 1304 suam.
1377 1276 1424 1304 [Iis
1441 1281 1573 1311 praeterea
1591 1275 1734 1310 subjunxit
1749 1276 1828 1308 illud,

1035 1323 1095 1358 angi
1128 1330 1156 1349 se
1186 1322 1271 1349 animi
1304 1326 1387 1357 atque
1419 1322 1514 1349 dolere
1547 1321 1621 1356 quod
1655 1322 1830 1357 cognovisset

1036 1377 1050 1396 a
1075 1368 1212 1404 praefectis
1236 1374 1325 1397 morte
1349 1369 1464 1396 atfectos
1488 1369 1623 1404 quosdam
1648 1369 1743 1396 fuisse.
1771 1369 1829 1396 Hoc

1034 1415 1129 1450 itaque
1145 1416 1227 1443 modo
1243 1416 1394 1451 imperator
1417 1415 1520 1442 Christi
1541 1415 1658 1446 amicus,
1674 1415 1829 1449 talibusque

1035 1461 1180 1496 praeceptis
1193 1461 1227 1489 ab
1240 1461 1396 1489 admirabili
1409 1461 1557 1489 Ambrosio
1570 1461 1661 1488 fuerat
1674 1461 1828 1493 institutus,

1036 1512 1196 1542 tantamque
1209 1508 1324 1543 gratiam
1341 1515 1372 1536 ac
1389 1507 1562 1542 spiritualcm
1582 1507 1728 1535 utilitatem
1745 1507 1780 1534 ab
1795 1515 1828 1535 eo

999 1560 1021 1590 ε
1038 1558 1210 1588 perceperat.

1070 1599 1190 1627 XXXIII.
1223 1599 1337 1627 Diviuus
1360 1603 1453 1626 autem
1475 1599 1521 1626 hic
1539 1597 1701 1626 Ambrosius
1725 1599 1752 1625 in
1778 1597 1828 1626 Ec-

1035 1645 1141 1677 clesia,
1173 1645 1407 1680 quemadmodum
1440 1645 1544 1672 dictum
1577 1650 1638 1677 est,
1667 1644 1829 1672 orthodoxis

1036 1691 1172 1728 dogmatis
1204 1692 1328 1726 fulgens,
1363 1691 1561 1726 azmulatorque
1588 1690 1714 1718 veritatis
1740 1691 1829 1718 factus

1035 1741 1063 1765 ct
1078 1741 1278 1772 propugnator,
1303 1745 1365 1764 cum
1393 1745 1477 1772 super
1492 1736 1703 1764 fundamentum
1720 1741 1830 1771 aposto-

1036 1784 1126 1811 IOruIn
1144 1791 1176 1811 ac
1193 1783 1388 1819 prophetarum
1408 1783 1583 1816 aedificasset,
1600 1790 1651 1810 nec
1676 1790 1731 1810 non
1749 1787 1829 1810 rectm

1037 1829 1171 1857 doctrina:
1194 1837 1227 1857 ac
1247 1830 1400 1864 disciplina;
1420 1829 1503 1856 verba
1527 1829 1711 1863 exposuisset,
1737 1828 1829 1863 fugata

1037 1875 1161 1910 qualibet
1184 1875 1282 1903 heresi
1297 1875 1332 1902 ab
1347 1875 1413 1902 Ario
1433 1879 1517 1910 atque
1542 1873 1715 1909 Apollinario
1734 1881 1830 1900 rcccus

1038 1921 1157 1953 invecta,
1185 1925 1213 1949 et
1240 1921 1366 1948 Ecclesia
1381 1929 1430 1948 sua
1453 1921 1480 1948 in
1498 1921 1627 1948 omnibus
1642 1920 1746 1954 optime
1763 1927 1829 1946 con-

1038 1969 1146 2000 stituta,
1170 1968 1197 1994 in
1222 1967 1384 2003 profundam
1413 1974 1576 2002 progressus
1590 1970 1775 1998 senectuteutl
1798 1972 1830 1992 ac

1038 2014 1145 2041 dierum
1167 2013 1276 2048 plenus,
1300 2013 1327 2040 in
1344 2020 1412 2047 pace
1438 2012 1587 2047 requievit.
1607 2011 1772 2038 Tumulatus
1788 2015 1831 2038 est

1039 2060 1066 2087 in
1098 2059 1216 2087 ecclesia
1239 2058 1456 2090 Mediolaneusi.
1485 2066 1577 2085 veram
1600 2058 1760 2084 memoriam
1787 2057 1830 2083 sui

1039 2105 1208 2140 relinquens,
1230 2104 1372 2140 propriam
1387 2103 1484 2139 utique
1498 2104 1582 2131 vitam
1599 2107 1628 2131 et
1646 2107 1720 2130 recte
1735 2103 1806 2130 facta
1822 2111 1828 2128 :

1039 2158 1157 2186 quorum
1187 2153 1217 2178 ut
1245 2157 1296 2177 nos
1321 2156 1432 2184 quoque
1466 2149 1616 2177 evadamus
1655 2149 1830 2181 imitatores,

1040 2197 1192 2232 eademque
1217 2204 1280 2224 cum
1300 2196 1348 2223 illo
1367 2195 1480 2231 praemia
1504 2200 1586 2230 atque
1615 2202 1732 2222 coronas
1758 2194 1827 2221 obti-

198 2242 246 2269 καὶ
260 2241 450 2278 φιλανθρωπίᾳ
463 2242 509 2270 τοῦ
533 2243 637 2278 Κυρίου
653 2243 732 2279 ἡμῶν
748 2244 835 2278 Ἰησοῦ
852 2243 981 2280 Χριστοῦ,

1040 2251 1165 2275 neamus,
1179 2242 1238 2278 ipse
1248 2242 1386 2277 dignetur,
1399 2241 1486 2277 gratia
1498 2246 1526 2269 et
1537 2241 1709 2276 benignitate
1720 2239 1830 2268 Domini

202 2283 220 2320 ξ)
234 2287 297 2320 δόξα
311 2288 357 2314 καὶ
375 2287 405 2314 τὸ
421 2289 520 2322 κράτος
538 2290 578 2321 εἰς
592 2289 656 2321 τοὺς
675 2289 776 2322 αξῶνας
795 2290 851 2316 τῶν
867 2289 986 2318 αἰώνων.

205 2334 299 2369 Ἀμήν.

1041 2291 1130 2320 nostri
1153 2291 1219 2319 Jesu
1242 2290 1357 2322 Christi,
1379 2290 1425 2317 cui
1448 2290 1539 2318 honor
1554 2295 1597 2318 est
1613 2294 1696 2324 atque
1712 2291 1832 2324 potestas

1042 2339 1069 2366 in
1082 2337 1180 2366 sarcula
1195 2336 1367 2365 saaculorum.
1382 2335 1479 2364 Amen.
