2056 3151
188 135 238 167 891

704 139 791 170 VITA
813 139 844 169 S.
859 137 1017 168 NAZARII
1035 137 1089 167 ET
1117 137 1325 168 SOClORUM.

1770 138 1843 183 sos,

188 203 243 227 νος,
256 195 375 223 πλούσιοι
386 197 434 232 μὲν
440 197 522 231 ἄμφω
532 197 576 223 καὶ
585 196 643 232 βίον
653 197 699 224 καὶ
711 197 822 233 ἀρετὴν,
832 198 883 224 ὑπὸ
890 196 975 232 καθη-

1036 203 1092 222 tero
1108 195 1165 230 ipsa
1183 202 1292 230 quoque
1316 199 1378 222 erat
1393 195 1514 222 Romana
1530 203 1643 230 genere.
1658 195 1739 222 ambo
1759 195 1822 229 qui-

189 243 258 277 γητῇ
274 241 303 268 δὲ
316 242 410 278 Πέτρῳ
428 242 467 278 τῷ
475 242 522 269 τοῦ
533 243 612 278 χοροῦ
626 244 768 279 κορυφαίῳ
780 244 835 269 τῶν
851 243 980 278 μαθητῶν

189 287 229 322 τῷ
237 287 297 322 Θεῷ
305 288 598 323 μᾶλλονοίκειωθέντες
609 289 655 315 καὶ
663 288 853 320 τελειωθέντες
862 288 937 314 ὕδατί
952 297 979 314 τε

191 334 236 358 καὶ
251 333 398 367 πνεύματιι
410 333 522 365 τούτους
535 335 629 369 ὥσπερ
643 333 785 365 εὐσεϐείας
796 335 810 361 ὁ
824 334 890 365 Θεὸς
904 335 982 368 ἀμει-

192 378 316 412 ϐόμενος,
338 379 465 414 καθάπερ
486 379 568 406 πάλαι
584 380 648 406 ποτὲ
667 380 711 407 τὸν
731 379 858 416 Ἀδραὰμ
870 382 918 414 τῆς
939 389 981 413 φι-

193 423 312 456 λοξενίας
336 425 403 457 υἱδν,
429 425 521 457 αὐτοῖς
543 426 590 452 καὶ
613 425 780 461 κληρονόμον
804 426 855 460 τῆς
880 427 980 460 ἀρετῆς

193 469 251 504 ἅμα
270 470 317 497 καῖ⁹
342 471 391 506 τῆς
415 472 574 506 περιουσίας
596 471 641 498 τὸν
657 471 795 507 Ναζάριον
811 471 930 497 δίδωσιν.
951 470 980 498 Ὀ

193 517 220 543 δὲ
235 513 279 543 οἷα
295 518 362 552 πρὸς
377 517 445 544 Θεοῦ
459 517 612 553 δεδομένος,
628 517 688 544 ὅλον
712 518 770 552 Θεῴ
788 517 868 544 πάλιν
887 516 981 543 ἑαυτὴν

194 562 356 590 ἀντιδίδωσι.
384 563 439 590 Καὶ
452 563 612 590 υἱοθετείται
625 563 673 598 μὲν
687 564 766 594 αὐτὸς
780 564 833 590 ύπδ
845 562 924 588 Λίνου
945 561 982 596 τῷ

196 607 262 643 θείῳ
285 608 466 644 βαπτίσματι,
495 608 524 639 ὃς
549 606 582 644 ἦν
603 610 705 642 Πέτρου
724 608 793 644 μετὰ
818 607 864 634 τοῦ
886 607 982 642 θρόνου

195 653 242 680 καὶ
255 654 303 688 τῆς
320 654 420 689 ἀρετῆς
435 653 559 688 διάδοχος
571 662 578 669 ⁸
593 654 761 689 τελεωτέρας
775 654 804 680 δὲ
829 654 982 688 ἁπτόμενος

194 699 312 734 ἡλικίας,
323 700 490 733 τελεωτέρας
500 701 547 727 καὶ
558 700 606 735 τῆς
615 700 726 735 χάριτος
738 699 869 732 ἀξιοῦται.
883 699 984 734 Συνηύ-

195 745 257 778 ξεινε
271 746 325 781 γὰρ
340 746 415 781 αὑτῷ
428 746 570 781 αὐξομένῳ
585 747 633 782 τὴν
649 746 727 779 αὖξιν
751 746 800 782 τὴν
816 745 912 772 ἑαυτοῦ
934 746 982 772 καὶ

195 792 278 823 πολὺς
298 793 342 819 ἐπὶ
355 792 472 826 Χριστὸν
485 791 554 828 ἔρως
570 793 618 819 καὶ
628 793 721 819 πλεῖον
735 793 835 827 μᾶλλον
847 791 984 818 ἐδείκνυτο

197 839 242 865 καὶ
259 838 287 865 θε
294 839 374 874 ρμότε
379 847 434 874 ρος.

231 929 268 955 B’.
293 929 369 956 Ἐπεὶ
382 929 410 956 δὲ
422 930 436 956 ό
455 929 484 956 ὲν
498 929 573 964 αὑτῷ
593 930 642 964 τῆς
659 929 801 961 εὐσεϐείας
819 930 922 965 πυρσὸς
938 930 984 956 ἐπὶ

198 975 269 1010 μέγα
281 975 363 1010 ᾔρετο
377 975 440 1010 ἤδη,
456 975 505 1002 καὶ
525 975 639 1006 πολλοὺς
663 976 709 1002 ἐπὶ
725 976 770 1002 τὸν
784 975 866 1009 ἄνδρα
880 975 983 1006 ἐκάλει,

196 1021 258 1052 τοὺς
283 1020 412 1056 θορύϐους
428 1021 523 1056 ὥσπερ
549 1023 596 1047 καὶ
619 1021 666 1056 τὴν
683 1023 782 1056 συνεχῆ
813 1021 904 1056 ἄφιξιν
931 1022 984 1048 τῶν

197 1067 237 1097 είς
252 1067 332 1092 αὐτὸν
354 1066 585 1101 παραϐαλλόντων
603 1067 752 1098 ἐκκλίνων,
773 1067 843 1100 ἔγνω
867 1066 984 1101 πατρίδα

198 1113 245 1138 καὶ
261 1112 377 1144 οἰκείους
401 1113 555 1145 ἀπολιπεῖν,
581 1114 628 1139 καὶ
647 1114 676 1139 ὲν
694 1113 821 1148 ἀλλοτρίᾳ
845 1112 982 1146 γενέσθαι,

198 1158 272 1190 ὅπως
285 1158 322 1193 τῷ
336 1158 494 1194 ποθουμένῳ
509 1167 539 1185 τε
559 1159 628 1186 κατὰ
651 1159 733 1194 μόνας
749 1159 918 1193 συγγένοιτο,
937 1159 985 1185 καὶ

199 1204 358 1241 ἀνακηρύξῃ
374 1205 480 1237 πολλοῖς
494 1205 543 1240 τὴν
565 1205 716 1232 εὐσέϐειαν.
738 1206 789 1232 Τὸν
805 1205 984 1232 ἐπιϐάλλοντα

199 1249 287 1275 τοίνυν
299 1249 372 1284 αὐτῷ
382 1250 482 1285 κλῆρον
495 1251 570 1285 παρὰ
579 1249 633 1277 τῶν
643 1251 777 1277 τεκόντων
800 1249 890 1277 λαϐὼν
902 1249 984 1282 ἔξεισι

198 1294 248 1328 τῆς
266 1295 406 1330 πατρίδος,
420 1296 468 1321 καὶ
488 1296 563 1323 πόλιν
583 1296 615 1322 ἐκ
640 1296 742 1327 πόλεως
757 1295 879 1330 ἀμείϐων
894 1293 934 1327 οἷς
951 1294 984 1324 ἂν

199 1340 325 1376 ἐπισταίη
343 1341 374 1367 ὲκ
398 1340 452 1367 τῶν
480 1341 563 1367 οντων
591 1342 717 1376 ἐπήρκει·
747 1341 842 1368 ἔπειτα
866 1343 913 1368 καὶ
933 1341 984 1376 τὴν

201 1385 312 1420 μείζονα
329 1386 462 1421 χορηγίαν
480 1387 526 1413 καὶ
542 1387 610 1422 πρὸς
627 1387 676 1423 τὴν
700 1387 787 1422 ἁληθῆ
797 1387 847 1421 τῆς
871 1388 985 1422 Τριάδος

198 1432 298 1466 γνῶσιν
313 1432 502 1468 ἐχειραγώγει.
517 1434 570 1459 Καὶ
585 1433 684 1469 δήποτε
701 1434 776 1469 παρὰ
793 1434 870 1460 πόλιν
887 1433 984 1468 ἀφικό-

200 1487 279 1513 μενος
291 1479 473 1505 Πλαιιεντίναν
490 1480 536 1506 καὶ
549 1481 581 1514 τῇ
599 1480 769 1507 Μεδιολάνων
785 1480 909 1512 ἐπιστὰς,
919 1482 985 1516 Προ-

199 1527 284 1560 τασίῳ
309 1526 356 1551 καὶ
386 1525 526 1560 Γερὸασίῳ
555 1527 610 1556 τοῖς·
627 1525 796 1560 θαυμαστοῖς
813 1527 982 1560 ἐντυγχάνει,

199 1570 402 1602 κατακλείστοις
416 1570 465 1605 μὲν
482 1571 534 1597 ὑπὸ
552 1571 600 1597 τοῦ
616 1570 743 1606 ἄρχοντος
763 1571 877 1602 Ἰταλίας
896 1572 986 1598 ’Λνου-

199 1615 273 1642 λίνου
287 1616 330 1642 διὰ
345 1616 393 1651 τὴν
408 1617 447 1647 εἰς
462 1616 579 1652 Χριστὸν
593 1617 737 1651 ὁμολογίαν
748 1618 913 1651 γενομένοις,
927 1618 986 1648 ταῖς

199 1662 438 1698 παραδοξοποιίαις
458 1663 485 1689 δὲ
510 1662 557 1689 καὶ
577 1664 633 1694 τοῖς
657 1662 776 1698 θαύμασι
792 1663 839 1690 καὶ
856 1663 924 1698 προς
937 1664 985 1695 τὰς

199 1709 316 1745 ὁμόρους
332 1709 422 1745 χώρας
439 1710 649 1745 ὲφαττλομένοις.

237 1851 273 1879 1".
297 1851 434 1886 Ἐντυχὼν
446 1851 493 1878 οὖν
508 1852 565 1883 τοῖς
583 1851 712 1887 ἀνδράσιν
727 1852 740 1878 ὁ
758 1852 830 1884 θεῖος
848 1853 987 1887 Ναζάριος

199 1899 233 1933 τῇ
247 1906 276 1923 τε
290 1897 340 1932 τῆς
352 1899 470 1929 πίστεως
487 1899 533 1924 καὶ
547 1899 581 1933 τῇ
594 1898 641 1932 τῆς
661 1898 760 1932 ἀρετῆς
781 1899 908 1934 κοινωνίᾳ
918 1899 988 1934 βού-

200 1951 262 1973 τους
276 1944 426 1975 οίκειωθεὶς
447 1944 595 1979 (ἐγγίνεται
615 1944 669 1978 γάρ
685 1953 712 1970 τι
733 1943 843 1979 φίλτρον
864 1946 920 1976 τοῖς
933 1945 986 1971 τῶν

201 1990 268 2016 ἴσων
283 1990 382 2025 ἐρῶσιν
393 1990 442 2024 οὐχ
459 1987 540 2025 ἦττον
556 1989 571 2023 ἢ
584 1991 638 2020 τοῖς
653 1989 700 2016 τοῦ
716 1989 799 2016 αὐτοῦ
813 1989 986 2016 κοινωνοῦσιν

200 2035 337 2071 αἳματος),
357 2036 425 2070 πρὸς
449 2036 498 2070 τὴν
517 2035 671 2070 μαρτυρίαν
699 2035 796 2066 αὐτοὺς
825 2034 985 2069 ὑπαλείφει,

200 2082 247 2107 καὶ
261 2080 338 2115 θήγει
349 2079 453 2111 τούτοις
465 2080 511 2106 τδν
523 2080 590 2116 πρὸς
602 2081 719 2114 Χριστὸν
731 2080 829 2115 ἔρωτα.
848 2079 987 2107 Ἐντεῦθεν

200 2125 248 2151 τοῦ
272 2126 368 2160 ἀνδρὸς
386 2127 463 2161 φήμη
488 2126 641 2161 πανταχόσε
660 2125 811 2152 διαδοθεῐσα
828 2125 923 2160 φθάνει
941 2126 987 2153 καὶ

202 2173 283 2206 μέχρι
309 2171 355 2199 τοῦ
379 2171 509 2207 ἄρχοντος
531 2171 695 2199 Ἀνουλίνου.
714 2171 746 2199 '0
765 2171 793 2198 δὲ
808 2172 987 2207 παραστησά-

201 2226 282 2253 μενος
293 2218 339 2244 τὸν
352 2217 490 2251 Ναζόιρλον
500 2215 544 2245 οἷα
559 2217 589 2244 σύ
595 2217 707 2253 μϐουλός
722 2226 752 2244 τε
765 2217 838 2253 αὐτῷ
853 2217 985 2245 καθίστα-

200 2273 256 2297 ται,
272 2264 319 2291 καὶ
336 2263 374 2299 μὴ
386 2264 494 2290 ἁσεὸεἰν
509 2264 577 2300 μηδὲ
592 2264 744 2300 ἐνυϐρίζειν
753 2264 794 2296 εἰς
806 2264 869 2296 τοὺς
882 2265 986 2291 ἐκείνου

201 2311 280 2342 θεοὺς
304 2311 448 2345 παραινεῖ·
466 2308 526 2337 εἶτα
551 2310 645 2340 ἐπειδὴ
667 2310 738 2344 ἔγνω
762 2310 807 2336 τὸν
831 2310 908 2345 ἅγιον
927 2310 986 2336 οὐδὲ

202 2356 285 2390 ἀκοῆς
297 2356 375 2389 ἀξίαν
389 2356 539 2392 ἡγούμενον
548 2356 596 2391 τὴν
607 2355 691 2383 αὑτοῦ
701 2355 870 2391 συμϐουλὴν,
883 2356 919 2392 (τί
932 2357 986 2391 γὰρ

200 2402 286 2434 οὓτως
305 2403 457 2438 ἐπιτήδειον
474 2403 513 2435 είς
538 2402 617 2438 ὓϐριν
644 2403 682 2434 ὡς
711 2403 746 2430 τὰ
779 2402 986 2438 βδελύγματα;)

199 2449 276 2476 παίει
290 2449 360 2476 κατὰ
371 2449 425 2476 τῶν
441 2449 575 2483 σιαγόνων
587 2449 696 2483 πολλὰς,
715 2450 761 2476 καὶ
775 2448 870 2484 ὥσπερ
883 2458 908 2476 τι
923 2449 988 2483 ἄγος

199 2496 216 2521 ὸ
231 2495 409 2530 ὲναγέστατος
428 2495 533 2531 ἀτίμως
548 2495 629 2523 αὑτὸν
648 2497 696 2532 τῆς
711 2496 814 2527 πόλεως
827 2495 985 2523 ἀπελαύνει.

200 2541 287 2570 Τοῦτο
301 2543 329 2570 δὲ
343 2543 398 2578 δσῳ
415 2542 487 2577 μέγα
501 2543 540 2574 εις
552 2543 687 2578 τιμωρίαν
702 2543 790 2569 ἐδόκει
803 2542 842 2577 τῷ
859 2543 985 2578 δικαστῇ,

200 2590 321 2625 τοσούτῳ
331 2589 423 2624 μεῖζον
433 2589 472 2621 είς
481 2589 642 2625 εὐεργεσίαν
652 2589 779 2624 ἐλογίσθη
794 2589 834 2624 τῷ
846 2589 986 2624 Ναζαρίῳ·

201 2637 244 2664 ὅτι
254 2637 300 2662 καὶ
315 2636 428 2671 πληγῶν
439 2635 484 2662 διὰ
498 2635 545 2662 τὸν
559 2635 630 2670 ὑπὲρ
640 2635 723 2662 αὑτοῦ
739 2635 859 2662 παθόντα
872 2634 988 2669 Χριστὸν

225 2678 313 2713 ξίωτο.
336 2681 424 2716 Ὲξῄει
437 2680 527 2706 τοίνυν
541 2681 572 2707 ού
586 2680 705 2714 σιωπῶν,
724 2681 784 2706 οὐδὲ
801 2681 850 2715 τὴν
865 2680 988 2713 γλῶτταν

201 2727 340 2762 ἄφθογγος
359 2727 407 2760 καὶ
421 2727 528 2762 τῷδέει
546 2727 741 2761 πεπεδημένος,
758 2726 825 2753 ἀλλὰ
851 2727 900 2761 τῆς
923 2735 988 2753 συν-

202 2773 285 2808 ήθους
295 2774 423 2808 ἐχόμενος
430 2774 613 2806 διδασκαλίας,
621 2774 666 2799 καὶ
677 2774 849 2803 πολλοὺςτῶν
859 2774 988 2808 ίάπίστων

202 2818 269 2845 εἵσω
292 2819 340 2854 τῆς
358 2819 406 2845 τοῦ
429 2819 550 2854 Χριστοῦ
571 2820 692 2854 σαγήνης
716 2818 884 2852 πο;ούμενος.
910 2819 989 2845 Κατὰ

201 2864 269 2890 γοῦν
286 2866 336 2896 τὴν
358 2865 442 2892 νύκτα
459 2866 567 2893 ὲκείνῖν
593 2866 679 2892 ἐδόκει
705 2865 835 2894 Νεξαοίω
899 2866 989 2892 uitta

1033 242 1095 269 dem
1113 241 1213 268 divites
1226 245 1254 267 et
1270 240 1446 267 facultatibus
1460 242 1598 268 etvirtute
1616 251 1622 269 :
1639 241 1719 268 Petro
1729 245 1820 267 autem

1033 287 1203 318 institutore.
1222 286 1299 314 cltori
1317 286 1515 321 discipulorum
1532 289 1667 322 principe,
1684 288 1740 314 Deo
1759 288 1822 314 red-

1032 335 1082 362 diti
1100 334 1186 369 magis
1200 333 1358 364 familiares,
1377 341 1503 368 aquaque
1520 339 1547 361 et
1569 335 1667 368 spiritu
1691 343 1822 361 consum-

1032 380 1111 407 mati.
1138 380 1238 406 Eorum
1271 379 1399 413 pietatem
1425 379 1496 405 Deus
1521 380 1604 405 veluti
1631 387 1822 411 remunerans,

1032 425 1170 460 quomodo
1194 424 1258 452 olim
1285 425 1402 451 Abraba:
1427 424 1653 458 hospitalitatem,
1677 426 1717 452 eis
1747 425 1822 452 dedit

1033 471 1118 498 ﬁlium
1138 470 1274 498 hmredcm
1297 471 1378 497 simul
1403 471 1513 497 virtutis
1529 475 1557 497 et
1574 472 1720 502 honorum,
1735 471 1822 498 Naza-

1033 517 1118 545 rium.
1136 517 1183 543 llle
1199 521 1303 549 autem,
1318 520 1448 550 tanquam
1464 524 1479 543 a
1495 517 1550 543 Deo
1569 516 1660 546 datus,
1674 524 1703 543 se
1726 523 1824 542 rursus

1035 567 1122 589 titum
1142 561 1224 588 tradit
1250 561 1362 588 Deo.l-;t
1383 562 1441 595 ipse
1457 561 1568 594 quidem
1596 561 1621 588 iu
1639 561 1733 587 divino
1756 560 1824 587 ado-

1033 613 1126 644 ptatur
1152 608 1317 642 baptismate
1340 616 1354 634 a
1374 607 1452 639 Lino.
1477 608 1524 642 qui
1546 612 1608 634 erat
1636 608 1724 642 ipsius
1749 607 1822 634 Petri

1034 655 1108 682 sedis
1123 659 1151 681 et
1176 655 1291 681 virtutis
1312 662 1467 681 successor.
1487 653 1555 680 Cum
1580 659 1673 680 autent
1699 654 1731 680 ad
1761 661 1824 688 per-

1034 700 1176 728 fectiorem
1205 701 1378 735 pervenisset
1393 704 1513 732 aetatem,
1533 700 1726 734 perfectior-em
1752 707 1822 734 quo-

1035 755 1088 782 que
1110 748 1225 782 gratiam
1246 747 1437 781 consequitur.
1460 747 1518 781 Ipse
1543 746 1616 773 enim
1634 746 1716 773 simul
1739 754 1824 779 auge-

1035 793 1128 824 batur,
1143 798 1172 820 et
1185 793 1228 820 sui
1254 792 1409 826 accipiebat
1433 793 1646 823 incrementum,
1661 797 1690 819 et
1710 800 1825 826 magnus

1034 840 1094 874 ejus
1118 847 1195 866 amor
1219 830 1402 866 intlbristum
1421 839 1587 866 reddebatur
1608 840 1696 874 major
1719 844 1748 866 et
1770 839 1826 866 fcr-

1000 875 1019 903 n
1036 885 1154 912 ventior.
1653 892 1657 895 ·

1073 933 1105 960 ll.
1130 932 1199 960 Cum
1227 940 1292 960 vero
1309 933 1430 968 pietatis,
1452 941 1513 968 quze
1539 936 1601 960 erat
1620 931 1648 960 in
1681 933 1750 967 ipso,
1780 932 1824 960 far

1035 979 1115 1005 valde
1144 983 1216 1006 esset
1230 978 1266 1012 {in
1295 979 1381 1005 altum
1400 979 1518 1011 sublata,
1545 985 1573 1006 et
1594 979 1693 1006 multos
1708 979 1741 1006 ad
1759 987 1823 1006 eum

1035 1027 1158 1053 vocaret,
1185 1027 1214 1049 et
1242 1023 1377 1050 tumultus
1394 1028 1421 1050 et
1439 1024 1600 1051 continuum
1616 1032 1711 1051 eorum
1722 1024 1771 1059 qui
1789 1023 1825 1051 ad

1036 1068 1124 1102 ipsum
1153 1068 1321 1096 accedebant
1353 1069 1502 1096 adventum
1540 1071 1702 1102 declinans,
1728 1070 1826 1097 statuit

1035 1113 1151 1148 patriam
1168 1119 1196 1141 et
1214 1121 1280 1141 suos
1301 1115 1459 1150 relinquere
1474 1118 1656 1147 necessarios.
1674 1121 1701 1143 et
1718 1116 1825 1144 versari

1036 1159 1063 1186 in
1078 1160 1177 1192 aliena,
1196 1164 1225 1187 ut
1238 1165 1266 1187 et
1290 1168 1352 1188 cum
1369 1168 1412 1193 eo,
1430 1169 1513 1196 quem
1536 1162 1721 1192 desiderabat.
1750 1170 1827 1189 Scor-

1035 1214 1096 1234 sum
1114 1207 1331 1242 colloqueretur.
1351 1213 1379 1235 et
1395 1209 1490 1236 multis
1504 1209 1664 1244 pradicaret
1684 1210 1826 1245 pietatem.

1035 1252 1104 1280 Cum
1127 1261 1192 1288 ergo
1216 1254 1415 1287 ha-reditatem,
1439 1262 1498 1289 quae
1518 1255 1552 1282 ad
1571 1262 1634 1282 eum
1659 1255 1826 1290 pertinebat,

1035 1299 1188 1333 accepisset
1209 1307 1224 1326 a
1238 1300 1412 1334 parentibus,
1431 1301 1572 1336 egreditur
1589 1309 1604 1328 e
1624 1301 1711 1334 patria
1728 1310 1735 1328 ε
1752 1305 1779 1328 et
1795 1309 1828 1328 ex

1036 1351 1090 1371 una
1115 1345 1227 1372 civitate
1251 1346 1389 1373 transiens
1414 1347 1441 1373 in
1470 1346 1621 1381 aliam,ad
1648 1355 1828 1382 quoscunque

1034 1390 1206 1422 accessisset,
1225 1391 1258 1418 iis
1276 1398 1356 1426 opem
1371 1391 1489 1426 ‘ferebat
1510 1399 1543 1419 ex
1561 1393 1618 1420 suis
1640 1393 1827 1420 facultatibus.

1035 1437 1141 1464 Deinde
1159 1437 1242 1464 etiam
1257 1438 1299 1465 eis
1315 1438 1419 1473 majora
1437 1439 1643 1473 suppeditabat,
1665 1445 1694 1465 ut
1708 1439 1755 1474 qui
1780 1446 1829 1466 eos

1035 1483 1186 1511 deduceret
1217 1484 1251 1510 ad
1278 1492 1370 1511 veram
1399 1485 1544 1512 Trinitatis
1570 1485 1767 1520 cognitionem.
1795 1485 1830 1512 Et

1036 1537 1098 1556 cum
1116 1529 1237 1556 venisset
1262 1529 1441 1563 Placentiam,
1464 1535 1491 1558 et
1514 1531 1676 1558 accessisset
1697 1531 1829 1559 Mediola-

1037 1584 1113 1608 num,
1130 1576 1260 1603 convenit
1277 1576 1439 1604 Gervasium
1465 1582 1493 1604 et
1509 1577 1664 1604 Protasium
1684 1577 1758 1604 viros
1782 1577 1830 1604 ad-

1037 1620 1189 1653 mirabiles,
1207 1620 1254 1655 qui
1273 1621 1307 1648 δυ
1326 1621 1412 1648 italia:
1437 1621 1548 1655 quidem
1566 1621 1682 1655 praeside
1708 1621 1830 1648 Anulino

1034 1666 1090 1701 jam
1115 1666 1224 1694 fuerant
1247 1667 1433 1694 incarcerem
1453 1667 1551 1694 inclusi
1573 1671 1684 1702 propter
1699 1675 1776 1694 suam
1801 1667 1828 1694 in

1037 1712 1178 1740 Christum
1205 1713 1427 1746 confessionem;
1453 1713 1488 1740 iis
1517 1718 1620 1745 autem,
1641 1721 1701 1748 qua:
1730 1713 1828 1742 ﬁebant

1037 1764 1137 1793 praeter
1153 1761 1277 1787 omnium
1299 1759 1470 1794 opinionem,
1486 1764 1514 1786 et
1531 1759 1673 1786 miraculis
1694 1760 1827 1787 extende-

1037 1805 1138 1834 bantur
1156 1806 1227 1834 fama
1244 1806 1278 1834 ad
1297 1806 1427 1833 ﬁnitimas
1442 1806 1524 1834 etiam
1543 1807 1680 1840 regiones.

1073 1852 1117 1879 Ill.
1138 1852 1206 1880 Cum
1223 1860 1271 1880 eos
1288 1859 1353 1887 ergo
1369 1852 1481 1879 divinus
1497 1852 1672 1879 convenisset
1685 1851 1826 1885 Nazarius,

1039 1896 1101 1924 fidei
1119 1902 1147 1924 et
1159 1898 1270 1925 virtutis
1286 1897 1481 1924 communione
1498 1898 1539 1924 eis
1555 1898 1670 1924 etl‘ectus
1685 1897 1828 1925 familiaris

1040 1942 1229 1977 (ingeneratur
1245 1944 1318 1971 cnittt
1342 1943 1453 1977 quidam
1466 1951 1545 1970 amor
1560 1943 1586 1970 in
1607 1943 1642 1969 iis
1656 1943 1703 1977 qui
1720 1951 1827 1970 earum.

1038 1986 1100 2013 dem
1125 1995 1218 2014 rerum
1239 1996 1332 2015 amore
1352 1993 1493 2020 tenentur,
1519 1995 1573 2014 non
1592 1988 1684 2015 minus
1698 1995 1779 2022 quam
1801 1989 1829 2016 in

1039 2033 1264 2068 consanguineis)
1277 2040 1326 2060 eos
1343 2033 1448 2064 incitat,
1467 2037 1495 2059 et
1509 2033 1550 2060 eis
1563 2033 1684 2060 animum
1696 2033 1773 2060 addit
1795 2033 1828 2060 ad

1038 2080 1212 2115 martyrium,
1227 2083 1256 2106 ct
1271 2078 1360 2105 reddit
1375 2078 1510 2105 acriorem
1525 2086 1623 2105 eorum
1645 2078 1673 2105 in
1689 2078 1828 2105 Christum

1038 2133 1170 2154 amorem.
1187 2124 1257 2152 Hinc
1272 2123 1380 2151 Nazarii
1395 2124 1466 2151 fama
1483 2124 1511 2151 in
1527 2131 1637 2151 omnem
1668 2129 1773 2159 partem
1787 2124 1830 2151 di—

1039 2182 1145 2211 spersa,
1162 2173 1287 2209 pervenit
1304 2173 1387 2200 etiam
1412 2179 1498 2208 usque
1515 2172 1549 2199 ad
1564 2172 1707 2207 praesidem
1733 2172 1830 2199 Anuli-

1039 2229 1116 2248 num.
1133 2221 1180 2248 Ille
1196 2223 1288 2247 autent
1307 2226 1369 2246 cum
1391 2218 1451 2245 sisti
1474 2223 1597 2246 curasset
1621 2218 1781 2251 Nazarium,
1799 2219 1829 2246 tit

1040 2267 1066 2295 ei
1081 2271 1209 2301 tanquam
1236 2264 1426 2297 consiliarius,
1451 2268 1478 2291 et
1495 2264 1594 2292 suadet
1613 2272 1647 2292 ne
1660 2265 1696 2292 sit
1716 2264 1828 2299 itnpins,

1038 2319 1089 2341 nec
1111 2313 1185 2340 illius
1201 2311 1268 2339 deos
1284 2310 1393 2346 probris
1419 2310 1571 2337 insectetur
1596 2314 1624 2338 et
1643 2311 1827 2338 contumeliis.

1039 2359 1143 2387 Deinde
1175 2362 1322 2394 postquam
1347 2357 1478 2392 cognovit
1504 2361 1630 2384 sanctum
1660 2365 1694 2384 ne
1717 2357 1828 2392 dignum

1039 2407 1162 2442 quidem,
1190 2406 1263 2441 quod
1286 2405 1442 2437 audiretur,
1474 2410 1570 2439 putare
1588 2404 1734 2432 consilium
1752 2404 1829 2440 (quid

1038 2454 1112 2486 enim
1140 2456 1183 2479 est
1211 2451 1246 2479 ad
1273 2450 1384 2486 probris
1406 2449 1592 2485 appetendum
1616 2450 1719 2485 aptius,
1747 2457 1829 2485 quam

1039 2485 1125 2527 malta
1136 2505 1200 2533 quae
1210 2485 1341 2525 coluntur
1354 2497 1502 2524 simulacra
1521 2496 1543 2532 ?)
1554 2497 1616 2532 ejus
1630 2496 1747 2524 maxillis
1758 2497 1830 2524 mul-

1042 2547 1084 2571 tos
1097 2543 1224 2578 impingit
1235 2542 1376 2578 colaphos,
1384 2545 1412 2569 et
1426 2546 1554 2576 tanquam
1569 2541 1680 2576 aliquod
1691 2542 1828 2576 piaculum

1038 2590 1082 2617 vir
1096 2589 1281 2617 exsecrandus
1296 2596 1361 2616 eum
1378 2596 1442 2615 cum
1457 2588 1562 2623 probro
1578 2593 1605 2615 et
1622 2588 1760 2616 dedecore
1780 2581 1829 2619 exi)

1039 2636 1145 2671 pellite
1159 2635 1280 2663 civitate.
1296 2635 1354 2662 lloc
1371 2639 1464 2662 autem
1489 2640 1624 2669 quantum
1649 2635 1736 2670 judici
1754 2635 1825 2662 vide-

1040 2683 1122 2710 batur
1145 2689 1273 2716 magnum
1301 2681 1335 2708 ad
1365 2681 1532 2715 supplicium
1550 2701 1557 2713 ,
1576 2686 1682 2708 tantum
1713 2681 1823 2708 Nazarit

1040 2727 1226 2754 existi-natum
1241 2731 1283 2753 est
1294 2726 1381 2760 majus
1391 2725 1424 2752 ad
1440 2726 1605 2753 beneﬁcium
1621 2748 1629 2759 ,
1643 2727 1715 2761 quod
1731 2726 1826 2761 dignnl

1041 2772 1152 2799 habitus
1166 2771 1202 2798 sit
1218 2772 1311 2806 plagas
1335 2771 1463 2805 accipere
1481 2777 1594 2806 propter
1607 2772 1761 2800 Christum,
1782 2770 1829 2805 qui

1041 2826 1092 2852 pro
1110 2818 1170 2853 ipso
1186 2825 1284 2852 passus
1298 2822 1349 2844 est.
1370 2817 1506 2852 Egressus
1520 2822 1562 2844 est
1585 2825 1650 2852 ergo
1664 2825 1719 2844 non
1734 2817 1828 2847 silens,

1042 2872 1130 2892 neme
1154 2864 1273 2892 elinguis
1299 2870 1330 2890 ac
1354 2869 1459 2891 mutus.
1484 2867 1511 2890 et
1537 2868 1612 2890 metu
1638 2864 1756 2893 vinctus.
1781 2861 1828 2890 scd
