2056 3151
224 154 278 188 913

857 155 947 187 Vl'l'A
967 156 998 186 S.
1020 155 1205 188 PELAGLE.

1799 153 1851 187 9η

227 212 364 248 συνήθων,
388 211 442 239 τῶν
467 212 548 248 ίιρὼν
575 213 712 249 ακροαιὴς
729 212 826 247 λογων,
852 214 899 240 καὶ
921 213 948 240 τί
963 213 1030 249 μὶν,

1079 222 1147 249 |uam
1162 215 1250 250 prius,
1262 221 1361 250 resque
1375 218 1434 242 erat
1443 214 1523 250 plane
1535 213 1672 249 insperata
1690 216 1717 240 et
1732 212 1852 245 insueta,

229 258 370 286 ἀκούσασα
382 259 416 286 τὰ
433 259 566 294 παρόντα,
581 258 607 285 τί
622 259 650 286 δι
661 259 694 286 τὰ
711 258 854 293 μέλλοντα,
868 259 915 286 καὶ
925 259 951 286 τί
964 259 1015 294 μὶν

229 306 245 340 ἠ
260 304 344 340 ψυχὴ,
360 304 401 336 τίς
416 304 445 331 δὴ
461 305 476 331 ό
495 305 598 339 ταύτης
619 305 730 340 δεσμὸς,
750 305 797 331 καὶ
811 305 885 336 ὅπως
901 304 949 332 τοῦ
964 304 1017 332 σώ-

231 359 316 385 ματος
328 350 533 385 διαζεύγνυται,
550 351 596 377 καὶ
612 350 694 378 πάλιν
717 350 871 383 ἀνίσταται,
887 352 934 378 καὶ
956 351 1017 386 κρί-

229 406 315 429 νεται,
333 398 380 424 καὶ
393 397 465 424 τίσιν
479 397 646 432 αίσχύνιται,
669 397 692 424 ὦ
705 398 751 425 τοῦ
767 397 918 433 θαύματοςι
934 397 1016 432 γινώ-

231 450 291 469 σκει
302 442 337 469 τὰ
351 442 462 478 ἑαυτῆς,
477 443 524 470 καὶ
535 443 644 470 πάντων
655 443 858 477 καταγινώσκει
869 444 925 471 τῶν
940 445 1017 480 πρὶν,

230 489 276 514 καὶ
291 487 456 514 συσταλετσα
472 488 540 524 πρὸς
558 488 668 523 ἑαυτὴν,
685 489 733 523 δλη
747 489 794 516 τοῦ
807 489 891 516 καλοῦ
906 489 954 516 καὶ
968 490 1018 525 τῆς

232 533 378 568 μετανοίας
392 533 511 568 γίνεται,
526 534 574 561 καὶ
583 534 689 570 δάκρυα
703 534 763 569 χέει
775 535 831 566 τοῖς
849 536 914 570 πρὶν
928 534 1016 569 γέλως

232 588 274 606 σιν
289 579 470 615 ἀντισούμινα
479 589 487 596 ο
501 577 564 608 εἷτα
577 580 625 607 καὶ
638 581 744 613 τούτοις
765 580 866 616 χρῆται
880 581 948 617 πρὸς
964 590 1017 608 σω-

231 626 331 660 τηρίαν
345 623 387 658 οἷς
404 626 504 662 ἐχρῆτο
519 627 651 662 πρότερον
664 627 705 659 είς
716 626 866 658 ἀπώλειαν,
885 627 934 654 καί
947 635 1019 654 τισιν

233 672 378 707 ἐπιτρέπει
405 672 461 700 τῶν
484 673 586 708 ἑαυτῆς
603 672 792 705 συνιξελθοῦσι
807 672 855 700 τοῦ
883 672 959 708 ιιροῦ
980 672 1020 708 τῷ

233 717 328 754 Νόννῳ
340 719 387 747 καὶ
400 719 650 755 συνακολουθήσασι
662 719 710 747 καὶ
722 719 754 754 δὴ
767 719 815 746 καὶ
829 719 1019 754 θεασαμένοις,

233 762 263 791 οἷ
273 764 322 800 τὴν
338 766 500 801 κατοίκησιν
514 766 644 798 ποιεῖται,
659 765 774 801 τάχιστα
790 764 958 799 ἀπαγγέλλει
974 765 1021 792 αὺ-

233 811 267 846 τῇ
283 810 331 838 καὶ
346 810 385 846 μὴ
404 811 514 846 μέλλειν
528 811 596 847 πρὸς
610 812 661 846 τὴν
678 811 812 844 ιπίταξιν.

269 857 306 884 Ζ’.
323 856 426 884 Τούτου
444 856 477 892 δὴ
495 856 643 891 γενομένου
665 856 714 883 καὶ
730 857 786 883 τῶν
808 856 1021 891 ἐκπεμφθέντων

234 901 440 928 ἐπανελθόντων
456 885 506 928 κάξ
518 902 548 928 τὸ
561 885 734 937 προσταχθὲν
748 885 944 936 ἀγγειλάντων,
962 902 1024 937 βου-
1038 885 1060 913 Β

234 948 283 984 λὴν
300 948 460 984 βουλεύεται
473 948 601 983 γενναίαν
617 949 664 976 καὶ
678 949 810 984 ἀνδρικὴν
827 950 874 976 καὶ
894 949 963 985 πρὸς
978 949 1024 977 τὸν

236 994 309 1030 ἱερὸν
332 994 552 1031 παρρησιάζεται
579 995 690 1027 Νόννον,
705 996 752 1022 καὶ
777 995 810 1031 δὴ
832 995 880 1023 καὶ
904 995 1025 1023 λαϐοῦσα

236 1040 340 1076 χάρτην
362 1040 522 1077 διεχάραξεν
538 1040 643 1073 οὕτως·
659 1042 785 1069 Ἦκουσά
809 1050 857 1069 σου
883 1043 937 1069 τῶν
958 1043 1025 1077 Χρι-

237 1086 367 1119 στιανῶν,
383 1086 503 1122 Χριστοῦ
522 1087 643 1122 μαθητὰ,
659 1087 696 1119 ὥς
707 1088 775 1123 φησί
788 1096 840 1115 που
855 1089 910 1115 τῶν
925 1089 1024 1116 ἑαυτοῦ

237 1133 325 1166 λόγων
341 1134 355 1160 ὁ
379 1132 425 1165 σος
444 1133 604 1168 Δεσπότης·
623 1143 633 1159 ι
656 1134 714 1161 Οὐκ
737 1132 819 1170 ἦλθον
845 1135 960 1163 καλέσαι
989 1135 1027 1162 δι-

237 1179 344 1212 καίους,
366 1179 434 1206 ἀλλὰ
448 1179 628 1215 ἁμαρτωλοὺς
645 1182 687 1213 εἰς
704 1182 852 1216 μετάνοιαν
863 1190 870 1197 ·
893 1191 903 1207 ι
922 1182 970 1208 καὶ
987 1182 1026 1214 ὡς

238 1226 271 1260 δὴ
285 1226 333 1253 καὶ
347 1225 478 1257 τελώναις
499 1226 692 1262 συνανεκλίθη,
715 1228 763 1253 καὶ
776 1227 892 1262 πόρναις
912 1236 1026 1255 συνανε-

239 1273 358 1308 στράφη,
379 1272 427 1300 καὶ
445 1271 622 1309 Σαμαρείτιδι
644 1272 712 1308 πρὸς
730 1273 761 1299 τὸ
777 1272 866 1307 φρέαρ
890 1272 1026 1308 ὡμίλησε,

239 1319 287 1346 καὶ
302 1319 381 1352 λόγον
409 1319 524 1354 μετέσχε
541 1327 570 1345 τε
588 1319 634 1346 καὶ
655 1319 808 1353 μετέδωκεν
829 1319 859 1345 ὃν
880 1320 977 1354 τρέμει
993 1319 1028 1346 τὰ

239 1365 385 1401 χερουδὶμ,
398 1366 445 1392 καὶ
457 1366 518 1392 οὐδὲ
530 1365 640 1401 βλέπειν
655 1366 748 1400 στέγει
760 1366 795 1392 τὰ
809 1366 940 1402 σιραφίμ.
956 1365 1028 1392 Ἀλλ’

239 1411 267 1440 sl
288 1420 315 1439 τι
344 1413 377 1439 σὺ
394 1412 517 1440 τοιούτου
549 1412 599 1447 μὲν
626 1412 720 1444 δοῦλος
746 1412 888 1446 δεσπότου,
903 1412 1027 1440 τοιούτου

239 1459 268 1485 δι
285 1458 410 1494 μαθητὴς
431 1458 604 1490 διδασκάλου,
619 1458 708 1491 δεῖξον
722 1460 781 1490 τοῖς
804 1459 908 1494 ἔργοις,
924 1459 972 1486 καὶ
990 1460 1028 1495 μὴ

241 1504 356 1541 βδιλύξῃ
383 1505 486 1540 πόρνην
500 1505 621 1540 ὁμογενῆ
649 1506 696 1532 καὶ
712 1505 868 1540 ὁμόδουλον,
894 1506 963 1533 ἀλλὰ
983 1507 1029 1533 καὶ

1068 260 1109 292 lit,
1131 259 1232 294 inquit,
1248 258 1358 294 Pelagia
1380 258 1501 286 auditrix
1525 266 1667 287 sacrorum
1690 258 1852 286 verborum.

1066 306 1133 339 Quae
1153 313 1216 333 cum
1246 305 1369 333 audisset
1390 305 1457 340 quid
1481 305 1538 332 sint
1560 305 1673 340 quidem
1696 304 1854 340 praesentia.

1067 352 1135 389 quid
1151 356 1243 380 autem
1259 351 1364 385 futura,
1379 355 1408 379 et
1427 351 1494 386 quid
1510 355 1605 378 nostra
1619 350 1733 386 quidem
1750 350 1854 383 anima,

1068 399 1209 435 quodnam
1229 403 1321 426 autem
1336 398 1397 433 ejus
1410 397 1562 430 vinculum,
1583 401 1612 424 et
1623 396 1855 432 quemadmodum

1067 449 1214 480 separatur
1229 452 1245 472 a
1260 451 1388 479 corpore,
1402 448 1431 472 et
1445 451 1543 471 rursus
1562 441 1854 477 surgitetjndicatur,

1068 494 1098 526 (ο
1114 492 1312 524 miraculum!)
1327 490 1446 525 seipsarn
1468 489 1626 525 cognoscit,
1648 493 1677 516 et
1700 497 1761 524 qua:
1779 489 1857 523 prius

1069 538 1182 570 fecerat,
1197 538 1310 565 damnat
1325 537 1428 569 omnia,
1453 536 1489 563 ad
1506 543 1536 563 se
1556 543 1700 568 conversa,
1726 539 1811 563 totam
1829 542 1858 562 se

1069 585 1186 613 honesto
1201 584 1248 611 dat
1262 588 1290 612 et
1303 583 1483 619 paenitentia,
1492 586 1521 610 et
1531 582 1764 617 l‘unditlacrymas
1778 589 1861 616 pares

1069 631 1187 666 pristino
1199 629 1279 662 risui,
1291 627 1393 656 deinde
1405 627 1447 655 eis
1455 628 1542 655 utitur
1554 626 1588 653 ad
1609 626 1737 659 salutem,
1754 625 1859 660 quibus

1070 674 1146 710 prius
1155 681 1203 702 usa
1211 673 1301 701 luerat
1310 672 1344 700 ad
1355 672 1508 705 interitum,
1519 671 1635 708 etjubet
1649 671 1817 707 quibusdam
1825 678 1858 698 ex

1070 721 1139 752 suis,
1156 724 1188 748 ut
1201 727 1263 746 cum
1276 719 1374 746 Nonne
1389 726 1404 746 e
1425 719 1528 753 templo
1541 717 1727 753 egredientes,
1750 721 1779 744 et
1795 725 1859 744 eum

1070 769 1282 800 consequentes,
1303 772 1365 792 cum
1389 764 1511 792 viderint
1529 764 1576 791 ubi
1592 764 1707 797 habitet,
1722 763 1747 791 ei
1765 770 1862 798 quam—

1072 812 1190 847 primum
1204 811 1376 843 renuntient,
1388 815 1416 838 et
1429 818 1483 838 non
1496 810 1626 838 dill‘erant
1638 811 1714 846 jussa
1734 809 1860 844 exsequi.

1111 858 1168 886 Vll.
1181 857 1251 885 Cum
1269 857 1322 885 hoc
1335 862 1426 884 autem
1445 858 1547 885 factum
1562 861 1636 884 esset
1651 864 1679 884 et
1700 856 1804 883 reversi
1821 864 1864 884 es-

1075 908 1148 937 sent,
1160 904 1208 939 qui
1229 904 1307 931 missi
1326 903 1445 936 fuerant,
1469 908 1497 930 et
1518 902 1762 930 renuntiassentid
1789 903 1862 936 quod

1076 951 1168 978 fuerat
1177 950 1355 984 imperatum,
1369 956 1534 985 generosum
1551 953 1579 975 et
1593 948 1672 975 virile
1685 948 1759 982 capit
1772 947 1864 974 consi-

1075 998 1162 1029 lium.
1190 1001 1218 1025 et
1245 1004 1308 1024 eum
1337 996 1489 1030 accepisset
1514 996 1635 1022 chartam
1653 1016 1661 1027 ,
1690 999 1865 1023 sacrosancto

1077 1044 1175 1072 Nonne
1186 1044 1274 1071 libere
1290 1043 1331 1071 sic
1347 1043 1445 1070 scribit
1461 1049 1468 1068 :
1486 1042 1598 1075 Audivi,
1623 1050 1640 1069 0
1659 1041 1796 1076 discipule
1816 1040 1863 1067 Dei

1077 1089 1396 1124 Christianorum,quod
1411 1089 1514 1116 alicubi
1534 1088 1561 1116 in
1575 1089 1609 1115 iis
1624 1095 1685 1123 quae
1699 1087 1734 1114 de
1751 1094 1785 1114 eo
1799 1087 1867 1113 scri-

1078 1141 1124 1172 pta
1143 1140 1218 1169 sunt,
1235 1135 1304 1163 dicit
1322 1140 1386 1163 tuus
1406 1135 1538 1162 Dominus
1554 1142 1561 1161 :
1590 1143 1599 1159 ι
1615 1133 1674 1160 Non
1688 1131 1750 1160 veni
1767 1140 1866 1159 vocare

1076 1182 1177 1218 iustos,
1187 1181 1236 1209 sed
1251 1185 1410 1216 peccatores
1417 1179 1455 1208 ad
1465 1179 1654 1215 prenitentiam
1663 1178 1682 1212 ¹,
1696 1187 1705 1204 ι
1718 1182 1745 1205 ct
1755 1177 1827 1213 quod
1839 1178 1865 1204 in

1078 1235 1175 1255 mensa
1194 1226 1327 1254 accubuit
1342 1234 1397 1254 una
1419 1234 1483 1254 cum
1499 1225 1666 1261 publicanis,
1691 1229 1720 1252 et
1739 1228 1867 1250 versatus

1079 1274 1132 1302 fuit
1146 1273 1228 1301 simul
1249 1280 1311 1300 cum
1327 1272 1532 1305 meretricibus,
1551 1275 1579 1298 ct
1607 1278 1670 1298 cum
1693 1270 1865 1298 Samaritana

1080 1321 1189 1348 locutus
1204 1324 1247 1347 est
1265 1320 1300 1347 ad
1316 1324 1429 1355 puteum
1441 1320 1463 1352 ‘,
1492 1323 1520 1346 et
1539 1318 1622 1345 verba
1652 1317 1728 1344 dedit
1744 1316 1866 1344 vicissim

1078 1371 1108 1394 et
1121 1366 1237 1401 accepit,
1254 1372 1336 1400 quem
1349 1365 1450 1392 timent
1463 1363 1616 1395 Cherubin,
1629 1367 1657 1390 et
1676 1369 1726 1389 nec
1742 1361 1866 1396 aspicere

1080 1410 1192 1445 quidem
1207 1410 1347 1438 sustinent
1362 1409 1508 1444 Seraphin.
1527 1409 1622 1443 Itaque
1638 1408 1660 1435 si
1678 1412 1706 1435 tu
1721 1414 1751 1434 es
1769 1415 1867 1435 servus

1081 1454 1142 1481 talis
1161 1453 1281 1487 Domini,
1291 1458 1319 1481 et
1330 1453 1486 1488 discipulus
1502 1453 1564 1480 talis
1580 1452 1713 1488 magistri,
1735 1451 1761 1479 id
1775 1456 1868 1479 osten-

1081 1500 1115 1528 de
1135 1500 1224 1533 factis,
1240 1504 1268 1527 et
1284 1507 1336 1527 nec
1348 1500 1499 1527 abhorreas
1510 1498 1634 1534 ejusdem
1652 1503 1745 1526 tecum
1758 1498 1869 1533 generis

241 1551 373 1587 δεομένην
385 1552 436 1586 τῆς
458 1552 507 1587 σῆς
523 1553 599 1587 ἱερᾶς
615 1552 732 1585 ἀξίωσον
747 1552 822 1583 θέας,
841 1553 888 1578 καὶ
900 1551 1029 1587 ἐξομολοο

1082 1547 1258 1574 meretricem
1273 1551 1302 1574 et
1317 1553 1491 1579 conservam,
1512 1545 1559 1573 sed
1578 1546 1661 1573 etiam
1676 1549 1818 1580 rogantem
1829 1544 1870 1572 di—

242 1598 378 1634 γουμένην
396 1598 481 1632 δέεαι,
504 1599 552 1626 καὶ
575 1598 664 1625 σῶσον
685 1598 890 1635 ἀπολλυμένην,
918 1600 966 1627 καὶ
982 1600 1030 1627 σοῦ

244 1645 326 1680 μόνου
341 1645 505 1681 ἔξεχομινην
521 1645 568 1672 καὶ
583 1645 625 1672 σοὶ
640 1645 690 1677 τὰς
712 1645 823 1678 ιλπίδας
851 1646 1030 1674 σαλεύουσαν.

279 1737 320 1763 H'.
337 1736 432 1763 Ταῦτα
460 1736 607 1772 δεξάμενος
633 1737 647 1764 ό
670 1737 739 1772 ίιρδς
765 1737 865 1773 ᾐδέσθη
890 1737 971 1774 ἀνὴρ,
985 1739 1033 1766 καὶ

246 1783 320 1817 μόνῳ
337 1783 388 1817 μὲν
402 1783 606 1810 ἀντεπιστέλλει
632 1783 669 1819 μὴ
692 1784 862 1820 προσελθεῖν,
879 1784 930 1820 ἤδη
955 1785 983 1812 δέ
1001 1794 1032 1812 τε

244 1829 292 1856 καὶ
306 1828 362 1856 τῶν
383 1829 486 1856 λοιπῶν
498 1829 708 1864 ’συμπαρόντων
730 1829 883 1866 ἀρχιερέων
898 1829 1034 1865 φανεροῦν

244 1876 345 1911 ἑαυτὴν
368 1876 416 1903 καὶ
430 1876 444 1903 ὂ
461 1875 583 1911 βούλοιτο
605 1875 698 1909 λέγειν
725 1875 774 1902 καὶ
796 1875 981 1903 ἐκκαλύπτειν
999 1875 1034 1903 τὰ

245 1921 356 1957 ἑαυτῆς.
379 1922 412 1949 Ἦ
426 1921 454 1949 δὶ
467 1921 563 1949 τούτου
585 1921 707 1957 τυχοῦσα
719 1921 766 1949 τὸν
784 1921 882 1956 καιρὸν
903 1922 1033 1957 ἁρπάζει,

245 1970 292 1995 καὶ
302 1969 396 1996 διώκει
407 1968 452 1996 τὸν
463 1968 595 2000 σώζοντα.
605 1968 660 1995 Καὶ
671 1967 862 1994 καταλαϐοῦσα
874 1969 924 2003 τὴν
936 1968 1034 2003 ἐκκλη-

246 2014 317 2047 σίαν,
335 2015 422 2050 ¹πόρνη
439 2022 482 2046 τις
503 2011 537 2048 ἦν
547 2014 615 2047 ἄλλη
640 2014 712 2041 κατὰ
736 2013 789 2048 γῆς
817 2014 974 2049 ιῤῥιμμένη
988 2015 1036 2041 καὶ

246 2059 375 2087 κλίνουσα
387 2059 419 2087 τὸ
431 2059 497 2093 γόνυ
511 2059 558 2086 καὶ
570 2059 621 2094 τὴν
634 2059 725 2095 ψυχὴν
739 2060 787 2086 καὶ
799 2059 883 2091 πόδας
899 2059 1035 2095 βρέχουτα

246 2105 300 2132 κᾶν
314 2105 352 2140 μὴ
360 2105 549 2138 δισποτικοὺς,
562 2105 621 2132 ἀλλ’
636 2105 682 2132 οὖν
696 2106 850 2142 ιερατικοὺς
861 2107 909 2133 καὶ
918 2105 1035 2140 ὡραίους

247 2151 295 2178 καὶ
314 2151 403 2186 ψυχῆς
416 2151 528 2186 εἰρήνην
539 2151 647 2187 ἀληθῶς
657 2152 746 2179 εἰπεῖν
760 2152 1033 2187 ιύαγγελιζομένους,

248 2198 295 2248 καλ.
310 2197 366 2248 οῦδ*
379 2199 413 2248 αν
467 2206 502 2248 τι.
513 2199 619 2232 γένοιτο
636 2199 769 2235 μεθήσειν
782 2199 917 2234 πρότερον
933 2199 1036 2234 ἔφασκε
1051 2219 1075 2248 Β

248 2242 342 2278 πρὶνῆ
361 2242 410 2278 τὴν
425 2243 459 2270 δι’
472 2242 569 2275 ὕδατος
587 2243 657 2280 λάϐῃ
675 2244 723 2271 καὶ
738 2244 898 2278 Πνεύματος
920 2245 1035 2278 ἀναγόν-

247 2297 335 2322 νησιν.
350 2289 405 2316 Καὶ
420 2286 455 2324 ἦν
468 2289 544 2323 ἀγὼν
562 2289 731 2325 ἀμφοτέροις
745 2289 784 2325 τῷ
802 2290 852 2325 μιν
865 2291 958 2317 πεῖσαι
970 2290 1036 2317 ταύ-

247 2343 297 2370 την
312 2335 366 2362 τῶν
378 2334 468 2362 ποδῶν
484 2335 626 2371 ἁφιμένην
638 2336 830 2371 ἐξαναστῆναι,
846 2334 881 2372 τῇ
889 2336 917 2363 δὲ
933 2335 1036 2363 τούτων

246 2379 356 2414 ἔχεσθαι
375 2380 487 2416 μᾶλλον.
505 2381 559 2407 Καὶ
584 2382 638 2416 πρὸ
652 2381 699 2408 τοῦ
712 2382 826 2416 λουτροῦ
853 2382 988 2418 κάθαρσις
1001 2379 1035 2417 ἦν

247 2425 314 2460 ἄλλη
327 2426 376 2453 καὶ
399 2426 527 2460 δακρύων
547 2427 680 2462 λουτρῶν.
704 2427 751 2454 τοῦ
773 2428 1036 2463 πνιυματικωτέρου

247 2470 348 2505 δηλαδὴ
356 2471 387 2496 τὸ
400 2471 613 2507 ἐπιπονώτερον,
626 2472 721 2500 ταῦτα
733 2473 783 2501 καὶ
797 2473 873 2509 παρᾶ
887 2473 942 2500 τῶν
951 2472 1036 2509 ὁρών-

248 2526 302 2544 των
317 2517 436 2552 δάκρυον
464 2518 633 2552 ἐξεκαλεῖτο,
651 2519 700 2547 καὶ
722 2517 757 2556 ἦν
772 2520 866 2552 αὐτοῖς
887 2520 961 2556 λύπη
983 2529 1036 2553 τις,
1055 2544 1062 2551 ,

249 2563 380 2597 ικπλήξει
403 2564 451 2590 καὶ
474 2564 554 2601 ἡδονῇ
573 2565 738 2601 σύγκρατος,
758 2566 813 2593 τῶν
830 2566 956 2603 δακρύων
987 2567 1037 2600 μὲν

249 2609 319 2644 αὐτῇ
346 2610 548 2637 κοινωνούντων
577 2612 625 2638 καὶ
657 2611 874 2646 συναλγούντων,
908 2613 954 2639 καὶ
987 2612 1037 2648 τὴν

250 2654 342 2682 πίστιν
353 2655 591 2691 ἐκπληττομένων,
609 2657 762 2692 χαιρόντων
777 2657 806 2684 δὲ
834 2659 881 2684 καὶ
896 2659 1036 2694 ἡδομένων

249 2702 282 2735 τῇ
297 2700 429 2737 σωτηρίᾳ.

285 2789 313 2816 θ’
341 2789 408 2817 Εἶτα
425 2792 502 2826 μόλις
518 2793 675 2828 πεισθείσης
695 2794 742 2820 καὶ
758 2794 911 2829 ἀναστάτης
932 2794 978 2821 '42".
991 2794 1037 2820 τοῦ

287 2875 294 2889 ¹
315 2875 528 2911 M.rtth.|x,15.
569 2880 664 2907 ’soan.
684 2887 719 2909 ιγ,
739 2879 747 2906 l
767 2887 809 2910 sq.

1083 1600 1167 1628 gnare
1182 1600 1260 1620 sacro
1272 1597 1320 1620 tuo
1330 1597 1456 1628 aspectu,
1471 1595 1500 1619 et
1517 1591 1627 1626 suscipe
1637 1590 1827 1623 conﬁtentem,
1842 1595 1870 1618 et

1083 1647 1164 1667 serva
1181 1644 1354 1674 pereuntem,
1370 1643 1399 1667 et
1410 1647 1425 1666 a
1441 1643 1466 1666 te
1480 1638 1540 1666 solo
1555 1637 1734 1674 pendentem,
1749 1641 1778 1665 et
1793 1645 1870 1672 spem

1084 1687 1112 1714 in
1132 1691 1157 1714 te
1174 1687 1368 1714 collocantem.

1119 1733 1187 1761 Vill.
1204 1732 1266 1761 Haec
1293 1741 1355 1760 cum
1374 1733 1527 1768 aeccpissct
1541 1732 1583 1760 vir
1599 1736 1803 1764 sacrosanctus,
1829 1739 1872 1760 est

1085 1780 1230 1812 reveritus,
1241 1783 1269 1806 et
1280 1778 1409 1806 rescribit
1424 1786 1458 1806 ne
1470 1777 1503 1805 ad
1519 1777 1609 1805 solum
1622 1776 1734 1811 quidem
1747 1775 1870 1806 accedat.

1084 1825 1132 1854 sed
1149 1833 1212 1853 cum
1226 1825 1281 1860 jam
1298 1824 1380 1852 simul
1402 1822 1502 1858 reliqui
1517 1822 1649 1850 aﬂ‘uerint
1665 1822 1820 1856 pontiﬁces.
1843 1829 1873 1849 se

1086 1871 1167 1898 sistat
1187 1875 1216 1897 et
1236 1869 1312 1898 dicat
1327 1867 1407 1904 quod,
1428 1868 1505 1900 velit,
1521 1872 1550 1896 et
1571 1875 1605 1896 ea
1621 1876 1683 1903 qua:
1698 1872 1824 1903 spectant
1839 1867 1873 1895 ad

1086 1917 1174 1952 ipsam
1195 1916 1313 1950 aperiat.
1337 1903 1390 1942 illa
1404 1903 1503 1942 lautam
1527 1922 1591 1942 cum
1612 1914 1665 1942 hoc
1688 1914 1874 1949 impetrasset,

1086 1961 1184 1996 arripit
1201 1961 1377 1988 occasionem
1397 1964 1425 1988 et
1440 1960 1568 1994 sequitur
1585 1967 1650 1987 eum
1669 1959 1718 1995 qui
1738 1960 1784 1986 dat
1803 1959 1876 1986 salu-

1087 2011 1153 2034 tem.
1170 2006 1203 2033 Et
1225 2014 1288 2034 cum
1304 2006 1428 2034 venisset
1449 2005 1485 2033 ad
1501 2006 1660 2038 ecclesiam,
1679 2011 1739 2033 erat
1749 2005 1875 2040 quaedam

1086 2051 1140 2079 alia
1154 2051 1285 2078 meretrix
1298 2051 1375 2079 humi
1395 2051 1499 2087 iacens,
1515 2055 1544 2078 et
1562 2059 1633 2086 genu
1647 2050 1760 2079 ﬂectens
1773 2055 1801 2079 et
1817 2051 1876 2078 ani-

1088 2104 1172 2129 mam,
1187 2101 1216 2124 et
1231 2097 1317 2132 pedes
1330 2097 1434 2132 rigans,
1453 2097 1477 2124 si
1489 2104 1544 2124 non
1556 2097 1727 2129 Dominicos.
1740 2101 1769 2124 at
1786 2104 1876 2124 sacer-

1090 2142 1198 2170 dotales
1209 2142 1322 2177 quidem
1337 2146 1423 2175 certe,
1437 2147 1466 2170 et
1475 2143 1617 2178 speciosos
1627 2147 1655 2170 et
1668 2150 1763 2178 pacem
1779 2142 1877 2170 anima:

1088 2187 1132 2223 (ut
1145 2194 1211 2215 vere
1228 2186 1330 2222 dicam)
1344 2187 1577 2222 evangelizautes.
1591 2186 1658 2220 Quae
1669 2186 1789 2219 dicebat,
1801 2187 1877 2214 nulla

1088 2233 1203 2261 omnino
1228 2233 1288 2261 fore
1308 2232 1428 2266 ratione,
1462 2237 1492 2261 ut
1505 2232 1610 2268 aliquid
1629 2233 1759 2266 disceret,
1786 2234 1879 2268 prius-

1087 2288 1170 2316 quam
1202 2279 1442 2316 regenerationem
1468 2279 1621 2314 accepisset
1651 2286 1702 2314 per
1728 2286 1828 2314 aquam
1851 2284 1880 2307 et

1089 2326 1236 2362 Spiritum.
1251 2326 1286 2354 Et
1301 2330 1364 2354 erat
1378 2326 1503 2362 utrisque
1521 2329 1675 2358 certamen,
1701 2324 1741 2353 illi
1765 2325 1877 2360 quidem

1088 2377 1120 2400 ut
1138 2373 1164 2400 ei
1184 2371 1365 2408 persuaderet
1376 2380 1490 2407 surgere
1506 2371 1629 2400 dimissis
1641 2380 1739 2400 eorum
1749 2372 1878 2408 pedibus,

1089 2419 1154 2446 huic
1170 2424 1262 2446 autem
1276 2423 1306 2446 ut
1323 2418 1364 2446 eis
1375 2418 1463 2454 magis
1474 2418 1603 2446 haereret.
1613 2418 1648 2445 Et
1659 2422 1722 2446 ante
1737 2417 1878 2446 lavacrum

1088 2469 1149 2494 erat
1167 2465 1220 2493 alia
1234 2465 1372 2500 purgatio,
1388 2469 1416 2492 et
1431 2465 1572 2492 lavacrum
1595 2464 1779 2499 lacrymarum
1797 2464 1880 2498 spiri-

1090 2511 1179 2539 taliori
1206 2511 1313 2538 scilicet
1341 2510 1519 2538 laboriosius.
1538 2510 1603 2538 [late
1620 2517 1669 2537 eos
1682 2509 1729 2544 qui
1749 2509 1881 2536 videbant

1089 2558 1279 2594 provocabant
1304 2557 1337 2585 ad
1364 2558 1513 2592 lacrymas,
1540 2561 1658 2591 eratque
1681 2556 1721 2584 eis
1754 2555 1880 2590 quaedam

1091 2605 1214 2637 tristitia,
1233 2608 1347 2639 stupore
1362 2608 1390 2631 et
1401 2605 1541 2638 voluptate
1560 2607 1778 2637 contemperata.
1790 2606 1820 2629 ut
1834 2602 1880 2636 qui

1091 2659 1154 2679 cum
1171 2651 1253 2678 ﬂente
1264 2650 1376 2685 quidem
1393 2657 1458 2677 suas
1473 2650 1610 2685 lacrymas
1626 2649 1841 2684 conjungerent,
1854 2652 1882 2675 ct

1091 2705 1154 2725 cum
1179 2697 1292 2724 dolente
1320 2696 1465 2728 dolerent,
1491 2696 1628 2730 iidemque
1649 2696 1710 2730 ejus
1726 2698 1879 2730 stuperent,

1092 2744 1180 2771 salute
1196 2748 1287 2770 autem
1304 2744 1363 2779 ejus
1379 2743 1543 2779 gauderent.

1128 2790 1173 2817 IX.
1192 2790 1294 2818 Deinde
1326 2797 1387 2818 cum
1416 2790 1458 2818 vix
1494 2797 1624 2825 persuasa
1655 2790 1829 2819 surrexisset.
1855 2794 1880 2815 ιιι
