2056 3151
219 161 272 194 923

786 161 982 193 ADDENDA.
1002 173 1035 179 -
1055 163 1277 197 NOVEMBER.

1789 167 1842 199 9‘2l

219 221 344 258 pertiens
363 221 518 256 egentibus.
545 225 574 248 ct
603 220 690 249 Deum
714 221 824 250 assidue
845 230 955 257 rogans.
981 227 1015 250 ut‘

1069 225 1110 257 εἰς
1125 226 1234 260 σαρκός.
1256 227 1311 252 Καὶ
1332 225 1386 261 γὰρ
1399 223 1432 261 ἦν
1448 226 1508 252 τὸτε
1526 226 1590 252 νέαν
1607 226 1711 260 ἄγουσα
1726 226 1775 262 τὴν
1792 227 1848 262 ἡλι-

219 269 360 304 sopiretur
377 269 403 295 in
417 276 449 295 ea
468 267 603 295 innatum.
622 268 723 296 bellqu
742 270 847 300 earinis.
860 274 920 296 erat
934 269 1007 296 enim

220 320 286 342 tunc
305 319 386 341 aetate
410 314 532 349 juvenis,
561 319 590 340 ut
605 322 667 349 quae
693 322 748 342 nou
766 320 840 343 esset
857 320 922 343 nata
948 315 1010 350 plus

220 370 301 396 quam
316 361 411 396 viginti
428 361 549 396 quinque
569 369 667 389 annos.

255 407 298 434 ιν.
315 407 441 443 Rogabat
456 416 532 443 ergo,
550 409 623 436 sicut
637 408 771 441 diximus,
788 413 818 436 ut
842 409 1010 436 liberaretur

219 463 235 483 a
253 456 345 483 carnis
359 455 504 486 molestiis,
518 460 556 487 ut.
576 463 638 482 cum
656 461 749 490 posset
763 457 855 482 vivere
873 455 933 482 sine
954 462 1010 482 ma-

220 503 285 535 rito,
313 503 399 529 libere
423 507 533 531 vacaret
567 501 739 536 spiritalibus
767 507 795 529 et
812 502 1009 529 divinioribus.

219 549 285 582 Quae
301 553 393 576 autem
409 556 469 576 eam
486 553 519 576 ad
537 557 582 580 ea,
598 556 660 583 qute
675 553 740 576 sunt
767 548 896 581 honesta,
913 548 1011 575 incita-

219 595 279 626 bat,
295 599 354 622 erat
369 595 494 630 quaedam
510 595 643 629 Eugenia,
659 602 722 629 quae
741 595 940 622 convenienter
959 601 1010 621 no-

219 641 288 668 mini
312 645 372 669 erat
400 641 525 668 moribus
554 641 689 676 ingenuis,
711 645 739 668 ct
755 649 818 673 una,
845 649 906 675 quae
927 645 1010 668 totam

222 687 303 714 vitam
320 687 503 714 consumebat
517 687 543 714 in
562 687 706 714 nocturnis
723 687 891 714 stationibus
905 692 933 714 et
947 695 1011 713 ora-

220 733 353 760 tionibus.
378 733 446 760 Cum
465 741 520 768 qua
546 733 604 768 ipsa
622 741 731 768 quoque
758 733 830 760 bona
853 733 1013 760 decertabat

221 780 399 807 contentione
419 779 640 812 exercitationis,
664 787 696 807 ea
719 780 822 814 quibus
848 784 1013 807 exercentur

222 825 515 860 ntonachi,diligenter
529 833 669 852 exercens.
685 825 747 852 llaec
758 833 833 858 vero,
845 833 906 860 quze
920 825 1013 859 quoti-

222 871 266 897 die
283 870 396 903 (iehant,
415 879 486 906 wgre
511 871 617 898 fert-hat
642 870 826 901 Domitianus.
843 876 871 898 et
885 871 1013 898 absurdae

222 917 347 951 quaedam
372 922 400 944 et
425 921 519 951 turpes
545 917 730 951 cogitationes
756 917 782 944 ei
809 916 958 943 veniebant
984 916 1012 942 in

224 970 358 996 mentem,
374 963 493 991 dicendo
508 973 514 990 :
531 964 590 991 Non
605 968 679 990 recte
694 963 778 991 habet
793 963 944 990 continuus
968 962 1014 989 hic

225 1018 399 1046 progressos,
417 1011 465 1038 sed
498 1011 526 1038 lit
554 1010 658 1040 animo.
683 1011 730 1045 qui
750 1010 784 1036 ad
816 1010 903 1037 malas
927 1009 1015 1037 tendit

222 1057 399 1092 cupiditates,
408 1060 435 1083 et
445 1056 544 1083 exhinc
559 1063 669 1083 omnem
687 1055 835 1083 adhibebat
848 1056 1014 1088 custodiam,

225 1111 260 1130 ne
272 1111 331 1131 eam
350 1104 461 1138 quidem
478 1103 573 1131 sinens
589 1103 702 1137 prodire
715 1107 793 1130 extra
808 1103 1014 1135 domunCulam,

225 1155 253 1178 ct
261 1150 397 1177 ambobus
405 1150 655 1177 eratconstitutum
665 1154 806 1177 certamen
820 1158 826 1175 :
840 1149 878 1176 illi
889 1149 1015 1184 quidem,

225 1205 260 1224 ne
286 1197 439 1224 dimitteret
468 1204 529 1224 eam
558 1197 650 1223 facere
673 1203 706 1223 ea
733 1204 794 1230 quae
810 1199 1015 1227 consueverat;

226 1243 291 1270 huic
304 1247 408 1275 autem,
425 1251 459 1270 ne
482 1243 617 1269 abcsscta
635 1242 722 1269 sacris
737 1241 866 1268 coetibus.
884 1241 936 1267 Sed
954 1248 1016 1268 cum

226 1289 259 1316 is'
275 1289 353 1316 valde
377 1293 556 1323 repugnaret,
579 1295 611 1315 ea
631 1287 725 1315 multis
755 1295 856 1321 urgens
877 1287 1017 1320 precibus,

227 1335 272 1362 vix
287 1334 397 1361 tandem
424 1334 572 1368 persuadet
596 1338 627 1360 ut
649 1332 703 1360 sibi
731 1332 813 1360 liceat
836 1332 926 1360 facere
943 1331 1018 1367 quod

227 1380 321 1408 vellet.

267 1427 299 1455 ν,
314 1427 411 1461 Magno
427 1426 520 1460 itaque
535 1426 628 1454 studio
641 1426 716 1454 venit
732 1427 759 1454 in
776 1426 909 1461 templum
923 1434 1018 1454 sacro-

229 1481 290 1500 rum
308 1473 516 1507 Apostolorum.
529 1472 558 1499 In
571 1480 627 1507 quo
641 1480 704 1500 cum
722 1472 830 1505 fuisset,
843 1481 892 1500 eos
903 1480 1020 1507 precans

229 1517 379 1549 intensius,
397 1517 509 1552 petebat
526 1521 556 1544 ut
571 1517 621 1544 sibi
638 1517 707 1544 nihil
721 1523 794 1545 esset
808 1518 1016 1552 impedimento,

1064 272 1140 302 κίαν,
1158 272 1188 297 οὐ
1209 272 1295 298 πλείω
1310 272 1364 298 τῶν
1380 272 1468 299 εἴκοσι
1488 272 1557 307 πρὸς
1571 273 1629 303 τοῖς
1644 273 1725 298 πέντε
1743 273 1848 308 χρόνοις

1060 319 1206 353 γενομένη.

1096 412 1133 438 Δ’.
1143 411 1245 437 Ἑδεῖτο
1260 409 1336 444 γοῦν,
1352 410 1447 444 ὥσπερ
1462 410 1582 445 εἴρηται,
1598 410 1652 436 τῶν
1671 409 1704 436 ἐκ
1719 410 1768 444 τῆς
1784 419 1845 445 ταρ-

1061 459 1108 490 κδς
1131 458 1271 493 ὀχλήσεσιν
1291 457 1432 490 ἀνεθῆναι,
1460 457 1504 483 ῐνα
1527 457 1574 483 καὶ
1603 456 1650 482 τοῦ
1669 456 1765 490 ἀνόρὺς
1784 458 1846 484 ᾱνὲυ

1062 505 1112 539 ζῇν
1128 505 1265 539 δυναμένη
1283 504 1425 538 σχολάζειν
1445 503 1608 537 ἐλευθερίως
1625 504 1674 539 ἔχῃ
1693 503 1750 534 τοῖς
1768 512 1847 529 πνευ-

1064 551 1190 585 ματικοῖς
1217 558 1248 576 τε
1275 551 1322 576 καὶ
1350 549 1507 584 θειοτέροις.
1527 549 1558 575 'H
1582 549 1609 576 ὂὶ
1631 549 1700 583 πρὸς
1718 549 1754 575 τὰ
1777 549 1849 575 καλὰ

1062 597 1165 632 ταύτην
1191 597 1378 632 ὀιερεθίζουσα
1404 596 1522 630 Εὐγενὶα
1546 605 1588 626 τις
1605 594 1650 631 ἧν,
1678 595 1848 630 φερωνύμως

1063 643 1234 677 ὑπάρχουσα,
1261 643 1310 677 μία
1326 651 1355 669 τε
1370 643 1423 668 τῶν
1451 644 1480 669 ὲν
1494 644 1554 673 ταῖς
1570 642 1718 677 παννύχοις
1735 642 1848 668 στάσεσι

1063 688 1111 714 καὶ
1126 688 1264 720 ἐντεύξεσι
1280 687 1326 713 τὸν
1341 687 1430 714 πάντα
1445 687 1501 722 βίον
1517 684 1766 713 καταναλίσκουσα·
1780 686 1848 720 πρὸς

1063 735 1097 770 ἢν
1110 735 1190 770 ἡριζε
1210 735 1256 761 καὶ
1277 734 1345 768 αὕτη
1363 734 1413 769 τὴν
1430 734 1536 768 ἀγαθὴν
1553 733 1610 768 ἔριν
1626 733 1677 767 τῆς
1693 733 1847 767 ἀσκήσεως,

1063 782 1098 808 τὰ
1116 781 1170 807 τῶν
1192 781 1319 815 ἀσκητῶν
1341 780 1492 814 φιλοπόνως
1511 779 1717 814 γυμναζομένη.
1737 779 1850 810 Τούτοις

1063 829 1126 854 ὅσαι
1140 828 1242 862 ἡμέραι
1260 828 1458 862 πραττομένοις
1479 827 1494 852 ὁ
1515 826 1678 861 Δομετιανὸς
1700 826 1850 859 ἀχθόμενος

1064 873 1108 910 ἦν,
1122 875 1168 900 καὶ
1184 875 1224 906 εἰς
1237 874 1354 905 ἀτόπους
1366 874 1470 905 ἑννοίας
1481 873 1635 905 ἐξέπιπτεν,
1652 872 1702 898 οὐκ
1717 873 1762 897 ἐπὶ
1775 871 1851 906 καλῷ

1065 921 1154 955 λέγων
1168 921 1199 946 τὸ
1213 921 1263 953 τῆς
1275 921 1388 954 προόδου
1404 919 1529 953 γίνεσθαι
1546 919 1668 953 συνεχὲς,
1689 919 1757 945 ἀλλὰ
1780 919 1853 945 κατὰ

1065 975 1126 994 τινα
1154 965 1268 1000 γνώμην
1283 967 1322 997 εἰς
1342 966 1446 999 φαύλας
1475 965 1618 1000 χωροῦσαν
1644 965 1801 998 ἐπιθυμίας,
1821 965 1853 991 τὸ

1065 1013 1113 1039 ἀπ’
1135 1012 1240 1038 ἐκείνου
1262 1020 1291 1037 τε
1309 1013 1399 1037 πᾶσαν
1423 1011 1546 1046 φυλακὴν
1569 1012 1698 1044 ἐποιεῖτο,
1717 1010 1784 1045 μηδὲ
1804 1011 1851 1036 τοῦ

1065 1058 1204 1093 δωματίου
1223 1058 1327 1092 ταύτην
1346 1056 1516 1092 προκύπτειν
1532 1057 1584 1083 ὲῶν
1595 1065 1602 1073 ’
1627 1056 1702 1090 ἀγών
1719 1065 1748 1083 τε
1765 1058 1854 1091 ἀμφο-

1066 1103 1158 1138 τέροις
1183 1102 1342 1134 καθίστατο,
1365 1102 1404 1137 τῷ
1430 1102 1480 1136 μὲν
1505 1102 1543 1136 μὴ
1560 1101 1669 1135 ἀφιέναι
1693 1101 1796 1136 ταύτην
1818 1102 1853 1128 τὰ

1068 1150 1172 1184 συνήθη
1192 1150 1291 1180 ποιεῖν,
1310 1150 1343 1183 τῇ
1361 1149 1389 1175 δὲ
1406 1148 1462 1175 τῶν
1479 1148 1562 1183 ιερῶν
1576 1148 1712 1180 συνάξεων
1735 1148 1770 1183 μὴ
1785 1150 1853 1175 ἀπο-

1067 1194 1264 1229 λιμπάνεσθαι.
1286 1195 1367 1221 Ἀλλὰ
1381 1194 1435 1230 γὰρ
1450 1194 1616 1221 ἀπειθοῦντα
1631 1194 1726 1221 τοῦτον
1744 1194 1791 1228 ὀψὲ
1807 1194 1854 1220 καὶ

1070 1240 1148 1276 μόλις
1163 1241 1224 1267 λίαν
1247 1242 1396 1276 ἐγκειμένη
1420 1243 1480 1273 ταῖς
1508 1242 1696 1277 παρακλήσεσι
1720 1240 1853 1275 λαμϐάνει

1069 1287 1222 1323 καταπειθῆ
1237 1288 1369 1323 πράττειν
1385 1287 1400 1314 ὃ
1414 1296 1441 1314 τι
1463 1288 1510 1314 καὶ
1528 1288 1660 1322 βούλοιτο.

1107 1423 1143 1450 Ε’.
1160 1423 1266 1458 Σηυόῇ
1281 1423 1372 1450 τοίνυν
1385 1423 1432 1450 τδν
1444 1423 1498 1450 τῶν
1511 1423 1593 1458 ἱερῶν
1611 1423 1786 1450 Ἀποστόλων
1801 1433 1852 1451 κα-

1070 1470 1242 1505 ταλαμϐάνει
1257 1470 1331 1502 ναὸν,
1345 1470 1387 1504 ἐφ’
1399 1466 1430 1497 οὗ
1441 1471 1576 1505 γενομένη
1590 1470 1638 1497 καὶ
1653 1470 1855 1505 συντονωτέραν

1071 1517 1218 1552 ποιουμένη
1237 1516 1286 1552 τὴν
1305 1516 1399 1551 δέησιν
1417 1516 1508 1549 ἐζήτει
1533 1515 1614 1551 μηδὲν
1641 1516 1768 1550 ἐμποδὼν
1783 1517 1855 1552 αὐτῇ

226 1573 284 1600 quo
299 1565 390 1592 minus
407 1565 512 1600 fugeret
525 1565 670 1599 mundum,
685 1566 731 1594 sed
746 1574 806 1594 cam
820 1573 930 1601 quoque
939 1565 1016 1593 Chri-

1070 1563 1196 1598 γενέσοαι
1215 1563 1283 1598 πρὸς
1309 1562 1361 1598 τὴν
1385 1563 1438 1589 ἀπὸ
1464 1563 1512 1589 τοῦ
1541 1563 1645 1598 κόσμου
1670 1562 1770 1596 φυγὴν,
1787 1562 1856 1589 ἀλλὰ

228 1617 273 1639 sto
290 1612 422 1640 oﬂerrent
437 1620 500 1640 cum
520 1619 554 1639 eo
578 1616 664 1645 metu,
680 1613 727 1647 qui
752 1613 808 1647 jam
827 1615 863 1640 ab
882 1612 921 1640 eis
940 1612 1018 1647 prius

228 1658 252 1685 ci
270 1657 322 1685 fuit
337 1658 456 1685 oblatus.
480 1658 548 1685 Cum
572 1666 604 1685 ea
623 1658 664 1685 sic
682 1663 755 1686 esset
778 1663 899 1692 precata.
918 1662 947 1685 et
961 1659 1017 1693 jam

228 1704 407 1731 adventassat
421 1711 547 1738 vespera,
570 1710 598 1731 et
613 1704 662 1738 qui
688 1703 715 1730 id
729 1704 861 1738 tetnplum
880 1703 1019 1732 custodie—

231 1749 296 1776 bant
310 1749 443 1784 juberent
462 1757 558 1776 omnes
571 1749 678 1784 egredi,
702 1749 761 1783 ipsa
775 1756 837 1776 cum
854 1749 882 1776 in
898 1749 1018 1783 quodam

231 1795 339 1829 porticu
359 1803 394 1821 ex
413 1794 448 1821 iis
464 1795 510 1828 qui
529 1794 584 1821 illic
607 1798 699 1826 erant,
716 1794 847 1822 Sosanna:
864 1795 1018 1830 cujusdam,

230 1840 254 1866 ci
269 1840 325 1874 jam
339 1840 404 1866 olim
420 1839 571 1872 familiaris,
587 1839 736 1867 invenisset
752 1839 947 1872 habitaculum,
959 1847 1020 1875 quae

231 1886 265 1913 ab
287 1886 399 1913 ineunte
414 1890 495 1913 aetate
521 1886 711 1920 virginitatem
731 1893 897 1915 conservare
916 1887 1021 1914 consti—

232 1937 332 1962 tuerat,
348 1935 376 1958 et
395 1940 428 1958 ex
454 1932 510 1959 Deo
530 1932 616 1959 vitam
637 1939 729 1967 agere,
743 1939 804 1959 cum
820 1940 853 1959 ea
871 1937 955 1959 totam
971 1940 1021 1960 no-

230 1983 303 2006 ctem
331 1978 449 2013 peragit.
474 1979 521 2006 Die
543 1987 608 2006 vero
635 1979 690 2014 jam
716 1984 876 2013 apparente.
898 1979 1020 2007 Matrona

231 2024 348 2052 ventitat
363 2025 396 2053 ad
415 2025 572 2059 magistram
590 2025 753 2058 Eugeniam.
771 2024 805 2051 de
820 2025 903 2053 rebus
919 2031 1022 2061 propo-

231 2071 293 2099 sitis
310 2078 374 2099 cum
394 2078 428 2098 ea
455 2071 703 2100 communicatum.
727 2071 796 2098 Cum
812 2075 905 2101 autem
932 2071 1021 2099 multa

234 2117 306 2145 ultro
320 2117 446 2152 citroque
464 2117 536 2144 dicta
553 2122 656 2150 essent,
685 2117 814 2152 magistra
833 2117 942 2145 dicebat
968 2117 1021 2145 hoc

231 2168 295 2191 ante
312 2164 365 2191 alia
375 2171 436 2191 esse
451 2163 694 2196 considerandum,
705 2163 843 2198 quomodo
852 2171 883 2191 se
893 2164 1022 2191 habitura

1070 1609 1180 1644 Χριστῷ
1194 1610 1242 1636 καὶ
1255 1608 1359 1644 ταύτην
1375 1609 1569 1643 προσενεγκεῖν
1583 1609 1653 1642 μετὰ
1667 1608 1715 1635 τοῦ
1727 1609 1777 1643 ήδη
1789 1609 1857 1643 1:96-

1069 1664 1149 1691 τερον
1174 1655 1220 1682 ὐπ’
1235 1655 1328 1682 αὐτῶν
1351 1654 1580 1689 προσενεχθέντος
1597 1654 1789 1689 πληρώματος.
1806 1654 1856 1681 Οὗ-

1069 1710 1124 1733 τως
1149 1702 1234 1736 αὐτῆς
1257 1702 1410 1737 δεηθείσης.
1429 1701 1550 1736 ἑσπέρας
1571 1701 1621 1736 ήδη
1647 1700 1857 1734 καταλαὸοὑαης

1070 1749 1118 1775 καὶ
1133 1747 1187 1774 τῶν
1201 1748 1252 1782 τὴν
1275 1747 1398 1782 φυλακὴν
1418 1747 1466 1773 τοῦ
1481 1747 1546 1773 ναοῦ
1571 1747 1741 1778 ποιουμένων
1755 1746 1856 1778 ἐξιέναι

1070 1794 1177 1824 πάντας
1190 1793 1436 1828 διακελευομένων,
1453 1792 1522 1827 αὕτη
1547 1792 1593 1819 ἐπί
1613 1798 1674 1819 τινα
1690 1791 1745 1819 τῶν
1767 1792 1856 1826 ἐκεῖσε

1072 1840 1158 1867 στοῶν
1189 1839 1333 1875 Σωσάννης
1357 1841 1429 1871 τινὸς
1454 1839 1543 1867 πάλαι
1573 1839 1705 1874 συνήθους
1737 1839 1857 1874 εὑροῦσα

1072 1885 1238 1921 καταγωγὴν
1249 1886 1309 1921 ἣτις
1323 1887 1354 1912 ἐκ
1376 1887 1477 1920 νεαρᾶς
1493 1886 1532 1913 ἔτι
1551 1886 1602 1920 τῆς
1617 1886 1725 1920 ἡλικίας
1741 1886 1772 1913 τὸ
1787 1895 1858 1920 παρ-

1072 1932 1194 1959 Θενεύειν
1209 1931 1276 1965 ὁμοῦ
1292 1933 1340 1958 καὶ
1353 1931 1403 1967 τὴν
1424 1932 1495 1958 κατὰ
1517 1932 1586 1958 Θεὸν
1603 1932 1739 1959 πολιτείαν
1761 1932 1858 1967 προεισ-

1071 1979 1143 2012 λετο,
1161 1980 1209 2006 σὺν
1225 1979 1293 2014 αὐτῇ
1309 1979 1360 2014 τὴν
1377 1978 1462 2005 νύκτα
1479 1980 1570 2005 πᾶσαν
1589 1979 1716 2005 διατελεῖ.
1735 1979 1857 2014 Ἡμέρας

1071 2025 1120 2053 οὖν
1145 2026 1196 2061 ἤδη
1227 2025 1423 2059 διαφαινούσης
1443 2025 1458 2060 ἡ
1476 2024 1612 2058 Ματρώνα
1629 2024 1698 2060 πρὸς
1711 2025 1763 2058 τὴν
1784 2025 1858 2051 διδά-

1073 2071 1172 2098 σκαλον
1186 2071 1321 2105 Εὐγενίαν
1335 2071 1415 2105 φοιτᾷ
1431 2069 1497 2104 περὶ
1511 2069 1564 2096 τῶν
1584 2070 1774 2105 προκειμένων
1787 2070 1855 2103 αὐτῇ

1072 2117 1313 2151 κοινολογουμένη.
1340 2116 1488 2152 Ῥηθέντων
1511 2116 1540 2143 δὲ
1567 2117 1655 2150 λόγων
1681 2116 1786 2143 πολλῶν
1811 2116 1856 2149 ἐφ’

1072 2163 1192 2198 ικάτερα
1219 2162 1358 2198 φερόντων
1377 2163 1393 2197 ή
1416 2161 1587 2194 διδάσκαλος,
1615 2162 1701 2189 τοῦτο
1727 2163 1781 2197 πρὸ
1802 2163 1856 2189 τῶν

232 2213 306 2237 esset
325 2209 380 2237 lilia
399 2209 552 2237 Theodote.
578 2208 703 2237 Matrona
718 2213 823 2242 autem,
838 2217 900 2244 qua
913 2209 1016 2237 nullam

1071 2209 1171 2242 ἄλλων,
1189 2209 1252 2244 ἔφη.
1265 2209 1429 2236 σκοπεῖσθαι
1447 2208 1496 2240 δεῖ,
1518 2208 1577 2239 πῶς
1596 2208 1630 2234 τὰ
1646 2209 1711 2244 περὶ
1727 2209 1777 2243 τῆς
1793 2217 1857 2236 παι·

233 2257 318 2284 alium
335 2263 450 2291 scopum
477 2255 530 2283 sibi
562 2255 733 2290 proponebat
759 2260 857 2289 praeter
872 2255 970 2289 Deum,
992 2259 1020 2283 et

235 2309 348 2330 omnem
360 2302 441 2329 aliam
450 2301 604 2336 negligebat
612 2300 824 2328 sollicitudinem
837 2309 843 2328 :
854 2300 906 2334 Ile,
919 2301 1019 2334 inquit,

232 2347 350 2383 accipiat
374 2347 495 2374 solitaria
518 2348 575 2375 vita
603 2350 631 2374 et
656 2346 828 2374 monastica:
860 2346 1020 2375 Theodoten

232 2397 324 2419 autem
342 2391 472 2419 Sosannaa
488 2395 514 2419 et
534 2391 590 2419 Deo
611 2391 690 2419 trado
704 2399 712 2417 :
735 2395 763 2419 et
779 2391 814 2418 de
831 2399 863 2418 ea
875 2391 932 2426 jam
944 2393 1020 2420 omni

231 2445 298 2465 cura
314 2437 429 2465 liberor.
440 2437 530 2466 Verba
550 2444 595 2464 res
612 2436 670 2472 ipsa
693 2444 803 2473 quoque
818 2444 880 2464 mox
896 2441 939 2466 est
952 2445 1020 2465 con-

232 2487 338 2513 scema.

266 2569 309 2598 Vl.
329 2569 438 2597 Rursus
449 2573 540 2596 autem
557 2569 695 2604 quomodo
712 2574 839 2605 oporteat
851 2571 963 2599 silentio
981 2573 1021 2600 vi-

232 2622 307 2648 vere,
324 2619 352 2642 et
369 2615 425 2642 Deo
440 2615 550 2650 placere
562 2622 687 2649 quaerens
700 2615 834 2648 Matrona,
848 2624 897 2652 per
909 2617 1022 2645 eviden-

233 2665 288 2688 tem
312 2661 340 2688 in
365 2661 470 2688 somnis
492 2660 626 2688 visionem
655 2661 798 2689 docetura
819 2662 943 2690 Domino.
959 2663 1022 2691 Fuit

232 2712 325 2734 autem
345 2707 403 2734 haec
418 2707 489 2735 visio
515 2707 700 2735 admirabilis.
716 2707 867 2736 Videbatur
887 2709 961 2736 enim
980 2710 1022 2737 vir

233 2754 346 2787 quidam
361 2762 421 2782 eam
442 2755 580 2795 persequi,
597 2754 655 2790 ipsa
673 2759 765 2784 autem
780 2756 897 2791 fugiens,
915 2761 1022 2784 servata

235 2806 296 2826 esse
317 2807 333 2826 a
353 2800 517 2835 quibusdam
539 2802 691 2834 monachis,
710 2802 782 2837 quod
811 2802 921 2836 quidem
942 2803 966 2830 ei
982 2803 1021 2830 si-

235 2845 393 2879 gniﬁcabat,
406 2847 478 2881 quod
493 2848 519 2874 in
537 2849 704 2876 monasterio
723 2852 862 2882 oporteret
879 2855 938 2875 eam
956 2855 1020 2884 sus;

237 2890 332 2925 cipere
360 2892 444 2920 vitam
482 2893 604 2921 virorum
635 2894 843 2922 monachorum.
869 2894 913 2922 Sic
949 2895 1023 2922 enim

1074 2257 1118 2290 δὸς
1133 2256 1266 2292 Θεοδότης
1283 2254 1404 2290 διατιθῇ.
1427 2255 1458 2281 'H
1485 2255 1620 2290 Ματρώνα
1636 2255 1665 2282 δὲ
1685 2256 1766 2288 μόνου
1780 2263 1858 2289 γενο-
1894 2245 1898 2247 ⁸

1075 2302 1144 2338 μάνη
1156 2302 1203 2329 τοῦ
1219 2301 1291 2328 κατὰ
1308 2301 1375 2327 Θεὸν
1393 2300 1496 2327 σκοποῦ
1514 2301 1561 2327 καὶ
1574 2299 1664 2335 πάσης
1678 2300 1762 2334 ᾶλλης
1777 2308 1859 2335 φρονο

1074 2349 1146 2380 τίδος
1176 2346 1407 2382 καταφρονοῦσα,
1443 2346 1526 2381 Ἐμὲ,
1553 2343 1648 2378 εἶπεν,
1670 2347 1685 2373 ὁ
1707 2346 1858 2379 ἀσκητικδς

1075 2395 1122 2422 καὶ
1149 2394 1316 2430 μονότροπος
1339 2392 1502 2426 λαμϐανέτω
1520 2392 1592 2427 βίος·
1607 2392 1739 2426 Θεοδότην
1756 2393 1784 2419 δὲ
1799 2393 1858 2419 Σω-

1075 2442 1159 2476 σάννῃ
1174 2439 1222 2466 καὶ
1236 2437 1295 2473 Θεῷ
1324 2436 1507 2471 παραδίδωμι,
1532 2437 1578 2463 καὶ
1602 2437 1652 2472 τῆς
1678 2439 1743 2473 περὶ
1769 2437 1858 2471 αὐτῆς

1075 2486 1125 2521 ἤδη
1152 2483 1293 2519 φροντίδος
1308 2482 1419 2518 λύομαι.
1445 2482 1544 2509 Εἵπετο
1567 2483 1624 2514 τοῖς
1645 2483 1734 2516 λόγοις
1757 2483 1806 2509 καὶ
1827 2482 1859 2509 τὸ

1074 2531 1154 2566 ἔργον
1166 2529 1257 2561 εὐθύς.

1111 2575 1157 2610 q’.
1174 2575 1258 2607 Δῦοις
1270 2574 1298 2602 δὲ
1314 2577 1379 2610 περὶ
1391 2574 1439 2601 τοῦ
1456 2575 1514 2606 πῶς
1526 2575 1566 2602 δεῖ
1584 2575 1646 2602 καθ’
1665 2575 1779 2610 ἡσυχίαν
1794 2574 1859 2610 βιῶ-

1076 2631 1119 2650 ναι
1134 2622 1181 2648 καὶ
1197 2621 1380 2656 εὐαρεστῆσαι
1395 2621 1455 2655 Θεῷ
1469 2621 1486 2656 ἡ
1510 2621 1649 2656 Ματρὼνα
1664 2620 1784 2655 ζητοῦσα
1805 2630 1859 2656 μα-

1076 2668 1131 2695 θεῖν
1142 2668 1187 2694 se
1197 2667 1246 2702 τῆς
1259 2667 1329 2694 κατὰ
1345 2668 1409 2698 τοὺς
1420 2666 1522 2698 ὕπνους
1536 2666 1670 2702 ἐναργοῦς
1683 2667 1771 2701 Wet»;
1783 2666 1861 2701 παρὰ

1076 2713 1179 2748 Κυρίου
1196 2711 1362 2739 διδάσκεται.
1377 2711 1430 2737 Καὶ
1447 2711 1464 2746 ἡ
1476 2711 1572 2746 ὅρασις
1585 2711 1675 2738 τοιάδε
1695 2711 1741 2737 καὶ
1754 2710 1862 2744 θαυμα-

1077 2759 1137 2793 στή.
1161 2757 1265 2784 Ἐδόκει
1282 2757 1335 2792 γὰρ
1350 2757 1395 2783 τὸν
1410 2757 1494 2792 ἄνδρα
1508 2756 1640 2784 διώκοντα
1656 2757 1717 2792 μὲν.
1733 2756 1819 2790 αὐτὴν
1831 2756 1861 2782 δι

1076 2801 1212 2836 φεύγοντα
1225 2801 1278 2828 ὑπό
1293 2810 1373 2828 τινων
1388 2801 1524 2828 σεσῶσθαι
1537 2801 1673 2836 μοναχᾶιν,
1686 2802 1754 2837 ὅπερ
1770 2801 1862 2827 συνιέο

1078 2858 1121 2875 ναι
1137 2847 1222 2875 ἐδίδου
1244 2847 1281 2879 ὡς
1297 2848 1325 2874 ὲν
1347 2849 1549 2884 φροντιστηρίῳ
1572 2848 1633 2874 δέον
1655 2848 1740 2883 αὐτὴν
1756 2846 1862 2881 ἀνδρῶν

1080 2894 1126 2921 τὸν
1141 2893 1194 2920 τῶν
1213 2892 1337 2928 μοναχῶν
1360 2893 1415 2928 βίον
1437 2893 1575 2920 ὑπελθεῖν.
1601 2892 1679 2920 οὕτω
1694 2894 1747 2927 γὰρ
1767 2891 1800 2918 ἂν
1814 2891 1863 2917 καὶ
