2056 3151
183 166 236 198 925

813 174 902 205 VlTA
920 173 950 203 S.
972 173 1000 203 Μ
1011 173 1176 207 λΤΙὶοΝιΒ.

1753 181 1810 214 926

182 225 221 259 τῷ
239 226 353 262 συνοίκῳ
373 228 490 260 καὶτοῖς
509 229 599 260 ἄλλοις
616 230 696 257 ἔσται
716 230 900 266 ὰγνοουμένη.
918 230 963 257 Ἐν

1016 231 1086 262 fore.
1107 236 1180 260 utet
1196 234 1296 262 marito
1314 239 1343 262 et
1356 235 1417 264 aliis
1435 235 1471 264 sit
1490 236 1594 271 ignota.
1612 237 1683 265 Cum
1697 245 1728 266 se
1739 245 1808 273 ergo

182 271 241 306 χρῷ
253 269 299 299 οὖν
311 274 461 309 κειραμένη
478 275 525 303 καὶ
538 275 579 306 είς
600 276 726 311 εὐνοῦχον
742 277 843 311 ἑαυτὴν
859 285 967 312 σχημα-

183 318 296 349 τίσασα,
317 319 400 347 πάλιν
415 322 455 352 είς
471 321 516 348 τὸν
534 322 651 357 ρηθέντα
667 323 774 358 σύναμα
795 324 828 358 τῇ
849 324 969 359 Εὐγενίᾳ

183 363 238 388 τῶν
251 363 330 390 θείων
339 365 365 391 Ἀ
371 366 508 394 ποστόλων
520 363 571 402 ἧκε
585 367 660 398 ναὸν,
670 367 786 403 δήλωσιν
795 377 824 395 τε
836 368 890 396 τῶν
899 370 969 403 ἀφα-

184 408 238 435 νῶν
262 410 293 435 ὲκ
310 411 363 438 τῶν
378 411 522 447 θειοτέρων
545 412 695 449 βουλομένη
716 415 822 448 μαθεῖν,
842 415 873 442 τδ
895 416 968 451 ἱερὸν

184 454 380 489 ὑπανοίγνυσιν
395 457 571 491 Εὐαγγέλιον,
588 461 636 488 καὶ
649 460 761 494 τοιούτῳ
776 461 857 492 εὐθὺς
871 462 968 495 ἐντυγ-

182 500 258 534 χάνει
281 502 358 536 ῥητῷ
375 510 383 517 ·
407 512 416 528 ε
449 504 543 536 Ὅστις
575 505 647 532 θέλει
677 506 766 533 ὀπίσω
795 515 846 541 μου
867 507 965 539 ἐλθεῖν.

183 546 390 583 ἀπαρνησάσθω
404 549 510 584 ἑαυτὸν,
527 551 572 577 καὶ
585 551 678 584 ἀράτω
687 552 732 579 τὸν
746 553 863 587 σταυρὸν
871 554 965 586 αὑτοῦ,

183 592 231 619 καὶ
250 593 431 621 ἀκολουθείτω
445 603 501 630 μοι.
519 605 528 619 ι
541 596 680 623 Ἐντεῦθεν
695 598 882 625 ἀνενδοίαστον
897 599 967 632 γνῶ-

183 645 225 664 σιν
241 638 355 673 σχοῦσαι
368 640 422 666 τῶν
437 641 611 675 ἀρεσκόντων
629 642 667 677 τῷ
682 642 751 677 Θεῷ,
768 644 815 670 καὶ
831 644 918 679 τούτῳ
932 645 966 672 τὰ

181 683 244 710 καθ’
270 686 371 717 ἑαυτὰς
400 687 581 721 ἀναθέμεναι,
613 689 659 716 καὶ
688 690 742 716 τῶν
768 692 967 726 πραττομένων

181 729 253 763 ἕξειν
277 732 358 758 αὑτὸν
375 733 547 768 συλλήπτορα
568 735 801 771 προσδοκήσασαι,
820 738 867 764 ἀπ’
887 738 967 772 ἀλλή-

182 775 235 801 λων
250 775 448 811 διεχωρίζοντο.
467 779 498 805 Ἡ
523 779 662 815 Ματρώνα
680 782 782 816 μέντοε,
794 782 830 813 di;
844 782 964 817 εἴρηται,

180 821 227 847 τὸν
242 822 369 857 εὐνοῦχον
392 825 610 859 προσποιηθεῖσα
640 826 688 852 καὶ
711 826 835 853 Βαϐύλαν
865 827 965 862 ἑαυτὴν

180 867 348 901 ὀνομάσασα,
375 869 414 904 τῷ
437 870 483 896 τοῦ
519 870 594 898 ὁσίου
626 872 762 899 Βασιανοῦ
794 874 964 906 παραϐάλλει

180 913 308 947 σεμνείῳ,
327 916 375 942 καὶ
392 916 467 949 παρὰ
484 915 539 941 τῶν
565 917 691 952 μοναχῶν
708 917 877 953 είσδεχθεῖσα
897 919 964 953 πρὸς

178 957 288 991 ἀγῶνας
314 961 519 994 πνευματικοὺς
536 962 623 992 εὐθὺς
643 962 786 995 ἀπεδύετο,
808 963 858 990 οὐκ
879 963 966 999 ὠχρό-

178 1010 240 1038 τητι
254 1004 342 1036 ὂψεως
357 1005 504 1040 προσώπου
522 1015 550 1033 τε
577 1009 788 1044 σκυθρωπότητι
812 1010 862 1045 τὴν
888 1011 967 1038 εὐλά-

178 1048 255 1075 ϐειαν
268 1050 483 1086 ὐποκρινομένη.
504 1052 573 1079 ἀλλὰ
589 1054 709 1089 γνησίως
725 1055 827 1090 μᾶλλον
841 1058 887 1082 καὶ
897 1057 966 1091 ἀλη-

178 1094 232 1126 θῶς
245 1095 295 1130 τὴν
306 1096 409 1131 ἀρετὴν
428 1098 561 1131 μετιοῦσα
584 1101 632 1126 καὶ
648 1102 729 1128 παντὶ
752 1103 847 1138 τρόπῳ
868 1102 966 1129 λανθά-

178 1149 234 1167 νειν
250 1143 452 1175 σπουδάζουσα,
465 1143 502 1175 ὡς
517 1146 545 1171 ὲν
565 1145 648 1181 ὀλίγῳ
671 1147 739 1180 πρὸς
759 1149 899 1184 ἀκρότητα
918 1149 964 1176 τοῦ

178 1188 250 1214 κατὰ
263 1187 331 1214 Θεὸν
351 1188 493 1223 ὑψωθῆναι
518 1191 587 1225 βίου,
614 1194 661 1219 καὶ
681 1192 725 1220 διὰ
741 1194 881 1230 θαύματος
899 1196 965 1222 πᾶσι

179 1230 372 1266 καθίστασθαι,
396 1235 493 1270 ὅτιπερ
507 1236 578 1272 ἀνὴρ
601 1237 650 1273 τὴν
667 1239 727 1264 κατ’
742 1240 869 1276 εὐνοῦχον
886 1241 966 1268 ἀσθέ-

179 1286 254 1304 νειαν
286 1281 482 1314 περικείμενος
505 1281 577 1309 οὕτω
599 1283 777 1320 διακαρτερεϊ
806 1288 874 1321 πρὸς
901 1288 965 1318 τοὺς

178 1324 288 1355 πόνους,
316 1326 364 1352 καὶ
393 1328 456 1358 τοὺς
483 1330 620 1364 μοναχοὺς
643 1330 766 1362 ἅπαντας
784 1333 965 1367 παρελαύνειν

177 1370 338 1405 φιλονεικεῖ,
366 1372 412 1398 τοῦ
437 1373 554 1409 θυμικοῦ
575 1384 604 1402 τε
628 1377 760 1409 γενναίως
784 1380 893 1413 κρατῶν
917 1381 965 1406 καὶ

174 1417 256 1452 δόξης
276 1418 313 1450 ὡς
336 1420 455 1454 ματαίας
470 1423 662 1456 καταφρονῶν,
683 1424 807 1459 ὑπακοῆς
825 1435 854 1452 τε
874 1426 964 1462 πάσης

177 1464 248 1490 κατὰ
263 1464 364 1501 πολλὴν
383 1469 619 1504 μετριοφροσύνην
638 1472 845 1506 περιεχόμενος.

212 1509 250 1536 Ζ’.
272 1510 381 1545 Ἀμέλει
407 1514 454 1538 καὶ
474 1513 632 1547 βασκαίνειν
649 1516 698 1551 μὲν
718 1518 767 1543 οὐκ
783 1516 857 1553 εἶχον
875 1520 942 1556 αὐτῇ
955 1527 961 1535 ·

1020 277 1056 304 ad
1083 282 1177 305 cutem
1192 286 1281 314 usque
1296 281 1474 314 totondisset,
1492 287 1523 310 et-
1540 283 1807 311 eunuchinath

1020 323 1169 356 induisset,
1196 333 1293 353 rursus
1318 327 1393 354 venit
1418 335 1481 354 cum
1505 328 1627 363 Eugenio
1649 329 1677 356 ia
1700 329 1805 357 dictum

1021 370 1154 404 templum
1167 370 1326 399 divinorum
1339 372 1547 406 Apostolorum,
1558 378 1586 400 et
1600 374 1696 402 volens
1707 375 1807 403 obscu-

1019 423 1113 443 rorum
1125 417 1197 444 scire
1208 417 1438 451 signiﬁcationem
1447 425 1480 446 ex
1492 418 1689 451 divinioribus,
1698 427 1806 447 sacrum

1020 462 1110 495 aperit
1129 462 1320 497 Erangelium,
1337 469 1366 492 et
1381 464 1512 499 protinus
1527 465 1630 492 incidit
1643 466 1672 492 in
1695 467 1749 493 tale
1763 467 1807 494 di-

1019 512 1116 535 ctum:
1136 518 1145 534 ι
1168 509 1332 545 Quicunque
1361 511 1421 539 vult
1457 516 1520 546 post
1551 519 1595 539 nte
1617 512 1713 539 venire
1728 513 1809 540 abne-

1019 558 1065 588 get
1097 555 1233 590 seipsum,
1263 561 1296 587 et,
1307 557 1384 584 tollat
1403 565 1514 585 crucem
1529 565 1618 591 suam,
1631 563 1659 585 ot
1674 563 1808 593 sequatur

1018 598 1093 625 mc‘.
1112 608 1121 623 ι
1141 599 1210 627 llinc
1225 608 1320 628 eorum
1339 609 1399 636 qua:
1413 602 1471 630 Deo
1488 602 1610 637 placeat,
1622 603 1808 632 indubitatam

1018 643 1153 672 habentes
1168 646 1367 682 cognitionem,
1389 656 1451 676 cum
1466 656 1515 676 sua
1530 649 1555 677 ei
1568 649 1758 682 destituissent,
1780 655 1809 678 et

1018 695 1176 722 sperassent
1190 698 1220 718 se
1236 699 1300 718 eum
1314 692 1458 721 habituras
1469 693 1624 727 adiutorem
1635 702 1734 723 eorum
1747 703 1809 730 quia

1018 734 1130 767 ﬂebant,
1148 743 1162 762 a
1178 744 1207 763 se
1230 737 1348 764 invicem
1366 744 1542 773 separantur.
1560 740 1685 767 Matrona
1704 744 1808 773 autem,

1018 787 1092 809 cum,
1106 783 1135 806 ut
1149 780 1253 808 dictum
1267 786 1320 813 est,
1334 790 1363 810 se
1383 790 1443 810 esse
1465 784 1625 811 eunuchum
1640 785 1807 818 simulasset,

1017 829 1045 851 ct
1060 824 1189 860 Babylam
1205 827 1323 861 seipsam
1336 828 1518 862 nominasset.
1530 829 1566 857 ad
1580 829 1669 858 sancti
1684 830 1806 858 Bassiani

1018 870 1124 898 accedit
1139 873 1337 900 monasterium
1351 882 1358 900 :
1373 878 1400 901 et
1414 880 1526 909 accepta
1541 883 1556 903 a
1573 876 1729 909 monachis,
1745 884 1809 911 pre-

1019 917 1092 942 tinus
1105 916 1139 943 ad
1159 919 1312 946 certamina
1332 927 1362 946 se
1390 921 1497 955 paravit
1513 921 1661 955 spiritalia,
1678 929 1732 950 nos
1749 924 1810 957 pal-

1018 960 1075 989 lore
1092 962 1196 1000 vnltus,
1207 971 1259 995 nec
1274 965 1388 992 tristitia
1403 965 1494 997 faciei,
1511 966 1558 994 sed
1571 974 1704 1001 germane
1715 968 1809 1002 potius

1017 1012 1045 1035 et
1058 1016 1121 1036 vere
1136 1009 1267 1037 virtutem
1283 1018 1427 1043 exercens,
1439 1016 1467 1039 et
1482 1012 1612 1040 omnibus
1640 1013 1731 1041 modis
1749 1018 1811 1041 stu-

1018 1053 1086 1080 dens
1111 1055 1208 1087 latere,
1236 1061 1266 1084 ut
1282 1057 1482 1091 propemodum
1508 1063 1639 1093 provecta
1656 1059 1743 1087 fuerit
1772 1060 1807 1087 ad

1017 1107 1154 1128 summum
1174 1101 1246 1135 vim,
1264 1110 1324 1137 qua:
1337 1111 1370 1130 ex
1387 1104 1443 1130 Deo
1455 1105 1557 1138 agitur,
1568 1109 1596 1132 et
1608 1104 1760 1132 haberetur
1771 1105 1807 1133 ab

1016 1146 1147 1174 omnibus
1159 1147 1186 1174 in
1195 1148 1390 1181 admiratione,
1398 1150 1538 1184 quomodo
1556 1151 1611 1183 vir,
1627 1150 1742 1185 quierat
1757 1151 1810 1179 im-

1005 1192 1142 1226 becillus,
1172 1198 1268 1229 utpote
1294 1195 1455 1228 eunuchus,
1471 1200 1526 1223 tam
1548 1196 1662 1224 fortiter
1683 1204 1715 1224 se
1737 1197 1809 1232 serit

1016 1240 1149 1268 adversus
1167 1241 1285 1272 labores.
1311 1247 1339 1270 et
1363 1250 1462 1271 omnes
1489 1244 1640 1272 monachos
1663 1243 1810 1272 contendit

1016 1292 1158 1320 superare,
1175 1295 1274 1324 magno
1288 1292 1318 1315 et
1333 1288 1443 1316 excelso
1470 1289 1564 1317 animo
1578 1290 1647 1317 iram
1662 1290 1807 1323 cohibens,

1016 1336 1045 1359 et
1072 1333 1187 1368 gloriam
1219 1338 1350 1369 tanquam
1380 1343 1479 1363 vanam
1506 1336 1674 1371 despiciens,
1698 1343 1810 1365 omnem

1016 1378 1201 1407 obedientiam
1222 1389 1256 1408 ex
1275 1389 1383 1409 summa
1400 1382 1590 1418 complectens
1604 1383 1758 1411 modestia.

1052 1516 1106 1544 Vll.
1125 1515 1157 1542 Et
1174 1521 1249 1544 certe
1264 1524 1319 1544 non
1335 1520 1463 1551 poterant
1482 1515 1619 1546 invidere.
1631 1518 1713 1546 Zelus
1723 1520 1808 1552 enim,

175 1556 322 1592 ἐλεύθερος
334 1558 388 1594 γὰρ
404 1559 417 1585 ό
434 1560 494 1586 κατ’
509 1560 611 1596 ἀρετὴν
633 1562 714 1597 ζῆλος
729 1563 827 1597 φθόνου
845 1566 961 1598 παντός·

1016 1564 1062 1598 qui
1083 1568 1124 1590 est
1138 1571 1171 1590 ex
1188 1563 1302 1595 virtute,
1322 1563 1392 1590 liber
1407 1569 1450 1591 est
1461 1564 1495 1591 ab
1512 1564 1589 1591 omni
1607 1564 1721 1592 invidia.
1738 1566 1808 1593 Eum

172 1602 213 1634 ὠς
232 1602 385 1640 διδασκάλῳ
412 1605 441 1631 δὲ
465 1605 566 1639 μᾶλλον
581 1608 727 1643 προσέχειν
741 1609 898 1644 ἠϐούλοντο,
913 1611 967 1646 ὡρ-

174 1650 294 1684 μημένοι
308 1650 355 1677 καὶ
375 1651 508 1687 πρότερον
523 1652 592 1686 πρὶς
608 1654 658 1688 τὴν
674 1655 800 1689 μίμησιν.
818 1657 925 1692 Μικροῦ
938 1658 966 1684 δὲ

173 1695 223 1721 καὶ
240 1695 272 1722 τὸ
295 1697 486 1732 κρυπτόμενον
511 1697 675 1732 ἐγινώσκετο
693 1700 736 1732 ἃν,
762 1701 809 1727 καὶ
832 1702 873 1728 ὅτι
896 1703 964 1738 γυνὴ

172 1739 221 1776 ἦν,
242 1743 348 1777 φανερὰ
369 1743 526 1777 καθίστατο,
542 1746 566 1772 εί
583 1746 621 1781 μὴ
646 1747 695 1782 τὴν
712 1748 879 1783 ἐπισχοῦσαν
901 1751 966 1778 ὑπό-

172 1796 251 1814 νοιαν
264 1789 297 1823 τῇ
313 1791 484 1825 πνευματικῇ
505 1792 587 1827 σοφίᾳ
603 1792 719 1821 διέλυσε.
740 1795 819 1822 Κατά
836 1805 896 1823 τινα
911 1798 964 1833 γὰρ

172 1833 273 1868 χρόνον
296 1835 367 1861 οὕτω
384 1836 491 1870 συμϐὰν
515 1838 579 1872 περὶ
601 1838 650 1874 τὴν
664 1840 756 1868 ἐκεῖσε
777 1843 965 1877 τυγχάνουσαν

174 1880 348 1915 κηπεύσιμον
368 1882 499 1916 ἐργασίαν
519 1885 689 1919 συμπονοῦσι
703 1888 760 1918 τοῖς
776 1890 904 1923 μοιδαχοῖς
919 1891 964 1917 τοῦ

174 1924 258 1960 ἔργου
273 1935 303 1952 τε
324 1927 530 1964 προθυμότερον
551 1930 679 1966 ἐχομένῃ,
697 1933 711 1958 ό
737 1933 786 1959 σὺν
806 1935 898 1971 ἐκείνῃ
918 1936 965 1963 λα-

175 1970 231 2005 χὼν
255 1972 420 2005 ἐργάζεσθαι
442 1976 570 2009 μοναχδς,
591 1976 736 2011 Βαρνάϐας
762 1980 838 2015 αὐτῷ
865 1970 962 2016 ὄνομα,

174 2018 387 2052 περιεργότερον
416 2019 557 2046 ἐπιϐαλὼν
580 2022 630 2056 τὴν
654 2022 716 2057 θψιν
742 2024 822 2059 αὐτῇ,
839 2027 886 2053 ire
911 2028 964 2062 πρὸ

175 2062 276 2095 μικροῦ
293 2063 330 2097 τῷ
343 2064 398 2090 τῶν
410 2065 538 2099 μοναχῶν
553 2066 603 2101 βίῳ
626 2067 679 2094 ἀπὸ
691 2068 742 2103 τῆς
755 2071 858 2106 σκηνῆς
880 2081 964 2108 προσ-

173 2106 269 2138 ελθὼν,
284 2108 334 2134 κᾶν
354 2110 395 2139 είς
409 2109 524 2145 ὕστερον
539 2114 683 2148 προκόψας
697 2116 737 2147 εἰς
751 2116 852 2153 ἀρετὴν
867 2106 915 2145 κοιλ
933 2120 962 2148 τὸ

174 2154 355 2188 καθηγεῖσθαι
371 2156 424 2183 τῶν
443 2159 570 2193 μοναχῶν
581 2160 743 2196 ἐπιστεύθη,
765 2163 861 2198 ἡρὼτα
875 2166 962 2192 εἰπεῖν

1018 1614 1110 1637 autem
1128 1609 1220 1644 potius
1240 1608 1370 1636 colebant
1395 1614 1524 1644 tanquam
1542 1611 1716 1645 magistrum,
1731 1611 1811 1645 prius

1017 1657 1100 1684 etiam
1122 1655 1228 1682 incitati
1250 1655 1284 1682 ad
1299 1654 1502 1689 imitationem;
1524 1657 1727 1691 propemodum
1743 1665 1810 1685 vero

1016 1703 1100 1729 etiam
1116 1702 1258 1735 cognitum
1283 1701 1392 1734 fuisset,
1407 1702 1481 1738 quod
1501 1703 1656 1736 celabatur,
1677 1709 1706 1731 et
1719 1704 1809 1731 mani-

1017 1748 1116 1776 festum
1132 1749 1229 1777 fuisset
1252 1756 1314 1776 eam
1336 1756 1397 1776 esse
1427 1748 1583 1784 mulierem,
1606 1749 1661 1778 nisi
1685 1755 1809 1778 exortam

1016 1796 1201 1831 suspicionem
1233 1795 1351 1830 spiritali
1378 1796 1530 1824 amovisset
1556 1796 1710 1831 sapientia.
1740 1796 1809 1825 Nam

1016 1850 1078 1870 cum
1094 1842 1187 1877 aliquo
1204 1847 1327 1877 tempore
1345 1842 1383 1870 ita
1407 1843 1579 1879 contigisset,
1593 1848 1624 1871 ut
1649 1844 1677 1871 in
1689 1844 1809 1879 quodam

1016 1889 1097 1917 horto
1121 1889 1258 1917 laboraret
1279 1897 1342 1917 cum
1363 1890 1519 1923 monachis,
1536 1891 1670 1925 operique
1694 1891 1810 1918 instaret

1015 1935 1171 1969 promptius
1196 1939 1223 1962 ct
1242 1935 1372 1968 alacrius,
1387 1936 1543 1963 monachus
1556 1935 1601 1964 cui
1617 1936 1766 1970 obtigerat,
1778 1940 1809 1963 ut

1015 1988 1078 2007 cum
1108 1988 1141 2008 ea
1157 1980 1309 2013 laboraret,
1340 1981 1452 2008 nomine
1474 1981 1624 2012 Barnabas.
1643 1982 1670 2008 in
1688 1989 1752 2008 eam
1765 1981 1809 2007 ill-

1013 2024 1093 2059 jectis
1110 2025 1200 2052 oculis
1222 2026 1304 2059 paulo
1315 2025 1465 2058 curiosius,
1482 2031 1512 2056 ut
1529 2025 1575 2060 qui
1598 2025 1679 2059 paulo
1694 2029 1759 2053 ante
1772 2025 1807 2052 ad

1014 2071 1098 2098 vitam
1129 2071 1309 2098 monasticam
1336 2071 1501 2099 accessisset
1523 2079 1556 2098 et
1585 2071 1808 2103 scena.etiatosi

1013 2121 1109 2151 postea
1138 2115 1288 2152 profecerit
1306 2116 1333 2143 in
1349 2116 1460 2148 virtute,
1477 2121 1505 2144 et
1523 2117 1548 2143 ei
1567 2117 1715 2143 commissa
1746 2116 1806 2143 fue-

1013 2163 1049 2188 rit
1075 2161 1239 2201 praelecturn
1267 2161 1482 2194 monachorum,
1505 2162 1611 2196 rogavit
1634 2161 1806 2196 quilfactam

172 2198 257 2226 πόθεν
281 2200 444 2237 ἀμφοτέρων
472 2204 527 2231 τῶν
550 2205 628 2232 ὤτων
657 2208 742 2244 ταύτῃ
760 2210 904 2245 τέτρηνται
931 2213 955 2240 οἱ

1015 2209 1059 2241 sit,
1085 2213 1114 2235 ut
1128 2208 1183 2236 sint
1197 2208 1223 2235 ei
1235 2198 1490 2244 ambaeperl'oratze
1507 2208 1807 2237 auriculalicataau-

171 2245 256 2272 λοϐοί.
279 2247 311 2274 Ἦ
328 2250 453 2284 μακαρία
464 2251 492 2277 δὲ
508 2252 642 2288 σύντομον
657 2255 723 2288 ὁμοῦ
742 2256 790 2283 καὶ
802 2256 963 2294 λελογισμέ-

171 2295 284 2329 νηντὴν
311 2295 459 2331 ἀπόκρισιν
490 2298 630 2332 ἀπεδίδου,
661 2301 820 2337 Πέπονθας,
851 2305 961 2340 ἀδελφὰ,

171 2339 300 2374 λέγουσα,
318 2342 493 2377 ἀνθρώπινον
515 2345 576 2380 μὲν,
593 2345 640 2372 τοῦ
666 2348 728 2374 καθ’
742 2350 816 2384 ἡμᾶς
840 2351 867 2377 δὲ
882 2339 962 2379 ἁλλόέ

170 2394 246 2435 τριον
273 2388 504 2435 έπαγγέλματος·
525 2393 558 2428 τῇ
577 2394 611 2427 γῇ
625 2394 679 2429 γὰρ
701 2394 760 2422 δέον
777 2398 921 2433 προσέχειν
944 2399 960 2435 ἢ

172 2431 248 2466 όψεις
274 2433 449 2469 ἀνθρωπίνας
475 2439 718 2474 περιεργάζεσθαι.
733 2431 808 2477 Πλὴν
823 2431 893 2472 ἀλλα
912 2431 962 2474 καί

172 2477 242 2505 οὕτω
268 2479 317 2514 τὴν
341 2480 418 2508 λύσιν
447 2483 573 2517 μάνθανε
595 2485 643 2512 τοῦ
663 2485 841 2522 ζητήματος·
867 2491 883 2526 ἡ
905 2491 961 2526 γὰρ

172 2524 223 2558 ἐμὲ
238 2525 372 2572 πρότερον
400 2527 502 2563 σχοῦσα
523 2530 570 2556 καὶ
595 2531 755 2569 θρεψαμένη
781 2524 960 2572 φιλόστοργύν

171 2576 234 2594 τινα
257 2569 326 2604 πρός
358 2580 392 2606 με
414 2575 571 2610 κεκτημένη
603 2576 723 2604 διάθεσιν
746 2569 960 2617 ἐφιλοτιμήσατό

173 2622 226 2645 μου
247 2617 294 2643 καὶ
313 2619 404 2652 χρυσᾶ
421 2619 523 2654 κόσμια
540 2622 596 2653 τοῖς
616 2622 684 2650 ὠσὶν
699 2625 840 2660 ἐμϐαλεῖν.
865 2629 959 2662 Οὕτως

170 2661 187 2694 ἡ
208 2662 334 2708 μακαρία
361 2664 407 2690 τδν
436 2667 554 2701 μοναχὸν
575 2670 644 2704 σοφῇ
667 2672 794 2708 περινοίᾳ
815 2672 865 2708 τῆς
893 2675 959 2702 ὑπο-

171 2707 245 2756 νοιας
269 2709 424 2745 ἀπήγαγεν.
443 2712 533 2747 Αὐτὴν
553 2714 581 2741 δὲ
607 2715 692 2748 πολύς
718 2726 759 2749 τις
779 2707 865 2755 εἰσῄει
886 2721 959 2756 λογι-

173 2753 249 2801 σμων
268 2754 356 2790 δχλος,
374 2758 422 2784 καὶ
449 2758 490 2790 εἰς
523 2761 636 2796 μνήμην
664 2762 719 2789 τῶν
748 2764 798 2799 τῆς
823 2753 957 2801 ἐϋγενίας

173 2799 320 2828 καθίστατο
340 2805 538 2840 παραινέσεων,
556 2807 693 2843 Δυσχιρές
713 2818 738 2836 τι
765 2799 892 2848 πρᾶγμα,
913 2799 956 2841 λεἑ

210 2885 215 2900 ¹
235 2885 300 2914 Luc.
320 2895 357 2914 Ix.
375 2888 421 2914 25.

1013 2260 1066 2283 tem
1082 2255 1127 2282 illa
1141 2255 1254 2282 brevem
1281 2254 1364 2281 simul
1391 2258 1420 2280 et
1447 2253 1652 2283 consideratam
1667 2253 1807 2285 deditte-

1012 2301 1190 2337 sponsionem
1204 2309 1210 2328 :
1226 2299 1334 2328 Accidit
1352 2299 1401 2327 tibi
1417 2300 1543 2335 quidem.
1559 2308 1576 2327 υ
1591 2299 1688 2332 frater,
1702 2301 1806 2331 buma-

1010 2357 1077 2377 num
1094 2348 1247 2384 quidpiam,
1263 2348 1384 2376 alienum
1403 2355 1470 2376 vero
1482 2352 1600 2375 anostra
1618 2347 1806 2382 professione,

1012 2403 1073 2423 cum
1096 2399 1195 2422 terram
1211 2397 1339 2430 oporteat
1352 2401 1441 2427 arare,
1455 2401 1510 2421 non
1527 2394 1634 2421 vultum
1655 2394 1806 2422 humanum

1012 2441 1122 2469 curiose
1150 2440 1264 2471 intueri.
1292 2440 1346 2468 Sed
1369 2440 1497 2475 quamvis
1516 2447 1562 2468 res
1588 2440 1625 2467 ita
1646 2447 1676 2470 se
1693 2440 1806 2472 habeat.

1013 2487 1172 2523 quaestionis
1196 2487 1273 2515 disce
1299 2487 1477 2514 solutionem.
1502 2487 1571 2514 Nam
1585 2495 1647 2521 qua:
1672 2494 1716 2515 me
1741 2487 1808 2515 olim

1013 2535 1102 2563 tenuit
1127 2538 1155 2562 et
1177 2534 1320 2566 educavit,
1347 2533 1375 2560 in
1399 2541 1442 2561 me
1468 2540 1576 2560 summa
1600 2532 1805 2564 benevolentia.

1012 2581 1142 2608 muniﬁce
1161 2580 1189 2607 in
1209 2587 1285 2608 meas
1305 2586 1388 2606 aures
1405 2586 1490 2609 aurea
1516 2579 1612 2614 injecit
1627 2584 1804 2608 ornamenta.

1012 2627 1058 2656 Sic
1072 2627 1153 2657 beata
1179 2626 1225 2653 illa
1241 2625 1407 2654 monachum
1428 2625 1547 2660 sapienti
1574 2625 1737 2658 inventione
1758 2632 1804 2653 re-

1012 2676 1097 2704 movit
1111 2684 1126 2703 a
1143 2675 1301 2710 suspicione
1312 2683 1321 2708 ;
1332 2681 1393 2702 eam
1407 2678 1500 2701 autem
1516 2673 1602 2702 subiit
1613 2682 1712 2710 magna
1722 2674 1806 2703 turba

1013 2724 1222 2759 cogitationum,
1238 2727 1266 2750 et
1282 2726 1420 2749 venerunt
1435 2721 1460 2749 ei
1484 2720 1513 2748 in
1532 2725 1654 2749 mentem
1677 2721 1805 2749 admoni-

1013 2771 1102 2797 tiones
1121 2769 1260 2804 Eugeniae,
1277 2767 1412 2796 dicentis:
1430 2767 1485 2796 Res
1509 2772 1552 2796 est
1574 2767 1723 2800 admodum
1749 2766 1805 2795 dite

1012 2815 1104 2844 ﬁcilis.
1129 2813 1271 2842 mulierem
1290 2811 1395 2841 versari
1412 2811 1494 2840 simul
1518 2819 1581 2840 cum
1602 2812 1683 2847 viris,
1697 2816 1811 2851 ettenq
