2056 3151
223 177 276 210 917

795 172 987 204 ADDENDA.
1016 185 1050 190 --
1065 173 1286 205 NOVEMBER.

1805 171 1859 203 938

225 239 297 266 tare,
321 235 353 260 ut
371 232 430 268 ipsa
445 231 490 259 vir
512 230 641 259 videatur
666 230 740 258 sicut
761 230 812 258 nli.
830 230 926 266 Neque
940 230 1010 258 enim

1067 231 1180 267 γούσης,
1201 233 1320 267 γυναῖκα
1341 231 1544 268 συνδιατριδιιν
1565 230 1693 266 ἀνδράσι,
1710 228 1758 257 καὶ
1775 229 1860 265 ἄνδρα

225 279 284 308 tleri
297 282 399 315 potest,
413 282 443 306 ut
452 282 590 314 perpetuo
602 279 687 306 lateat
701 278 855 306 simulatio.
869 277 1017 305 Attentiori

225 331 318 353 tamen
341 325 511 360 cogitatione
540 324 597 353 sola
627 324 717 352 solum
742 325 829 352 Deum
851 324 1016 359 alloquens:

224 371 285 399 Tno
309 375 391 404 nutu,
407 371 527 404 dicebat,
546 378 563 398 ο
582 370 710 403 Domine,
734 371 818 398 vitam
833 372 943 406 suscepi
958 379 1018 398 mo-

224 418 370 451 nasticam,
381 424 411 445 et
423 425 503 449 eum,
519 418 566 452 qui
580 417 661 453 jussit
677 417 768 452 sequi,
786 425 928 452 nunquam
943 421 1018 444 retro

223 471 357 492 conversa
372 472 434 492 sum
454 469 561 492 secuta.
579 463 765 497 Quamobrem
792 471 828 491 ne
851 463 963 497 cilicias,
988 468 1018 491 ut

223 517 276 544 ego
291 517 413 544 unquam
430 517 490 537 mea
506 517 554 545 spe
578 510 667 542 fallar,
694 518 745 538 nec
757 510 792 538 ab
810 510 863 538 hoc
874 510 948 538 bono
965 519 1018 538 un-

223 563 307 590 quam
327 556 470 590 proposito
490 557 628 585 excidam.
643 556 697 584 Sed
717 561 745 585 tu
761 565 849 585 meam
866 558 1018 586 defendens

223 601 454 635 imbecillitatem,
472 610 564 630 annue
582 608 612 630 ut
639 611 701 631 meo
719 611 803 639 scopo
824 604 887 632 ﬁnis
909 605 1018 633 accidat

224 648 333 676 similis.
361 647 425 676 Hac
442 648 549 680 dicens,
566 649 712 678 videbatur
731 650 815 679 etiam
833 651 926 680 videre
948 659 1017 688 pura

224 694 316 722 anima
335 694 481 723 meliorem
498 694 614 723 exitum.

260 827 329 855 νηί.
346 828 415 856 Cum
431 836 463 857 ea
482 836 549 865 ergo
570 829 612 857 sic
627 830 753 864 haberet,
766 837 794 860 et
814 833 896 861 vitam
913 835 1017 870 amplc-

225 878 349 902 cteretur
361 874 525 909 spiritalem,
553 876 634 912 longo
658 881 781 913 tempore
806 879 937 915 ignorata:
951 885 1017 908 sunt

226 928 271 948 res
287 922 348 956 ejus
362 929 376 948 a
393 921 536 956 Bassiano,
549 923 658 950 etiamsi
676 932 731 952 non
744 929 819 952 esset
834 934 934 961 expers
951 927 1015 954 doni

225 967 508 1002 pcrspiciendi:eum
541 973 632 997 tamen
648 970 729 998 latuit
754 971 802 999 Dei
828 972 974 1007 sapientia,
988 978 1016 1001 et

225 1013 311 1048 magis
330 1014 439 1042 arcanis
457 1015 623 1049 quibusdam
635 1016 761 1051 iudiciis,
776 1019 916 1053 quomodo
932 1021 1015 1047 etiam

224 1058 346 1087 Eliseum
358 1060 510 1096 aliquando
527 1061 689 1090 Sunamitis.
702 1063 770 1091 Sero
783 1069 874 1092 autem
888 1071 915 1093 et
934 1066 1016 1102 longo

223 1110 284 1139 post
298 1109 423 1142 tempore
437 1113 470 1135 ea
489 1107 541 1142 ipsi
561 1109 666 1136 exstitit
682 1110 839 1139 manifesla.
865 1111 910 1140 Sic
923 1117 1016 1140 autem

223 1151 263 1178 tit.
283 1151 365 1179 Visus
378 1157 421 1180 est
448 1153 475 1180 in
493 1155 600 1182 somnis
624 1155 717 1184 videre
735 1165 851 1192 magnus
868 1157 1016 1187 Bassianus

221 1196 311 1224 virum
327 1198 431 1225 amictu
447 1199 562 1234 quidem
583 1202 744 1235 honestum,
761 1203 841 1231 vultu
860 1209 952 1232 autem
968 1205 1016 1233 de-

220 1250 329 1277 corum,
342 1248 371 1272 et
386 1245 433 1280 qui
450 1246 598 1275 videbatur
617 1255 679 1276 esse
694 1249 839 1284 cujusdam
853 1255 957 1279 natura:
972 1252 1015 1280 di-

221 1289 348 1323 vinioris,
360 1295 387 1318 et
403 1291 430 1319 ei
452 1296 495 1320 ter
519 1293 632 1322 dicere:
656 1295 772 1331 Babylas
791 1299 947 1332 eunuchus,
966 1299 1014 1335 qui

219 1340 263 1363 est
273 1343 345 1364 unus
353 1343 386 1364 ex
402 1339 556 1373 monachis,
569 1341 615 1374 qui
626 1346 692 1368 sunt
715 1342 741 1369 in
755 1347 803 1370 tuo
813 1351 906 1379 grege,
920 1350 1014 1380 aperte

218 1383 333 1416 quidem
349 1388 391 1411 est
406 1383 529 1419 femina;
547 1387 660 1415 simulat
689 1393 781 1416 autem
798 1398 826 1418 se
846 1398 907 1418 esse
922 1399 1013 1419 eunu-

218 1429 314 1462 chum,
331 1435 361 1456 ut
377 1430 471 1458 lateat.
486 1432 564 1460 Sicut
579 1433 638 1468 ipse
653 1439 757 1468 autem,
773 1436 890 1464 Aeacius
901 1445 1013 1474 quoque

218 1474 342 1509 quidam,
354 1476 397 1504 vir
413 1477 527 1513 insignis
540 1479 592 1507 fuit
605 1480 718 1515 pietate,
736 1482 783 1517 qui
797 1482 849 1510 fuit
863 1484 945 1512 etiam
961 1493 1012 1520 pro

220 1521 302 1550 tertia
315 1528 395 1558 parte
406 1530 501 1559 pastor
515 1528 677 1556 monasterii
691 1529 778 1558 divini
793 1530 927 1564 Abramii,
937 1540 1012 1560 cam-

1069 278 1132 305 κατ*
1151 277 1273 310 ἐκείνους
1284 279 1433 314 πειρᾶσθαι
1448 278 1538 305 δοκιῑν
1547 286 1554 293 ·
1569 277 1712 312 ἀμήχανον
1725 275 1782 311 γὰρ
1795 275 1860 311 ἄχρι

1068 324 1163 356 τέλους
1181 324 1323 351 διαλαθεῖν
1341 325 1392 360 τὴν
1410 324 1570 360 ὑπόκρισιν.
1594 323 1691 358 Ὅμως
1715 330 1860 357 προσεκτι-

1068 371 1179 406 κωτέρα
1196 372 1231 407 τῇ
1259 371 1376 407 διανοίᾳ,
1400 372 1470 406 μόνη
1497 369 1537 405 τῷ
1557 369 1632 405 μόνῳ
1651 368 1710 405 Θεῷ
1729 368 1860 403 ἐντυγχά-

1069 425 1163 449 νουσα,
1184 417 1230 453 Τῷ
1259 417 1298 453 σῷ
1326 417 1454 452 νεύματι,
1473 417 1609 449 Δέσποτα,
1637 415 1725 450 ἔλεγε,
1738 415 1786 442 τδν
1802 415 1858 442 τῶν

1070 464 1197 500 μοναχῶν
1222 463 1402 500 ἔπανῄρημαι
1423 463 1492 498 βίον,
1517 461 1699 495 ἀκολουθῆσαί
1719 470 1749 488 τε
1764 461 1860 488 κελεύ-

1069 518 1147 537 σαντι
1177 510 1372 546 ἀμετατρεπτὶ
1402 508 1592 544 ὴκολοΰθησαο
1628 507 1669 534 διδ
1704 508 1774 543 μήτε
1804 508 1860 534 τῶν

1069 556 1252 584 ιλπιοθέντων
1278 555 1430 591 ψευσθῆναι
1456 553 1683 591 παρασκευάσῃς,
1715 553 1782 589 μηδὲ
1809 554 1858 587 τῆς

1068 602 1177 638 ἀγαθῆς
1201 602 1305 638 ταύτης
1331 603 1497 638 διαμαρτεῖν
1524 601 1694 636 προθέσεωςο
1723 600 1792 628 ἀλλὰ
1810 600 1859 634 τῆς

1068 649 1138 685 ὲμῆς
1165 649 1248 681 αὐτὸς
1282 649 1483 684 προϊστάμενος
1508 647 1654 678 ἀσθενείας
1676 647 1858 681 κατάγγειλόν

1070 705 1121 730 μου
1138 696 1304 731 συνδραμεῖν
1319 695 1358 730 τῷ
1376 695 1483 730 σκοπῷ,
1501 696 1550 722 καὶ
1561 696 1592 721 τδ
1606 694 1683 726 τέλος
1696 694 1855 721 ἐπίνευσον.

1068 742 1189 769 Τοιαῦτα
1208 742 1326 776 λέγουσα
1349 741 1398 768 καὶ
1417 742 1482 777 όρᾷν
1502 742 1591 769 ἐδόκει
1616 741 1656 777 τῷ
1675 740 1789 776 καθαρῷ
1807 739 1858 775 τῆς

1067 788 1158 824 ψυχῆς
1176 789 1363 824 χρηστοτέραν
1376 788 1426 823 τὴν
1442 787 1565 816 ἔκϐασιν.

1103 836 1145 862 H'.
1165 835 1260 866 Οὕτως
1278 833 1325 862 οὖν
1345 834 1464 870 ἐχούσης
1489 836 1575 870 αὐτῆς
1593 835 1641 862 καὶ
1655 834 1769 870 ἀγωγῆς
1781 834 1860 861 ἀντε-

1069 883 1187 917 χομένης
1212 882 1403 917 πνευματικῆς
1422 881 1471 908 ἐπὶ
1491 881 1588 916 χρόνον
1613 881 1711 915 συχνὸν
1736 880 1769 907 τὰ
1796 880 1857 906 κατ’

1068 927 1154 963 αὐτὴν
1173 928 1299 962 ἠγνοεῖτο
1316 926 1454 962 Βασιανῷ,
1472 928 1563 954 καίτοι
1587 927 1655 962 μηδὲ
1671 926 1718 953 τοῦ
1737 926 1858 961 διορατι-

1068 975 1117 1001 κοῦ
1134 974 1305 1009 χαρίσματος
1323 973 1495 1008 ἀμοιροῦντι.
1517 973 1662 1000 Ἐλάνθανε
1680 973 1702 1000 δ’
1723 970 1770 1000 οὖν
1784 973 1858 1007 ὅμως

1067 1020 1136 1047 Θεοῦ
1161 1021 1244 1056 σοφία
1272 1019 1320 1046 καὶ
1351 1020 1585 1055 ἀπορρητοτέροις
1616 1020 1673 1051 τοῖς
1707 1019 1858 1054 κρίμασιν.

1067 1066 1162 1102 ὥσπερ
1175 1067 1223 1093 καὶ
1240 1066 1394 1094 Ἐλισσαῖόν
1405 1074 1470 1093 ποτε
1481 1065 1511 1092 τὸ
1522 1066 1571 1101 τῆς
1582 1065 1775 1100 Σουμανίτιδος
1786 1066 1856 1100 (sic).

1074 1111 1137 1146 Ὀψὲ
1151 1111 1179 1138 δὲ
1197 1112 1243 1138 καὶ
1264 1112 1313 1139 σὺν
1333 1111 1422 1147 χρόνῳ
1436 1111 1537 1146 μακρῷ
1553 1111 1621 1146 δῆλα
1639 1111 1675 1138 τὰ
1690 1111 1757 1147 περὶ
1773 1111 1857 1146 αὐτῆς

1066 1158 1141 1194 αὐτῷ
1155 1159 1261 1194 γίνεται
1275 1167 1282 1174 ·
1296 1159 1404 1193 γίνεται
1418 1159 1446 1186 δὲ
1463 1158 1567 1187 οὕτως·
1587 1157 1680 1190 Ἔδοξε
1698 1158 1771 1184 κατὰ
1794 1157 1856 1187 τοὺς

1067 1206 1170 1238 ὕπνους
1180 1207 1247 1242 όρᾷν
1258 1207 1271 1233 ό
1287 1207 1370 1240 μέγας
1383 1206 1513 1237 Βασιανὺς
1525 1205 1608 1240 ἄνδρα
1617 1204 1731 1240 κόσμιον
1750 1204 1798 1239 μὲν
1809 1203 1857 1239 τὴν

1066 1252 1210 1288 ἀναϐολὴν,
1229 1252 1355 1287 ἐκπρεπῆ
1369 1252 1397 1278 δὲ
1410 1251 1459 1287 τὴν
1469 1251 1542 1287 ὄψιν,
1564 1251 1611 1278 καί
1627 1259 1699 1282 τινος
1717 1249 1857 1285 θειοτέρας

1065 1296 1136 1325 εἶναι
1147 1297 1279 1325 δοκοῦντα
1295 1297 1414 1332 φύσεως,
1430 1299 1478 1324 καὶ
1488 1297 1582 1325 τοῦτον
1597 1297 1657 1332 τρὶς
1673 1297 1755 1323 αὐτὴν
1772 1304 1857 1331 προσ-

1064 1345 1163 1376 ειπεῖν,
1189 1345 1231 1371 ὅτι
1247 1344 1372 1376 Βαὸὑλας
1389 1345 1402 1371 ό
1417 1344 1545 1379 εὐνοῦχος
1565 1345 1579 1370 ό
1603 1343 1658 1370 τῶν
1680 1343 1757 1377 παρὰ
1772 1343 1804 1377 τῇ
1822 1343 1855 1377 σῇ

1065 1391 1169 1427 ποίμνῃ
1187 1390 1313 1425 μοναχῶν
1336 1389 1377 1421 εἷς
1395 1390 1462 1424 γυνὴ
1480 1389 1531 1424 μέν
1557 1390 1632 1415 ἐστιν
1655 1389 1796 1423 ἄντικρυς,
1814 1388 1858 1413 εὑ-

1063 1435 1160 1471 νοῦχος
1176 1436 1204 1462 δὲ
1226 1434 1296 1463 εἶναι
1321 1435 1366 1462 διὰ
1391 1436 1421 1462 τὸ
1443 1435 1535 1461 λαθεῖν
1563 1435 1752 1470 ὑποκρίνεται.
1780 1432 1858 1460 Κατὰ

1062 1483 1159 1508 ταυτὸν
1172 1481 1200 1508 δὲ
1216 1482 1262 1508 καὶ
1274 1481 1402 1513 ’Δκάκιός
1413 1490 1456 1513 τις
1472 1481 1552 1516 ἀνὴρ,
1570 1480 1614 1507 ἐπ’
1629 1480 1759 1515 εὐλαϐείᾳ.
1775 1488 1855 1515 περι·

1063 1528 1162 1563 φανῇς,
1182 1528 1212 1560 ὃς
1226 1528 1272 1556 καὶ
1285 1530 1334 1564 τῆς
1348 1529 1388 1560 είς
1404 1528 1434 1554 τὸ
1452 1528 1543 1563 τρίτον
1560 1527 1643 1563 μονῆς
1656 1527 1702 1554 τοῦ
1725 1527 1855 1561 θεοφόρου

217 1567 281 1595 dem
309 1569 380 1597 vidit
404 1570 551 1600 visionem.
579 1573 659 1603 Mane
676 1583 742 1611 ergo
771 1584 833 1604 cum
864 1578 1010 1608 Bassianus

1071 1574 1223 1610 ’Δσραμίου
1257 1573 1360 1609 ποιμὴν
1396 1573 1543 1608 ἐτύγχανε,
1564 1573 1614 1608 τὴν
1643 1571 1729 1606 αὐτὴν
1761 1572 1858 1606 ὅρασιν

217 1615 410 1645 accersivisset
437 1625 523 1645 unum
542 1626 576 1646 ex
595 1620 748 1654 monachis,
761 1621 897 1651 Joannem
911 1632 1007 1658 quem-

216 1660 292 1693 dam.
307 1661 355 1696 qui
367 1668 429 1697 post
441 1663 531 1698 ipsum
547 1669 608 1693 erat
621 1667 761 1694 secundus
776 1667 804 1695 in
827 1671 1006 1702 monasterio.

216 1708 339 1734 narravit
347 1708 372 1735 ei
385 1709 458 1743 quod
466 1710 573 1738 viderat
582 1711 609 1738 in
620 1712 735 1739 somnis.
746 1713 858 1741 Interim
867 1723 932 1742 vero
941 1716 1006 1743 dum

217 1751 274 1780 haec
282 1752 446 1787 disserebat,
455 1755 528 1782 venit
540 1756 653 1791 quidam
667 1758 767 1786 missus
778 1760 811 1787 ab
820 1761 931 1794 Acacio,
943 1769 1007 1789 nar-

217 1805 281 1825 rans
293 1799 424 1827 Bassiano
449 1808 531 1835 quam
559 1801 618 1837 ipse
641 1803 748 1832 viderat
774 1807 1008 1836 visionem.Tunc

215 1850 282 1879 ergo
297 1852 414 1880 magnus
432 1846 588 1881 Bassianus,
598 1849 695 1878 volens
713 1850 748 1878 de
761 1851 813 1880 hac
830 1861 860 1881 re
873 1853 1006 1889 majorem

215 1888 268 1916 sibi
276 1888 357 1917 tidem
369 1890 440 1924 ﬁeri,
454 1891 482 1919 in
495 1900 593 1922 manus
606 1900 717 1931 sumpto
727 1904 806 1925 sacro
820 1888 970 1936 Evangelio
977 1906 1006 1930 et

213 1935 361 1982 explicato,
377 1937 405 1965 in
418 1937 463 1966 illa
475 1939 557 1967 verba
569 1940 740 1978 incidit,qua2
750 1943 879 1973 dicebant
891 1935 1004 1982 regnum

213 1980 348 2009 calorum
358 1990 420 2011 esse
435 1983 526 2013 simile
539 1985 688 2019 fermento.
701 1989 775 2023 quod
789 1980 934 2026 accepturu
947 2001 1006 2020 mu-

213 2025 265 2054 lier
288 2027 434 2056 abscondit
451 2029 480 2057 in
509 2029 604 2059 farina:
621 2032 690 2061 satis
702 2033 803 2069 tribus,
823 2025 912 2064 donee
930 2042 1006 2066 esset

213 2070 408 2101 termentan
421 2075 443 2102 ².

247 2163 294 2192 IX.
320 2165 390 2193 Cum
409 2165 503 2201 itaque
518 2167 699 2197 intellexisset
715 2176 788 2203 eam.
811 2179 873 2208 quae
889 2174 916 2201 in
937 2182 1003 2209 pro.

211 2211 299 2239 fundo
313 2211 532 2248 signiﬁcabatur,
545 2214 767 2250 intelligentiam,
782 2222 845 2252 post
857 2219 914 2248 hac
932 2222 1004 2256 apud

1063 1620 1170 1647 ἐθεᾶτο,
1188 1619 1292 1646 Ἐωθεν
1306 1617 1353 1646 οὗν
1367 1619 1381 1646 ό
1397 1619 1529 1650 Βασιανὺς
1544 1617 1795 1652 μεταπεμψάμενος
1809 1617 1857 1642 ενα

1062 1665 1118 1693 τῶν
1136 1665 1262 1701 μοναχῶν
1287 1664 1416 1700 Ἰωάννην
1435 1665 1497 1692 τινὰ
1513 1665 1541 1696 ὃς
1556 1664 1684 1699 δεύτερος
1701 1663 1760 1698 μετ’
1775 1662 1857 1689 αὑτὸν

1062 1712 1092 1738 ἔν
1104 1711 1143 1746 τῷ
1156 1712 1273 1747 σεμνείῳ
1302 1711 1461 1742 καθίστατο,
1487 1711 1563 1742 ὅπως
1577 1709 1633 1745 εἶχε
1648 1709 1678 1735 τὺ
1699 1709 1766 1743 δναρ
1783 1708 1857 1742 αὐτῷ

1062 1757 1194 1793 διηγεῖτο.
1222 1757 1266 1784 Ἐν
1288 1758 1343 1792 ὅσῳ
1357 1757 1385 1784 δὲ
1400 1757 1536 1791 διελέγετο
1550 1757 1635 1783 ταῦτα
1652 1754 1704 1792 ἧκέ
1724 1764 1766 1786 τις
1787 1756 1855 1791 πρὸς

1069 1803 1198 1830 ’Δκακίου
1211 1802 1357 1838 πεμφθεὶς,
1371 1803 1405 1829 τὰ
1420 1803 1468 1837 τῆς
1482 1803 1571 1837 ὅψεως
1586 1801 1681 1837 ὥσπερ
1697 1801 1729 1837 δὴ
1746 1801 1791 1828 χαὶ
1804 1801 1856 1827 αὺ-

1061 1849 1106 1881 τδς
1126 1847 1196 1876 εἶδεν
1221 1849 1404 1883 ἀπαγγέλλων
1427 1849 1564 1883 Βασιανῷ.
1590 1848 1750 1883 Τηνικαῦτα
1764 1847 1855 1874 τοίνυν

1063 1896 1110 1922 καὶ
1125 1896 1140 1922 ό
1164 1896 1252 1930 μέγας
1275 1896 1409 1927 Βασιανδς
1434 1895 1545 1922 πλιίονα
1569 1895 1661 1921 πίοτιν
1685 1893 1785 1920 ἐθέλων
1808 1894 1855 1920 ἐπὶ

1061 1943 1151 1977 τούτῳ
1165 1942 1270 1974 λαϐεῖν,
1281 1942 1311 1969 τὸ
1321 1942 1392 1976 ίερὸν
1401 1942 1447 1969 ἐπὶ
1461 1941 1558 1977 χεῖρας
1569 1940 1661 1967 λαδὼν
1676 1939 1855 1974 Εύαγγέλιον.

1060 1989 1109 2016 καὶ
1133 1989 1303 2020 ἀναπτύξας,
1317 1988 1432 2019 ἐκείνοις
1459 1988 1618 2022 ιντυγχάνει
1641 1987 1697 2018 τοῖς
1721 1985 1811 2020 λόγοις
1828 1985 1855 2012 οἳ

1061 2035 1242 2071 διελάμϐανον
1268 2035 1365 2069 ὁμοίαν
1381 2031 1451 2061 ιῐναι
1478 2032 1553 2069 ζύμῃ
1580 2033 1631 2068 τὴν
1655 2032 1709 2058 τῶν
1731 2032 1854 2066 οὐρανῶν

1062 2082 1214 2118 βασιλείαν,
1225 2081 1259 2117 ἢν
1269 2080 1389 2107 λαϐοῦσα
1398 2079 1466 2115 γονὴ
1480 2079 1599 2115 ἔκρυψεν
1610 2080 1649 2111 εἰς
1659 2078 1774 2114 ἀλεύρου
1784 2079 1854 2106 σάτα

1059 2128 1134 2163 τρία,
1150 2128 1203 2160 ἕως
1216 2126 1344 2162 ἐζυμώοη
1362 2125 1434 2153 δλον.

1096 2174 1136 2201 Θν.
1153 2174 1247 2205 Συνεὶς
1257 2171 1304 2201 οὖν
1317 2173 1367 2208 τὴν
1379 2172 1423 2199 διὰ
1436 2171 1853 2207 βάθουςδηλουμένηνδιάνοιαν,

1061 2221 1091 2248 τὺ
1109 2221 1178 2257 μετὰ
1194 2220 1282 2247 ταῦτα
1301 2218 1364 2247 καθ’
1377 2219 1474 2246 ἑαυτὸν
1488 2219 1638 2246 ἐσκέπτετο
1654 2218 1713 2250 πῶς
1738 2218 1772 2245 ἂν
1790 2226 1854 2253 μιτ-

212 2265 241 2285 se
255 2258 404 2293 cogitabat,
415 2260 555 2295 quomodo
569 2260 666 2290 dextre
678 2264 878 2298 aggrederetur
891 2266 918 2294 id
931 2268 1006 2303 quod

1063 2268 1135 2296 έλθοι
1159 2267 1258 2300 δεξιῶς
1276 2267 1306 2294 τδ
1331 2266 1528 2302 προκείμενον,
1549 2264 1597 2292 καὶ
1618 2265 1656 2301 μὴ
1681 2265 1761 2300 δῆλον
1772 2264 1853 2291 τοῦτο

212 2308 270 2332 erat
282 2306 467 2340 propositum,
482 2311 512 2334 et
528 2307 581 2334 hoc
598 2308 695 2336 multis
710 2317 765 2338 non
789 2311 867 2340 fleret
887 2314 1005 2344 manife-

211 2353 294 2377 stum.
317 2350 444 2379 Accersit
464 2359 531 2387 ergo
547 2352 655 2381 beatam
677 2354 764 2388 illam,
791 2361 819 2384 et
841 2365 902 2386 eam
928 2365 1005 2390 torve

210 2396 365 2432 aspiciens:
383 2398 455 2432 Quid
467 2399 519 2427 fuit
535 2408 634 2433 causa.
651 2401 753 2437 inquit,
769 2411 786 2431 ο
799 2404 909 2438 mulier,
929 2407 1004 2442 quod

210 2449 265 2470 tam
288 2444 378 2472 audax
402 2450 523 2481 emptum
551 2447 578 2474 in
595 2455 647 2475 nos
669 2448 706 2476 sis
727 2456 864 2485 aggressa,
886 2456 915 2479 et
938 2461 1001 2488 qua;

210 2490 290 2518 nobis
313 2498 370 2518 non
393 2492 588 2526 conveniebat,
613 2495 794 2523 tentationem
815 2501 844 2524 et
867 2498 999 2532 probrum

210 2538 353 2570 inusseris,
366 2542 474 2567 tantum
486 2545 595 2575 tempus
609 2541 722 2570 studens
733 2542 838 2571 latere?
849 2545 897 2573 illa
908 2551 1000 2574 autem

211 2583 237 2610 id
261 2584 335 2618 quod
356 2584 463 2612 dictum
484 2584 585 2619 fuerat,
610 2586 779 2623 intelligens,
802 2594 830 2617 et
849 2590 1001 2619 formidans

211 2631 415 2664 austeritatem,
439 2636 468 2660 ct
493 2640 554 2667 qua:
580 2633 607 2660 in
628 2634 690 2669 ejus
719 2636 795 2663 vultu
821 2643 1000 2672 apparuerat,

211 2677 372 2705 acerbitatis
389 2678 463 2706 nube
489 2679 689 2715 obstupefacta,
702 2686 730 2708 et
748 2682 867 2711 maxime
893 2684 928 2712 iis
944 2693 1005 2720 quze

213 2723 286 2751 dicta
297 2728 388 2758 erant,
398 2725 587 2753 testimonium
599 2726 734 2755 ferentem
749 2728 853 2757 habens
863 2731 1006 2758 conscien-

214 2769 290 2802 tiam,
308 2778 338 2798 se
363 2771 477 2806 quidem
503 2773 597 2801 statim
622 2774 698 2803 humi
726 2776 895 2810 prosternit,
918 2778 1006 2805 sancti

211 2823 275 2844 vero
287 2817 374 2852 pedes
391 2819 574 2853 prchensans,
592 2820 676 2849 verba
692 2829 752 2857 qum
765 2822 882 2850 multum
896 2823 1007 2858 quidem

252 2906 262 2921 ’
277 2905 344 2934 Luc
363 2914 422 2940 xm,
438 2907 472 2935 5'5
485 2915 561 2944 seqq.

1058 2317 1117 2348 τοῖς
1134 2315 1243 2346 πολλοῖς
1260 2313 1384 2349 γένηται.
1402 2312 1607 2340 Μετακαλεῐται
1626 2312 1717 2339 τοίνυν
1736 2312 1785 2347 τὴν
1799 2320 1852 2346 μα-

1060 2362 1172 2399 καρίαν,
1194 2361 1241 2388 καὶ
1264 2361 1348 2396 δριμὺ
1366 2360 1455 2396 ταύτῃ
1470 2359 1641 2391 ἑνατινίσας,
1665 2359 1698 2386 Τί
1718 2358 1748 2385 τὸ
1765 2366 1854 2394 παρα-

1059 2408 1199 2436 σκευάσαν
1214 2417 1256 2442 σε,
1282 2407 1406 2442 γύναιον,
1423 2406 1489 2441 ἔφη.
1514 2405 1676 2442 τηλικοῦτον
1696 2405 1758 2432 καθ’
1773 2404 1853 2440 ἡμῶν

1055 2455 1184 2483 ὑπελθεῖν
1198 2454 1339 2490 τόλμημα,
1357 2453 1405 2480 καὶ
1420 2453 1482 2480 κατ’
1498 2453 1576 2480 οὐδὲν
1589 2453 1657 2488 ἡμῖν
1674 2452 1852 2488 προσήκοντα

1054 2500 1211 2538 πειρασμὸν
1225 2500 1273 2527 καὶ
1291 2499 1393 2531 ὄνειδος
1413 2498 1613 2535 ὲπιτρίψασθαι
1628 2499 1660 2525 τὸ
1675 2497 1768 2525 λαϐεῖν
1788 2498 1851 2534 χρό-

1052 2557 1098 2575 νον
1117 2546 1246 2574 τοσοῦτον
1263 2545 1500 2581 errantis-5646M;
1524 2545 1558 2572 Ἦ
1577 2544 1616 2577 δὲ,
1632 2544 1662 2571 τὺ
1674 2544 1770 2579 λεχθὲν
1789 2552 1850 2570 συν.

1054 2594 1115 2620 εϊσα
1141 2592 1189 2619 καὶ
1214 2591 1245 2618 τὸ
1262 2591 1399 2626 αὐστηρὸν
1424 2589 1603 2625 ὑποπτήξασα
1628 2588 1682 2616 τῶν
1693 2587 1848 2623 ῐρημάτων,

1057 2641 1126 2676 πρὸς
1140 2640 1169 2667 δὲ
1182 2639 1229 2667 καὶ
1244 2639 1274 2666 τδ
1297 2637 1362 2673 περὶ
1380 2637 1428 2673 τὴν
1452 2637 1514 2671 ὄψιν
1536 2635 1667 2670 ἐπιφανὲν
1693 2634 1778 2662 αὑτοῦ
1800 2634 1850 2668 τῆς

1059 2686 1172 2721 πικρίας
1187 2685 1267 2720 νέφος
1282 2683 1501 2717 καταπλαγεῖσα,
1522 2682 1641 2718 μάλιστα
1660 2681 1708 2708 καὶ
1723 2679 1773 2715 τὴν
1788 2688 1850 2706 συν-

1059 2732 1164 2767 είδησιν
1177 2731 1275 2767 ἔχουσα
1292 2728 1488 2765 μαρτυροῦσαν
1506 2729 1562 2759 τοῖς
1580 2726 1849 2775 εἰρημένοις,-κατα;

1061 2777 1153 2806 ﬁdum
1178 2777 1229 2813 μὲν
1255 2777 1355 2812 ἑαυτὴν
1378 2775 1459 2807 εὐθὺς
1482 2775 1522 2806 είς
1545 2773 1576 2800 τὸ
1598 2773 1707 2808 ἔδαφος,
1731 2771 1786 2797 τῶν
1803 2771 1850 2796 τοῦ

1060 2823 1134 2851 ὁσίου
1163 2823 1190 2850 δὲ
1218 2822 1305 2849 ποδῶν
1333 2820 1516 2857 ἱπιλαὸομένη
1543 2819 1640 2854 λόγους
1664 2817 1731 2846 πολὺ
1757 2816 1807 2865 μξν
1821 2815 1850 2842 τδ
