2056 3151
193 177 252 208 9L9

829 177 916 208 VITA
937 177 968 209 S.
991 176 1198 208 MATRONIE.

1767 179 1818 211 930

191 234 321 260 ταπεινὸν
333 233 454 269 ἔχοντας,
470 233 547 268 μόλις
562 233 591 260 ὁὶ
609 232 866 268 ῦποφθεγγομένους
878 233 971 268 προτει1

1030 232 1168 260 habebant
1192 233 1374 267 humilitatis,
1398 234 1442 262 vix
1470 239 1563 263 autent
1587 235 1817 270 proferebantur.

191 279 228 305 Οὐ
245 279 407 313 πειρασμὸν,
419 275 442 304 ὦ
453 279 583 310 δέσποτα,
601 278 728 312 λέγουσα,
746 279 896 312 ἐπαγαγεῖν
913 277 975 312 βουα

190 325 302 360 λομένη,
324 326 356 359 τῇ
374 325 478 361 ποίμνῃ
498 325 620 360 ιμαυτὴν
639 324 818 359 ἐγκατέλεξε,
844 323 912 351 ἀλλὰ
930 324 976 350 τὸν

189 371 244 397 ἀπὸ
260 371 315 397 τῶν
335 370 465 397 ἐναντίων
488 371 597 405 μᾶλλον·
613 371 799 404 διαφεύγουσα
823 369 977 405 πειρασμὸν

190 418 237 443 καὶ
250 417 299 448 τὰς
315 417 344 443 ὲν
364 416 402 452 τῷ
419 417 469 453 βίῳ
495 417 585 451 πάγας
604 417 778 443 ἐκκλίνουσα.
798 415 868 449 Πρὸς
880 415 914 450 ἢν
930 413 977 441 αὗ-

189 464 232 495 Θις
246 465 259 489 ὁ
275 463 408 496 Βασιανὸς
429 463 600 498 ἁπεκρίνατο
610 471 617 478 ”
631 463 692 495 υῶς
714 463 741 489 δὲ
767 464 816 490 καὶ
829 462 898 497 γυνὴ
912 469 976 496 τυγ-

187 510 307 544 χάνουσα
323 511 380 542 τοῖς
403 509 487 541 θείοις
514 509 677 544 μυστηρίοις
698 509 788 543 γυμνῇ
815 508 975 543 προσήρχου

186 557 220 591 τῇ
236 557 354 590 κεφαλῇ,
377 556 425 583 καὶ
447 557 476 582 ὲν
500 556 539 589 τῷ
563 555 632 591 πρὸς
660 556 772 590 εἰρήνην
789 554 930 589 ἀσπασμῷ
943 554 973 580 τὸ

188 602 278 636 στόμα
296 603 353 632 τοῖς
377 601 500 635 ἀδελφοῖς
523 601 609 632 ἀδεῶς
631 601 760 635 ύπείχεςς
781 601 813 627 'H
839 600 878 631 δὲ,
907 600 975 636 Περὶ

189 647 241 683 μὲν
263 647 298 674 τὰ
309 649 379 678 ιθεῖα
393 647 477 682 δῶρα,
488 647 566 682 φησὶ,
583 647 805 682 προσποιουμένη
820 646 973 678 ἀσθένειαν,

185 694 217 721 οὐ
238 694 273 721 δι’
290 694 350 720 ὅλου
373 694 404 720 τὸ
420 695 488 729 πρὸς
508 695 543 728 τῇ
563 693 668 728 κεφαλῇ
690 693 824 727 κάλυμμα
846 693 973 724 ῑλκουσα,

184 739 259 767 οὕτω
273 741 306 775 τῇ
323 740 472 775 μεταλήψει
491 739 546 766 τῶν
570 739 729 774 μυστηρίων
749 738 973 774 προσεφερόμην·

184 787 216 813 τὸ
231 787 258 813 δὲ
275 787 323 821 τῆς
339 786 450 821 ἀγάπης
468 786 535 821 πρὸς
551 787 615 818 τοῦς
630 785 761 819 ἀδελφοὺς
778 784 913 819 σύμϐολον
930 785 975 811 οὺ-

184 833 280 868 δαμῶς
295 832 494 869 παρῃτούμην·
518 834 580 860 οὐδε
592 833 648 868 γὰρ
670 832 852 867 ἀνθρωπίνοις
872 831 974 866 στόμα-

185 887 239 911 σιν,
259 878 316 905 ἀλλ’
337 879 494 914 ἀνθρώποις
513 879 564 914 τὴν
585 878 734 913 ἀγγελικὴν
753 878 882 911 ζηλοῦσιν
901 878 972 906 άπά-

184 925 262 952 θιιαν
279 927 429 960 προσάγειν
452 926 575 960 ἐμαυτὴν
592 925 795 960 ὑπελάμϐανον.

222 972 250 998 1¹.
268 971 337 1007 Πρὸς
351 971 379 998 δὲ
404 971 454 1006 τὴν
473 971 589 1006 συνετὴν
606 970 709 1006 ταύτην
723 970 871 1006 ἀπόκρισιν
886 971 901 997 ὸ
918 970 971 996 Βα-

185 1018 276 1050 σιανδς
289 1017 446 1050 ἐκπλαγεὶς,
464 1017 519 1043 Καὶ
547 1016 591 1042 διὰ
609 1016 634 1042 τί
654 1016 692 1051 μὴ
710 1015 795 1050 ἑτέρῳ
812 1023 973 1051 φροντιστη·

185 1064 247 1099 ρίῳ,
263 1064 341 1098 φηςὶ,
366 1064 414 1090 καὶ
436 1060 458 1097 ᾧ
471 1062 593 1096 γυναιξὶν
613 1063 720 1097 ἐφεῖται
731 1061 837 1094 διάγειν
855 1060 972 1096 σεαυτὴν

184 1108 383 1142 ἐγκατέλεξας;
402 1108 435 1134 Ἦ
449 1107 488 1141 δὲ,
508 1107 607 1142 μικρὸν
624 1106 776 1141 ἐπισχοῦσα
791 1107 838 1133 καὶ
858 1105 888 1132 τὸ
903 1105 971 1132 πολὺ

184 1151 232 1178 τοῦ
253 1151 327 1182 δέους
352 1152 520 1187 ἀποθεμένη,
541 1151 589 1178 au
617 1151 666 1177 καὶ
694 1150 823 1185 ἀφορμὴν
851 1149 972 1177 λαϐοῦσα

185 1197 291 1224 πλείοσι
305 1197 373 1232 πρδς
386 1197 535 1230 ἀπολογίαν
547 1196 703 1232 χρήσασθαι
719 1196 821 1230 λόγοις,
836 1196 906 1223 κατὰ
924 1195 972 1230 μὲ-

185 1252 232 1278 ρος
247 1244 319 1275 ὅπως
332 1241 390 1277 εἷχε
404 1244 438 1270 τὰ
452 1243 512 1269 καθ’
534 1242 632 1278 ἑαυτὴν
652 1241 845 1274 ἐξεκάλυπτεν.
858 1241 896 1273 ὼς
911 1249 973 1268 συν-

183 1288 284 1324 αφθείη
299 1289 349 1324 μὲν
362 1289 433 1316 κατὰ
448 1288 546 1323 νόμους
560 1288 636 1323 ἀνδρὶ
650 1289 698 1314 καὶ
713 1287 778 1321 μιᾶς
795 1287 889 1322 μήτηρ
905 1286 971 1322 κλη-

183 1336 245 1370 θείη
261 1336 365 1367 παιδὸς,
392 1335 482 1369 διάγοι
494 1335 523 1361 δὲ
537 1334 601 1366 ὅλας
617 1333 718 1366 νύκτας
735 1334 790 1365 τοῖς
802 1333 858 1360 τῶν
886 1333 971 1367 ἁγίων

182 1381 372 1416 ἑνδιαιτήμασι
387 1381 575 1416 διατρίϐουσα,
595 1380 642 1407 καὶ
655 1381 693 1412 ὡς
718 1379 795 1415 παρὰ
808 1379 856 1406 τοῦ
885 1388 972 1406 συνοι-

183 1426 294 1458 κοῦντος
321 1426 387 1453 ποτὲ
404 1426 454 1460 μὲν
471 1425 658 1457 ἀπειλοῦντος,
676 1425 742 1451 ποτὲ
759 1425 788 1451 δὲ
803 1426 850 1452 καὶ
863 1425 972 1459 πληγὰς

180 1472 358 1504 ἄντεινοντος,
374 1473 423 1506 τῆς
437 1471 564 1506 τοιαύτης
573 1470 730 1506 ἑπισχεθείη
742 1470 832 1506 ὁρμῆς
846 1472 893 1498 καὶ
904 1479 972 1506 προ-

179 1517 294 1549 θέσεως,
326 1518 373 1544 καὶ
391 1517 429 1548 ὡς
458 1517 553 1552 ζητοίη
570 1516 632 1543 τινὰ
653 1516 818 1551 προφάσεως
846 1516 972 1551 μηχανὴν

178 1564 244 1598 ἥτις
256 1564 303 1590 καὶ
317 1562 362 1589 τὸν
374 1562 458 1597 ἄνδρα
474 1561 684 1597 παρασκευάσει
704 1560 797 1588 λαθεῖν
811 1560 858 1587 καὶ
870 1561 971 1595 ἑαυτὴν

175 1609 216 1635 τὰ
229 1608 298 1635 κατὰ
311 1607 425 1642 γνώμην
439 1606 537 1634 τελεῖν.
554 1607 665 1638 Τούτοις
677 1605 786 1642 ἐπεξῄει
800 1606 846 1632 καὶ
859 1605 909 1641 τὴν
921 1607 972 1641 τῆς

178 1653 279 1685 παιδὸς
306 1653 373 1687 πρὸς
404 1652 454 1687 τὴν
470 1651 615 1678 Σωσάνναν
644 1651 814 1686 ἐγχείρησιν,
829 1651 876 1677 καὶ
895 1651 971 1682 τέλος

180 1700 267 1733 ἐπῆγε
283 1698 333 1733 τὴν
347 1699 418 1725 κατὰ
433 1698 497 1729 τοὺς
511 1697 612 1729 ὕπνους
635 1697 700 1724 θέαν
712 1697 749 1728 ὡς
765 1698 904 1731 φεύγουσα
925 1696 971 1723 τέιν

180 1744 265 1778 ἄνδρα
280 1744 450 1778 μοναξόντων
465 1743 552 1770 ἐδόκει
563 1742 766 1778 περισεσῶσθαι
783 1743 887 1778 χερσὶν,
898 1742 913 1769 ὃ
925 1743 971 1770 καὶ

182 1790 294 1816 συνεῖσα
306 1790 345 1821 εἰς
358 1789 417 1816 τόδε
444 1789 475 1816 τὸ
489 1789 584 1824 σχῆμα
611 1788 783 1824 μετήμειψεν
807 1788 910 1824 ἑαυτὴν
923 1789 971 1815 καὶ

181 1835 269 1871 αὐτὴν
285 1836 335 1871 τὴν
349 1836 535 1871 προσηγορίαν
553 1835 756 1870 μεταϐαλοῦσα.
771 1835 879 1862 Τούτων
891 1836 904 1862 ύ
918 1836 971 1862 Βα-

182 1881 275 1913 σιανδς
284 1880 415 1913 ἀκούσας,
426 1881 510 1908 καὶτὸ
527 1881 592 1915 περὶ
608 1880 718 1907 σύνεσιν
734 1880 819 1915 αὐτῆς
843 1881 969 1912 ἐκτόπως

181 1926 228 1960 όεὺ
245 1927 275 1953 ἐν
303 1926 423 1961 Θαύματι
451 1926 645 1961 ποιησάμενος,
670 1927 718 1953 καὶ
734 1926 765 1952 τὸ
780 1927 828 1960 τῆς
841 1925 971 1961 προαιρέ-

182 1980 253 2004 σεως
268 1972 417 1999 ἀπόδεκτον
430 1972 622 2006 λογισάμενος,
632 1972 656 1998 εί
668 1973 737 2006 πρὸς
748 1972 778 1998 τὸ
790 1972 882 1998 λοιπὸν
896 1972 971 2006 αἱρο-

181 2018 226 2050 τδς
239 2019 254 2045 ό
268 2019 322 2045 τῶν
347 2018 473 2053 μοναχῶν
490 2018 547 2053 βίος
566 2019 636 2054 αὐτῇ
658 2018 835 2046 ὶπυνθάνετο.
856 2020 912 2053 Τῆς
928 2019 968 2049 δὲ,

183 2064 239 2090 Καὶ
262 2063 332 2096 λίαν,
357 2063 498 2098 εἰπούσης.
513 2063 557 2090 διὰ
572 2065 627 2099 γὰρ
650 2063 730 2091 τοῦτο
746 2064 849 2099 κόσμου
868 2073 898 2091 τε
923 2064 971 2091 καὶ

181 2109 236 2135 τῶν
259 2108 307 2135 τοῦ
323 2108 426 2142 κόσμου
454 2108 582 2142 γενέσθαι
598 2110 718 2145 μακρὰν,
733 2109 845 2144 Θάρσει,
862 2109 968 2141 τέκνον,

181 2154 306 2190 περὶτοῦ
325 2154 477 2190 μέλλοντος,
497 2155 512 2182 ό
536 2155 669 2184 Βασιανδς
686 2155 890 2190 άπεφθέγγετο,
909 2164 971 2182 νου-

181 2200 299 2236 θετήσας
311 2209 341 2227 τε
352 2200 405 2226 ὅσα
420 2200 555 2228 συνοίσειν
569 2201 716 2236 ἠπίστατο,
730 2201 767 2228 Τὸ
780 2202 885 2234 λοιπὸν,
895 2199 969 2235 εἶπε,

1029 279 1132 306 emittit
1145 279 1257 307 dicens:
1274 280 1332 307 Non
1350 281 1541 313 lentationem,
1555 290 1572 308 ο
1583 282 1706 312 domine.
1725 282 1819 310 volens

1028 325 1140 358 εποντο,
1164 332 1208 353 me
1232 325 1313 353 retuli
1341 326 1368 353 iu
1395 334 1543 353 numerum
1569 328 1608 354 tui
1634 329 1739 363 gregis,
1769 329 1818 355 sed

1028 371 1209 398 lentationem
1227 371 1319 404 potius
1336 370 1442 405 fugiens
1467 372 1502 397 ab
1526 371 1705 404 adversariis,
1728 377 1755 400 et
1777 373 1817 401 Ia-

1027 424 1114 452 queos
1134 416 1180 450 qui
1198 421 1262 442 sunt
1288 415 1315 442 in
1340 416 1454 449 mundo,
1481 416 1633 444 declinans.
1657 418 1707 445 Cui
1723 426 1819 446 rursus

1029 462 1171 497 respondit
1184 462 1346 489 Bassianus:
1361 462 1505 496 Quomodo
1518 467 1623 495 autem,
1638 471 1700 490 cum
1712 464 1750 491 sis
1758 472 1818 492 mu-

1027 509 1090 540 lier,
1106 508 1141 535 ad
1156 508 1247 535 divina
1267 513 1437 535 sacramenta
1461 509 1602 536 acecssisti
1620 511 1695 536 nudo
1716 510 1818 544 capite,

1027 559 1055 581 et
1077 554 1103 581 in
1122 554 1196 588 pacis
1212 555 1377 582 salutatione
1399 562 1430 582 os
1453 559 1530 581 tuum
1549 562 1645 583 secure
1666 556 1816 584 exhibuisti

1028 599 1183 626 fratribus?
1201 598 1248 626 Illa
1262 608 1343 627 vero:
1359 600 1437 634 Quod
1457 600 1492 628 ad
1511 600 1604 628 divina
1619 602 1729 636 quidem
1745 603 1817 630 dona

1026 645 1136 677 attinet.
1164 645 1263 680 inquit,
1283 647 1416 673 simulans
1437 646 1665 679 imbecillitatem,
1686 656 1741 676 non
1756 656 1817 676 om-

1026 689 1093 716 nino
1115 690 1242 718 auferens
1258 696 1377 726 tegmen,
1394 690 1467 725 quod
1484 695 1543 718 erat
1560 691 1588 718 in
1611 692 1711 726 capite,
1728 693 1764 720 ita
1782 694 1816 721 ad

1026 741 1261 763 sacramentorum
1280 736 1444 763 accedebam
1467 737 1707 766 communionem:
1726 739 1817 766 chari-

1027 781 1090 808 tatis
1105 787 1196 809 autem
1211 782 1284 817 apud
1303 783 1403 810 fratres
1418 783 1528 818 signum
1545 790 1686 818 nunquam
1703 792 1814 813 recusa-

1025 826 1098 854 bam.
1117 827 1211 862 Neque
1227 827 1302 855 enim
1321 828 1465 855 hominum
1488 829 1619 860 vultibus,
1633 828 1681 856 sed
1696 830 1815 858 homini-

1026 871 1079 900 bus
1099 873 1248 907 angelicam
1271 874 1442 901 imitantibus
1468 873 1720 908 imoatibilitatem,
1746 875 1815 903 mei-

1024 925 1100 953 psam
1118 919 1218 946 oll‘erre
1236 919 1439 947 existimabam.

1058 965 1092 992 Χ.
1120 964 1278 999 Sapientem
1303 972 1395 994 autem
1423 968 1631 1003 responsionem
1662 967 1816 996 admiratus

1022 1009 1169 1038 Bassianus
1179 1011 1231 1039 :.Et
1240 1019 1289 1038 cur
1300 1020 1365 1044 non,
1378 1013 1480 1047 inquit,
1493 1014 1520 1040 in
1536 1015 1664 1046 alterum,
1674 1022 1691 1041 ο
1705 1013 1815 1045 mulier.

1023 1060 1049 1083 te
1065 1056 1205 1086 contulisti
1222 1059 1431 1091 monasterium,
1445 1064 1474 1086 et
1489 1059 1517 1086 in
1531 1059 1605 1094 quod
1623 1060 1689 1088 licet
1704 1059 1811 1095 ingredi

1023 1102 1207 1130 mulieribus?
1223 1102 1270 1130 Illa
1285 1109 1377 1131 autem
1388 1112 1449 1131 cum
1466 1112 1496 1132 se
1510 1112 1606 1139 parum
1625 1105 1814 1136 sustinuisset,

1022 1152 1050 1175 et
1065 1147 1192 1175 timorem
1207 1149 1384 1182 excussisset,
1399 1155 1429 1177 ut
1443 1158 1504 1184 quae
1523 1151 1675 1185 accepisset
1691 1151 1815 1178 occasio-

1022 1201 1084 1221 nem
1100 1194 1196 1222 utendi
1221 1195 1346 1228 pluribus
1361 1196 1453 1224 verbis
1473 1196 1506 1224 ad
1522 1196 1722 1229 defensionem,
1743 1204 1814 1231 quo-

1023 1239 1105 1266 modo
1131 1247 1174 1267 res
1193 1240 1254 1275 ejus
1277 1248 1306 1268 se
1322 1241 1465 1273 haberent,
1492 1242 1649 1276 singulatim
1665 1243 1812 1277 exposuit:

1024 1284 1096 1318 quod
1110 1285 1209 1312 marito
1221 1285 1332 1320 quidem
1348 1285 1444 1313 fuisset
1458 1286 1581 1321 legitimo
1593 1287 1742 1321 conjuncta
1756 1295 1814 1314 ma-

1024 1329 1166 1362 trimonio,
1183 1335 1210 1357 et
1231 1337 1326 1357 vocata
1341 1335 1414 1358 esset
1433 1336 1521 1358 mater
1545 1332 1628 1359 unius
1646 1331 1726 1364 filia;
1742 1335 1814 1360 totas

1022 1379 1115 1402 autem
1140 1380 1238 1403 noctes
1262 1381 1422 1404 versaretur
1445 1377 1473 1404 in
1497 1382 1656 1405 sanctorum
1684 1378 1813 1410 ccetibus,

1022 1424 1050 1448 et
1064 1421 1138 1455 quod
1159 1421 1192 1448 ab
1213 1429 1246 1448 eo
1262 1422 1309 1456 qui
1329 1430 1391 1449 cum
1407 1430 1440 1450 ea
1456 1423 1645 1455 cobabitabat,
1665 1423 1814 1458 aliquando

1023 1465 1133 1500 quidem
1152 1466 1282 1500 minante,
1303 1468 1452 1502 aliquando
1476 1473 1568 1496 autem
1589 1469 1681 1504 plagas
1701 1476 1814 1504 quoque

1024 1512 1188 1544 intentantc,
1200 1513 1338 1540 retardata
1353 1514 1449 1541 fuisset
1464 1514 1498 1541 ab
1509 1522 1543 1543 eo
1555 1515 1695 1543 desiderio
1708 1519 1736 1542 et
1750 1520 1814 1550 pro-

1024 1558 1125 1592 posito,
1138 1563 1165 1584 et
1178 1559 1251 1592 quod
1268 1559 1441 1592 quasivisset
1455 1560 1577 1595 aliquam
1596 1561 1743 1593 rationem,
1759 1568 1813 1595 qua

1024 1607 1115 1637 posset
1140 1603 1223 1630 latere
1245 1605 1384 1637 maritum,
1404 1609 1431 1632 et
1458 1613 1486 1632 se
1509 1613 1541 1633 ex
1565 1613 1612 1633 sua
1636 1613 1731 1640 gerere
1749 1613 1814 1633 sen-

1024 1648 1118 1675 tentia.
1144 1648 1207 1675 Post
1230 1648 1288 1676 lucc
1313 1650 1542 1684 persequebatur,
1567 1650 1707 1685 quomodo
1729 1650 1813 1678 filiam

1024 1693 1182 1720 tradidisset
1197 1693 1338 1727 Sosanne,
1355 1699 1383 1723 et
1403 1695 1512 1723 tandem
1526 1695 1619 1723 intulit
1632 1703 1693 1724 eam
1708 1703 1769 1731 qua
1784 1696 1814 1724 in

1021 1740 1126 1767 somnis
1140 1741 1279 1775 apparuit,
1295 1741 1440 1774 visionem,
1457 1742 1530 1777 quod
1546 1741 1655 1777 fugiens
1672 1742 1814 1775 maritum,

1021 1785 1168 1813 videbatur
1195 1787 1279 1815 tuisse
1305 1793 1412 1815 servata
1440 1788 1567 1816 manibus
1592 1789 1811 1816 monachorum.

1022 1831 1099 1864 Quod
1116 1831 1228 1867 quidem
1244 1833 1411 1867 intelligens.
1428 1834 1545 1869 seipsam
1563 1836 1680 1863 mulavit
1693 1836 1721 1863 in
1739 1835 1813 1863 hunc

1022 1877 1158 1909 habitum,
1176 1878 1235 1912 ipso
1261 1886 1371 1914 quoque
1388 1884 1495 1906 mutato
1512 1880 1634 1908 nomine.
1661 1880 1724 1908 Haec
1748 1888 1812 1908 cum

1021 1923 1156 1950 audiisset
1178 1922 1334 1957 Bassianus,
1358 1928 1388 1951 et
1404 1932 1467 1952 acre
1490 1925 1550 1960 ejus
1569 1925 1710 1961 ingenium
1732 1925 1812 1953 valde

1020 1972 1093 1996 esset
1110 1968 1269 2000 admiratus,
1289 1973 1318 1996 et
1336 1970 1540 1998 considerasset
1556 1971 1730 2005 propositum
1750 1971 1813 2006 ejus

1021 2014 1235 2047 admittendum,
1257 2015 1375 2049 rogavit,
1397 2023 1432 2042 an
1456 2016 1489 2043 de
1512 2021 1613 2044 caetero
1628 2020 1702 2044 esset
1715 2017 1741 2043 ei
1756 2017 1813 2043 vita

1021 2060 1146 2095 eligenda
1162 2060 1325 2087 monastica.
1341 2059 1409 2088 Cum
1425 2069 1457 2089 ea
1476 2066 1567 2089 autem
1582 2062 1715 2090 dixisset:
1727 2062 1814 2090 Maxi-

1022 2113 1078 2137 me,
1099 2109 1247 2140 propterea
1263 2105 1337 2133 enim
1351 2114 1381 2133 se
1401 2114 1417 2133 a
1439 2108 1552 2140 mundo,
1570 2112 1599 2136 et
1613 2108 1648 2135 iis
1668 2116 1730 2143 qua
1749 2114 1814 2136 sunt

1021 2151 1128 2182 mundi.
1142 2151 1289 2179 recessisse
1301 2160 1308 2179 :
1328 2152 1365 2179 De
1382 2157 1482 2181 caetero
1495 2153 1614 2187 confide,
1628 2161 1645 2181 ο
1659 2154 1727 2187 ﬁlia,
1743 2153 1814 2182 dixit

1021 2196 1177 2224 Bassianus.
1192 2197 1227 2224 Et
1240 2204 1302 2225 eum
1318 2205 1350 2225 ea
1364 2198 1485 2226 dedisset
1498 2200 1613 2231 monita,
1629 2207 1691 2235 quae
1708 2200 1814 2228 sciebat

179 2249 286 2281 τέκνον,
299 2247 426 2283 άνάδημα
440 2248 602 2283 περιθέσθαι
620 2255 650 2274 σε
671 2248 705 2283 τῇ
731 2247 835 2282 κεφαλῇ
855 2246 901 2273 διὰ
922 2247 968 2273 τὸν

1023 2243 1046 2269 εἰ
1063 2250 1125 2270 esse
1140 2243 1283 2278 profutura
1296 2252 1303 2272 :
1321 2244 1358 2271 De
1370 2249 1481 2278 caetero,
1499 2245 1599 2280 inquit,
1614 2253 1631 2273 ο
1643 2245 1710 2280 ﬁlia,
1727 2254 1812 2281 opor—

180 2294 229 2329 τῆς
246 2293 354 2327 φύσεως
378 2293 459 2328 νόμον
473 2294 620 2329 προσήκει,
648 2293 814 2327 προσμένειν
836 2300 867 2318 τε
883 2292 970 2324 οὕτως

180 2339 304 2366 εὐδοκίαν
326 2339 376 2374 τὴν
401 2339 516 2372 ἄνωθεν,
533 2340 582 2367 καὶ
594 2340 634 2366 ὅτι
647 2340 697 2368 καὶ
712 2339 795 2371 αὐτὸς
810 2339 845 2366 τὰ
865 2338 969 2367 δυνατὰ

180 2389 367 2424 συμπράττειν
380 2388 412 2415 οὗ
424 2388 596 2424 περιόψεται.

216 2479 268 2507 IA’.
283 2478 361 2506 οὕτω
380 2479 413 2514 δὴ
431 2478 586 2514 τηνικαῦτα
609 2479 716 2507 ικεῖθεν
725 2479 910 2515 διαναστάσης
920 2480 971 2507 αὑ-

181 2526 243 2561 τῆς.
258 2526 272 2553 ό
286 2526 376 2552 πάντα
399 2525 468 2560 πρὸς
493 2526 524 2552 τδ
539 2526 680 2562 συμφέρον
702 2527 852 2562 οἰκονομῶν
867 2527 970 2564 Κύριος

181 2574 232 2599 καὶ
246 2572 294 2606 τὴν
308 2571 358 2606 τῆς
372 2570 528 2607 Ματρώνης
542 2572 626 2599 παῖδα
644 2571 692 2599 τοῦ
705 2572 764 2607 βίου
781 2573 909 2609 μεθίστη,
923 2574 970 2600 καὶ

181 2619 223 2650 εις
237 2618 333 2645 ἑαυτὸν
351 2618 590 2654 προσελάμϐανεν,
605 2618 649 2645 ῐνα
670 2618 708 2654 μὴ
731 2619 770 2653 τῷ
788 2618 899 2655 πονηρῷ
925 2619 972 2654 γέ·-

179 2672 252 2692 νοιτο
266 2663 326 2691 κατ’
342 2663 431 2699 αὐτῆς
444 2664 567 2700 ἀφορμὴ,
578 2665 625 2691 καὶ
636 2663 674 2695 ὡς
684 2664 734 2700 ήδη
750 2664 969 2698 διαγνωσθεῐσαν

177 2709 219 2737 ὅτι
229 2710 299 2746 γυνὴ
311 2708 355 2747 ἦν,
367 2711 400 2746 τῇ
421 2710 559 2746 προφάσει
573 2710 624 2744 τῆς
641 2711 705 2745 περὶ
721 2710 771 2745 τὴν
787 2710 871 2737 παῖδα
888 2719 970 2745 φρον-

179 2757 261 2790 τίδος,
279 2757 333 2785 ἀπὸ
345 2757 396 2793 τῆς
411 2757 549 2793 θειοτέρας
579 2756 666 2792 αὐτὴν
682 2757 798 2791 κατάγοι
820 2757 968 2794 μερίμνης,

179 2805 227 2831 καὶ
241 2805 274 2838 τῇ
291 2804 398 2840 διανοίᾳ
413 2803 513 2838 ταύτης
528 2803 677 2838 λογισμοὺς
695 2802 827 2840 ἑνσπειρῃ
847 2803 909 2835 τοὺς
925 2812 970 2830 κο-

180 2850 308 2883 σμικούς.
323 2851 407 2879 Ὀθεν
419 2851 448 2877 ού
462 2850 573 2883 πένθος,
586 2849 644 2877 ἀλλ’
659 2849 757 2885 ἡδονὴν
769 2850 817 2877 ἰπὶ
828 2850 866 2885 τῷ
882 2850 969 2886 πράγ-

183 2904 248 2932 ματι
263 2899 482 2934 προσιλάμὸανε,
500 2898 531 2926 τὸ
549 2896 672 2934 πραχθὲν
683 2897 733 2925 οὐκ
748 2896 886 2933 ἀποϐολὴν
896 2897 968 2925 τιθε-

1027 2291 1066 2315 tet
1091 2292 1116 2315 te
1132 2288 1228 2316 vittam
1250 2293 1296 2316 tuo
1319 2290 1401 2324 capiti
1425 2291 1566 2325 imponere
1590 2295 1704 2326 propter
1725 2292 1813 2326 legem

1024 2337 1139 2365 natura,
1160 2337 1188 2361 et
1209 2334 1249 2361 sic
1263 2342 1410 2369 supernam
1434 2341 1595 2370 exspectare
1618 2337 1812 2369 vocationem;

1024 2386 1075 2407 nec
1088 2387 1118 2406 se
1132 2387 1162 2407 ea
1174 2380 1244 2408 dixit
1257 2381 1458 2416 neglecturum,
1469 2389 1530 2417 quae
1541 2382 1574 2409 ad
1588 2390 1668 2417 opem
1681 2383 1708 2410 ei
1722 2382 1815 2410 feren-

1023 2425 1086 2453 dam
1102 2426 1254 2461 pertinent.

1060 2483 1107 2510 XI.
1122 2483 1190 2512 Cum
1207 2484 1264 2519 ipsa
1278 2485 1317 2512 sic
1343 2489 1409 2513 tunc
1423 2485 1500 2513 illinc
1521 2487 1696 2521 recessisset,
1716 2489 1813 2516 Domi~

1024 2536 1088 2561 nus,
1103 2530 1152 2565 qui
1171 2531 1263 2558 omnia
1285 2531 1430 2566 dispensat
1450 2532 1485 2560 ad
1510 2533 1537 2560 id
1556 2534 1631 2568 quod
1658 2539 1702 2562 est
1731 2535 1812 2568 utile.

1024 2575 1110 2602 ﬁliam
1127 2575 1259 2604 Matrona:
1271 2577 1337 2604 fecit
1351 2586 1367 2605 e
1381 2578 1437 2606 vita
1450 2579 1598 2612 excedere,
1612 2584 1642 2607 et
1659 2579 1693 2607 ad
1714 2588 1745 2608 se
1769 2588 1815 2608 as-

1024 2621 1153 2656 sumpsit,
1170 2629 1204 2650 ne
1218 2622 1355 2651 adversus
1369 2624 1456 2658 ipsam
1468 2629 1542 2652 esset
1554 2625 1677 2660 maligno
1690 2627 1812 2659 occasio,

1022 2669 1052 2694 et
1067 2674 1099 2694 ne
1114 2675 1175 2694 eam
1190 2669 1338 2703 quamjam
1355 2669 1496 2704 cognitum
1523 2675 1600 2698 esset
1628 2678 1692 2698 esse
1715 2672 1814 2699 mulie-

1025 2720 1096 2744 rem,
1115 2719 1248 2747 pratextu
1264 2723 1338 2743 cura:
1354 2718 1482 2752 gerendae
1495 2718 1529 2745 de
1548 2718 1614 2751 filia,
1633 2727 1649 2746 ι
1673 2719 1813 2748 diviniore

1023 2759 1177 2788 deduceret
1193 2762 1393 2797 sollicitudine,
1416 2769 1443 2792 el
1462 2765 1489 2792 in
1505 2766 1567 2801 ejus
1585 2766 1679 2794 animo
1695 2766 1814 2794 munda-

1023 2814 1072 2833 nas
1093 2806 1230 2835 insereret
1241 2809 1433 2844 cogitationes.
1453 2811 1637 2845 Quamobrem
1663 2819 1717 2840 non
1734 2812 1813 2840 dolo—

1024 2859 1095 2885 rem,
1108 2853 1156 2880 sed
1173 2854 1342 2889 voluptatem
1361 2863 1394 2883 ex
1410 2864 1442 2884 ea
1458 2865 1488 2885 re
1514 2858 1620 2894 accepit
1639 2867 1647 2886 :
1677 2858 1751 2893 quod
1773 2859 1813 2887 fa-

1023 2902 1099 2926 ctum
1111 2904 1181 2935 erat,
1192 2908 1248 2929 non
1265 2909 1327 2931 esse
1337 2906 1463 2933 statuens
1479 2904 1542 2934 lilia
1556 2904 1750 2936 amissionem.
1762 2905 1812 2934 sed
