2056 3151
263 178 315 210 931

264 280 443 316 positionem.
456 278 517 313 ipsa
529 286 596 313 ergo
607 278 713 305 latebat
735 277 807 312 apud
824 277 989 308 Sosannam,
1003 281 1051 303 aut

264 327 337 353 Deus
364 324 458 359 potius
482 331 541 350 eam
564 323 693 350 servabat
709 330 759 357 per
776 323 940 350 Sosannam.
969 322 1051 349 Fama

264 376 369 403 autem,
381 378 413 397 ea
430 378 491 405 qua!
507 370 542 397 ab
556 370 612 404 ipsa
625 371 695 396 facta
711 374 799 401 erant,
822 369 927 403 ubique
941 375 1052 394 annun-

265 417 363 449 tiabat,
385 421 413 443 et
430 415 475 442 hic
489 420 567 442 actus
578 415 611 441 ad
628 422 709 441 aures
725 415 848 441 omnium
860 414 1051 448 permanabat.

264 463 325 496 Quo
340 463 444 490 factum
461 466 514 494 est,
532 466 561 488 ut
579 462 696 488 maritus
709 462 769 496 ejus
794 461 966 487 Domitianus
984 468 1051 494 pau-

264 508 341 535 latim
353 515 458 534 venans
472 507 630 538 veritatem,
642 511 672 533 ut
691 506 736 541 qui
758 514 813 533 non
831 510 966 533 cessasset
985 514 1052 532 uxo-

263 561 322 581 rem
338 561 415 580 suam
428 553 608 588 investigare,
627 558 773 587 postquam
786 552 892 586 reliqua
911 553 981 579 obiit
993 560 1051 579 mo-

263 600 397 632 nasteria,
416 599 448 626 ad
467 599 535 626 illud
551 606 662 634 quoque
676 599 762 631 venit,
787 599 814 625 in
828 606 883 633 quo
906 598 984 625 beata
1001 598 1052 624 Fuit

264 650 383 677 versata,
400 645 533 679 quasdam
552 652 607 671 non
621 652 765 679 expressas
787 649 815 671 et
834 645 979 671 indecoras
1002 652 1050 671 vo-

261 698 309 717 ces
324 698 381 725 pra
397 691 436 717 ira
452 691 594 723 eminens,
621 691 777 725 importune
799 690 874 718 iores
891 691 1004 725 pulsans
1019 694 1048 718 et

264 736 413 768 insultans,
442 737 561 763 dicendo
589 745 597 763 :
625 736 754 769 Quaenam
775 743 818 764 est
840 744 872 764 ea
893 737 946 767 vis,
969 745 1051 771 quam

267 781 336 807 mihi
351 781 507 808 attulistis?
528 781 658 813 Quasnam
679 785 721 808 est
739 782 797 808 haec
815 789 912 816 magna
929 781 1053 816 injuria?

265 826 384 854 Pulchra
397 831 483 860 certe,
496 835 512 854 ο
527 827 668 859 monachi,
682 828 799 862 pulchra
814 832 879 855 sunt
891 828 1051 861 admodum,

256 881 325 908 quae
345 881 359 900 a
372 873 451 901 vobis
464 874 535 901 facta
552 878 629 901 sunt.
646 874 701 900 Cur
721 881 780 906 eos,
800 874 846 908 qui
860 879 925 902 sunt
936 874 1053 908 pulchre

264 919 417 953 conjuncti,
441 927 489 946 vos
514 920 585 946 male
610 919 693 946 vultis
720 919 862 946 dividere?
890 919 956 946 Date
986 919 1051 946 mihi

266 972 355 991 meam
373 966 435 991 vitae
451 965 568 992 sociam.
588 965 656 993 Date
669 972 741 998 eam,
753 972 814 999 qua:
834 968 877 992 est
893 965 960 992 mihi
985 972 1054 992 cou-

263 1010 357 1046 juncta
375 1011 493 1046 legibus.

301 1055 360 1082 Xll.
376 1056 437 1083 Haec
450 1060 478 1083 et
494 1056 528 1084 iis
545 1056 635 1091 plura,
661 1056 801 1084 desiderio
815 1057 905 1084 victus
920 1061 946 1084 et
968 1057 1053 1084 animi

264 1102 443 1137 aegritudine,
458 1110 525 1129 voce
542 1104 696 1137 interrupta
713 1111 728 1130 a
752 1103 858 1136 dolore,
876 1104 1051 1131 exclamavit.

265 1149 378 1177 Audivit
396 1155 488 1177 autem
505 1150 538 1177 ab
551 1150 617 1184 ipsis
635 1150 711 1177 :Nos
726 1158 839 1177 uxorem
853 1151 963 1185 quidem
979 1155 1052 1177 tuam

263 1202 320 1222 non
336 1195 494 1230 accepimus
525 1195 626 1231 (neque
651 1196 724 1222 enim
743 1196 783 1223 ias
808 1201 850 1224 est
868 1196 976 1223 femina:
992 1204 1055 1231 per-

264 1242 375 1269 mittere
402 1242 557 1276 ingressum
592 1242 620 1268 in
650 1243 874 1277 monasterium),
894 1243 1053 1270 eunuchum

264 1292 357 1315 autem
386 1287 533 1322 quemdam
558 1289 736 1318 monachum,
762 1288 875 1314 nomine
911 1287 1053 1322 Babylam,

264 1333 369 1360 scimus
392 1332 485 1366 aliquo
513 1336 636 1366 tempore
666 1333 812 1359 nobiscum
839 1333 924 1359 vitam
950 1333 1053 1367 egisse,

265 1378 367 1406 deinde
390 1382 505 1413 repente
524 1382 661 1404 mutatum
679 1379 810 1406 statuisse
833 1379 970 1414 proﬁcisci
990 1379 1053 1407 Hie-

265 1428 412 1460 rosolyma.
430 1424 500 1451 Eum
515 1431 581 1458 ergo
609 1431 671 1450 cum
697 1423 813 1451 haberet
845 1425 915 1451 hanc
944 1432 1053 1452 causam

266 1476 382 1504 peregre
402 1468 609 1503 proﬁciscendi,
631 1468 725 1496 multis
747 1474 811 1496 ante
828 1469 928 1496 diebus
942 1477 957 1496 a
975 1470 1054 1497 nobis

266 1515 431 1542 discessisse
445 1515 635 1550 cognovimus.
651 1515 770 1543 Ubinam
796 1520 888 1543 autem
910 1523 984 1543 nunc
1006 1516 1054 1543 de-

265 1564 322 1595 gat,
339 1561 378 1588 illi
397 1561 448 1588 soli
464 1561 581 1588 omnino
595 1566 637 1588 est
651 1562 802 1596 cognitum,
816 1562 895 1597 cujus
908 1563 995 1589 oculis
1010 1562 1052 1589 ni-
1068 1579 1089 1607 α

266 1607 305 1633 hil
321 1612 363 1634 est
382 1607 456 1642 quod
476 1615 531 1634 non
549 1607 636 1641 possit
664 1608 761 1642 aspici.
780 1607 858 1640 Quod
881 1612 973 1635 autem
995 1608 1053 1636 hanc

264 1659 330 1679 vera
347 1652 414 1685 sint,
427 1653 575 1680 testabitur
598 1652 746 1680 universus
774 1653 892 1687 populus
921 1653 1051 1680 civitatis.

265 1696 329 1723 Haec
343 1704 406 1724 cum
424 1697 576 1724 audivisset
599 1697 786 1728 Domitianus,
802 1702 829 1724 et
845 1697 995 1725 frustratus
1009 1707 1053 1725 es-

264 1746 308 1768 set
323 1747 414 1776 empto
429 1750 484 1770 suae
499 1742 699 1777 inquisitionis,
714 1747 741 1770 et
765 1743 840 1769 omni
866 1744 980 1777 pulchra
998 1745 1055 1779 pri-

267 1791 348 1813 vatus
365 1787 522 1819 occasione,
544 1794 573 1814 se
589 1788 714 1813 vertebat
730 1788 757 1814 in
780 1795 891 1815 omnem
920 1790 1052 1823 speciem,

266 1832 341 1866 quod
359 1839 403 1859 res
414 1833 439 1859 ei
454 1839 510 1859 non
535 1832 677 1864 cessisset,
702 1839 731 1859 se
748 1833 922 1867 cxcrucians,
941 1841 1054 1870 propter

267 1877 358 1904 zelum
387 1877 521 1910 irascens,
547 1883 659 1912 propter
683 1879 743 1913 ejus
771 1886 893 1906 amorem
925 1881 1054 1909 incitatus

268 1923 431 1957 cupiditate.
450 1925 539 1958 Atque
554 1924 599 1950 ille
620 1924 731 1958 quidem
750 1924 791 1952 sic
809 1926 934 1959 recessit,
955 1926 1055 1954 distra~

268 1974 331 1996 ctus
343 1969 387 1996 his
400 1969 486 1996 animi
504 1970 773 2004 perturbationibus.

306 2015 374 2042 Xlll.
392 2015 554 2042 Bassianum
572 2019 665 2043 autem
680 2016 782 2043 invasit
799 2024 897 2051 agmen
913 2025 1052 2052 curarum,

267 2068 303 2087 ne
317 2060 449 2087 Matrona
465 2061 567 2093 anima,
585 2068 646 2095 quae
669 2061 729 2096 ejus
752 2061 815 2089 ﬁdei
829 2064 975 2091 commissa
993 2064 1054 2092 iue-

267 2110 320 2139 rat,
336 2114 401 2133 vere
416 2106 549 2133 subiisset
565 2106 719 2138 interitum,
731 2112 759 2134 et
773 2115 834 2135 cum
846 2117 894 2136 eos
911 2111 1054 2137 accersiis-

268 2158 320 2183 set,
335 2153 380 2186 qui
396 2152 492 2178 ordine
506 2153 626 2186 quodam
644 2157 724 2180 erant
738 2154 819 2188 primi
834 2156 1051 2184 monachorum:

271 2199 327 2229 list,
357 2199 457 2232 inquit,
484 2199 565 2225 nobis
583 2199 701 2233 amplius
724 2200 956 2228 considerandum
973 2203 1005 2229 de
1021 2210 1052 2230 ea

830 171 1026 202 ADDENDA.
1047 183 1079 188 --
1098 169 1317 200 NOVEMBER.

264 243 280 262 a
299 233 377 261 curis
387 232 422 260 de
433 239 465 259 ea
478 230 615 266 susceptis
632 230 837 262 liberationem,
849 235 878 257 et
892 237 986 257 earum
1002 230 1050 257 de-

1105 229 1172 263 μένη
1204 228 1298 258 παιδος
1310 248 1317 259 ,

1344 227 1412 253 ἀλλὰ
1435 227 1491 253 τῶν
1518 228 1581 262 περὶ
1609 225 1711 261 ταύτην
1737 226 1886 260 φροντίδων

1101 273 1262 307 ἀπαλλαγὴν
1286 274 1332 300 καὶ
1358 273 1497 299 ἀπόθεσιν.
1521 271 1691 307 Ἐκρύπτετο
1712 272 1801 298 τοίνυν
1818 271 1885 307 αὕτη

1102 320 1177 354 παρὰ
1191 320 1328 355 Σωσάννῃ,
1342 319 1442 353 μᾶλλον
1458 319 1486 345 δὲ
1503 319 1517 344 ό
1528 319 1595 350 Θεὸς
1608 318 1652 344 διὰ
1668 318 1811 352 Σωσᾶ-ινης
1823 318 1887 345 ταύ-

1102 374 1151 401 την
1163 365 1321 400 ἐφύλαττεν.
1334 364 1364 391 'H
1377 365 1453 399 φήμη
1463 365 1490 391 δὲ
1503 365 1537 391 τὰ
1549 365 1618 391 κατὰ
1630 364 1731 399 ταύτην
1742 365 1886 399 ἁπανταχῆ

1104 412 1259 447 διήγγελλε,
1275 413 1321 438 καὶ
1335 412 1378 438 διὰ
1396 411 1486 444 πάσης
1502 410 1600 445 ἐχώρει
1623 411 1672 445 τῆς
1687 411 1770 446 ἀκοῆς
1784 411 1818 436 τὰ
1839 410 1886 437 τοῦ

1102 459 1251 495 δράματος.
1280 459 1338 492 Ἀφ’
1363 456 1397 493 ἧς
1414 460 1461 485 καὶ
1483 457 1646 491 Δομετιανὸς
1663 458 1677 483 ὀ
1690 457 1793 491 ταύτης
1817 458 1886 492 ἀνὴρ

1102 506 1174 532 κατὰ
1190 505 1287 540 μικρὸν
1304 505 1427 539 θηρεύων
1442 505 1490 538 τὴν
1502 504 1555 530 ἰὦν
1576 504 1730 538 γενομένων
1746 503 1886 538 ἀλήθειαν1

1103 553 1151 579 ἅτε
1172 552 1209 585 μὴ
1225 552 1401 585 παυσάμενος
1416 550 1449 577 τὰ
1470 551 1533 585 περὶ
1546 550 1595 584 τῆς
1606 551 1735 584 γυναικὸς
1750 551 1799 584 τῆς
1820 550 1887 581 ἰδίας

1105 599 1272 633 ἶχνηλατεῖν,
1288 598 1355 632 μετὰ
1367 597 1396 623 τὸ
1413 599 1458 624 καὶ
1472 597 1506 622 τὰ
1519 597 1601 623 λοιπὰ
1614 596 1766 630 περιελθεῖν
1779 605 1887 631 φροντι-

1104 644 1202 678 στήρια
1218 644 1266 669 καὶ
1281 643 1324 668 ἐπ’
1342 643 1431 668 ἐκεῖνο
1445 641 1510 668 ἔνθα
1527 644 1542 674 ἡ
1571 641 1695 676 μακαρία
1708 642 1830 677 διέτριψε
1845 642 1887 675 γι-

1104 697 1189 721 νεται,
1200 688 1323 722 ἀσήμους
1336 688 1412 718 τινὰς
1425 688 1477 714 ὑπὸ
1491 687 1578 721 θυμοῦ
1589 688 1637 713 καὶ
1646 687 1785 721 ἀκὸσμους
1798 687 1887 722 φωνὰς

1104 735 1194 768 ἀφιεὶς
1212 734 1371 768 θυροκοπῶν
1384 742 1413 760 τε
1426 733 1550 768 ἀκαίρως
1560 735 1606 759 καὶ
1619 733 1829 767 θρασυνόμενος,
1839 733 1888 765 Τίς

1104 782 1121 816 ὴ
1134 782 1197 816 περὶ
1213 781 1274 815 ἐμὲ,
1296 781 1392 814 λέγων,
1407 780 1464 815 βία,
1479 780 1505 806 τι
1521 780 1551 806 τὸ
1569 779 1642 815 μέγα
1655 780 1734 806 τοῦτο
1746 780 1887 814 ἁδίκημας

1104 825 1183 853 Καλά
1195 834 1237 860 γε,
1254 823 1276 852 ὦ
1294 827 1418 860 μοναχοὲ,
1432 826 1502 852 καλὰ
1514 825 1572 852 λίαν
1586 826 1620 852 τὰ
1633 825 1697 861 παρ’
1715 826 1794 860 ὑμῶν
1814 826 1890 860 γενό-

1107 879 1186 905 μενα.
1204 871 1263 897 Ἵνα
1274 871 1300 897 τί
1318 871 1379 902 τοὺς
1395 871 1485 902 καλῶς
1500 871 1685 904 συναφθέντας
1698 871 1774 905 ὑμεῖς
1798 871 1888 903 καλῶς

1071 899 1091 926 Β
1105 899 1220 950 διαιρεῖν
1234 899 1379 950 βούλεσθες
1395 916 1459 942 Δότε
1476 899 1521 950 μοι
1538 899 1662 942 σύνοικον
1731 899 1811 951 ἑμῆν·
1827 899 1888 943 δότε

1104 961 1153 997 τὴν
1167 962 1238 989 κατὰ
1250 962 1350 995 νόμους
1363 962 1425 996 ἐμοὶ
1435 962 1630 996 συναφθεῖσαν.

1141 1049 1288 1078 ΙΒ’.Τα.ὖτα
1296 1049 1344 1077 καὶ
1354 1049 1465 1076 πλείονα
1477 1049 1579 1076 τούτων
1589 1049 1664 1084 πόθῳ
1673 1049 1832 1084 κινούμενος
1844 1051 1890 1077 καὶ

1105 1098 1224 1131 ἀθυμίας
1240 1097 1397 1132 ἡττώμενος
1414 1096 1462 1123 καὶ
1480 1097 1528 1131 τὴν
1545 1097 1636 1131 φωνὴν
1651 1096 1703 1123 ὑπὸ
1727 1096 1774 1122 τοῦ
1787 1096 1888 1127 πάθους

1105 1143 1308 1177 ἑγκοπτόμενος
1328 1142 1435 1174 ἐξεὸόα,
1465 1143 1585 1168 Ἤκουσε
1608 1141 1636 1168 δὲ
1659 1142 1725 1176 παρ’
1738 1142 1838 1173 αὐτῶν,
1853 1141 1886 1173 ὡς

1110 1190 1207 1223 Ἡμεῖς
1225 1190 1274 1223 μὲν
1300 1190 1420 1222 γυναῖκα
1442 1188 1494 1214 οὐκ
1519 1188 1734 1222 εἰσδεδέγμιθα·
1755 1187 1821 1222 μηδὲ
1837 1188 1889 1222 γὰρ

1105 1232 1177 1260 εἶναι
1194 1234 1304 1267 θεμιτὸν
1314 1234 1345 1267 τῇ
1364 1235 1429 1268 μονῇ
1445 1234 1570 1267 γυναιξὶν
1581 1233 1707 1268 ἐφεῖσθαι
1718 1233 1767 1268 τὴν
1778 1233 1887 1260 εἴσοδον·

1106 1280 1234 1314 εὐνοῦχον
1247 1280 1275 1306 δέ
1299 1288 1360 1305 τινα
1377 1280 1493 1314 μοναχὸν
1507 1279 1631 1306 Βαὸὑλιιν
1642 1279 1714 1306 οὕτω
1723 1279 1889 1313 καλούμενον

1105 1327 1184 1360 ἴσμεν
1200 1325 1247 1351 ἐπὶ
1274 1326 1372 1361 καιροῦ
1386 1334 1457 1357 τινος
1484 1327 1532 1360 τὴν
1551 1326 1658 1361 σύναμα
1673 1327 1740 1361 ἡμῖν
1753 1326 1889 1361 διαγωγὴν

1106 1372 1302 1406 ποιησάμενον,
1318 1370 1378 1398 εἶτα
1395 1372 1504 1407 ἁθρόως
1520 1372 1721 1407 μεταὸάλλοντα
1734 1373 1784 1407 τὴν
1800 1372 1848 1398 ὲπὶ
1858 1371 1891 1398 τὰ

1111 1417 1288 1452 Ἰεροσόλυμα
1308 1418 1506 1452 βουλεύσασθαι
1523 1419 1704 1454 πορευθῆναι.
1728 1419 1829 1445 Τοῦτον
1845 1417 1891 1445 οὖν

1105 1462 1231 1497 τοιαύτην
1257 1463 1353 1497 ἔχοντα
1383 1465 1431 1498 τῆς
1453 1465 1608 1500 ἀποδημίας
1632 1465 1762 1492 ὑπόθεσιν
1788 1466 1820 1491 οὑ
1839 1465 1891 1499 πρὸ

1106 1509 1211 1536 πολλῶν
1224 1509 1326 1535 τούτων
1341 1509 1397 1535 τῶν
1413 1511 1523 1545 ἡμερῶν
1536 1511 1582 1545 ἀφ’
1598 1511 1676 1546 ἡμῶν
1689 1511 1836 1538 διαστάντα
1847 1520 1891 1544 γι-

1106 1555 1257 1589 νώσκομεν.
1280 1556 1366 1582 Ὀπου
1384 1556 1412 1582 δι
1429 1557 1478 1584 νῦν
1489 1557 1577 1590 διάγει
1596 1558 1669 1592 μόνῳ
1692 1558 1803 1589 πάντως
1820 1566 1892 1591 γνω-

1107 1600 1169 1627 στὸν
1183 1597 1213 1627 οὗ
1237 1601 1319 1636 μηδὲν
1338 1603 1395 1632 τοῖς
1420 1602 1568 1637 ὀφθαλμοῖς
1588 1603 1752 1638 ἀθεώρητον.
1785 1604 1846 1631 Ὅτι
1863 1604 1890 1630 δὲ

1106 1647 1193 1682 ἁληθῆ
1220 1647 1305 1674 ταῦτα
1335 1649 1536 1684 μαρτυρήσειεν
1553 1649 1587 1676 ἂν
1613 1650 1659 1676 καὶ
1674 1651 1704 1676 τὸ
1718 1651 1772 1676 πᾶν
1790 1650 1891 1685 πλῆθος

1104 1695 1154 1728 τῆς
1167 1694 1280 1725 πόλεως.
1310 1694 1420 1721 Τούτων
1434 1695 1552 1726 ἀκούσας
1568 1696 1581 1721 6
1595 1695 1759 1730 Δομετιανὸς
1780 1698 1826 1723 καὶ
1841 1697 1890 1730 τῆς

1105 1742 1170 1776 περὶ
1180 1741 1229 1775 τὴν
1241 1741 1353 1775 ζήτηςιν
1368 1741 1566 1775 ἀποκρουσθεὶς
1582 1742 1765 1776 ἐγχειρήσεως
1776 1742 1892 1775 εὐπροσ-

1105 1787 1180 1813 ώπου
1194 1795 1223 1813 τε
1238 1787 1329 1821 πάσης
1337 1787 1464 1822 ἀφορμῆς
1473 1786 1624 1822 στερηθεὶς,
1635 1789 1761 1818 παντοῖος
1775 1788 1888 1820 ἐγίνετο,

1104 1833 1148 1859 διὰ
1163 1833 1212 1868 τὴν
1226 1834 1374 1868 ἀποτυχίαν
1403 1834 1562 1868 ἀνιώμενος,
1579 1833 1623 1860 διὰ
1635 1835 1680 1860 τὸν
1698 1833 1778 1868 ζῆλον
1790 1834 1890 1868 θυμού-

1107 1887 1197 1913 μενος,
1225 1879 1269 1905 διὰ
1293 1880 1323 1905 τὸ
1354 1880 1419 1915 πρὸς
1441 1880 1525 1915 αὐτὴν
1544 1880 1653 1915 φίλτρον
1669 1880 1717 1914 τὴν
1744 1880 1890 1914 ἐπιθυμίαν

1106 1925 1304 1960 ἐρεθιζόμενος.
1325 1926 1446 1957 Ἐκεῖνος
1462 1926 1512 1961 μὲν
1534 1925 1580 1952 οὖν
1593 1926 1680 1957 οὕτως
1704 1927 1786 1962 ἀπῄει
1803 1926 1889 1953 τοιοὺ-

1105 1978 1161 2001 τοις
1179 1970 1275 1997 πάθεσι
1295 1970 1482 2006 μεριζόμενος.

1141 2018 1189 2044 Il".
1209 2017 1254 2052 Τῷ
1278 2017 1305 2043 δὲ
1321 2017 1444 2052 Βαστανῴ
1460 2018 1607 2052 φροντίδων
1625 2018 1764 2044 ἐπετίθετο
1786 2018 1888 2052 σμῆνος

1104 2063 1179 2094 ὅπως
1200 2064 1234 2098 ἢν
1262 2063 1409 2097 ἐπιστεύθη
1434 2064 1482 2097 τῆς
1496 2063 1647 2098 Ματρώνης
1671 2063 1773 2098 ψυχὴν,
1789 2064 1826 2099 μὴ
1840 2064 1889 2097 τὴν

1105 2108 1188 2138 ὅντως
1208 2108 1347 2133 ἀπώλειαν
1362 2108 1476 2142 ὐποστῇ,
1492 2108 1538 2133 καὶ
1566 2108 1810 2142 μεταστειλάμενος
1827 2109 1889 2138 τοὺς

1102 2154 1180 2185 *τάξει
1197 2155 1250 2180 τινὶ
1278 2153 1402 2188 πρώτους
1427 2153 1482 2179 τῶν
1510 2153 1634 2188 μοναχῶν
1650 2155 1678 2180 ὲν
1695 2154 1806 2185 πλείονι,
1818 2155 1889 2180 Σκε-

1106 2201 1186 2227 πτέον
1201 2201 1278 2235 ἡμῖν,
1295 2200 1381 2233 ἔλεγε,
1395 2199 1459 2234 περὶ
1475 2200 1523 2234 τῆς
1537 2200 1686 2235 διαστάσης
1711 2201 1790 2235 ἡμῶν
1812 2200 1888 2226 ἀδελ-

268 2253 329 2279 quaz
353 2252 367 2270 a
387 2245 466 2271 nobis
481 2245 621 2277 discessit,
641 2252 746 2272 sorore.
765 2246 831 2273 Nam
847 2248 898 2274 etsi
912 2255 978 2275 sexu
996 2254 1053 2276 crat

1108 2248 1169 2281 φῆς.
1186 2247 1216 2273 Εἰ
1230 2247 1283 2281 γὰρ
1297 2247 1343 2273 καὶ
1358 2248 1406 2280 τὴν
1436 2246 1516 2280 φύσιν
1531 2247 1611 2280 ἑτέρα
1625 2255 1666 2278 τις
1684 2245 1727 2282 ἦν,
1743 2247 1801 2273 ἀλλ’
1818 2247 1889 2273 ὲπεί-

268 2292 378 2318 diversa
397 2301 402 2317 :
423 2291 555 2325 quoniam
572 2296 661 2318 tamen
677 2292 704 2318 in
720 2296 847 2319 nostrum
860 2295 980 2328 ascripta
995 2300 1055 2322 erat

268 2337 413 2368 circulum,
431 2341 539 2371 oportet
557 2337 715 2365 existimare
740 2339 854 2365 membri
875 2340 1053 2375 ablutionem,

268 2383 329 2417 ejus
353 2391 413 2416 quze
429 2383 498 2409 facta
516 2388 557 2409 cst
575 2391 590 2410 a
614 2383 707 2416 nobis,
723 2383 948 2418 disjunctionem.
967 2386 1004 2414 De
1021 2388 1054 2415 iis

267 2435 335 2461 ergo
352 2435 412 2462 quae
427 2428 459 2454 ad
473 2428 560 2462 ipsam
578 2428 728 2462 pertinent,
746 2431 958 2464 constituamus,
976 2437 1006 2459 ut
1021 2434 1053 2460 ad

269 2473 371 2500 bonum
390 2473 471 2500 ﬁnem
486 2473 641 2507 perveniat,
659 2483 693 2501 ne
717 2475 864 2510 malignus,
879 2482 908 2504 et
923 2479 970 2511 qui
984 2487 1053 2512 quo-

270 2519 339 2546 tidie
367 2519 448 2546 nobis
470 2518 627 2549 insidiatur.
649 2520 708 2554 ejus
726 2526 837 2555 superet
860 2524 1054 2557 constantiam,

269 2570 334 2600 apto
345 2565 379 2592 ad
396 2564 510 2591 insidias
530 2564 716 2592 instrumento
733 2571 814 2593 utens
840 2568 948 2594 marito.
966 2569 1056 2603 Atque

269 2611 310 2639 sic
324 2610 436 2645 quidem
450 2610 561 2638 dicebat
584 2610 746 2644 Bassianus,
762 2612 790 2638 in
812 2614 949 2640 communi
967 2617 1056 2648 posita

270 2656 483 2684 deliberatione.
500 2657 644 2684 Marcellus
670 2662 762 2684 autem
778 2659 900 2693 quidem,
919 2664 984 2687 tunc
1000 2661 1058 2687 (lia-

270 2711 368 2734 conus,
392 2703 464 2730 hanc
483 2702 553 2730 dixit
568 2704 746 2737 sententiam,
771 2704 798 2731 in
827 2704 925 2732 Emesa
945 2706 1056 2734 civitate

271 2748 328 2782 (ille
348 2749 421 2774 enim
439 2755 471 2773 ex
484 2755 516 2774 ea
530 2751 589 2775 erat
608 2747 695 2782 ortus)
712 2748 806 2775 dicens
831 2756 893 2776 esse
917 2756 1056 2778 monaste-

271 2793 342 2819 rium
363 2793 521 2826 mulierum,
534 2793 562 2820 in
577 2801 632 2828 quo
648 2794 730 2821 etiam
753 2801 832 2822 suam
849 2803 974 2823 sororem
995 2804 1056 2825 esse

273 2846 354 2865 unam
369 2846 403 2866 ex
425 2838 459 2865 iis
478 2846 539 2873 quae
552 2845 724 2867 exercentur.
744 2840 773 2867 Si
790 2848 857 2876 ergo
881 2841 930 2869 tibi
954 2843 1055 2877 placet,

271 2883 348 2912 adid
366 2884 503 2912 mittatur.
527 2883 573 2914 Sic
599 2885 671 2913 enim
690 2885 784 2915 licebit
797 2894 890 2915 curam
906 2887 939 2917 de
952 2896 986 2917 ea
1006 2888 1055 2917 de-

1110 2302 1163 2327 περ
1179 2292 1316 2327 ἐνεγράφη
1330 2292 1422 2326 κύκλῳ
1437 2292 1474 2326 τῷ
1491 2292 1552 2318 καθ’
1568 2293 1654 2326 ἡμᾶςί
1669 2292 1767 2326 μέλους
1777 2293 1891 2327 ἀφαίρε-

1109 2346 1152 2363 σιν
1164 2337 1318 2371 λογίζεσθαι
1332 2337 1372 2363 δεῖ
1394 2336 1443 2371 τὴν
1458 2336 1505 2371 ἀφ’
1529 2337 1607 2372 ήμῶν
1625 2337 1726 2371 ταύτης
1745 2338 1888 2370 διάζευξιν.

1109 2382 1269 2417 Διαοώμεθα
1282 2382 1346 2416 γοῦν
1357 2382 1391 2409 τὰ
1405 2382 1464 2408 κατ’
1479 2382 1577 2417 αὐτὴν,
1595 2383 1668 2413 ὅπως
1690 2383 1729 2413 εἰς
1741 2383 1828 2417 πέρας
1844 2391 1891 2408 κα-

1110 2428 1217 2463 ταλήξοι
1232 2428 1358 2463 χρηστὸν,
1373 2428 1471 2463 μήπως
1488 2429 1501 2454 ὁ
1512 2428 1627 2463 πονηρὸς
1641 2429 1686 2455 καὶ
1700 2429 1761 2455 καθ’
1777 2429 1891 2463 ἑκάστην

1105 2474 1292 2501 ἑπ.6ουλεύων
1302 2474 1367 2508 ἡμῖν
1377 2474 1535 2508 κατισχύσει
1550 2475 1650 2509 ταύτης
1662 2473 1691 2500 τὸ
1706 2473 1814 2500 εὔτονον
1831 2475 1892 2508 περὶ

1106 2522 1156 2554 τὴν
1171 2520 1315 2554 ἐπιϐουλὴν
1331 2519 1439 2555 ὀργάνῳ
1458 2520 1630 2555 χρηςάμενος
1643 2520 1681 2554 τῷ
1695 2520 1784 2554 ἀνδρί.
1802 2519 1892 2550 Οὕτως

1110 2566 1158 2600 μὲν
1170 2564 1216 2592 οὖν
1232 2566 1245 2591 ὁ
1260 2565 1390 2597 Βασιανὺς
1403 2566 1508 2598 ἔλεγεν,
1520 2566 1549 2591 ἐν
1558 2565 1639 2600 κοινῷ
1649 2561 1761 2600 θέμενος
1775 2565 1827 2599 τὴν
1836 2565 1893 2591 διὰ-

1109 2611 1214 2647 σκεψιν.
1235 2612 1392 2647 Μάρκελλος
1415 2612 1445 2638 δέ
1472 2620 1515 2643 τις
1541 2612 1572 2638 τὸ
1596 2612 1748 2646 τηνικαῦτα
1772 2612 1894 2642 διάκονος

1109 2656 1220 2692 γνώμην
1238 2658 1388 2692 εἰσηγεῖται
1410 2657 1547 2692 τοιαύτην,
1571 2658 1599 2683 ἐν
1622 2657 1725 2693 Ἑμέσῃ
1750 2657 1839 2691 λέγων
1859 2658 1892 2692 τῇ

1109 2704 1185 2730 πόλει
1197 2712 1204 2719 ·
1219 2705 1252 2729 ἐκ
1266 2704 1367 2739 ταύτης
1380 2704 1433 2739 γὰρ
1451 2705 1575 2735 κάκεῖνος
1589 2704 1711 2739 ὡρμᾶτο,
1729 2704 1896 2739 ἁσκητήριον

1108 2748 1178 2776 εἶναι
1196 2749 1334 2784 γυναικῶν
1353 2750 1382 2775 ἐν
1396 2747 1418 2783 ᾧ
1435 2751 1482 2776 καὶ
1504 2750 1622 2784 ἀδελφὴν
1643 2750 1726 2777 αὑτοῦ
1747 2750 1811 2780 μίαν
1825 2748 1896 2776 εἶναι

1109 2798 1162 2823 τῶν
1178 2797 1364 2830 ἀσκουμένων.
1376 2796 1462 2831 Εῐπερ
1478 2794 1524 2824 οὖν
1537 2796 1650 2832 ἀρεστόν
1667 2805 1708 2822 σοι
1727 2796 1812 2828 δοκεῖ,
1827 2796 1895 2829 πρὸ;

1108 2842 1187 2869 τοῦτο
1200 2842 1368 2877 πεμφθήτωο
1397 2842 1472 2869 ἔσται
1494 2850 1535 2869 σοι
1548 2842 1602 2877 γὰρ
1614 2842 1685 2868 οὕτω
1702 2842 1748 2868 καὶ
1764 2842 1812 2873 τὰς
1830 2842 1895 2876 περὶ

1109 2888 1195 2925 αὐτῆς
1212 2886 1322 2916 ἐκδῦναι
1338 2888 1490 2925 φροντίδας.
1510 2888 1678 2926 Συνθεμένου
1692 2888 1721 2916 δὲ
1736 2887 1783 2916 τοῦ
1797 2888 1895 2915 Basta-
