2056 3151
191 166 243 198 933

808 163 897 194 VITA
915 163 947 192 S.
967 162 1170 193 MATRONE.

1759 160 1812 192 934

190 223 234 248 νοῦ
247 221 286 255 τῷ
300 222 368 255 λόγῳ
382 222 428 248 καὶ
443 221 638 257 ἐπιτρέψαντος
654 222 667 247 ὁ
681 221 802 251 διάκονος
818 219 972 254 παραυτίκα

1028 227 1141 254 ponere.
1162 219 1229 247 Cum
1252 227 1383 248 assensus
1411 222 1503 247 autem
1530 223 1604 246 esset
1619 217 1766 246 Bassianus
1785 219 1812 246 ei

191 266 282 292 πλοίου
307 267 394 292 ἐκεῖσε
425 266 593 300 ἀναγομένου
616 265 705 299 τυχὼν
718 265 804 300 τούτῳ
827 265 877 299 τὴν
891 264 972 298 ἁγίαν

191 311 333 346 ἐνθέμενος
349 311 472 346 ἐπανῄει.

224 400 273 428 lA’.
300 401 332 428 'H
348 402 375 428 δὲ
389 402 513 437 εὐθύμως
533 403 563 428 τὺ
574 403 685 436 γεγονδς
696 402 733 434 ὡς
748 403 797 429 οὐκ
810 402 883 429 ἀθεεὶ
900 411 973 438 πραο

189 447 251 482 χῦὲν
271 448 470 482 ἀποδεξαμένη,
487 449 565 482 ὀλίγα
580 457 608 474 τε
626 449 692 475 ἄττα
708 449 776 483 πρὸς
790 449 890 483 τροφὴν
907 456 973 482 συγ-

189 495 361 529 κομισαμὲνη
380 494 500 528 εὖφόρω;
516 495 572 530 ἃμα
584 495 628 521 καὶ
646 495 735 526 καλῶς
749 495 794 521 τοῦ
819 495 973 530 πνεύματος

189 539 358 570 ὲττωθοῦντος
385 541 430 566 τὸν
447 540 531 567 πλοῦν
551 541 677 572 διαϐᾶσα,
695 540 725 567 τὸ
740 541 768 566 ὲν
790 540 891 576 Ἑμέσῃ
906 549 973 567 καϊο

188 585 270 611 έλαῦε
298 587 514 622 φροντιστήριον.
542 587 712 622 Φιλοφρόνως
735 585 783 613 οὖν
806 587 973 621 εἰσδεχθεϊσα

188 630 237 656 καὶ
250 630 343 663 δεξιῶς
353 631 407 657 τῶν
421 632 481 657 κατ’
494 633 593 667 ἀρετὴν
603 633 689 666 εἴχετο
701 632 789 658 πόνων
806 631 877 658 οὕτω
890 640 974 658 σπου-

187 674 272 706 δαίως
285 675 322 706 ὡς
336 676 364 702 οὺ
377 677 467 712 ῥᾴδιον
479 677 594 711 ὀφθῆναι
610 677 710 712 ταύτην
722 679 781 708 ταῖς
796 677 974 712 μοναζούσαις

187 720 342 754 ἀρχέτυπον
359 723 426 756 πρὸς
441 722 502 753 τοὺς
530 722 603 753 ἴσους
618 723 702 757 αὐτῆς
732 723 839 757 ἀγῶνας
856 724 975 758 ἁμιλλω-

189 766 295 800 μέναις.
309 766 390 792 ’Ὅθεν
406 768 451 793 καὶ
469 768 604 794 συνεδόκει
614 769 715 800 πάσαις
726 770 793 804 μετὰ
809 769 858 803 τὴν
870 769 973 795 ἐνθένδε

186 813 238 847 τῆς
255 813 316 848 ἄρτι
332 813 539 848 καθηγουμένης
556 814 717 848 ἀπαλλαγὴν
730 814 798 850 αὐτῇ
815 815 974 840 πᾶσανὲπι-

188 859 285 893 τρέψαι
310 860 359 894 τὴν
386 861 434 894 τῆς
465 861 547 895 μονῆς
574 860 752 895 προστασίαν.
781 861 862 886 Ὅσον
879 860 907 886 δὲ
921 861 974 895 ἄρα

186 905 326 940 Ματρὼνα
343 907 372 932 τὸ
384 906 526 933 λανθάνειν
551 906 710 938 ἐσπούδαζε,
736 906 864 932 τοσοῦτον
893 906 973 941 ἔμελε
989 898 1011 924 Β

186 953 246 988 Θεῴ
270 953 299 979 τὸ
317 954 400 988 δήλην
426 954 510 989 αὐτὴν
539 955 660 989 ποιῆσαι,
676 956 723 980 καὶ
747 954 776 979 τὸ
794 953 900 989 ἐκείνης
917 953 974 988 φῶς

187 999 235 1025 ἐπὶ
252 1001 298 1034 τῆς
310 999 421 1034 λυχνίας
437 999 534 1032 θεῖναι,
555 1001 600 1027 καὶ
615 1001 664 1035 τὴν
677 1001 776 1035 ἀρετὴν
792 1001 911 1035 φανερὰν
925 1008 975 1026 κα-

186 1044 333 1079 ταστῆσαι.
367 1045 433 1071 Κατ’
459 1046 547 1071 ἐκεῖνο
587 1046 676 1072 τοίνυν
709 1045 806 1080 καιροῦ
842 1046 973 1080 γεηπόνος

187 1099 230 1122 τις
241 1091 270 1117 τὸ
285 1091 376 1126 γήδιον
390 1091 574 1126 ἐργαζόμενος
589 1092 634 1117 ἐπὶ
649 1093 760 1126 συχναῖς
781 1093 841 1123 ταῖς
856 1093 975 1127 ἡμέραις

187 1138 381 1172 ἀναδιδομένην
409 1137 482 1172 ἐώρα
496 1138 583 1172 φλόγα
609 1139 656 1173 τῆς
671 1139 734 1172 γῆς,
755 1139 831 1173 καὶὴ
850 1139 975 1169 ἀνάδοσις

189 1184 304 1218 συνεχής
318 1192 346 1210 τε
361 1185 407 1210 καὶ
421 1184 547 1218 οὐδαμῶς
567 1185 698 1218 λήγουσα.
709 1181 793 1213 Οὗτος
806 1183 865 1216 οὖν,
883 1185 931 1211 ᾶτε
942 1185 973 1220 δὴ

187 1229 312 1265 γεωργὸς
334 1230 411 1256 οὐδὲν
426 1230 550 1265 δυνηθεὶς
570 1230 718 1265 συμϐαλεῖν
743 1230 920 1266 ὑψηλότερον,
936 1231 974 1265 τῷ

187 1275 332 1310 ἐπιδ-κόπῳ
353 1276 403 1310 τῆς
419 1276 523 1308 πόλεως
548 1276 704 1311 προσελθὼν
724 1277 901 1309 ἀπαγγέλλει.
920 1277 974 1303 Καὶ

187 1320 217 1352 ὃς
231 1321 262 1347 ἐκ
274 1321 319 1347 τοῦ
335 1321 497 1356 φαινομένου
517 1321 586 1356 μέγα
601 1331 626 1348 τι
641 1323 730 1353 συνεὶς
746 1322 776 1348 τὸ
797 1322 972 1356 δηλούμενον,

186 1367 247 1400 ἅμα
257 1366 295 1400 τῷ
308 1367 354 1392 ὑπ’
366 1367 446 1394 αὑτὸν
466 1367 560 1402 κλήρῳ
576 1367 620 1393 τὸν
637 1368 717 1394 τόπον
737 1367 908 1400 καταλαϐὼν,
927 1369 974 1395 καὶ

186 1413 225 1444 ὼς
240 1412 375 1447 προσῆκον
392 1411 424 1447 ἧν
436 1412 516 1447 εὐχὴν
530 1413 722 1447 ποιησάμενος,
735 1414 784 1448 τὴν
797 1415 847 1448 γῆν
861 1415 974 1450 ἐπέτρε-

187 1467 238 1485 πεν
251 1458 418 1493 ἀνορύττειν.
433 1455 470 1485 Οὗ
484 1458 531 1484 καὶ
543 1460 688 1493 γενομένου
703 1459 818 1494 στάμνος
829 1460 927 1496 εὑρέθη
942 1462 972 1488 οὐ

185 1504 288 1540 χρυσὸν
305 1504 378 1531 ἔνδον
406 1505 563 1540 κρύπτουσα
579 1504 596 1538 ἡ
610 1513 637 1530 τι
653 1504 717 1531 ἄλλο
732 1506 851 1534 τοιοῦτον
869 1505 923 1534 οἷον
940 1507 973 1534 ἂν

186 1550 353 1584 φιλόκοσμον
365 1549 445 1586 θέλξῃ
460 1550 561 1584 ψυχὴν,
582 1550 650 1576 ἀλλὰ
665 1551 756 1584 τίμιόν
774 1561 800 1578 τι
811 1555 905 1588 χρῆμα
925 1554 972 1580 καὶ
985 1565 1009 1598 C

184 1596 231 1622 τοῦ
247 1596 347 1627 παντὸς
360 1596 443 1629 ἄξιον,
454 1596 503 1630 τὴν
520 1595 670 1633 σεϐασμίαν
686 1597 724 1631 τῷ
737 1597 793 1624 δντι
810 1598 856 1624 τοῦ
868 1598 972 1625 Bum-

184 1641 250 1668 ατοῦ
266 1642 396 1676 κεφαλήν.

219 1686 272 1714 IE'.
287 1688 394 1722 Ταύτης
425 1688 560 1722 πανταχοῦ
589 1688 790 1725 διαδραμούσης
814 1691 863 1726 τῆς
877 1691 972 1727 φήμης

181 1734 274 1764 οὐδεὶς
289 1732 321 1768 ἦν
337 1734 411 1764 ὅστις
426 1733 495 1760 οἴκοι
508 1733 609 1768 παρῆν,
623 1734 691 1760 ἀλλὰ
700 1735 859 1771 παμπληθεὶ
871 1737 970 1768 πάντες

182 1780 256 1814 πρὸς
284 1780 333 1814 τὴν
360 1779 425 1807 θέαν
446 1780 590 1815 συνέρρεον
605 1788 612 1796 ·
631 1781 676 1815 ὑφ’
690 1779 728 1807 ὧν
741 1782 757 1817 ἡ
772 1782 850 1816 τιμία
867 1783 970 1818 κεφαλὴ

181 1827 254 1861 αὕτη
274 1827 322 1853 σὺν
340 1826 414 1862 πάσῃ
425 1826 563 1862 δοξολογίᾳ
574 1826 621 1853 καὶ
639 1827 723 1859 ατνοις
740 1827 813 1854 ἔνδον
830 1829 971 1862 εἰσάγεται

181 1873 232 1899 τοῦ
251 1872 327 1899 ναοῦ.
346 1872 422 1899 Ἐπεὶ
435 1873 463 1899 δὲ
479 1873 525 1899 καὶ
540 1873 556 1907 ἡ
571 1873 694 1908 μακαρία
711 1873 848 1908 Ματρώνα
865 1875 971 1910 σύναμα

181 1916 286 1947 πάσαις
308 1916 368 1947 ταῖς
395 1916 576 1950 μοναζούσαις
603 1917 672 1943 κατὰ
696 1917 760 1944 θέαν
770 1918 816 1944 τοῦ
843 1919 971 1952 φανέντος

181 1961 287 1996 παρῆν,
301 1961 437 1995 προσῆλθε
449 1969 490 1993 τε,
505 1961 552 1987 καὶ
570 1961 616 1987 τοῦ
630 1963 808 1996 προκειμένου
822 1963 872 1998 τῆς
887 1972 972 1998 κεφα-

181 2005 234 2040 λῆς
250 2005 370 2040 ἠρύσατο
398 2005 496 2040 μύρου,
527 2005 668 2040 μετάδοσις
684 2006 767 2032 αὑτοῦ
790 2008 837 2033 καὶ
851 2008 970 2042 ἀκούσης

179 2052 286 2086 ταύτης
301 2052 370 2086 πρὸς
386 2052 450 2083 τοὺς
465 2053 601 2087 παρόντας
615 2052 728 2086 ἐγίνετο.
743 2053 837 2085 Ὅπως
851 2054 880 2080 δὲ
892 2054 970 2081 τοῦτο

181 2099 233 2124 καὶ
248 2096 315 2131 πρὸς
330 2096 356 2122 τί
371 2097 514 2123 συνωθεῖτο
525 2099 600 2133 παρὰ
612 2098 680 2124 Θεοῦ
696 2099 726 2125 τὸ
742 2099 869 2126 ἀκούσιον
885 2109 972 2136 προσ-

181 2144 259 2179 έχειν
274 2144 287 2169 ὀ
297 2143 374 2177 λόγος
390 2143 461 2170 ὥστε
476 2144 571 2178 μαθεῖν
587 2145 658 2178 ὑμᾶς
673 2144 808 2179 βούλεται.
829 2147 905 2174 Κατὰ
919 2148 969 2182 μέ-

182 2196 232 2214 σου
252 2189 306 2222 γὰρ
330 2188 377 2215 τοῦ
396 2189 514 2223 πλήθους
535 2189 723 2224 ἁποληφθεῖσα
741 2191 787 2218 καὶ
806 2192 844 2227 μὴ
862 2200 968 2228 συγχω-

1027 266 1101 300 quod
1116 265 1221 293 dictum
1248 265 1349 298 fuerat,
1369 270 1397 292 et
1421 265 1448 292 id
1472 264 1656 299 permisisset,
1684 264 1813 291 minister

1026 312 1117 339 statim
1131 317 1228 339 nactus
1239 319 1347 345 navem,
1363 319 1424 346 qua:
1437 311 1513 338 illinc
1525 310 1660 344 solvebat,
1674 315 1769 338 saneta
1784 310 1811 337 in

1026 366 1058 386 ea
1075 359 1214 393 imposita,
1229 362 1272 386 est
1287 365 1424 385 reversus.

1063 405 1132 433 XIV.
1151 406 1197 432 Illa
1211 410 1303 432 autem
1323 413 1385 432 cum
1408 404 1490 431 alacri
1514 411 1606 430 annno
1621 404 1771 437 accepisset
1785 403 1812 429 id

1027 450 1100 486 quod
1126 450 1227 477 factum
1258 451 1358 482 fuerat,
1381 455 1509 484 tanquam
1535 449 1561 476 id
1594 457 1647 475 non
1668 449 1812 475 accidisset

1027 497 1130 532 absque
1144 497 1192 524 Dei
1210 497 1335 530 numine,
1354 501 1380 523 et
1396 504 1482 531 pauca
1513 495 1639 530 quaedam
1663 495 1814 529 accepisset

1027 550 1077 577 pro
1096 543 1242 574 alimentis,
1266 543 1388 570 secundo
1410 547 1437 570 et
1453 543 1509 570 leni
1527 547 1612 569 vento
1637 545 1749 575 peracta
1765 549 1813 567 na-

1027 589 1174 622 vigatione,
1184 588 1261 614 venit
1274 587 1301 614 in
1315 588 1525 618 monasterium,
1537 586 1610 621 quod
1623 590 1683 612 erat
1696 586 1812 612 Emesa.

1027 632 1146 667 Benigne
1162 639 1229 667 ergo
1245 637 1367 667 accepta,
1387 638 1463 660 tanto
1491 633 1582 660 studio
1611 639 1641 659 se
1667 632 1811 659 exercebat

1027 678 1054 705 in
1071 678 1212 705 laboribus
1226 679 1348 710 virtutis,
1363 684 1392 706 ut
1409 680 1551 706 monachis
1564 680 1705 707 videretur
1719 687 1814 706 exem-

1027 725 1087 758 plar
1102 732 1156 751 non
1171 725 1262 756 facile,
1278 725 1487 752 decertantibus
1500 726 1633 752 adversus
1654 726 1730 760 paria
1753 725 1813 760 ejus

1027 771 1190 798 certamina.
1216 771 1353 804 Quocirca
1369 772 1473 806 placuit
1496 772 1625 799 omnibus
1642 777 1702 806 post
1718 772 1814 798 deces-

1028 823 1088 843 sum
1105 817 1174 851 ejus,
1187 825 1248 852 qua:
1259 817 1313 844 illis
1325 821 1452 851 praeerat.
1469 817 1494 844 ei
1512 819 1685 846 committere
1701 825 1812 844 omnem

1028 863 1187 890 monasterii
1214 864 1420 897 prefecturam.
1442 863 1503 896 Quo
1532 864 1619 898 magis
1634 871 1700 898 ergo
1727 863 1812 890 latere

1026 907 1154 934 studebat
1180 908 1312 939 Matrona,
1335 917 1369 936 co
1387 909 1475 941 magis
1493 910 1550 936 Deo
1576 913 1636 936 erat
1658 916 1731 936 cura:
1749 916 1811 935 eam

1024 954 1140 982 reddere
1155 954 1339 987 manifestam,
1360 960 1388 982 et
1406 956 1481 982 illius
1502 955 1592 982 lucem
1609 963 1711 989 ponere
1728 963 1812 990 super

1024 1001 1232 1033 candelabrum,
1245 1005 1274 1027 et
1289 1001 1447 1028 evidentem
1463 1003 1523 1036 ejus
1537 1002 1654 1029 reddere
1667 1002 1809 1030 virtutem.

1024 1047 1073 1073 Illo
1086 1051 1176 1074 autem
1192 1051 1317 1081 tempore
1333 1047 1454 1081 agricola
1467 1047 1579 1082 quidam
1591 1048 1725 1082 praedium
1737 1056 1807 1082 ope-

1024 1100 1100 1124 rans,
1117 1093 1211 1119 multis
1224 1093 1324 1120 diebus
1347 1093 1416 1119 vidit
1432 1093 1569 1120 flammam
1584 1101 1599 1120 e
1613 1098 1688 1121 terra
1709 1094 1810 1121 emitti.

1027 1139 1091 1165 Erat
1106 1145 1171 1166 vero
1187 1140 1299 1166 emissio
1315 1139 1457 1171 continua,
1471 1144 1499 1166 et
1515 1147 1656 1174 nunquam
1670 1140 1809 1167 desinens.

1025 1184 1076 1212 llic
1092 1193 1168 1220 ergo,
1184 1189 1213 1212 ut
1229 1186 1274 1219 qui
1285 1190 1357 1212 esset
1374 1185 1506 1220 agricola,
1524 1185 1593 1212 nillil
1615 1186 1708 1213 valens
1722 1187 1809 1221 conji-

1025 1238 1087 1258 cere
1103 1231 1195 1261 altius.
1222 1231 1384 1265 episcopum
1409 1231 1531 1258 civitatis
1554 1232 1699 1264 accedens,
1721 1232 1746 1259 id
1763 1239 1809 1259 re-

1025 1276 1142 1303 mmtiat.
1160 1276 1205 1303 Ille
1223 1281 1313 1302 autem
1329 1284 1362 1302 ev
1386 1284 1419 1303 eo
1433 1277 1507 1311 quod
1524 1277 1685 1311 apparebat.
1704 1277 1808 1304 intelli-

1024 1330 1090 1357 gens
1104 1329 1230 1356 magnum
1245 1322 1312 1356 quid
1333 1322 1495 1356 significari,
1512 1330 1575 1349 cum
1601 1331 1650 1351 suo
1675 1324 1749 1350 clero
1761 1331 1808 1351 vc-

1025 1368 1103 1395 niens
1118 1367 1150 1393 ad
1167 1367 1270 1398 locum,
1289 1371 1319 1394 ut
1335 1375 1382 1401 par
1398 1373 1469 1399 erat,
1485 1368 1555 1395 facta
1569 1369 1706 1400 oratione,
1728 1369 1811 1404 jussit

1025 1417 1126 1440 terram
1152 1411 1255 1438 fodere.
1278 1411 1356 1444 Quod
1385 1419 1447 1439 cum
1473 1412 1575 1439 factum
1592 1417 1675 1445 esset,
1700 1414 1811 1441 inventa

1024 1462 1066 1485 est
1080 1465 1158 1489 urna,
1177 1465 1230 1484 non
1243 1465 1340 1484 aurum
1355 1458 1457 1489 celans,
1474 1462 1522 1485 aut
1534 1458 1636 1493 aliquid
1652 1459 1727 1486 aliud
1737 1460 1812 1495 ejus-

1026 1504 1109 1536 modi,
1123 1503 1195 1538 quod
1213 1504 1300 1538 possit
1322 1505 1479 1531 demulcere
1495 1505 1617 1532 animum
1631 1511 1810 1533 ornamento-

1026 1557 1086 1576 rum
1111 1549 1253 1583 cupidum,
1277 1549 1325 1576 sed
1351 1557 1408 1576 rem
1441 1550 1589 1584 quamdam
1614 1551 1759 1584 pretiosam
1783 1556 1811 1578 et

1025 1596 1137 1623 maximi
1168 1595 1335 1628 faciendam,
1361 1603 1461 1630 nempe
1486 1596 1604 1623 maxime
1621 1596 1809 1624 venerandum

1025 1646 1109 1675 caput
1119 1641 1232 1668 Joannis
1244 1641 1372 1676 Baptistae
1388 1642 1427 1675 (l)

1061 1686 1118 1713 XV.
1135 1686 1202 1713 Cum
1219 1687 1276 1714 haec
1287 1687 1356 1714 fama
1370 1687 1397 1714 in
1414 1694 1523 1714 omnem
1545 1692 1651 1721 partem
1667 1687 1805 1722 pervasis-

1023 1736 1075 1764 set,
1101 1732 1196 1759 nullus
1220 1731 1294 1758 domi
1314 1732 1492 1764 remanebat;
1515 1731 1564 1759 sed
1585 1739 1649 1759 cum
1677 1732 1806 1759 universa

1022 1778 1200 1806 multitudine
1214 1777 1390 1805 confluebant
1407 1785 1503 1805 omnes
1514 1778 1549 1805 ad
1563 1779 1752 1813 spectaculum
1766 1786 1773 1810 ;
1792 1785 1807 1804 a

1022 1825 1122 1858 quibus
1137 1824 1189 1850 hoc
1207 1824 1395 1850 venerandum
1411 1828 1494 1858 caput
1518 1831 1580 1851 cum
1594 1824 1670 1850 omni
1683 1823 1765 1851 laude
1779 1829 1808 1850 et

1022 1870 1255 1905 glorificationein
1267 1870 1399 1904 templum
1416 1869 1611 1896 introducitur.
1631 1869 1700 1896 Cum
1712 1873 1804 1896 autem

1023 1917 1144 1944 Matrona
1160 1924 1222 1944 cum
1242 1916 1371 1943 omnibus
1387 1915 1530 1942 monachis
1554 1915 1726 1943 interfuisset
1745 1923 1808 1949 spe-

1022 1963 1129 1989 ctaculo
1141 1963 1209 1997 ejus,
1229 1962 1303 1996 quod
1320 1965 1498 1996 apparuerat,
1516 1961 1634 1988 accessit
1659 1965 1687 1988 et
1712 1961 1807 1988 hausit

1022 2016 1055 2034 ex
1071 2012 1210 2042 unguento
1230 2007 1339 2042 capitis,
1356 2007 1430 2041 quod
1455 2011 1517 2033 erat
1537 2007 1722 2042 propositum.
1739 2007 1806 2041 Ejus

1022 2048 1238 2081 communicatio
1261 2053 1332 2080 facta
1349 2057 1403 2083 est,
1421 2059 1452 2078 ea
1482 2052 1568 2078 etiam
1593 2051 1689 2083 invita,
1706 2051 1739 2078 iis
1757 2052 1805 2086 qui

1022 2099 1147 2127 aderant.
1161 2098 1308 2132 Quomodo
1329 2103 1420 2125 autem
1435 2102 1464 2125 et
1479 2105 1530 2124 cur
1546 2097 1600 2124 hoc
1614 2105 1645 2124 ea
1661 2098 1748 2124 invita
1764 2098 1806 2124 fa-

1022 2148 1097 2171 ctum
1112 2144 1157 2174 sit.
1173 2143 1199 2170 id
1214 2144 1288 2178 quod
1301 2143 1448 2170 dicendum
1466 2148 1518 2174 est,
1530 2143 1588 2170 vult
1604 2151 1652 2170 vos
1664 2142 1806 2170 attendere

1021 2193 1049 2216 et
1065 2189 1183 2217 discere.
1196 2189 1226 2216 ln
1241 2189 1331 2216 media
1343 2189 1418 2216 enim
1442 2189 1594 2223 intercepta
1611 2187 1806 2220 multitudine,

182 2234 303 2269 ρουμὲνη
317 2234 364 2269 τὴν
381 2234 478 2267 ἔξοδον,
494 2235 531 2266 ὡς
546 2236 655 2262 πάντων
672 2236 740 2271 πρὸς
757 2237 786 2263 τὸ
799 2237 891 2265 λαϐεῖν
905 2240 968 2265 ἑαυ-

1023 2244 1084 2264 cum
1105 2237 1130 2265 ei
1151 2243 1206 2263 non
1229 2236 1429 2264 concederetur
1447 2235 1550 2266 exitus,
1568 2240 1663 2269 utpote
1677 2235 1751 2269 quod
1775 2239 1805 2261 ut

180 2281 245 2312 τοὺς
259 2280 452 2313 είσωθούντων,
471 2280 500 2312 ἐξ
517 2277 602 2316 οὗπερ
619 2281 687 2317 αὕτη
703 2283 799 2317 εἴληφε
820 2284 907 2319 μύρου
922 2286 967 2312 καὶ

179 2327 240 2357 τοῖς
255 2325 345 2357 ἄλλοις
354 2325 524 2360 ἠναγκάζετο
534 2328 682 2354 κοινωνεῖν.
704 2327 749 2354 ‘Ev
768 2326 796 2354 δὲ
811 2328 848 2364 τῷ
862 2329 967 2356 διαδοῦ-

180 2381 228 2400 ναι
241 2371 343 2407 ταύτην
357 2372 446 2407 πηρός
460 2380 502 2403 τις
511 2372 559 2404 τὰς
569 2372 645 2407 δψεις
659 2373 691 2399 ἐκ
704 2374 817 2408 γενετῆς
829 2375 968 2410 παραδρα-

182 2419 244 2455 μὼν
259 2419 370 2451 πάντας,
388 2415 459 2454 ἦσαν
476 2419 530 2453 γὰρ
542 2419 590 2445 καὶ
603 2418 659 2445 τῶν
671 2419 767 2454 ἱερέων
782 2420 854 2452 τινὲς
872 2421 896 2447 οἳ
920 2422 967 2447 καὶ

180 2465 234 2500 τὴν
248 2464 295 2491 τοῦ
311 2464 384 2490 Θείου
409 2463 496 2499 μύρου
511 2465 572 2490 τότε
598 2465 716 2492 διάδοσιν
728 2466 879 2499 ἐποιοῦντο,
898 2467 966 2502 πρὸς

180 2512 270 2545 αὐτὴν
288 2508 351 2546 ἧκε,
372 2509 455 2541 πολὺς
479 2510 638 2545 ἐγκείμενος
653 2513 713 2542 ταῖς
731 2512 868 2547 δεήσεσιν.
888 2512 920 2541 Ἡ
939 2514 967 2540 δὲ

179 2557 224 2592 τῷ
234 2556 317 2591 τιμίῳ
342 2555 420 2590 μύρῳ
430 2555 493 2586 τοὺς
506 2555 607 2586 τύπους
622 2556 677 2582 τῶν
695 2556 783 2591 δψεων
801 2559 967 2593 ἐπιχρίσασα

180 2601 354 2636 παραχρῆμα
368 2601 457 2635 φωτὸς
473 2601 561 2627 ἐποίει
580 2601 678 2637 θεατὴν
692 2602 738 2628 τὸν
752 2603 850 2630 οὔποτε
871 2606 968 2640 πρότε-

218 2708 257 2744 (l)
273 2707 338 2741 Quae
353 2707 398 2745 hic
414 2707 448 2735 de
474 2707 633 2745 inventione
665 2709 763 2745 capitis
797 2711 825 2739 S.
846 2711 960 2741 Joannis

178 2743 321 2778 Baptistae.
332 2743 426 2770 cadent
446 2748 543 2770 testata
553 2743 710 2778 relinquunt
729 2745 902 2775 Marcellinus
916 2756 962 2776 co-

179 2787 241 2808 mes
254 2780 280 2806 in
295 2779 404 2810 Claram,
422 2778 493 2805 Beda
509 2779 536 2806 in
562 2779 644 2807 Marci
664 2788 725 2814 cap.
750 2789 789 2814 vi,
811 2786 837 2809 et
851 2783 898 2810 lib.
925 2784 963 2810 De

179 2822 227 2841 se:
244 2818 327 2846 man,
345 2814 403 2842 ΑιΙο
417 2814 441 2840 in
457 2814 553 2842 Chron.
577 2819 604 2841 et
629 2815 693 2848 alii;
711 2816 758 2844 scd
778 2822 872 2844 errant
891 2822 964 2846 teste

179 2849 310 2881 Baronio,
329 2850 355 2876 in
375 2853 508 2883 tempore,
526 2858 589 2876 cum
607 2858 638 2876 ex
656 2851 764 2878 Sozom.
782 2851 848 2881 Hist.
867 2853 963 2885 llb.\'l,

177 2891 242 2919 cap.
260 2885 304 2919 2f,
323 2885 457 2919 Prospero
475 2885 503 2912 in
519 2885 615 2914 C/n‘on.
646 2886 758 2923 Nicepli.
779 2888 826 2918 lib.
841 2895 889 2922 xu,
904 2895 965 2921 cap.

1020 2285 1188 2319 acciperent,
1213 2291 1310 2311 omnes
1336 2291 1365 2310 se
1392 2283 1568 2310 inlruderent
1594 2291 1600 2309 :
1621 2291 1655 2310 ex
1671 2289 1714 2312 eo.
1731 2281 1804 2316 quod

1020 2333 1173 2364 acceperat,
1187 2334 1327 2364 unguento
1343 2333 1437 2356 coacta
1448 2332 1491 2355 est
1501 2328 1562 2355 aliis
1577 2327 1724 2362 impertiri.
1734 2327 1803 2353 Dum

1019 2378 1112 2401 autem
1139 2381 1171 2401 ea
1196 2373 1388 2405 distribuerat,
1415 2372 1528 2408 quidam
1556 2372 1591 2399 ab
1612 2376 1676 2398 ortu
1704 2378 1804 2404 caecus,

1019 2427 1117 2448 omnes
1132 2422 1350 2454 pratercurrens
1364 2418 1454 2453 (erant
1468 2417 1543 2444 enim
1557 2422 1623 2444 tunc
1636 2416 1748 2451 quidam
1761 2424 1806 2443 sa-

1019 2468 1156 2499 cerdotes,
1171 2465 1219 2500 qui
1239 2465 1325 2492 divini
1347 2464 1478 2499 unguenti
1501 2463 1639 2491 faciebant
1662 2462 1797 2489 distribu-

1018 2513 1145 2548 tionem).
1160 2512 1237 2539 venit
1262 2510 1297 2538 ad
1314 2510 1413 2544 ipsam,
1429 2509 1512 2536 valde
1540 2508 1647 2536 instans
1662 2507 1802 2542 precibus.

1018 2560 1067 2589 llla
1079 2567 1146 2587 vero
1161 2565 1223 2586 cum
1238 2556 1362 2592 pretioso
1373 2561 1516 2590 unguento
1527 2554 1624 2582 oculos
1639 2553 1805 2584 inunxisset,

1018 2613 1082 2634 eum
1100 2605 1165 2632 fecit
1179 2605 1269 2631 lucem
1294 2602 1423 2638 protinus
1441 2601 1556 2633 intueri.
1574 2600 1623 2635 qui
1638 2603 1720 2627 antea
1735 2606 1807 2626 nun-

1014 2712 1047 2742 49
1059 2723 1066 2745 ς
1078 2712 1197 2741 Cedren.
1213 2712 1240 2739 in
1253 2710 1405 2746 Compend.
1430 2717 1475 2736 an.
1547 2705 1779 2746 Tlie0(losii_imp.
1797 2723 1804 2734 .

1016 2741 1104 2783 Sig'ib.
1124 2749 1152 2775 in
1170 2747 1269 2775 Chron.
1282 2741 1329 2773 an:
1343 2746 1407 2778 592,
1425 2750 1453 2772 et
1482 2744 1542 2771 aliis
1556 2747 1674 2783 constet,
1690 2741 1804 2783 Valente

1015 2777 1182 2818 imvperante,
1199 2783 1271 2810 idem
1303 2777 1457 2818 inventum,
1484 2784 1512 2807 et
1527 2777 1724 2818 a_T.lieodosio_,
1737 2777 1803 2818 imp.

1017 2813 1284 2852 Constantinopolim
1301 2824 1373 2852 anno
1390 2816 1453 2852 ξ91,
1471 2819 1501 2842 ιιι
1512 2815 1570 2852 vult
1585 2813 1805 2852 Baron.,_gans:

1019 2845 1104 2881 latum
1129 2845 1221 2879 fueril.
1246 2851 1365 2879 Consule
1392 2845 1453 2877 Bar'.
1474 2849 1601 2881 Amtalrs,
1630 2855 1674 2875 an.
1700 2845 1805 2878 39l,et

1017 2895 1098 2918 notas
1111 2889 1138 2917 in
1156 2888 1267 2920 Marlqr.
1284 2887 1374 2920 Rom.,
1390 2885 1425 2913 29
1441 2885 1507 2920 Aug.
1522 2885 1549 2911 tl.
