2056 3151
183 178 239 213 969
718 179 809 209 VITA
831 179 862 208 S.
890 177 1077 209 DANlELlS
1098 177 1280 210 STYLITIE.
1764 181 1815 214 970

185 239 306 274 ἔρχεται.
322 239 400 268 Μετὰ
414 239 501 266 ταῦτα
515 239 543 266 δὲ
559 238 671 275 πέμψας
682 238 754 266 κατὰ
776 240 810 265 τὰ
825 238 972 274 αιτηθέντα
986 239 997 269 Α

1002 247 1010 268 λ
1023 237 1117 266 iochito
1131 238 1216 273 petita
1231 243 1321 272 erant,
1341 239 1391 266 tria
1404 241 1504 275 templa
1518 248 1565 268 rex
1578 241 1703 269 construi
1718 242 1814 277 jussit,

185 286 200 312 6
216 285 341 321 βασιλεὺς
355 286 430 321 τρεῖς
445 286 528 317 ναοὺς
540 286 714 322 ᾠκοδόμησε,
729 284 776 312 δύο
792 284 842 320 μὶν
859 284 905 314 οὒς
920 285 972 311 αὺ-

1025 284 1081 312 duo
1107 284 1239 311 nimirum
1260 292 1321 320 quae
1334 289 1445 313 sanctus
1460 286 1676 320 desiderarent,
1703 288 1816 315 tertium

184 330 229 361 τὸς
244 331 259 356 ό
276 330 362 364 μέγας
391 330 502 366 εἴρηκεν
535 330 723 366 Ἀμφιλόχιος,
741 329 834 364 ἓτερον
853 329 882 356 δὲ
901 330 972 357 κατά

1025 334 1118 357 autem
1146 329 1298 357 secundum
1322 329 1491 357 voluntatem
1517 331 1653 360 Theoduli
1680 332 1818 360 archidia-

185 374 295 409 θέλησιν
319 374 465 402 Θεοόούλου
489 374 536 401 τιιῦ
563 374 764 410 ἁρχιδιακόνου,
782 374 828 400 καὶ
843 373 925 400 αὑτὸν
944 375 972 401 δὲ

1025 376 1099 408 coni,
1119 376 1223 410 pariter
1244 375 1293 402 bei
1308 375 1451 411 sapientis
1473 383 1675 405 consecratum.
1687 379 1736 406 His
1751 379 1818 407 aedi-

183 420 228 447 ht'
240 421 352 456 ὀνόματι
363 421 413 456 τῆς
427 421 475 447 τοῦ
489 421 558 447 Θεοῦ
573 421 670 455 σοφίας
681 420 884 454 τετελεσμένον.
894 420 974 447 Ἐπεὶ

1025 421 1077 449 bus
1102 422 1261 454 exstructis,
1288 426 1400 449 sanctus
1414 422 1623 457 Amphilochius
1640 425 1756 452 accersit
1767 424 1817 451 Ba-

183 467 211 494 δὲ
224 467 274 502 ἥδη
294 467 320 494 οι
334 467 392 493 ναοὶ
405 467 592 502 ᾠκοδόμηντο,
610 466 805 502 μετακαλεῖται
820 466 865 493 τὸν
885 465 972 500 μέγαν

1025 467 1118 494 silium
1145 466 1271 502 Magnum
1292 467 1325 494 ad
1347 467 1398 494 ista
1417 468 1518 502 templa
1539 468 1739 503 inauguranda.
1763 469 1815 502 Qui

183 512 324 540 Βασίλειον
342 513 356 539 6
371 513 443 548 ῑερδς
461 513 636 548 Ἀμφιλόχιος
663 512 705 547 ἐφ’
720 509 742 546 ᾦ
755 512 819 544 τοὺς
845 520 974 547 νεουργη-

1025 519 1087 539 cum
1101 519 1117 539 e
1130 512 1228 540 morbo
1241 520 1297 547 quo
1312 518 1368 540 tum
1382 518 1528 548 correptus
1541 518 1610 546 erat,
1629 514 1815 542 reconvaluis—

184 558 281 590 θέντας
293 559 407 591 τούτους
423 559 679 594 ἑγκαινίσαιναοὺς.
701 558 730 586 '0
744 559 781 591 δὲ,
799 558 889 585 καίτοι
902 558 972 592 νόσῳ

1025 562 1076 591 set,
1099 558 1221 592 advenit,
1239 561 1464 595 consecratisque
1486 561 1624 592 ecclesiis,
1643 560 1673 587 fit
1686 561 1814 595 gaudium

183 606 352 640 κατάσχετος
365 604 412 638 ὢν,
425 605 485 632 ἀλλ’
498 603 545 633 οὖν
560 605 668 640 tum];
683 604 817 639 κρείττων
826 603 972 638 γενόμενος

1024 605 1169 640 spirituale
1185 610 1214 633 et
1232 605 1351 640 Spiritus
1370 607 1455 634 sancti
1478 607 1614 634 custodia.
1634 607 1746 634 Duobus
1769 606 1816 634 nb-

182 652 353 686 ἀφικνείται,
378 651 426 678 καὶ
459 651 584 687 καθιεροῖ
608 651 670 682 τοὺς
685 651 776 683 ναοὺς,
806 650 972 684 καὶγίνεται

1024 650 1090 677 hinc
1103 650 1205 685 elapsis
1218 651 1299 678 annis
1318 651 1441 679 Trinitas
1467 659 1597 687 magnum
1622 651 1754 678 Basilium
1781 651 1813 678 ad

182 697 337 732 εὐφροσύνη
354 698 541 732 πνευματικὴ,
563 697 610 724 καὶ
626 697 789 732 Πνεύματος
815 696 896 728 ἁγίου
913 696 973 723 ἑπι-

1026 696 1159 730 templum
1190 704 1246 724 non
1271 698 1401 725 manibus
1435 698 1536 725 factum
1570 697 1707 724 evocavit.
1731 697 1815 733 Cujus

184 743 329 777 σκόπησις.
355 743 408 769 Δύο
419 743 447 769 δὲ
462 743 532 777 μετὰ
541 742 628 769 ταῦτα
639 742 827 777 παρελθόντων
840 741 973 768 ἐνιαυτῶν

1024 746 1151 768 sanctum
1175 750 1276 777 corpus
1301 744 1348 771 ubi
1365 748 1476 771 sanctus
1499 743 1712 778 Amphilochius
1733 747 1814 770 terra;

180 788 227 814 τὸν
245 787 362 823 μέγανὴ
381 788 467 823 Τριὰς
485 788 626 815 Βασίλειον
641 789 681 819 είς
695 789 740 815 τὸν
764 788 973 824 ἀχειροποίητον

1023 788 1172 822 commisit,
1188 788 1300 816 domum
1327 790 1400 817 redit
1415 795 1444 817 et
1461 791 1501 817 uti
1528 791 1604 825 prius
1620 795 1814 824 consueverat,

184 832 377 867 μετακαλεῖται
392 833 466 866 ναὸν,
483 831 514 859 οὗ
536 834 567 859 τὺ
583 833 654 865 ἱερὸν
671 833 758 868 θάψας
775 832 857 868 σῶμα
874 833 888 858 ὸ
901 833 974 868 ίερδς

1024 834 1141 862 docendi
1164 843 1279 863 munere
1295 836 1430 871 fungitur.
1448 836 1572 864 Tandem
1592 836 1682 864 tribus
1698 837 1779 864 annis
1799 845 1814 863 ι

187 878 362 913 ’Δμφιλόχιος
369 879 463 905 οἶκαδε
474 879 556 906 πάλιν
569 879 705 910 ἐπάνεισι,
715 878 823 910 καὶτῆς
835 879 973 914 προτέρας

1024 887 1114 908 mone
1132 881 1223 916 magni
1244 882 1337 909 Basilii
1353 883 1549 917 praterlapsis,
1571 883 1629 918 ipse
1654 890 1763 918 quoque
1781 883 1813 909 ad

181 924 296 951 ἅπτεται
312 924 499 955 διδασκαλίας.
518 925 598 958 Τρισὶ
611 924 639 950 δὲ
665 924 772 959 χρόνοις
789 924 902 959 ὕστερον
924 925 974 960 τῆς
988 918 993 947 Ἰ

1004 918 1012 946 ῗ
1028 927 1173 953 Dominum
1185 928 1370 963 transmigrat,
1388 929 1534 964 longorum
1549 930 1731 957 certaminum
1747 937 1816 964 pra:-

180 970 228 996 τοῦ
243 971 362 1004 μεγάλου
372 970 501 1004 τελευτῆς
515 970 658 997 Βασιλείου
673 971 720 997 καὶ
736 971 817 1002 αὐτὸς
834 971 902 1006 πρὸς
917 971 973 997 Κύ-

522 970 658 997 Βασιλείου
673 971 720 997 καὶ
736 971 817 1002 αὐτὸς
834 971 902 1006 πρὸς
917 971 973 997 Κύ-
1026 972 1112 998 mium
1132 977 1334 1007 reportaturus.

182 1026 238 1053 ριον
253 1018 377 1052 ἑκδημεῐ,
391 1017 446 1043 τῶν
462 1017 577 1052 μακρῶν
604 1017 694 1043 πόνων
722 1017 772 1048 τὰς
794 1017 913 1052 ἀμοιϐὰς
928 1026 972 1044 κο-

182 1062 340 1098 μιούμενος.

215 1108 255 1136 Θ’.
276 1109 309 1136 Ἦ
327 1110 422 1145 μέντοι
440 1109 517 1141 πόλις
535 1110 629 1146 ὥσπερ
641 1110 687 1137 ἐπὶ
703 1112 780 1147 κοινῇ
789 1119 842 1138 τινι
859 1112 972 1147 συντρέ-

1062 1107 1107 1135 lx.
1121 1107 1225 1136 Civitas
1239 1113 1341 1142 autem,
1363 1113 1392 1136 ut
1414 1109 1440 1136 in
1454 1109 1565 1144 publica
1582 1109 1641 1137 fieri
1657 1109 1728 1137 solet
1744 1110 1814 1138 cala-

180 1163 266 1190 χουσα
285 1156 415 1190 συμφορᾷ
432 1156 482 1182 οὐκ
506 1154 562 1192 εἶχε
586 1156 681 1192 πράως
709 1157 759 1192 τὴν
774 1157 821 1184 τοῦ
842 1159 972 1193 ποιμένος

1025 1154 1131 1186 mitate,
1144 1160 1308 1190 congregata
1319 1163 1373 1183 non
1390 1156 1469 1183 facile
1486 1157 1549 1184 tulit
1565 1157 1684 1192 pastoris
1695 1157 1812 1191 obitum,

181 1201 310 1236 στέρησιν
331 1202 464 1235 ἐνεγκεῖν,
479 1202 548 1229 ἀλλὰ
560 1202 667 1238 ἀθυμίᾳ
685 1202 835 1238 συνείχετο,
848 1203 895 1229 καὶ
908 1203 973 1238 θρή-

1026 1201 1074 1228 sed
1090 1209 1207 1229 mterore
1229 1197 1366 1237 correpta,
1383 1202 1410 1230 in
1436 1203 1563 1238 planctus
1585 1209 1613 1230 et
1632 1203 1760 1232 lacrimas
1776 1203 1815 1232 ef-

180 1255 236 1278 νοις
253 1246 395 1281 ὲκόπτετο,
413 1248 460 1274 καὶ
487 1247 689 1274 συναποθέσθαι
704 1248 754 1279 τὰς
764 1247 852 1282 ψυχὰς
871 1248 972 1280 πάντες

1026 1246 1086 1273 fusa
1104 1251 1156 1280 est,
1178 1248 1214 1274 ita
1231 1248 1344 1282 quidem
1360 1253 1391 1275 ut
1414 1249 1506 1276 cuncti
1534 1256 1596 1276 cum
1625 1255 1735 1284 pastore
1755 1249 1815 1277 ani-

179 1294 219 1329 τῷ
240 1297 351 1329 ποιμένι
380 1294 548 1330 προῄρηντο.
576 1295 718 1330 Θάψαντες
744 1293 790 1321 οὖν
806 1295 926 1330 ἐντίμως
941 1295 971 1322 τὸ

1026 1299 1098 1319 mam
1116 1293 1258 1321 exhalasse
1273 1298 1413 1329 optarent.
1426 1294 1494 1321 Cum
1516 1295 1609 1329 itaque
1628 1294 1697 1322 illud
1716 1302 1813 1322 revera

178 1341 270 1375 τίμιον
284 1341 372 1368 έκεῖνο
386 1341 495 1377 ἀληθῶς
512 1342 592 1376 σῶμα
610 1342 656 1368 καὶ
669 1341 754 1368 πολλὰ
765 1341 871 1377 δάκρυα
889 1351 972 1369 κατα-

1027 1339 1185 1366 vencrabile
1199 1347 1299 1374 corpus
1310 1339 1464 1367 honoriﬁce
1489 1340 1682 1375 sepelivissent
1701 1345 1729 1368 et
1744 1341 1813 1368 mul-

180 1388 293 1422 χέαντες
307 1387 383 1422 μόλις
398 1387 464 1414 ποτὲ
492 1387 630 1414 πείθονται
655 1388 701 1413 τὸν
717 1387 803 1421 τάφον
815 1388 969 1415 ἀπολιπεῖν.

1026 1389 1067 1411 tas
1083 1384 1221 1412 fudissent
1246 1385 1392 1421 iacrymas,
1415 1386 1461 1413 vix
1491 1394 1505 1413 a
1521 1386 1648 1420 sepulcro
1669 1386 1812 1414 discedere

181 1431 280 1459 Πολ)ιαὶ
298 1432 324 1459 δὲ
343 1432 504 1468 θεοσημεῖαι
531 1433 618 1467 παρὰ,
634 1432 681 1459 τοῦ
699 1433 803 1464 εἰδότος
817 1433 879 1465 τοὺς
893 1433 972 1466 δοξά-

1026 1430 1228 1458 sustinueruut.
1248 1431 1330 1458 Multa
1352 1437 1443 1458 autem
1462 1440 1477 1458 a
1499 1432 1554 1458 Deo
1569 1431 1615 1466 qui
1629 1431 1812 1466 glorificantes

179 1477 276 1510 ζοντας
288 1477 370 1504 αὐτὸν
395 1478 518 1511 δοξάζειν
537 1477 605 1504 Θεοῦ
626 1478 730 1505 ἐκεῖθεν
743 1479 888 1512 γεγόνασιν
902 1487 910 1494 ³
930 1480 971 1506 ὅτι

1026 1476 1117 1512 ipsum
1138 1477 1216 1504 novit
1244 1477 1409 1512 gloriﬁcare,
1430 1478 1500 1505 facta
1518 1477 1557 1505 ibi
1583 1481 1647 1505 sunt
1669 1477 1811 1509 miracula.

179 1525 254 1559 αὑτῷ
271 1525 372 1560 πρέπει
389 1525 466 1552 πᾶσα
481 1524 554 1558 δόξα,
569 1524 637 1559 τιμὴ
659 1525 706 1551 καὶ
722 1524 908 1559 προσκύνησις
922 1525 971 1551 σὺν

1024 1524 1107 1558 eique
1120 1523 1237 1551 debetur
1248 1523 1338 1550 omnis
1357 1523 1455 1559 gloria,
1470 1523 1559 1550 honor
1569 1528 1597 1551 et
1613 1523 1738 1550 adoratio
1750 1531 1811 1550 cum

180 1570 219 1606 τῷ
244 1566 383 1606 μονογενεῖ
400 1570 456 1605 Υιῷ
480 1570 528 1596 καὶ
553 1569 592 1605 τῷ
616 1570 744 1605 παναγίῳ
764 1570 902 1605 Πνεύματι
930 1571 971 1602 εἰς

1025 1570 1169 1605 unigenito
1196 1569 1268 1596 Filio
1283 1574 1312 1596 ct
1326 1569 1498 1597 sanctissimo
1522 1569 1627 1604 Spiritu
1643 1569 1671 1596 in
1700 1570 1810 1597 sarcula.

179 1617 244 1649 τοὺς
258 1617 370 1649 αἰῶνας,
394 1617 422 1643 Ἀ
428 1617 491 1652 μήν.
985 1617 991 1643 1

312 1626 370 1649 νας,
394 1617 422 1643 Ἀ
428 1617 491 1652 μήν.
985 1615 1008 1645 C
1024 1615 1122 1642 Amen.

196 1721 1805 1742 Wa

473 1819 864 1909 MENSIS
902 1819 1518 1907 DECEMBEB.

613 2034 793 2092 B102
831 2034 970 2090 ΚΑΙ
1009 2006 1386 2091 ΠΟΛΙΤΕΙΑ

780 2137 850 2164 ΤΟΥ
865 2137 966 2164 ΟΣΙΟΥ
982 2137 1119 2164 ωτΡοΣ
1134 2136 1234 2164 ΗΜΩΝ

326 2212 760 2303 ΔΑΝΙΗΛ
810 2213 1032 2299 ΤΟΥ
1072 2213 1656 2300 ΣΤΥΛΙΤΟΥ.

603 2440 608 2447 ι
640 2414 784 2460 VITA
819 2413 896 2458 ET
932 2411 1356 2461 CONVERSATIO

810 2505 841 2535 S.
874 2503 1014 2534 PATRIS
1034 2505 1178 2535 NOSTRI

496 2589 946 2668 DANIELIS
1008 2591 1486 2669 STYLITIE.

393 2712 492 2751 (Latine
507 2718 570 2750 apud
587 2718 688 2744 Surium
705 2720 734 2744 ad
748 2719 814 2744 diem
828 2719 853 2744 lt
883 2720 1035 2751 Decembris,
1061 2721 1147 2747 Graece
1165 2728 1196 2747 ex
1218 2722 1273 2747 cod.
1296 2727 1342 2746 ms.
1371 2720 1438 2751 1559,
1454 2727 1511 2746 nec.
1531 2720 1594 2752 ιιι)

215 2861 255 2889 A'.
271 2861 376 2896 Ὠσπερ
391 2861 437 2887 ἰπὶ
461 2860 515 2888 τῶν
530 2860 665 2896 ἀριστέων
681 2861 783 2889 ὁπόταν
798 2861 865 2897 περὶ
884 2861 964 2888 πολέ-
981 2866 1004 2893 ι)

995 2867 1004 2893 )
1054 2860 1327 2895 LQucmadmodum
1361 2860 1430 2888 viris
1457 2859 1575 2888 fortibus
1603 2859 1745 2892 usuvenit.
1777 2863 1807 2886 ut

180 2915 240 2942 μων
253 2908 298 2935 καὶ
314 2907 426 2942 ἀγώνων
446 2908 493 2934 καὶ
508 2908 647 2943 τροπαίων
661 2917 702 2941 τις
728 2908 896 2945 διαλέγηται,
915 2909 964 2938 αὖ·

1018 2908 1127 2944 quando
1142 2908 1204 2944 quis
1220 2907 1253 2937 de
1267 2907 1346 2936 bellis
1359 2911 1387 2935 et
1412 2906 1610 2935 certaminibus
1626 2913 1653 2933 et
1680 2905 1803 2941 tropaeis.

312 2957 456 3002 Ῥιτιιοιι.
471 2957 528 2988 Gn.
546 2957 652 2990 CXVI.
1608 2954 1642 2986 31
