2049 3151
225 163 276 197 δτι

802 165 993 197 ADDENDA.
1015 177 1050 184 —
1065 165 1281 198 DECEMBER.

1808 170 1860 203 972

224 220 267 247 eis
283 219 374 247 statim
391 219 529 248 excitetur
545 219 665 252 animus,
685 223 713 248 et
731 225 837 255 quaerat
860 222 1010 249 instructas

1062 222 1127 250 τίκα
1142 231 1171 248 τε
1183 223 1275 254 αὐτοῖς
1288 223 1304 258 ἡ
1316 222 1388 259 ψυχὴ
1400 223 1582 258 διανίσταται,
1605 227 1654 254 καί
1665 236 1717 255 που
1737 230 1787 257 καὶ
1802 240 1858 259 πα-

225 266 308 296 acies.
321 270 349 293 et
363 273 461 293 manus
478 274 626 305 conserere
651 267 764 301 cupiant
794 274 857 294 cum
873 267 1011 299 hostibus,

224 315 252 337 ct
261 318 314 345 quo
327 311 405 345 plura
417 311 451 339 de
468 312 511 339 his
521 314 605 340 verba
624 312 682 340 ﬁeri
700 313 867 345 audiverim,
882 321 915 340 eo
927 313 1014 348 magis

225 357 266 384 eis
286 357 386 384 crescit
404 357 582 390 desiderium,
598 363 624 386 et
641 358 703 385 talia
719 358 842 386 facinora
859 359 952 386 statim
968 366 1015 393 ag-

225 402 301 437 gredi
340 403 458 438 cupiunt
482 412 489 430 :
528 404 565 431 ita
590 404 672 431 etiam
701 405 810 432 virtutis
833 404 1013 437 amatoribus,

226 455 255 477 ut
269 449 293 478 si
311 449 374 484 quis
388 449 429 476 eis
443 454 536 477 narret
554 451 636 483 vitas,
653 459 714 486 quae
738 451 766 478 in
782 451 934 479 monastica
949 448 1014 479 ver-

226 499 323 522 santur
338 495 548 529 exercitatione,
564 501 591 522 et
606 503 654 530 per
669 504 778 523 omnem
793 497 944 531 pervadunt
960 498 1014 524 vir-

227 544 325 572 tutem,
343 547 404 575 quae
419 540 474 567 Deo
487 541 625 574 conciliat,
648 542 728 568 simul
747 542 961 575 inﬂammantur,
985 547 1014 570 et

226 591 259 612 ea
273 586 405 619 cupiunt,
435 594 495 620 qua:
519 591 583 614 sunt
612 587 664 614 sibi
692 588 896 621 convenientia,
925 592 953 616 et
978 588 1013 615 ad

227 638 375 664 summam,
391 631 425 658 iis
442 640 503 667 quae
519 632 661 666 dicuntur,
678 639 709 661 ut
722 642 782 669 quae
798 635 854 662 sint
868 635 921 663 sibi
950 643 1015 669 pro-

226 677 296 712 pria,
328 678 493 712 afficiuntur,
519 684 546 706 et
578 687 607 706 se
633 685 732 714 parant
759 681 792 708 ad
817 681 1011 708 imitationem.

226 723 405 752 Admirabilis
423 725 516 760 itaque
545 725 602 753 vita
632 726 714 760 hujus
730 726 859 758 Danielis,
878 727 1012 762 quemad-

227 770 337 797 modum
354 771 397 798 vel
415 779 469 798 non
486 771 542 798 sola
559 771 676 799 maxime
701 772 804 800 suﬂicit
820 772 855 800 ad
880 772 1013 806 animum,

225 817 272 852 qui
287 822 383 849 captus
396 822 439 846 est
452 826 544 845 amore
559 819 679 852 virtutis,
698 820 802 855 majore
829 820 889 848 zelo
915 827 1016 848 accen-

1061 269 1190 304 ρατάξεις
1219 271 1353 305 ἐπιζητεῖ.
1381 270 1513 306 καὶπρὸς
1529 273 1691 309 συμπλοκὴν
1714 275 1854 311 πολεμίων

1062 315 1156 350 ὁρμᾷ,
1174 315 1222 342 καὶ
1251 316 1359 352 ὅσῳπερ
1385 316 1418 344 ἂν
1443 317 1544 352 μᾶλλον
1576 320 1640 351 τοὺς
1665 320 1730 355 περὶ
1753 322 1857 349 τούτων

1062 359 1181 387 ἀκούωσι
1195 361 1301 395 λόγους,
1317 362 1364 388 ἐπὶ
1387 361 1468 390 πλέον
1494 372 1523 390 τε
1546 364 1638 392 αὐτῶν
1654 365 1671 400 ἡ
1684 367 1757 401 ὁρμὴ
1774 367 1858 400 αὔξε-

1062 415 1119 439 ται,
1145 406 1193 433 καὶ
1207 407 1335 434 τοιούτων
1349 407 1439 444 ἔργων
1450 409 1532 441 εὐθὺς
1547 411 1690 446 ὀρέγονται
1702 420 1710 428 ·
1725 412 1797 440 οὕτω
1811 414 1858 441 καὶ

1063 453 1110 478 ἐπὶ
1133 452 1188 479 τῶν
1203 453 1253 486 τῆς
1275 454 1378 489 ἀρετῆς
1406 456 1530 490 ἐραστῶν
1543 464 1549 471 ·
1575 457 1609 483 ἂν
1629 457 1801 494 ἁσκητικούς
1815 468 1857 492 τις

1064 498 1155 529 αὐτοῖς
1175 498 1316 534 διέρχηται
1335 500 1409 535 βίους
1427 503 1474 528 καὶ
1486 501 1530 529 διὰ
1546 502 1637 538 πάσης
1655 504 1757 540 ἀρετῆς
1772 505 1856 540 ἧκον-

1062 552 1111 574 τας
1127 545 1225 572 ὁπόσαι
1242 545 1301 580 Θεῷ
1312 546 1470 580 οἰκειοῦσιν,
1483 548 1542 583 ἅμα
1558 557 1587 575 τε
1603 549 1857 585 διαθερμαίνονται,

1063 591 1110 617 καὶ
1120 591 1175 617 τῶν
1187 591 1288 626 ὁμοίων
1301 592 1433 626 ἐφίενται,
1449 593 1496 620 καὶ
1512 595 1581 626 ὅλως
1596 595 1704 627 οἰκείως
1719 595 1855 623 διατίθενο

1062 643 1108 662 ται
1123 636 1179 668 τοῖς
1193 636 1362 672 λεγομένοις,
1377 638 1424 664 καὶ
1438 640 1697 674 παρασκευάζονται
1713 641 1783 677 πρὸς
1804 642 1856 676 τὴν

1064 682 1191 718 μίμησιν.
1214 683 1242 710 '0
1255 683 1321 717 γοῦν
1336 683 1384 710 τοῦ
1401 685 1555 720 θαυμασίου
1568 686 1664 713 τούτου
1678 687 1780 722 Δανιὴλ
1797 687 1855 722 βίος

1064 728 1122 758 πῶς
1137 729 1199 763 οὐχὶ
1223 730 1271 756 καὶ
1288 730 1367 765 μόνος
1384 731 1551 763 ίκανὼτατός
1573 733 1648 759 ἔστιν
1663 733 1765 768 ἀρετῆς
1780 733 1852 767 ἐρῶ-

1065 782 1114 800 σαν
1129 774 1218 809 ψυχὴν
1244 775 1284 807 είς
1307 775 1419 802 πλείονα
1448 776 1531 812 ζῆλον
1548 777 1692 811 ἐκκαῦσαι,
1721 779 1767 805 καὶ
1786 779 1856 811 ὅλως

1066 819 1151 854 αὐτὴν
1166 821 1275 856 κινῆσαι
1290 822 1337 848 καὶ
1349 822 1531 856 καταθέλξαι;

226 864 359 898 dendum,
376 869 404 892 et
419 865 510 900 ipsum
527 867 641 894 omnino
670 867 834 895 movendum
853 871 882 894 et
908 866 1134 899 demulcendum,
1168 871 1196 894 et
1227 868 1456 895 suavissimorum
1488 869 1611 896 laborum
1651 872 1854 900 exercitationis

225 910 392 938 all'erendam
408 911 588 946 voluptatem,
605 920 666 947 qua
680 920 736 940 non
751 913 834 941 habet
844 913 997 941 satietatem
1013 913 1024 940 ?
1040 912 1100 945 Quo
1123 917 1167 940 est
1179 914 1254 940 enim
1273 914 1472 947 admirabilior,
1492 922 1525 942 eo
1554 921 1596 943 est
1623 917 1704 944 etiam
1738 918 1832 945 utilior
1846 927 1853 943 ε

225 961 255 984 et
271 957 369 992 siquis
381 965 444 984 eum
468 958 584 986 voluerit
598 960 732 992 aemulari,
759 961 786 987 in
810 960 918 987 modico
942 959 1068 992 multam,
1086 963 1190 994 etquae
1205 968 1267 987 cum
1302 961 1397 995 paucis
1439 960 1558 989 conferri
1598 968 1698 997 potest,
1733 963 1854 991 inveniet

227 1002 357 1030 virtutem

263 1074 296 1101 ΙΙ.
313 1075 384 1102 lluic
403 1083 470 1111 ergo
486 1075 566 1103 beato
580 1079 667 1111 patria
684 1077 794 1112 quidem
809 1083 878 1110 erat,
896 1085 956 1112 quae
969 1077 1011 1104 in-

1097 1075 1135 1102 B'.
1155 1074 1250 1109 Τούτιρ
1266 1074 1358 1102 τοίνυν
1373 1075 1413 1110 τῷ
1428 1075 1556 1111 μακαρίῳ
1570 1076 1671 1111 πατρὶς
1701 1076 1751 1111 μὲν
1767 1077 1784 1112 ἡ
1800 1076 1852 1112 τῆς

226 1123 269 1147 ter
283 1119 452 1155 Euphratem
466 1125 493 1148 et
504 1121 608 1156 Tigrim
622 1123 685 1156 sita,
699 1127 728 1150 et
744 1127 795 1156 est,
809 1127 837 1150 et
854 1123 1011 1149 nominatur

1064 1120 1206 1156 Εὐφράτου
1232 1120 1279 1147 καὶ
1295 1120 1429 1155 Τίγρητος
1445 1121 1547 1156 μεταξὺ
1560 1121 1675 1156 κειμένη
1693 1122 1853 1150 Μεσοποτα-

226 1166 431 1202 Mesopotamia.
453 1167 538 1195 Natus
565 1172 608 1195 est
631 1175 722 1196 autem
736 1169 764 1196 in
791 1168 910 1204 quodam
940 1169 1011 1202 vico,

1065 1167 1114 1202 μία
1131 1166 1189 1193 ἔστί
1202 1175 1231 1193 τε
1246 1167 1292 1194 καὶ
1309 1166 1416 1198 οἰκείως
1433 1167 1651 1202 κατονομάζεται
1661 1176 1669 1183 ·
1684 1168 1713 1194 ὲν
1725 1167 1808 1204 κώμῃ
1823 1169 1850 1194 δὲ

225 1213 316 1240 vicino
325 1213 386 1241 urbi
401 1213 616 1241 Samosatorum:
630 1223 735 1248 eorum,
749 1214 861 1250 qui‘illic
877 1214 1011 1247 habitant,

1062 1212 1183 1239 τίκτεται
1198 1212 1273 1239 πόλει
1288 1211 1389 1245 γείτονι
1405 1212 1569 1247 Σαμοσάτων
1579 1221 1586 1228 ·
1620 1213 1739 1250 Μαραθᾱ
1751 1214 1853 1249 ταύτην

226 1258 318 1294 lingua
335 1266 398 1286 eum
410 1264 488 1286 vocat
501 1259 634 1286 Maratha.
651 1260 682 1287 Ei
710 1264 788 1294 pater
812 1259 924 1294 quidem
953 1263 1011 1286 erat

1063 1257 1225 1294 ήέγχώριος
1241 1258 1349 1292 γλῶττα
1364 1259 1454 1285 καλεῖ.
1471 1258 1566 1300 Τούτῳ
1582 1259 1672 1295 πατὴρ
1684 1260 1734 1293 μὲν
1749 1259 1851 1290 Ἦλιοὺ,

225 1304 298 1336 Eliu.
316 1309 403 1332 mater
420 1312 486 1332 vero
501 1305 606 1332 Martha
623 1314 630 1338 ;
648 1305 700 1332 fuit
726 1309 816 1332 autem
845 1305 890 1332 hic
914 1304 1013 1332 modus

225 1351 425 1386 conccptionis.
451 1351 546 1378 Matris
577 1351 638 1386 ejus
664 1356 758 1378 uterus
782 1356 841 1379 erat
864 1351 1011 1378 admodum

225 1404 338 1424 mancus
350 1404 381 1423 ac
396 1397 529 1429 mutilus;
543 1401 603 1424 erat
614 1397 687 1424 enim
699 1397 801 1424 sterilis
813 1396 847 1423 ad
860 1396 1011 1423 liberorum

226 1442 456 1478 procreationem.
477 1442 546 1470 Cum
570 1442 662 1478 itaque
690 1442 764 1470 mille
787 1442 895 1477 probris
908 1449 966 1469 eam
983 1441 1011 1469 in

225 1489 285 1516 dies
303 1489 503 1517 insectarentur
518 1489 643 1523 maritus,
657 1489 725 1522 noti,
736 1489 855 1524 cognati,
873 1492 900 1515 et
915 1495 1011 1515 omnes

225 1536 284 1569 alii,
297 1542 324 1563 et
341 1536 492 1564 liberorum
511 1542 657 1572 egestatem
672 1537 696 1564 ei
719 1536 817 1564 acerbe
843 1535 1009 1572 objicerent,

222 1583 272 1609 illa
288 1581 322 1609 ab
335 1582 376 1610 eis
391 1582 461 1609 male
474 1582 570 1610 alfecta
586 1587 614 1610 et
628 1583 710 1610 corde
725 1583 857 1616 cruciata,
885 1582 953 1617 quid
971 1582 1010 1610 fa-

219 1629 283 1657 .cit?
298 1628 426 1663 Confugit
440 1628 473 1655 ad
486 1636 559 1662 eum,
576 1628 622 1663 qui
636 1629 694 1655 bmc
718 1632 809 1663 potest
837 1635 955 1661 curare;
983 1632 1012 1655 et

217 1675 295 1703 .clam
308 1675 390 1702 domo
407 1674 495 1702 media
508 1679 586 1701 nocte
598 1681 719 1709 egressa,
735 1681 833 1701 manus
855 1674 884 1700 in
910 1673 1009 1701 malum

215 1721 335 1753 iollens,
351 1724 379 1747 et
396 1723 496 1746 terram
516 1719 645 1754 lacrymis
657 1719 791 1754 irrigans:
806 1718 921 1746 Domine
939 1719 1008 1752 Rex,

1064 1305 1156 1340 μήτηρ
1174 1304 1204 1331 δι
1220 1303 1320 1340 Μάρθα
1330 1312 1338 1320 ·
1351 1303 1452 1339 τρόπος
1467 1304 1494 1330 δὲ
1513 1305 1563 1340 τῆς
1589 1305 1749 1340 συλλήψεως
1763 1303 1852 1337 οὗτος.

1063 1350 1214 1385 Πεπήρωτο
1229 1349 1285 1385 γὰρ
1303 1350 1352 1384 τὴν
1375 1350 1495 1385 γαστέρα
1520 1350 1613 1381 δεινῶς
1627 1351 1644 1386 ἡ
1673 1352 1777 1386 μήτηρ,
1800 1350 1850 1377 καὶ

1063 1395 1159 1429 στείρα
1172 1392 1207 1430 ἦν
1232 1395 1299 1429 πρὸς
1317 1394 1420 1421 παίδων
1432 1395 1525 1430 γονήν.
1545 1395 1663 1430 Μυρίοις
1677 1395 1723 1422 οὖν
1738 1396 1853 1423 ὀνείδεσι

1062 1438 1236 1474 καθεκάστην
1256 1438 1463 1465 ὑποϐαλλόντων
1481 1439 1566 1474 αὐτὴν
1593 1439 1852 1475 ἀνδρὸς,γνωστῶν,

1062 1483 1214 1518 συγγενῶν,
1232 1483 1286 1510 τῶν
1308 1483 1398 1510 ἄλλων
1419 1483 1558 1516 ἁπάντων,
1574 1484 1666 1519 ἐκείνη
1682 1484 1775 1516 κακῶς
1798 1485 1852 1510 ὑπὸ

1061 1531 1163 1558 τούτων
1182 1531 1325 1566 πάσχουσα
1352 1530 1397 1557 καὶ
1412 1530 1462 1567 τὴν
1485 1531 1598 1567 καρδίαν
1626 1531 1795 1567 ὁδυνωμένη,
1823 1531 1851 1558 τί

1061 1579 1150 1610 stensi;
1170 1578 1240 1612 Πρὸς
1252 1577 1298 1603 τὸν
1313 1577 1465 1611 δυνάμενον
1489 1575 1575 1603 ταῦτα
1590 1577 1752 1613 θεραπεύειν
1767 1585 1852 1605 κατα-

1061 1624 1156 1657 φεὺγει
1173 1622 1249 1656 Θεὸν,
1267 1622 1315 1649 καὶ
1329 1622 1418 1658 λάθρα
1431 1623 1482 1657 τῆς
1496 1624 1586 1655 οἰκίας
1602 1624 1634 1649 tu
1648 1624 1740 1657 μέσων
1756 1623 1852 1654 νυκτὸς

1060 1668 1205 1701 ἐξελθοῦσα
1223 1668 1270 1695 καὶ
1292 1667 1343 1699 τὰς
1367 1670 1462 1703 χεῖρας
1483 1669 1524 1698 είς
1538 1668 1654 1703 οὐρανὸν
1672 1669 1773 1704 ᾶρασα,
1800 1669 1851 1696 δά·

1060 1715 1143 1749 κρυσί
1160 1723 1191 1740 τε
1210 1714 1260 1749 τὴν
1273 1714 1325 1748 γῆν
1341 1713 1488 1748 βρέχουσα,
1500 1714 1589 1750 Κύριε
1603 1714 1725 1750 βασιλεῦ,
1742 1714 1848 1749 ἔλεγεν,

219 1765 324 1800 inquit,
343 1765 389 1800 qui
409 1765 443 1791 ab
459 1764 538 1791 initio
550 1765 701 1791 masculum
721 1769 748 1791 et
765 1765 894 1792 feminam
911 1765 1010 1798 fecisti,

1062 1761 1076 1786 ό
1086 1759 1134 1795 τὴν
1147 1759 1234 1795 ἀρχὴν
1247 1760 1330 1794 ἄρσεν
1344 1760 1392 1786 καὶ
1413 1760 1478 1795 Θῆλυ
1491 1761 1617 1795 ποιήσας,
1630 1762 1644 1787 ὁ
1660 1760 1755 1793 είπὼν,
1777 1769 1786 1786 ι
1796 1761 1851 1787 Δὸ-

222 1812 271 1846 qui
281 1811 385 1844 dixisti,
399 1821 407 1836 ι
423 1811 541 1838 Crescite
553 1814 581 1837 et
595 1810 832 1845 multiplicamini’
845 1819 853 1844 ;
873 1820 882 1836 ι
896 1811 943 1846 qui
959 1810 1008 1838 de-

222 1857 289 1885 disti
303 1857 330 1884 in
346 1857 489 1884 sterilitate
505 1855 578 1884 Sara:
590 1856 701 1891 quidem
717 1856 801 1889 lsaae,
817 1856 903 1884 Anna:
917 1861 1008 1884 autem

1062 1805 1172 1838 ξάνεσθε
1194 1806 1242 1832 καὶ
1273 1805 1442 1840 πληθύνοσθε
1464 1813 1472 1822 ·
1503 1807 1518 1832 ὸ
1545 1806 1606 1837 δοὺς
1631 1806 1724 1842 Σὰρρᾳ
1740 1807 1790 1841 μὲν
1805 1807 1850 1833 τὸν

1067 1851 1169 1883 Ἰσαὰκ,
1185 1851 1270 1886 ’Δννιι
1285 1851 1312 1878 δδ
1327 1851 1373 1878 τὸν
1387 1850 1525 1886 Σαμουὴλ,
1547 1851 1688 1878 Ἐλισάόετ
1703 1851 1732 1878 δὲ
1757 1852 1850 1879 Ἰωάν-

222 1903 389 1936 Samuelem.
407 1902 572 1930 Elisabetha
598 1909 663 1929 vero
682 1902 836 1932 Joannem;
853 1906 880 1929 tu
898 1909 1008 1936 quoque

1062 1905 1109 1932 νην
1119 1904 1126 1912 ³
1146 1896 1228 1928 αὐτὸς
1241 1894 1317 1928 οὗτος
1331 1897 1382 1932 τῆς
1398 1897 1493 1931 ὁμοίας
1508 1896 1621 1932 ἐλέησον
1645 1897 1720 1933 κάμὲ
1743 1905 1850 1932 συμφο‹

223 1957 290 1976 mea:
307 1949 405 1976 similis
421 1949 552 1976 miserere
566 1947 739 1981 calamitatis,
754 1951 781 1974 et
796 1955 839 1975 me
850 1948 1004 1974 misericor-

1062 1943 1121 1978 ρᾶς,
1134 1943 1181 1969 καὶ
1195 1943 1263 1977 πρὸς
1288 1941 1378 1969 οϊκτον
1396 1942 1444 1975 ῐδε,
1466 1943 1513 1969 καὶ
1530 1943 1580 1978 τὴν
1597 1943 1741 1979 στείρωσιν
1757 1943 1848 1976 λῦσον⁹

223 1996 295 2022 diter
314 1995 433 2027 intuere,
449 1999 478 2022 et
486 1995 560 2022 solve
575 1984 760 2027 sterilitatem,
776 1997 804 2020 et
821 1993 1006 2028 auferoppro-

1062 1987 1165 2014 καὶτὸν
1189 1988 1341 2023 ὀνειδισμὸν
1367 1987 1463 2022 ἄφελε,
1480 1988 1529 2014 καὶ
1544 1987 1588 2020 δός
1604 1996 1649 2022 μοι
1668 1988 1717 2022 τῆς
1733 1988 1847 2015 ἀτέκνου

221 2041 325 2073 brium,
347 2044 375 2067 et
391 2040 494 2067 sterilis
507 2040 577 2067 uteri
591 2039 624 2067 da
640 2040 708 2066 mihi
738 2040 867 2070 fructum,
885 2044 916 2066 ut
942 2046 1006 2066 eum

1062 2034 1163 2066 κοιλίας
1186 2035 1302 2070 καρπὸν,
1330 2036 1374 2062 ἵνα
1396 2035 1445 2062 καὶ
1463 2034 1557 2061 τοῦτόν
1583 2043 1624 2061 σοι
1653 2034 1692 2070 τῷ
1721 2034 1848 2061 δεδωκότι

223 2094 334 2122 quoque
352 2086 400 2113 tibi
421 2085 545 2119 oﬂ’eram,
564 2086 610 2121 qui
627 2085 748 2118 dederis,
762 2085 899 2120 quomodo
917 2085 1007 2119 prisca

1062 2081 1197 2115 προσάξω,
1214 2080 1339 2115 καθάπερ
1353 2081 1370 2115 ἡ
1381 2080 1445 2116 πρὶν
1461 2080 1544 2107 Ἀννα
1559 2080 1604 2107 τὸν
1618 2080 1755 2116 Σαμουὴλ.
1769 2080 1849 2107 Οὕτω

222 2133 300 2159 Anna
319 2131 484 2158 Samuelem.
499 2131 566 2158 Cum
587 2135 642 2158 tam
655 2131 753 2158 acerbe
764 2131 885 2158 ﬂevisset
903 2130 930 2158 in
942 2137 1008 2158 con-

1062 2126 1165 2161 πικρῶς
1178 2127 1208 2152 ὲν
1224 2126 1353 2161 συντριϐῇ
1371 2126 1526 2160 πνεύματος
1540 2125 1694 2158 κλαύσασα,
1715 2127 1781 2152 εῐσω
1795 2126 1848 2152 πά-

223 2177 338 2205 tritione
352 2177 476 2211 spiritus,
489 2177 600 2204 domum
614 2185 710 2204 rursus
720 2177 885 2211 ingreditur,
903 2181 931 2204 et
945 2184 1006 2204 cum

1062 2173 1100 2198 λιν
1127 2173 1176 2206 τῆς
1206 2172 1294 2202 οίκίας
1325 2173 1426 2207 χωρεῖ,
1459 2171 1505 2198 καὶ
1531 2172 1632 2206 ’μικρὸν
1657 2171 1847 2206 ἀφυπνώσασα

221 2231 320 2259 parum
334 2223 520 2254 dormitasset,
535 2223 609 2250 videt
628 2222 771 2250 insomnis
783 2223 838 2250 duo
849 2223 1006 2257 luminaria,

1062 2217 1204 2252 φωστῆρας
1219 2216 1265 2242 δύο
1273 2216 1416 2251 λαμπροὺς
1424 2217 1453 2242 τὺ
1466 2216 1562 2248 κάλλος
1573 2217 1639 2252 ὄναρ
1652 2217 1714 2252 ὁρᾷ,
1724 2216 1754 2243 τὸ
1766 2216 1846 2251 μέγε-

223 2267 354 2303 ΡΠΒΟῘἏΙἬ
371 2268 588 2302 pulchritudine,
602 2267 724 2302 ingentia
758 2268 957 2302 magnitudine,
978 2267 1008 2294 ti-

1062 2262 1106 2294 ϐος
1125 2263 1280 2297 μεγίστους,
1291 2263 1322 2289 τδ
1337 2262 1432 2297 σχῆμα
1449 2261 1534 2298 δίσκῳ
1552 2263 1756 2298 προσεοικότας.
1777 2262 1846 2288 Τού-

221 2320 289 2348 gnra
319 2319 410 2340 autem
437 2312 513 2340 disco
538 2313 648 2339 similia.
682 2313 720 2339 Ea
740 2312 884 2340 videbatur
912 2308 1008 2340 videre

1062 2317 1122 2340 τους
1132 2308 1218 2335 ἐδόκει
1234 2308 1278 2335 τὸν
1294 2308 1406 2343 οὐρανὸν
1427 2308 1557 2339 λιπόντας
1567 2328 1574 2340 ,
1590 2308 1682 2343 ἡρέμα
1698 2316 1727 2334 τε
1743 2308 1846 2334 ὑποκα-

221 2359 292 2386 οωίο
307 2358 403 2385 relicto
428 2357 531 2384 sensim
564 2358 769 2390 descendentia,
799 2357 918 2392 desuper
947 2358 1007 2393 ejus

1062 2354 1165 2384 τιόντας
1182 2354 1284 2381 ἄνωθεν
1297 2354 1382 2387 αὐτῆς
1398 2353 1467 2389 ὑπὲρ
1484 2354 1608 2388 κεφαλῆς
1619 2351 1759 2387 Ῡενέσθαι.
1777 2353 1847 2379 Ἕω-

221 2405 368 2433 imminere
382 2405 474 2438 capiti.
489 2405 558 2432 Cum
570 2412 649 2432 mane
669 2410 759 2432 autem
776 2406 952 2439 surrexisset,
978 2410 1009 2433 et

1062 2400 1106 2426 θεν
1119 2400 1166 2426 οῦν
1180 2400 1334 2435 ἁναστάσης
1357 2399 1404 2426 καὶ
1418 2399 1457 2438 τῷ
1481 2399 1559 2433 ἀνδρὶ
1576 2398 1626 2433 τὴν
1643 2398 1705 2432 δψιν
1720 2399 1769 2425 καὶ
1788 2399 1845 2429 τοῖς

209 2451 321 2478 .marito
340 2451 472 2478 visionem
489 2456 516 2478 et
545 2451 600 2478 suis
619 2442 744 2485 cognatis
766 2451 1005 2485 communicasset,

1062 2445 1203 2480 συγγενέσι
1226 2445 1442 2480 κοινωσαμένης,
1457 2444 1536 2475 ἄλλος
1556 2445 1605 2478 μὲν
1618 2444 1682 2470 ἄλλο
1692 2452 1718 2470 τι
1733 2443 1762 2470 τὸ
1776 2444 1845 2470 ἀπο-

222 2498 293 2525 alius
312 2497 423 2533 quidem
451 2497 554 2532 aliquid
581 2498 654 2524 aliud
681 2497 790 2525 dicebat
821 2501 1007 2530 eventurum;

1062 2491 1209 2527 Βησόμενον
1226 2490 1314 2524 ἔλεγεσ
1328 2491 1358 2516 τὸ
1368 2490 1395 2516 δὲ
1408 2490 1463 2524 ἄρα
1473 2489 1519 2516 τοῦ
1531 2489 1560 2522 ἐξ
1569 2489 1653 2523 αὐτῆς
1664 2488 1734 2523 ὑπὲρ
1742 2488 1845 2522 ἀστέρα

220 2543 288 2570 illud
303 2551 367 2570 vero
380 2547 440 2570 erat
456 2543 619 2577 signiﬁcatio
633 2543 702 2578 ejus,
729 2543 802 2577 quod
829 2550 862 2569 ex
889 2550 921 2570 ea
949 2547 1007 2570 erat

1062 2537 1214 2572 λάμψοντος
1225 2536 1394 2571 προδήλωσις
1410 2533 1454 2571 ἦν.

221 2595 415 2622 processurum
430 2588 473 2616 vel
489 2588 556 2623 ipsis
572 2588 658 2616 stellis
678 2588 807 2615 lucidius.

255 2656 300 2683 111.
323 2657 383 2684 Νοη
404 2657 521 2683 multum
558 2656 686 2692 temporis
705 2656 872 2690 intercessit,
888 2660 918 2683 ut
940 2663 1004 2684 cum

1095 2651 1132 2678 Γ.
1149 2652 1185 2678 Οὐ
1201 2650 1267 2677 πολὺ
1279 2649 1310 2677 τδ
1334 2650 1363 2676 ὲν
1390 2649 1474 2685 μέσῳ,
1491 2649 1538 2675 καὶ
1566 2647 1735 2675 συλλαϐοὖσα
1750 2647 1844 2673 τέτοκε

219 2702 398 2737 concepisset,
428 2703 537 2737 peperit
558 2702 669 2730 beatum
682 2702 834 2735 Danielcm,
863 2706 892 2728 et
924 2706 1005 2736 partu

1062 2698 1103 2724 τὸν
1121 2696 1256 2732 μακάριον
1271 2695 1381 2730 Δανιὴλ,
1399 2695 1446 2722 καὶ
1470 2695 1524 2722 τῶν
1540 2694 1642 2721 ὠδίνων
1654 2693 1755 2728 ἀμφοῖν
1773 2700 1843 2718 στει-

219 2747 345 2782 utrisque
357 2755 421 2775 mox
443 2748 588 2779 liberatur,
621 2755 720 2783 nempe
745 2751 774 2774 et
795 2747 950 2780 sterilitate,
977 2752 1006 2774 et

1062 2743 1168 2781 ρώσεώς
1190 2751 1219 2769 τε
1237 2742 1283 2769 καὶ
1302 2741 1421 2776 ἀθυμίας
1445 2741 1526 2772 εὐθὺς
1549 2740 1708 2767 ἀπολύεται.
1725 2738 1844 2765 Τοιαῦτα

218 2791 303 2818 animi
322 2792 495 2826 aegritudine.
516 2792 578 2820 Haec
607 2792 687 2821 beato
712 2792 816 2820 Danieli
841 2792 904 2820 vitae
927 2791 1004 2820 fuere

1062 2790 1097 2826 τῷ
1114 2789 1240 2825 μακαρίῳ
1256 2788 1290 2815 τὰ
1314 2788 1359 2814 τοῦ
1377 2787 1434 2823 βίου
1449 2787 1579 2822 προοίμια
1591 2794 1598 2802 ·
1622 2785 1693 2813 οὕτω
1708 2783 1844 2820 προῆλθεν

256 2880 263 2895 ⁸
277 2878 346 2906 Gen.
360 2886 380 2910 ι.
394 2878 441 2905 28.
