2049 3151
209 167 262 198 97.3

732 164 823 195 νιΤΑ
845 163 876 194 S.
891 162 1075 194 DANIELIS
1095 163 1275 194 STYLITIE.

1777 166 1830 198 974

205 227 243 255 εις
262 222 319 258 φῶς
333 222 363 249 τὺ
378 221 424 250 τοῦ
444 220 531 256 φωτὸς
547 220 631 252 ὅντως
651 219 782 255 γέννημα.
795 220 925 256 Πέμπτον.)
943 219 993 255 μὲν

1045 220 1196 254 prommia:
1215 220 1254 247 sic
1267 218 1371 255 prodiit
1385 220 1413 247 iu
1437 220 1528 249 lucem
1543 221 1566 249 is
1579 221 1627 257 qui
1646 227 1707 250 erat
1735 230 1831 251 revera

204 266 251 296 οὖν
266 270 280 295 ὁ
292 269 356 299 παῖς
373 267 499 294 ἐπέϐαινε
515 266 622 302 χρόνου·
640 264 718 292 οΰπω
733 265 760 292 δέ
773 274 844 297 τινος
856 265 924 300 πρὸς
937 264 992 291 τῶν

204 315 372 350 γεννητόρων
386 313 515 348 ὀνόματος
526 313 636 348 ἠξίωτο,
655 312 702 339 ἁτε
715 311 747 347 δὴ
761 312 836 347 παρὰ
848 311 917 337 Θεοῦ
945 311 993 337 καὶ

203 360 281 386 τοῦτο
298 357 466 393 βουλομένων
476 357 515 392 τῷ
530 357 606 384 παιδὶ
620 355 758 390 γενέσθαι,
773 356 869 391 ὥσπερ
881 355 933 391 ἄρα
946 355 993 382 καὶ

203 405 252 440 τὴν
269 405 308 436 εἰς
324 404 370 430 τὸν
400 404 456 439 βίον
476 403 659 438 παραγωγήν.
693 401 814 438 ’Δπῆγον
842 402 891 436 μὲν
905 399 951 428 οὖν
967 401 992 427 οἱ

204 453 291 485 γονεῖς
309 450 349 482 εἷς
363 459 389 476 τι
407 450 530 484 σεμνεῖον
549 449 594 475 τὸν
605 448 689 475 παῖδα
707 456 714 463 ·
734 447 890 481 συναπῆγον
904 446 931 473 δὲ
946 447 993 473 καὶ

203 496 253 522 ὅσα
270 495 436 531 προσφέρειν
461 494 584 525 εὐσεϐεῖς
602 494 692 528 χεῖρες
718 492 824 527 φιλοῦσι
844 491 913 526 Θεῷ.
930 491 963 517 ῐν*
978 491 993 518 ὀ

205 540 275 576 ἱερὸς
291 540 374 572 ὅντως
391 541 439 567 καὶ
462 540 491 565 ἐν
508 538 574 573 ιερῷ
588 538 662 573 τόπῳ
677 537 726 572 τὴν
746 537 843 570 κλῆσιν
869 535 989 569 δέξηται.

204 587 436 623 Παραγενομένων
451 584 498 612 οὖν
513 586 559 612 καὶ
574 584 708 618 λεγόντων
726 582 765 616 τῷ
776 581 826 617 τῆς
841 589 990 616 πνευματι-

203 634 254 667 κῆς
273 633 391 667 μάνδρας
408 631 604 666 προηγουμένῳ
630 629 694 656 ἄλλο
717 637 743 655 τι
760 628 846 663 ὄνομα
860 627 899 662 τῷ
916 626 993 654 παιδὶ

204 679 301 711 θεῖναι,
316 678 408 708 ῑνθους
422 676 517 710 ὥσπερ
536 678 550 703 ὁ
575 676 646 708 θεῖος
662 675 731 710 ἀνὴρ
750 675 854 706 ἐκεῖνος
878 672 992 708 γενόμε-

203 733 258 756 νο;,
275 723 353 749 τοῦτο
377 722 429 757 ἔφη
458 720 620 756 τεθήσεσθαι
644 720 658 746 ὃ
678 720 710 747 ἂν
726 720 740 745 ὁ
767 719 869 754 Κύριος
884 719 992 749 πάντως

203 768 377 803 ἀποκαλύψῃ·
396 769 444 795 καὶ
469 767 528 802 ἄμα
548 767 617 802 πρὸς
628 767 674 793 τὸν
689 766 771 792 παῖδα
791 765 891 801 βλέψας
911 766 993 792 αὑτὸν

203 815 235 850 δὴ
251 814 355 846 τοῦτον,
369 813 415 839 τὸν
432 812 531 846 Δανιὴλ
547 813 628 846 φημὶ,
641 811 670 838 ἓν
682 811 791 837 ἐκέλευε
811 810 866 836 τῶν
878 811 910 845 τῇ
925 819 993 845 τρα-

203 859 274 894 πέζῃ
289 858 422 892 κειμένων
433 857 548 891 ἀγαγεῖν
566 856 676 891 βιϐλίων
692 855 762 890 (ἔθος
773 854 827 889 γὰρ
841 855 933 886 αὐτοῖς
946 854 992 881 τοῦ

205 889 277 941 lepos
297 889 671 939 Quotacrtqpf-ou'rtpoitzisOat
697 889 746 932 τὰς
775 901 883 936 βίὸλους
900 901 992 933 κοινῆς
1006 889 1029 919 Β

203 952 284 978 ἓνεκα
298 950 352 977 τῶν
367 951 491 985 μοναχὼν
507 948 662 984 ὠφελείας).
681 948 785 974 Λύτίκα
800 947 890 974 τοίνυν
901 946 915 973 ὁ
927 947 992 978 παῖς

203 997 289 1024 ἐποίει
311 997 341 1022 τδ
354 996 509 1027 κελευσθὲν,
525 995 572 1022 καὶ
590 994 698 1027 κομίζει
714 992 819 1028 βιϐλίον
845 993 895 1027 οὺχ
908 993 945 1023 ὡς
958 991 991 1019 ἄν

203 1050 243 1072 τις
257 1040 328 1067 εῐποι
343 1040 411 1075 τύχῃ
428 1041 490 1072 τινὶ,
508 1039 575 1065 ἀλλὰ
589 1038 648 1073 θείᾳ
663 1037 760 1073 γνώμῃ
774 1038 821 1064 καὶ
836 1036 932 1072 ὁδηγίᾳ
950 1035 990 1071 βί-

204 1087 266 1112 ϐλον
278 1086 384 1120 ἐκείνην
399 1086 415 1120 ἢ
428 1085 462 1111 τὰ
478 1084 524 1110 τοῦ
538 1085 678 1117 προφήτου
702 1082 801 1118 Δανιὴλ
824 1080 883 1116 εἶχε
899 1081 990 1116 λόγια.

204 1131 306 1166 Κρίνας
315 1128 362 1157 οὖν
378 1129 391 1155 ὀ
414 1129 483 1164 ἀνὴρ
497 1128 534 1161 ὡς
552 1129 580 1162 ἐξ
596 1127 712 1163 οὐρανοῦ
739 1127 817 1154 τοῦτο
842 1126 986 1162 σύμϐολον,

203 1176 357 1211 ὁμωνύμως
388 1175 468 1206 εὐθὺς
499 1173 538 1209 τῷ
585 1174 715 1210 προφήτῃ
755 1174 801 1199 τὸν
832 1172 986 1207 ὀμότροπον

204 1221 359 1257 ὀνομάζει,
394 1222 440 1248 καὶ
482 1220 582 1256 Δανιὴλ
619 1219 666 1247 τδν
705 1219 788 1246 παῖδα
833 1218 988 1253 θεαρὲστως

203 1267 290 1294 καλεῖ.

1044 264 1116 294 fetus
1142 265 1265 293 luminis.
1288 265 1378 300 Atque
1401 273 1470 300 puer
1494 267 1606 302 quidem
1626 269 1755 303 quintum
1778 276 1832 296 an‘

1044 319 1109 339 num
1122 313 1178 348 jam
1193 312 1330 347 attigerat,
1352 311 1474 340 nondum
1492 318 1583 340 autem
1593 314 1618 341 ei
1631 314 1715 342 ullum
1730 322 1831 343 nomen

1043 357 1134 385 fuerat
1148 357 1308 392 impositum
1326 365 1341 384 a
1356 359 1520 393 parentibus
1535 364 1566 386 ut
1577 360 1625 394 qui
1643 360 1696 388 hoc
1719 367 1831 396 quoquo

1044 403 1070 430 ei
1095 402 1198 430 vellent
1226 402 1285 429 dari
1312 409 1328 429 a
1355 402 1423 435 Deo,
1437 404 1576 437 quomodo
1593 405 1652 437 ejus
1676 413 1785 439 quoque
1803 406 1831 433 in

1044 448 1128 475 vitam
1169 448 1313 483 productio
1348 449 1383 476 ab
1415 455 1449 476 eo
1483 455 1663 484 processerat.
1691 450 1832 479 Duxerunt

1044 502 1108 529 ergo
1126 499 1254 529 parentes
1280 502 1397 529 puerum
1416 495 1443 522 in
1468 495 1605 531 quoddam
1623 497 1830 524 monasterium.

1045 541 1133 569 Simul
1159 547 1250 570 autem
1282 542 1405 570 tulerunt
1428 550 1539 578 quoque
1578 551 1750 579 quacunque
1781 545 1832 579 piae

1044 596 1142 616 manus
1159 589 1215 616 Deo
1228 588 1318 616 solent
1337 588 1448 623 olTerre,
1469 594 1501 617 ut
1514 590 1558 617 hic
1577 598 1641 618 vere
1655 597 1733 618 sacer
1748 591 1832 619 etiam

1045 635 1074 667 in
1119 643 1197 664 sacro
1233 635 1294 662 loco
1322 635 1474 670 susciperet
1506 636 1728 670 appellationem.
1764 636 1833 664 Cum

1044 687 1111 707 vero
1131 680 1319 712 accessissent,
1347 684 1377 708 et
1406 680 1531 708 dicerem
1556 681 1684 716 praefecto
1712 681 1834 710 mandras

1044 726 1208 761 spiritalis:
1240 725 1382 759 Quodnam
1421 733 1522 754 nomen
1560 731 1603 754 est
1636 726 1834 761 imponendum

1044 772 1150 806 puero?
1175 771 1219 799 ille
1235 772 1278 799 vir
1292 772 1415 805 divinus,
1426 772 1522 800 divino
1541 772 1626 800 veluti
1645 773 1776 801 instinctu
1789 773 1832 801 af-

1045 816 1135 849 ﬂatus,
1157 816 1223 844 dicit
1238 816 1265 844 id
1287 824 1348 844 esse
1375 816 1572 851 imponendum
1597 818 1669 853 quod
1699 818 1832 846 Dominul

1045 862 1158 889 omnino
1177 862 1341 889 revelaverit
1355 869 1362 894 ;
1381 866 1410 889 et
1421 862 1504 889 simul
1520 862 1554 890 ad
1579 871 1694 897 puerum
1711 863 1832 895 intuens,

1044 907 1078 934 ad
1092 908 1175 939 hunc,
1192 907 1302 943 inquam
1316 927 1325 940 ,
1341 907 1432 942 ipsum
1459 908 1610 941 Danielem,
1630 909 1714 943 jussit
1740 909 1833 937 aﬂerri

1044 960 1131 980 unum
1158 959 1192 980 ex
1218 953 1253 981 iis
1274 953 1365 986 libris,
1397 953 1444 988 qui
1468 957 1549 980 erant
1593 961 1676 988 supra
1707 962 1833 983 mensam

1044 998 1124 1034 (mos
1143 998 1217 1026 enim
1237 1002 1298 1026 erat
1316 998 1357 1025 eis
1378 1006 1479 1033 ponere
1492 998 1578 1026 libros
1593 1006 1678 1033 super
1697 1007 1773 1027 aram
1789 1008 1834 1027 sa-

1042 1052 1128 1077 cram,
1140 1049 1253 1079 propter
1261 1051 1436 1071 communem
1449 1045 1645 1072 monachorum
1661 1045 1834 1079 utilitatem).

1042 1089 1173 1116 Protinus
1187 1096 1252 1124 ergo
1267 1089 1332 1116 facit
1347 1097 1415 1124 puer
1431 1088 1458 1115 id
1473 1089 1548 1124 quod
1559 1090 1585 1116 ei
1599 1089 1690 1117 fuerat
1718 1090 1834 1125 impera-

1044 1138 1114 1168 tum;
1126 1139 1155 1161 et
1168 1134 1249 1161 affert
1259 1134 1371 1166 librum,
1388 1142 1443 1161 non
1454 1134 1524 1161 forte
1544 1134 1664 1166 fortuna.
1678 1136 1725 1163 sed
1739 1135 1833 1163 divina

1041 1181 1182 1208 voluntate
1196 1184 1224 1208 et
1233 1179 1305 1207 dictu
1317 1180 1374 1212 Dei,
1388 1179 1487 1206 librum
1502 1179 1590 1211 illum,
1618 1179 1664 1214 qui
1694 1180 1835 1215 propheta:

1041 1226 1135 1253 Daniel
1148 1234 1161 1253 s
1178 1226 1298 1253 habebat
1315 1226 1434 1261 eloquia.
1452 1225 1520 1253 Cum
1536 1226 1582 1253 ille
1597 1233 1662 1261 ergo
1687 1226 1729 1253 vir
1754 1225 1833 1261 judi-

1041 1276 1129 1300 casset
1144 1279 1159 1298 e
1175 1271 1244 1299 caelo
1259 1271 1351 1298 datum
1369 1278 1429 1298 esse
1441 1271 1492 1297 hoc
1505 1271 1624 1305 signum,
1637 1270 1732 1298 eodem
1742 1271 1833 1297 statim

203 1324 327 1357 nomine,
341 1332 396 1360 quo
411 1329 584 1360 prapnetam,
596 1321 816 1356 voeatenm,qui
831 1324 890 1348 erat
903 1319 930 1348 ei
946 1319 1069 1347 moribus
1084 1318 1227 1350 similis,et
1237 1321 1266 1344 ut
1279 1317 1334 1344 Dco
1344 1316 1457 1351 placuit,
1468 1324 1583 1352 puerum
1597 1316 1835 1344 vocatnanietem.

239 1372 275 1398 Δ’.
292 1371 323 1397 Εἰ
339 1371 388 1406 μὲν
402 1369 448 1398 οὖν
463 1369 518 1402 εἶξε
545 1370 600 1401 τοῖς
617 1369 708 1402 λόγοις
723 1367 777 1394 τῶν
794 1366 964 1402 γεννητόρων
978 1365 993 1392 ὁ

205 1420 275 1452 θεῖος
292 1417 368 1450 οὗτος
385 1418 466 1452 ἀνὴρ,
483 1417 542 1443 τότε
558 1416 590 1443 ἂν
605 1414 684 1446 εὐθὺς
699 1413 814 1448 ἀνετέθη
840 1411 940 1447 Δανιὴλ
953 1410 991 1446 τῷ

205 1465 274 1500 Θεῷ,
293 1464 340 1491 καὶ
355 1465 387 1490 ἐκ
398 1462 509 1499 πρώτης
520 1462 611 1497 τριχὸς
627 1460 776 1495 κατελέχθη
786 1460 841 1491 τοῖς
854 1459 991 1494 μοναχοῖς.

204 1511 291 1539 Δὺτοῦ
311 1510 339 1537 δὲ
365 1509 403 1545 μὴ
422 1508 588 1544 πεισθέντοςΙ
616 1506 684 1534 ἀλλὰ
703 1505 922 1541 προϐαλλομένου
944 1503 994 1538 τὴν

206 1556 314 1592 ἠλικίαν
331 1557 380 1582 καὶ
391 1554 420 1582 τὸ
432 1554 530 1589 κομιδῆ
545 1553 654 1588 νήπιον,
669 1552 729 1578 τότε
752 1551 801 1585 μὲν
817 1550 875 1584 ἅμα
892 1549 931 1584 τῷ
942 1549 994 1574 Δα-

1082 1364 1127 1392 ιν.
1139 1364 1228 1398 Atque
1243 1363 1265 1390 si
1283 1367 1430 1397 parentum
1444 1362 1554 1397 quidem
1567 1362 1661 1390 verbis
1679 1363 1835 1398 acquievis-

1048 1415 1102 1444 set,
1120 1410 1166 1438 hic
1176 1410 1218 1437 vir
1231 1409 1351 1441 divinus,
1365 1413 1429 1436 tunc
1441 1409 1539 1436 fuisset
1558 1410 1614 1436 Deo
1631 1410 1727 1437 Daniel
1748 1410 1836 1436 conti-

1049 1463 1105 1484 nuo
1122 1456 1275 1488 dedicatus,
1289 1459 1318 1482 et
1334 1455 1368 1482 ab
1385 1454 1501 1482 infantia
1525 1455 1622 1482 fuisset
1647 1460 1792 1490 cooptatus
1805 1456 1836 1483 in

1047 1510 1193 1530 numerum
1211 1501 1417 1528 monachorum.
1430 1500 1498 1528 Cum
1524 1500 1547 1527 is
1563 1505 1654 1527 autem
1674 1508 1728 1528 non
1742 1505 1836 1536 posset

1047 1547 1220 1583 persuaderi,
1244 1546 1292 1574 sed
1309 1552 1430 1573 teneram
1443 1551 1606 1573 causaretur
1616 1551 1723 1573 aetatem
1745 1550 1773 1574 et
1792 1546 1835 1575 ni-

205 1603 265 1638 νιὴλ
278 1601 368 1628 οἴκαδε
385 1599 547 1635 ἐπανῄεσαν,
559 1599 637 1630 δόξαν
650 1596 721 1623 οὕτω
743 1596 781 1630 τῷ
797 1595 932 1631 κρείττονι
950 1594 993 1621 ἵνα

1049 1593 1131 1620 miam
1146 1592 1301 1624 infantiam,
1320 1596 1385 1619 tunc
1395 1592 1507 1626 quidem
1524 1592 1628 1620 reversi
1644 1597 1708 1619 sunt
1723 1592 1835 1620 domum

208 1649 245 1683 μὴ
261 1649 294 1682 τῇ
306 1647 418 1682 ἑτέρων,
433 1646 465 1680 τῇ
482 1643 580 1671 ἑαυτοῦ
595 1643 623 1669 δὲ
632 1642 730 1678 γνώμῃ
742 1641 771 1668 τὸ
785 1640 887 1674 ἀγαθὸν
903 1641 917 1665 ὁ
932 1641 996 1671 παῖς

206 1695 313 1730 ἕληται.
331 1692 420 1724 Εὐθὺς
437 1691 487 1726 μὲν
510 1688 556 1717 οὖν
574 1688 669 1724 πρώτη
689 1687 791 1723 βλάστη
814 1687 907 1712 ὁποῖον
919 1685 995 1712 ἔσται

206 1739 237 1766 τὸ
253 1738 335 1773 φυτὸν
351 1736 501 1771 παρεδήλου
524 1735 573 1761 καὶ
594 1733 649 1759 τῶν
679 1732 784 1768 ἀρετῶν
799 1731 827 1758 αἱ
844 1732 919 1757 σκιαὶ
944 1730 996 1766 ἤδη

207 1785 246 1820 τῷ
260 1784 304 1811 διὰ
319 1782 407 1817 φωτὸς
422 1781 540 1808 ὁδεύοντι
556 1778 732 1814 ἠκολούθουν.
748 1777 824 1805 Μετὰ
853 1777 951 1812 μικρὸν
967 1776 996 1802 δὲ

206 1831 257 1866 τῆς
279 1829 385 1864 ἡλικίας
410 1827 483 1863 αὺτῷ
511 1826 659 1861 προϊούσης
687 1825 735 1851 καὶ
749 1823 875 1859 φανερῶς
897 1822 995 1856 ἔδειξεν

206 1878 271 1913 ὅσην
284 1877 330 1904 καὶ
343 1875 407 1911 παρ’
422 1875 530 1910 ἠλικίαν
551 1872 637 1908 αὔξην
658 1871 761 1906 ηὔξησε
780 1871 830 1906 τὴν
844 1869 891 1896 τοῦ
911 1869 994 1896 πνεύ-

210 1932 304 1960 ματος.
317 1923 397 1957 Ἀρτι
414 1921 462 1956 μὲν
474 1920 528 1955 γὰρ
538 1919 584 1946 τοῦ
597 1917 710 1944 δεκάτου
726 1917 801 1948 ἔτους
813 1917 826 1942 ό
842 1915 941 1950 Δανιὴλ
951 1916 996 1942 ἐπὶ

207 1972 264 2001 τοῖς
279 1971 354 1997 δυσὶν
379 1969 492 2003 ἥπτετο,
509 1967 556 1993 καὶ
585 1963 680 1999 μηδενὶ
701 1963 783 1998 μηδὲν
798 1962 917 1997 εἰρηκὼς
934 1961 995 1995 μηδ’

208 2013 351 2048 ἐξαγαγὼν
375 2013 405 2039 τὸ
420 2012 469 2046 τῆς
494 2010 582 2045 ψυχῆς
600 2008 733 2044 βούλημα,
757 2006 924 2041 ὑπερφρονεῖ
946 2005 995 2039 μὲν

208 2059 379 2095 γεννητόρων
394 2056 438 2083 διὰ
463 2055 592 2090 Χριστὸν,
612 2053 778 2088 ὑπερφρονεῖ
793 2052 821 2078 δὲ
841 2050 992 2085 συγγενῶν,

208 2105 316 2140 παρορᾷ
324 2103 352 2130 δὲ
368 2103 415 2129 καὶ
429 2101 485 2136 βίον
500 2101 548 2128 καὶ
563 2100 597 2125 τὰ
612 2100 640 2125 ὲν
657 2098 716 2133 βίῳ,
745 2098 792 2124 καὶ
810 2096 907 2132 κώμην
924 2095 996 2122 ὲκεί-

207 2159 256 2185 νην
268 2150 328 2184 ἥτις
348 2148 428 2175 αὐτὸν
442 2148 551 2182 ἤνεγκε.
568 2145 666 2179 Πόρῤω
681 2142 782 2177 ταύτης
796 2141 863 2168 ὡσεὶ
879 2140 995 2172 σταδίοις

207 2196 351 2230 γενόμενος
364 2193 468 2219 δώδεκα
479 2190 632 2226 ἀφικνεῖται
649 2188 697 2223 μὲν
711 2187 749 2220 εῐς
762 2196 788 2214 τι
804 2186 936 2213 χοινόὸιον
948 2194 995 2220 μο-

207 2240 296 2275 ναχῶν
309 2247 316 2254 ·
342 2236 505 2273 προσπεσὼν
522 2235 550 2261 δὲ
575 2235 631 2265 τοῖς
653 2235 717 2261 ποσὶ
737 2232 782 2260 τοῦ
800 2232 994 2267 ἀφηγουμένου

1050 1646 1113 1666 cum
1127 1637 1251 1670 Daniele,
1268 1645 1331 1666 cum
1342 1638 1379 1665 ita
1395 1638 1484 1665 visum
1510 1643 1583 1666 esset
1597 1639 1634 1671 ei,
1663 1639 1711 1673 qui
1732 1643 1774 1666 est
1789 1646 1836 1666 su-

1049 1684 1153 1719 perior,
1174 1687 1204 1711 ut
1220 1691 1275 1710 non
1298 1683 1426 1716 aliorum,
1452 1683 1498 1711 sed
1528 1691 1577 1711 sua
1604 1684 1739 1712 sententia
1766 1692 1836 1719 puer

1048 1730 1150 1757 bonum
1163 1729 1287 1763 eligeret.
1309 1729 1398 1763 Atque
1423 1729 1550 1763 protinus
1575 1729 1687 1764 quidem
1715 1730 1835 1764 primum

1047 1783 1158 1811 germen
1183 1775 1363 1810 significabat,
1385 1775 1475 1810 qualis
1489 1775 1581 1802 futura
1597 1780 1669 1803 esset
1681 1775 1786 1809 arbor;
1806 1780 1834 1803 et

1047 1821 1180 1848 virtutum
1198 1821 1302 1847 umbrae
1330 1821 1385 1855 jam
1406 1821 1593 1855 sequebantur
1626 1829 1700 1854 cum,
1719 1822 1766 1856 qui
1785 1829 1834 1856 per

1046 1867 1136 1894 lucem
1148 1867 1314 1894 ambulabat.
1340 1867 1473 1894 Paulatim
1496 1871 1588 1894 autem
1617 1867 1642 1895 ei
1664 1867 1835 1902 procedente

1046 1917 1137 1945 aetate,
1153 1917 1247 1947 aperte
1262 1912 1393 1945 ostendit,
1408 1917 1541 1946 quantum
1562 1913 1762 1940 incrementum
1777 1912 1835 1948 spi-

1047 1959 1116 1985 ritus
1142 1958 1293 1992 accepisset
1310 1962 1409 1992 praeter
1425 1963 1545 1986 aztatcm.
1568 1959 1635 1985 Nam
1648 1958 1703 1992 jam
1721 1959 1833 1993 quidem

1047 2005 1173 2039 attigerat
1189 2003 1284 2030 Daniel
1299 2011 1400 2030 annum
1426 2003 1630 2033 duodecimum,
1644 2009 1671 2031 et
1699 2011 1762 2031 cum
1786 2012 1834 2031 ne

1046 2049 1113 2076 mini
1129 2049 1277 2084 quidquam
1296 2048 1419 2080 dixisset,
1448 2056 1535 2083 neque
1558 2049 1725 2076 voluntatem
1748 2049 1833 2077 animi

1047 2096 1216 2131 protulisset,
1231 2094 1473 2129 despicitguidcm
1486 2099 1613 2129 parentes
1625 2100 1738 2130 propter
1752 2095 1833 2123 Citri-

1047 2148 1130 2175 stum,
1144 2142 1259 2177 despicit
1278 2146 1307 2169 et
1325 2146 1455 2176 cognatos
1468 2162 1475 2174 ,
1503 2141 1692 2176 mundumque
1713 2146 1740 2169 et
1771 2149 1833 2176 qua:

1048 2194 1109 2217 sunt
1127 2190 1154 2216 in
1170 2188 1284 2220 mundo,
1300 2187 1486 2221 omnibusque
1499 2187 1615 2221 relictis,
1628 2187 1725 2216 amicis
1739 2195 1832 2223 aequa-

1047 2233 1132 2266 libus,
1150 2233 1210 2260 vico
1222 2233 1279 2265 illo,
1296 2232 1344 2266 qui
1365 2239 1428 2259 eum
1450 2231 1522 2263 tulit,
1546 2239 1609 2259 cum
1628 2232 1724 2267 procul
1745 2231 1780 2259 ab
1800 2239 1834 2260 eo

207 2287 283 2321 ὴξίου
299 2285 345 2312 καὶ
360 2284 440 2311 αὑτὸν
454 2282 568 2313 ἐκείνοις
582 2281 776 2314 καταλεγῆναι,
789 2279 898 2307 καὶτῶν
911 2286 993 2313 μονα-

1047 2277 1180 2305 abfuisset
1199 2276 1308 2303 circiter
1324 2275 1470 2303 duodecim
1497 2275 1596 2306 stadia,
1623 2275 1699 2302 venit
1719 2275 1832 2310 quidem

208 2333 262 2368 χῶν
283 2332 375 2368 σχῆμα
391 2327 596 2365 περιδαλέσθαι.
618 2327 662 2358 Ὠς
675 2327 703 2353 δὲ
727 2326 757 2352 το
775 2325 877 2354 ἁπαλὸν
892 2325 995 2356 ἐκεῖνος

208 2378 281 2413 αὑτῴ
294 2378 341 2404 τοῦ
368 2376 492 2411 σώματος
505 2374 553 2401 καὶ
567 2373 626 2401 νέον
643 2373 787 2407 προψὲρων
798 2371 847 2398 οὐκ
860 2371 935 2404 ἔλεγε
950 2370 995 2396 δυ-

207 2425 286 2453 νατὸν
299 2422 368 2450 εἶναι
383 2423 417 2448 τὰ
429 2421 483 2448 τῶν
497 2421 621 2455 μοναχών
640 2419 774 2450 ὑπελθεῖν,
791 2418 819 2444 ἒν
830 2417 927 2452 βραχεῖ
940 2416 994 2452 γὰρ

208 2471 285 2498 ἔσται
307 2469 373 2504 πρὸς
389 2467 452 2498 τοὺς
478 2467 576 2497 πόνους
601 2464 790 2499 ἀπαγορεύων,
813 2463 837 2490 οἳ
857 2463 949 2490 πολλοί
965 2462 995 2489 τέ

208 2518 262 2544 stat
285 2515 332 2541 καὶ
351 2513 477 2548 ἀνδράσιν
503 2512 594 2542 αὐτοῖς
626 2511 749 2545 χαλεποὶ,
775 2509 846 2542 Ἐγὼ
864 2508 914 2543 μὲν
934 2505 992 2539 οὖν,

210 2563 262 2596 ἔφη
279 2562 293 2587 ὁ
308 2558 416 2593 Δανιὴλ,
430 2559 476 2584 καὶ
490 2557 523 2583 δι’
541 2556 607 2582 αὐτὸ
619 2555 699 2581 τοῦτο
720 2553 913 2590 παρεγενόμην
923 2574 930 2587 ,
960 2553 994 2580 ἶν’

209 2608 280 2634 οὓτω
296 2606 372 2640 ζήσω
386 2603 436 2638 μὲν
459 2602 497 2637 τῷ
510 2600 630 2637 Χριστῷ,
657 2601 785 2628 ἀποθάνω
799 2600 827 2627 δὲ
845 2601 878 2636 τῇ
901 2599 993 2634 σαρκί.

210 2654 240 2680 Εἰ
251 2653 280 2679 δὲ
302 2652 348 2678 καὶ
363 2649 480 2685 μετιόντι
506 2657 550 2682 μοι
567 2648 630 2678 τοὺς
657 2646 756 2677 καλοὺς
771 2645 881 2677 τούτους
899 2645 996 2676 πόνους

209 2700 304 2735 ἕψεται
327 2698 358 2724 τδ
374 2697 475 2728 θανεῖν,
493 2694 596 2730 βέλτιον
621 2694 682 2728 εμοὶ
705 2692 784 2718 τοῦτο
800 2691 894 2717 παθεῖν
915 2690 931 2726 ἥ
948 2690 996 2725 τὴν

209 2748 289 2782 χεῖρα
302 2743 416 2780 βαλόντα
440 2741 485 2780 ἐπ’
502 2741 618 2776 ἄροτρον
643 2737 825 2772 εὐαγγελικῶς
842 2737 994 2772 στραφῆναι

210 2794 249 2825 είς
264 2792 297 2818 τὰ
313 2790 411 2817 ὀπίσω.

1046 2323 1074 2351 in
1095 2322 1232 2358 quoddam
1259 2321 1417 2349 coenobium
1450 2320 1659 2348 monachorum.
1685 2320 1834 2348 Procidens

1046 2375 1138 2396 autem
1158 2368 1191 2395 ad
1211 2369 1296 2402 pedes
1322 2366 1441 2402 prmfccti
1468 2366 1538 2393 sacri
1563 2366 1662 2401 gregis,
1677 2367 1790 2401 rogabat
1804 2370 1835 2394 ut

1047 2415 1106 2450 ipse
1126 2422 1236 2449 quoque
1264 2417 1442 2447 cooptaretur
1466 2411 1495 2439 in
1514 2420 1660 2439 numerum
1676 2412 1795 2445 illorum,
1806 2417 1835 2439 et

1046 2468 1109 2487 eum
1125 2459 1277 2486 monastico
1292 2459 1392 2486 amictu
1411 2458 1549 2485 indueret.
1566 2457 1634 2485 Cum
1667 2462 1759 2484 autem
1787 2458 1834 2484 ille

1045 2510 1074 2534 et
1097 2506 1223 2540 c0rporis
1255 2505 1492 2537 imbecillitatem,
1516 2508 1545 2532 et
1577 2508 1701 2531 teneram
1725 2507 1833 2530 aetatem

1045 2553 1189 2587 objicicns,
1206 2551 1320 2578 dixisset
1347 2558 1401 2577 non
1420 2558 1499 2585 posse
1524 2557 1588 2577 cum
1604 2557 1635 2576 ea
1652 2549 1745 2576 subire
1774 2557 1835 2584 quas

1047 2598 1169 2625 subeunt
1190 2597 1318 2624 monachi
1334 2605 1341 2630 ;
1359 2597 1416 2623 fore
1433 2596 1517 2629 enim,
1534 2599 1564 2622 ut
1577 2594 1654 2622 brevi
1669 2594 1834 2628 defatigetur

1047 2644 1200 2676 laboribus,
1221 2643 1268 2678 qui
1284 2647 1349 2670 sunt
1366 2642 1446 2669 multi
1463 2647 1490 2668 et
1504 2641 1546 2668 vel
1571 2641 1638 2676 ipsis
1655 2641 1723 2668 viris
1738 2640 1836 2667 diﬂiei-

1047 2691 1107 2718 les:
1128 2691 1239 2726 vigilix,
1267 2689 1517 2722 humicubationcs,
1536 2688 1652 2724 jejunia,
1671 2687 1795 2723 corporis
1807 2689 1836 2713 et

1047 2736 1108 2771 ejus
1136 2736 1309 2763 voluntatum
1346 2734 1467 2770 perfecta
1504 2733 1691 2766 mortificatio,
1715 2738 1743 2760 et
1771 2732 1835 2759 ideo

1047 2782 1187 2814 suaderet,
1216 2787 1246 2808 ut
1268 2781 1441 2815 aliquantum
1463 2780 1594 2815 temporis
1623 2783 1746 2806 maneret
1761 2778 1834 2813 apud

210 2842 349 2874 parentes,
366 2841 395 2863 et
410 2842 466 2862 non
483 2838 574 2861 tantos
587 2831 739 2867 susciperet
754 2830 863 2858 labores
877 2829 904 2857 in
923 2834 1003 2857 aetate
1023 2833 1077 2856 tam
1102 2829 1258 2861 immatura,
1292 2831 1320 2854 ct
1346 2834 1462 2861 corpore
1505 2834 1558 2853 non
1585 2827 1651 2853 satis
1673 2826 1784 2853 robusto
1807 2831 1835 2852 ct

212 2885 305 2912 adulto
320 2892 326 2911 :
349 2883 406 2918 Ego
422 2881 545 2917 quidem,
563 2879 653 2915 inquit
686 2877 791 2912 Daniel,
822 2877 884 2906 ideo
919 2877 1033 2910 accessi,
1059 2880 1089 2904 ut
1107 2876 1146 2903 sic
1159 2875 1270 2911 quidem
1280 2875 1393 2903 Christo
1405 2873 1505 2904 vivam,
1523 2873 1625 2901 moriar
1643 2877 1734 2900 autem
1756 2874 1832 2900 carni
