2049 3151
217 159 252 193 91
254 162 272 192 5

797 161 979 192 ADDENDA
986 184 993 191 .
1006 173 1039 178 —
1060 156 1269 191 DECEMBER

1805 159 1856 192 976

215 218 295 254 Quod
307 218 330 247 si
347 218 412 245 dum
425 217 475 246 hos
485 217 624 253 ‘pulelrros
639 217 789 254 suscipiam
802 219 922 252 labores,
937 226 1014 247 mors
1031 223 1176 255 sequetur,
1195 219 1294 247 melius
1306 217 1360 246 erit
1377 217 1445 245 mihi
1473 216 1556 250 mori,
1590 224 1673 253 quam
1697 216 1776 246 abire
1808 226 1857 246 ra-

215 273 310 298 cuum,
325 270 354 292 ct
374 265 536 292 ’mittentem
561 273 671 292 manum
688 265 722 292 ad
752 270 886 298 aratrum,
903 270 933 292 ut
949 274 1011 293 cum
1031 267 1179 301 Evangelia
1204 266 1305 297 dicam,
1330 271 1404 293 retro
1431 264 1564 292 converti.

252 312 285 340 ν.
301 311 369 339 Cum
387 319 453 346 ergo
467 311 552 339 multa
568 311 681 346 quidem
696 311 824 346 dixisset,
853 314 938 340 multa
957 321 1010 340 au-
1024 319 1045 346 Α

218 362 272 386 tem
287 357 370 385 etiam
382 357 535 384 audivisset
546 357 695 392 praefectus
707 365 791 386 sacrae
807 358 939 392 mandrae,
955 367 1008 387 nec

217 403 354 439 potuisset
369 403 430 438 ejus
443 403 638 431 vehementem
660 404 800 432 retardare
818 405 963 440 impetum,
979 408 1008 432 et

217 457 307 478 acrem
319 450 394 476 hunc
403 456 538 481 amorem,
546 448 766 484 fratresfadhibet
774 450 799 477 in
807 450 964 482 consilium,
974 457 1009 476 an

218 500 343 532 oporteat
351 503 414 523 eum
432 496 459 522 in
472 495 594 530 ipsorum
609 495 717 523 admitti
735 496 940 524 monasterium.
953 496 1010 524 illis

218 551 285 571 vero
302 543 380 578 pueri
398 549 524 578 magnam
542 543 707 570 mirantibus
733 543 928 576 constantiam,
952 543 1010 569 ala-

217 597 319 624 creque
331 594 360 617 et
373 589 510 616 intensum
541 588 602 624 ejus
618 589 702 616 animi
718 588 852 623 studium,
864 593 892 617 et
912 589 1010 617 existi-

218 636 358 664 montibus
372 644 433 664 esse
449 637 546 669 Deum,
569 635 617 670 qui
633 642 697 662 eum
715 640 848 668 moveret,
862 641 890 663 et
906 641 936 664 ut
961 635 1010 663 ad-

218 683 388 715 mitteretur,
419 682 540 710 libenter
557 681 785 715 assentientibus,
798 681 833 709 de
851 687 950 710 caetero
967 686 1010 710 est

218 737 282 756 cum
306 730 348 756 eis
363 736 474 764 quoque
502 727 609 761 Daniel,
640 728 695 755 imo
714 735 781 755 vero
811 736 894 763 supra
923 729 1008 764 ipsos,

219 775 292 810 quod
306 775 339 802 ad
355 775 436 802 vitam
450 781 483 800 ex
498 773 554 801 Deo
566 773 699 808 agendam
714 773 824 806 attinet,
841 778 869 801 et
882 773 1009 802 ardorem

219 824 253 850 ιιι
270 823 414 849 virtutem.
428 821 587 849 lntercessit
611 828 708 856 parum
739 821 882 856 temporis,
898 825 926 848 et
946 829 1010 850 cum

219 869 414 904 cognovissent
430 872 569 903 parentes,
588 867 701 895 ubinam
722 867 769 901 sit,
786 872 814 895 et
827 867 900 903 apud
928 875 1009 904 quos,

221 915 260 942 illi
274 915 387 949 quidem
403 915 436 942 ad
473 922 536 941 eum
561 914 699 942 accedunt
725 922 789 942 cum
816 914 1007 942 admiratione.

219 960 289 987 Cum
305 959 543 987 vidissentautem
569 967 686 995 puerum
707 959 830 995 seipsum
855 960 1008 992 dedicasse,

1096 313 1134 340 E'.
1161 313 1205 344 Ὧς
1219 312 1267 339 οὖν
1280 311 1366 340 πολλὰ
1384 311 1434 347 μὲν
1449 311 1546 344 εἰπὼν,
1567 310 1653 338 πολλὰ
1669 310 1697 337 δὲ
1711 312 1759 338 καὶ
1772 310 1860 338 ἁκοΰ’

1067 368 1116 392 σας
1128 361 1141 386 ὁ
1155 359 1206 394 τῆς
1223 359 1300 394 ιερᾶς
1317 358 1466 393 ἢγοῦμενος
1482 358 1612 393 μάνδρας,
1627 358 1677 384 οὐκ
1694 357 1773 392 ἔσχεν
1784 358 1859 392 αὐτῷ

1066 406 1115 441 τὴν
1123 404 1211 440 ὁρμὴν
1220 403 1369 439 ἀμϐλῦναι,
1385 403 1555 439 συμϐούλους
1569 403 1705 438 λαμϐάνεῐ
1711 404 1776 435 τοὺς
1784 404 1860 430 ἀδελ-

1066 452 1142 485 φοὺς,
1163 451 1188 478 si
1204 451 1263 477 δέον
1279 449 1361 476 αὑτὸν
1379 449 1408 476 ὲν
1428 450 1461 484 τῇ
1489 448 1550 475 κατ’
1567 448 1666 480 αὐτοὺς
1687 448 1858 484 εἰσδεχθῆναι

1067 498 1146 532 μονῇ.
1164 496 1224 523 Τῶν
1237 496 1265 523 δὲ
1276 496 1325 532 τὴν
1342 495 1442 530 πολλὴν
1453 495 1577 522 ἔνστασιν
1596 494 1642 522 τοῦ
1659 494 1754 527 παιδὸς
1771 496 1818 522 καὶ
1830 495 1859 522 τὺ

1064 542 1114 578 τῆς
1140 542 1295 578 προθυμίας
1312 542 1439 568 σύντονον
1456 541 1650 575 ἐκπλαγέντων
1673 542 1719 568 καὶ
1732 541 1804 568 θεῖον
1818 538 1858 567 εἴ-

1066 598 1109 616 ναι
1124 589 1153 616 τὸ
1167 589 1258 616 κινοῦν
1271 588 1350 616 τοῦτο
1366 587 1565 623 ὑπειληφότων,
1590 588 1639 614 καὶ
1655 587 1724 622 πρὸς
1740 587 1789 622 τὴν
1804 596 1858 614 πα-

1067 635 1182 672 ραδοχὴν
1195 635 1322 670 ἁσμένως
1346 633 1553 669 καταθεμινων,
1569 633 1674 667 γίνεται
1699 633 1794 660 λοιπδν
1810 633 1858 661 καὶ

1065 682 1166 717 Δανιὴλ
1180 682 1239 717 μετ’
1251 681 1341 708 αὐτῶν
1351 688 1358 695 '
1374 680 1444 716 ὑπὲρ
1461 680 1561 712 αὐτοὺς
1577 679 1605 706 δὲ
1617 680 1718 714 μᾶλλον
1732 679 1772 715 τῷ
1786 679 1858 707 κατὰ

1066 729 1133 755 Θεδν
1147 728 1198 763 βίῳ
1211 729 1258 755 καὶ
1271 729 1304 762 τῇ
1327 727 1396 762 πρδς
1423 727 1525 761 ἀρετὴν
1540 726 1701 762 θερμότητι.
1718 727 1828 761 Βραχὺς
1843 726 1857 752 ὁ

1067 776 1095 802 ἑν
1109 774 1182 809 μέσῳ
1197 774 1304 810 χρόνος,
1321 774 1370 800 καὶ
1377 773 1433 804 τοῖς
1449 772 1559 807 γονεῦσι
1575 772 1697 806 γνωσθὲν
1713 770 1743 800 οὗ
1757 772 1788 799 τέ
1800 773 1857 799 ἐστι

1067 822 1114 848 καὶ
1130 820 1197 855 παρ’
1212 817 1263 852 οἷς,
1276 820 1300 846 οι
1317 820 1366 853 μὲν
1376 819 1424 845 σὺν
1440 819 1562 853 θαύμασι
1580 818 1778 853 παραγίνονται
1790 818 1857 854 πρὸς

1066 866 1158 894 αὐτόν.
1180 867 1232 893 Τὸν
1259 866 1343 893 παῖδα
1359 865 1388 892 δὲ
1416 864 1581 898 θεασάμενοι
1611 864 1708 891 ἑαυτὸν
1722 863 1857 891 ἀναθέντα

1067 913 1115 940 καὶ
1131 911 1339 948 καθιερώσαντα
1357 911 1396 947 τῷ
1413 910 1483 946 Θεῷ,
1509 911 1586 938 οὐδὲν
1614 910 1786 946 ἀνθρώπινον
1806 918 1856 937 πε-

1067 959 1208 991 πόνθασιν,
1227 958 1302 986 οὐδὲν
1316 957 1449 993 πατρικόν
1462 965 1469 972 ·
1485 957 1539 984 οὐδ’
1555 957 1690 992 ᾐτήσαντο
1704 957 1749 983 τὸν
1760 956 1856 990 φίλτα-

220 1011 249 1035 et
265 1007 321 1034 Deo
335 1014 525 1038 consecrasse,
546 1013 721 1041 nequaquam
746 1006 789 1034 eis
805 1006 916 1038 accidit,
936 1006 1010 1042 quod

1065 1015 1107 1033 τον
1123 1006 1201 1038 αὖθις
1217 997 1363 1033 ἀναλαϐεῖν
1391 1006 1439 1032 καὶ
1465 1004 1534 1040 πρὸς
1549 1005 1583 1031 τὰ
1598 1004 1667 1030 οῐκοι
1684 1004 1794 1039 χωρεῖν,
1810 1004 1858 1031 καὶ

221 1052 292 1079 solet
314 1052 474 1079 hominibus
491 1056 518 1079 et
546 1051 718 1086 parentibus.
748 1059 838 1087 neque
872 1053 1013 1087 petierunt

221 1097 414 1124 charissimum
434 1096 519 1123 tilium
534 1101 638 1124 uteum
653 1096 821 1131 acciperent,
847 1101 877 1124 et
901 1096 1013 1124 domum

221 1145 398 1177 reducerent,
426 1144 509 1179 idque
530 1151 592 1172 cum
609 1144 732 1171 nondum
757 1148 833 1172 esset
861 1144 1013 1171 monastico

221 1192 316 1219 habitu
332 1195 561 1223 consummatus;
585 1190 634 1218 sed
653 1198 750 1218 revera
763 1190 888 1218 volentes
918 1195 1014 1218 osten-

221 1239 287 1266 dere
304 1246 334 1266 se
347 1246 408 1266 esse
425 1238 501 1265 illius
515 1242 654 1272 parentes,
686 1238 766 1264 valde
786 1237 869 1265 laztati
898 1241 962 1264 sunt
979 1237 1013 1264 de

220 1291 254 1311 eo
269 1283 343 1318 quod
373 1283 475 1310 factum
495 1282 593 1314 fuerat,
614 1286 642 1309 et
663 1282 757 1309 multis
779 1282 910 1316 precibus
925 1289 940 1308 a
956 1289 1015 1308 mo-

221 1329 335 1357 nasterii
352 1328 482 1363 praefecto
499 1327 714 1360 contenderunt,
730 1332 761 1354 ut
774 1331 838 1355 ante
852 1335 918 1355 suos
944 1334 1013 1355 ocu-

219 1377 262 1405 los
274 1375 426 1404 monastico
439 1382 502 1402 eum
518 1375 620 1402 amictu
642 1374 781 1403 indueret.
804 1373 852 1401 Ille
867 1381 932 1401 vero
943 1374 1015 1401 hanc

220 1431 279 1450 rem
295 1429 391 1450 rursus
416 1421 603 1449 communicat
628 1420 782 1452 monachis,
812 1425 840 1447 et
868 1424 1015 1455 postquam

221 1467 284 1494 illos
310 1473 421 1501 quoque
438 1465 506 1492 vidit
530 1465 668 1497 assentiri,
696 1472 757 1492 cum
773 1465 902 1500 jussisset
917 1473 1015 1494 omnes

221 1511 382 1547 congregari
399 1512 427 1538 in
441 1511 596 1544 Dominico,
612 1515 641 1538 et
657 1510 764 1538 Danieli
780 1519 886 1539 sacram
902 1511 1015 1539 recitas-

219 1563 263 1586 set
275 1558 407 1593 regulam,
435 1556 531 1585 tondet
550 1557 576 1584 ei
604 1556 771 1592 capillos,et
785 1557 937 1585 monastico
950 1565 1015 1585 eum

221 1605 312 1632 induit
330 1604 435 1636 habitu,
455 1602 502 1638 qui
520 1602 576 1637 jam
599 1603 671 1630 sicut
696 1603 822 1631 monachi
841 1604 961 1636 vivebat,
987 1609 1014 1632 et

219 1651 312 1678 vivere
327 1652 472 1677 statuerat.
489 1647 558 1676 Cum
572 1648 631 1684 ejus
646 1653 739 1676 autetn
761 1649 939 1684 praecepisset
965 1657 1015 1684 pa-

1064 1051 1152 1080 ταῦτα
1175 1053 1258 1087 μήπω
1284 1050 1462 1078 τελειωθέντα
1489 1050 1528 1085 τῷ
1557 1049 1697 1085 μοναχικῷ
1723 1050 1855 1085 σχήματι,

1065 1098 1122 1125 ἀλλ’
1137 1098 1210 1133 ἔργῳ
1226 1097 1312 1130 δεῖξαι
1330 1096 1488 1132 βουλόμενοι
1513 1096 1630 1131 πατέρες
1643 1096 1719 1128 δντες
1740 1096 1856 1128 ἐκείνου,

1065 1144 1112 1171 καὶ
1130 1143 1254 1179 ἥσθησαν
1271 1144 1373 1178 μᾶλλον
1387 1142 1425 1178 τῷ
1436 1143 1576 1178 γενομένῳ
1587 1164 1595 1176 ,
1612 1144 1659 1170 καὶ
1681 1142 1780 1174 πολλὰς
1796 1142 1857 1178 δεή-

1066 1199 1122 1222 σεις
1134 1189 1171 1225 τῷ
1196 1189 1349 1225 προεστῶτι
1366 1189 1417 1225 τῆς
1442 1189 1526 1225 μονῆς
1544 1189 1682 1224 προσῆγον
1699 1189 1776 1224 παρὰ
1800 1189 1857 1219 τοῖς

1065 1235 1153 1262 αὐτῶν
1169 1235 1320 1270 ὀφθαλμοῖς
1336 1234 1494 1271 περιϐαλεῖν
1507 1234 1546 1270 τῷ
1556 1235 1605 1270 υἱῷ
1616 1235 1646 1261 τὸ
1660 1234 1716 1261 τῶν
1731 1234 1857 1269 μοναχῶν

1065 1281 1177 1317 ἔνδυμα.
1204 1282 1233 1309 Ὀ
1248 1281 1277 1307 δὲ
1291 1283 1356 1317 περὶ
1377 1281 1473 1308 τούτου
1488 1281 1571 1308 πάλιν
1593 1281 1789 1315 κοινολογείται
1801 1282 1856 1312 τοῖς

1067 1328 1204 1362 μυναχοῐς,
1221 1329 1270 1354 καὶ
1293 1327 1355 1355 ἐπεὶ
1379 1327 1526 1359 κάκείνους
1552 1325 1608 1362 εἶχε
1636 1327 1858 1362 συντιθεμένους,

1066 1373 1197 1405 κελεύσας
1212 1373 1336 1405 ἅπαντας
1353 1374 1382 1400 ὲν
1396 1373 1434 1409 τῷ
1459 1374 1585 1410 κυριακῷ
1602 1373 1782 1408 συναχθῆναι,
1811 1375 1860 1402 καὶ

1066 1420 1111 1446 τὸν
1123 1420 1195 1455 ίερδν
1215 1421 1322 1456 ὲπᾴσας
1340 1420 1441 1447 κανόνα
1458 1419 1497 1456 τῷ
1515 1420 1615 1455 Δανιὴλ
1637 1420 1725 1454 κείρει
1738 1429 1768 1446 τε
1784 1420 1859 1456 αὐτῷ

1065 1467 1115 1498 τὰς
1127 1467 1223 1502 τρίχας
1239 1468 1286 1494 καὶ
1305 1466 1338 1493 τὰ
1360 1466 1416 1493 τῶν
1447 1466 1573 1502 μοναχῶν
1599 1466 1687 1493 ὲνδύει
1713 1467 1758 1494 τὸν
1787 1467 1858 1494 κατὰ

1068 1514 1202 1548 μοναχοῦς
1217 1513 1268 1548 ἤδη
1284 1514 1331 1540 καὶ
1343 1512 1453 1548 βιοῦντα
1469 1515 1516 1540 καὶ
1530 1513 1580 1548 ζῇν
1593 1513 1731 1548 ἑλόμενον.
1754 1513 1858 1540 Ἐντει-

1066 1559 1181 1595 λάμενος
1196 1559 1224 1586 δὲ
1243 1560 1300 1591 τοῖς
1311 1559 1393 1586 αὑτοῦ
1407 1559 1530 1595 πατράσι
1545 1559 1594 1594 τῆς
1608 1558 1693 1594 μονῆς
1719 1559 1860 1594 προεστὼς

1068 1605 1105 1640 μὴ
1120 1607 1226 1638 πυκνὰς
1239 1606 1377 1632 ποιεῖσθαι
1395 1606 1464 1641 πρὸς
1475 1606 1520 1633 τὸν
1541 1605 1624 1632 παῖδα
1639 1607 1688 1637 τὰς
1712 1606 1857 1641 ττροσελειῖ¹

1068 1658 1135 1683 σεις,
1146 1650 1289 1686 χαίροντας
1300 1651 1449 1686 ἐκπέμπει.

219 1697 356 1729 rentibus,
370 1704 404 1723 ne
418 1695 451 1722 ad
466 1695 554 1722 lilium
567 1695 727 1730 frequenter
756 1695 931 1728 accederent,
959 1695 1036 1723 laetos
1048 1696 1161 1730 emittit,
1179 1697 1254 1732 quod
1266 1697 1378 1733 quidem
1406 1702 1449 1726 est
1480 1698 1558 1726 valde
1588 1707 1701 1733 novum,
1731 1704 1860 1735 parentes

217 1742 339 1776 privatos
353 1742 418 1770 ﬁlio.

257 1787 301 1815 Vl.
317 1788 380 1814 Erat
395 1795 461 1823 ergo
477 1788 533 1815 illic
548 1787 644 1815 beatus
677 1787 770 1815 Daniel
799 1787 960 1823 proﬁciens,
987 1794 1012 1817 et

1106 1786 1220 1822 q'.'Hv
1247 1786 1294 1815 οὖν
1320 1788 1334 1815 ὁ
1359 1788 1495 1824 μακάριος
1522 1790 1582 1816 ἐκεῖ
1604 1790 1703 1825 Δανιὴλ
1724 1791 1860 1826 πνεύματι

220 1825 392 1861 invaleseens
410 1833 522 1868 spiritu,
547 1837 574 1860 et
591 1833 616 1860 ei
640 1834 775 1860 crescenti
801 1835 881 1862 simul
905 1843 1015 1870 quoque

221 1879 488 1907 crescebantomnia
504 1879 609 1906 selnina
633 1879 755 1912 virtutis,
781 1886 808 1907 et
831 1881 884 1908 alia
904 1889 1016 1917 quoque

220 1925 294 1952 haud
313 1925 349 1952 ita
367 1925 453 1952 multo
470 1930 531 1960 post
548 1930 737 1954 accesserunt.
757 1926 835 1959 Quod
863 1931 954 1955 autem
969 1936 1016 1955 ex-

219 1970 389 1998 cellentioris
403 1970 428 1998 ei
442 1970 494 1998 fuit
509 1971 572 1998 vitae
594 1971 774 2006 principium.
802 1977 830 1999 et
854 1973 931 2000 radix
955 1973 1016 2002 fru-

214 2023 326 2050 ctuum,
340 2018 386 2053 qui
399 2021 494 2052 postea
506 2023 704 2052 provenerunt,
717 2018 768 2046 hoc
780 2020 836 2055 jam
849 2026 910 2047 sum
926 2021 1015 2048 dictu-

221 2071 280 2091 rus.
291 2063 348 2090 (ἔοι-
361 2064 421 2099 ejus
437 2064 563 2092 accendit
579 2073 659 2092 amor
675 2065 795 2098 divinus,
811 2071 839 2093 et
853 2066 880 2093 in
907 2073 940 2094 eo
967 2075 1013 2094 ve-

220 2109 335 2137 hemens
360 2110 461 2137 excitat
485 2110 655 2138 desiderium
682 2111 794 2138 videndi
822 2111 882 2139 loca
910 2111 956 2139 illa
986 2112 1014 2139 in

220 2155 320 2191 quibus
335 2155 463 2183 Christus
477 2163 528 2191 pro
556 2157 637 2185 nobis
672 2161 714 2184 est
733 2164 842 2192 passus,
857 2161 886 2185 et
912 2158 958 2185 ubi
971 2162 1014 2185 est

221 2202 355 2236 sepultus,
370 2206 399 2229 et
412 2202 495 2234 unde.
510 2210 572 2230 cum
588 2203 767 2236 surrexisset,
779 2203 903 2232 ascendit
916 2203 943 2231 in
957 2212 1014 2232 cur

220 2249 272 2276 los.
290 2248 378 2275 Simul
393 2253 482 2276 autem
495 2249 589 2276 divina
605 2256 717 2284 quoque
733 2249 860 2284 quasdam
877 2250 1014 2285 cupiditas

219 2293 279 2328 e‘jus
296 2292 484 2321 inﬂammabat
509 2295 642 2328 animum,
671 2295 785 2323 videndi
814 2295 903 2323 virum
935 2296 1013 2323 illum

220 2346 348 2374 magnum
362 2339 390 2366 in
406 2340 615 2372 exercitatione,
626 2340 798 2375 Simeonem,
819 2341 940 2376 inquam,
965 2343 1012 2377 qui

219 2389 278 2412 erat
296 2385 323 2412 in
337 2385 465 2413 columna
479 2395 486 2419 ;
517 2391 544 2413 et
570 2387 708 2414 accedens
724 2387 757 2414 ad
774 2387 936 2422 prazfectum
952 2396 1012 2416 mo-

219 2431 346 2465 nasterii,
365 2432 393 2459 id
408 2432 480 2467 quod
496 2432 614 2466 volebat,
633 2433 658 2460 ei
671 2433 904 2466 communicavit,
926 2438 954 2461 et
968 2442 1012 2461 ro-

1068 1834 1230 1869 προκόπτων
1245 1836 1292 1862 καὶ
1309 1835 1538 1870 κραταιοὺμενος.
1558 1837 1592 1863 '0
1613 1836 1641 1862 δὲ
1665 1837 1714 1871 τῆς
1736 1837 1860 1872 μείζονος

1066 1880 1141 1915 αὑτῷ
1153 1880 1307 1914 ,πολιτείας
1321 1881 1393 1916 ἁρχὴ
1410 1883 1457 1908 καὶ
1470 1882 1525 1908 τῶν
1544 1882 1614 1916 μετὰ
1637 1883 1725 1910 ταῦτα
1746 1885 1861 1920 καρπῶν

1066 1925 1082 1960 ἡ
1102 1925 1174 1960 ῥίζα,
1201 1924 1280 1952 τοῦτο
1295 1926 1322 1952 δὲ
1336 1927 1382 1953 καὶ
1408 1926 1492 1959 λέξων
1515 1927 1646 1962 ἄρχομαι.
1665 1929 1756 1964 Ἔρως
1776 1930 1860 1956 αὑτοῦ

1066 1973 1137 2004 Θεῐος
1148 1973 1197 2008 τὴν
1210 1972 1325 2007 καρδίαν
1335 1972 1533 2008 διαθερμαίνει,
1549 1975 1598 2001 καὶ¹
1613 1975 1726 2010 σφοδρὸν
1739 1975 1859 2002 ἀνάπτει

1066 2019 1171 2054 πυρσὸν
1192 2018 1257 2045 ιδετν
1281 2019 1383 2050 τόπους
1415 2019 1537 2051 ἐκείνους
1562 2020 1591 2047 ἐν
1604 2017 1645 2052 οἷς
1666 2021 1679 2047 ό
1700 2020 1817 2057 Χριστὸς
1830 2022 1861 2048 τὸ

1066 2065 1135 2101 ὑπὲρ
1161 2065 1239 2100 ἡμῶν
1266 2065 1412 2098 ἀνεδέξατο
1433 2065 1530 2098 πάθος,
1546 2067 1594 2093 καὶ
1608 2063 1638 2094 οὗ
1653 2066 1800 2100 τέθαπται,
1812 2069 1862 2096 καὶ

1064 2111 1125 2137 ὅθεν
1140 2110 1292 2143 ἐξαναστὰς
1310 2110 1380 2146 πρὸς
1394 2111 1528 2145 οὐρανοὺς
1546 2111 1722 2147 ἀνελήλυθεν.
1740 2113 1817 2148 ’Δμα
1832 2113 1860 2140 δὲ

1064 2158 1112 2184 καὶ
1129 2157 1190 2184 θεία
1210 2165 1253 2189 τις
1268 2157 1404 2193 ἐπιθυμία
1418 2157 1548 2192 διέφλεγε
1576 2158 1628 2194 τὴν
1653 2158 1744 2194 ψυχὴν
1759 2160 1805 2186 τὸν
1832 2161 1861 2186 ὲν

1064 2202 1180 2238 ἀσκήσει
1194 2202 1295 2238 μέγαν,
1310 2202 1357 2230 τὸν
1365 2203 1412 2230 ἐπὶ
1425 2202 1471 2229 τοῦ
1488 2203 1598 2237 στύλου,
1611 2206 1693 2239 φημὶ,
1709 2204 1860 2232 θεάσασθαι

1065 2249 1188 2284 Συμεών.
1204 2250 1260 2277 Καὶ
1270 2250 1301 2285 δὴ
1313 2249 1352 2285 τῷ
1365 2249 1517 2285 προεστῶτι
1531 2250 1582 2284 τῆς
1597 2250 1684 2285 μονῆς
1699 2250 1860 2286 προσελθὼν

1064 2294 1201 2322 ἐκοινοῦτό
1216 2304 1247 2322 τε
1274 2295 1304 2321 τὸ
1317 2294 1454 2330 βούλημα,
1474 2296 1522 2323 καὶ
1539 2294 1577 2330 μὴ
1595 2296 1742 2331 ἀποτυχεῖν
1755 2297 1805 2332 τῆς
1819 2298 1861 2324 αι-

1063 2343 1168 2377 τήσεως
1181 2341 1324 2377 ἠντιϐόλει.
1349 2342 1379 2369 '0
1389 2342 1417 2370 δὲ
1432 2343 1493 2370 τότε
1511 2341 1561 2377 μὲν
1579 2341 1652 2369 ἑκὼν
1668 2344 1718 2370 οὐκ
1742 2345 1858 2380 ἐπέτρε-

1063 2388 1097 2423 ψε
1109 2396 1116 2404 ·
1133 2389 1194 2424 μετ’
1209 2389 1240 2415 οὐ
1266 2389 1335 2416 πολὺ
1353 2389 1382 2417 δὲ
1407 2392 1453 2418 καὶ
1472 2391 1547 2419 ἄκων
1569 2390 1683 2426 ἐφῆκεν.
1698 2391 1742 2423 Ὦς
1761 2393 1814 2428 γὰρ
1827 2391 1860 2428 ἦν

1064 2433 1139 2468 αὑτῷ
1154 2435 1304 2468 ἀναγκαῖον
1326 2435 1373 2461 ἐπὶ
1385 2435 1435 2470 τὴν
1443 2435 1581 2472 Ἀντιόχου
1599 2438 1696 2473 φοιτᾷν
1711 2438 1861 2473 ἐκκλησια-

217 2477 291 2512 gavit
305 2485 339 2505 ne
353 2478 427 2513 quod
444 2479 566 2513 petebat,
583 2478 635 2506 sibi
650 2479 846 2514 dcnegaretur.
875 2479 922 2507 ille
941 2488 1008 2508 vero

1065 2480 1162 2507 zuxdw
1175 2480 1256 2507 ἕνεκα
1271 2481 1431 2516 φροντίδων,
1446 2483 1508 2510 τότε
1524 2484 1558 2519 δὴ
1571 2486 1618 2512 καὶ
1628 2484 1674 2512 τὸν
1687 2484 1787 2519 Δανιὴλ
1799 2484 1859 2520 μεθ’

218 2528 284 2551 tunc
300 2524 411 2560 quidem
427 2533 476 2552 sua
493 2528 591 2560 sponte
607 2533 661 2552 non
674 2525 830 2558 concessit;
848 2526 930 2560 paulo
945 2531 1009 2561 post

217 2575 309 2598 autem
327 2571 368 2599 vel
384 2572 487 2599 imitus
499 2572 614 2599 dimisit.
630 2572 696 2599 Nam
712 2580 775 2600 cum
787 2572 813 2600 ei
840 2580 952 2601 necesse
965 2581 1010 2601 cs-

217 2621 259 2644 sct
274 2618 368 2645 venire
379 2618 683 2653 Antiochiam,propter
699 2626 781 2646 curas
795 2620 1007 2653 ecclesiasticas,

218 2666 283 2690 tunc
296 2671 359 2691 cum
379 2672 472 2691 secum
488 2665 682 2699 assumpsissct
715 2665 867 2696 Danielem,
882 2670 910 2693 et
927 2673 1010 2701 quos-

218 2709 279 2736 dam
312 2710 382 2738 alios
397 2710 508 2743 fratres,
533 2710 630 2746 incipit
655 2710 708 2738 iter
736 2711 853 2747 ingredi.
872 2711 905 2739 Et
937 2717 1012 2747 post-

218 2762 299 2788 quam
316 2756 434 2784 fuissent
448 2757 475 2784 in
491 2757 538 2784 illo
556 2757 628 2790 vico,
640 2758 686 2793 qui
709 2758 868 2785 nominatur
896 2758 1009 2793 Telada,

218 2800 266 2828 ubi
279 2810 393 2838 magnus
411 2803 455 2831 ille
467 2806 494 2830 in
513 2805 657 2832 sanctitate
676 2803 788 2832 Simeon
817 2812 931 2840 magnos
947 2805 1009 2835 illos

218 2849 368 2882 peragebat
391 2849 500 2876 labores
516 2849 734 2882 exercitationis,
762 2858 826 2878 cum
855 2851 889 2878 ad
920 2851 1007 2886 ipsam

214 2893 276 2927 jam
291 2894 432 2921 venissent
451 2895 620 2930 columnam,
644 2897 903 2932 eontemplabautur
920 2901 948 2927 et
963 2905 1012 2927 co-

1063 2526 1160 2553 ἑαυτοῦ
1184 2528 1231 2553 καί
1249 2536 1327 2559 τινας
1349 2528 1446 2561 ἄλλους
1463 2530 1516 2556 τῶν
1528 2530 1654 2566 ἀδελφῶν
1681 2531 1861 2567 συμπαραλα-

1065 2571 1129 2605 ϐὼν,
1147 2572 1197 2607 τῆς
1215 2574 1328 2609 πορείας
1346 2574 1472 2610 ἄρχεται.
1499 2576 1555 2604 Καὶ
1569 2576 1663 2612 ἐπειδὴ
1690 2578 1763 2604 κατᾶ
1780 2579 1859 2614 τήνδε

1063 2618 1112 2653 τὴν
1124 2619 1219 2655 κώμην
1231 2620 1356 2654 ἐγένοντο
1367 2621 1384 2656 ἡ
1399 2621 1430 2657 δὴ
1442 2623 1489 2649 καὶ
1501 2622 1622 2650 Τελαδὰν
1639 2624 1814 2658 ὀνομάζεται,
1828 2622 1859 2651 οὗ

1065 2665 1113 2692 καὶ
1126 2664 1141 2691 ό
1159 2665 1246 2700 μέγας
1255 2667 1284 2692 ἐν
1301 2666 1420 2701 ὁσιότητι
1441 2666 1558 2702 Συμεὼν
1571 2668 1634 2700 τοὺς
1649 2670 1772 2704 μακροὺς
1789 2669 1862 2696 ὲκεί-

1063 2719 1125 2743 νους
1139 2711 1189 2745 τῆς
1202 2712 1346 2747 ἀσκήσεως
1369 2713 1480 2747 ἀγῶνας
1503 2714 1623 2749 διήνυεν.
1645 2714 1723 2741 Ἐπεὶ
1746 2715 1775 2742 δὲ
1792 2716 1861 2751 πρὸς

1063 2757 1137 2793 αὑτῷ
1151 2758 1202 2794 ἢδη
1214 2758 1253 2792 τῷ
1269 2759 1358 2795 στύλῳ
1373 2761 1504 2794 γένοιντο,
1525 2761 1641 2788 ὲθεῶντό
1652 2771 1682 2788 τε
1699 2762 1728 2789 τὸ
1742 2763 1790 2789 τοῦ
1803 2764 1861 2789 κίο-

1063 2812 1108 2836 νος
1124 2804 1190 2840 ὕψος
1209 2806 1256 2833 καὶ
1271 2806 1319 2841 τὴν
1331 2806 1378 2832 τοῦ
1395 2807 1478 2834 τόπου
1492 2807 1664 2843 τραχύτητα,
1687 2810 1735 2837 καὶ
1754 2810 1830 2841 ὅπως
1845 2810 1860 2836 ὁ

1061 2851 1190 2885 γεννάδας
1207 2852 1311 2883 ἐκεῖνος
1325 2851 1406 2888 ἔφερε
1420 2854 1467 2880 καὶ
1486 2854 1592 2888 κρυμὸν
1604 2854 1741 2890 χειμῶνος
1753 2857 1803 2883 καὶ
1816 2855 1860 2882 θέ-

1068 2906 1131 2934 ρους
1145 2898 1272 2936 φλογμὸν
1287 2900 1334 2926 καὶ
1345 2899 1470 2937 ,ἀπειλὴν
1487 2900 1598 2937 ὄμϐρων
1615 2903 1664 2930 καὶ
1693 2903 1860 2938 πνευμάτων
