2049 3151
209 194 260 228 9ΤῚ

750 198 838 229 VITA
857 197 888 228 S.
910 197 1093 228 DANlELlS
1114 199 1292 229 S'l‘l'LlTrE.

1775 195 1830 227 978⁷

209 253 270 288 βίαν
289 255 337 281 καὶ
348 253 397 289 τὴν
422 253 506 288 ἄλλην
534 255 625 281 πᾶσαν
643 254 691 281 τοῦ
720 254 845 289 σώματος
870 255 994 282 κακοπα-

1052 255 1150 282 lumna!
1162 255 1348 288 altitudinem,
1362 260 1389 282 et
1404 255 1456 282 loci
1476 255 1667 291 asperitatem,
1680 258 1708 282 et
1737 262 1834 289 quem.

207 299 295 326 θειαν.
332 299 369 331 ὡς
383 299 468 326 ταῦτα
483 298 564 332 εἶδον,
585 300 610 327 οἱ
627 300 678 335 μὲν
692 300 767 327 ἄλλοι
780 300 833 327 τῶν
855 301 999 335 ἀνοητοτέ-

209 353 264 380 ρων
280 343 358 380 δόξης
368 344 452 380 ᾤοντο
470 345 589 380 ματαίας
605 346 668 378 τοὺς
682 346 859 382 τηλικούτους
872 347 917 374 τὸν
926 347 998 373 ὅσιον

208 392 357 426 ὑπομένειν
373 392 493 426 ἀγῶνας.
508 391 539 418 Ὀ
554 391 583 419 δὲ
600 393 734 427 μακάριος
749 393 848 426 Δανιὴλ
862 393 892 419 οὒ
918 393 998 428 μόνον

208 436 387 470 ἐξεπλήττετο
404 437 452 463 καὶ
471 436 635 471 ὲοαῦμοιζεν,
656 436 724 463 ἀλλὰ
745 437 874 472 καὶπρὸς
890 436 939 471 τὴν
955 435 998 470 μί-

209 490 292 517 μησιν
303 481 456 516 ἠρεθίζετο,
471 482 519 508 καὶ⁷
535 481 646 516 κέντρον
661 480 764 514 ἀγαθοῦ
779 481 859 516 ζήλου
874 481 906 516 τῇ
924 480 997 515 ψυχῇ

208 528 385 563 παρεδέχετο.
402 528 447 559 Ὠς
468 527 495 554 δὲ
512 529 559 555 καὶ
573 527 696 554 κάτωθεν
709 527 865 562 βοησάντων
881 528 895 552 ὁ
909 526 998 561 μέγας

208 575 312 606 ἐκεῖνος
330 573 472 610 προκῦψας
485 573 588 601 ἄνωθεν
600 573 684 608 ἔφησε
700 574 787 600 θεῖναι
800 573 934 607 κλίμακα,
949 571 997 598 καὶ

209 621 279 655 πρὸς
302 620 382 646 αὐτὸν
400 620 533 651 ἀνελθεῖν,
559 616 593 654 ἦν
608 619 668 645 τότε
683 619 774 649 καλῶς
796 619 860 645 ίδείν
885 617 998 653 ἀκριϐὲς

208 663 264 690 τῶν
277 663 372 698 ψυχῶν
391 663 512 698 δοκίμιον
528 672 535 679 ·
555 664 569 690 ὁ
582 663 630 698 μὲν
646 663 699 698 γὰρ
714 663 802 690 ποδῶν
818 663 970 694 ἀσθένειαν,
984 663 998 689 ὁ

208 709 237 736 δὲ
254 710 374 744 νεφρῶν,
403 711 417 736 ὁ
436 709 463 736 δὲ
480 710 585 745 γήρως,
612 709 626 735 ὸ
642 708 670 736 δὲ
687 708 751 736 ἄλλο
765 717 791 735 τι
805 708 996 741 αιτιασάμενος

210 755 360 790 παρῃτεῖτο
374 754 424 790 τὴν
447 754 542 781 ἄνοδον
552 762 559 769 ·
573 755 586 781 6
599 754 699 790 Δανιὴλ
715 754 743 780 δὲ
755 753 866 789 δραμὼν
882 753 929 780 καὶ
949 753 997 780 τοῦ

209 800 367 835 καθηγητοῦ
382 800 488 835 δεηθεὶς
497 801 544 828 καὶ
555 801 621 835 παρ’
635 799 717 827 αὑτοῦ
728 801 902 836 προτραπεὶς,
911 799 998 826 ἄνεισί

209 855 238 873 τε
254 846 402 882 προθύμως
420 847 466 874 καὶ
492 847 538 873 τὸν
562 846 649 881 μέγαν
673 844 860 877 ἁνασπάζεται
883 843 996 880 Συμεὼν

210 893 258 919 σὺν
277 891 357 926 ⁴ἡδονῇ
377 891 425 918 καλ⁸
444 891 576 927 θαύματι.

1049 301 1199 328 admodum
1213 301 1256 328 vir
1269 301 1315 328 ille
1332 308 1481 335 generosus
1495 306 1523 328 et
1535 300 1634 328 hiemis
1644 299 1748 327 ferebat
1760 299 1837 335 algo-

1049 355 1118 379 rem,
1133 351 1163 374 et
1179 347 1267 375 (etatis
1281 347 1410 378 calorem,
1424 352 1452 374 et
1474 347 1563 374 minas
1581 346 1721 378 imbrium,
1740 350 1768 373 et
1780 345 1834 372 vim

1048 398 1205 426 ventorum,
1220 396 1248 419 et
1261 399 1370 420 omnem
1386 392 1465 419 aliam
1498 392 1621 427 corporis
1650 392 1832 419 tolerantiam.

1049 437 1117 466 Cum
1132 437 1189 465 haec
1213 432 1342 465 viderunt
1361 438 1407 466 alii
1421 438 1530 473 quidem
1546 438 1761 472 insipientiorcs,
1778 437 1836 464 cxi-

1049 484 1196 511 stimabant
1226 489 1351 511 sanctum
1370 492 1439 511 vana
1466 484 1550 519 gloria
1573 482 1722 510 adductum
1737 503 1744 516 ,
1761 487 1834 510 tanta

1049 530 1185 558 sustinere
1209 530 1370 558 certamina.
1385 529 1485 557 Beatus
1496 533 1588 556 autem
1603 528 1697 556 Daniel
1722 535 1776 555 non
1792 536 1837 555 sn-

1048 575 1105 603 lum
1120 583 1152 602 ea
1167 576 1294 610 stupebat
1304 580 1331 604 et
1342 576 1503 607 mirabatur,
1515 574 1562 602 sed
1574 575 1656 602 etiam
1672 573 1837 601 incitabatur

1049 617 1083 644 ad
1111 618 1303 651 imitationem,
1331 625 1359 646 et
1385 619 1450 646 boni
1476 619 1528 647 zeli
1562 617 1704 646 stimulum
1731 617 1837 652 accepit

1049 663 1151 690 animo.
1167 663 1235 691 Cum
1252 671 1329 697 vero,
1347 664 1393 692 ubi
1409 663 1516 691 inferne
1528 664 1703 696 clamassent,
1723 670 1837 697 magnus

1049 708 1095 736 ille
1106 708 1227 744 desuper
1242 710 1427 744 prospiciens,
1444 709 1558 737 dixisset
1585 713 1713 745 oportere
1740 707 1837 736 admo-

1048 761 1112 782 vere
1124 755 1221 786 scalas,
1235 759 1262 782 et
1279 756 1313 782 ad
1331 756 1420 791 ipsum
1438 755 1602 788 ascendere,
1627 760 1692 782 tunc
1722 754 1838 789 pulchre

1048 799 1128 826 licuit
1143 799 1237 828 videre
1252 801 1409 828 animorum
1418 801 1627 836 probationem:
1643 800 1714 827 alius
1725 799 1837 835 quidem

1047 849 1175 874 causatus
1189 845 1289 880 pedum
1304 846 1530 878 imbecillitatem,
1551 846 1621 874 alius
1636 853 1745 878 renum,
1767 845 1838 872 alius

1048 895 1228 925 senectutem,
1236 891 1305 918 alius
1313 891 1415 926 aliquid
1427 891 1513 924 aliud,
1525 892 1668 920 recusabat
1677 891 1838 918 ascendere.

209 938 302 966 Daniel
322 946 386 966 vero
403 946 464 966 cum
482 939 660 971 cucurrisset,
679 943 707 966 et
726 938 887 974 magistrum
913 942 1047 973 rogasset,
1076 943 1104 965 et
1122 938 1155 965 ah
1169 945 1203 966 eo
1223 939 1315 973 jussus
1331 943 1415 972 esset,
1427 939 1550 968 ascendit
1562 943 1689 974 prompto
1709 943 1738 967 et
1755 938 1839 966 alacri

209 985 312 1017 animo,
325 990 353 1012 et
368 992 495 1020 magnum
515 985 616 1012 salutat
630 985 786 1012 Simeonem
802 992 865 1012 cum
894 983 993 1019 gaudio
1013 988 1041 1011 et
1055 984 1251 1012 admiratione.

245 1030 281 1058 Z'.
305 1031 415 1065 ’Δμέλει
431 1032 479 1058 καὶ
494 1031 630 1065 εὐλογίας,
649 1031 744 1066 ὥσπερ
760 1030 825 1064 ἔδει,
838 1031 903 1065 παρ’
916 1031 998 1056 αὑτοῦ

1088 1031 1145 1058 νιι.
1165 1030 1260 1065 Neque
1275 1039 1340 1058 vero
1363 1031 1414 1059 fuit
1429 1031 1474 1058 hic
1493 1030 1573 1058 labor
1587 1030 1697 1058 Danieli
1719 1029 1838 1062 inutilis,

210 1077 336 1110 ἀξιωθεὶς
356 1078 388 1112 τῇ
409 1077 458 1111 τῆς
480 1077 572 1112 χειρὸς
598 1077 720 1103 ὲπιθέσει
745 1078 791 1103 καὶ
811 1076 860 1110 τὴν
873 1076 920 1102 τοῦ
938 1076 999 1110 μέλ·

210 1124 302 1154 λοντος
316 1122 516 1158 προαγόρευσιν
541 1123 659 1157 δέχεται.
687 1121 788 1148 Ἥκουε
803 1122 872 1156 γάρ·
900 1122 1000 1156 Ἀνδρί-

211 1171 271 1202 ζου.
282 1170 388 1202 τέκνον,
409 1170 456 1196 καὶ
473 1169 666 1205 κραταιούσθω
681 1170 697 1204 ὴ
712 1168 810 1204 καρδία
825 1178 883 1195 σου.
901 1169 1000 1199 nivea;

211 1215 266 1250 γὰρ
280 1215 393 1247 πολλούς
405 1223 433 1242 τε
445 1216 493 1242 καὶ
507 1214 642 1249 χαλεποὺς
659 1215 806 1249 ὑπομένειν
837 1213 944 1248 μέλλεις
957 1213 1000 1239 διὰ

211 1261 340 1296 Χριστὸν,
354 1260 382 1292 ὃς
402 1261 448 1287 καὶ
468 1261 535 1297 πρὸς
549 1261 579 1287 τὸ
591 1260 722 1294 γενναίως
741 1259 834 1295 φέρειν
852 1259 1001 1294 ἐπιρῥώσει

212 1315 260 1333 σου
285 1307 335 1342 τὴν
361 1307 461 1342 ψυχήν.
479 1307 611 1334 Κάτεισιν
634 1306 681 1333 οὖν
706 1307 720 1333 ὁ
740 1305 840 1340 Δανιὴλ
866 1305 935 1341 μετὰ
952 1305 1001 1340 τὴν

211 1354 340 1388 γλυκεῖαν
359 1353 462 1389 ταύτην
477 1353 523 1380 τοῦ
546 1352 644 1388 ἀνδρὸς
661 1352 783 1388 ὁμιλίαν,
810 1352 857 1378 καὶ
873 1351 940 1386 πρὸς
953 1351 1001 1386 τὴν

212 1399 288 1432 ἱερὰν
304 1399 389 1434 μονὴν
404 1399 506 1434 ταύτην
523 1399 674 1425 ἐπάνεισιν.
697 1398 772 1425 Ἐπεὶ
787 1398 815 1425 δὲ
830 1398 875 1425 τὸν
889 1399 937 1432 τῆς
955 1406 1001 1432 μο-

211 1444 260 1479 νῆς
277 1445 439 1480 προεστῶτα
451 1444 544 1472 ἐκάλει
562 1444 630 1479 πρὸς
647 1444 742 1471 ἑαυτὸν
756 1444 770 1469 ὀ
783 1443 861 1475 Θεὸς,
880 1444 893 1470 ὁ
908 1443 935 1470 δὶ
951 1452 1001 1471 καα

211 1491 257 1522 λδς
272 1488 349 1522 οὗτος
361 1490 460 1526 Δανιὴλ
479 1490 569 1521 καλῶς
586 1489 780 1525 ποιμαίνεσοαι
794 1489 929 1524 διδαχθεὶς
941 1489 1002 1523 ἄρτι

213 1537 261 1563 καὶ
277 1536 365 1568 καλῶς
382 1536 538 1571 ποιμαίνειν
556 1536 705 1567 ιπενοεῖτο,
722 1535 769 1561 καὶ
782 1534 829 1569 βίᾳ
845 1535 911 1569 πρὸς
924 1533 1003 1559 τοῦτο

213 1583 288 1617 παρὰ
299 1582 352 1609 rth
367 1581 560 1617 συμφοιτητῶν
569 1581 684 1607 εἵλκετο·
695 1580 776 1610 αὐτὸς
787 1579 836 1614 τῆς
847 1580 925 1613 φίλης
940 1580 1003 1614 ἡσυ-

214 1630 276 1666 χίας
298 1628 541 1664 μεταποιοόμενος,
554 1628 610 1659 τοῖς
628 1627 678 1662 μὲν
691 1627 804 1655 ἐκείνων
820 1628 909 1660 λόγοις
926 1628 1003 1654 οὐδα-

215 1675 273 1710 μῶς
283 1671 466 1708 εἴκεινλέγνω,
493 1673 552 1700 ἀλλ’
569 1673 663 1708 ἕτερον
682 1673 775 1704 αὐτοῖς
801 1673 939 1707 εἰσηγεῖτο
958 1673 1003 1700 τὸν

214 1720 360 1752 λυσιτελῶς
389 1719 613 1755 προστησόμενον
629 1728 636 1734 ·
656 1718 746 1753 ἑαυτῷ
772 1719 801 1745 δὲ
821 1719 855 1745 τὰ
876 1718 1002 1754 βέλτιστα

215 1765 407 1802 συμϐουλεύων
423 1762 467 1800 ἦν,
497 1765 575 1798 Ἰδοὺ,
599 1763 696 1798 λέγων,
719 1764 861 1798 ἐλεύθερος
875 1764 1000 1799 γέγονας,

213 1813 322 1848 Δανιὴλ,
344 1812 451 1844 οὐδενὸς
466 1812 592 1847 κάτοχος.
615 1810 680 1838 Ἰδοὺ
696 1810 791 1846 καιρὸς
807 1809 838 1838 οὗ
862 1812 1002 1847 πρόπαλαι

213 1859 292 1894 ἤρας·
310 1858 372 1893 ἔχου
383 1857 472 1884 τοίνυν
492 1856 540 1884 καὶ
560 1855 661 1883 σκοποῦ
681 1857 726 1883 καὶ
743 1855 816 1888 ὀδοῦ,
842 1857 890 1884 καὶ
905 1856 918 1883 ὃ
939 1866 1004 1892 προ-

214 1904 275 1930 έθου
289 1903 336 1930 καὶ
347 1903 387 1934 εις
401 1902 488 1938 πέρας
503 1901 620 1936 ἀγαγεῖν
633 1900 786 1936 ὲπείχθητι.
805 1901 896 1928 Πάντα
914 1902 1003 1928 τοίνυν

213 1950 282 1977 οὕτω
295 1949 470 1981 καταλιπὼν,
493 1949 541 1974 καὶ
557 1947 653 1983 μηδενὶ
672 1947 702 1973 τὺ
715 1947 764 1982 τῆς
779 1946 869 1982 ψυχῆς
881 1949 1004 1983 ἀπόρρη-

212 2005 258 2023 τον
272 1995 398 2028 ἐξειπὼν,
411 1993 500 2021 λαϐὼν
509 1993 592 2025 ἔξεισι
603 1993 652 2027 τῆς
666 1993 761 2027 μονῆς,
770 1993 816 2020 καὶ
828 1993 1004 2028 καταλαμῦά-

212 2050 252 2068 νει
267 2040 387 2076 μάνδραν
409 2038 517 2073 εκείνην
568 2038 615 2065 καὶ
636 2039 649 2064 ὁ
662 2037 709 2064 τοῦ
731 2039 866 2073 μακαρίου
891 2039 1004 2074 Συμεὼν

212 2087 331 2122 ἥδραστο
357 2084 471 2116 στῦλος-
497 2082 532 2119 ἦν
547 2084 601 2119 γάρ
624 2093 649 2110 τι
667 2084 743 2111 κάτω
762 2084 827 2120 περὶ
851 2084 932 2111 αὑτὸν
957 2085 1005 2111 καὶ

213 2131 348 2159 κοινόὸιον
374 2130 437 2157 ἔνθα
453 2130 502 2157 καὶ
515 2130 651 2164 τέσσαρας
672 2130 737 2162 ὅλας
757 2130 865 2165 ἡμέρας
883 2130 929 2157 ἐπὶ
943 2132 1004 2162 ταῖς

212 2178 279 2205 δέκα
292 2177 473 2211 διενεγκόντα,
485 2175 600 2211 Συμεὼν
614 2176 662 2203 καὶ
678 2177 718 2203 ἐτι
746 2177 811 2212 παρ’
823 2177 898 2211 αὐτῷ
912 2178 1004 2212 μένειν

213 2223 260 2249 τὸν
283 2221 383 2256 Δανιὴλ
408 2221 514 2257 ἢθελεν.
548 2221 627 2248 Ἐπεὶ
653 2221 681 2248 δὲ
703 2222 779 2256 φίλον
805 2222 844 2257 τῷ
868 2223 953 2258 ὁμοίῳ
975 2223 1004 2249 τὺ

214 2269 318 2304 ὅμοιον,
335 2269 440 2300 ἐκεῖνος
453 2267 481 2295 δὲ
496 2267 546 2294 οὐκ
571 2267 697 2303 ἠνείχετο
709 2268 797 2303 ἑτέρῳ
813 2268 890 2303 πόθῳ
917 2269 1004 2296 κατά-

215 2323 308 2349 σχετος
319 2313 368 2346 ὢν,
385 2314 439 2341 τῶν
454 2313 510 2348 γὰρ
525 2313 607 2348 ιερῶν
624 2313 747 2348 ἐγλίχετο
766 2314 868 2348 τόπων,
888 2314 934 2341 καὶ
956 2315 1004 2350 τὴν

214 2359 355 2394 ινδοτέραν
372 2359 476 2395 ἔρημον
490 2359 618 2394 ἐπεζήτει
631 2366 639 2374 ⁸
653 2359 721 2386 ἀλλὰ
733 2359 783 2395 τὴν
799 2361 868 2395 πρὸς
883 2360 932 2395 τὴν
946 2361 1003 2386 Πα-
1020 2374 1043 2403 D

213 2407 352 2442 λαιστίνην
365 2407 472 2434 ἁκούων
487 2406 608 2442 χαλεπὴν
624 2404 693 2433 εἶναι
711 2406 758 2432 καὶ
774 2406 937 2438 ἀδιὸδευτον.
955 2406 1003 2433 ἅτε

214 2453 391 2489 Σαμαρειτῶν
416 2453 535 2488 πολέμου
547 2452 623 2488 νόμῳ
649 2453 823 2489 Χριστιανοϊς
846 2453 1004 2487 ἐπιτιθεμέ-

213 2508 265 2526 νων
277 2508 284 2515 ·
299 2499 379 2529 αὐτὸς
403 2499 453 2533 τῆς
467 2499 622 2534 προθυμίας
638 2499 740 2534 ταύτης
767 2500 877 2534 ὑφεῖναι
894 2499 931 2534 μὴ
945 2501 1005 2526 ἀνε-

213 2544 336 2578 χόμενος.
364 2542 460 2569 ἑαυτὸν
480 2543 637 2578 ἐπιρρώσας
661 2544 707 2569 καὶ
718 2543 815 2575 πείσας
826 2543 941 2570 θανάτου
955 2552 1003 2570 κα-

213 2589 357 2623 ταφρονεῖν
372 2588 510 2623 πρόθυμος
519 2586 553 2623 ἦν
568 2586 666 2616 ἀν’ὖσαι
679 2589 708 2614 τὸ
721 2589 948 2624 σπουδαζόμενον.

1050 1081 1078 1104 et
1095 1077 1129 1104 ad
1146 1085 1208 1104 eum
1226 1077 1363 1110 ascensio,
1385 1077 1432 1105 sed
1459 1077 1575 1112 primum
1595 1077 1708 1111 quidem
1728 1075 1762 1104 ad
1779 1076 1835 1102 vir-

1051 1128 1137 1150 tutem
1165 1123 1302 1151 excitatur
1328 1129 1355 1151 et
1373 1124 1531 1156 instruitur,
1561 1128 1590 1150 et
1607 1123 1734 1150 redditur
1756 1122 1840 1150 vehe-

1052 1169 1174 1197 mentius
1201 1170 1261 1204 ejus
1290 1170 1471 1197 desiderium.
1493 1169 1599 1197 Deinde
1624 1173 1715 1196 autent
1746 1169 1780 1196 ab
1806 1176 1840 1195 eo

1051 1222 1174 1249 quoque.
1194 1219 1224 1240 ut
1242 1215 1399 1248 oportebat,
1417 1215 1599 1249 consequitur
1617 1213 1838 1241 benedictionem

1053 1266 1153 1285 manus
1172 1259 1360 1293 impositione,
1377 1264 1404 1286 et
1429 1259 1514 1286 futuri
1540 1259 1663 1293 suscepit
1684 1258 1840 1294 praedictio-

1052 1311 1134 1336 nem;
1160 1311 1222 1330 eum
1251 1303 1324 1330 enim
1349 1303 1455 1330 audivit
1484 1303 1624 1330 dicentem
1649 1303 1691 1330 vel
1722 1302 1840 1329 maxime

1054 1349 1240 1384 prophetice:
1265 1350 1332 1377 Esto
1348 1350 1438 1381 fortis,
1461 1350 1510 1382 ﬁli,
1538 1354 1567 1377 et
1591 1349 1768 1377 conﬁrmetur
1792 1357 1841 1376 cor

1053 1401 1141 1423 tuum.
1171 1395 1269 1422 Multos
1295 1395 1412 1422 enimet
1433 1395 1559 1423 diﬁiciles
1587 1395 1697 1422 labores
1724 1400 1838 1431 propter

1053 1441 1192 1468 Christum
1212 1449 1242 1468 es
1267 1445 1448 1475 suscepturus
1465 1459 1472 1472 ,
1500 1439 1546 1475 qui
1572 1445 1601 1468 et
1627 1439 1769 1468 sufﬁciens
1788 1440 1842 1467 erit

1054 1487 1104 1513 tibi
1122 1487 1286 1519 consolatio,
1317 1491 1343 1514 et
1358 1487 1392 1513 ad
1407 1494 1455 1514 eos
1484 1486 1594 1513 fortiter
1615 1485 1745 1514 ferendos
1763 1489 1840 1513 tuum

1054 1532 1197 1559 roborahit
1226 1532 1361 1559 animum.
1387 1533 1535 1560 Descendit
1563 1540 1630 1567 ergo
1652 1532 1747 1559 Daniel
1781 1537 1844 1567 post

1056 1578 1128 1605 hanc
1139 1585 1252 1605 suavem
1266 1586 1328 1605 cum
1343 1585 1376 1605 eo
1390 1579 1628 1613 congressionem,
1650 1583 1678 1605 Cl
1693 1585 1790 1605 l'Ul‘SllS

1054 1632 1162 1652 sacrum
1176 1624 1249 1652 redit
1267 1624 1476 1651 monasterium.
1497 1625 1645 1658 Postquam
1671 1629 1762 1651 autem
1782 1622 1843 1650 nio-

1055 1670 1167 1697 nastcrii
1188 1670 1349 1705 praefectum
1368 1670 1401 1697 ad
1426 1678 1456 1698 se
1483 1670 1592 1697 vocavit
1608 1670 1696 1702 Deus;
1716 1665 1842 1705 egregius

1053 1723 1118 1744 vero
1134 1716 1178 1743 hic
1195 1716 1299 1748 Daniel,
1324 1716 1370 1751 qui
1387 1716 1460 1750 pasci
1476 1716 1590 1751 pulchre
1602 1715 1748 1749 didicerat,
1760 1716 1842 1742 modo

1054 1766 1127 1789 recte
1145 1770 1224 1796 posse
1240 1769 1352 1796 pascere
1366 1761 1529 1796 putabatur.
1544 1766 1572 1789 et
1584 1762 1610 1789 vi
1628 1761 1660 1789 ad
1679 1762 1731 1789 hoc
1751 1762 1843 1789 trahe-

1055 1809 1134 1836 batur
1150 1817 1164 1835 a
1183 1809 1241 1836 suis
1254 1808 1472 1844 condiscipulis;
1501 1808 1558 1843 ipse
1585 1809 1631 1843 qui
1646 1813 1751 1844 gratam
1774 1816 1842 1835 con-

1054 1854 1213 1882 sectabatur
1235 1855 1357 1889 quietem
1379 1859 1406 1882 et
1423 1854 1575 1886 silentium,
1599 1859 1627 1882 et
1644 1854 1695 1882 hoc
1711 1855 1842 1886 ambibat,

1055 1905 1084 1928 ut
1098 1906 1173 1928 esset
1186 1905 1310 1928 remotus
1327 1900 1361 1927 ab
1374 1900 1505 1927 omnibus
1533 1900 1663 1934 negotiis,
1689 1904 1716 1926 et
1739 1900 1841 1932 sciens,

1056 1953 1190 1982 quantum
1205 1955 1238 1974 ea
1254 1947 1340 1981 possit
1355 1947 1484 1974 conferre
1509 1946 1541 1973 ad
1566 1947 1708 1978 virtutem,
1729 1946 1842 1973 minime

1055 1995 1150 2021 statuit
1177 1993 1288 2025 cedere,
1318 1994 1365 2020 sed
1389 1993 1473 2020 alium
1490 1992 1607 2025 addixit,
1634 1994 1681 2026 qui
1698 1996 1774 2019 esset
1802 1992 1843 2019 eis

1055 2040 1163 2068 utiliter
1180 2040 1367 2075 praefuturus;
1381 2039 1433 2066 sibi
1452 2043 1545 2066 autem
1561 2038 1664 2073 optime
1678 2039 1819 2066 consuluit
1836 2048 1842 2065 :

1056 2087 1137 2119 Ecce,
1163 2086 1269 2117 dicens,
1291 2085 1362 2113 liber
1377 2086 1466 2112 factus
1481 2093 1521 2115 es,
1542 2084 1650 2116 Daniel,
1667 2084 1771 2111 nemini
1794 2084 1843 2111 ob-

1055 2132 1164 2159 noxius.
1178 2132 1248 2159 Ecce
1263 2136 1382 2166 tempus,
1396 2131 1470 2165 quod
1487 2135 1551 2157 ante
1566 2129 1741 2157 desiderasti.
1754 2129 1843 2156 Tuum

1055 2185 1120 2213 ergo
1143 2185 1316 2213 persequere
1343 2185 1469 2211 scopum,
1486 2181 1514 2203 et
1539 2176 1588 2203 vim
1615 2176 1786 2209 institutum,
1817 2181 1845 2202 et

1056 2224 1130 2258 quod
1156 2223 1337 2259 proposuisti,
1368 2230 1452 2258 perge
1473 2223 1598 2257 exsequi.
1620 2222 1688 2250 Cum
1715 2222 1755 2249 sic
1779 2229 1844 2257 ergo

1056 2270 1149 2296 omnia
1167 2269 1335 2304 reliquisset,
1348 2273 1376 2296 et
1390 2269 1459 2296 nulli
1472 2268 1558 2295 animi
1575 2268 1617 2295 sui
1630 2275 1763 2295 arcanum
1779 2274 1845 2302 ape-

1056 2315 1171 2347 ruisset,
1192 2314 1334 2349 cgreditur
1350 2314 1421 2341 clam
1438 2321 1453 2341 e
1471 2314 1653 2345 monasterio,
1678 2317 1705 2340 et
1719 2313 1797 2340 venit
1811 2314 1843 2340 ad

1057 2361 1199 2388 mandram
1225 2361 1311 2392 illam,
1331 2361 1358 2387 in
1379 2368 1432 2395 qua
1460 2365 1520 2388 erat
1538 2361 1591 2388 sita
1615 2360 1746 2387 columna
1771 2359 1844 2387 beati

1058 2405 1209 2433 Simeonis.
1235 2405 1308 2432 Infra
1329 2406 1403 2433 enim
1434 2406 1509 2433 circa
1537 2414 1597 2433 eam
1621 2411 1679 2433 erat
1705 2406 1843 2441 quoddam

1059 2453 1282 2480 monasterium:
1314 2452 1342 2479 in
1368 2459 1422 2487 quo
1445 2460 1508 2479 cum
1539 2457 1611 2479 totos
1633 2452 1844 2487 quatuordccim

1057 2499 1116 2526 dies
1133 2499 1322 2533 transegisset,
1338 2499 1448 2526 volebat
1463 2498 1574 2525 Simeon
1592 2498 1735 2526 Danielem
1755 2498 1844 2524 adhuc

1057 2544 1128 2579 apud
1147 2552 1176 2572 se
1206 2552 1319 2571 manere
1338 2545 1439 2579 (simile
1461 2545 1535 2571 enim
1560 2543 1645 2571 simili
1665 2543 1843 2577 delectatur),

1058 2589 1103 2616 ille
1119 2593 1212 2617 autem
1228 2597 1282 2616 non
1296 2589 1439 2622 sustinuit,
1454 2597 1517 2616 cum
1541 2590 1594 2616 alio
1612 2594 1754 2616 teneretur
1769 2589 1843 2616 desi-

213 2634 302 2662 derio.
319 2634 502 2662 Desiderabat
523 2635 596 2661 enim
622 2634 715 2662 videre
732 2642 810 2663 sacra
843 2636 931 2668 loca,~
955 2642 981 2663 ct
1013 2636 1173 2663 interiorem
1205 2636 1346 2670 qua-rebat
1371 2636 1566 2665 solitudinem:
1594 2636 1641 2663 sed
1668 2636 1752 2669 viam,
1783 2643 1846 2670 qua:

213 2682 301 2716 vergit
321 2680 355 2707 ad
369 2680 553 2714 Palaestinam,
575 2681 691 2709 audiens
709 2689 771 2708 esse
797 2681 944 2715 difﬁcilem,
967 2687 994 2709 et
1014 2690 1098 2717 prope
1113 2682 1225 2714 inviam,
1251 2687 1347 2717 utpote
1372 2682 1446 2717 quod
1478 2682 1645 2709 Samaritani
1666 2681 1738 2713 bello
1768 2681 1844 2708 inva-

213 2727 311 2754 dercnt
336 2727 520 2760 Christianos,
542 2727 601 2762 ipse
616 2736 671 2754 non
705 2728 796 2755 ferens
821 2728 856 2755 de
877 2728 932 2756 hoc
959 2737 1009 2756 suo
1030 2734 1159 2764 prompto
1172 2734 1200 2757 et
1220 2730 1306 2756 alacri
1334 2729 1418 2756 animi
1435 2729 1529 2757 studio
1557 2728 1662 2763 aliquid
1691 2721 1842 2759 remittere,

213 2781 276 2800 cum
297 2781 327 2801 sc
340 2773 532 2802 conﬁrmasset
558 2778 586 2801 et
603 2774 657 2801 sibi
677 2777 795 2801 mortem
819 2779 999 2802 contemnere
1035 2776 1228 2810 persuasisset,
1244 2780 1355 2810 paratus
1365 2779 1426 2802 erat
1438 2774 1551 2810 exsequi
1567 2774 1605 2807 id,
1638 2775 1718 2807 cuius
1749 2773 1842 2800 studio

214 2824 267 2847 ten.
279 2820 371 2848 batur:

248 2868 289 2894 ll’.
306 2869 359 2894 Καὶ
377 2868 471 2904 ἐπειδὴ
487 2869 536 2904 τῆς
557 2857 712 2905 ἀποδημίας
725 2870 813 2906 ἥψατο
829 2873 947 2907 συναντᾷ
962 2881 1001 2903 τις

214 2913 286 2950 αὑτῷ
302 2914 370 2942 κατὰ
385 2915 434 2950 τὴν
457 2915 514 2943 ὁδὸν
530 2917 608 2952 ἀνὴρ,
625 2914 700 2953 ᾧπερ
717 2918 809 2953 ἡλικία
829 2918 994 2954 πρεοῦύῖου,

1092 2872 1159 2898 Vlll.
1173 2871 1240 2898 Cum
1263 2879 1329 2897 vero
1351 2871 1403 2897 iter
1429 2873 1503 2897 esset
1530 2869 1681 2904 ingressus,
1700 2868 1725 2895 ei
1754 2867 1838 2896 invia

1052 2918 1171 2946 occurrit
1186 2918 1226 2944 \‘ir
1241 2918 1363 2953 quidam,
1381 2917 1425 2945 cui
1439 2920 1498 2944 crat
1526 2920 1592 2944 tetas
1608 2915 1694 2949 senis,
1708 2913 1842 2953 monachi
