2049 3151
225 171 278 203 979

801 173 1034 205 ADDENDA.—
1050 175 1179 206 DECEM
1186 175 1270 206 BER.
1797 174 1849 206 930

223 227 353 260 vestitus,
369 234 437 254 cana
453 231 544 254 autem
568 236 656 262 coma,
682 234 710 256 et
727 231 773 265 qui
790 235 850 258 erat
869 232 896 259 in
912 232 1005 259 omni-

1067 233 1075 267 i
1093 233 1173 268 στολὴ
1186 233 1342 268 potinem!)
1365 232 1426 267 ορὶξ
1442 232 1547 264 πολιοῦ,
1560 232 1648 259 πάντα
1663 233 1766 267 ὁμοίως
1779 232 1851 268 ἔχων

224 274 276 302 bus
303 273 404 301 similis
420 273 541 301 Simeoni
560 275 607 309 qui
633 280 692 303 erat
720 277 748 303 in
773 278 912 306 columna.
940 278 1008 314 Syra

225 326 292 346 vero
307 319 398 355 lingua
417 319 554 348 allocutus
572 321 722 353 Danielem,
752 328 780 351 et
803 332 866 351 eum
889 326 1009 360 comple-

225 372 286 397 xus,
302 365 419 400 rogavit,
433 373 552 400 quonam
572 366 625 394 iter
641 375 721 394 suum
744 368 886 404 dirigeret.
899 370 947 398 Ille
959 379 1007 398 au-

226 415 281 438 tem
309 419 317 437 :
346 411 374 438 Si
405 411 472 442 Deo.
504 412 603 446 inquit,
631 413 751 444 videtur.
783 415 854 442 vado
885 416 919 443 ad
949 416 1010 444 loca

225 461 330 484 sancta.
348 457 374 484 ls
389 464 456 484 vero
469 457 608 492 excipiens
624 467 631 485 :
646 459 732 487 Recte
751 459 856 493 dixisti,
873 460 974 495 inquit,
987 461 1010 488 si

228 501 284 529 Deo
297 502 419 530 videtur.
436 503 514 531 Nunc
537 508 629 531 autem
651 510 727 532 certo
744 506 824 537 scias,
844 506 870 533 id
883 506 957 540 quod
969 511 1012 534 est

228 545 278 574 tibi
292 547 475 582 propositum,
497 555 553 575 non
576 557 636 577 esse
653 558 686 577 ex
714 551 762 578 Dei
779 552 925 579 sententia.
952 552 1011 579 Non

228 591 301 619 enim
315 592 447 620 audivisti
462 593 626 621 seditionem
641 599 668 622 et
683 596 841 630 tumultum,
859 597 906 631 qui
923 602 967 625 est
983 597 1011 624 in

228 636 393 665 Palaestina?
413 637 460 666 llle
474 647 549 672 vero,
576 640 687 672 Audivi,
714 641 815 675 inquit,
833 643 882 670 sed
902 643 930 670 in
956 643 1012 671 Deo

228 682 336 710 conﬁdo
353 692 416 711 eum
433 685 501 712 mihi
515 685 638 712 futurum
654 686 824 722 adjutorem:
845 693 873 716 et
895 689 1013 716 maxime

228 729 341 763 quidem
368 737 449 765 spero
471 731 585 758 omnino
607 732 676 764 fore,
702 737 732 760 ut
758 741 793 760 ne
830 734 892 761 mali
911 735 1012 770 aliquid

228 774 309 803 nobis
324 776 437 804 omnino
455 777 572 805 accidat.
589 777 637 806 Sin
660 782 754 806 autem
777 779 880 814 aliquid
899 780 952 807 tale
969 788 1014 808 ac-

228 820 337 854 ciderit,
355 832 364 848 ε
382 830 430 850 seu
443 823 578 857 vivamus,
591 831 641 852 seu
661 825 826 857 moriamur,
850 834 946 853 sumus
960 826 1014 854 Do-

229 866 328 894 mini'.
346 877 354 893 I
371 867 421 895 Illo
438 873 530 896 autem
558 870 613 898 hoc
639 870 834 906 propheticum
855 872 1013 907 proferente

231 919 394 947 responsum
412 922 421 941 τ
443 914 497 942 «Ne
518 915 629 943 dederis
652 916 680 943 in
693 916 905 944 commotionem
918 917 1015 952 pedem

230 962 319 989 tuum,
335 963 363 986 et
387 967 442 986 non
457 960 630 992 dormitabit,
657 962 704 997 qui
731 966 757 989 te
774 961 906 994 custodit.
933 970 1016 997 ange—

230 1003 274 1031 lus
287 1005 309 1037 ',
325 1014 334 1031 ι
352 1012 415 1032 cum
430 1006 464 1033 ad
477 1006 530 1034 hoc
545 1012 672 1042 prompto
696 1011 724 1035 et
745 1007 828 1035 alacri
857 1007 950 1035 animo
970 1015 1015 1035 re-

229 1050 502 1085 spondissetDaniel,
512 1052 619 1085 dicens,
630 1053 744 1080 omnino
753 1053 857 1080 bonum
871 1061 932 1081 esse
945 1053 1016 1081 mori

229 1101 346 1131 propter
369 1097 519 1131 Christum,
549 1099 575 1126 id
589 1107 660 1134 aegre
687 1099 778 1127 ferens
801 1107 896 1132 canus,
915 1101 1016 1127 avertit

229 1141 340 1176 faciem,
356 1148 384 1170 et
399 1152 406 1170 :
424 1143 484 1171 Non
500 1143 570 1177 fero,
599 1145 678 1173 dixit.
708 1145 768 1172 Non
787 1145 862 1172 enim
889 1144 1017 1180 permisit

231 1188 313 1222 Deus,
327 1194 358 1216 ut
375 1197 426 1217 nos
441 1190 637 1225 intempestive
654 1191 681 1218 in
693 1195 809 1218 mortem
825 1191 1016 1226 conjiciamus,

230 1237 259 1260 et
275 1239 305 1261 ut
329 1241 380 1269 per
395 1235 450 1261 vim
467 1234 678 1268 interficiamur,
696 1243 888 1270 procuremus.
912 1236 960 1264 ille
975 1241 1017 1263 est

229 1279 316 1313 enim,
332 1281 379 1316 qui
392 1281 462 1308 dixit
477 1289 484 1308 :
506 1290 514 1306 ι
525 1280 553 1308 Si
571 1286 828 1316 persequanturvos
836 1290 869 1310 ex
886 1283 937 1309 hac
950 1282 1018 1309 civi-

230 1330 297 1359 tate,
311 1326 397 1361 fugite
423 1326 451 1353 in
468 1326 581 1353 aliam‘.
603 1335 612 1352 ›
629 1326 697 1354 Cum
711 1332 803 1354 autem
833 1327 1018 1355 concessisset

230 1376 344 1399 sanctus
358 1372 520 1406 obieetioni,
540 1377 569 1399 et
583 1372 697 1400 dixisset
711 1382 717 1400 :
738 1372 766 1400 Si
783 1373 832 1400 tibi
846 1374 883 1401 ita
897 1374 1016 1407 videtur,

230 1417 299 1444 nihil
326 1425 420 1444 moror
433 1417 574 1444 reditum:
604 1417 665 1445 Non
690 1419 817 1451 consulo,
841 1419 933 1454 inquit
958 1420 1015 1452 ille,

230 1462 293 1496 tibi,
320 1467 350 1489 ut
375 1462 410 1489 ab
435 1462 489 1490 hoc
511 1467 602 1497 empto
624 1464 736 1491 omnino
762 1463 879 1491 desistas
893 1484 900 1495 .
917 1465 1017 1492 stultus

230 1509 306 1536 enim
319 1516 425 1542 essem;
454 1509 502 1536 sed
525 1509 548 1537 si
562 1509 630 1537 mihi
651 1509 759 1538 credas.
775 1510 876 1546 jubens
899 1510 1016 1537 multum

1060 278 1098 311 τῷ
1114 278 1161 305 ἐπὶ
1172 278 1217 304 τοῦ
1232 278 1321 309 κίονος
1333 278 1455 313 Συμεών.
1472 277 1631 313 Προσειπὼν
1644 276 1691 304 οὖν
1703 278 1741 313 τῷ
1754 277 1850 314 Δανιὴλ

1060 323 1092 358 τῇ
1112 322 1205 357 Σύρων
1231 322 1348 358 γλώττῃ,
1368 324 1413 348 καὶ
1430 322 1626 356 ἀσπασάμενος
1641 320 1736 356 ἠρώτα
1762 321 1804 353 τίς
1820 330 1849 348 τε

1061 369 1136 404 αὐτῷ
1148 369 1165 404 ἡ
1179 369 1275 403 πορεία
1288 368 1335 395 καὶ
1349 368 1400 394 ποῦ
1423 368 1552 403 φέρουσα.
1576 368 1606 394 '0
1619 367 1658 399 δέ,
1684 367 1715 394 El
1727 368 1800 394 δοκεῖ
1812 367 1852 402 τῷ

1061 414 1130 450 Θεῷ,
1144 415 1237 450 φησὶν,
1247 415 1293 441 ἐπὶ
1307 415 1368 445 τοὺς
1384 414 1480 448 ἁγίους
1495 414 1594 448 ἄπειμι
1612 414 1723 444 τόπους.
1752 413 1846 440 nam

1062 470 1105 492 vo;
1117 460 1270 492 ὑπολαϐὼν,
1299 460 1395 492 Καλῶς
1412 460 1536 494 εἴρηκας.
1553 457 1641 490 εἶπεν,
1670 460 1701 485 Εἰ
1718 459 1791 485 δοκεῖ
1815 459 1854 493 τῷ

1063 506 1132 541 Θεῷ.
1146 506 1203 533 Νῦν
1214 507 1241 533 δέ
1255 507 1309 533 ῖσθι
1325 506 1417 541 σαφῶς
1428 506 1465 537 ὡς
1485 505 1515 532 οὒ
1531 506 1602 532 κατὰ
1617 504 1732 540 γνώμην
1748 504 1807 538 Θεῷ
1822 503 1855 530 τδ

1064 553 1260 589 προκείμενον·
1285 552 1315 579 οὐ
1343 552 1396 588 γὰρ
1415 552 1537 586 ἀκήκοας
1562 551 1611 585 τὴν
1631 551 1659 576 ἐν
1687 549 1856 585 Παλαιστίνῃ

1065 599 1157 625 στάσιν
1180 598 1227 624 καὶ
1243 598 1377 633 ταραχήν,
1404 598 1458 624 Καὶ
1476 597 1515 630 ὃς,
1547 597 1677 632 Ἀκήκοα,
1697 596 1766 631 ἔφη·
1785 596 1855 630 πλὴν

1064 643 1121 670 ἀλλ’
1133 643 1179 670 ἐπὶ
1193 643 1252 678 Θεῷ
1265 643 1422 679 τεθάρῤηκα
1435 642 1530 677 βοηθὸν
1544 641 1616 674 ἕξειν
1628 642 1720 673 αὐτὸν,
1736 641 1854 676 μάλιστα

1066 689 1114 724 μὲν
1125 689 1185 715 οὐδὲ
1208 689 1258 724 τὴν
1271 689 1358 724 ἀρχὴν
1375 688 1477 720 ἐλπίζω
1490 688 1607 722 πονηρόν
1630 687 1675 721 μοί
1690 696 1716 713 τι
1733 695 1856 721 προσπε-

1065 733 1122 760 σεῐν
1132 741 1138 749 ·
1154 734 1178 760 εἰ
1195 733 1260 760 δέτι
1271 734 1317 760 καὶ
1329 733 1449 760 τοιοῦτον
1465 733 1568 768 συμῦῇ,
1582 742 1591 759 ι
1611 733 1666 759 εἴτε
1682 732 1784 766 ζῶμεν,
1801 733 1855 758 cits

1065 779 1284 814 ἀποθνήσκομεν,
1295 779 1343 805 τοῦ
1359 779 1462 815 Κυρίου
1477 779 1572 813 ἐσμέν.
1588 788 1596 804 ι
1612 779 1787 814 Δυσχεράνας
1809 776 1856 805 οὖν

1065 826 1079 852 ὁ
1094 825 1183 856 πολιὸς
1199 826 1242 851 ἐπὶ
1256 825 1356 860 τούτῳ,
1372 825 1527 859 ἀπέστρεφέ
1542 833 1571 851 τε
1586 825 1634 860 τὴν
1644 825 1786 860 ﬂammat,
1798 825 1855 851 037.

1066 871 1208 905 ἀνέχομαι,
1228 871 1315 905 ἔλεγε,
1332 871 1369 906 μὴ
1381 871 1435 906 γὰρ
1450 870 1597 906 ἐπιτρέψαι
1611 871 1657 897 τδν
1671 871 1738 897 Θεὸν
1750 871 1856 906 ἐπιῤῥι-

1067 916 1144 941 πτεῖν
1156 916 1268 947 ἑαυτοὺς
1278 915 1355 950 παρὰ
1364 915 1460 951 καιρὸν
1471 915 1509 951 τῷ
1523 916 1631 951 θανάτῳ
1648 915 1695 942 καὶ
1715 915 1857 951 βιάζεσθαι

1066 960 1115 996 τὴν
1129 960 1277 996 ἀναίρεσιν.
1300 961 1418 992 Ἐκεῖνός
1439 962 1512 988 ἐστιν
1533 962 1547 988 ὁ
1562 960 1662 988 εἰπών·
1685 969 1695 986 ι
1717 959 1780 987 Ἐὰν
1794 960 1856 986 διώ-

1067 1015 1151 1033 κωσιν
1165 1006 1236 1042 ὑμᾶς
1258 1007 1289 1033 ἐκ
1303 1006 1385 1042 τῆσδε
1400 1006 1449 1040 τῆς
1463 1006 1576 1039 πόλεως,
1600 1006 1716 1041 φεύγετε
1738 1007 1778 1038 είς
1807 1006 1857 1041 τὴν

1065 1052 1159 1088 ἄλλην.
1176 1062 1185 1079 ι
1210 1052 1263 1079 Τοῦ
1277 1053 1305 1080 δὲ
1320 1052 1456 1088 μακαρίου
1479 1052 1599 1085 εἴξαντος
1614 1052 1682 1087 πρὸς
1697 1052 1747 1087 τὴν
1763 1052 1857 1079 [νοντα-

1067 1107 1120 1130 σιν,
1130 1098 1225 1131 καὶ,Εἰ
1235 1098 1309 1124 ἐστιν
1319 1097 1392 1131 αὺτῷ
1400 1097 1508 1130 δοκοῦν,
1524 1098 1658 1130 εἰπόντος,
1672 1099 1723 1124 οὐκ
1738 1097 1856 1124 ἀναϐάλ-

1066 1144 1149 1180 λομαι
1162 1144 1211 1181 τὴν
1222 1144 1406 1179 ὑποστροφὴν,
1419 1144 1456 1171 Οὐ
1472 1143 1649 1178 συμϐουλεύω
1663 1143 1695 1179 δή
1709 1152 1761 1175 σοι.
1775 1144 1857 1178 φησὶν

1067 1191 1181 1222 ἐκεῖνος,
1211 1189 1300 1224 πάντη
1325 1191 1374 1225 τῆς
1400 1189 1505 1225 ἀγαθῆς
1532 1189 1635 1224 ταύτης
1659 1190 1857 1224 ἐπιχειρήσεως

1068 1236 1231 1270 ἀποστῆναι,
1246 1235 1359 1270 μάταιος
1375 1235 1430 1270 γὰρ
1445 1235 1478 1262 ἂν
1500 1235 1559 1270 είην
1572 1243 1578 1251 ·
1596 1235 1653 1262 ἀλλ’
1669 1235 1696 1261 εἰ
1706 1244 1750 1269 μοι
1764 1234 1856 1269 πείθῃ,

1067 1281 1101 1308 τὰ
1114 1280 1168 1316 to:
1182 1281 1289 1316 χαίρειν
1308 1281 1393 1308 πολλὰ
1407 1281 1526 1317 φράσας,
1541 1281 1591 1316 τὴν
1604 1281 1651 1307 ἐπὶ
1669 1281 1700 1308 τὸ
1710 1280 1857 1313 Βυζάντιον

1067 1326 1232 1361 ἐπιστρέψας
1251 1326 1367 1361 πορεύου
1390 1326 1521 1362 δευτέραν
1551 1326 1590 1358 είς
1613 1325 1752 1361 ἁγιασμοῢ
1777 1326 1856 1359 λόγον

1068 1371 1242 1405 ὑπάρχουσαν
1273 1371 1464 1407 Ἰερουσαλὴμ,
1495 1371 1594 1406 μᾶλλον
1615 1371 1645 1398 δέ
1666 1371 1714 1399 καὶ
1730 1371 1854 1406 πρώτην.

1074 1416 1151 1443 Ἐπεὶ
1168 1416 1195 1443 δὲ
1208 1417 1241 1443 τὰ
1253 1417 1360 1451 ἐκείνης
1379 1417 1510 1452 πρεσϐεῖα
1525 1417 1613 1452 ταύτῃ
1630 1417 1678 1444 νῦν
1695 1417 1771 1452 παρὰ
1785 1416 1854 1444 Θεοῦ

1067 1462 1181 1493 δέδοται,
1209 1461 1237 1488 ἐν
1252 1458 1268 1498 ᾖ
1284 1462 1387 1488 πολλῶν
1404 1462 1454 1497 μὲν
1478 1462 1643 1493 ἀπολαύσεις
1658 1462 1737 1495 νεῶν,
1752 1462 1858 1489 πολλῶν

1068 1507 1096 1534 δὲ
1109 1507 1253 1542 θεαμάτων
1266 1506 1347 1543 ἱερῶν
1363 1514 1368 1521 ·
1387 1508 1433 1534 καὶ
1448 1508 1473 1534 ετ
1490 1515 1531 1534 σοι
1548 1508 1596 1534 καὶ
1609 1507 1779 1542 καταθύμιον
1792 1508 1858 1542 ἡσυ·

234 1555 328 1582 valere
341 1555 467 1590 regiones
479 1554 645 1588 Orientales,
658 1562 820 1588 conversus,
831 1555 900 1583 vade
912 1555 1015 1590 Byzan-

1069 1553 1151 1588 χάσαι
1179 1553 1233 1579 εἶτε
1253 1553 1281 1580 ἐν
1296 1554 1328 1587 τῇ
1345 1554 1474 1588 ἀνωτέρω
1493 1553 1599 1589 Θρᾴκη,
1624 1554 1678 1580 εἴτε
1699 1553 1766 1588 πρδς
1784 1552 1858 1588 αὑτῷ

231 1600 311 1634 tium,
328 1608 399 1636 quae,
416 1601 489 1636 quod
513 1601 612 1629 attinet
627 1601 661 1628 ad
692 1601 950 1633 sanctificationem,
974 1605 1017 1628 est

1067 1599 1114 1626 τοῦ
1130 1599 1232 1625 Πόντου
1243 1599 1281 1634 τῷ
1293 1599 1418 1633 στόματι,
1432 1598 1546 1634 εὐπορία
1561 1598 1657 1634 πολλὴ,
1672 1598 1720 1624 καὶ
1732 1599 1781 1633 τὴν
1797 1599 1858 1624 ἐπι-

231 1647 354 1674 secunda
382 1648 547 1681 Jerusalem,
577 1648 632 1675 imo
662 1655 728 1675 vero
742 1652 785 1675 est
813 1647 912 1682 prima.
941 1647 1015 1675 lllius

1068 1643 1170 1679 θυμίαν
1185 1652 1233 1670 σου
1249 1643 1315 1676 Θεὸς
1329 1643 1473 1679 ἐκπληροῖ.
1495 1644 1567 1679 Πρδς
1584 1643 1688 1674 τούτοις
1703 1643 1734 1669 οὑ
1746 1643 1799 1678 χρὴ
1816 1651 1860 1669 νο-

230 1692 305 1719 enim
321 1693 466 1728 privilegia
493 1694 519 1721 ei
535 1701 611 1720 nunc
630 1701 645 1720 a
667 1693 724 1720 Deo
743 1693 807 1720 data
827 1698 902 1726 sunt,
919 1692 948 1720 in
964 1701 1015 1728 qua

1071 1689 1158 1724 μίζειν
1170 1689 1198 1716 ὲν
1216 1688 1415 1725 Ἰεροσολύμοις
1439 1690 1487 1724 μὲν
1507 1690 1629 1725 ἐντυχεῖν
1644 1690 1683 1725 τῷ
1700 1689 1770 1724 Θεῷ,
1787 1690 1816 1715 ἐν
1829 1689 1858 1715 δὲ

230 1737 326 1765 multis
356 1738 468 1779 quidem
496 1738 547 1764 tibi
577 1737 671 1765 licebit
692 1737 745 1764 frui
771 1737 899 1772 templis,
925 1737 1015 1764 multis

1069 1740 1103 1774 τῇ
1116 1738 1250 1771 Βύζαντος
1261 1739 1386 1774 οὐδαμῶς
1398 1747 1405 1755 ⁸
1418 1739 1448 1766 οὗ
1460 1740 1514 1776 γὰρ
1523 1739 1724 1775 περιγράφεται
1734 1738 1765 1764 τὸ
1775 1737 1857 1768 θεῖον,

232 1790 300 1811 vero
314 1784 401 1811 sacris
417 1783 601 1818 spectaculis;
624 1787 653 1810 et
673 1783 696 1810 si
710 1782 761 1809 tibl
779 1782 863 1810 corde
878 1782 964 1810 fuerit
980 1783 1020 1811 vi-
1069 1785 1208 1820 ἀγαπητέ.

232 1837 297 1858 vere
312 1830 442 1865 inquiete
453 1834 480 1857 et
491 1829 612 1862 silentio,
627 1834 675 1857 aut
689 1830 715 1856 in
728 1829 872 1864 superiore
884 1830 1013 1864 Thracia,
1034 1836 1084 1859 aut
1109 1832 1137 1859 in
1161 1832 1222 1868 ipso
1249 1840 1297 1862 ore
1324 1833 1404 1862 Ponti
1432 1834 1493 1870 ejus
1520 1834 1560 1861 rei
1588 1834 1640 1861 tibi
1670 1832 1724 1860 erit
1760 1839 1858 1866 magna

231 1877 366 1910 facultas.
383 1882 411 1905 et
425 1877 498 1905 Deus
513 1877 564 1904 hac
578 1878 607 1905 in
621 1885 651 1904 re
667 1882 745 1904 tuum
761 1876 889 1912 implebit
924 1878 1104 1907 desiderium.
1139 1881 1273 1909 Praeterea
1297 1889 1354 1910 non
1375 1887 1485 1917 oportet
1506 1883 1668 1909 existimare
1706 1886 1732 1909 te
1772 1881 1858 1908 Deum

232 1924 345 1959 quidem
359 1931 420 1952 esse
432 1928 634 1952 conventurum
649 1923 858 1960 Hierosolymis,
873 1924 997 1959 Byzantii
1017 1929 1111 1954 autem
1144 1928 1271 1956 minime.
1300 1928 1374 1956 Deus
1389 1929 1464 1956 enim
1490 1935 1668 1965 nequaquam
1708 1928 1771 1956 loco
1802 1926 1858 1954 cir-

232 1970 441 2003 cumscribitur,
457 1976 474 1997 o
489 1969 599 1998 dilecte.

268 2017 314 2046 IX.
328 2017 385 2045 llos
399 2025 541 2046 sermones
555 2026 625 2045 cano
640 2019 687 2046 illo
706 2019 866 2048 conferente
881 2029 944 2049 cum
963 2021 1016 2049 Da-

233 2064 317 2097 niele,
338 2064 379 2092 sol
389 2068 448 2091 erat
463 2064 491 2091 in
505 2071 622 2097 occasu;
634 2068 663 2091 et
677 2065 789 2097 accidit,
809 2067 1020 2094 utdivcrzcrent

233 2111 267 2139 ad
276 2111 413 2147 quoddam
425 2111 631 2139 monasterium.
640 2111 708 2140 Cum
717 2112 962 2141 audivissetautem
971 2113 1022 2139 Da-

233 2158 287 2184 niel
296 2157 342 2185 llic
349 2164 410 2184 esse
418 2157 612 2185 diversandum
624 2166 631 2185 :
641 2158 681 2185 Tu
689 2158 812 2193 quidem,
823 2158 913 2194 inquit
924 2167 1019 2193 senex,

233 2203 310 2238 prior
324 2202 484 2238 ingredere;
509 2211 560 2238 ego
574 2208 666 2230 autem
692 2206 719 2231 te
736 2211 835 2239 sequar
849 2212 864 2232 c
892 2205 1020 2240 vestigio.

1107 2020 1146 2047 8'.
1162 2020 1253 2047 Ταῦτα
1265 2019 1312 2047 τοῦ
1330 2020 1421 2047 πολιοῦ
1438 2020 1476 2056 τῷ
1489 2019 1591 2056 Δανιὴλ
1618 2020 1858 2055 κοινολογουμένου

1072 2066 1086 2092 ὸ
1102 2065 1177 2100 ἥλιός
1199 2074 1228 2092 τε
1244 2065 1294 2101 ἤδη
1309 2065 1377 2100 πρὸς
1393 2065 1498 2100 δυσμὰς
1511 2063 1555 2101 ἦν,
1573 2065 1621 2092 καὶ
1635 2065 1728 2096 αὑτοτς
1742 2066 1859 2100 συνήντα

1071 2111 1141 2147 πρός
1152 2120 1179 2138 τι
1201 2112 1381 2147 μοναστήριον
1397 2111 1414 2147 ἡ
1430 2111 1589 2143 κατάλυσις.
1602 2111 1760 2145 Πυθομένου
1770 2111 1860 2137 τοίνυν

1072 2157 1119 2185 τοῦ
1134 2157 1232 2193 Δανιὴλ
1247 2158 1272 2184 εί
1290 2156 1406 2184 ἐνταῦθα
1420 2158 1461 2184 δεῖ
1475 2157 1636 2189 καταλῦσαι,
1653 2157 1689 2183 Σὺ
1707 2156 1767 2191 μὲν,
1783 2154 1860 2182 εἶπεν

1072 2203 1086 2229 ὁ
1101 2203 1227 2238 γηραιὸς,
1239 2201 1383 2238 προλαϐὼν
1395 2201 1499 2229 εἴσελθε
1511 2210 1518 2218 ⁸
1533 2201 1588 2235 ἐγὼ
1597 2202 1626 2228 δέ
1642 2209 1683 2228 σοι
1696 2201 1766 2228 κατὰ
1777 2200 1859 2232 πόδας

233 2250 403 2278 Existimans
432 2249 526 2284 itaque
555 2255 667 2277 sanctus
684 2257 747 2277 eum
773 2257 872 2285 urgere
900 2247 1015 2286 aliquam

1074 2248 1186 2284 ἕψομαι.
1206 2247 1366 2275 Ὑπολαὸὼν
1380 2245 1426 2275 οὖν
1438 2248 1452 2274 ὁ
1476 2247 1611 2282 μακάριος
1626 2247 1680 2274 τῶν
1704 2246 1858 2280 ἀναγκαίων

233 2295 358 2331 corporis
382 2295 585 2328 necessitatem,
610 2300 718 2330 portam
738 2295 890 2330 ingressus,
905 2303 1020 2331 exspec-

232 2342 319 2369 tabat.
333 2341 482 2376 Postquam
497 2348 565 2368 vero
582 2341 628 2368 ille
641 2348 696 2368 non
712 2341 832 2376 amplius
848 2341 956 2374 aderat,
974 2350 1019 2369 ra-

233 2392 278 2415 tus
294 2387 390 2415 Daniel
409 2394 472 2414 eum
487 2387 516 2414 in
529 2386 621 2421 aliquo
640 2386 694 2413 alio
709 2386 770 2413 loco
786 2387 929 2419 diversari,
945 2387 1021 2415 solus

232 2432 368 2460 accedens
383 2433 417 2459 ad
434 2433 594 2467 praefectum
615 2431 788 2466 monasterii,
809 2437 836 2460 et
861 2433 895 2460 ad
911 2441 959 2461 eos
972 2433 1020 2469 qui

230 2483 311 2506 erant
330 2478 382 2506 sub
402 2478 463 2513 ipso
479 2477 587 2511 fratres,
605 2478 752 2505 honestum
777 2478 854 2505 dedit
877 2480 1018 2513 osculum,

231 2525 340 2560 signum
359 2524 528 2552 dilectionis.
555 2523 660 2551 Deinde
680 2524 765 2551 etiam
790 2526 907 2559 sumpsit
925 2525 1017 2552 cibum

231 2571 284 2598 sibi
307 2570 474 2606 appositum.
497 2570 645 2605 Postquam
673 2574 765 2597 autem
794 2570 884 2598 somni
911 2575 1018 2605 tempus

230 2624 292 2644 esse
308 2616 447 2653 cognovit,
464 2617 491 2643 ei
515 2623 612 2643 rursus
646 2616 778 2644 assistens
802 2623 896 2650 senex,
921 2616 1020 2644 suade-

231 2661 280 2689 bat
293 2661 340 2689 illa
351 2661 452 2692 facere.
465 2668 526 2696 quae
537 2661 615 2696 prius
633 2661 750 2694 dicebat,
766 2665 794 2688 et
812 2661 1016 2696 quamprimum

230 2706 366 2741 proﬁcisci
378 2707 550 2743 Byzantium.
568 2706 658 2742 Atque
677 2706 724 2734 ille
740 2706 851 2742 quidem
870 2707 1015 2740 excitatus,

231 2753 368 2789 cogitabat
390 2754 516 2788 quisnam
533 2754 557 2781 is
576 2757 660 2787 esset,
680 2757 708 2781 et
727 2761 760 2780 an
775 2758 850 2781 esset
869 2753 952 2780 homo
968 2753 1017 2780 ali—

230 2800 303 2835 quis,
329 2808 365 2828 an
386 2808 459 2828 unus
473 2801 597 2836 angelus.
614 2801 640 2828 is
660 2807 727 2828 vero
741 2805 801 2828 erat
828 2808 944 2836 magnus
970 2800 1016 2829 ille

266 2890 276 2906 '
291 2890 371 2917 Rom.
387 2897 442 2922 xtv,
464 2890 481 2917 8
518 2890 528 2905 ³
554 2889 625 2917 Psal.
646 2898 706 2922 cxx,
722 2890 748 2917 3.
788 2890 905 2918 δΜλιιιι.
926 2898 952 2920 x.
976 2889 1022 2916 25.

1072 2303 1098 2321 τι
1116 2293 1163 2320 τοῦ
1175 2294 1300 2329 σώματος
1313 2294 1432 2328 ἐπείγειν
1443 2293 1535 2325 αὐτὸν,
1546 2293 1596 2328 τῆς
1607 2293 1694 2328 πύλης
1710 2293 1774 2319 εἵσω
1786 2293 1860 2326 γενδ-

1072 2349 1163 2376 μινος,
1189 2341 1362 2377 περιέμενεν.
1388 2341 1434 2373 Ὠς
1448 2340 1477 2367 δὲ
1505 2341 1605 2375 μηκέτι
1634 2340 1737 2371 ἐκεῖνος
1753 2339 1858 2374 παρῆν,

1069 2387 1149 2420 δόξας
1164 2388 1178 2415 ὀ
1190 2388 1289 2424 Δανιὴλ
1304 2387 1419 2423 ἀλλαχοῦ
1435 2395 1487 2414 που
1504 2386 1651 2414 καταλύειν
1665 2385 1757 2416 αὑτὸν,
1772 2392 1858 2420 προσ-

1070 2434 1155 2461 ελθὼν
1169 2433 1249 2468 μόνος
1272 2433 1311 2469 τῷ
1332 2433 1484 2468 προεστῶτι
1501 2433 1550 2468 τῆς
1575 2431 1659 2467 μονῆς
1672 2432 1718 2458 καὶ
1731 2432 1786 2462 τοῖς
1813 2429 1858 2456 ὑπ’

1071 2479 1151 2506 αὑτὸν
1168 2480 1294 2514 μοναχοτς
1312 2480 1410 2514 σεμνὸν
1423 2478 1528 2514 φίλημα
1546 2478 1575 2504 τὸ
1585 2479 1634 2512 τῆς
1648 2477 1757 2511 ἀγάπης
1773 2475 1857 2501 ἐδίδου

1073 2524 1216 2560 σύμὸολον.
1236 2524 1302 2552 Εἶτα
1319 2525 1365 2552 καὶ
1379 2524 1482 2560 τροφῆς
1497 2523 1571 2559 αὐτῷ
1590 2522 1789 2558 παρατεθείσης
1807 2529 1858 2555 με·

1071 2571 1253 2606 τελάμὸανεν.
1285 2571 1330 2602 Ὠς
1345 2571 1373 2597 δὲ
1388 2572 1433 2597 καὶ
1449 2571 1533 2597 ὖπνου
1550 2570 1646 2603 καιρὸν
1671 2569 1751 2602 ἔγνω,
1768 2575 1859 2601 παρα-

1071 2616 1138 2647 στὰς
1152 2616 1226 2651 αὐτῷ
1239 2616 1320 2643 πάλιν
1333 2617 1346 2643 ὀ
1363 2617 1472 2651 γεραιὸς
1496 2616 1588 2642 ἐκεῖνα
1601 2614 1716 2650 παρῄνει
1729 2613 1858 2648 πράττειν

1071 2662 1144 2689 άκαὶ
1159 2662 1276 2697 πρόσθεν
1291 2662 1425 2695 ἐδίδασκε,
1441 2663 1488 2690 καὶ
1501 2662 1532 2689 τὸ
1547 2663 1626 2697 τάχος
1639 2658 1858 2694 καταλαμϐάνειν

1069 2707 1119 2741 τὴν
1133 2706 1278 2739 Βύζαντος.
1299 2707 1414 2739 Ἐκεῖνος
1427 2707 1476 2742 μὲν
1486 2707 1531 2734 οὖν
1541 2706 1710 2737 διυπνισοεὶς
1723 2705 1858 2738 ἐλογίζετο

1051 2749 1111 2783 ’τίς
1128 2752 1160 2780 ἂν
1171 2753 1213 2788 εῐη
1224 2749 1310 2786 οὗτος,
1327 2753 1372 2780 καὶ
1383 2754 1407 2780 si
1422 2753 1564 2789 ἄνθρωπός
1579 2761 1620 2784 τις
1637 2753 1655 2788 ἢ
1669 2752 1724 2779 τῶν
1735 2751 1858 2785 ἀγγέλων

1072 2796 1122 2831 εἷς.
1145 2799 1173 2826 '0
1191 2799 1219 2826 δὲ
1234 2800 1250 2827 ό
1270 2801 1357 2835 μέγας
1373 2809 1407 2836 ην
1421 2799 1532 2836 Συμεὼν
1548 2799 1596 2835 τὴν
1613 2795 1858 2833 πολυανθρωποτά-
