2049 3151
213 151 264 184 981

758 153 849 182 VlTA
871 153 900 183 S.
922 152 1104 182 DANlELlS
1125 151 1303 182 STYLlTiE.

1783 149 1836 180 9512

213 214 265 241 την
287 205 405 232 κελεύων
418 205 498 232 αὑτὸν
516 205 562 232 καὶ
572 205 696 241 βασιλίδα
708 206 871 232 καταλαὸεῖν
886 205 939 232 τῶν
951 206 1000 232 πό-

1060 206 1173 235 Simeon.
1189 206 1235 240 qui
1249 205 1363 240 jnbebat
1379 212 1439 231 eum
1454 203 1705 239 frequentissimam
1724 207 1752 230 et
1763 203 1835 230 civi.

215 251 293 282 λεων,
308 251 352 277 Eva.
363 251 409 277 καὶ
420 250 525 282 πολλοῖς
539 251 596 281 ὁδὸς
607 247 685 282 οὗτος
697 251 765 286 πρὸς
774 251 911 287 σωτηρίαν
919 251 999 286 γένη-

216 305 270 324 ται.
286 296 369 330 Δόξαν
388 295 435 323 οὖν
456 297 528 323 οὕτω
545 297 631 323 ποιεῖν
654 297 747 331 μηδενὶ
773 297 856 332 μηδὲν
871 298 885 324 ὁ
900 297 998 332 Δανιὴλ

216 341 334 376 εἰρηκώς
345 349 352 357 ⁸
368 342 428 368 ἐπεὶ
444 342 473 369 δὶ
493 342 542 373 τὰς
556 343 715 377 νυκτερινὰς
728 341 794 378 ᾖσεν
813 343 884 377 ᾠδὰς
903 352 1000 370 συντα-

217 387 331 421 ξάμενος
357 387 423 414 πᾶσι
450 387 496 414 καὶ
521 387 636 420 ἐξελθὼν
660 389 706 415 ἐπὶ
730 390 779 424 τὴν
793 389 999 416 Κωνσταντίνου

217 432 292 459 πόλιν
318 433 468 464 σπουδαίως
493 432 602 468 ἐχώρει,
619 434 750 461 καὶκατὰ
764 435 808 461 τὸν
829 435 875 461 τοῦ
899 435 999 461 Πόντου

217 478 342 505 εἴσπλουν
352 479 495 514 γενόμενον
506 480 520 506 ό
530 479 577 506 τοῦ
589 479 807 514 ἀρχιστρατήγου
819 480 928 515 Μιχαὴλ
938 480 1000 512 ναὸς

217 525 297 551 αὐτὸν
314 525 485 560 ὑποδέχεται,
510 525 540 557 ὃς
563 526 622 552 ἐκεῖ
647 525 737 556 καλῶς
761 526 877 560 ἵδρυται,
901 526 948 552 καὶ
961 527 1001 557 είς

217 571 324 605 ἡμέρας
344 569 417 608 εἶχεν
448 570 526 598 ἑπτά.
548 571 680 601 Ἀκούσας
705 570 733 597 δὲ
759 570 840 597 τινῶν
863 570 910 596 καὶ
937 570 1001 605 περὶ

217 615 282 643 ναοῦ
311 616 404 651 ἐτέρου
421 616 555 650 λεγόντων
570 615 599 647 ὃς
614 616 760 650 κατωτέρω
787 615 837 649 μὲν
852 615 898 642 τοῦ
927 616 1001 651 ῑεροῦ

218 660 385 696 καλουμένου
409 661 534 693 διέκειτο,
558 662 571 687 ό
597 661 624 687 δὲ
649 661 729 692 τόπος
755 660 826 687 οὕτω
852 661 927 696 παρὰ
948 662 1003 687 τῶν

218 705 358 740 ἐγχωρίων
373 706 539 741 φιλέμπορος
564 706 730 741 ὠνομάζετο,
750 708 797 734 καὶ
811 708 904 742 μαθὼν
919 709 959 734 ὅτι
973 717 1001 734 τε

217 751 246 778 ἰν
261 747 334 785 αὑτῷ
352 752 508 778 κατοικοῦσι
534 752 676 787 πνεύματα
695 753 811 788 πονηρὰ,
841 755 887 780 καὶ
903 755 943 780 ὅτι
958 755 1004 781 καὶ

218 799 349 830 πλέοντας
365 799 438 825 ἔστιν
457 800 501 826 ὅτε
517 799 666 834 βυθίζουσι,
677 799 724 826 καὶ
737 801 792 831 τοῖς
809 801 1003 835 παροδεύουσιν

218 844 397 876 Instent-rat,
415 844 527 876 καὶτοῖς
542 845 734 879 προσοικοῦσιν
753 846 806 872 κίσὶ
821 846 933 880 πονηροὶ
946 847 1002 879 γεί-

217 898 303 922 τονας,
317 890 364 916 καὶ
380 890 429 916 οὐκ
445 889 520 916 ἐστιν
535 889 640 916 ἐκεῖθέν
654 898 714 916 τινα
733 890 821 917 ἐλθεῖν
839 891 945 926 ἁῦλαὸῆ
956 891 1005 927 οὐχ

218 935 313 968 εωθεν,
337 935 386 970 οὐχ
411 935 542 970 ὲππέριις,
558 935 587 962 οὐ
613 936 796 971 μεσημὸρίας,
819 937 849 963 ὲν
866 936 902 969 νῷ
916 937 1006 965 λαϐὼν

225 980 366 1008 Ἀντώνιόν
391 990 422 1007 τε
437 981 484 1007 τὸν
505 980 591 1016 μέγαν
607 982 654 1007 καὶ
680 981 714 1008 τὰ
730 983 846 1012 ἐκείνου.
861 983 908 1009 καὶ
927 984 1006 1015 ὅσους

219 1031 343 1060 κάκεῖνος
358 1031 390 1056 ὲκ
402 1030 455 1056 τῶν
469 1030 604 1064 δαιμόνων
616 1031 745 1065 ὑπέμεινε
763 1033 942 1066 πειρασμοὶις,
959 1033 1006 1058 καὶ

219 1076 257 1108 ὡς
272 1076 313 1108 είς
326 1077 399 1103 ἅπαν
423 1077 513 1103 αὐτῶν
528 1077 556 1103 ἔν
573 1077 645 1103 τέλει
662 1078 694 1112 τῇ
710 1077 756 1103 τοῦ
774 1077 879 1112 Κυρίου
894 1078 1006 1112 δυνάμει

221 1122 405 1156 περιεγίνετο,
421 1122 468 1157 καὶ
495 1122 565 1148 ὅσων
581 1123 791 1157 περιγενόμενος
810 1123 911 1157 ἠξιώθη
927 1133 955 1150 τε
970 1133 1007 1150 τι-

224 1168 292 1203 μῶν,
306 1168 353 1194 ἐπὶ
367 1168 413 1194 τὸν
428 1166 508 1194 ἆθλον
522 1168 569 1194 καὶ
586 1167 667 1199 αὐτὸς
680 1168 765 1194 ἀπέδυ
777 1175 786 1184 ”
799 1168 845 1194 καὶ
860 1168 945 1201 δείξαι
963 1169 1007 1195 τὸν

223 1215 285 1241 ναὸν
297 1214 371 1249 αὺτῷ
384 1215 447 1246 τοὺς
465 1214 603 1249 παρόντας
623 1214 707 1240 εἰπὼν
727 1215 775 1241 καὶ
800 1214 962 1241 καταλαϐὼν
973 1215 1008 1241 τὰ

223 1261 367 1296 προαύλια,
394 1261 476 1295 μέσος
490 1260 538 1286 τοῦ
553 1259 618 1286 ναοῦ
645 1260 749 1294 γίνεται
763 1259 809 1286 τὸν
825 1260 872 1287 τοῦ
888 1261 1007 1295 Χριστοῦ

223 1307 341 1342 σταυρὸν
355 1307 449 1341 ὥσπερ
461 1307 542 1333 ὅπλον
564 1307 669 1342 ἄμαχον
683 1307 862 1342 ἑπαγόμενος,
878 1308 925 1334 καὶ
938 1307 1007 1342 ψάλ-

222 1353 275 1379 λων
290 1353 365 1388 ἆμα”
390 1362 399 1379 ι
419 1353 519 1388 Κύριος
543 1352 683 1386 φωτισμός
700 1361 750 1387 μου
770 1353 816 1380 καὶ
834 1354 925 1388 σωτήρ
940 1362 988 1385 μου
1000 1362 1007 1370 ·

221 1398 283 1424 τίνα
297 1398 486 1433 φοϐηθήσομαι
502 1406 509 1430 ;
526 1407 534 1424 ι
556 1397 602 1423 Διδ
620 1397 653 1432 δὴ
673 1397 721 1424 καὶ
741 1398 794 1433 πρὺ
805 1398 855 1432 τῆς
871 1398 1009 1433 συμὸο),ἦς

223 1445 308 1479 αὐτὴν
318 1445 367 1479 τὴν
383 1443 436 1470 τῶν
449 1444 586 1479 δαιμόνων
607 1444 736 1478 φάλαγγα
747 1444 879 1479 πτοήοας,
890 1444 1009 1479 ἑκάστην

222 1491 330 1526 περιῄει
342 1491 443 1524 γωνίαν
468 1490 686 1525 δραπετεύοντας
708 1490 772 1521 τοὺς
789 1489 935 1525 πολεμίους
949 1491 1010 1516 htt-

1053 257 1139 279 tatum
1154 251 1276 286 reginam
1289 251 1365 277 adire
1385 251 1524 277 civitatem
1537 270 1544 283 ,
1561 253 1591 276 ut
1606 250 1663 276 haec
1679 254 1752 276 esset
1766 249 1836 276 mul-

1052 299 1088 325 tis
1109 297 1151 325 via
1171 298 1205 324 ad
1221 297 1347 324 salutem.
1363 296 1431 323 Cum
1452 303 1518 330 ergo
1543 296 1583 323 sic
1602 296 1627 323 ei
1650 296 1740 323 visum
1764 299 1838 323 esset

1053 344 1155 375 facere,
1178 350 1269 377 neque
1295 342 1342 369 ulli
1367 341 1514 376 quidquam
1539 342 1662 372 dixisset.
1692 346 1836 376 postquam

1053 394 1187 416 nocturna
1218 388 1318 415 cecinit
1345 387 1463 418 cantica,
1486 386 1615 413 omnibus
1638 386 1729 413 valere
1753 385 1837 421 jussis

1053 441 1189 470 egressus,
1215 441 1332 468 propere
1351 432 1535 459 contendebat
1559 431 1835 466 Constantinopolim,

1053 487 1081 509 et
1102 489 1164 508 cum
1182 481 1209 507 in
1235 480 1334 506 ostium
1356 479 1434 506 Ponti
1457 483 1529 506 esset
1543 479 1694 514 ingressus,
1712 486 1774 505 cum
1791 486 1837 506 ex-

1053 527 1122 560 cipit
1145 527 1279 561 templum
1305 525 1445 553 Michaelis
1462 525 1566 552 militia:
1590 524 1734 560 principis.
1763 524 1836 559 quod

1055 574 1112 600 illic
1126 572 1240 607 pulchre
1262 576 1304 600 est
1321 571 1442 606 positum
1457 579 1464 603 ;
1481 575 1506 598 et
1522 575 1628 605 septem
1647 570 1704 597 illic
1723 568 1782 597 dies
1797 574 1839 597 est

1055 623 1190 648 versatus.
1212 618 1281 646 Cum
1301 622 1392 645 autem
1419 617 1572 644 audivisset
1596 616 1704 650 aliquos
1717 615 1842 643 dicentes

1055 666 1089 692 de
1111 665 1165 692 alio
1182 665 1293 699 templo.
1315 663 1388 698 quod
1408 664 1490 690 situm
1509 662 1622 697 quidem
1639 666 1700 689 erat
1712 669 1795 696 supra
1813 661 1839 688 id

1056 711 1128 747 quod
1145 711 1248 738 dicitur
1269 710 1382 740 llicrou,
1395 710 1472 737 locus
1485 717 1552 736 vero
1568 708 1602 735 ab
1620 709 1654 734 iis
1674 707 1720 742 qui
1736 707 1839 734 incole-

1057 759 1132 791 bant,
1150 757 1346 784 nominabatur
1362 756 1554 790 Philcmporus
1568 763 1574 787 ;
1598 759 1626 781 ct
1643 761 1705 781 cum
1722 754 1842 788 accepis-

1057 810 1099 832 set
1117 805 1143 831 in
1157 812 1190 831 eo
1203 804 1290 830 malos
1316 802 1442 829 habitare
1456 801 1580 836 spiritus,
1597 804 1624 827 et
1642 807 1840 834 nonnunquam

1057 851 1232 885 submergere
1245 849 1415 882 navigantes,
1429 853 1456 875 et
1479 847 1609 874 invadere
1622 854 1669 873 eos
1688 846 1734 880 qui
1752 850 1841 872 trans-

1056 901 1136 928 eunt,
1149 900 1176 923 et
1203 896 1291 922 malos
1312 902 1373 921 esse
1393 894 1500 921 vicinos
1515 893 1625 924 accolis,
1650 896 1678 919 et
1693 899 1746 918 nou
1762 898 1842 926 posse

1057 942 1176 976 aliquem
1187 949 1249 968 eum
1262 941 1447 968 transmittere
1461 939 1586 970 illmsum,
1605 945 1659 964 non
1673 944 1763 969 mane,
1786 944 1841 963 non

1058 987 1184 1019 meridie,
1201 994 1257 1013 non
1274 993 1399 1020 vespere,
1413 991 1546 1011 revocans
1566 984 1593 1010 in
1606 982 1766 1010 memoriam
1787 989 1844 1008 ma-

1057 1040 1140 1068 gnum
1156 1032 1304 1058 Antonium
1325 1035 1353 1057 et
1363 1037 1407 1057 res
1430 1029 1514 1061 illius,
1533 1033 1562 1055 et
1582 1034 1663 1061 quam
1681 1027 1781 1054 multas
1797 1027 1843 1053 ille

1058 1086 1168 1113 quoque
1194 1085 1209 1105 a
1226 1077 1398 1106 daemonibus
1426 1074 1589 1103 sustinuerit
1615 1073 1789 1105 tentationes,
1816 1076 1843 1099 et

1057 1125 1131 1160 quod
1154 1131 1201 1152 eos
1222 1123 1331 1151 tandem
1346 1123 1449 1148 virtute
1471 1120 1578 1148 Domini
1600 1119 1713 1146 omnino
1727 1125 1843 1152 supera-

1058 1171 1139 1204 verit,
1156 1174 1184 1197 et
1201 1176 1283 1204 quam
1310 1171 1410 1195 multos
1434 1167 1489 1193 illis
1509 1166 1646 1200 superatis
1664 1164 1785 1190 honores
1809 1163 1845 1190 sit

1058 1220 1221 1247 assecutus,
1248 1214 1307 1249 ipse
1325 1220 1436 1248 quoque
1454 1219 1483 1239 se
1508 1211 1541 1238 ad
1566 1209 1748 1245 aggredienda
1768 1209 1845 1235 exuit

1059 1262 1222 1293 certamina,
1246 1265 1274 1287 et
1294 1267 1357 1287 cum
1377 1258 1506 1294 jussisset
1528 1263 1576 1284 eos
1594 1255 1639 1290 qui
1663 1254 1779 1282 aderant
1805 1253 1843 1283 ei,

1059 1309 1190 1342 templum
1204 1305 1361 1335 ostendere,
1374 1308 1403 1331 et
1416 1303 1538 1331 venisset
1554 1302 1579 1329 in
1597 1302 1709 1331 atrium,
1723 1300 1844 1328 medium

1060 1354 1192 1387 templum
1230 1351 1408 1386 ingreditur,
1444 1348 1547 1376 Christi
1572 1355 1683 1374 crucem
1716 1351 1844 1380 tanquam

1059 1407 1135 1426 arma
1160 1398 1282 1425 inferens
1303 1393 1536 1430 inexpugnabilia,
1567 1397 1595 1420 et
1609 1392 1690 1420 simul
1706 1391 1823 1426 psallente
1838 1401 1844 1417 :

1062 1455 1071 1472 ι
1096 1445 1228 1472 Dominus
1256 1441 1421 1470 illuminatio
1437 1448 1497 1468 mea
1520 1444 1546 1467 et
1564 1439 1639 1466 salus
1654 1445 1734 1469 mea;
1762 1445 1845 1472 quem

1060 1491 1164 1519 timebo
1178 1490 1211 1516 ’τί
1235 1499 1245 1515 ι
1271 1488 1455 1521 Quamobrem
1470 1487 1514 1514 vel
1530 1489 1593 1513 ante
1609 1484 1769 1512 conﬂictum
1785 1490 1847 1518 per-

223 1536 323 1571 ζητῶν,
336 1537 383 1562 καὶ
398 1536 440 1570 ἐφ’
450 1536 554 1572 ἑκάστῃ
563 1535 668 1563 τούτων
678 1536 852 1570 γονυκλισίας
866 1535 1007 1562 ἐπιτελῶν.

1063 1536 1158 1564 territa
1174 1535 1232 1569 ipsa
1249 1534 1382 1568 phalange
1396 1533 1563 1563 daemonum,
1576 1531 1672 1558 obibat
1688 1537 1786 1557 omnes
1799 1537 1847 1556 au-

257 1667 285 1694 l'.
305 1666 423 1701 Ἐσπέρα
454 1666 503 1701 μὲν
518 1663 563 1692 οὖν
588 1666 640 1701 ἤδη
667 1663 711 1700 ἦν,
740 1666 786 1692 καὶ
804 1666 819 1692 ό
836 1664 883 1691 τοῦ
899 1665 1010 1696 σκότους

223 1713 315 1748 ἄρχων
331 1712 432 1748 παρῆν,
441 1712 488 1739 καὶ
498 1711 567 1739 λίθοι
582 1712 652 1739 κατὰ
668 1711 715 1738 τοῦ
728 1711 829 1747 Δανιὴλ
849 1711 1011 1747 ὲρριπτοῡν-

223 1767 263 1790 το,
279 1760 325 1786 καὶ
334 1756 400 1793 ἦχος
416 1758 540 1793 ἠκούετο,
554 1759 600 1786 καὶ
615 1758 663 1794 βοὴ
674 1757 824 1793 συμμιγὴς,
837 1757 884 1784 καὶ
898 1757 1011 1792 θόρυὸος

223 1805 385 1840 διηγείρετο.
407 1805 437 1831 ⁸0
453 1805 481 1831 δὲ
503 1806 538 1839 τῇ
552 1806 691 1840 προσευχῇ
714 1806 761 1831 καὶ
778 1804 856 1835 αὖθις
871 1812 1010 1838 προσκαρ-

223 1851 309 1885 τιρῶν
324 1851 447 1887 ἀτρέμας
463 1849 506 1885 ἦν.
516 1849 582 1878 Εἶτα
593 1851 639 1877 καὶ
655 1850 721 1886 πρὸς
737 1850 844 1882 αὐτοῦς,
857 1859 866 1875 ι
879 1849 942 1875 Ἐὰν
957 1857 1008 1876 πα-

225 1896 358 1932 ρατάξητι
373 1896 415 1922 ιπ¹
429 1896 480 1931 ἐμὲ
495 1896 683 1932 παρεμϐολὴν,
694 1895 799 1930 ἔλεγεν,
811 1896 842 1922 οὒ
857 1895 1010 1931 φοϐηθήσε-

224 1950 269 1968 ται
278 1943 294 1976 ἠ
304 1941 402 1977 καρδία
414 1950 475 1976 μου.
494 1951 503 1967 ›
515 1942 610 1968 Νύκτα
624 1941 673 1976 μὲν
687 1938 734 1968 οὖν
746 1941 854 1976 ἐκείνην
869 1941 918 1973 τὴν
934 1941 1009 1976 πρώ-

223 1996 274 2022 την
297 1987 344 2013 καὶ
367 1987 416 2021 τὴν
435 1987 504 2021 μετὰ
530 1987 616 2013 ταῦτα
642 1987 776 2022 δευτέραν
803 1986 885 2013 οὕτω.
912 1987 967 2021 Τὴν
982 1986 1011 2013 δὲ

224 2032 318 2067 τρίτην
331 2030 491 2066 ἀνθρώπους
514 2031 589 2067 ἑώρα
604 2032 642 2066 τῷ
663 2033 775 2067 μεγέθει
793 2032 951 2067 μεγίστους,
978 2035 1011 2070 τῇ

226 2079 316 2112 μορφῇ
343 2077 520 2111 ἀλλοκότους,
539 2079 572 2114 τῇ
601 2078 733 2114 ὠμότητι,
764 2079 802 2110 ὡς
828 2079 950 2112 εἰκάζειν
965 2077 1011 2116 ἦν,

225 2124 422 2158 σαρκοὸὀρους,
435 2124 504 2151 πάνυ
529 2124 616 2151 δεινὸν
627 2125 790 2159 τιτριγότας
807 2126 853 2152 καὶ
868 2126 1009 2152 ἀπειλοῦν-

223 2177 272 2200 τας
286 2168 324 2204 τῷ
337 2169 446 2204 Δανιὴλ,
465 2170 512 2196 καὶ
526 2170 564 2205 τῷ
578 2170 653 2205 φόϐῳ
677 2171 726 2202 τὰς
741 2171 893 2203 δικολογίας
911 2172 1012 2206 ἀναμι-

224 2215 349 2248 γνύντας,
367 2216 424 2248 καὶ,
440 2216 487 2247 Τίς
504 2225 544 2249 σε,
567 2216 706 2251 λέγοντας,
733 2217 820 2248 ἄθλιε,
832 2218 867 2243 τὰ
889 2218 1007 2245 ἐνταῦθα
1027 2213 1048 2241 D

223 2261 386 2288 καταλαϐεῖν
404 2261 528 2294 ἔπεισενς
544 2263 588 2289 ὔτε
600 2263 648 2290 καὶ
660 2264 684 2289 εί
695 2263 779 2298 μηδὲν
786 2263 860 2296 ἄλλο,
873 2264 887 2290 ὃ
903 2272 935 2298 γε
950 2263 1013 2299 χρό-

222 2315 266 2338 νος
281 2307 311 2334 ὂν
336 2307 420 2341 ἐσμὲν
435 2308 554 2334 ἐνταῦθα
569 2308 680 2343 κυρίους
699 2309 772 2344 ἡμᾶς
792 2309 843 2344 ἤδη
858 2309 906 2335 τοῦ
928 2309 1010 2336 τόπου

222 2353 351 2379 δείκνυσι.
378 2354 435 2380 Καὶ
459 2354 566 2381 ταύτων
584 2355 609 2381 oi
635 2355 686 2389 μὲν
713 2357 753 2387 είς
779 2357 915 2383 θάλατταν
930 2356 1011 2383 αὐτὸν

223 2397 351 2431 ιμὸαλεῖν
375 2399 515 2434 ἠπείλουν,
533 2400 556 2426 οἱ
572 2399 599 2426 δὲ
616 2399 753 2432 aula-301.;
778 2401 868 2434 λίθους
893 2401 1011 2437 ἠφίεσαν

223 2443 382 2477 εὐμεγέθεις
396 2451 403 2458 -
417 2444 506 2475 οὐδεὶς
531 2445 624 2480 μέντοι
646 2446 721 2482 αὐτῷ
746 2447 867 2482 ιγγιξειν
887 2449 1009 2486 ἐθάρρει.

224 2488 255 2514 Τί
267 2486 315 2515 οὖν
334 2490 424 2521 nonet;
444 2489 571 2517 Πείθεται
587 2491 626 2526 τῷ
639 2493 774 2529 Δεσπότῃ.
788 2494 866 2521 τοῦτο
884 2495 914 2523 τὺ
932 2496 1011 2529 γένος

223 2534 326 2560 εἰπόντι
345 2535 456 2570 νηστείᾳ
484 2537 552 2572 μόνῃ
570 2539 616 2563 καὶ
639 2541 777 2575 προσευχῇ
795 2541 1007 2575 φυγαδεύεσθαι.

225 2579 279 2605 Καὶ
301 2580 396 2614 πρῶτα
425 2581 475 2616 μὲν
503 2582 584 2613 αὐτὲς
614 2584 783 2618 ἀντηπείλει,
800 2587 928 2614 τοσοῦτον
955 2587 1012 2623 γὰρ

225 2625 337 2660 ἐθάρρει
348 2627 380 2662 τῇ
392 2627 438 2653 τοῦ
451 2628 570 2662 Χριστοῦ
580 2629 708 2664 δυνάμει·
726 2631 822 2657 ἔπειτα
835 2631 870 2664 ὡς
889 2632 929 2659 ἔτι
946 2634 1014 2667 μᾶλ-

223 2671 269 2696 λον
291 2671 533 2706 ἀναισχυντοῦντας
547 2673 619 2709 ἐώρα
642 2676 688 2701 καὶ
709 2675 901 2710 θορυδοῦντας,
922 2677 1010 2712 πάντη

226 2719 434 2752 καταφρηνήτας
455 2720 544 2746 αὐτῶν
560 2721 726 2756 ἀναφράττει
744 2722 834 2749 πᾶσαν
849 2722 895 2758 τὴν
909 2723 1011 2750 εἴσοδον

225 2763 273 2790 τοῦ
287 2764 350 2791 ναοῦ
367 2764 497 2792 δεικνύων
519 2767 559 2793 ὅτι
576 2767 657 2802 μόνος
675 2767 800 2803 βούλεται
829 2769 895 2804 πρὸς
915 2770 1013 2805 μόνους

261 2859 270 2873 ⁸
287 2856 345 2884 l‘sul
374 2865 446 2891 XXVI,
478 2857 501 2884 l.
541 2858 550 2874 ⁸
572 2857 638 2886 ibid.
663 2857 688 2885 5.

1061 1581 1150 1617 gulos,
1165 1586 1290 1614 quarens
1302 1578 1439 1613 fugientes
1451 1577 1589 1604 daemones
1597 1581 1625 1603 ct
1638 1576 1666 1602 in
1680 1581 1848 1609 unoquoque

1061 1633 1158 1654 eorum
1175 1625 1287 1652 ﬂectens
1301 1631 1400 1658 genua.

1095 1670 1130 1698 Χ.
1150 1670 1239 1705 Atque
1265 1670 1321 1705 jam
1343 1668 1455 1703 quidem
1482 1671 1544 1694 erat
1563 1673 1692 1700 vespera.
1707 1670 1736 1693 et
1754 1665 1849 1693 aderat

1062 1716 1191 1752 princeps
1209 1715 1384 1742 tenebrarum
1403 1713 1616 1748 etjacicbautur
1630 1711 1740 1746 lapides
1755 1711 1783 1737 in
1799 1711 1850 1738 Da-

1061 1762 1174 1794 uielcm,
1195 1765 1224 1789 et
1237 1767 1322 1788 sonus
1343 1758 1518 1791 audiebatur,
1538 1762 1566 1785 et
1580 1758 1695 1785 confusa
1716 1756 1850 1784 vocifera-

1063 1807 1101 1835 tio
1130 1811 1159 1834 et
1182 1807 1315 1841 strepitus
1351 1804 1536 1832 excitabatur.
1561 1804 1608 1830 Ille
1634 1809 1727 1830 autem
1754 1809 1850 1829 rursus

1062 1861 1242 1888 perseverans
1271 1853 1297 1879 in
1320 1852 1456 1882 oratione.
1474 1851 1564 1878 stabat
1594 1850 1716 1885 quietus.
1745 1848 1850 1876 Deinde

1062 1899 1096 1927 ad
1110 1907 1176 1926 eos:
1198 1908 1207 1924 ι
1227 1898 1256 1925 Si
1273 1898 1407 1925 adversus
1418 1905 1473 1929 me,
1487 1896 1607 1928 dicebat,
1624 1899 1728 1923 structa
1745 1894 1845 1921 consti-

1064 1946 1128 1974 terit
1141 1945 1224 1978 acies,
1237 1952 1292 1973 non
1307 1944 1414 1972 timebit
1427 1952 1474 1972 cor
1484 1951 1576 1971 meum
1590 1943 1610 1970 ‘.
1628 1951 1637 1967 ι
1655 1942 1773 1969 Primam
1785 1948 1850 1976 ergo

1063 1993 1139 2020 illam
1158 1998 1278 2024 noctem,
1295 1991 1494 2023 etsecundam,
1519 1997 1581 2025 quae
1595 1994 1688 2024 postea
1717 1994 1760 2016 est
1783 1998 1850 2017 con-

1062 2043 1168 2069 secuta,
1182 2038 1223 2065 sic
1241 2037 1405 2064 transmisit.
1421 2035 1514 2064 Tertia
1531 2039 1624 2062 autem
1644 2033 1713 2062 vidit
1725 2034 1851 2061 homines

1064 2084 1254 2120 magnitudine
1273 2083 1417 2115 maximos,
1434 2081 1522 2109 forma
1542 2081 1658 2113 alienos,
1675 2080 1849 2111 crudelitate,

1063 2134 1197 2165 quantum
1212 2129 1312 2157 licebat
1326 2128 1476 2163 conjicere,
1489 2126 1660 2159 carnivoros,
1680 2125 1850 2153 borribiliter

1063 2175 1221 2208 stridentes,
1238 2178 1267 2202 et
1286 2174 1424 2201 minantes
1448 2171 1566 2204 Danieli,
1597 2175 1626 2199 et
1650 2170 1736 2198 metui
1761 2170 1849 2198 admi-

1063 2226 1173 2250 scentes
1198 2229 1255 2249 suae
1275 2227 1366 2247 causae
1395 2217 1598 2250 defensionem,
1623 2217 1765 2244 dicentes:
1785 2216 1852 2249 Quis

1066 2267 1127 2300 tibi,
1147 2274 1164 2294 ο
1184 2266 1289 2299 infelix,
1310 2270 1340 2292 ut
1365 2265 1420 2292 huc
1434 2264 1554 2294 venires,
1579 2263 1726 2298 persuasit,
1741 2262 1853 2297 quando

1064 2313 1115 2342 etsi
1134 2313 1203 2340 nihil
1220 2312 1305 2344 aliud,
1328 2316 1437 2346 tempus
1464 2310 1577 2344 quidem
1602 2313 1697 2342 certe,
1733 2316 1788 2344 quo
1809 2308 1854 2336 hic

1064 2359 1178 2391 fuimus,
1203 2365 1254 2385 nos
1285 2357 1338 2384 loci
1358 2356 1489 2383 dominos
1511 2355 1607 2390 utique
1626 2354 1747 2382 effecit?
1775 2354 1810 2381 Et
1820 2361 1853 2381 ex

1066 2405 1101 2432 iis
1115 2404 1161 2431 alii
1175 2403 1287 2438 quidem
1312 2402 1488 2429 minabantur
1504 2409 1534 2428 se
1549 2409 1613 2429 eum
1637 2401 1664 2428 in
1688 2407 1764 2427 mare
1791 2406 1852 2426 esse

1062 2451 1204 2486 jacturos;
1229 2450 1275 2477 alii
1290 2454 1382 2477 autem
1400 2456 1497 2475 rursus
1521 2447 1656 2475 maximos
1671 2446 1775 2482 lapides
1802 2445 1854 2472 im-

1065 2497 1228 2529 mittebant;
1250 2503 1332 2522 nemo
1355 2502 1421 2522 vero
1438 2494 1557 2522 audebat
1575 2493 1610 2520 ad
1637 2500 1702 2520 eum
1724 2491 1854 2519 accedere

1066 2544 1189 2578 propius.
1200 2542 1270 2575 Quid
1285 2549 1349 2576 ergo
1361 2541 1427 2568 facit
1438 2541 1451 2568 ἳ
1466 2540 1561 2568 Credit
1574 2539 1700 2571 Domino,
1713 2537 1761 2572 qui
1779 2537 1849 2564 dixit

1068 2587 1121 2614 hoc
1136 2594 1222 2622 genus
1235 2586 1334 2621 expelli
1363 2586 1423 2613 solo
1444 2584 1550 2621 jejunio
1579 2588 1607 2612 et
1631 2583 1801 2618 precatione.
1819 2582 1854 2608 Et

1067 2633 1107 2661 sic
1136 2632 1248 2667 quidem
1265 2632 1347 2665 facit,
1368 2635 1396 2659 et
1410 2639 1459 2659 eos
1477 2630 1615 2658 minantes
1627 2650 1639 2663 ,
1657 2634 1739 2663 atque
1768 2627 1852 2655 etiam

1065 2678 1200 2714 jacieutes
1219 2686 1316 2713 parum
1332 2683 1379 2705 aut
1400 2677 1469 2705 nihil
1480 2683 1591 2710 curans,
1607 2676 1726 2711 primum
1741 2674 1852 2710 quidem

1068 2724 1127 2758 ipse
1151 2731 1261 2758 quoque
1281 2727 1377 2751 contra
1403 2722 1581 2755 minabatur;
1606 2725 1710 2748 tantum
1729 2720 1803 2747 enim
1825 2719 1853 2745 in

1067 2768 1171 2797 Christi
1190 2769 1291 2797 virtute
1308 2767 1472 2796 conﬁdebat.
1492 2767 1596 2795 Deinde
1618 2774 1680 2794 cum
1697 2773 1745 2793 eos
1764 2763 1856 2796 adhuc
