2049 3151
234 133 287 164 9δ3

816 141 1009 173 ADDENDA.
1026 157 1060 162 --
1081 145 1298 181 ΒΕΟΕΜΒΕΒ.

1814 157 1866 188 9Ῐ4

234 189 340 217 videret
355 198 384 218 se
398 191 485 226 magis
497 192 672 228 impudenter
688 203 783 231 gerere
799 202 826 226 et
847 201 1005 228 tumultuari

234 234 301 248 {n-2-
331 235 441 248 ,ιω-2....
464 236 600 248 j-____.-_
644 240 664 248 γι
691 245 697 248 .
738 242 745 248 ο
1001 247 1005 248 ν

1072 203 1171 236 αὐτοὺς
1186 206 1322 240 παλαίειν,
1336 207 1384 234 καὶ
1395 209 1435 235 ὃτι
1449 208 1510 235 οὺδὶ
1523 209 1614 245 φυγῆς
1627 209 1712 237 δεῖται
1726 213 1864 248 προσϐαλ-

232 234 302 270 ipsis
330 235 443 263 omnino
462 236 611 273 despectis,
638 240 760 269 obstruit
785 251 895 272 omnem
925 247 1020 282 templi

232 281 348 316 aditum,
371 283 523 312 ostendens
556 293 586 314 se
615 287 704 315 solum
729 289 800 317 velle
827 299 890 319 cum
912 293 954 320 eis
976 281 1021 321 lu-

231 327 312 362 ctari,
325 332 354 356 et
366 336 418 356 nec
433 329 497 365 fuga
514 331 628 366 quidem
641 341 734 368 egere,
751 335 773 362 si
789 336 841 371 ipsi
855 337 1018 373 irruperint,

231 373 316 400 solam
328 378 421 402 autem
435 377 525 410 aperit
539 377 687 407 fenestram
699 401 707 414 ,
724 385 754 409 ut
769 382 874 410 videret
889 384 1021 412 acceden-

231 422 283 452 tes,
297 424 326 448 et
341 425 372 448 ut
387 423 497 458 corpori
516 425 645 461 exiguum
657 428 795 462 acciperet
806 430 1018 460 nutrimentum.

230 463 293 493 Non
309 467 427 495 multum
453 469 612 499 intercessit
630 475 772 509 temporis,
793 480 821 504 et
836 475 938 505 Christi
958 478 1020 512 qui-

230 510 293 538 dem
309 512 413 541 virtute
434 514 524 544 deleta
538 521 580 544 est
603 519 693 547 omnis
709 520 752 548 illa
769 523 840 550 mala
864 510 1019 552 dzemonum

231 559 355 592 operatio
371 568 378 592 ;
396 561 522 590 redditus
535 568 578 591 est
591 569 683 593 autem
699 568 848 597 universus
858 569 935 598 locus
948 571 1018 598 liber

230 604 264 631 ab
286 605 398 634 illorum
418 608 577 645 insultibus,
593 617 621 639 et
639 613 770 650 deinceps
785 615 883 650 libere,
898 622 927 645 et
958 618 1017 646 sine

229 650 293 679 nilis
306 651 414 681 insidiis
434 655 611 685 ambulabant
630 663 658 687 et
679 667 754 689 mare
770 662 945 699 navigabant.

262 739 308 767 XI.
326 740 415 777 Hujus
425 751 492 772 vero
505 745 544 773 rei
561 747 632 776 fama
645 751 765 778 manavit
779 752 807 779 in
833 761 930 782 omnes
954 763 1017 791 par-

227 789 279 819 tes,
293 791 321 815 et
332 787 434 817 licebat
453 791 547 820 videre
563 794 638 821 viros
664 796 747 824 simul
764 802 792 825 et
807 787 1017 837 mulieres-ju-

227 840 314 861 venes
325 839 353 862 et
365 843 458 868 senes.
469 845 606 874 pauperes
621 845 649 868 et
665 841 776 878 divites,
787 845 834 879 qui
851 845 1015 875 habitabant

225 879 407 909 circumcirca
428 881 457 910 in
482 884 548 911 locis
573 885 709 921 ﬁnitimis,
727 894 855 924 tanquam
877 891 1011 921 ﬂuentum

225 925 349 960 aliquod,
363 929 495 957 continuo
506 935 595 958 tractu
606 933 639 960 ad
654 941 716 961 eum
737 935 814 969 ferri,
827 941 855 964 et
870 938 1011 973 admirari,

224 979 345 1007 quonam
371 975 465 1010 modo,
483 978 531 1005 ubi
556 987 646 1014 nuper
667 982 780 1016 quidem
804 989 866 1012 erat
883 987 1010 1022 exitium,

224 1018 282 1046 illic
298 1020 334 1048 sit
355 1021 452 1056 salus;
472 1023 518 1051 ubi
536 1029 629 1052 autem
652 1027 808 1056 daemonum
835 1018 1012 1061 vociferatio;

224 1073 283 1099 nes,
301 1067 357 1095 illic
374 1073 459 1096 noctu
473 1074 501 1098 et
513 1071 562 1099 diu
581 1079 716 1101 canentur
738 1076 772 1103 ad
790 1077 876 1105 Deum
891 1080 1009 1108 cantica.

223 1111 335 1141 Invidus
353 1122 420 1143 vero
440 1116 534 1150 Satan,
550 1122 578 1144 et
595 1118 740 1147 hominum
757 1121 898 1156 inimicus,
919 1132 1010 1160 neque

223 1157 256 1186 de
274 1166 304 1187 se
317 1165 424 1195 partam
438 1161 596 1196 victoriam,
613 1172 704 1200 neque
729 1168 818 1195 sancti
836 1157 1008 1204 patientiam,

221 1212 311 1240 neque
329 1207 440 1242 piorum
461 1208 556 1237 videre
569 1212 712 1240 sustinens
735 1214 896 1248 utilitatem.
915 1217 950 1244 ad
967 1226 1011 1246 se-

221 1251 344 1280 cundum
379 1255 538 1290 aggreditur
570 1256 704 1285 callidum
739 1266 949 1295 commentum;
981 1267 1011 1290 et

220 1298 390 1333 quibusdam
409 1308 443 1328 ex
466 1301 502 1328 iis
520 1303 567 1337 qui
583 1303 610 1330 in
626 1305 730 1340 templo
745 1308 865 1341 cooptati
887 1314 967 1337 erant
981 1309 1008 1337 in

218 1346 336 1381 clerum,
355 1348 424 1376 tales
451 1348 578 1377 immittit
601 1352 793 1387 cogitationes,
824 1355 920 1388 quales
942 1356 1008 1383 olim

218 1391 319 1421 Judmis
344 1394 478 1423 adversus
491 1395 646 1428 Christum.
670 1405 726 1425 non
748 1399 852 1426 bonum
872 1408 933 1429 esse
946 1409 1009 1436 per-

217 1439 328 1466 mittere
341 1439 447 1467 homini
461 1441 506 1469 hic
520 1441 657 1476 habitare,
675 1451 757 1479 quem
775 1445 917 1480 ignoretis,
933 1448 1006 1476 unde

217 1485 262 1512 sit.
281 1485 329 1513 Ille
345 1490 439 1514 autem
455 1492 483 1515 et
497 1487 568 1516 fama
586 1496 682 1517 omnes
696 1491 730 1518 ad
746 1499 775 1519 se
786 1493 910 1527 attrahit,
924 1499 953 1522 et
973 1495 1006 1522 il-

1072 250 1175 278 λόντων
1198 252 1300 286 αὐτῶν,
1332 254 1432 290 μικρὰν
1458 255 1487 281 δὲ
1503 256 1589 291 μόνην
1611 257 1744 292 διανοίγει
1765 259 1863 294 θυρίδα

1073 296 1138 329 θέας
1161 298 1216 325 τῶν
1233 299 1402 334 προσιόντων
1421 301 1514 335 ἕνεκα,
1530 303 1577 329 καὶ
1601 303 1649 330 τοῦ
1665 304 1715 339 τὴν
1730 304 1863 340 βραχεῖαν

1071 343 1174 379 τροφὴν
1192 344 1231 380 τῷ
1248 344 1355 381 σώματι
1382 346 1518 381 δέχεσθαι.
1536 347 1572 374 οὐ
1590 348 1656 375 πολὺ
1673 349 1704 375 τὸ
1719 350 1748 376 ἐν
1775 351 1862 386 μέσῳ,

1072 390 1119 416 καὶ
1143 391 1315 427 κατήργηται
1332 392 1383 427 μὲν
1402 394 1478 420 πᾶσα
1499 394 1551 420 τῶν
1565 394 1701 430 δαιμόνων
1719 397 1733 430 ή
1755 399 1863 432 πονηρὰ

1070 435 1195 471 ἐνέργεια
1209 437 1323 472 δυνάμει
1336 440 1466 474 Χριστοῦ,
1480 440 1622 476 ἐλεύθερος
1637 441 1666 468 δὲ
1681 443 1757 473 nam
1772 443 1860 478 χῶρος

1069 480 1120 516 τῆς
1135 481 1164 513 ἐξ
1178 483 1268 510 αὐτῶν
1282 484 1413 519 ἐπηρείας
1425 485 1575 517 δείκνυται,
1589 487 1635 512 καὶ
1648 486 1742 514 λοιπὸν
1757 489 1858 521 πάντες

1069 526 1254 561 ἀνεπιδοὺλως
1273 531 1320 557 καὶ
1335 530 1488 567 ἐλευθέρως
1509 531 1610 560 ὦδευόν
1630 540 1660 559 τε
1684 533 1734 560 καὶ
1746 534 1797 570 τὴν
1808 535 1857 563 Θά-

1069 572 1169 601 λατταν
1185 574 1294 604 ἔπλεον.

1103 754 1155 782 IA'.
1172 755 1252 790 Φήμη
1280 755 1309 782 δὲ
1333 755 1399 791 περὶ
1422 756 1506 783 αὐτοῦ
1534 758 1660 794 πανταχῆ
1677 758 1790 795 διέρρει,
1811 761 1860 789 καὶ

1066 797 1102 836 ἦν
1118 800 1183 827 ἰδεῖν
1194 800 1294 836 ἄνδρας
1303 801 1371 836 ὁμοῦ
1383 802 1431 829 καὶ
1444 797 1593 837 γυναῖκας,
1608 805 1685 836 νέους
1699 808 1746 832 καὶ
1761 807 1859 843 γέρον-

1067 856 1127 879 τας,
1142 847 1263 880 πένητας
1291 847 1339 874 καὶ
1369 847 1527 881 πλουσίους,
1559 850 1609 876 καὶ
1640 852 1695 878 πᾶν
1707 851 1771 879 ὅσον
1795 855 1860 885 τοὺς

1066 893 1147 928 πέριξ
1169 894 1270 925 τόπους
1300 894 1433 930 κατῴκει,
1450 895 1546 930 ὥσπερ
1575 904 1603 922 τι
1632 896 1723 932 ῥεῦμα
1751 901 1859 935 συνεχεῖ

1064 939 1139 976 ὁλκῷ
1167 939 1237 975 πρὸς
1271 940 1354 968 αὐτὸν
1383 942 1552 977 φερομένους
1571 943 1620 970 καὶ
1644 943 1688 970 διὰ
1717 944 1859 980 Θαύματος

1062 987 1245 1021 ποιουμένους
1271 987 1332 1019 πῶς
1351 988 1419 1014 ὅπου
1448 988 1499 1023 μὲν
1524 988 1620 1024 πρώην
1646 989 1769 1024 ὄλεθρος,
1797 992 1857 1018 ἐκεῖ

1062 1032 1195 1067 σωτηρία,
1214 1033 1282 1060 ὅπου
1307 1033 1335 1059 δὲ
1360 1033 1499 1069 δαιμόνων
1514 1034 1587 1068 βοαὶ,
1611 1035 1673 1061 ἐκεῖ
1687 1036 1734 1062 καὶ
1748 1036 1859 1072 νύκτωρ

1061 1078 1110 1105 καὶ
1141 1079 1201 1113 μεθ’
1216 1080 1325 1115 ἡμέραν
1341 1079 1410 1115 ᾠδαὶ
1426 1080 1494 1116 πρὸς
1521 1080 1599 1108 Θεὸν.
1618 1079 1648 1107 '0
1673 1081 1700 1108 δὲ
1725 1082 1857 1117 φθονερὸς

1060 1125 1149 1151 Σατᾶν
1169 1125 1216 1151 καὶ
1242 1125 1447 1161 μισάνθρωπος,
1470 1127 1541 1161 μήτε
1561 1126 1611 1162 τὴν
1643 1127 1743 1154 ἑαυτοῦ
1766 1125 1854 1163 ἧτταν

1063 1171 1133 1206 μήτε
1155 1171 1204 1206 τὴν
1221 1170 1362 1206 ὑπομονὴν
1381 1171 1430 1198 τοῦ
1452 1172 1529 1198 ὁσίου
1551 1172 1620 1207 μήτε
1641 1172 1691 1207 τὴν
1705 1173 1759 1200 τῶν
1775 1174 1855 1200 εὐσε-

1061 1215 1183 1243 ϐούντων
1202 1214 1337 1250 ὠφέλειαν
1352 1215 1420 1250 ὁρᾷν
1436 1216 1611 1252 ἀνεχόμενος,
1625 1218 1673 1245 ἐπὶ
1686 1219 1716 1245 τὸ
1727 1218 1854 1255 δεύτερον

1062 1261 1158 1297 μετῄει
1174 1262 1305 1297 σόφισμα,
1327 1262 1375 1289 καί
1392 1271 1449 1289 τισι
1467 1262 1523 1289 τῶν
1539 1263 1568 1289 ὲν
1585 1264 1624 1298 τῷ
1642 1264 1700 1300 ναῷ
1711 1265 1855 1300 κεκληρω-

1062 1306 1151 1341 μένων
1164 1306 1304 1338 τοιούτους
1326 1307 1416 1341 ἐνίησι
1433 1307 1582 1341 λογισμοὺς
1597 1309 1670 1340 οἴους
1691 1311 1777 1336 πάλαι
1791 1311 1852 1343 τοῖς

1066 1352 1207 1384 Ἰουδαίοις
1227 1354 1300 1379 κατὰ
1312 1353 1445 1388 Χριστοῦ,
1465 1353 1503 1385 ὠς
1525 1354 1563 1380 Οὐ
1587 1355 1671 1382 καλὸν
1696 1357 1852 1391 συγχωρεῖν

1059 1399 1204 1433 ἄνθρωπον
1217 1399 1336 1425 ἐνταῦθα
1351 1399 1438 1426 οἰκεῖν
1451 1399 1481 1426 ὃν
1497 1399 1547 1426 οὐκ
1560 1400 1650 1427 οἴδατε
1664 1400 1748 1428 πόθεν
1763 1401 1849 1427 ἐστίν.

1064 1445 1093 1471 '0
1115 1445 1144 1471 δὲ
1163 1444 1212 1472 καὶ
1231 1444 1339 1476 πάντας
1363 1446 1396 1479 τῇ
1416 1446 1496 1481 φήμῃ
1516 1445 1585 1480 πρὸς
1608 1446 1707 1473 ἑαυτὸν
1735 1446 1847 1480 ἑλκύει,

1058 1492 1106 1519 καὶ
1119 1493 1136 1528 ἠ
1151 1493 1259 1520 ἐκείνου
1276 1492 1345 1529 τιμὴ
1361 1492 1460 1527 ὕφεσις
1479 1493 1588 1525 πάντως
1607 1494 1675 1528 ὑμῖν
1695 1494 1749 1521 τῶν
1767 1503 1852 1530 προσ-

217 1531 270 1558 lius
287 1531 377 1560 honor
399 1536 442 1560 est
456 1534 570 1562 omnino
585 1535 734 1565 diminutio
746 1542 902 1567 vestrorum
922 1542 1005 1569 vecti-

1058 1539 1125 1565 68uw
1140 1538 1257 1573 γίνεται.
1277 1538 1359 1565 Ἀλλὰ
1371 1538 1439 1574 δῆλα
1455 1539 1543 1566 ταῦτα
1558 1539 1598 1575 τῷ
1614 1540 1756 1575 ὲπισκόπῳ
1772 1540 1852 1575 ποιή-

215 1576 331 1610 galium.
358 1577 412 1605 Sed
440 1578 605 1614 signiﬁcate,
636 1581 756 1617 dicebat,
778 1584 835 1612 hac
862 1585 1002 1622 episcopo.

215 1627 243 1650 et
255 1631 318 1651 eum
334 1624 390 1652 cito
401 1626 522 1660 expellit.
543 1627 577 1654 Et
589 1632 664 1655 sator
675 1629 786 1663 quidem
804 1630 850 1658 hic
868 1635 912 1659 est
930 1633 1004 1661 :talc

213 1674 306 1697 autem
336 1678 442 1699 semen.
467 1671 520 1705 Qui
548 1681 615 1701 vero
660 1680 835 1710 acceperant,
873 1685 928 1705 non
969 1686 1004 1706 ex

213 1716 269 1743 alio
290 1717 361 1750 noti,
377 1725 461 1752 quam
477 1719 550 1754 quod
571 1720 630 1748 haec
650 1722 783 1749 continuo
807 1724 1001 1757 produxerint.

212 1762 283 1789 Cum
310 1763 432 1798 primum
457 1772 551 1793 semen
569 1771 745 1802 acceperunt,
764 1769 884 1798 fructum
901 1772 1003 1806 produ-

211 1812 314 1835 xerunt
330 1817 337 1836 :
351 1814 379 1837 et
395 1810 530 1839 accedunt
553 1813 586 1840 ad
603 1813 777 1849 episc0pum,
810 1821 838 1843 et
852 1817 886 1844 de
907 1822 1002 1846 sancto

212 1855 383 1882 renuntiant.
400 1855 554 1892 Episcopus
574 1863 665 1886 autem
683 1859 1003 1897 Constantinopolitanus

212 1898 248 1934 (is
261 1900 492 1938 eratAnatolius),
505 1903 698 1938 thuomodo,
712 1906 816 1941 inquit,
838 1908 872 1936 de
890 1909 1002 1938 homine

210 1945 387 1981 maledicitis,
408 1951 436 1975 et
461 1949 599 1983 expellere
610 1951 803 1986 aggredimini,
819 1961 912 1988 quem,
928 1955 1000 1982 unde

209 1992 263 2025 sit,
281 1990 414 2026 nescitis,
432 2001 522 2030 neque
541 2003 666 2030 quaenam
695 1998 733 2025 sit
758 1999 818 2034 ejus
833 2000 894 2029 vitae
909 2002 998 2035 ratio;

209 2045 274 2066 cum
297 2042 393 2066 contra
408 2045 535 2074 oporteat
551 2041 662 2076 quidem
681 2050 745 2071 eum
764 2045 820 2072 illic
837 2045 940 2080 sinere,
958 2052 998 2080 ut,

208 2083 231 2110 si
245 2084 280 2111 sit
296 2084 409 2119 quidem
434 2085 535 2118 bonus,
551 2095 602 2115 nos
625 2096 736 2124 quoque
754 2089 837 2118 faciat
851 2093 1000 2128 participes

207 2130 354 2164 utilitatis;
368 2131 410 2159 sin
429 2137 521 2159 autem
537 2139 646 2168 contra,
664 2135 722 2170 ipse
731 2137 842 2171 quidem
858 2138 923 2165 hinc
937 2139 998 2174 jure

206 2177 359 2211 expelletur
371 2197 379 2210 ,
400 2185 448 2206 vos
469 2187 536 2206 vero
553 2184 581 2208 et
597 2188 648 2216 ego
665 2182 715 2209 hac
737 2182 765 2209 in
791 2191 823 2210 rc
840 2185 999 2213 vacabimus

1060 1594 1157 1617 σαντες
1173 1585 1334 1618 ἐξελαύνετε
1350 1585 1448 1613 θᾶττον
1460 1586 1552 1613 αὐτόν.
1572 1587 1626 1612 Καὶ
1637 1587 1651 1613 ὁ
1667 1588 1719 1622 μὲν
1732 1588 1852 1622 σπορεὺς

1058 1629 1146 1663 οὗτος·
1163 1632 1177 1658 ὁ
1204 1632 1232 1658 δὲ
1251 1632 1352 1667 σπόρος
1378 1633 1516 1665 τοιοῦτος·
1540 1633 1563 1659 οί
1589 1633 1733 1668 δεξάμενοι
1753 1633 1781 1660 δὲ
1799 1633 1851 1660 οὐκ

1057 1678 1202 1713 ἄλλοθενῆ
1229 1677 1276 1704 τοῦ
1303 1678 1386 1710 εὐθὺς
1408 1679 1497 1705 ταῦτα
1521 1678 1673 1714 βλαστῆσαι
1698 1679 1847 1714 γνώριμοι.

1058 1724 1136 1759 Ἀμα
1155 1724 1222 1758 γοῦν
1239 1724 1336 1751 ἔλαϐον
1359 1725 1411 1760 τὴν
1435 1725 1553 1760 σπορὰν,
1570 1725 1691 1760 ἦνεγκαν
1713 1726 1759 1752 τὸν
1779 1734 1851 1760 καρ-

1056 1768 1119 1796 πόν·
1140 1769 1188 1795 καὶ
1203 1769 1337 1804 προσίασι
1351 1769 1391 1804 τῷ
1404 1770 1558 1805 ἐπισκόπῳ,
1573 1771 1622 1796 καὶ
1635 1770 1674 1802 ὡς
1691 1771 1707 1805 ἡ
1723 1770 1803 1806 βουλὴ
1813 1770 1850 1797 τὰ

1057 1815 1127 1841 κατὰ
1153 1814 1200 1842 τὸν
1230 1815 1302 1842 ὅσιον
1329 1816 1561 1850 ἀπαγγέλλουσιν.
1589 1815 1619 1842 '0
1641 1816 1670 1843 δὲ
1698 1817 1849 1848 ἐπίσκοπος

1057 1861 1376 1893 Κωνσταντινουπόλεως
1402 1861 1574 1895 (Ἃνατόλιος
1611 1860 1674 1898 ἦν),
1700 1863 1753 1889 Καὶ
1779 1863 1848 1895 πῶς,

1056 1905 1151 1941 φησὶν,
1182 1906 1327 1941 ἄνθρωπον
1351 1907 1447 1938 κακῶς
1472 1906 1588 1940 λέγετε,
1615 1907 1662 1933 καὶ
1692 1907 1850 1939 ἐξελαύνειν

1055 1953 1223 1988 ἐπιχειρεῖτε
1237 1952 1267 1979 ὃν
1289 1951 1353 1979 οὔτε
1374 1952 1456 1979 πόθεν
1473 1953 1548 1980 ἐστὶν
1568 1954 1659 1980 οἴδατε
1677 1953 1738 1980 οὐδὲ
1757 1951 1813 1986 οἷος
1833 1953 1848 1980 ὁ

1055 1998 1152 2032 τρόπος
1178 1998 1253 2034 αὐτῷ
1278 2000 1328 2034 τῆς
1351 1998 1513 2034 διαγωγῆς;
1542 1999 1707 2026 Τούνσντίον
1727 2000 1777 2035 μὲν
1800 1998 1847 2026 οὖν

1054 2045 1113 2071 δέον
1125 2045 1173 2080 ὲᾷν
1193 2045 1276 2072 αὑτὸν
1291 2045 1428 2079 ἐνταυθοῖ,
1453 2045 1487 2072 ἵν’
1503 2046 1527 2071 εξ
1552 2045 1603 2080 μὲν
1626 2046 1729 2080 ἀγαθὸς
1748 2043 1776 2082 ᾖ,
1797 2047 1846 2074 καὶ

1055 2090 1121 2124 ἡμῖν
1138 2090 1301 2123 κοινωνήσει
1314 2089 1365 2124 τῆς
1377 2089 1527 2124 ὡφελείας·
1544 2091 1569 2117 εῑ
1582 2091 1611 2118 δὲ
1625 2093 1784 2119 τούναντίον
1797 2091 1847 2118 αὒ-

1053 2135 1099 2167 τὺς
1115 2135 1164 2170 μὲν
1180 2135 1294 2168 δικαίως
1313 2135 1440 2162 ὲντεῦοεν
1455 2136 1591 2173 ἀπελαθῇ,
1614 2137 1695 2172 ὑμεῖς
1721 2137 1750 2163 δὲ
1766 2137 1843 2171 κάγὼ

1054 2179 1130 2218 ὦμεν
1159 2183 1194 2209 τά.
1218 2191 1249 2217 γε
1276 2181 1391 2209 τοιαῦτα
1418 2183 1592 2218 ἀνέγκλητοι.
1623 2182 1716 2215 Οὕτως
1742 2185 1842 2210 ὲκεῖνοι

206 2222 434 2257 reprehensione.
444 2223 491 2252 Sic
503 2225 543 2252 illi
563 2233 577 2252 a
593 2226 692 2261 seipsis
709 2227 781 2263 capti
797 2229 854 2263 (res
871 2229 945 2257 enim
957 2235 999 2258 est

1058 2230 1164 2260 ὶλόντες
1190 2229 1236 2263 ὑφ’
1252 2229 1359 2256 ἑαυτῶν
1377 2228 1512 2262 (τοιοῦτον
1528 2231 1584 2265 γὰρ
1600 2230 1616 2265 ὴ
1636 2230 1722 2256 κακία
1733 2238 1739 2246 ·
1757 2230 1843 2265 ἑαυτῇ

204 2269 341 2304 ejusmodi
361 2269 472 2304 vitium,
490 2271 578 2305 ipsum
596 2272 708 2306 quidem
723 2273 750 2300 in
763 2275 885 2309 seipsum
903 2275 995 2308 cadit.

204 2320 232 2342 et
249 2323 262 2342 a
284 2316 367 2343 rebus
383 2316 441 2344 suis
458 2317 577 2353 capitur)
598 2326 654 2353 pra:
669 2319 774 2354 pudore
795 2321 888 2350 vultus
902 2325 996 2357 tegen-

205 2366 246 2390 tes
261 2367 406 2391 cessarunt
423 2363 458 2391 ab
471 2363 647 2399 improbitate

238 2454 298 2482 ΧΠ.
319 2455 468 2491 Postquam
498 2461 590 2485 autem
608 2465 705 2485 eorum
730 2459 843 2488 insidias
860 2461 900 2489 sic
926 2462 996 2491 vidit

203 2501 341 2536 malignus
364 2507 425 2528 esse
442 2501 547 2535 irritas,
563 2502 672 2537 longum
697 2507 770 2530 esset
793 2504 894 2538 dicere,
912 2513 993 2541 quam

204 2547 307 2574 multas
322 2547 436 2582 quidem
454 2555 550 2576 rursus
565 2548 684 2575 visiones
701 2549 841 2583 prioribus
853 2552 994 2586 graviOres

202 2593 283 2621 beato
299 2594 434 2628 intulerit,
458 2601 540 2630 quam
564 2594 665 2622 multas
692 2600 784 2623 autem
804 2597 952 2630 _molcstias
966 2602 1002 2639 et.

201 2640 373 2675 vexationes,
393 2648 468 2668 nunc
489 2640 600 2676 quidem
625 2641 714 2669 minas
735 2650 765 2670 se
778 2650 840 2670 eum
860 2643 993 2672 interem-

200 2691 325 2721 plurum,
337 2695 411 2715 nunc
423 2695 490 2715 vero
502 2687 530 2715 in
544 2688 613 2715 tnari
625 2688 843 2721 submersurum,
859 2698 932 2718 nunc
944 2699 994 2718 au—

199 2736 254 2760 tem
285 2733 390 2769 aliquid
418 2734 492 2761 aliud
520 2734 656 2762 facturum
680 2742 779 2762 eorum
806 2743 869 2770 qua:
893 2737 991 2770 nollet,

199 2777 307 2806 etiamsi
324 2779 442 2806 maxime
463 2783 492 2806 ct
510 2779 567 2813 ipse
580 2784 608 2807 et
621 2779 708 2807 malus
729 2780 790 2815 ejus
805 2780 942 2809 exercitus
957 2782 993 2811 ab

199 2823 260 2858 ipso
276 2824 334 2852 haec
345 2828 423 2853 erant
439 2825 560 2859 passuri.
573 2825 641 2852 Nam
654 2829 799 2860 postquam
811 2825 858 2854 ille
874 2834 992 2862 surgens

199 2871 300 2906 oravit,
315 2876 343 2900 et
362 2871 494 2908 audacter
510 2876 552 2901 est
567 2872 695 2908 locutus,
719 2872 814 2902 dicens
834 2882 841 2901 :
857 2874 989 2904 Dominus

1053 2274 1193 2311 πανταχοῦ
1207 2276 1381 2309 περιπίπτει,
1404 2276 1451 2302 καὶ
1470 2277 1527 2308 τοῖς
1545 2276 1659 2308 οἰκείοις
1674 2275 1842 2312 ἁλίσκεται),

1051 2321 1168 2356 αἰσχύνῃ
1183 2321 1217 2347 τὰ
1243 2321 1378 2357 πρόσωπα
1400 2321 1584 2357 καλυφθέντες
1608 2322 1657 2349 τοῦ
1675 2323 1842 2358 κακουργεῖν

1050 2368 1216 2396 ἐπαύσαντο.

1086 2460 1137 2489 ιδ’.
1158 2460 1203 2493 Ὠς
1218 2462 1245 2488 δὲ
1260 2461 1308 2489 καὶ
1319 2462 1422 2497 ταύτην
1437 2461 1519 2489 αὑτοῦ
1537 2462 1586 2498 τὴν
1605 2462 1753 2498 ὲπιῦουλὴν
1767 2463 1839 2490 οὕτω

1049 2506 1121 2535 εἶδεν
1138 2508 1311 2536 διαλυθεῖσαν
1325 2509 1339 2534 ὁ
1359 2509 1488 2544 πονηρὸς,
1504 2509 1610 2545 μακρὸν
1629 2510 1662 2536 ἃν
1686 2509 1728 2544 εἴη
1748 2509 1839 2543 λέγειν

1047 2555 1112 2586 ὅσας
1124 2555 1173 2590 μὲν
1184 2554 1266 2582 πάλιν
1277 2556 1428 2589 φαντασίας
1435 2555 1490 2582 τῶν
1504 2556 1570 2590 πρὶν
1580 2555 1735 2590 δεινοτέρας
1750 2555 1838 2590 ἐπῆγε

1046 2600 1085 2635 τῷ
1103 2601 1242 2635 μακαρίῳ,
1253 2601 1319 2633 ὅσας
1334 2601 1362 2628 δὲ
1376 2603 1425 2633 τὰς
1440 2601 1568 2637 ὀχλήσεις
1585 2601 1633 2628 νῦν
1650 2601 1699 2636 μὲν
1717 2601 1837 2628 ἀπειλῶν

1048 2646 1129 2674 αὑτὸν
1145 2645 1263 2679 ἀνελεῖν,
1280 2647 1327 2674 νῦν
1347 2647 1376 2674 δὲ
1394 2647 1618 2679 καταποντῶσαι,
1629 2647 1677 2674 νῦν
1692 2647 1720 2674 δὲ
1735 2648 1798 2674 ἄλλο
1811 2656 1838 2674 τι

1047 2694 1147 2728 δρᾶσαι
1160 2693 1215 2721 τῶν
1230 2693 1398 2729 ἀϐουλήτων,
1416 2694 1469 2721 κᾶν
1489 2694 1530 2721 ὅτι
1546 2693 1663 2729 μάλιστα
1679 2693 1767 2720 ταῦτα
1787 2702 1839 2720 πα-

1047 2739 1103 2767 Θεῖν
1128 2739 1175 2767 ὑπ’
1195 2740 1303 2768 ἐκείνου
1321 2740 1402 2772 αὐτὸς
1418 2749 1449 2767 τε
1470 2741 1517 2767 καὶ
1534 2741 1565 2767 τὸ
1586 2741 1632 2767 ὑπ’
1647 2740 1731 2767 αὑτὸν
1753 2740 1837 2775 στρά-

1045 2793 1134 2820 τευμα
1149 2787 1268 2821 πονηρόν
1291 2785 1414 2822 ἔμελλον.
1436 2786 1480 2819 Ὠς
1502 2787 1557 2822 γὰρ
1582 2787 1614 2822 δὴ
1639 2787 1766 2817 κάκεῖνος
1782 2785 1839 2812 δια-

1045 2832 1147 2864 ναστὰς
1170 2833 1344 2868 προσηύξατό
1363 2842 1393 2860 τε
1416 2833 1463 2860 καὶ
1480 2833 1657 2868 θαρρούντως
1676 2832 1837 2867 ἐφθέγξατο,

1052 2878 1309 2912 ’1ησοῦςὸΧριστὺς,
1319 2879 1508 2909 ὃνὲπίστευσά
1515 2887 1544 2906 τε
1556 2879 1604 2907 καὶ
1614 2878 1745 2912 πιστεύω,
1757 2878 1838 2910 adeo;
