2049 3151
190 164 245 198 985

733 165 824 197 VITA
840 166 868 198 S.
893 165 1076 197 DANIELlS
1094 165 1271 197 STYLITIE.

1756 166 1809 198 986

187 225 260 260 ὑμᾶς
277 224 318 256 είς
333 223 383 258 τὴν
396 223 515 252 ἄϐυσσον
530 223 750 252 καταποντώσειε
766 227 817 262 τὴν
836 227 968 262 ἐσχάτην·

1026 225 1105 253 Jesus
1131 224 1258 252 Christus
1269 244 1276 256 ,
1305 224 1332 251 in
1348 231 1429 260 quem
1444 224 1601 252 credidistis
1613 223 1652 259 (Ι)
1671 229 1699 251 et
1713 224 1807 256 credo,

188 271 286 296 ἐκεῖνοι
296 269 357 296 τότε
371 269 468 304 πικρὸν
483 269 660 303 όλολύξαντες
676 271 722 297 καὶ
739 271 836 307 γοερὸν
850 272 971 307 ἀνακρά-

188 315 300 347 ξαντες,
332 316 378 341 καὶ
410 315 449 350 τῷ
477 315 567 342 δοκεῖν
597 316 631 343 τὰ
661 317 798 352 πρόσωπα
824 317 972 349 τύπτοντες

186 361 342 396 νυκτερίσιν
356 361 548 395 ὁμοιωθέντες,
573 362 656 389 αὐτοῦ
684 353 788 389 ἐκείνου
809 364 894 390 ταῦτα
911 363 972 398 βλέ-

186 415 282 435 ποντος
297 406 344 432 τοῦ
368 406 443 433 ὁσίου
463 406 578 441 ἐξῆλοόν
594 416 636 441 τε,
658 407 706 434 καὶ
717 407 845 440 ἀπιόντες
859 409 972 444 ᾤχοντο.

191 452 221 479 '0
235 452 263 479 δὲ
279 452 413 487 μηδέποτε
424 452 472 480 τοῦ
486 453 650 488 ἐπηρεάζειν
660 454 826 489 παυόμενος,
842 455 971 489 νομίζων,

185 499 210 524 εί
223 499 333 529 πυκνῶς
347 498 433 533 αὐτῷ,
452 498 579 535 καθάπερ
594 500 623 526 ἐν
639 500 796 536 πολιορκίᾳ,
811 500 970 536 πφσὸάλοι,

184 543 234 578 ὀψὲ
247 543 313 577 γοῦν
327 544 443 578 χαλάσαι
458 545 505 572 τοῦ
524 545 660 580 μακαρίου
676 545 705 572 το
721 546 848 582 φρόνημα
859 546 972 579 δυνατὸς

184 589 273 622 ἔσται,
293 590 340 616 καὶ
352 591 399 616 ἐπὶ
415 590 510 626 τρίτην
524 591 622 625 πεῖραν
635 591 680 618 καὶ
697 592 865 626 κακουργίαν
875 593 970 628 χωρεῖ,

184 635 233 661 καὶ
258 635 321 666 τοὺς
338 628 488 671 προέέρους
509 636 584 671 αὐτῷ
601 637 773 671 συκοφάντας
790 637 906 664 ὲπισείει
924 637 972 664 καὶ

183 679 262 711 αῦῧις
277 680 346 714 μετά
357 680 404 707 τοῦ
418 680 500 707 αὐτοῦ
515 683 725 717 μηχανήματος.
735 682 767 709 Οἳ
783 683 814 718 δὴ
831 683 878 710 κα1⁸
890 692 972 718 προσ-

185 726 309 758 ελθόντες
323 726 362 762 τῷ
376 728 528 762 ὲπισκόπῳ,
546 727 642 763 ὥσπερ
664 728 714 764 ήδη
729 729 763 756 τὰ
780 729 897 764 μέγιστα
915 730 973 757 ἀδι-

183 772 325 808 κούμενοι,
346 772 502 808 κακοῦργον
517 774 563 801 τὸν
576 775 649 802 ὅσιον
666 776 767 809 είρωνά
788 785 817 802 τε
835 776 883 803 καὶ
900 777 967 804 ἀπα.

182 817 270 844 τεῶνα
286 818 412 851 ἐκάλουν,
429 819 476 845 καὶ
496 819 536 846 ὅτι
556 820 730 856 Δύσχρηστος
751 821 817 856 ἡμῖν
833 822 891 848 ἐστι
906 830 972 856 φορ-

182 864 256 896 τικός
269 873 298 891 τε
310 865 357 891 καὶ
374 865 454 900 μόνον
471 866 648 901 βλεπόμενος.
664 867 797 899 Κάκεῖνος
812 868 903 903 ἥττων
918 868 968 903 ἤδη
987 892 1007 920 Β

183 911 329 946 γενόμενος
355 912 411 938 τῶν
438 912 588 948 όχλήσεων,
610 913 723 948 πέμψας
738 914 820 946 εὐθὺς
843 915 904 948 ἄγει
924 915 970 942 τὸν

183 957 284 992 Δανιὴλ
307 957 372 992 παρ’
387 957 479 991 αὐτὸν,
499 958 545 985 καὶ
574 959 740 987 πυνθάνεται
762 961 802 992 τίς
821 969 851 987 τε
868 961 906 987 ὢν
924 962 971 988 καὶ

184 1003 267 1030 πόθεν
285 1004 332 1030 καὶ
347 1004 428 1030 τίνων
449 1004 586 1040 δεόμενος,
606 1006 652 1032 καὶ
668 1006 714 1032 ἐπὶ
729 1007 796 1033 πᾶσι
814 1007 894 1038 ποίας
917 1008 971 1041 ἄρα

183 1049 248 1083 περὶ
270 1048 301 1075 τὸ
319 1049 390 1076 Θείον
406 1049 484 1084 δόξης
504 1050 634 1086 ἐχόμενος
656 1051 762 1082 τούτοις
780 1053 837 1083 τοῖς
859 1052 970 1087 μέρεσιν

183 1095 365 1131 ἐπεδήμησεν.
387 1095 417 1123 ⁸0
433 1096 461 1122 δὲ
473 1096 519 1122 τοῦ
537 1096 667 1131 μεγίστου
684 1098 730 1124 καὶ
745 1099 854 1133 πρώτου
871 1099 919 1134 τῆς
931 1100 971 1131 εις

182 1141 300 1174 Χριστὸν
316 1141 459 1176 ὀρθοδόξου
476 1142 596 1174 πίστεως
618 1143 715 1178 πρῶτα
733 1145 872 1179 μνησθεὶς,
900 1145 971 1172 οὕτω

181 1186 214 1218 δὴ
228 1187 275 1213 καὶ
290 1187 375 1213 τᾶλλα
397 1188 516 1222 συνεῖρε,
535 1188 654 1224 πατρίδα
670 1190 717 1216 καὶ
728 1191 818 1224 γένος,
834 1192 880 1217 καὶ
894 1192 970 1223 τέλος

181 1234 222 1260 ὅτι
240 1233 299 1261 θεία
318 1233 412 1261 τοῦτον
435 1234 562 1270 ἐκίνησεν
579 1235 753 1271 ἀποκάλυψις
769 1237 799 1264 τὸ
824 1237 969 1269 Βυζάντιόν

181 1287 211 1305 τε
229 1279 293 1305 ίδείν
323 1281 369 1306 καὶ
397 1279 431 1307 τὰ
461 1281 579 1308 ἐνταῦθα
613 1283 787 1310 καταλασείν.
814 1283 907 1310 Ταῦτα
931 1284 969 1316 ὡς

181 1326 300 1361 ἥκουσεν
317 1327 331 1353 ὁ
350 1326 512 1359 ἐπίσκοπος,
531 1326 670 1363 ὑπανέστη
688 1328 735 1356 καὶ
756 1329 967 1363 περιεπτύξατο,

181 1371 229 1398 καὶ
247 1372 284 1402 ὡς
300 1371 371 1398 θεῖον
387 1372 507 1408 ἀτεχνῶς
525 1373 609 1408 ἄνδρα.
626 1374 754 1409 ἐτίμησε,
774 1375 819 1401 καὶ
836 1376 892 1406 τοῖς
908 1376 968 1402 κατ’

181 1417 264 1444 αὐτοῦ
290 1418 417 1452 λέγουσιν
444 1419 606 1454 ἐπετίμησε.
632 1421 687 1447 Καὶ
705 1420 791 1448 ταῦτα
815 1421 865 1456 μὲν
881 1422 968 1454 οὕτως

181 1465 382 1499 ὲστρατήγηται
395 1465 486 1497 καλῶς
500 1466 540 1500 τῷ
557 1467 669 1500 μεγάλῳ
680 1474 686 1481 ·
703 1467 753 1493 οὒκ
768 1465 802 1503 ἦν
816 1468 845 1494 δὲ
859 1469 968 1500 πάντως

179 1510 224 1536 τὶν
240 1510 288 1544 τὴν
299 1510 418 1545 Χριστοῦ
431 1511 570 1537 πολιτείαν
583 1512 781 1546 ὲπανελόμενον
799 1513 836 1548 μὴ
854 1514 901 1540 καὶ
919 1514 967 1550 τὴν

1024 271 1084 306 ipse
1095 278 1143 297 vos
1161 270 1187 297 in
1206 270 1331 296 ultimum
1345 270 1473 303 abyssum
1486 269 1648 298 demerserit
1664 278 1671 297 :
1690 269 1729 296 illi
1745 274 1809 296 tunc

1024 315 1122 343 acerbe
1139 315 1274 342 ululantes
1285 320 1312 342 et
1329 314 1458 342 flebiliter
1468 315 1625 348 clamantes,
1646 319 1674 342 et
1691 323 1754 342 suas
1771 315 1810 341 fa-

1024 362 1098 395 cies,
1120 365 1151 388 ut
1167 360 1332 388 videbantur
1346 381 1353 393 ,
1374 361 1524 395 pulsantes,
1542 361 1683 388 assimilati
1699 369 1810 395 vesper-

1024 407 1177 440 tilionibus,
1203 407 1249 434 illo
1262 407 1321 441 ipso
1336 406 1392 434 haec
1404 406 1574 441 adspieicnte
1589 406 1808 441 sancto,egressi

1024 457 1090 481 sunt
1103 457 1131 480 et
1144 452 1284 481 abierunt.
1300 452 1348 480 ille
1367 457 1460 480 autem
1476 460 1618 486 nunquam
1640 459 1750 479 cessans
1766 453 1809 479 in-

1020 497 1123 532 ]uriam
1149 497 1251 529 facere,
1277 497 1438 524 existimans
1456 496 1528 531 quod
1554 495 1576 523 si
1590 503 1653 523 eum
1664 503 1735 530 szepe
1747 500 1810 522 tan-

1023 551 1105 579 quam
1131 542 1159 570 in
1174 543 1250 570 urbis
1265 542 1410 570 obsidione
1426 541 1579 574 invaderet,
1601 541 1712 568 tandem
1733 545 1810 575 pote-

1024 589 1061 616 rit
1074 589 1146 616 beati
1159 588 1274 624 spiritus
1289 593 1316 616 et
1335 595 1500 623 generosum
1518 587 1641 615 animum
1652 587 1808 621 deprimere

1022 639 1053 659 ac
1068 632 1209 667 frangere,
1235 632 1342 660 accedit
1365 631 1398 658 ad
1417 632 1542 659 maleficii
1566 632 1675 659 tertiam
1709 631 1807 666 proba-

1023 678 1124 705 tionem
1136 697 1144 710 ,
1163 682 1191 705 et
1208 678 1340 705 adversus
1364 686 1427 705 eum
1450 685 1543 705 rursus
1560 682 1714 704 commovet
1731 677 1806 712 prio-

1023 730 1068 750 res
1089 723 1312 751 calumniatores.
1333 723 1385 756 Qui
1412 731 1474 751 cum
1494 724 1674 751 accessissent
1696 723 1728 750 ad
1745 724 1805 758 epi-

1022 776 1147 803 scopum,
1163 769 1275 804 perinde
1301 777 1333 797 ac
1354 770 1407 801 iam
1434 769 1560 797 maximis
1575 770 1668 798 allecti
1685 770 1806 805 injuriis,

1022 819 1148 841 sanctum
1163 815 1300 842 vocabant
1316 815 1480 848 maleficum,
1499 816 1744 851 simulatoremque
1779 820 1807 843 et

1023 860 1220 896 deeeptorem;
1262 862 1446 897 dicebantque
1490 863 1551 897 ejus
1580 862 1811 890 consuetudinem

1023 914 1083 934 esse
1099 908 1140 934 cis
1154 907 1369 940 intolerabilem,
1390 913 1420 935 ut
1446 908 1492 943 qui
1508 909 1550 936 vel
1570 909 1629 936 solo
1644 913 1755 944 aspectu
1773 908 1810 936 sit

1022 953 1156 981 molestus
1183 958 1210 981 et
1226 954 1410 990 importunus.
1443 955 1489 982 llle
1514 962 1580 982 vero
1601 956 1657 990 jam
1679 955 1769 982 victus
1794 963 1809 982 ιι

1024 1005 1063 1027 tot
1077 1000 1281 1032 vexationibus,
1296 1001 1329 1028 ad
1350 1008 1379 1028 se
1392 1001 1508 1028 accersit
1520 1001 1675 1032 Danielem,
1691 1006 1718 1028 ct
1731 1005 1810 1036 rogat

1022 1045 1148 1081 quisnam
1164 1047 1209 1079 sit,
1224 1051 1252 1074 et
1266 1047 1350 1080 unde,
1360 1052 1387 1074 et
1401 1047 1565 1082 quibusnam
1580 1047 1662 1074 rebus
1674 1055 1744 1082 opus
1757 1047 1808 1074 lia-

1021 1093 1100 1125 bens,
1124 1098 1152 1120 et
1177 1098 1335 1128 postremo,
1363 1102 1510 1129 quamuam
1539 1094 1566 1121 in
1596 1094 1681 1121 Deum
1712 1098 1809 1121 tenens

1021 1139 1193 1174 opinionem,
1211 1140 1238 1167 in
1254 1140 1302 1167 has
1319 1145 1412 1175 partes
1427 1140 1545 1167 venerit.
1569 1140 1615 1167 Ille
1632 1145 1726 1167 autem
1742 1148 1806 1167 cum

1021 1187 1092 1222 ejus,
1112 1186 1185 1222 quod
1209 1191 1251 1214 est
1269 1186 1416 1213 maximum
1445 1191 1472 1213 et
1490 1187 1620 1221 primum,
1638 1194 1738 1221 nempe
1761 1194 1809 1214 or-

1022 1233 1149 1260 thodoxa:
1170 1232 1198 1260 in
1217 1232 1361 1260 Christum
1388 1232 1461 1265 fidei,
1490 1233 1608 1267 primum
1626 1233 1809 1266 meminisset,

1021 1279 1072 1306 alia
1084 1278 1185 1306 deinde
1202 1279 1354 1311 contexuit,
1372 1279 1536 1313 patriam,e:
1550 1287 1646 1313 genus,
1661 1285 1688 1306 et
1703 1281 1784 1307 tinem
1799 1289 1808 1309 :

1020 1332 1118 1359 nempe
1132 1324 1206 1359 quod
1221 1331 1283 1351 eum
1306 1324 1398 1351 divina
1424 1325 1541 1352 moverit
1555 1325 1698 1355 revelatio.
1724 1330 1754 1352 ut
1770 1325 1811 1352 vi-

1019 1369 1098 1396 deret
1131 1369 1302 1404 Byzantium,
1327 1370 1405 1396 etin
1435 1370 1493 1397 haec
1512 1370 1570 1397 loca
1599 1370 1717 1398 veniret.
1746 1371 1809 1399 Haec

1019 1422 1083 1442 cum
1101 1415 1252 1442 audivisset
1277 1415 1436 1450 episcopus,
1449 1417 1613 1448 assurrexit,
1645 1422 1673 1443 et
1687 1424 1751 1443 eum
1766 1421 1809 1444 est

1020 1461 1185 1496 amplexus,
1206 1466 1234 1489 et
1262 1469 1324 1492 eum
1349 1466 1479 1497 tanquam
1504 1462 1595 1489 virum
1616 1470 1713 1490 revera
1737 1463 1805 1490 divi-

1020 1514 1085 1534 num
1103 1507 1255 1534 honoravit.
1272 1508 1362 1542 Atque
1382 1508 1440 1535 haec
1457 1508 1568 1543 quidem
1586 1509 1627 1537 sic
1642 1513 1716 1536 recte
1731 1514 1808 1544 gesta

180 1554 256 1586 τάξιν
270 1555 319 1589 τῆς
339 1555 479 1586 πολιτείας
499 1555 539 1586 είς
559 1555 674 1582 δυνατὸν
690 1557 809 1591 φανῆναι
829 1558 967 1593 μιμούμε-

1020 1552 1130 1579 fuerant
1145 1560 1160 1580 a
1180 1560 1277 1588 magno
1292 1554 1413 1581 Daniele.
1427 1554 1499 1581 Fieri
1514 1560 1606 1581 autem
1621 1555 1737 1582 omnino
1752 1563 1809 1582 non

179 1608 234 1628 νον.
253 1601 359 1636 Ὠσπερ
372 1598 418 1627 οὖν
429 1601 442 1626 ὀ
457 1600 553 1627 τούτου
565 1602 707 1637 Δεσπότης
727 1603 798 1637 μετὰ
810 1604 856 1629 τὸν
872 1613 969 1639 πειρα-

180 1646 250 1680 σμόν
265 1646 390 1681 φαίνεται
402 1646 458 1672 τῶν
472 1647 594 1682 σημείων
610 1647 772 1682 ἀρχόμενος,
788 1647 859 1674 οὕτω
876 1648 907 1683 δὴ
924 1649 970 1676 καὶ

179 1689 268 1726 οὗτος,
292 1693 362 1728 πλὴν
387 1693 449 1720 ὅσον
477 1693 524 1719 καὶ
560 1692 655 1719 τοῦτον
690 1693 795 1720 ἐκείνου
832 1694 970 1728 κινοῦντος

179 1741 226 1767 καὶ
253 1740 349 1767 τούτου
364 1741 397 1776 τῇ
426 1739 532 1767 ἐκείνου
561 1739 676 1776 δυνάμει
712 1739 911 1777 κατορθοῦντος
935 1741 970 1768 τὰ

180 1787 318 1823 θαύματα.

216 1879 266 1906 ll".
295 1878 412 1914 Ἡμέραι
439 1878 578 1914 παρῆλθον
605 1878 665 1913 οὐχὶ
686 1879 794 1913 συχναὶ,
821 1879 867 1905 καὶ
891 1879 969 1911 νόσος

179 1925 344 1960 ἐπισκήπτει
363 1923 403 1959 τῷ
424 1925 584 1960 πατριάρχῃ
599 1923 683 1959 δεινὴ1
703 1924 720 1960 ἢ
740 1925 786 1951 καὶ
805 1924 898 1959 ἱκέτην
918 1925 969 1951 αὺ-

178 1971 224 1998 τὶν
240 1971 367 2005 γενέσθαι
395 1969 441 1996 τοῦ
466 1970 540 1996 ὁσίου
568 1971 650 2002 ποιεί,
675 1970 723 1997 καὶ
753 1971 968 2005 μεταστέλλεται

178 2016 272 2043 τοῦτον
289 2016 382 2048 εὐθὺς,
402 2016 448 2041 καὶ
471 2015 542 2050 ὑπὲρ
557 2015 641 2041 αὐτοῦ
659 2015 884 2050 δεηθῆναιδεῖται
900 2016 968 2051 Χρι-

179 2062 241 2088 στὸν
265 2061 398 2096 βοηθῆσαι
415 2061 558 2096 κάμνοντι.
581 2060 635 2086 Τοῦ
655 2060 683 2086 δὲ
708 2061 743 2087 τὰ
759 2060 860 2094 γόνατα
886 2062 968 2096 μόνον

177 2108 219 2139 εἰς
236 2107 320 2143 ερχὴν
337 2106 477 2138 κλίναντος
495 2106 585 2141 παρῆν
603 2107 721 2142 ἐπήκοος
732 2107 746 2133 ό
762 2107 878 2141 Χριστὸς
896 2107 966 2142 φθά-

176 2162 230 2180 νων
246 2153 345 2188 μικροῦ
363 2153 407 2179 καὶ
422 2152 471 2188 τὴν
491 2153 599 2187 αἴτησιν
611 2160 619 2168 ·
641 2153 688 2179 καὶ
710 2153 726 2188 ἡ
741 2153 819 2185 νόσος
833 2154 907 2189 ῥᾴων
921 2151 965 2188 ἦν,

177 2200 225 2227 καὶ
240 2200 254 2226 ό
272 2199 415 2234 ἀρχιερεὺς
430 2199 550 2233 ἀπαθής.
563 2198 618 2225 Καὶ.
629 2197 700 2225 οὕτω
719 2199 768 2234 μὲν
784 2199 819 2226 τὰ
837 2199 884 2226 τοῦ
903 2200 967 2227 θαύ-

179 2253 281 2281 ματος·
298 2245 327 2271 οὑ
347 2245 446 2279 μᾶλλον
472 2245 500 2271 δὲ
525 2245 557 2271 ἂν
577 2253 619 2276 τις
645 2244 726 2271 αὑτὸν
745 2245 897 2282 ἐκπλαγείη
914 2247 965 2281 τῆς

178 2291 328 2328 θεραπείας
345 2291 362 2325 ἦ
384 2292 433 2326 τῆς
447 2290 492 2317 ἐπὶ
509 2292 541 2325 τῇ
560 2290 694 2326 θεραπείᾳ
705 2292 900 2326 χρηστότητος.
915 2293 964 2325 Ὠς

177 2337 231 2372 γὰρ
252 2337 345 2364 ἰάσατο
359 2335 465 2368 τοῦτον,
488 2335 548 2370 ᾔτει
570 2335 666 2370 μισθὸν
689 2335 739 2370 τῆς
763 2336 875 2367 ἰάσεως·
896 2337 910 2363 ὸ
935 2337 964 2363 δὲ

176 2381 209 2418 ἦν
229 2382 362 2417 ἀφεθῆναι
388 2383 445 2413 τοῖς
471 2381 664 2415 διαϐεϐληκόσι
691 2381 721 2407 τὸ
746 2381 869 2417 ὄφλημα.
891 2383 921 2410 '0
935 2383 964 2410 δὲ

176 2429 322 2464 ἀρχιερεὺς
345 2428 470 2463 ἀσμένως
494 2436 524 2454 τε
545 2428 613 2461 πρὸς
638 2428 687 2463 τήν
705 2429 814 2464 αἴτησιν
844 2430 963 2466 διετέθη,

177 2475 234 2508 καὶ,
254 2475 316 2506 Πῶς
331 2474 384 2508 γὰρ
401 2473 437 2507 μὴ
451 2474 559 2507 ἀφήσω,
575 2474 638 2509 ἔφη,
654 2471 694 2506 οἷς
713 2475 814 2510 μικροῦ
835 2475 895 2502 δέον
916 2478 966 2504 καὶ

175 2522 257 2556 χάριν
274 2519 415 2555 ὁμολογεῖν
432 2520 473 2546 ὅτι
492 2519 521 2545 σὲ
540 2520 585 2546 τὸν
610 2521 676 2555 ἐμὸν
692 2522 803 2556 σωτῆρα
827 2524 964 2559 παρέσχον

178 2568 254 2600 ἰδεῖν,
270 2565 399 2600 καὶπρὸς
418 2566 492 2600 ἡμᾶς
511 2566 639 2600 φοιτῆσαι
668 2567 838 2602 κατέστησαν
864 2570 963 2604 afuat;

182 2613 260 2640 Ἐπεὶ
282 2612 310 2638 δὲ
328 2611 397 2646 πρὸς
416 2611 498 2638 αὑτὸν
526 2612 574 2638 καὶ
592 2614 775 2648 μοναστηρίου
801 2615 848 2641 καὶ
871 2615 965 2651 δώρων

176 2659 223 2683 καὶ
235 2656 282 2682 τοῦ
299 2656 418 2682 συνεῖναι
435 2654 522 2690 τούτῳ
543 2655 690 2687 διαπαντὸς
713 2658 864 2694 ἐμέμνητο,
879 2661 913 2686 Εῐ
930 2671 964 2696 με

176 2702 272 2734 θέλεις,
289 2702 371 2736 φησὶν
383 2701 396 2727 ό
412 2701 552 2736 μέγας,τὰ
565 2702 679 2736 μέγιστα
694 2702 868 2739 θεραπεύειν,
884 2706 915 2733 ἔα
931 2708 965 2734 τά

174 2747 213 2783 τῷ
241 2748 299 2783 Θεῷ
328 2748 375 2774 καὶ
399 2748 462 2782 ἐμοὶ
486 2747 616 2774 δοκοῦντα
643 2751 741 2777 ποιεῖν.
761 2750 815 2776 Καὶ
839 2751 910 2777 οὕτω
931 2752 963 2788 δὴ

176 2795 243 2830 πρὸς
256 2795 303 2822 τὸν
317 2794 380 2821 ναὸν
395 2793 444 2821 σὺν
458 2793 543 2829 πολλῇ
567 2794 614 2821 καὶ
629 2794 743 2831 λαμπρᾷ
757 2798 790 2832 τῇ
811 2797 964 2834 δορυφορίᾳ.

1021 1603 1130 1633 poterat
1145 1618 1151 1630 ,
1173 1599 1262 1634 utqui
1285 1599 1385 1627 Christi
1416 1600 1478 1628 vitae
1500 1601 1656 1628 institutum
1679 1609 1810 1637 suscepe-

1021 1650 1074 1678 rat,
1105 1653 1159 1672 non
1180 1645 1262 1673 etiam
1286 1646 1345 1681 ejus
1373 1647 1436 1674 vita:
1467 1648 1578 1682 agenda:
1611 1648 1737 1676 ordinem
1758 1656 1810 1684 pro

1020 1690 1128 1719 viribus
1142 1691 1286 1719 videretur
1306 1692 1417 1720 imitari.
1435 1692 1580 1726 Quomodo
1595 1701 1660 1728 ergo
1681 1694 1741 1730 ejus
1758 1694 1810 1722 Do-

1021 1737 1112 1765 minus
1125 1745 1187 1765 cum
1216 1738 1415 1766 mutationibus
1434 1739 1510 1773 signa
1525 1739 1634 1767 videtur
1651 1739 1808 1773 inchoasse,

1021 1784 1058 1811 ita
1075 1784 1118 1811 hic
1136 1792 1256 1819 quoque,
1267 1785 1319 1812 nisi
1331 1790 1468 1819 quatenus
1481 1785 1526 1812 ille
1538 1786 1611 1814 hunc
1627 1787 1766 1820 movebat,
1781 1791 1810 1815 et

1020 1829 1067 1856 hic
1081 1829 1155 1856 illius
1170 1830 1273 1857 virtute
1292 1830 1409 1858 faciebat
1422 1832 1565 1858 miracula.

1056 1875 1127 1903 Xlll.
1152 1876 1212 1903 Non
1233 1877 1311 1903 multi
1329 1877 1388 1904 dies
1401 1878 1604 1912 praeterierunt,
1617 1884 1645 1906 et
1659 1879 1808 1908 vehemens

1020 1922 1134 1949 morbus
1150 1923 1263 1952 invadit}
1275 1924 1459 1958 patriarcham
1477 1933 1483 1951 :
1506 1925 1552 1959 qui
1568 1925 1651 1951 etiam
1666 1925 1758 1956 eilicit,
1779 1929 1808 1952 ut

1020 1968 1043 1996 is
1059 1967 1138 1997 ﬁeret
1161 1974 1258 1998 sancto
1284 1971 1411 2004 supplex,
1424 1975 1530 1998 etcum
1558 1971 1692 1998 continuo
1712 1979 1807 1999 accer-

1019 2019 1104 2047 seret,
1126 2019 1155 2042 ut
1176 2023 1228 2050 pro
1240 2016 1299 2050 ipso
1316 2016 1458 2044 Christum
1477 2022 1606 2051 rogaret,
1620 2021 1651 2044 ut
1670 2018 1806 2046 laboranti

1019 2067 1100 2094 opem
1121 2059 1217 2088 ferret.
1248 2060 1317 2088 Cum
1336 2061 1358 2088 is
1379 2066 1472 2089 autem
1495 2062 1584 2089 solum
1605 2070 1693 2097 genua
1716 2063 1809 2091 ﬂexis-

1018 2109 1060 2133 set
1077 2106 1111 2133 ad
1129 2106 1294 2140 orationem,
1312 2107 1400 2135 adfuit
1415 2107 1541 2135 Christus
1563 2109 1715 2136 exaudiens
1741 2118 1806 2145 pro-

1019 2152 1168 2186 pemodum
1192 2146 1370 2181 antevertens
1398 2154 1560 2182 petitionem
1580 2164 1587 2182 :
1610 2156 1806 2190 convaluitque

1018 2203 1047 2226 et
1070 2206 1155 2227 sanus
1167 2199 1254 2227 evasit
1274 2202 1441 2236 patriarcha.
1453 2202 1487 2228 Et
1499 2202 1540 2229 sic
1554 2202 1665 2237 quidem
1683 2203 1806 2233 miracu:

1017 2243 1097 2277 lum;
1117 2252 1172 2271 non
1193 2245 1278 2280 magis
1303 2251 1395 2273 autem
1415 2247 1464 2274 'est
1487 2247 1665 2276 admirandus
1691 2253 1806 2284 propter

1018 2291 1200 2322 curationem,
1218 2299 1299 2326 quam
1317 2297 1431 2327 propter
1456 2293 1653 2328 benignitatem
1684 2294 1711 2321 in
1727 2303 1806 2322 eura~

1018 2337 1104 2366 tione.
1133 2338 1202 2366 Nam
1224 2344 1369 2374 postquam
1396 2348 1459 2367 eum
1485 2342 1602 2374 sanavit,
1633 2343 1713 2376 petiit
1736 2351 1807 2370 mcr-

1018 2385 1113 2412 cedem
1126 2386 1278 2413 sanationis
1295 2395 1302 2419 ;
1325 2394 1357 2413 ea
1371 2395 1437 2414 vero
1450 2392 1520 2419 erat,
1541 2392 1570 2414 ut
1583 2387 1618 2415 iis
1633 2388 1679 2423 qui
1703 2389 1808 2416 calum-

1018 2432 1086 2459 niali
1117 2431 1247 2464 fuerant,
1286 2433 1478 2461 remitteretur
1509 2433 1644 2461 debitum.
1679 2435 1806 2462 Pontifex

1018 2486 1110 2505 autem
1128 2480 1152 2506 ei
1171 2478 1291 2506 libenter
1312 2479 1450 2507 concessit
1468 2480 1640 2514 petitionem,
1659 2485 1687 2508 et
1705 2489 1712 2508 :
1733 2481 1808 2514 Quo-

1019 2524 1099 2551 modo
1114 2524 1198 2555 enim,
1224 2524 1324 2559 inquit,
1341 2532 1396 2551 non
1415 2525 1566 2558 remittam,
1590 2526 1692 2561 quibus
1708 2534 1805 2561 parum

1017 2570 1097 2597 abest
1124 2570 1190 2604 quin
1210 2571 1293 2597 etiam
1320 2577 1396 2605 agam
1420 2572 1534 2605 gratias,
1552 2571 1625 2606 quod
1650 2571 1804 2604 ellecerint,

1019 2620 1050 2643 ut
1071 2621 1096 2643 te
1114 2616 1238 2643 viderem
1253 2635 1261 2648 ,
1278 2617 1324 2650 qui
1343 2617 1410 2644 mihi
1425 2617 1525 2644 dedisti
1552 2618 1679 2651 salutem,
1705 2622 1733 2645 et
1748 2618 1808 2645 fue-

1019 2666 1085 2689 runt
1111 2670 1204 2694 causa,
1221 2666 1252 2690 ut
1277 2666 1306 2689 tu
1321 2661 1354 2689 ad
1386 2670 1438 2690 nos
1458 2663 1594 2690 venires?
1622 2663 1690 2691 Cum
1711 2669 1804 2691 autem

1018 2707 1090 2741 apud
1112 2715 1176 2734 eum
1192 2712 1219 2734 et
1244 2707 1415 2740 monasterii,
1439 2712 1467 2736 et
1489 2707 1636 2741 donorum,
1655 2715 1684 2736 et
1702 2714 1806 2736 utcum

1017 2762 1050 2782 eo
1069 2758 1217 2789 perpertuo
1236 2757 1326 2786 esset,
1349 2754 1520 2781 meminisset
1539 2764 1545 2781 :
1564 2755 1592 2782 Si
1617 2755 1658 2782 vis
1679 2763 1732 2788 me,
1763 2755 1807 2782 in-

1017 2801 1078 2836 quit
1094 2801 1138 2828 ille
1155 2807 1280 2835 magnus,
1296 2807 1393 2835 magno
1420 2799 1512 2828 studio
1527 2802 1667 2836 prosequi,
1687 2801 1746 2829 sine
1761 2809 1805 2828 mc

212 2866 255 2905 (t)_
271 2864 393 2900 Credidi,
422 2864 572 2901 legendum
600 2864 720 2901 videtur,
744 2870 792 2894 aut
818 2867 1038 2904 intelligendum,
1063 2875 1093 2898 ut
1131 2870 1250 2900 Jacohus
1272 2871 1333 2899 ait:
1363 2869 1501 2899 Dwmones
1541 2871 1661 2906 credunt,
1692 2876 1717 2900 ει
1742 2874 1805 2899 'con-

177 2900 343 2929 tremiscunt.
