2049 3151
215 731 217 734 ‘
256 724 312 752 duo
339 725 467 753 astabant
495 726 710 758 adolescentes;

256 170 310 202 987

835 169 1018 200 ADDENDA
1025 193 1032 200 .
1048 183 1082 188 —
1099 170 1304 201 DECEMBER

1833 169 1886 203 988

256 230 288 251 ea
307 223 409 256 facere,
436 231 497 258 qua:
515 222 570 251 Deo
597 228 625 252 et
649 223 716 251 mihi
741 223 880 252 videntur.
903 225 936 251 Et
957 224 996 252 sie
1009 223 1042 251 ad

1097 225 1319 260 παραπεμφθεὶς,
1339 223 1388 252 καὶ
1413 223 1493 250 πάλιν
1516 223 1550 250 τὰ
1573 223 1642 250 αὐτὰ
1666 223 1723 255 τοῖς
1740 224 1885 257 προτέροις

258 269 390 304 templum
423 269 523 297 missus
553 277 617 297 cum
649 277 747 305 magno
779 274 807 298 et
837 271 969 305 praeclaro
998 278 1045 298 eo-

258 314 369 346 mitatu,
385 322 447 342 cum
464 315 560 343 eadem
587 315 697 342 fecisset
721 323 781 349 qua:
793 315 880 350 prius,
897 320 925 342 et
939 315 1043 342 aditum

255 359 448 393 obstruxisset,
469 367 517 395 per
534 368 648 395 parvum
677 360 815 394 quoddam
837 360 961 388 foramen
989 361 1045 388 col-

254 405 420 439 loquebatur
428 413 492 432 cum
508 405 542 433 iis
557 407 604 440 qui
618 406 796 434 accedebant.
813 406 916 433 Novem
933 406 1043 434 interim

255 451 320 477 anni
335 451 535 485 praeterieram,
564 456 591 479 et
611 459 674 479 eum
697 451 730 478 ad
753 452 836 479 vitam
853 452 1044 487 perfectiorem

256 503 359 524 vocans
382 497 558 524 Providentia
582 501 675 531 aperte
704 498 826 525 ostendit
849 497 953 525 futura.
976 497 1044 525 Cum

255 541 330 569 enim
346 542 443 570 fuisset
458 543 485 569 in
511 543 622 575 exstasi,
639 543 713 570 videt
740 543 895 571 columnam
911 543 1002 575 nubis,
1018 547 1045 570 et

256 595 290 614 ea
313 587 461 614 admodum
484 588 601 615 sublime
617 593 674 615 erat
704 589 823 619 sublata.
842 593 868 616 et
881 596 915 616 ex
930 589 1044 616 adverso

256 633 317 667 ejus
333 633 470 667 pendebat
484 633 510 660 in
528 641 609 666 aere;
626 639 654 661 et
674 634 844 662 admirabilis
864 635 974 662 Simeon
990 639 1045 662 sta-

217 714 220 717 _
255 678 305 705 bat
324 686 408 712 super
432 684 515 713 caput
542 680 688 707 columna.
713 680 799 708 Simul
822 685 914 708 autem
935 688 997 707 eum
1011 686 1045 706 eo

748 731 863 761 eratque
889 726 930 755 eis
961 726 1045 753 vestis

256 770 330 798 clara
345 775 373 797 et
388 771 536 807 refulgens.
553 772 674 807 Desuper
696 780 760 800 vero
790 780 823 799 ex
836 772 925 807 capite
941 772 1046 799 colum-

256 824 298 844 ηπ
325 817 402 844 audit
418 825 512 845 vocem
535 819 671 846 dicentem
689 827 695 845 :
720 818 778 846 l-luc
796 819 829 846 ad
855 826 897 846 me
914 818 1045 851 ascende,

257 862 362 890 Daniel.
388 863 456 891 Cum
471 864 495 891 is
521 868 614 891 autem
629 865 826 899 respondisset,
857 865 890 892 Et
906 865 1045 899 quomodo

257 913 354 942 potero
366 916 427 943 ego,
442 909 564 942 domine,
580 910 608 937 in
621 914 724 937 tantam
745 910 839 937 extolli
852 910 1044 938 altitudinem?
1061 900 1081 927 Β

257 954 338 989 jussit
355 955 468 983 Simeon
498 956 532 983 iis
549 955 595 990 qui
611 964 673 983 cum
692 957 751 991 ipso
768 961 865 988 erant,
882 957 1044 984 adolescen-

258 998 343 1031 tibus.
358 1004 388 1026 ut
405 999 618 1032 descenderent,
635 1005 660 1027 et
679 1006 849 1036 assumptum
863 1001 895 1028 ad
912 1009 942 1028 se
956 1001 1045 1029 dedu-

259 1051 365 1073 cerent.
383 1046 434 1079 Qui
459 1054 521 1073 cum
549 1047 682 1081 imperata
698 1046 838 1080 fecissent,
865 1055 928 1075 eunt
946 1049 1046 1075 tollunt

257 1095 286 1118 et
301 1099 386 1127 prope
403 1093 494 1127 ipsum
509 1097 652 1120 statuunt.
680 1093 729 1120 lllc
753 1097 842 1121 autem
867 1101 931 1121 eum
953 1095 1044 1121 statim

255 1139 410 1174 amplexus,
428 1140 511 1168 simul
532 1141 559 1167 in
573 1141 673 1169 caelum
684 1149 747 1169 cum
764 1141 885 1173 tollebat,
902 1145 930 1167 et
947 1148 1046 1175 magna

255 1192 323 1212 voce
337 1186 472 1214 clamabat
488 1195 494 1213 :
515 1187 581 1213 Esto
596 1187 686 1219 fortis,
714 1186 808 1214 Daniel
824 1194 832 1219 ;
863 1191 887 1212 te
901 1190 1043 1213 strenuum

255 1238 287 1258 ac
305 1232 447 1260 robustum
475 1233 573 1268 praebe,
597 1238 626 1261 ct
645 1239 685 1260 sta
709 1233 823 1267 pulchre
847 1240 880 1259 ac
899 1239 1043 1266 generose.

255 1275 403 1312 Postquam
415 1286 480 1305 vero
495 1286 548 1305 vox
564 1278 713 1305 admodum
726 1279 799 1305 clara
817 1285 881 1305 eum
893 1277 1044 1304 circumso-

255 1323 424 1358 nabat(visa
440 1329 481 1352 est
496 1326 569 1352 enim
587 1325 732 1358 terribilis,
746 1330 775 1353 et
790 1325 904 1352 tonitrui
925 1324 1048 1359 similis),

255 1378 288 1398 ex
304 1379 400 1398 somno
421 1371 624 1406 quodammodo
638 1371 672 1398 ad
696 1379 726 1399 se
748 1370 843 1398 rediit.

292 1416 361 1444 XIV.
383 1416 440 1443 Hoc
460 1417 584 1444 futurum
608 1418 668 1452 ejus
678 1417 919 1447 viminstitutum.
936 1417 1045 1445 Simeo-

255 1463 300 1490 nis
314 1462 441 1490 instituto
457 1462 636 1493 conveniens.
652 1462 730 1498 prius
745 1463 919 1497 significavit,
935 1462 1044 1498 etquod

255 1509 402 1543 oportebat
418 1516 482 1536 eum
497 1514 525 1536 et
542 1509 695 1536 columnam
707 1509 868 1541 ascendere,
885 1514 913 1536 et
929 1510 1045 1536 transire

254 1555 290 1583 ad
310 1555 412 1587 locum,
439 1554 566 1582 columna
591 1555 671 1589 longe
694 1555 885 1583 excelsiorem.
917 1555 963 1583 Sic
980 1563 1043 1583 sen-

256 1602 341 1629 tentia
355 1606 382 1628 et
393 1601 535 1629 voluntate
547 1601 761 1636 Omnipotentis,
781 1602 816 1629 ab
826 1609 859 1629 eo
872 1602 969 1630 effecta
981 1606 1046 1629 sunt

255 1649 360 1682 omnia,
371 1652 399 1676 et
414 1648 446 1675 ad
466 1655 529 1675 eum
544 1647 624 1682 paulo
640 1653 702 1682 post
716 1648 798 1675 missa
813 1651 853 1675 est
869 1647 949 1682 pellis
963 1647 1045 1674 ovilla

255 1695 290 1722 ab
306 1696 375 1727 Elia,
394 1694 426 1721 ad
439 1702 514 1726 eum,
532 1694 654 1728 inquam,
677 1693 723 1728 qui
741 1693 864 1720 moribus
877 1698 937 1720 erat
950 1693 1046 1720 Elisteo

256 1741 365 1769 similis.
382 1741 427 1767 Sic
445 1744 537 1767 autem
555 1740 637 1766 missa
656 1744 708 1766 est.
725 1739 748 1766 A
762 1739 890 1766 Simeone
906 1739 939 1766 ad
958 1740 1046 1773 impe-

257 1791 377 1814 ratorem
396 1785 435 1821 (‘2)
452 1785 551 1812 missus
566 1785 678 1819 quidem
707 1789 767 1811 erat
783 1784 896 1819 Sergius
907 1804 914 1816 ,
929 1785 988 1819 ejus
1003 1784 1046 1812 di-

257 1831 391 1865 scipulus,
417 1831 451 1858 ad
472 1838 534 1857 eum
564 1829 694 1857 deferens
715 1829 831 1861 donum,
852 1830 944 1857 omnia
975 1830 1046 1857 mala

257 1876 410 1911 depellens,
423 1883 523 1910 nempe
547 1879 655 1910 tegmen
667 1874 740 1909 quod
759 1874 878 1902 habebat
893 1875 920 1901 in
936 1875 1025 1910 capite
1038 1883 1045 1908 ;

258 1923 348 1951 solent
366 1926 460 1949 autem
476 1921 503 1948 id
520 1928 618 1948 vocare
644 1921 792 1948 cucullum.
809 1921 878 1948 Cum
894 1926 986 1948 autem
998 1921 1048 1948 im-

257 1973 368 2004 perator
383 1968 498 1995 haberet
509 1967 631 1994 animum
650 1967 712 1994 aliis
728 1967 876 2000 intentum,
892 1971 920 1994 et
934 1971 1007 1995 esset
1019 1967 1047 1994 in

257 2014 333 2042 curis
354 2013 473 2047 publicis
499 2018 669 2048 occupatus,
689 2012 744 2040 Deo
761 2012 819 2039 lucc
838 2012 930 2039 omnia
958 2012 1049 2047 provi-

257 2059 340 2088 dente
356 2065 383 2088 et
398 2059 586 2094 dispensante,
602 2059 658 2092 hie,
674 2066 757 2093 quem
773 2058 895 2086 diximus
907 2079 914 2091 ,
935 2058 1047 2094 Sergius

259 2105 356 2134 statuit
370 2104 498 2140 navigare
514 2108 541 2132 ct
568 2103 658 2131 redire
675 2111 683 2136 ;
699 2108 728 2130 et
752 2103 937 2130 contendebat
951 2110 1048 2137 perve-

259 2152 320 2178 nire
339 2150 374 2179 ad
404 2150 622 2182 monasterium,
641 2149 714 2184 quod
733 2149 875 2175 nominant
892 2149 1048 2176 Acmmeto-

1095 272 1225 306 ποιήσας.
1238 271 1286 297 καὶ
1296 270 1448 305 διαφράξας
1457 270 1506 304 τὴν
1520 269 1626 296 εἴσοδον
1636 269 1682 296 διά.
1697 277 1771 301 τινος
1785 271 1885 304 μικρᾶς

1095 318 1164 351 ὀπῆς
1194 317 1292 352 ὡμίλει
1320 318 1378 348 τοϊς
1405 316 1574 351 προσιοῦσιν.
1597 315 1695 342 Ἐννέα
1722 315 1757 341 τὰ
1783 315 1885 349 μεταξὺ

1096 363 1203 397 διῆλθον
1217 362 1275 397 ἐτη,
1287 362 1334 388 καὶ
1345 361 1392 388 ἐπὶ
1405 362 1456 396 τὴν
1467 360 1635 396 τελεωτέραν
1649 361 1732 387 αὐτὸν
1746 361 1885 388 πολιτείαν

1095 408 1111 443 ἡ
1128 408 1240 443 πρόνοια
1253 407 1374 434 καλοῦσα
1389 407 1514 442 φανερῶς
1528 407 1563 433 τὰ
1580 406 1711 441 μέλλοντα
1723 406 1884 441 προεδήλου·

1095 455 1147 490 ὁρᾷ
1167 454 1220 489 γὰρ
1247 455 1277 480 ἐν
1306 453 1435 480 ἐκστάσει
1461 453 1610 488 γενόμενος
1636 452 1733 479 στῦλον
1759 453 1885 488 νεφέλης,

1095 501 1142 527 καὶ
1166 498 1241 532 οὗτος
1256 498 1323 535 ὑψοῦ
1342 499 1404 527 λίαν
1421 500 1535 535 ἐπῆρτο,
1551 500 1599 526 καὶ
1616 499 1785 534 καταντικρῦ
1802 499 1886 526 αὐτοῦ

1094 546 1246 582 ἀπῃώρητο
1258 553 1265 560 ·
1276 547 1323 573 καὶ
1337 547 1349 572 ό
1371 545 1529 581 Θαυμαστὸς
1545 544 1659 580 Συμεὼν
1675 545 1746 580 ὑπὲρ
1765 545 1886 580 κεφαλῆς

1095 591 1142 618 τοῦ
1161 592 1258 618 στύλου
1275 592 1418 625 ἐφίστατο.
1446 592 1497 618 Δύο
1516 591 1545 618 δὲ
1569 591 1644 626 αὐτῷ
1660 591 1886 626 συμπαρίσταντο

1095 638 1242 664 νεανίσκοι-⁸
1260 638 1307 664 καὶ
1335 639 1352 673 ἡ
1379 637 1462 672 ἐσθὴς
1478 638 1570 669 αὐτοῖς
1585 637 1703 671 λαμπρὰ
1719 637 1767 663 καὶ
1783 637 1885 670 ἀστρὰ-

1096 690 1211 709 πτουσα.
1231 683 1351 709 Ἀνωθεν
1362 682 1410 710 οὖν
1431 683 1485 709 ἀπὸ
1507 683 1557 717 τῆς
1574 682 1622 709 τοῦ
1644 681 1740 709 στύλου
1764 682 1886 717 κεφαλῆς

1095 727 1191 754 ἀκούει
1216 729 1319 763 φωνῆς,
1337 729 1424 763 Δεῦρο
1445 728 1513 764 πρός
1540 737 1584 763 με,
1609 728 1755 763 λεγούσης,
1773 728 1885 762 Δανιὴλ,

1096 774 1202 802 ἄνελθε.
1218 774 1272 801 Τοῦ
1288 774 1326 806 δὲ,
1343 776 1398 802 Καὶ
1414 775 1472 806 πῶς
1495 774 1561 808 ὲγὼ,
1576 775 1666 810 κύριε,
1678 774 1746 810 πρὸς
1761 773 1886 800 τοσοῦτον

1096 819 1162 854 ὕψος
1184 820 1301 855 ἀρθῆναι
1316 820 1488 855 δυνήσομαις
1519 820 1742 856 ἀποκριναμένου
1754 840 1761 850 ,
1781 820 1887 853 ἐπιτρέ-

1096 866 1146 901 ψαι
1169 868 1226 897 τοῖς
1262 867 1388 893 συνοῦσιν
1419 866 1493 902 αὐτῷ
1518 867 1671 897 νεανίσκοις
1701 867 1748 893 τδν
1775 865 1886 900 Συμεὼν

1096 911 1246 945 κατελθεῖν,
1264 912 1313 938 καὶ¹
1326 913 1511 943 ἀναλασόντας
1524 913 1591 947 πρὸς
1605 912 1686 939 αὑτὸν
1710 912 1826 946 ἀγαγεῖν
1839 920 1846 927 ’
1862 911 1885 937 οἳ

1097 958 1145 985 καὶ
1159 958 1439 993 κατακεκελευσμένα
1456 958 1650 992 πεποιηκότες,
1669 957 1780 993 αίρουσί
1794 966 1824 983 τε
1839 957 1886 983 καὶ

1098 1002 1193 1029 ίστῶσι
1208 1003 1322 1038 πλησίον
1341 1004 1436 1030 αὑτοῦ.
1454 1005 1586 1034 Κάκεῖνος
1604 1003 1686 1034 εὐθὺς
1701 1002 1794 1029 τοῦτον
1809 1010 1887 1036 περι-

1098 1049 1266 1083 πτυξάμενος
1279 1049 1330 1081 είς,
1351 1048 1465 1084 οὐρανὸν
1482 1049 1640 1083 ἀνεφέρετο,
1661 1049 1710 1075 καὶ
1731 1049 1791 1083 ἅμα
1817 1049 1886 1083 μέγα

1096 1092 1207 1128 ἐφώνει,
1229 1093 1380 1128 Ἀνδρίζου,
1399 1094 1510 1129 Δανιὴλ,
1533 1094 1620 1129 ἴσχυε,
1644 1094 1692 1121 καὶ
1719 1094 1798 1129 στῆθι
1824 1102 1886 1128 γεν-

1099 1139 1192 1171 ναίως.
1218 1139 1271 1166 Καὶ
1294 1140 1388 1174 ἐπειδὴ
1410 1140 1482 1167 πάνυ
1507 1140 1633 1175 λαμπρδν
1661 1141 1829 1175 περιήχησεν
1870 1141 1886 1174 ἡ

1101 1186 1190 1221 φωνὴ,
1207 1186 1310 1222 φοϐερὰ
1330 1186 1384 1222 γὰρ
1405 1186 1486 1222 ἐῲκει
1511 1183 1583 1213 εἶναι
1606 1187 1653 1212 καὶ
1673 1186 1753 1220 ὁμοία
1777 1186 1886 1220 βροντῇ,

1098 1234 1111 1259 ό
1125 1233 1224 1268 Δανιὴλ
1246 1233 1362 1267 πληγεὶς
1379 1232 1428 1268 τὴν
1447 1233 1533 1267 ἀκοὴν
1561 1241 1608 1259 και
1632 1231 1833 1267 συνταραχθεὶς
1856 1231 1885 1264 ἐξ

1098 1277 1246 1313 ὀνειράτων
1259 1278 1356 1314 ὥσπερ
1370 1279 1518 1313 ἀνήνεγκε.

1070 1324 1163 1353 Daniel
1181 1327 1225 1354 cui
1251 1333 1388 1362 percussa:
1428 1329 1456 1354 et
1478 1325 1651 1353 conturbata:
1677 1329 1757 1353 erant
1797 1331 1889 1358 aures,

1136 1416 1185 1444 lA'.
1198 1416 1283 1443 Τοῦτο
1302 1417 1352 1452 τὴν
1372 1417 1524 1452 μέλλουσαν
1539 1416 1615 1452 αὗτῷ
1632 1417 1702 1444 κατὰ
1716 1416 1761 1443 τὸν
1775 1417 1890 1451 Συμεὼν

1101 1462 1242 1490 πολιτείαν
1262 1463 1462 1497 προανεφώνει,
1481 1464 1528 1489 καὶ
1540 1463 1580 1490 ὄτι
1594 1463 1635 1489 δεῖ
1651 1462 1732 1489 etith
1749 1463 1795 1489 καὶ
1827 1463 1892 1489 στύ-

1060 1526 1082 1554 c
1099 1507 1146 1534 λου
1161 1507 1292 1542 ἐπιϐῆναι
1306 1508 1353 1534 καὶ
1366 1507 1449 1534 τόπον
1463 1507 1605 1542 παραπολὺ
1619 1507 1665 1533 τοῦ
1684 1507 1780 1534 στύλου
1794 1507 1890 1542 μετελ-

1097 1553 1153 1580 θεῖν
1180 1553 1359 1589 ὑψηλότερον.
1387 1554 1481 1584 Οὕτως
1504 1553 1578 1588 αὐτῷ
1608 1553 1697 1580 πάντα
1724 1552 1823 1588 γνώμῃ
1841 1552 1889 1579 τοῦ

1098 1599 1262 1634 Κρείττονος
1279 1599 1451 1634 ἐπεραίνετο,
1465 1599 1511 1625 καὶ
1527 1598 1598 1631 μετὰ
1615 1598 1713 1633 μικρὸν
1733 1597 1782 1624 καὶ
1805 1598 1821 1632 ἡ
1840 1607 1892 1633 μη-

1097 1645 1170 1680 λωτὴ
1196 1644 1287 1672 Ἦλιοῧ
1303 1644 1342 1680 τῷ
1364 1645 1436 1672 κατὰ
1447 1644 1548 1680 τρόπον
1567 1644 1713 1679 Ἐλισσαίῳ
1733 1644 1888 1678 ἐπέμπετο.

1103 1691 1257 1727 Ἐπέμπετο
1274 1691 1302 1718 δὲ
1319 1690 1418 1722 οὕτως.
1438 1691 1595 1717 Ἐστέλλετο
1612 1690 1663 1726 μὲν
1678 1690 1754 1725 παρὰ
1777 1689 1824 1716 τυῦ
1842 1690 1891 1716 Συ-

1100 1737 1173 1772 μεὼν
1189 1738 1226 1772 τῷ
1247 1737 1356 1772 βασιλεῖ
1377 1738 1494 1772 Σέργιος
1509 1737 1523 1763 ὸ
1540 1737 1637 1764 τούτου
1663 1736 1788 1771 μαθητὴς
1805 1736 1891 1770 δῶρον

1099 1783 1176 1818 αὐτῷ
1191 1783 1294 1815 παντὸς
1310 1783 1398 1810 κακοῦ
1414 1783 1602 1817 ἀποτρόπαιον
1620 1783 1650 1809 τὸ
1672 1783 1718 1808 ἐπὶ
1733 1782 1784 1816 τῆς
1807 1791 1892 1816 κεφα-

1099 1828 1149 1862 λῆς
1164 1828 1296 1862 κάλυμμα
1317 1827 1496 1864 (κουκούλλαν
1512 1828 1571 1854 τόδε
1590 1828 1683 1854 καλεϊν
1697 1827 1822 1861 σύνηθες)
1845 1836 1892 1853 κο-

1101 1873 1178 1908 μίζον
1191 1873 1265 1908 αὺτῷ
1277 1882 1283 1889 ·
1299 1874 1346 1900 τοῦ
1359 1874 1386 1900 δὲ
1403 1873 1537 1909 βασιλέως
1556 1874 1625 1909 πρὸς
1637 1873 1728 1905 ἄλλοις
1742 1873 1792 1908 τὴν
1802 1874 1891 1908 ψυχὴν

1099 1919 1208 1954 ἔχοντος
1223 1919 1270 1946 καὶ
1286 1919 1410 1954 φροντίσι
1426 1919 1570 1954 δημοσίαις
1585 1919 1787 1954 ἀσχολουμένου
1798 1939 1805 1952 ,
1822 1919 1890 1947 Θεοῦ

1099 1965 1187 1992 ταῦτα
1202 1965 1313 1997 πάντως
1333 1965 1559 2000 οίκονομοῦντος,
1582 1966 1596 1992 ὁ
1621 1965 1716 2001 ῥηθεὶς
1733 1963 1811 1997 οὗτος
1827 1967 1893 2002 Σέρ-

1099 2021 1158 2047 γιος
1175 2012 1346 2039 ἀναπλεῦσαι
1363 2012 1472 2047 διέγνω,
1487 2013 1535 2039 καὶ
1546 2013 1595 2046 τὴν
1611 2013 1696 2048 μονὴν
1710 2012 1743 2048 ην
1763 2013 1893 2048 Ἀκοιμή-

1098 2068 1154 2085 των
1170 2058 1371 2093 ἐπονομάζουσι
1386 2058 1553 2086 καταλαὸεῖν
1567 2058 1707 2086 ἔσπευδεν,
1732 2059 1808 2085 Ἐπεὶ
1826 2059 1892 2093 γοῦν

1099 2103 1243 2130 ἀναπλέων
1257 2103 1365 2137 σύναμα
1378 2104 1433 2130 τισὶ
1447 2104 1495 2130 τοῦ
1508 2104 1609 2139 Δανιὴλ
1620 2105 1788 2140 προσήγγιζε
1803 2106 1890 2140 τόπῳ,

1100 2149 1228 2184 καθάπερ
1244 2150 1276 2176 ὲκ
1290 2149 1462 2185 συνθήματος
1476 2150 1557 2182 εὐθὺς
1574 2151 1603 2176 ἐν
1616 2152 1675 2182 τοῖς
1688 2151 1815 2178 ἁπάντων
1833 2152 1893 2178 στό-

260 2204 332 2229 rum,
347 2197 373 2224 id
387 2201 440 2230 est,
456 2204 511 2222 non
529 2195 736 2223 dormientium.
751 2195 819 2222 Cum
844 2202 908 2230 ergo
927 2194 985 2229 ipse
1004 2202 1047 2222 re—

1101 2203 1181 2230 μασιν
1196 2196 1211 2222 ό
1232 2195 1367 2231 μακάριος
1384 2193 1428 2230 ἦν.
1443 2195 1500 2222 Καὶ
1514 2195 1540 2222 οι
1559 2197 1607 2230 μὲν
1624 2196 1707 2222 αὐτοῦ
1723 2197 1771 2231 τῆς
1790 2196 1894 2231 ὑπομο-

260 2247 370 2272 vertens
382 2250 444 2271 cum
455 2242 621 2277 quibusdam
639 2242 700 2269 aliis
720 2241 882 2269 accessisset
906 2248 992 2276 prope
1008 2240 1048 2268 lo-

259 2295 322 2315 cum
337 2287 469 2321 Danielis,
485 2288 576 2314 statim
601 2293 730 2321 tanquam
753 2286 830 2322 signo
847 2287 922 2318 dato,
951 2285 1047 2312 beatus

259 2338 318 2361 erat
335 2334 363 2360 in
387 2341 436 2361 ore
452 2334 585 2360 omnium.
604 2333 638 2360 Et
665 2333 710 2360 alii
726 2332 838 2367 quidem
865 2332 1049 2359 meminerant

260 2381 320 2415 ejus
335 2379 505 2411 tolerantiut;
520 2379 566 2406 alii
584 2384 676 2406 autem
698 2386 823 2414 precum,
837 2378 884 2405 alii
910 2386 977 2405 vero
997 2385 1048 2405 cu-

262 2426 412 2458 rationum,
429 2425 476 2451 alii
489 2433 564 2458 vero,
588 2424 661 2459 quod
676 2423 857 2451 mansuefecit
880 2423 982 2456 locum,
1000 2424 1047 2458 qui

259 2470 452 2507 possidebatur
475 2478 490 2497 a
510 2470 682 2498 daemonibus
701 2478 707 2496 :
724 2475 752 2497 et
767 2477 840 2497 nunc
863 2469 975 2504 quidem
1002 2469 1049 2504 qui

259 2522 324 2545 sunt
338 2517 366 2544 in
388 2517 476 2548 mari,
492 2516 551 2543 sine
574 2515 697 2550 periculo
723 2515 876 2550 navigant;
900 2515 976 2542 illaesi
1002 2523 1050 2541 au-

260 2568 314 2591 tem
334 2563 388 2592 iter
413 2564 517 2590 obeunt
537 2562 555 2589 ii
576 2562 623 2597 qui
648 2566 712 2589 sunt
739 2561 765 2588 in
785 2561 828 2588 via
841 2561 957 2595 pedites.
986 2559 1049 2588 Haec

260 2609 387 2645 intelligit
412 2609 534 2644 Sergius,
560 2607 604 2635 cui
623 2607 802 2634 commissum
833 2606 923 2634 luerat
945 2606 1048 2633 donum

258 2654 508 2690 pretiosissimum;
538 2658 566 2681 et
598 2661 660 2681 cum
697 2653 757 2688 ejus
790 2652 928 2679 desiderio
958 2657 1050 2679 motus

258 2700 356 2728 fuisset
375 2701 494 2735 animus,
526 2692 602 2736 rogat
627 2699 753 2734 quisnam
773 2699 819 2727 hic
850 2699 895 2733 sit,
909 2705 937 2728 et
949 2700 1007 2734 ubi,
1023 2705 1050 2728 et

259 2753 293 2772 an
309 2745 390 2773 liceat
405 2753 469 2773 eum
483 2745 642 2773 convenire.
659 2745 699 2772 llli
716 2753 782 2772 vero
797 2749 825 2773 et
839 2745 930 2773 locum
952 2746 1050 2773 alacri-

261 2795 303 2818 ter
320 2791 512 2824 ostenderunt,
529 2795 557 2818 et
571 2798 633 2818 eum
647 2791 675 2818 in
693 2794 795 2818 terram
816 2791 977 2825 appulisset,
994 2791 1046 2826 ipsi

302 2873 361 2908 (.2)
390 2873 457 2902 Vide
491 2876 590 2903 Baron.
621 2881 694 2902 anno
721 2874 782 2902 400.
811 2873 929 2902 Leonem
963 2874 1094 2910 intelligo.

1100 2241 1150 2276 νῆς
1167 2241 1338 2276 ἐμέμνηντο,
1356 2242 1381 2268 oi
1401 2241 1429 2268 δὲ
1445 2241 1498 2268 τῶν
1519 2242 1617 2277 εὐχῶν,
1636 2243 1660 2268 οί
1671 2242 1700 2269 δὲ
1711 2242 1766 2269 τῶν
1781 2243 1892 2275 ἰάσεων,

1100 2287 1124 2313 οἱ
1138 2286 1166 2312 δὲ
1179 2286 1219 2313 δτι
1231 2286 1277 2313 τὸν
1287 2287 1370 2313 τόπον
1380 2287 1506 2322 δαίμοσιν
1518 2287 1582 2314 ὄντα
1595 2288 1710 2323 κάτοχον
1719 2287 1892 2323 ἐξημέρωσε·

1100 2332 1147 2358 καὶ
1175 2332 1224 2358 νῦν
1250 2332 1402 2365 ἀκινδύνως
1431 2333 1480 2367 μὲν
1501 2333 1527 2360 oi
1552 2334 1580 2359 ὲν
1604 2333 1728 2369 θαλάσσῃ
1751 2334 1893 2365 πλέουσιν,

1100 2377 1229 2408 ἀϐλαϐῶς
1249 2377 1277 2404 δὲ
1301 2377 1327 2404 οἱ
1351 2378 1382 2405 ιν
1400 2379 1436 2413 γῇ
1464 2379 1622 2411 πεζεύουσι.
1643 2379 1783 2407 Μανθάνει
1806 2380 1893 2406 ταῦτα

1101 2425 1148 2451 καὶ
1164 2424 1277 2460 Σέργιος
1294 2425 1308 2451 ό
1322 2424 1354 2450 τὸ
1370 2424 1520 2460 πολύτιμον
1532 2425 1649 2460 δώρημα
1663 2426 1832 2458 πιστευθεὶς,
1846 2426 1894 2453 καὶ

1100 2469 1150 2505 τὴν
1162 2469 1254 2505 ψυχὴν
1275 2470 1344 2505 πρὸς
1362 2470 1453 2505 ἔρωτα
1471 2470 1593 2506 κινηθεὶς
1608 2471 1775 2498 πυνθάνεται
1791 2472 1833 2503 τίς
1849 2469 1893 2499 οὗ-

1101 2524 1146 2548 τος
1163 2516 1209 2542 καὶ
1224 2517 1302 2549 ὅπου,
1319 2517 1367 2543 καὶ
1387 2518 1410 2543 εί
1431 2517 1543 2544 δυνατὸν
1557 2517 1633 2552 αὐτῷ
1652 2518 1785 2552 ἐντυχεῖν.
1807 2518 1841 2545 οι
1864 2518 1891 2545 δὲ

1101 2561 1147 2587 τόν
1158 2570 1188 2587 τε
1201 2560 1284 2588 τόπον
1304 2562 1452 2597 προθύμως
1464 2563 1618 2595 ὑπέδειξαν,
1636 2564 1683 2589 καὶ
1700 2565 1732 2598 τῇ
1749 2565 1784 2599 γῇ
1809 2572 1892 2598 προσ-

1101 2607 1266 2639 οκείλαντες,
1283 2608 1360 2634 αὐτοί
1374 2617 1404 2634 τε
1419 2608 1487 2644 πρὸς
1504 2608 1550 2635 τὸν
1567 2609 1639 2635 ὅσιον
1655 2609 1763 2644 σύναμα
1783 2609 1888 2645 Σεργίῳ

1103 2654 1293 2689 ἀφικνοῦνται.
1309 2655 1357 2685 Ὃς
1370 2654 1417 2681 καλ⁵
1433 2654 1536 2690 σφόδρα
1552 2654 1723 2689 φιλοφρόνως
1738 2655 1782 2681 τὸν
1800 2656 1889 2690 μακά-

1104 2709 1162 2735 ριον
1177 2700 1383 2735 ἀσπασάμενος,
1400 2699 1434 2726 τὰ
1460 2701 1509 2734 μὲν
1527 2699 1609 2732 αὐτὸς
1633 2700 1782 2735 ἐξηγεῖται,
1798 2702 1848 2736 τήν
1862 2709 1891 2728 τι

1103 2745 1149 2771 τοῦ
1159 2744 1271 2780 Συμεὼν
1284 2745 1356 2780 φημὶ
1366 2745 1421 2772 τῶν
1436 2744 1541 2772 ἐνθένδε
1553 2745 1727 2780 ἀπαλλαγὴν,
1740 2746 1786 2774 καὶ
1801 2746 1815 2772 ὃ
1827 2746 1890 2781 παρ’

1103 2788 1186 2816 αὐτοῦ
1201 2788 1310 2824 κομίζει
1331 2788 1370 2824 τῷ
1385 2789 1489 2824 βασιλεί
1517 2789 1615 2827 δῶρον,
1638 2790 1708 2826 Πρὸς
1735 2790 1765 2817 σὲ
1792 2789 1892 2826 μᾶλλον
