2049 3151
158 181 213 215 989

701 193 793 224 VITA
813 194 844 225 S.
865 194 1050 228 DANIELIS
1069 198 1251 230 STYLIT/E.

1739 197 1794 229 990

153 240 240 288 ιίπῷν
272 241 348 288 καρὰ
376 243 424 271 τοῦ
442 244 511 272 Θεοῦ
538 246 718 277 ἀπεστάλθαι.
741 249 782 277 Τὰ
806 250 836 278 δὲ
861 252 943 279 πάλιν

998 253 1134 282 accedunt
1153 253 1187 282 ad
1203 259 1338 288 sanctum,
1367 259 1395 283 et
1418 263 1472 283 una
1506 261 1568 282 eum
1598 252 1640 280 eis
1664 252 1792 286 Sergius.

157 287 231 332 τιαρᾶ
245 287 293 315 τοῦ
307 289 407 324 Δανιὴλ
423 290 517 318 ἀκούει
534 292 552 320 ἃ
566 293 580 320 ὁ
594 293 660 326 Θεὸς
675 295 749 331 αὖτῷ
775 297 839 332 περί
852 307 882 324 τε
898 299 945 326 τοῦ

154 331 267 366 Συμεὼν
291 334 339 361 καὶ
362 335 414 369 τῆς
440 336 501 363 κατ’
525 338 607 365 αὑτὸν
633 340 766 376 ἐγνώρισε
791 331 943 375 πολιτείας.

156 378 245 424 ξ’Δξπερ
260 379 380 413 ἀκούσας
390 381 403 408 ὁ
416 382 528 418 Σέργιος
542 384 589 411 καὶ
600 385 630 412 τὸ
640 387 711 420 ἱερὸν
722 387 820 415 αὐτίκα
831 389 946 424 δώρημα

151 423 275 450 ἐκϐαλὼν
287 425 327 460 τῷ
341 427 441 463 Δανιὴλ
460 429 562 461 δίδωσι,
574 431 621 458 xui
636 432 731 460 ἑαυτὶν
750 434 845 469 ἐκείνῳ
861 423 946 470 xpos-

153 472 339 507 παραδίδωσιν
355 475 409 502 ἀπὸ
423 476 470 503 τοῦ
489 478 591 513 πατρὸς
610 479 656 506 τοῦ
676 481 790 515 Συμεὼν
807 482 875 516 πρὸς
893 492 945 510 πα-

150 518 218 551 τέρα
234 521 438 553 μετοικίζεσθαι
459 522 547 557 λέγων
573 524 618 551 τὸν
637 526 748 562 Δανιὴλ.
780 528 835 554 Καὶ
857 527 946 555 ταῦτα

152 563 206 598 μὲν
218 564 370 599 ἐπράττετο
385 567 459 603 τῇδε.

1000 299 1053 332 Qui
1067 308 1130 327 cum
1149 301 1266 335 benigne
1277 301 1427 330 admodum
1444 301 1556 329 beatum
1566 300 1723 331 salutasset,
1739 299 1792 326 alia

999 346 1111 380 quidem
1143 347 1201 382 ipse
1226 347 1349 382 exponit,
1386 347 1535 379 Simeonis,
1565 347 1690 382 inquam,
1728 345 1794 373 hinc

1001 391 1159 425 decessum,
1187 397 1214 420 et
1230 393 1302 427 quod
1324 393 1359 420 ab
1371 393 1434 428 ipso
1449 392 1553 420 donum
1582 393 1667 419 ferret
1688 391 1722 418 ad
1743 391 1794 417 im-

1000 442 1168 472 peratorem,
1183 438 1278 466 dicens
1306 438 1421 470 Danieli.
1439 438 1466 466 id
1493 438 1526 465 ad
1543 445 1605 465 eum
1624 438 1715 472 potius
1731 443 1791 464 esse

999 483 1126 515 missum,
1153 491 1234 518 quam
1261 484 1294 512 ad
1319 485 1407 517 illum,
1430 484 1463 511 ad
1488 491 1569 519 quem
1589 483 1647 517 ipse
1675 482 1702 509 id
1719 482 1790 508 mitti

997 529 1180 564 opinaretur.
1206 531 1266 558 Alia
1293 535 1385 558 autem
1412 538 1509 558 rursus
1537 529 1648 557 audita
1666 529 1790 561 Daniele,

997 582 1058 609 qua:
1074 576 1100 603 ei
1128 577 1198 604 Deus
1224 577 1390 612 signiﬁcavit
1417 577 1451 604 de
1476 575 1606 602 Simeone
1618 596 1625 608 ,
1643 578 1671 601 et
1687 574 1721 601 de
1736 576 1791 603 vita

149 609 213 658 eius
229 611 296 638 Vita:
311 612 439 641 instituto
459 621 646 651 congruenter
659 617 775 650 agenda.
791 618 857 652 Quae
882 619 993 655 quidem
1016 629 1078 648 cum
1101 622 1233 650 audiisset
1252 609 1390 658 'Sergius.
1425 631 1534 650 sacrum
1568 622 1659 650 statim
1688 621 1790 647 donum

147 657 280 704 fﬁtﬂens,
294 658 320 686 ld
336 658 422 686 donat
441 661 558 695 Danieli,
573 670 587 689 a
602 667 679 698 patre
697 663 826 692 Simeone
842 665 938 693 dicens
958 667 1077 703 migrare
1098 668 1132 695 ad
1156 675 1262 704 patrem
1284 657 1436 696 Danielem.
1463 669 1497 696 Et
1529 669 1587 696 llzec
1610 667 1722 702 quidem
1753 666 1791 694 sic

147 702 166 730 ll
175 703 269 731 ebant.

188 751 239 778 ιε’.
256 751 293 779 To
306 752 375 779 θεῖον
392 753 421 780 δὲ
439 754 519 781 πάλιν
541 755 578 783 τὰ
600 756 702 793 συνήθη
719 757 815 784 ποιοῦν
832 758 943 793 ἠρέθιζε

150 795 198 822 τὸν
216 797 314 832 Δανιὴλ
327 798 387 833 δψει
401 799 456 826 τινὶ
469 799 594 836 θειοτέρα
613 802 670 836 βίου
694 803 796 834 παντὸς
812 803 946 838 ὑψηλοτέ-

153 850 202 877 ρου
218 843 266 869 καὶ
283 843 407 877 μείζονος
426 845 547 881 ἅψασθαι
567 848 718 881 πολιτείας,
734 849 848 883 ἐκλογῆς
865 849 945 875 αὐτὸν

152 888 250 920 σκεῦος
265 890 336 917 κατὰ
352 890 460 918 Παῦλον
476 893 610 928 προειδὼς
629 894 767 929 ἐσόμενον.
783 895 837 921 Καὶ
853 895 871 930 ἡ
884 894 946 929 ὄψις

151 932 186 980 uti
208 933 248 969 τῷ
265 936 375 970 Δανιὴλ,
394 937 463 980 ἀλλα
480 938 517 973 τῷ
534 939 641 975 Σεργίῳ
660 939 761 974 μᾶλλον
781 941 944 976 παρίστατο.

157 979 264 1007 Ἐδόκει
282 981 334 1016 γὰρ
350 984 425 1017 τρεῖς
439 984 514 1020 αὑτῷ
527 986 686 1018 νεανίσκους
701 986 827 1018 ἐλθόντας
841 988 927 1013 εἰπεῖν
937 995 945 1003 ⁸

157 1025 302 1060 ’Δναστᾶς,
318 1028 426 1063 Σέργιε,
440 1029 504 1063 λέγε
518 1031 558 1066 τῷ
573 1031 645 1068 ἀϐϐᾷ
667 1032 768 1066 Δανιήλ
779 1041 785 1048 ·
807 1033 837 1059 Ὀ
852 1033 900 1067 τῆς
919 1033 946 1059 ἓν

151 1071 191 1106 τῷ
208 1069 263 1107 ναῷ
278 1074 422 1111 κατοικίας
449 1077 546 1111 χρόνος
572 1078 622 1113 ἧδη
647 1079 843 1114 πεπλήρωται·
867 1079 947 1114 δεῦρο

152 1118 259 1150 λοιπόν.
281 1122 328 1147 καὶ
353 1121 421 1156 πρὸς
435 1123 563 1156 μείζονας
586 1124 695 1158 ἀγῶνας
722 1126 944 1161 παρασκευάζου.

152 1166 242 1202 Δήλην
258 1167 305 1193 οὖν
322 1168 397 1203 αὐτῷ
423 1170 470 1195 τοῦ
498 1170 613 1205 Σεργίου
637 1171 686 1206 τὴν
712 1171 789 1198 θείαν
813 1172 876 1207 εψω
900 1181 947 1198 πε-

153 1211 313 1246 ποιηκότος,
339 1214 455 1249 ἐπείπερ
486 1215 606 1249 ἔγνωστο
635 1216 674 1250 τῷ
707 1217 786 1252 ἀνδρὶ
819 1219 874 1249 τοῖς
899 1218 946 1244 τοῦ

151 1256 317 1290 Κρείττονος
347 1259 464 1294 νεύματι
482 1261 512 1287 τὸ
544 1262 675 1296 παράπαν
710 1264 747 1298 μὴ
778 1263 945 1297 ἀντιλέγειν·

152 1301 241 1335 ἄλλως
251 1312 281 1330 τε
299 1303 326 1330 δὲ
345 1305 394 1334 καὶ
410 1306 442 1341 τῇ
464 1307 587 1342 προτέρᾳ
603 1308 653 1342 τῆς
673 1309 809 1340 ὀπτασίας
824 1309 884 1344 δ’ζιει
900 1309 947 1336 καὶ

151 1348 168 1382 ἡ
185 1348 299 1384 δευτέρα
317 1351 470 1383 συνέϐαινε,
487 1352 533 1378 xui.
557 1353 625 1388 1:95;
640 1353 752 1386 ,τούτοις
779 1356 826 1381 xui.
847 1355 878 1381 τὸ
899 1355 946 1381 τοῦ

153 1393 269 1429 Συμεὼν
289 1395 391 1431 ἔνδυμα
409 1398 457 1432 τῆς
473 1399 602 1433 τοιαύτης
619 1400 760 1432 πολιτείας
777 1401 791 1427 ὁ
817 1401 948 1436 ἀρραϐὼν

153 1438 200 1476 ἦν,
219 1441 361 1477 πέμπεται
383 1444 496 1479 Σέργιος
504 1445 568 1478 τούς
582 1455 611 1472 τε
627 1446 725 1480 λόφους
739 1447 786 1474 καὶ
801 1448 864 1479 τοὺς
878 1448 947 1482 μᾶλ-

151 1486 196 1513 λον
211 1487 363 1522 ἐρημικοὺς
387 1490 488 1522 τόπους
511 1491 569 1518 ὅσοι
598 1492 686 1518 ἐκεῖσε
717 1494 888 1528 καταμαθεῖν
915 1490 946 1520 οἷο

152 1533 231 1560 κίονα
248 1536 388 1570 προσῆκον
404 1536 510 1572 ἱδρῦσαι
525 1539 572 1565 xui.
588 1538 646 1572 βίον
671 1538 755 1573 ζῆσαι
767 1539 814 1565 τὸν
832 1539 947 1573 φιλήσυ-
961 1532 981 1559 C

151 1587 200 1615 χον
220 1580 394 1616 ἐπιτήδειον·
417 1583 446 1614 ὃς
467 1583 516 1610 καὶ
535 1584 607 1618 μέρη
620 1584 680 1611 τινὰ
699 1584 747 1610 τοῦ
761 1585 843 1618 λόφου
858 1585 948 1617 καλῶς

151 1625 412 1661 διερευνησάμενος,
428 1628 524 1664 ἐπειδὴ
537 1629 599 1656 κατ’
610 1631 699 1656 ἐκεῖνο
713 1630 797 1657 τόπου
812 1630 878 1657 ἔνθα
893 1630 947 1657 εδει

152 1672 250 1706 στῆναι
265 1673 310 1699 τὸν
324 1673 401 1700 κίονα
418 1675 612 1709 παραγένοιτο,
628 1676 671 1707 σὺ,
687 1676 737 1702 Θεὲ
760 1676 881 1709 πάντων,
899 1677 948 1703 xui.

151 1719 234 1747 τοῦτο
247 1719 392 1753 δεικνύεις.
417 1721 483 1756 Ὁρᾷ
501 1722 566 1756 γοῦν
587 1722 601 1748 ὀ
627 1722 720 1758 ῥηθεὶς
735 1723 848 1758 Σέργιος
871 1731 948 1758 περι-

152 1765 255 1800 στερὰν
272 1766 370 1794 αὐτίκα
397 1767 516 1803 λευκήν⁹
544 1771 592 1795 καὶ
623 1768 693 1803 αὕτη
720 1769 948 1805 πτερυσσσομένη

152 1812 249 1838 πυκνὰ
259 1812 305 1838 xui.
314 1812 411 1848 μικρὸν
423 1810 500 1844 αὖθις
510 1813 683 1850 ἀνιπταμένη
694 1815 776 1842 πάλιν
787 1815 948 1841 κατέπιπτε.

152 1859 240 1890 Δόξας
252 1857 298 1886 οὖν
310 1859 424 1894 Θήραμα
439 1858 542 1895 ταύτην
550 1858 621 1887 εἶναι
637 1863 684 1889 xui.
699 1861 807 1897 βρόχοις
822 1861 950 1896 ἡμμένην

154 1904 268 1931 σπεύδει
285 1913 315 1931 τε
330 1905 373 1931 ἐπ’
390 1905 486 1941 αὐτὴν,
506 1905 554 1932 καὶ
570 1907 622 1933 ὑπὸ
638 1908 717 1942 χεῖρα
732 1907 827 1934 λαϐεῖν
842 1907 950 1942 ἐπείγε-

153 1959 211 1978 ται.
239 1951 271 1977 Ἡ
289 1951 317 1978 δὲ
335 1951 416 1984 εὐθὺς
434 1953 582 1979 ἀποπτᾶσα
599 1953 646 1979 καὶ
663 1953 814 1989 ὀφθαλμοῖς
830 1954 949 1990 ἄληπτος

154 1993 200 2032 ἦν.
216 1996 295 2023 οὕτω
308 1997 388 2032 δῆλον
399 1998 430 2024 τὺ
443 1998 578 2033 σύμϐολον
590 1999 738 2033 δεξάμενος
746 2000 795 2034 τῆς
805 1999 948 2034 ἱδρύσεως,

157 2041 328 2076 καταμαθὼν
346 2042 376 2068 δι
393 2043 441 2069 καὶ
465 2043 546 2074 αὐτὸς
562 2043 636 2075 ὅπως
661 2041 734 2078 εἶχεν
751 2045 765 2070 ό
782 2045 865 2076 τόπος
887 2046 950 2072 ὲπι-

156 2087 283 2122 τηδείως,
303 2087 411 2114 κάτεισι
427 2088 495 2123 πρὸς
510 2091 557 2115 τὸν
584 2089 675 2123 ἅγιον,
699 2090 745 2116 xu't
763 2091 853 2118 πάντα
878 2091 949 2118 κατὰ

159 2133 243 2168 μέρος
258 2133 317 2168 μεθ’
331 2130 365 2168 ἧς
379 2131 449 2160 εἶδεν
461 2134 583 2168 ὁράσεως
596 2135 773 2169 ἀπαγγέλλει.
797 2137 825 2163 '0
838 2136 865 2163 δὲ
879 2137 949 2172 ἥσθη

157 2188 188 2206 τε
213 2178 347 2212 ἀκούσας,
368 2179 415 2206 xui.
439 2179 486 2206 τὸν
515 2179 598 2208 τόπον
627 2181 793 2209 καταλαϐεῖν
823 2182 948 2210 ἔσπευδε,

155 2227 291 2262 Δωρεττιιι
302 2227 335 2263 δὴ
350 2227 464 2263 Μάρκος
482 2229 532 2263 μὲν
548 2229 624 2262 φίλος
639 2229 715 2264 αὑτῷ
729 2230 777 2256 xui.
788 2229 872 2257 τᾶλλα
886 2239 950 2256 συν-

158 2274 231 2310 ἠθης
257 2273 303 2300 τὸν
329 2274 424 2301 κίονα⁸
455 2275 604 2308 γενομένου
630 2275 658 2302 δὲ
683 2276 730 2302 xui.
753 2275 800 2302 τοῦ
828 2276 952 2312 συνήθως

159 2319 329 2354 καλουμένου
346 2319 439 2355 μοδίου
457 2320 505 2347 xui
521 2321 554 2356 τῇ
571 2321 676 2357 κεφαλῇ
690 2320 737 2348 τοῦ
751 2321 850 2348 στύλον
865 2331 952 2359 προσ-

158 2365 356 2401 αρμοσθέντος,
381 2365 489 2393 κελεύει
505 2367 570 2403 περὶ
587 2367 673 2403 μέσας
692 2368 766 2404 αὗτῷ
780 2369 883 2400 νύκτας
905 2369 952 2396 τδν

157 2410 207 2437 τοῦ
235 2411 299 2438 ναοῦ
330 2413 420 2446 τοῖχον
446 2412 647 2448 διατρηθῆναι,
672 2414 720 2440 καὶ
744 2413 816 2441 οὕτω
845 2415 951 2447 πάντας

158 2455 252 2483 λαθὼν
265 2456 356 2492 ἀνῄει.
374 2455 442 2484 Εῐτα
459 2459 506 2485 καὶ
520 2459 677 2495 προσευχὴν
699 2460 821 2494 ὶπιλέγει
841 2462 900 2496 μεθ’
916 2462 949 2496 ﬂ-

158 2501 240 2536 δονῆς
250 2502 337 2534 οὕτως
353 2502 469 2538 ἔχουσαν
480 2511 486 2518 ·
505 2504 574 2537 Δόξα
598 2514 650 2539 σοι,
670 2506 773 2541 Χριστὲ
789 2508 802 2534 ό
816 2507 893 2540 Θεὸς,
909 2507 951 2534 ὃτι

158 2547 294 2574 τοιούτων
310 2548 382 2582 κάμὲ
395 2549 505 2583 ἀγαθῶν
519 2551 566 2577 xui.
580 2552 716 2584 πολιτείας
730 2553 859 2588 τοιαύτης
871 2554 953 2589 ἠξίω-

161 2601 224 2625 σας.
246 2593 316 2620 ’Δλλ’
328 2594 408 2626 αὐτὸς
426 2593 511 2627 οἶδας,
533 2597 667 2630 Δέσποτα,
683 2598 725 2625 ὅτι
741 2606 782 2625 σοι
799 2600 871 2635 μόνῳ
884 2601 951 2636 Bup-

160 2638 218 2674 ρὦ
248 2638 295 2666 τὸν
320 2639 397 2666 κίονα
421 2640 560 2668 ἀναϐαίνω
587 2644 634 2670 καὶ
661 2643 708 2670 τὸν
735 2645 832 2679 ἀγῶνα
855 2646 951 2673 τοῦτον

162 2684 329 2720 ὑπέρχομαι.
339 2685 421 2720 Δέξαι
441 2695 491 2721 μου
508 2687 558 2723 τὴν
572 2688 712 2722 πρόθεσιν,
728 2690 869 2726 ἐνίσχυσον
881 2693 951 2727 πρὸς

161 2731 208 2757 τὸν
224 2731 334 2766 δρόμον,
353 2732 499 2760 τελείωσον
520 2734 551 2761 τὸ
570 2735 736 2772 ἐγχείρημα.
757 2737 849 2770 οὓτως
863 2739 877 2764 ό
897 2747 951 2773 μα-

162 2776 260 2812 κάριος
279 2777 308 2804 οὐ
322 2778 393 2806 κατὰ
409 2779 520 2814 πνεῦμα
534 2780 614 2815 μόνον
629 2781 717 2809 τελεῖν
733 2782 868 2818 οὐράνιος.
882 2784 952 2811 ἀλλὰ

163 2823 210 2850 καὶ
224 2822 261 2855 ὡς
274 2821 368 2852 οἷόντε
379 2825 449 2853 κατὰ
463 2825 543 2862 σῶμα
558 2827 726 2863 ἐξεϐιάζετο,
741 2830 787 2856 καὶ
798 2829 845 2858 τοῦ
856 2829 950 2858 λοιποῦ

203 2913 213 2928 '
229 2913 290 2943 Aet.
313 2923 349 2948 tv,
369 2917 411 2946 15'.

1033 758 1092 786 XV.
1115 759 1186 786 Deus
1202 763 1292 786 autem
1313 767 1410 787 rursus
1427 763 1558 786 consueta
1586 758 1700 790 faciens,
1724 757 1792 784 inei-

999 805 1074 832 tabat
1101 805 1242 832 Danielem
1277 805 1386 833 visione
1422 804 1540 840 quadam
1573 804 1730 836 diviniora,
1761 806 1792 830 ut

963 866 983 893 Β
999 850 1195 886 aggrederetur
1221 851 1332 878 vivendi
1355 851 1490 878 rationem
1515 850 1647 885 majorem
1667 854 1694 876 et
1709 849 1794 876 subli-

999 899 1126 931 miorem,
1151 906 1199 925 vas
1220 905 1285 925 eum
1299 897 1463 929 electionis,
1480 896 1620 931 quomodo
1639 895 1754 923 Paulum
1769 895 1792 928 ',

998 945 1147 979 prmsciens
1171 944 1308 971 futurum.
1335 943 1470 977 Apparuit
1486 949 1553 968 vero
1572 942 1641 968 visio
1665 949 1721 968 non
1743 941 1795 968 Da-

998 989 1076 1021 uieli,
1100 989 1148 1016 sed
1169 989 1261 1024 potius
1279 988 1387 1024 Sergio.
1409 988 1579 1015 Videbantur
1595 987 1669 1014 enim
1687 992 1744 1014 tres
1759 986 1793 1013 ad

997 1043 1060 1063 cum
1069 1036 1177 1063 venisse
1188 1035 1387 1068 adolescentes,
1401 1039 1429 1063 et
1442 1035 1544 1062 dixisse
1558 1043 1565 1060 :
1584 1034 1682 1068 Surge,
1703 1032 1792 1067 Sergi,

998 1081 1043 1108 die
1068 1080 1159 1108 abbati
1183 1080 1287 1107 Danieli
1307 1089 1312 1106 :
1340 1079 1483 1114 Expletum
1506 1084 1549 1107 est
1571 1084 1678 1113 tempus
1694 1083 1748 1104 tum
1764 1077 1793 1103 in

1001 1126 1104 1161 templo
1116 1126 1309 1154 habitationis.
1324 1126 1427 1154 Adesto
1444 1125 1584 1160 deinceps,
1601 1129 1629 1151 et
1640 1124 1673 1151 ad
1690 1124 1795 1158 majora

998 1180 1096 1208 parare
1118 1172 1280 1200 certamina.
1307 1172 1375 1198 Cum
1399 1179 1464 1205 ergo
1487 1172 1512 1199 ei
1536 1171 1649 1205 Sergius
1673 1169 1794 1196 divinam

998 1219 1154 1254 aperuisset
1186 1218 1343 1250 visionem,
1372 1217 1503 1252 quoniam
1531 1217 1554 1244 is
1580 1220 1714 1243 statuerat
1739 1223 1794 1242 non

998 1272 1154 1300 repugnare
1165 1264 1294 1291 omnibus
1305 1264 1420 1291 nutibus
1432 1263 1646 1298 Omnipotentis,
1655 1267 1683 1289 et
1691 1261 1793 1296 alioqui

1000 1310 1086 1345 priori
1112 1317 1222 1344 quoque
1248 1309 1351 1335 visioni
1375 1309 1497 1336 secunda
1525 1307 1739 1339 consentiebat;
1767 1312 1796 1334 et

999 1360 1132 1390 praeterea
1151 1355 1291 1383 Simeonis
1315 1355 1400 1382 etiam
1424 1355 1618 1382 indumentum
1635 1358 1695 1382 erat
1712 1353 1796 1380 arrha

1000 1402 1063 1429 talis
1087 1401 1151 1428 vitae
1175 1402 1317 1436 degendae,
1339 1401 1460 1428 mittitur
1477 1401 1600 1436 Sergius,
1626 1405 1656 1427 ut
1676 1400 1796 1427 disceret

998 1446 1059 1473 loca
1087 1447 1174 1481 magis
1199 1447 1335 1479 solitaria,
1360 1454 1421 1481 qua:
1446 1446 1502 1473 illic
1524 1451 1598 1477 sunt,
1620 1451 1651 1473 ut
1670 1449 1797 1480 oporteat

999 1500 1102 1528 ponere
1123 1493 1291 1525 columnam,
1307 1497 1335 1520 et
1349 1496 1443 1527 aptum
1466 1492 1499 1519 ad
1517 1491 1651 1527 agendam
1666 1491 1751 1518 vitam
1766 1491 1797 1518 in

999 1539 1094 1573 quiete
1112 1542 1139 1565 et
1153 1538 1276 1565 silentio.
1290 1537 1343 1571 Qui
1358 1545 1420 1565 cum
1436 1542 1529 1572 partes
1545 1537 1677 1572 quasdam
1694 1536 1796 1571 fastigii

1000 1585 1103 1611 montis
1127 1584 1244 1618 pulchre
1268 1588 1342 1611 esset
1367 1588 1568 1619 perscrutatus,
1590 1589 1735 1618 postquam
1750 1590 1797 1610 ve-

1000 1630 1087 1657 nisset
1112 1630 1140 1657 in
1169 1630 1246 1657 illum
1271 1630 1381 1662 locum,
1410 1630 1437 1656 in
1466 1637 1521 1664 quo
1550 1630 1695 1664 opoitebat
1721 1634 1795 1657 stare

1001 1676 1168 1707 columnam.
1185 1679 1224 1708 tu,
1241 1675 1313 1702 Deus
1322 1675 1460 1706 omnium.
1475 1675 1527 1702 hoc
1543 1675 1795 1710 quoqueostendis.

1000 1721 1083 1750 Videt
1105 1729 1172 1756 ergo
1195 1721 1323 1756 protinus
1344 1721 1435 1748 dictus
1455 1720 1570 1756 Sergius
1585 1721 1676 1747 albam
1690 1720 1798 1747 colum-

1001 1766 1076 1801 bam,
1108 1775 1170 1803 quae
1196 1767 1253 1794 alas
1276 1767 1437 1802 frequenter
1461 1767 1631 1802 expandcus,
1652 1771 1679 1793 et
1698 1774 1795 1801 parum

1002 1821 1102 1841 rursus
1129 1814 1299 1847 subvolans,
1324 1813 1426 1841 iterum
1453 1813 1611 1841 decidebat.
1639 1814 1797 1842 Arbitratus

1001 1866 1067 1894 ergo
1082 1866 1144 1885 eam
1159 1866 1220 1886 esse
1240 1863 1347 1893 captam
1362 1864 1389 1886 et
1404 1859 1524 1887 vinctam
1547 1859 1663 1894 laqueis,
1683 1859 1716 1886 ad
1735 1867 1796 1887 eam

1002 1904 1136 1938 festinat,
1163 1908 1192 1932 et
1214 1905 1358 1932 contendit
1381 1912 1441 1932 eam
1467 1913 1566 1940 capere
1586 1905 1724 1933 manibus.
1749 1906 1797 1932 llla

994 1958 1068 1978 vero
1089 1958 1152 1978 cum
1173 1952 1265 1978 statim
1279 1951 1426 1984 evolassot,
1442 1959 1477 1979 ne
1493 1952 1582 1979 oculis
1596 1952 1707 1986 quidem
1723 1957 1799 1985 pote-

1002 2001 1045 2023 rat
1073 1997 1255 2031 apprehendi.
1287 1997 1354 2024 Cum
1387 2003 1478 2023 tamen
1504 1997 1619 2024 evidens
1647 1997 1799 2031 accepisset

1002 2042 1111 2077 signum
1136 2043 1289 2070 statuenda:
1315 2042 1461 2075 columnae,
1480 2047 1508 2069 et
1527 2043 1586 2078 ipse
1605 2050 1716 2078 quoque
1732 2043 1800 2070 satis

1002 2087 1195 2122 intellexisset,
1214 2096 1295 2123 quam
1313 2092 1387 2115 esset
1408 2092 1486 2123 aptus
1502 2088 1590 2119 locus,
1607 2088 1750 2116 descendit
1765 2088 1800 2116 at!

1003 2139 1140 2167 sanctum,
1167 2139 1195 2161 et
1219 2134 1311 2161 omnia
1329 2134 1470 2168 sigillatim
1497 2134 1639 2161 renuntiat
1665 2142 1728 2161 eum
1754 2142 1798 2167 ea,

963 2198 990 2228 Β
1003 2188 1086 2216 quam
1105 2181 1224 2214 viderat,
1252 2180 1370 2208 visione.
1397 2180 1444 2208 Ille
1466 2186 1558 2208 autem
1579 2185 1607 2208 et
1623 2181 1729 2208 laetatus
1746 2184 1799 2214 est,

1003 2235 1067 2255 cum
1086 2227 1249 2260 audivisset,
1273 2231 1301 2253 et
1321 2227 1355 2254 ad
1372 2227 1462 2255 locum
1478 2227 1573 2254 venire
1589 2227 1730 2262 cupiebat.
1748 2228 1801 2254 Dat

1002 2282 1069 2302 vero
1087 2273 1197 2301 Marcus
1215 2272 1327 2309 quidem
1352 2273 1378 2300 ei
1404 2273 1511 2300 amicus
1537 2278 1565 2300 et
1582 2273 1636 2300 alio
1654 2274 1700 2308 qui
1720 2273 1800 2301 fami-

1002 2319 1080 2347 liaris
1101 2320 1270 2348 columnam.
1291 2319 1360 2346 Cum
1376 2324 1469 2346 autem
1484 2319 1572 2346 factus
1589 2325 1664 2347 esset
1688 2321 1710 2347 is
1732 2327 1800 2354 quo-

1002 2374 1066 2401 que,
1090 2367 1137 2401 qui
1160 2366 1231 2393 solet
1258 2366 1350 2393 vocari
1370 2365 1490 2399 modius,
1516 2370 1544 2392 et
1566 2366 1648 2400 capiti
1663 2366 1801 2393 columna:

1002 2414 1102 2442 fuisset
1132 2414 1298 2448 adaptatus,
1324 2413 1406 2448 jubet
1433 2413 1507 2440 circa
1543 2413 1661 2441 mediam
1688 2418 1798 2441 noctem

1003 2460 1138 2495 perforari
1155 2459 1209 2487 sibi
1226 2459 1322 2493 templi
1339 2459 1493 2494 parietem;
1519 2464 1547 2486 et
1574 2459 1624 2492 ita,
1647 2468 1744 2488 omnes
1761 2460 1800 2487 la-

1003 2510 1075 2539 tens,
1092 2506 1229 2534 ascendit.
1249 2505 1354 2532 Deinde
1371 2505 1455 2532 etiam
1476 2514 1538 2533 cum
1559 2506 1660 2541 gaudio
1677 2506 1800 2541 concipit

1002 2559 1118 2587 preces,
1143 2560 1203 2587 qua:
1231 2551 1268 2579 ita
1292 2551 1432 2579 habebant
1454 2559 1461 2578 :
1487 2552 1578 2579 Gloria
1605 2553 1664 2586 tibi,
1689 2552 1798 2580 Christe

1003 2599 1087 2631 Deus,
1110 2598 1184 2633 quod
1212 2605 1255 2625 me
1279 2598 1380 2625 talibus
1397 2598 1475 2625 bouis
1489 2602 1517 2625 et
1535 2599 1580 2626 tali
1594 2599 1655 2626 vitae
1671 2599 1797 2626 instituto

1002 2652 1033 2671 es
1046 2643 1187 2679 dignatus.
1212 2643 1267 2671 Sed
1293 2649 1321 2670 tu
1339 2644 1403 2677 scis,
1422 2652 1438 2671 ο
1458 2645 1583 2678 Domine,
1601 2646 1675 2679 quod
1694 2651 1721 2674 te
1736 2645 1796 2673 Solo

1003 2692 1092 2718 fretus
1111 2690 1183 2718 hanc
1199 2690 1321 2718 ascendo
1341 2691 1508 2723 columnam,
1531 2695 1560 2718 et
1585 2692 1636 2719 hoc
1655 2696 1796 2719 certamen

1004 2737 1101 2765 subeo.
1129 2736 1242 2771 Suscipe
1268 2744 1360 2763 meum
1393 2737 1584 2771 propositum;
1603 2737 1734 2765 conﬁrma
1752 2745 1796 2765 me

1004 2783 1039 2810 ad
1053 2791 1183 2816 cursum;
1201 2786 1323 2817 coeptum
1340 2790 1432 2810 meum
1447 2782 1570 2811 absolve.
1586 2783 1630 2812 Sic
1642 2784 1737 2812 beatus
1749 2784 1794 2810 ille

1003 2837 1060 2858 non
1078 2830 1177 2866 spiritu
1193 2829 1281 2859 solum
1298 2837 1359 2859 esse
1376 2830 1508 2865 cmlestis,
1526 2831 1574 2859 sed
1589 2831 1683 2866 etiam,
1701 2831 1793 2866 quoad
