2049 3151
242 177 294 208 ςθι

831 179 850 207 Α
858 178 1026 208 DDENDA.
1034 191 1067 196 -
1084 179 1211 209 DECEM
1217 179 1263 209 BE
1269 179 1302 209 Β.

1830 181 1882 212 992

242 237 303 270 ejus
333 235 391 262 ﬁeri
419 239 537 270 poterat,
555 243 672 270 corpore
699 243 760 263 esse
780 237 983 267 contendebat;
1009 241 1035 264 et

1094 238 1176 273 μόνος
1188 236 1222 274 ἦν
1233 239 1261 266 ἐν
1275 238 1314 274 τῷ
1329 238 1408 271 κίονι,
1427 239 1554 274 μεθόριον
1569 239 1666 267 ἐαυτδν
1680 241 1791 277 θέμενος
1802 243 1882 278 οὖρα.

242 281 276 308 de
297 286 397 308 emero
414 281 490 308 solus
517 285 577 308 erat
598 281 624 308 in
647 282 787 314 columna,
809 282 930 317 seipsum
949 282 1035 310 collo-

242 334 309 354 caus
335 327 362 354 in
392 327 455 354 cmii
482 332 510 354 et
538 331 617 354 terra:
636 327 770 361 conﬁnio;
793 328 829 355 ab
855 329 906 355 hac
928 328 1039 364 quidem

242 374 379 402 recedens
409 381 493 401 carne
515 379 544 402 et
558 374 669 409 spiritu,
684 374 719 401 ad
735 374 802 402 illud
818 379 911 402 autem
927 379 1040 403 conten-

243 421 324 448 dens.

277 490 346 518 XVI.
357 489 419 518 Haec
434 495 527 518 autem
553 499 607 518 non
637 495 744 526 poterat
759 491 870 520 invidus
884 493 956 521 ferre
974 501 1041 522 ocu-

243 538 298 568 lus.
322 545 411 572 neque
426 537 497 572 patri
516 537 625 565 invidia:
635 543 715 565 erant
733 538 777 566 illa
795 539 960 568 tolerabilia.
980 541 1035 568 Sed

243 590 306 610 cum
321 583 374 610 loci
393 583 520 611 dominus
534 584 567 611 ad
584 584 681 612 horum
707 585 827 614 venisset
854 587 1038 622 cognitionem

243 629 314 664 (erat
327 633 417 656 autem
446 629 485 656 illi
505 630 769 666 nomen,Gelasius),
783 631 986 660 inconsiderate
999 633 1038 660 ira

241 675 336 703 animo
352 675 543 710 perturbatus,
559 681 608 703 aut
622 677 714 712 potius
731 677 861 705 daemonis
873 678 1038 714 importuni-

207 714 211 742 ἶ
242 725 297 749 tate
322 726 489 754 commotus,
508 728 536 750 et
548 722 683 751 adversus
696 728 821 752 sanctum
836 725 926 752 virum
945 725 1039 753 furore

241 767 362 802 percitus
373 768 466 803 (causa
488 774 581 796 autem
601 770 812 804 praetexebatur,
822 771 896 806 quod
911 779 965 799 non
977 780 1037 800 eam

240 814 380 849 posuisset
390 815 531 843 voluntate
541 815 625 849 illius)
636 816 794 850 imperatori
809 817 921 851 quidem
935 826 1039 846 renun-

241 862 292 887 tiat
304 859 332 887 id
344 861 419 895 quod
435 861 536 889 factum
552 862 653 889 fuerat.
675 863 826 890 Renuntiat
846 868 938 891 autem
955 865 1037 892 etiam

241 905 385 934 Gennadio
423 907 458 942 (is
474 907 547 935 enim
575 908 743 936 constitutus
771 909 860 937 fuerat
892 910 1038 945 episcopus

1089 285 1134 312 νοῦ
1158 294 1189 312 τε
1218 285 1337 320 καὶτῆς
1364 286 1425 320 γῆς,
1453 287 1535 322 σαρκὶ
1573 287 1622 322 μὲν
1658 289 1705 314 καὶ
1745 289 1881 323 πνεύματι

1094 333 1291 368 ἀφιστάμενος,
1309 333 1378 368 πρὸς
1403 333 1431 360 δὲ
1456 333 1501 360 τὸν
1527 334 1717 370 ἐπειγόμενος.

1125 488 1185 522 ις’.
1203 488 1296 516 Ταῦτα
1304 488 1331 516 δὲ
1346 491 1391 517 τὸν
1403 490 1538 526 βάσκανον
1550 491 1690 527 ὀφθαλμὸν
1699 493 1749 519 οὐκ
1759 490 1794 528 ἦν
1803 492 1881 526 ἐνεγ-

1090 535 1160 568 κεῖν,
1172 536 1311 571 οὺδάὐτῷ
1328 537 1425 572 ἐκείνῳ
1443 537 1482 573 τῷ
1495 538 1542 564 τοῦ
1552 538 1648 573 φθόνου
1661 539 1745 574 πατρὶ
1761 539 1880 575 φορητά.

1097 582 1166 609 Ἀλλ’
1175 583 1189 609 ὸ
1196 582 1243 610 τοῦ
1255 584 1339 610 τόπου
1349 584 1451 618 Κύριος
1460 585 1499 616 είς
1511 585 1611 618 γνῶσιν
1619 585 1720 612 τούτων
1727 586 1821 618 ἐλθὼν,
1831 586 1882 612 Γε-

1090 628 1182 660 λάσιος
1190 629 1286 664 ἐκείνῳ
1294 629 1424 665 τοῦνομα,
1435 630 1570 666 ἀλογίστῳ
1578 631 1656 666 Θυμῷ
1666 632 1716 667 τὴν
1725 632 1813 667 ψυχὴν
1821 633 1880 659 δια-

1090 675 1272 711 ταραχθεὶς,ῆ
1282 676 1382 711 μᾶλλον
1389 677 1534 712 δαιμονίως
1543 677 1683 713 σκαιότητι
1690 678 1823 712 κινηθεὶς,
1832 679 1879 705 καὶ

1090 721 1214 749 κατάτοῦ
1223 722 1296 749 ὁσίου
1309 723 1408 757 ἀνδρὸς
1416 724 1557 758 ἐκμανεὶς,
1568 723 1616 751 καὶ
1625 724 1641 758 ἡ
1649 723 1723 750 αἰτία
1729 724 1759 750 τὸ
1767 724 1879 758 μὴγνώ-

1091 776 1130 803 μῃ
1143 768 1248 795 ἐκείνου
1261 768 1308 795 τὸν
1319 769 1416 796 στῦλον
1426 772 1455 796 ἐν
1464 771 1519 801 τοῖς
1530 770 1635 796 ἐκείνου
1646 769 1816 805 ἱδρύσασθαι,
1829 769 1879 804 ἀγ-

1089 814 1178 847 γέλλει
1197 815 1247 849 μὲν
1262 815 1368 850 βασιλεῖ
1384 816 1415 842 τὸ
1437 816 1570 851 πραχθὲν,
1589 815 1714 850 ἀγγέλλει
1745 816 1773 842 δὲ
1799 815 1878 842 τοῦτο

1090 861 1137 886 καὶ
1150 859 1293 896 Γενναδίῳ,
1302 858 1379 892 οὗτος
1392 861 1446 897 γὰρ
1459 862 1607 893 ἐπίσκοπος
1621 862 1879 888 Κωνσταντινουπό-

1088 905 1156 938 λεως
1170 907 1239 941 μετά
1253 906 1302 942 τὴν
1319 907 1472 934 ’Δνατολίου
1484 908 1633 934 καθίστατο
1647 907 1785 940 τελευτήν.
1797 907 1879 934 Βασι-

239 951 562 988 Constantinopolitanus
587 959 648 988 post
667 954 811 982 decessum
829 955 971 990 Anatolii).
988 955 1035 983 At-

1088 952 1130 978 λεί
1144 953 1193 987 μὲν
1207 950 1255 979 οὖν
1282 953 1369 987 λέγων
1395 954 1510 988 ἀνήκοος
1525 951 1559 988 ἦν
1569 962 1575 969 ·
1593 954 1606 980 ὁ
1617 953 1644 979 δὲ
1661 953 1808 984 ἐπίσκοπος
1823 953 1879 981 είτι

239 1007 293 1034 que
308 999 342 1026 ab
358 999 524 1034 imperatore
534 1001 645 1035 quidem
663 1001 758 1029 dicens
775 1009 830 1028 non
849 1001 901 1028 fuit
923 1001 1037 1029 exaudi-

241 1050 296 1077 tus;
313 1045 467 1081 episcopus
481 1054 548 1073 vero
564 1047 666 1074 invidia
678 1052 781 1086 motus,
796 1055 842 1075 seu
857 1048 881 1075 ei
898 1048 945 1083 qui
959 1056 1037 1084 roga-

239 1097 282 1119 rat
297 1091 464 1125 concedens,
479 1100 533 1120 non
555 1093 642 1120 solum
659 1094 790 1122 censebat
812 1099 936 1122 sanctum
956 1102 971 1122 ε
989 1102 1037 1122 co-

239 1138 331 1166 lumna
347 1138 546 1174 dejieicnzlum,
564 1139 612 1166 sed
627 1139 711 1166 etiam
722 1147 809 1173 pinna!
821 1140 1035 1175 subjiciendum.

238 1185 320 1213 Redit
335 1193 401 1220 ergo
413 1185 539 1225 Gelasius
551 1190 626 1213 totus
643 1186 683 1213 ira
696 1187 827 1221 percitus,
842 1187 911 1214 alios
924 1194 1037 1222 quoque

239 1232 342 1259 multos
370 1239 462 1259 secum
488 1239 641 1264 assumens,
661 1237 689 1258 et
705 1240 720 1259 e
751 1232 878 1259 columna
907 1237 1035 1259 sanctum

238 1278 336 1305 volens
355 1277 513 1305 detrahere.
537 1277 590 1305 Sed
620 1278 667 1312 qui
686 1285 795 1312 semper
818 1277 844 1304 in
862 1277 964 1305 sanctis
979 1277 1037 1305 suis

237 1329 281 1352 est
295 1324 467 1351 admirabilis
482 1324 624 1356 Dominus,
641 1324 732 1356 qualia
745 1331 820 1351 nunc
832 1331 942 1359 quoque
959 1323 1035 1357 fecit,

239 1371 316 1398 illum
334 1370 468 1398 audacter
483 1370 660 1396 insultantem
676 1370 842 1404 reprimens,
858 1375 885 1397 et
900 1371 960 1405 ejus
975 1377 1036 1398 ser-

239 1424 316 1450 vum,
326 1415 374 1451 qui
384 1421 444 1443 erat
454 1416 589 1446 occultus,
599 1415 749 1450 gloriosum
757 1415 962 1443 eﬂiciens.Nam
973 1424 1035 1443 cum

237 1467 311 1490 esset
329 1461 447 1489 maxima
463 1461 597 1489 serenitas
616 1466 744 1496 essetque
760 1470 807 1489 aer
829 1470 916 1497 purus
933 1467 960 1490 et
976 1462 1037 1489 lim-

239 1508 330 1544 pidus,
345 1509 434 1536 nubes
448 1513 561 1543 repente
572 1514 786 1539 concurrerunt.
799 1513 826 1535 et
840 1513 901 1535 orta
916 1513 958 1536 est
970 1510 1037 1536 cali-

239 1562 284 1590 go.
301 1559 326 1582 et
343 1555 492 1582 vehemens
517 1553 608 1589 pluvia
624 1558 651 1581 et
666 1554 770 1589 grando
784 1554 912 1582 deorsum
928 1554 1036 1582 fereba-

240 1605 295 1627 tur.
313 1599 474 1634 Tantusque
496 1603 556 1626 erat
571 1600 630 1635 ejus
646 1599 775 1634 impetus,
792 1606 820 1626 et
837 1604 893 1627 tam
910 1600 1036 1634 ingentes

239 1647 319 1674 mina
343 1646 392 1673 ira:
408 1653 547 1681 superum,
567 1650 595 1673 ut
618 1646 701 1673 etiam
718 1646 813 1673 vitium
827 1647 958 1674 caderent
972 1646 1036 1674 folia

239 1699 267 1721 et
283 1693 416 1727 pampini,
437 1700 492 1720 non
520 1692 608 1719 solum
635 1692 741 1720 fructus
759 1701 766 1719 ε
783 1697 843 1720 erat
870 1693 944 1720 enim
971 1698 1037 1722 tunc

240 1743 348 1773 tempus
364 1739 521 1766 vindemiae.
537 1737 589 1765 Sed
620 1746 671 1765 nec
687 1738 745 1765 hmo
774 1738 885 1773 quidem
901 1739 1034 1773 reprime-

240 1785 308 1811 bant
322 1785 440 1812 amentis
456 1784 612 1812 stultitiam.
635 1784 687 1811 Sed
704 1791 768 1811 cum
785 1792 838 1812 non
855 1784 973 1811 multum
988 1784 1036 1811 ab-

239 1830 348 1863 fuisset,
374 1831 440 1866 quin
464 1830 509 1858 ille
532 1830 644 1865 periret,
661 1838 697 1858 ne
723 1831 762 1858 sic
778 1830 888 1865 quidem
912 1831 1036 1858 discebat

238 1881 383 1913 sapere,et
400 1884 429 1904 se
443 1877 585 1904 moderate
600 1884 695 1912 gerere
707 1885 714 1908 ;
727 1884 816 1912 neque
830 1877 941 1904 volebat
952 1878 1033 1909 scire,

237 1929 340 1959 quanta
364 1931 484 1958 superna
511 1923 599 1958 gratia
622 1923 805 1958 locupletatus
830 1929 904 1951 esset
924 1923 1029 1952 Daniel.

1089 998 1179 1033 φθόνῳ
1191 999 1274 1024 εῐκων
1290 999 1305 1034 ἢ
1329 998 1376 1025 καὶ
1391 999 1430 1034 τῷ
1439 999 1563 1033 δεηθέντι
1577 998 1768 1034 χαριζόμενος,
1785 999 1815 1026 οὐ
1830 998 1878 1026 τοῦ

1089 1045 1187 1071 στύλου
1202 1045 1400 1080 κατενεχθῆναι
1422 1046 1512 1081 μόνον,
1528 1045 1595 1073 ἀλλά
1610 1046 1657 1072 καὶ
1670 1045 1800 1080 ἐπιτιμίῳ
1814 1045 1879 1072 ὑπο-

1088 1091 1220 1126 ϐληθῆναι
1230 1091 1275 1118 τδν
1287 1091 1365 1125 ἅγιον
1381 1092 1511 1119 ἐδικαίου.
1528 1092 1649 1119 ¹Ἀνειοίν
1659 1089 1707 1118 οὖν
1721 1091 1740 1118 ό·
1751 1092 1878 1123 Γελάσιος

1087 1137 1147 1168 ὅλος
1158 1136 1245 1172 ὀργῆς
1264 1137 1303 1164 ὢν
1314 1138 1428 1173 συχνοὺς
1445 1138 1494 1164 καὶ
1508 1138 1605 1170 ἀλλους
1620 1138 1682 1173 μεθ’
1695 1137 1795 1164 ἑαυτοῦ
1811 1147 1879 1173 συμ-

1088 1183 1267 1218 παραλαὸὼν,
1288 1185 1335 1212 καὶ
1352 1184 1399 1210 τοῦ
1421 1183 1517 1210 στύλου
1532 1184 1577 1210 τὸν
1595 1185 1673 1218 ἆγιον
1693 1184 1793 1211 ἐθέλων
1813 1193 1880 1211 κατ-

1087 1231 1218 1264 ενεγκεῖν.
1247 1231 1317 1257 Ἀλλ’
1333 1231 1346 1256 ὸ
1358 1230 1402 1257 ἀεὶ
1416 1230 1573 1266 θαυμαστὸς
1586 1231 1615 1258 ἐν
1625 1232 1681 1262 τοῖς
1691 1231 1781 1264 ἁγίοις
1795 1229 1878 1257 αὑτοῦ

1088 1276 1190 1311 Κύριος
1209 1274 1253 1303 οἵα
1268 1279 1314 1304 καὶ
1331 1277 1380 1304 νῦν
1395 1277 1491 1310 ἐποίει,
1512 1277 1615 1316 ἐκεῖνόν
1631 1286 1660 1303 τε
1678 1277 1878 1313 θρασυνόμενον

1088 1323 1277 1356 ἀναστέλλων,
1310 1325 1357 1350 καὶ
1389 1324 1435 1351 τὸν
1466 1324 1551 1351 αὑτοῦ
1577 1324 1730 1360 Θεράποντα
1759 1324 1878 1357 δοξάζων

1087 1370 1291 1404 κρυπτόμενον’
1321 1370 1411 1402 εὐδίας
1437 1371 1491 1404 γὰρ
1508 1371 1640 1405 ἀκριϐοῦς
1661 1370 1746 1405 οὔσης
1768 1372 1814 1398 καὶ
1830 1369 1878 1398 τοῦ

1087 1417 1167 1451 ἀέρος
1191 1416 1315 1451 ἀλαμπὲς
1343 1416 1420 1443 οὐδὲν
1445 1416 1554 1451 ἔχοντος
1575 1417 1643 1452 νέφη
1670 1426 1698 1443 τε
1726 1417 1878 1451 συνέδραμε

1087 1463 1245 1496 παραυτίκα
1263 1463 1308 1489 καὶ
1324 1462 1424 1497 ὁμίχλη
1442 1464 1624 1497 προσέπιπτε,
1641 1463 1689 1490 καὶ
1710 1464 1788 1495 ὖετδς
1811 1465 1880 1498 ῥαγο

1087 1507 1160 1538 δαῖος
1188 1508 1236 1534 καὶ⁸
1261 1508 1367 1542 χάλαζα
1392 1508 1640 1543 συγκατεφέροντο.
1671 1509 1725 1535 Καὶ
1750 1508 1878 1535 τοσοῦτον

1087 1553 1189 1588 ταύτης
1205 1555 1221 1589 ἡ
1235 1554 1337 1589 ἐμϐολὴ
1352 1555 1400 1581 καὶ
1413 1555 1430 1590 ὴ
1445 1554 1495 1589 τῆς
1508 1554 1611 1581 ἀνωθεν
1624 1555 1710 1590 ὀργῆς
1728 1556 1827 1590 ἀπειλὴ
1841 1556 1880 1588 ὡς

1088 1600 1136 1626 καὶ
1155 1600 1189 1626 τὰ
1205 1600 1258 1627 τῶν
1282 1601 1414 1636 ἀμπέλων
1430 1601 1603 1637 ἀπορῤεῦσαι
1627 1602 1726 1635 φύλλα,
1744 1602 1781 1637 μὴ
1794 1603 1834 1629 ὅτι
1847 1611 1880 1637 γε

1089 1646 1134 1672 τὸν
1151 1647 1268 1681 καρπὸν,
1294 1647 1431 1681 τρυγητδς
1451 1646 1506 1682 γὰρ
1530 1644 1575 1682 ἦν.
1590 1647 1659 1674 Οὑδέ
1680 1647 1768 1674 ταῦτα
1787 1648 1879 1682 ἐπεῖχε

1089 1692 1138 1727 τὴν
1153 1692 1200 1719 τοῦ
1215 1692 1454 1728 παραφρονοῦντος
1467 1693 1625 1720 ἀσυνεσίαν’
1641 1693 1710 1720 ἀλλά
1731 1694 1776 1720 κα)⁸
1796 1694 1880 1728 ἐγγὺς

1089 1739 1192 1770 ἐκεῖνος
1205 1738 1251 1765 τοῦ
1267 1738 1415 1765 ἀπολέσθαι
1436 1739 1594 1774 γενόμενος,
1617 1739 1678 1766 οὐδέ
1694 1739 1781 1771 οὕτως
1796 1740 1881 1774 ἐμάν-

1090 1785 1155 1813 θανε
1181 1787 1342 1820 σωφρονεῖν,
1366 1785 1420 1812 οὐδ’
1450 1786 1512 1812 ὅσον
1546 1785 1672 1812 ἐπλούτει
1701 1786 1801 1821 Δανιὴλ
1830 1787 1880 1821 τὴν

1090 1833 1193 1860 ἀνωθεν
1219 1832 1301 1867 χάριν
1320 1831 1398 1866 ἠξίου
1424 1832 1538 1867 μαθεῖν·
1565 1832 1634 1859 ἀλλά
1661 1833 1812 1860 meum:qu
1835 1833 1881 1860 καὶ

1089 1878 1233 1912 διάῆροχος
1251 1879 1298 1904 σὺν
1310 1879 1366 1909 τοῖς
1381 1879 1449 1912 ἀμφ’
1468 1878 1549 1905 αὐτὸν
1571 1879 1693 1906 ἐπελθὼν
1716 1880 1880 1914 ἠγανάκτει,

1091 1923 1235 1958 διηπείλει,
1248 1923 1324 1956 ἐϐόα,
1341 1925 1518 1959 κατενεγκεῖν
1532 1925 1576 1951 τδν
1593 1925 1665 1952 ὅσιον
1679 1927 1826 1961 ἐπεχείρει.

237 1971 292 1998 Sed
317 1971 463 2003 anhelans,
488 1977 515 1998 et
538 1971 719 2002 madefactus.
748 1980 810 1998 cum
840 1972 874 1999 iis
896 1972 944 2007 qui
968 1972 1042 2000 circa
1061 1981 1123 2000 cum
1147 1977 1238 2007 erant,
1265 1980 1419 2009 aggressus,
1462 1973 1670 2009 indignabatur,
1711 1974 1880 2008 minabatur,

236 2017 383 2050 clamabat,
393 2021 422 2046 et
435 2017 554 2053 dejicere
568 2023 694 2046 sanctum
714 2018 934 2053 aggrediebatur.

272 2090 366 2118 XVIII.
405 2090 459 2118 Sed
477 2095 622 2126 postquam
635 2091 683 2126 qui
701 2099 763 2118 cum
778 2099 811 2119 eo
824 2096 916 2124 erant,
936 2092 962 2120 ei
975 2100 1036 2127 quae

235 2141 314 2165 erant
329 2137 442 2172 optima,
458 2142 664 2172 suggesserunt,
680 2137 804 2165 dicentes
828 2146 880 2165 nec
898 2146 958 2166 esse
987 2147 1035 2166 eo-

235 2183 358 2210 lumnam
375 2191 442 2218 agro
465 2184 658 2219 propinquam,
675 2189 702 2212 et
721 2184 786 2211 hinc
800 2184 824 2212 ei
841 2184 944 2211 nullam
960 2185 1034 2212 futu-

1126 2093 1175 2119 lZ'.
1203 2091 1279 2118 Ἐπεὶ
1294 2091 1322 2118 δὲ
1333 2091 1357 2118 οἱ
1375 2091 1502 2123 συνόντες
1517 2091 1551 2118 τά
1568 2090 1696 2126 βέλτιστα
1708 2092 1882 2126 εἰσηγοῦντο,

1088 2138 1126 2170 ὼς
1140 2138 1201 2165 οὔτε
1217 2139 1231 2165 ὁ
1242 2138 1308 2164 κίων
1325 2137 1440 2172 ἔγγιστα
1455 2137 1501 2164 τοῦ
1523 2137 1619 2172 ἀγροῦ,
1636 2138 1770 2172 λέγοντες,
1790 2138 1880 2165 ἐντεῦ-

1088 2184 1134 2210 θέν
1158 2193 1188 2211 τε
1214 2183 1274 2210 οὑδέ
1302 2183 1366 2219 μίαν
1389 2183 1499 2218 δχλησιν
1515 2182 1637 2216 ἐξει,ὅτι
1663 2183 1700 2219 μὴ
1723 2185 1767 2210 καὶ
1792 2185 1880 2219 εὐχῶν

236 2238 293 2256 ram
317 2229 484 2262 molestiam;
507 2230 562 2256 imn
581 2237 647 2257 vero
664 2238 728 2257 eum
745 2235 940 2265 percepturum
960 2230 1034 2258 iruc-

1089 2231 1189 2266 μᾶλλον
1201 2230 1351 2257 ἀπολαύσει
1369 2229 1486 2262 πολλῶν,
1504 2230 1552 2256 καὶ
1568 2229 1738 2264 λυσιτελήσει
1755 2230 1830 2265 αὐτῷ
1845 2231 1881 2258 τὰ

182 2281 186 2284 ·
236 2281 294 2304 tum
315 2276 466 2303 multarum
482 2276 650 2309 orationum,
663 2282 691 2304 et
702 2277 728 2304 ci
743 2276 866 2304 futurum
882 2277 962 2304 valde
981 2277 1035 2304 uli-

234 2323 300 2357 lem,
316 2331 378 2350 cum
395 2324 431 2350 sit
456 2323 548 2350 bonus
570 2324 688 2356 vicinus;
707 2328 853 2358 postquam
879 2324 938 2351 haec
958 2324 1036 2351 dixe-

235 2375 309 2403 runt,
327 2374 536 2405 persuaserunt.
555 2369 587 2397 Et
606 2374 671 2397 tunc
683 2369 794 2404 quidem
814 2370 894 2405 jussit
921 2370 1035 2397 descen-

234 2415 312 2447 dere,
339 2415 455 2450 pudore,
482 2420 511 2442 ut
532 2415 662 2447 arbitror,
683 2419 775 2442 motus
795 2421 906 2450 propter
923 2423 971 2443 eos
987 2416 1034 2451 qui

235 2461 363 2494 aderant,
392 2469 425 2488 ne
440 2461 583 2488 videretur
608 2461 713 2488 frustra
735 2462 856 2495 venisse;
874 2467 970 2497 postea
985 2470 1034 2489 au-

236 2512 291 2535 tem
308 2507 333 2534 ei
353 2515 450 2534 rursus
469 2507 652 2542 pollicebatur
675 2514 830 2541 ascensum,
845 2513 872 2534 et
896 2516 958 2535 cum
973 2516 1034 2535 rur-

232 2561 280 2581 sus
311 2553 494 2584 ascendisset,
524 2556 657 2587 quantum
686 2553 830 2585 voluisset,
859 2562 1032 2582 mansurum.

231 2600 301 2628 Cum
330 2607 433 2633 autem,
448 2601 584 2627 columna:
604 2601 725 2628 admotis
749 2601 840 2633 scalis,
856 2607 967 2629 sanctus
985 2603 1033 2630 dc-

231 2647 387 2679 scenderet,
410 2651 437 2674 et
456 2646 511 2682 jam
537 2647 564 2674 in
591 2651 669 2674 sexto
692 2648 776 2682 gradu
801 2649 898 2683 pedem
927 2649 1032 2684 figeret,

230 2700 295 2719 eum
307 2692 354 2727 qui
376 2695 435 2719 erat
457 2691 627 2725 inﬂexibilis,
654 2693 728 2728 cepit
750 2693 950 2726 misericordia,
966 2695 1033 2722 dum

232 2737 294 2765 illos
318 2738 428 2765 videret
454 2737 539 2772 pedes
555 2743 684 2772 tanquam
710 2738 778 2766 alias
796 2739 948 2771 columnas,
964 2747 1033 2774 quos

233 2790 282 2817 per
299 2788 370 2810 totas
396 2787 493 2810 noctes
512 2787 540 2810 et
562 2783 621 2811 dies
633 2785 767 2812 stationes
793 2785 972 2812 reddiderant
991 2790 1034 2812 tu-

234 2829 325 2856 midos
337 2833 363 2856 et
387 2830 535 2862 ulceratos,
553 2834 581 2857 et
600 2830 762 2858 vulneribus
781 2831 888 2866 plenos.
908 2831 973 2864 Qum
988 2831 1033 2860 ille

234 2881 298 2900 erm
317 2878 430 2907 stupore
455 2875 671 2908 contemplatus,
692 2881 719 2904 et
735 2883 860 2904 sanctum
880 2877 1029 2911 adjuravit,

237 2922 267 2947 ut
277 2926 372 2947 rursus
383 2918 496 2953 rediret,
507 2925 532 2947 et
544 2920 656 2950 audacis
668 2923 710 2951 sui
723 2923 806 2959 coepti
819 2924 897 2959 petiit
908 2924 1028 2952 \‘cuiam.

1088 2277 1204 2312 μέγιστα
1237 2276 1336 2310 γείτων
1359 2276 1461 2310 ἀγαθὸς
1488 2275 1544 2302 ὤν’
1576 2277 1637 2302 ἐπεὶ
1663 2276 1750 2302 ταῦτα
1775 2276 1879 2310 ελεγον,

1086 2324 1205 2351 ἔπειθον.
1226 2324 1282 2350 Καὶ
1296 2322 1357 2349 τότε
1371 2323 1420 2357 μὲν
1440 2322 1549 2349 ἐκέλευε
1565 2322 1706 2349 κατελθεῖν
1724 2322 1759 2348 δι’
1775 2322 1879 2354 αἰδοῦς,

1085 2368 1173 2404 οἶμαι,
1199 2370 1262 2401 τοὺς
1288 2370 1426 2404 παρόντας
1456 2367 1629 2401 ποιούμενος,
1652 2368 1696 2394 ἵνα
1722 2368 1760 2403 μὴ
1791 2369 1880 2404 μάτην

1086 2415 1232 2449 ἀφικέσθαι
1249 2415 1326 2451 δοκῇ,
1345 2414 1460 2449 ὕστερον
1482 2414 1511 2440 δέ
1534 2414 1610 2450 αὑτῷ
1637 2414 1762 2447 καὶ-τὴν
1788 2414 1880 2441 ἄνοδον

1086 2462 1254 2497 ὑπισχνεῖτο,
1270 2461 1316 2488 καὶ
1331 2461 1478 2487 ἀνελθόντα
1495 2460 1590 2496 μένειν
1611 2460 1654 2494 ἐφ’
1670 2461 1732 2487 ὅσον
1746 2460 1877 2494 βούλοιτο.

1093 2507 1169 2534 Ἐπεὶ
1198 2507 1265 2540 γοῦν
1296 2506 1431 2541 κλίμακος
1461 2505 1705 2541 προοερεισθείσης
1734 2506 1773 2541 τῷ
1809 2507 1878 2533 κίονι

1086 2553 1183 2589 κατῄει
1201 2554 1214 2579 ό
1237 2553 1320 2584 ὅσιος,
1334 2553 1381 2579 καὶ
1397 2552 1431 2586 δὴ
1446 2552 1516 2587 πρὸς
1534 2552 1583 2586 τὴν
1597 2552 1680 2587 ἐκτην
1699 2552 1739 2578 ἔτι
1763 2552 1880 2587 βαθμῖδα

1085 2600 1131 2626 τὸν
1160 2599 1228 2625 πόδα
1253 2598 1370 2634 ἤρειδεν,
1405 2596 1497 2629 οἶκτος
1526 2598 1606 2625 ἐλασε
1635 2598 1681 2625 τὸν
1708 2599 1877 2632 ἀμείλικτον,

1085 2645 1192 2680 δρῶντα
1207 2645 1292 2676 πόδας
1320 2645 1443 2676 ἐκείνους
1469 2645 1507 2676 ὡς
1537 2645 1648 2680 ἐτέρους
1674 2644 1766 2676 κίονας
1783 2644 1831 2676 οὒς
1849 2644 1878 2671 αἱ

1085 2693 1218 2727 πάννυχοι
1236 2692 1345 2722 στάσεις
1360 2691 1407 2718 καὶ
1423 2691 1590 2726 πανημέριοι
1607 2690 1747 2722 οίδοῠντας
1762 2691 1810 2718 καὶ.
1829 2691 1878 2726 ἡλ-

1085 2739 1226 2774 κωμένους
1246 2738 1293 2764 καὶ
1306 2737 1473 2772 τραυμάτων
1493 2736 1608 2771 πλήρεις
1621 2736 1761 2764 ἐδείκνυον
1774 2745 1781 2752 ·
1795 2737 1813 2764 ἃ
1832 2737 1878 2763 καὶ

1085 2785 1154 2820 πρὸς
1181 2784 1315 2820 ἔκπληξιν
1343 2783 1513 2818 θεασάμενος
1540 2783 1655 2819 ὥρκωσὲ
1681 2792 1710 2810 τε
1730 2783 1814 2810 πάλιν
1833 2783 1877 2809 τὸν

1084 2833 1158 2859 ὅσιον
1172 2831 1303 2864 ἀνελθεῖν,
1326 2830 1373 2857 καὶ
1401 2830 1570 2865 συγγνώμην
1593 2830 1654 2865 ᾔτει
1685 2829 1732 2856 τοῦ
1753 2830 1879 2864 ἐγχειρήέ

1087 2887 1182 2914 ματος,
1196 2878 1332 2912 ’Ὕστερον
1346 2877 1374 2903 δὲ
1390 2876 1466 2912 αὐτῷ
1481 2876 1527 2903 καὶ
1537 2876 1583 2902 τὸν
1597 2875 1674 2903 κίονα
1691 2876 1797 2910 ἵστησιν
1812 2876 1879 2910 ὑψη-

1085 2924 1206 2958 λότερον,
1226 2924 1273 2950 καὶ
1289 2924 1317 2950 τὸ
1335 2923 1423 2958 πάχος
1440 2923 1628 2958 στερῤὀτςρον,
1646 2923 1694 2950 καὶ
1716 2922 1766 2956 τὴν
1787 2921 1876 2956 piam
