2049 3151
146 161 202 195 993
690 161 782 193 VITA
804 161 836 191 S.
855 159 1039 191 DANIELIS
1061 160 1247 190 STYLIT/E.
1722 158 1779 190 .994

150 217 198 244 καὶ
213 215 295 244 τᾶλλα
309 215 545 252 πολυτελέστερον,
560 215 686 252 γνώριμα
703 217 752 243 καὶ
770 216 844 251 αὺτῷ
859 216 933 251 βασι-

988 213 1085 242 Postea
1111 221 1176 241 vero
1208 214 1233 241 ei
1261 221 1371 249 quoque
1399 214 1554 243 columnam
1585 207 1780 250 posuitexcel-

150 261 193 288 λεῖ
215 262 249 289 τὰ
279 262 328 297 τῆς
353 262 492 297 ὑπομονῆς
520 262 625 288 ἐκείνου
649 261 763 296 καὶτῆς
789 261 933 297 καρτερίας

989 261 1100 292 siorem,
1115 265 1143 287 et
1159 260 1344 288 crassitudine
1361 260 1535 292 validiorem,
1559 260 1673 295 basique
1687 265 1714 287 et
1728 268 1780 287 cm—

151 307 272 341 θέμενος.
292 308 391 342 Ἤρκει
409 308 459 342 μὲν
483 305 529 335 οὖν
544 309 591 334 καὶ
607 308 694 335 ταῦτα
717 307 832 334 πλεῖστά
847 315 874 333 τε
890 307 933 332 καὶ

991 306 1059 333 teris
1083 305 1358 340 magniﬁcentiorem.
1385 310 1411 332 et
1433 306 1467 332 de
1490 307 1564 333 illius
1590 307 1722 341 patientia
1752 311 1780 334 ct

151 352 258 387 μεγάλα
272 352 438 387 τυγχάνοντα
455 352 540 384 δεῖξαι
553 352 598 378 τὸν
615 352 662 378 τοῦ
677 352 751 378 ὁσίου
767 351 824 386 βίον
842 351 889 377 καὶ
901 347 933 384 ἦς

990 350 1134 378 tolerantia
1170 350 1360 385 imperatorem
1397 351 1516 378 reddidit
1543 353 1700 379 certiorem.
1731 353 1780 379 At-

149 398 230 429 αὸτδς
242 398 341 433 ἠξίωτο
355 399 430 434 παρὰ
443 398 511 426 Θεοῦ
524 399 644 434 χάριτος.
660 398 690 425 '0
701 398 728 425 δέ
751 397 828 431 λόγος
849 396 933 432 μικρὰ

988 404 1043 431 que
1070 397 1128 423 ha:c
1153 396 1264 430 quidem
1285 397 1528 432 sullicerent,qu:e
1555 403 1619 425 sunt
1649 399 1777 432 pluritna,

149 443 235 470 ταῦτα
250 445 296 470 καὶ
310 445 391 470 οίονεὶ
409 446 527 478 στοιχεῖα.
544 445 590 471 καὶ
609 444 695 480 ἀρχὰς
711 444 884 478 λογιζόμενος
900 442 933 470 τὰ

987 447 1016 470 ct
1026 443 1189 473 maxima.ad
1201 443 1288 470 sancti
1296 443 1379 470 vitam
1387 443 1596 472 ostendendam.
1613 449 1638 471 et
1652 445 1778 478 gratiam,

151 489 239 524 πολλῷ
252 489 363 524 μείζονα
377 489 479 516 τούτων
495 490 591 525 δηλοῦν
604 491 757 524 ἐπείγεται.

988 496 1070 524 quam
1089 489 1147 523 ipse
1162 496 1177 516 a
1195 489 1250 515 Deo
1269 492 1488 516 eratassccutus.
1508 489 1602 517 Oratio
1615 495 1704 517 autem
1722 490 1780 522 haec

157 544 240 571 parva
267 544 327 564 esse
347 537 534 570 considerans,
558 544 585 564 et
609 541 737 571 tanquam
757 535 891 563 elementa
929 542 960 562 ac
994 535 1140 571 principia,
1166 543 1226 570 qure
1253 539 1316 563 sunt
1337 535 1379 563 his
1404 535 1482 571 longe
1513 537 1625 571 majora,
1653 539 1781 572 properat

151 583 303 615 declarare,

185 630 239 658 lﬂ’.
259 628 330 657 τ11)ιέ
341 639 382 663 τις
394 630 463 666 μετὰ
480 630 578 665 μικρὸν
591 630 657 665 πρὸς
671 630 716 656 τὸν
729 630 801 657 ὅσιον
813 630 843 657 τδ
856 629 934 665 γένος

148 676 234 712 Θρᾲξ,
248 677 299 712 τὴν
310 676 417 712 ἡλικίαν
430 677 601 711 γεγηρακὼς,
612 677 661 706 τὰς
672 676 718 703 τοῦ
734 676 791 712 βίου
807 677 934 712 ἀφορμὰς

148 721 218 756 ἔχων
231 721 285 748 ἀπὸ
296 720 343 747 τοῦ
354 721 387 748 τὰ
401 721 551 755 συμϐόλαια
565 721 681 756 γράφειν
692 740 700 753 ,
716 722 827 756 νομικὴν
839 720 933 748 τοῦτον

147 767 220 794 εἴποι
241 766 340 801 Ἕλλην
366 767 446 801 ἁνήρ.
469 765 553 798 Οὗτος
577 767 659 793 παῖδα
687 767 779 801 φέρων
803 767 934 802 μονογενῆ

147 812 284 847 πνεύματι
316 811 427 846 πονηρῷ
455 811 580 846 κάτοχον,
609 812 665 843 θεὶς
695 812 777 838 αὐτὸν
807 812 859 847 πρὸ
887 811 933 838 τοῦ

147 859 238 889 κίονος
255 857 361 892 δάκρυά
373 865 403 883 τε
420 857 495 893 ἔρρει
515 857 569 884 τῶν
583 857 742 891 ὀφθαλμῶν,
756 857 803 883 καὶ
823 857 934 892 ῥήματα

147 903 302 938 προσετίθει
313 903 367 930 τῶν
379 903 504 938 δακρύων
513 902 767 938 ἐλεεινότερα.”ορσ
780 903 834 936 γὰρ
847 902 933 933 πόσας

1021 629 1113 656 XVIII.
1122 628 1200 657 Venit
1210 629 1290 664 paulo
1302 633 1363 664 post
1374 628 1484 663 quidam
1494 628 1527 656 ad
1539 634 1673 660 sanctum,
1689 629 1779 657 Thrax

985 675 1096 710 quidem
1122 683 1231 710 genere.
1258 679 1338 702 astate
1367 679 1459 702 autent
1485 682 1578 703 senex.
1593 674 1639 709 qui
1664 683 1696 702 ex
1710 675 1779 702 scri-

985 720 1085 747 bendis
1102 720 1291 747 contractibus
1309 720 1361 748 sibi
1383 721 1485 747 victum
1504 721 1616 755 parabat
1631 729 1638 749 :
1656 721 1779 754 νομικὸν,

987 764 1014 792 id
1043 770 1103 796 est,
1133 765 1201 800 legis
1227 765 1357 800 peritum,
1385 770 1485 793 vocant
1514 765 1611 793 Gnaei.
1639 765 1664 792 Is
1693 766 1778 792 tilium

988 811 1079 838 ferens
1105 812 1261 845 unigenam,
1285 810 1332 845 qui
1350 818 1363 837 a
1385 811 1504 846 maligno
1528 811 1702 838 detinebatur
1725 812 1781 846 spi-

987 857 1053 888 ritu,
1068 863 1130 883 cum
1143 863 1205 883 cum
1221 857 1359 890 posuisset
1372 856 1405 883 ad
1425 857 1590 888 columnam.
1608 861 1635 884 et
1648 857 1672 884 ei
1690 857 1780 891 lacry-

988 910 1039 929 ma:
1069 901 1191 929 ﬂuebant
1214 910 1247 930 ex
1275 902 1373 935 oculis,
1396 907 1424 930 et
1456 902 1580 937 adjunxit
1594 903 1674 930 verba
1692 902 1780 932 lacrv—

146 947 205 984 ιῖχε
221 949 288 984 πρὸς
303 948 421 983 ὀδυρμόν
437 948 576 983 ἀφορμὰς,
592 948 642 983 τὴν
658 948 749 982 φύσιν,
764 948 812 984 τὴν
827 949 932 981 πολιὰν,

986 948 1038 975 mis
1066 949 1151 982 magis
1171 948 1345 976 miserabilia.
1374 948 1442 975 \‘ide
1460 949 1544 980 enim.
1569 956 1650 983 quam
1677 949 1780 976 multas

146 995 198 1030 τὴν
211 994 257 1021 τοῦ
270 994 364 1025 παιδὸς
375 994 502 1028 νεότητα,
514 995 544 1020 τὸ
555 994 601 1020 ἐπὶ
614 994 686 1029 μόνῳ
698 995 785 1029 τούτῳ
799 994 933 1026 σαλεύειν,

147 1041 177 1066 τ)
207 1041 316 1075 μακρὰν
347 1039 475 1066 ἐστάλθαι
517 1041 565 1066 καὶ
596 1039 697 1072 πολλὴν
721 1040 934 1075 ’ταλαιπωρῆσαι

147 1086 270 1121 πορείαν,
290 1085 339 1112 καὶ
360 1085 446 1112 ταῦτα
460 1086 623 1120 δαιμονῶντι
642 1086 690 1112 καὶ
709 1085 794 1117 οὕτως
809 1087 935 1117 ἀτάκτως

148 1131 196 1157 καὶ
211 1130 333 1165 μανικῶς
350 1130 448 1164 ἔχοντι.
466 1130 519 1156 Καὶ
534 1130 608 1162 τέλος
622 1130 750 1165 προσθεὶς
763 1130 803 1156 δτι
816 1130 934 1164 Τριακο-

148 1176 199 1211 στὴ
215 1176 283 1211 αὕτη
303 1176 394 1210 ἡμέρα
422 1175 512 1207 ὲξὸτου
537 1176 567 1201 τὸ
596 1176 640 1203 σὺν
659 1176 744 1210 ὄνομα
767 1176 797 1201 τὸ
818 1176 935 1210 πονηρὸν

147 1221 300 1256 ἀνακράζει
320 1221 438 1255 πνεῦμα,
455 1221 503 1256 τὴν
518 1221 659 1255 εὐκίνητον
675 1220 763 1256 ψυχὴν
780 1221 846 1255 πρὸς
862 1220 934 1247 εὶεον

146 1267 229 1299 εὐθὺς
243 1266 314 1302 εἶχεν
329 1267 403 1302 αὐτῷ
428 1267 638 1302 συμπαθοῦσαν.
656 1268 710 1294 Καὶ
733 1267 792 1299 πῶς
815 1267 869 1302 γὰρ
884 1268 934 1294 οὐκ

147 1312 243 1347 ἔμελλε
258 1312 408 1347 συμπαθεῖν
439 1313 452 1339 ό
475 1312 521 1338 τοῦ
544 1312 660 1347 Χριστοῦ
687 1313 824 1348 μιμητής;
849 1313 879 1338 Ei
902 1313 933 1339 σὺ

145 1357 204 1390 οὖν,
225 1358 288 1393 ἔφη,
308 1358 340 1384 δι’
358 1358 426 1392 ἐμοῦ
443 1358 582 1389 πιστεύεις
601 1358 711 1393 ἰαθῆναι
723 1359 768 1384 τὸν
784 1359 874 1389 παῖδα,
890 1358 934 1384 δα-

146 1405 259 1439 οὴσεταί
286 1413 327 1430 σοι
350 1405 420 1430 κατὰ
443 1405 493 1438 τὴν
521 1403 611 1430 πίστιν
638 1412 695 1430 σου.
724 1404 779 1430 Καὶ
803 1404 861 1438 ἅμα
885 1403 932 1430 τοῦ

145 1450 237 1476 ἐλαίου
251 1449 331 1476 αὐτὸν
346 1449 456 1475 ἐκέλευε
476 1449 638 1484 ποτισθῆναι
659 1449 714 1476 τῶν
729 1450 819 1475 ἐκεῖσε
837 1449 931 1483 ἁγίων.

144 1491 174 1521 οἶι
189 1495 335 1530 γενομένου
349 1494 439 1529 βάλλει
455 1493 504 1529 μὲν
521 1494 600 1521 αὐτὸν
616 1494 697 1525 εὐθὺς
714 1495 757 1521 ἐπ’
778 1494 892 1528 ἐδάφους
904 1495 934 1520 τὸ

144 1541 262 1576 χαλεπὸν
273 1541 420 1575 δαιμόνιον,
432 1541 478 1567 καὶ¹
491 1539 597 1572 πολλοῖς
610 1539 711 1571 αἱκίζει
721 1539 932 1574 σπαράγμασιν,

144 1585 204 1614 εἶτα
233 1587 303 1622 μέγα
327 1587 427 1622 βοῆσαν
449 1586 478 1613 ἐν
502 1586 629 1620 οίμωγῇ,
658 1585 832 1620 Ἐξὲρχομαι,
863 1584 931 1618 φεῦι

145 1635 303 1670 ἐξέρχομαι.
325 1633 435 1668 Ὀγδόης
458 1632 508 1668 ἤδη
526 1631 668 1666 παρούσης
691 1631 797 1666 ἡμέρας
821 1631 904 1665 μέλαν
920 1631 933 1656 ὸ

143 1680 280 1716 δαιμονῶν
305 1679 438 1713 ἐξεμέσας
461 1676 532 1712 αἷμα
548 1678 595 1703 καὶ
619 1677 743 1711 πεπηγὸς
764 1676 858 1711 εὐχαῖς
876 1676 934 1703 ίᾶτο

144 1726 191 1753 τοῦ
218 1725 342 1760 ἀοιδίμου
365 1724 481 1758 Πατρὶς,
509 1723 556 1750 καὶ
581 1722 663 1756 ὑγιῶς
680 1722 749 1757 ἔχων
772 1722 810 1757 τῷ
838 1721 933 1748 ἐαυτοῦ

145 1771 231 1806 πατρὶ
244 1770 430 1807 παραδίδοται.
453 1769 483 1795 Ὀ
499 1769 527 1794 δὲ
549 1768 594 1795 τὸν
611 1768 693 1794 παῖδα
716 1767 807 1794 λαϐὼν
831 1769 863 1803 τῇ
886 1767 935 1800 μὲν

143 1817 253 1852 γλώττῃ
271 1816 340 1851 πρὸς
357 1815 533 1851 εὐχαριστίαν
558 1815 668 1849 ἐχρῆτο¹
689 1815 745 1845 τοῖς
772 1814 886 1849 δάκρυσι
906 1812 934 1840 δὲ

143 1864 214 1897 πρὸς
228 1862 333 1897 ’χαράν.
351 1862 428 1888 Ἐστι
451 1861 503 1895 γὰρ
517 1861 564 1887 καὶ
579 1860 676 1894 ἡδονῆς
692 1860 809 1896 δάκρυα,
826 1861 890 1886 ὅταν
905 1859 934 1891 ἐξ

142 1909 234 1944 ἄκρας
250 1907 368 1943 ἀθυμίας
387 1908 474 1942 χαρᾶς
489 1907 642 1942 ἀκρότητες
665 1906 712 1941 τὴν
727 1906 817 1941 ψυχὴν
835 1905 934 1932 λαὸιῦ-

144 1963 190 1981 σαι
205 1954 237 1980 τὸ
254 1954 412 1988 πιεζόμενον
436 1954 515 1986 νέφος
538 1952 618 1984 εὐθὺς
633 1952 745 1984 λύσωσι,
765 1953 812 1979 καὶ
831 1953 864 1987 τῇ
879 1952 933 1978 τῶν

142 1999 272 2036 δακρύων
286 2000 388 2034 φυσικῇ
400 1998 488 2024 λιϐάδα.
504 1998 553 2024 σὺν
566 1999 645 2032 ἡδονῇ
661 1999 827 2032 χρήσωνται.
841 1997 933 2030 Οὕτως

142 2047 157 2073 ὁ
172 2035 240 2077 παῖς
255 2045 305 2071 οὐκ
321 2045 394 2071 ἰᾶται
410 2043 489 2078 μόνον
506 2042 552 2068 τοῦ
570 2042 688 2077 πονηροῦ
705 2042 841 2077 δαίμονος,
865 2041 933 2069 ἀλλὰ

143 2093 192 2120 καὶ
208 2091 279 2119 κατὰ
302 2089 436 2123 δαιμόνων
452 2088 532 2120 εὐθὺς
556 2088 700 2120 ὁπλίζεται
717 2088 756 2123 τῷ
777 2088 836 2123 Θεῷ
851 2088 933 2114 αὑτὸν

142 2137 191 2164 τοῦ
207 2136 312 2170 Πατρὺς
326 2135 394 2169 μετὰ
411 2134 459 2169 τὴν
479 2133 628 2169 θεραπείαν
643 2133 871 2169 καθιερώσαντος,
883 2134 932 2160 καὶ

142 2183 174 2208 τὸ
196 2181 253 2207 τῶν
271 2179 397 2215 μοναχῶν
410 2179 516 2205 ἐνδῦναι
536 2178 629 2213 σχῆμα
648 2178 754 2205 καὶτὸν
771 2178 827 2213 βίον
844 2187 933 2214 παρα-

143 2235 211 2254 σκευ
218 2227 342 2258 ἀσαντος,
360 2225 398 2260 τῷ
414 2224 497 2260 ίατρῷ
512 2233 542 2250 τε
558 2224 605 2250 τοῦ
625 2226 750 2259 σώματος
765 2224 931 2259 παραδόντος

986 992 1067 1020 ﬂetus
1096 993 1216 1020 habebat
1243 993 1426 1020 occasiones:
1454 997 1600 1024 naturam,
1630 994 1778 1025 canitiem,

987 1037 1036 1064 ﬁlii
1058 1037 1283 1067 adolescentiam.
1301 1037 1374 1071 quod
1393 1041 1504 1071 propter
1514 1044 1577 1063 eum
1593 1037 1681 1063 solum
1699 1037 1777 1063 labo-

986 1086 1071 1113 raret,
1087 1083 1158 1117 quo'd
1171 1083 1249 1117 longe
1265 1088 1337 1110 esset
1351 1083 1501 1116 profectus,
1513 1087 1540 1110 et
1557 1084 1644 1118 magni
1669 1083 1778 1110 itineris

985 1127 1093 1155 labores
1119 1131 1191 1155 esset
1221 1136 1378 1163 perpessus,
1415 1128 1498 1163 idque
1521 1136 1583 1156 cum
1614 1133 1686 1156 esset
1710 1136 1778 1163 puer

986 1173 1180 1205 daemoniacus,
1198 1178 1225 1200 et
1256 1178 1329 1201 tanta
1347 1180 1420 1201 esset
1437 1175 1495 1209 ejus
1510 1174 1617 1201 vexatio
1642 1178 1669 1201 et
1682 1174 1780 1201 immo-

986 1219 1102 1246 deratio.
1136 1219 1168 1246 Et
1194 1227 1255 1246 cum
1281 1224 1418 1254 postremo
1446 1220 1606 1251 addidisset,
1635 1227 1694 1247 esse
1723 1220 1777 1255 jam

985 1265 1153 1294 tricesimum
1178 1266 1261 1298 diem,
1286 1273 1318 1292 ex
1343 1273 1397 1300 quo
1425 1273 1525 1294 nomen
1554 1267 1627 1293 illius
1645 1267 1778 1300 malignus

985 1312 1117 1339 clamaret
1137 1312 1261 1346 spiritus,
1292 1313 1352 1346 ejus
1375 1312 1492 1343 animus.
1511 1313 1556 1347 qui
1577 1313 1656 1340 facile
1684 1320 1778 1340 move-

985 1357 1066 1384 batur
1095 1358 1298 1390 misericordia,
1317 1357 1404 1392 ipsius
1444 1358 1532 1384 statim
1563 1363 1605 1385 est
1635 1359 1776 1386 misertus.

984 1402 1085 1435 Quidni
1112 1404 1184 1429 cnim
1212 1403 1404 1430 misericordia
1424 1403 1576 1430 movendus
1602 1409 1661 1430 erat
1675 1404 1778 1432 Christi

985 1449 1157 1484 discipulus?
1175 1448 1202 1476 Si
1221 1452 1248 1476 tu
1264 1457 1341 1484 ergo,
1360 1449 1459 1484 inquit.
1477 1449 1566 1477 credis
1583 1450 1652 1483 fore,
1670 1454 1700 1476 ut
1713 1457 1778 1484 per-

985 1499 1098 1522 sanctur
1122 1499 1186 1521 tuus
1200 1494 1284 1527 (ilius,
1314 1495 1425 1522 dabitur
1448 1495 1497 1522 tibi
1527 1495 1678 1522 secundum
1696 1494 1777 1522 [idem

986 1544 1070 1572 tuam;
1090 1545 1118 1567 et
1143 1540 1225 1567 simul
1249 1548 1311 1567 eum
1333 1540 1416 1575 jussit
1431 1541 1519 1575 poturi
1544 1541 1604 1567 oleo
1629 1548 1644 1567 a
1664 1540 1777 1573 sanctis,

986 1586 1032 1621 qui
1060 1587 1116 1613 illic
1142 1590 1232 1614 erant.
1260 1586 1337 1619 Quod
1359 1594 1422 1614 cum
1447 1587 1548 1614 factum
1572 1592 1658 1618 esset,
1684 1588 1775 1614 statim

985 1633 1095 1666 quidem
1119 1640 1182 1659 cum
1209 1633 1285 1659 humi
1300 1633 1367 1667 jacit
1381 1640 1482 1659 saevum
1495 1633 1673 1664 daemonium,
1696 1641 1775 1661 eum-

986 1685 1039 1712 que
1058 1678 1137 1704 valde
1170 1678 1256 1705 laniat
1270 1685 1302 1705 ac
1327 1679 1439 1705 lacerat.
1458 1678 1560 1705 Deinde
1588 1686 1683 1714 magna
1709 1686 1777 1706 voce

986 1731 1049 1750 cum
1066 1723 1140 1751 luctu
1171 1725 1281 1757 clamat,
1304 1725 1437 1760 Egredior
1465 1725 1530 1757 heu,
1551 1724 1650 1760 inquit,
1670 1725 1777 1760 egredi-

985 1776 1026 1796 or.
1046 1769 1114 1795 Cum
1137 1768 1196 1796 dies
1207 1769 1263 1804 jam
1282 1769 1392 1797 adesset
1419 1774 1542 1803 octavus,
1566 1770 1611 1797 ubi
1630 1771 1779 1798 dtemonia-

985 1822 1034 1842 cus
1060 1815 1166 1850 nigrum
1185 1820 1212 1842 et.
1231 1820 1390 1842 concretum
1415 1815 1581 1842 cvomuisset
1602 1816 1776 1850 sanguinem,

976 1860 1097 1896 .gloriosi
1126 1860 1215 1888 Patris
1240 1867 1352 1890 sanatus
1369 1865 1411 1888 est
1440 1861 1579 1896 precibus,
1604 1865 1632 1888 et
1651 1869 1734 1888 sanus
1748 1866 1777 1888 et

986 1911 1060 1934 recte
1075 1914 1104 1934 se
1117 1907 1222 1934 habens
1234 1915 1283 1934 suo
1314 1907 1384 1941 patri
1401 1911 1442 1934 est
1472 1907 1596 1935 traditus.
1613 1907 1661 1934 Ille
1683 1911 1776 1934 autem

985 1960 1047 1979 curn
1067 1953 1218 1986 accepisset
1235 1952 1331 1985 ﬁlium,
1355 1952 1447 1987 lingua
1459 1953 1570 1987 quidctn
1593 1953 1720 1980 utebatur
1741 1952 1776 1979 ad

985 1998 1104 2034 agendas
1113 1998 1357 2033 gratias,lacrymis
1363 2005 1427 2024 vero
1435 1998 1467 2025 ad
1481 1999 1612 2025 ltetitiam.
1625 1998 1694 2025 Sunt
1703 1998 1775 2025 enim

983 2045 1065 2071 etiam
1076 2044 1177 2071 laetitia:
1189 2044 1325 2079 lacrymae,
1337 2045 1446 2078 quando
1457 2051 1590 2071 summam
1600 2044 1687 2070 animi
1699 2044 1778 2079 agri-

984 2090 1108 2118 tudinem
1125 2097 1239 2117 summa:
1265 2090 1433 2124 excipientes
1460 2089 1569 2120 laetitiae.
1587 2089 1688 2116 nubem
1715 2097 1776 2124 qua;

974 2136 1137 2171 premebat.
1157 2136 1285 2171 protinus
1322 2135 1498 2170 depulerint,
1525 2140 1554 2163 et
1581 2135 1698 2162 naturali
1726 2135 1778 2162 Ilu-

983 2181 1064 2207 xione
1080 2180 1262 2215 lacrymarum
1282 2187 1338 2207 usa:
1364 2179 1467 2207 fuerint
1483 2188 1545 2208 cum
1565 2181 1715 2215 voluptate.
1731 2179 1777 2208 Sic

982 2234 1053 2261 puer
1081 2234 1136 2254 non
1169 2227 1257 2254 solum
1282 2231 1396 2254 curatur
1429 2234 1444 2253 a
1474 2227 1546 2254 malo
1570 2227 1704 2259 daemone,
1729 2226 1777 2253 sed

143 2274 192 2300 καὶ
209 2271 301 2307 ίατρδν
316 2271 442 2305 γενέσθαι
459 2271 506 2296 καὶ
522 2271 570 2304 τῆς
587 2270 676 2306 ψυχῆς
694 2269 929 2302 καταξιώσαντοςο

984 2273 1069 2300 etiam
1097 2273 1230 2300 continuo
1246 2277 1370 2299 armatttr
1388 2272 1519 2300 adversus
1536 2273 1675 2300 dmmones
1687 2293 1694 2305 ,
1712 2280 1774 2303 cum

143 2319 173 2350 ὓς
188 2319 236 2345 καὶ
255 2317 381 2352 καθαρῶς
395 2316 433 2352 τῷ
450 2317 562 2351 καθαρῷ
578 2315 715 2350 προσῆλθε
733 2315 783 2351 τὴν
804 2315 850 2342 τοῦ
870 2315 929 2350 βίου

144 2366 238 2391 πᾶσαν
252 2362 395 2389 ἀπολιπὼν
412 2363 590 2397 ματαιότητα.
614 2362 661 2388 Ἒν
680 2361 728 2396 μὲν
744 2362 776 2396 δὴ
794 2362 872 2388 τοῦτο
884 2362 931 2389 καὶ⁴

143 2409 231 2438 οὕτως
248 2407 325 2442 ἕχον·
345 2406 456 2442 ὓστερον
473 2406 501 2432 δὲ
521 2407 617 2433 τούτου
633 2406 758 2441 οὺδιμῶς
773 2405 894 2434 ἔλαττον.

984 2322 1062 2353 pater
1078 2323 1139 2353 post
1158 2319 1331 2346 curationem
1354 2326 1417 2346 eum
1443 2319 1499 2346 Deo
1522 2323 1718 2351 consem-asset,
1749 2322 1777 2345 et

984 2368 1016 2390 ut
1029 2363 1211 2390 monasticum
1234 2364 1364 2391 amictum
1392 2368 1421 2391 et
1434 2363 1517 2391 vitam
1533 2364 1692 2399 susciperet,
1708 2363 1777 2391 οπε-

980 2409 1078 2441 cisset,
1095 2414 1123 2436 et
1145 2410 1252 2436 medico
1269 2409 1393 2444 corporis
1410 2417 1473 2436 eum
1491 2409 1658 2442 tradidisset,
1686 2414 1714 2436 et
1731 2417 1773 2436 το·
1795 2421 1798 2425 ·

128 2461 236 2495 ,gasset
268 2460 299 2483 ut
325 2458 398 2481 eSSct
423 2454 506 2481 etiam
535 2453 659 2481 medicus
683 2454 792 2487 anima;
812 2455 860 2489 qui
884 2455 966 2483 etiam
987 2464 1087 2490 .purus
1110 2456 1144 2483 ad
1165 2464 1262 2491 purum
1289 2456 1414 2487 accessit,
1442 2455 1514 2481 omni
1545 2455 1692 2483 mundana:
1715 2455 1778 2483 vitae

144 2505 240 2534 relicta
256 2502 385 2529 vanitate.
404 2501 462 2527 Hoc
496 2500 605 2534 quidem
628 2499 678 2526 fuit
694 2508 779 2528 unum
795 2501 941 2536 ejusmodi;
954 2502 1069 2530 alterum
1086 2507 1176 2529 autem
1193 2510 1227 2530 eo
1241 2510 1296 2529 non
1316 2501 1438 2529 inferiuc.

180 2553 233 2580 18'.
253 2551 338 2586 Κύρῳ
350 2550 404 2576 τινὶ
419 2549 532 2584 ὑπάρχῳ
542 2549 591 2582 μὲν
602 2549 725 2582 γεγονότι
737 2550 768 2576 τδ
784 2550 930 2585 πρότερον,

144 2600 261 2632 ὕστερον
275 2596 303 2622 δέ
320 2595 366 2622 καὶ
382 2595 477 2630 θρόνου
495 2594 649 2627 ἐπισκοπῆς
661 2594 797 2626 ἐπιὸάντι,
812 2594 843 2620 τὸ
858 2595 887 2621 ὲν
899 2595 933 2629 τῇ

131 2644 253 2681 ,Φρυγίᾳ
271 2642 420 2669 Κοτυάειον
434 2640 504 2673 αὕτη
518 2637 563 2674 ἦν,
577 2640 624 2666 καὶ
637 2639 739 2674 ταύτης
753 2640 880 2667 ἐκστάντι
891 2640 935 2666 διὰ.

143 2699 206 2718 τινα
224 2689 285 2716 κατ’
304 2687 386 2714 αὐτοῦ
407 2686 564 2720 κινηθεῖσαν
575 2684 712 2719 διαδολὴν,
728 2685 875 2721 θυγάτριον
889 2684 934 2721 ἦν,

151 2735 330 2769 ’Δλεξανδρία
348 2732 433 2768 ταύτῃ
449 2731 479 2758 τὸ
495 2731 592 2764 ὖνομα.
610 2729 684 2765 Αὕτη
705 2731 745 2766 τῷ
762 2731 886 2766 προτέρῳ
901 2732 935 2758 τὰ

145 2783 227 2816 ὃμοια
247 2779 402 2811 ἐπεπόνθει,
419 2778 466 2805 καὶ
481 2777 533 2803 ὑπὸ
557 2777 683 2811 δαίμονος
703 2777 815 2812 ὠχλεῖτο
830 2777 935 2808 δεινῶς.

151 2828 182 2854 ’0
198 2827 245 2853 οὖν
265 2826 364 2861 ταύτης
377 2825 469 2859 πατὴρ
485 2823 529 2850 τδν
542 2825 616 2850 ὅσιον
635 2823 680 2849 ἐπὶ
695 2823 756 2849 νοῦν
771 2823 860 2850 λαϐὼν
874 2823 936 2857 ἄγει

146 2872 216 2908 πρὸς
234 2872 314 2898 αὑτὸν
337 2870 386 2906 τὴν
409 2869 493 2896 παῖδα
511 2870 544 2905 τῇ
571 2869 674 2904 φυσικῇ
702 2869 803 2904 στοργῇ
831 2868 936 2904 θέρμην

1024 2550 1093 2578 XIX.
1119 2550 1234 2578 Cuidam
1250 2551 1331 2585 Cyro,
1347 2551 1394 2584 qui
1413 2550 1491 2585 prius
1517 2550 1627 2585 quidem
1642 2551 1696 2578 {uit
1709 2557 1779 2585 prte-

986 2602 1040 2627 ses,
1055 2601 1148 2630 postea
1164 2600 1255 2622 autem
1271 2595 1395 2623 ascendit
1414 2595 1496 2623 etiam
1511 2595 1544 2622 ad
1562 2597 1655 2624 sedem
1669 2596 1777 2631 episco-
1827 2590 1831 2592 λ

985 2641 1073 2676 palem
1083 2641 1200 2668 civitatis
1213 2641 1239 2668 in
1249 2641 1379 2677 Phrygia.
1389 2641 1434 2668 cui
1443 2649 1545 2668 nomen
1555 2646 1614 2669 erat
1622 2641 1777 2676 Cotyaium,

985 2692 1014 2714 et
1044 2687 1078 2714 ab
1106 2687 1153 2714 illo
1180 2691 1274 2721 postea
1294 2687 1459 2714 discesserat
1491 2692 1605 2721 propter
1629 2687 1776 2722 quamdam

987 2736 1089 2758 motam
1108 2731 1241 2759 adversus
1257 2739 1319 2759 eum
1337 2731 1513 2764 calumniam,
1529 2736 1589 2759 erat
1602 2731 1656 2759 ﬁlia
1667 2732 1778 2760 nomine

983 2776 1159 2804 Alexandria.
1181 2777 1217 2804 Ea
1233 2777 1329 2805 eodem
1358 2777 1439 2804 modo
1455 2781 1514 2805 erat
1537 2778 1644 2810 all'ecta,
1664 2785 1719 2813 quo
1733 2778 1779 2806 ille

985 2829 1066 2857 quem
1079 2823 1155 2857 prius
1173 2823 1302 2855 diximus,
1318 2828 1346 2851 et
1357 2824 1477 2858 graviter
1490 2824 1640 2852 vexabatur
1651 2831 1666 2851 a
1679 2824 1777 2851 daemo-

986 2876 1031 2897 ne.
1048 2869 1115 2905 Ejus
1141 2877 1205 2907 ergo
1222 2875 1311 2905 pater,
1341 2877 1403 2899 cum
1427 2875 1540 2899 sanctus
1562 2870 1588 2899 ei
1607 2870 1728 2899 venisset
1752 2870 1779 2897 in
