2049 3151
254 123 311 156 995

839 122 1034 154 ADDENDA.
1051 134 1087 140 --
1103 122 1318 155 DECEMBER.
1338 126 1342 129 ”

1843 123 1893 157 996

254 186 386 213 mentem,
401 180 435 208 ad
459 180 549 215 ipsum
577 179 655 207 ducit
680 179 777 213 ﬁliam,
794 181 912 208 naturali
936 181 1054 208 benevo-

1106 179 1190 214 ἄλλην
1202 181 1324 216 κεράσας
1339 179 1387 207 καὶ
1398 180 1448 216 τὴν
1456 181 1489 208 ὲκ
1505 181 1634 213 πίστεως.
1655 182 1732 217 ’Δμα
1746 181 1795 211 οὖν
1805 185 1833 212 αι
1847 186 1893 212 τοῦ

254 228 345 257 lentim
371 227 457 254 alium
476 226 661 254 commiscens
685 227 826 260 ardorem,
852 233 952 261 nempe
977 225 1051 253 ﬁdei.

254 273 341 301 Simul
366 276 449 307 atque
466 279 531 306 ergo
546 272 633 298 sancti
650 279 746 299 manus
765 273 825 307 ejus
844 272 926 307 capiti
941 272 1054 299 fuerunt

255 319 405 354 impositae,
424 318 536 354 fugatus
561 322 605 345 est
628 318 753 352 spiritus,
767 321 796 345 et
820 325 880 352 qua:
899 317 1052 344 laborabat:

256 364 350 392 statim
368 369 517 399 conspecta
533 368 575 390 est
594 371 671 390 sana.
695 363 782 391 Porro
798 367 889 391 autem
905 363 970 390 huic
983 370 1054 398 quo-

254 419 308 447 que
326 410 460 438 miraculo
483 410 535 436 fuit
553 410 670 436 alterum
690 411 880 445 conjunctum.
904 409 963 437 Jam
979 409 1053 436 enim

252 456 342 492 Cyrus
360 461 456 483 sancto
470 455 550 483 valde
564 455 718 488 conﬁdens,
734 455 795 490 ejus
809 455 940 482 utebatur
953 455 1052 490 gratia.

255 503 333 530 Unde
359 503 442 530 etiam
473 509 587 529 uxorem
619 503 692 537 ejus,
717 501 762 529 cui
792 509 907 529 suorum
924 508 1053 536 agrorum

254 549 346 576 fuerat
358 549 486 575 mandata
503 556 580 580 cura,
596 556 657 583 qua:
681 549 738 583 ipsa
756 555 864 582 quoque
879 553 940 574 erat
953 547 1055 575 daemo-

254 596 344 627 niaca,
372 596 452 622 duxit
474 595 509 622 ad
533 595 640 630 ipsum.
666 595 762 630 Neque
791 603 855 623 eum
879 603 930 622 sua
958 594 1055 622 fefellit

254 642 368 672 ﬁducia.
393 641 442 668 sed
459 649 491 668 ea
509 648 620 676 quoque
648 648 710 668 cum
735 640 790 667 ﬁlia
808 640 940 667 mundata
964 639 1016 666 fuit
1039 647 1055 667 ι

254 687 331 715 rabie
356 686 499 713 daemonis.
516 686 570 712 Pro
593 686 696 720 quibus
720 685 754 712 iis
780 684 877 719 utique
901 691 1012 718 magnas
1029 682 1054 709 ei

254 731 358 760 habens
374 736 402 759 et
429 740 513 767 agens
532 731 634 766 gratias
656 734 733 765 (erat
748 729 821 758 enim
843 730 886 757 vir
900 729 1009 761 doctus,
1028 732 1056 756 et

254 778 384 806 humanis
405 778 506 805 litteris
521 777 677 810 eruditus),
701 777 728 803 in
747 776 837 811 posita
854 776 911 803 illic
927 775 1056 802 columna

251 824 420 859 epigramma
445 829 539 858 postea
552 823 707 856 insculpsit,
728 822 802 857 quod
822 822 863 849 sic
882 821 966 848 habet
982 829 990 848 :
1006 820 1056 848 Hic

1104 225 1184 259 ἁγίου
1200 227 1290 262 χεῖρες
1304 228 1337 261 τῇ
1349 226 1454 262 κιφαλῇ
1465 226 1549 262 αὐτῆς
1560 227 1728 262 ἐπετίθεντο,
1743 229 1775 255 τὸ
1786 229 1893 264 πνεῦμα

1104 271 1299 305 ἐφυγαδεύετο,
1318 272 1367 299 καὶ
1390 272 1469 308 ὑγιὴς
1484 272 1566 304 εὐθὺς
1582 274 1599 308 ὴ
1624 273 1768 309 πάσχουσα
1791 276 1892 303 καθεω-

1105 317 1183 352 ρᾶτο.
1205 317 1312 351 ’Λμέλει
1328 317 1374 343 καὶ
1387 317 1425 352 τῷ
1441 317 1555 352 τοιούτῳ
1569 318 1687 353 θαύματι
1702 319 1794 355 θαῦμα
1811 322 1893 356 συνή-

1105 370 1187 390 metu
1201 363 1307 398 ἕτερον.
1327 363 1398 398 Ἤδη
1412 364 1467 399 γὰρ
1482 365 1495 390 6
1509 364 1600 399 Κῦρος
1614 365 1649 392 τὰ
1666 366 1773 400 μεγάλα
1785 367 1894 404 θαρῤῶν

1104 409 1173 441 πρὸς
1189 409 1235 435 τὸν
1251 408 1329 442 ἅγιον
1345 410 1377 444 τῇ
1403 409 1488 435 αὑτοῦ
1509 409 1602 445 χάριτι
1622 411 1835 447 καταχρώμενος
1849 411 1894 449 ἦν.

1106 453 1188 480 Ὀθεν
1212 455 1259 482 καὶ
1281 454 1330 490 τὴν
1346 456 1465 488 γυναῖκα
1481 455 1528 482 τοῦ
1552 456 1608 482 τῶν
1624 457 1717 493 ἀγρῶν
1744 458 1827 485 αὐτοῦ
1844 461 1894 495 τὴν

1105 500 1235 534 φροντίδα
1262 502 1481 536 πεπιστευμένου
1509 502 1684 537 δαιμονῶσαν
1711 504 1758 531 καὶ
1791 506 1893 542 ταύτην

1104 542 1187 572 οὖσαν
1206 546 1272 580 πρὸς
1290 546 1372 572 αὑτὸν
1386 547 1487 581 ἡγαγε,
1508 548 1555 574 καὶ
1576 549 1686 584 uappa»;
1702 550 1751 585 οὐχ
1765 551 1894 587 ἡμάρτα-

1104 600 1160 623 νιν,
1179 591 1246 618 ἀλλὰ
1273 594 1320 619 καὶ
1335 593 1438 627 ταύτην
1460 594 1530 628 μετὰ
1545 594 1595 628 τῆς
1611 594 1746 630 θυγατρὸς
1763 595 1820 632 εἶχε
1834 598 1895 625 δαιο

1106 637 1201 672 μανίας
1220 638 1321 672 λύπης
1338 638 1550 674 κεκαθαρμένην
1563 648 1570 654 ·
1588 640 1659 675 ὑπὲρ
1675 637 1713 669 ὧν
1727 642 1760 676 δὴ
1784 645 1832 669 καὶ
1847 653 1895 679 με-

1105 683 1191 717 γάλας
1204 683 1345 718 ὁμολογῶν
1359 684 1475 719 χάριτας
1490 685 1550 718 (καὶ
1564 686 1621 721 γὰρ
1641 686 1706 722 περὶ
1720 688 1817 722 λόγους
1839 687 1895 725 εἶχε

1105 729 1154 755 καὶ
1166 729 1216 764 τὴν
1237 729 1398 765 Ἑλληνικὴν
1415 732 1512 764 σοφίαν
1533 731 1709 766 πεπαίδευτο)
1729 734 1895 769 ἐπίγραμμα

1106 773 1144 809 τῷ
1162 775 1275 810 ὕστερον
1299 776 1373 811 αὑτῷ
1397 775 1532 810 ἱδρυθέντι
1557 777 1626 804 κίονι
1652 768 1816 815 ἐνεκόλαψεν
1834 768 1907 815 ἔχονΙ

1107 820 1195 852 οὓτως
1207 829 1216 836 ο
1232 821 1354 848 Ίσταται
1372 822 1441 857 ἀνὴρ
1467 822 1601 851 πάντοθεν
1617 824 1769 860 ἀρνύμενος
1793 827 1840 853 καὶ
1863 827 1895 853 οὐ

251 852 374 900 είιιῖνὶτ,
399 869 522 903 undique
546 868 700 902 impetitur,
728 872 756 896 et
773 873 869 896 ventos
891 875 946 894 non
963 867 1051 894 timet.

1106 866 1230 900 τρομέων
1245 867 1363 902 ἀνέμους
1373 875 1381 882 ·
1394 852 1482 902 τροφῇ
1503 868 1526 894 δ’
1543 852 1832 906 ἀμϐροσίῃιτρέῷεται

254 915 403 943 Ambrosio
422 920 514 942 autem
532 915 620 942 utitur
642 915 787 946 alimento,
814 918 843 940 et
866 913 913 941 siti
939 917 1052 948 experte

253 961 415 993 sanguinis;
434 961 505 987 actis
520 967 587 987 vero
603 959 753 991 radicibus,
766 959 891 986 fundavit
903 959 1050 986 aediﬁcium

1106 912 1232 946 ἀναίμονι
1246 913 1323 948 δίψῃ,
1338 914 1437 949 τεύχεα
1454 913 1574 949 ῥιζώσας
1595 915 1665 942 κίονι
1689 917 1828 953 διχθαδιῳ.
1843 919 1895 944 Συ-

1107 957 1181 993 μεὼν
1195 958 1225 985 δὲ
1247 959 1311 994 ῥίζα
1325 959 1385 986 υἱέα
1406 960 1552 995 κηρύττων
1573 962 1678 997 μητρὸς
1692 964 1894 998 ἀπειρογάμου.

252 1007 381 1034 columna
408 1007 520 1041 duplici.
539 1006 587 1033 Est
601 1010 692 1033 autem
710 1005 788 1033 radix
814 1004 936 1038 Simeon.
961 1005 1049 1032 ﬁlium
1068 1005 1224 1040 pradicant!
1253 1006 1360 1039 matris,
1384 1014 1446 1042 quae
1470 1016 1526 1037 non
1560 1015 1602 1037 est
1628 1014 1740 1045 experta
1773 1012 1892 1046 nuptias.

253 1053 308 1081 Sed
324 1053 381 1080 hate
396 1054 508 1088 quidem
522 1054 572 1082 sic.

288 1101 349 1130 XX.
369 1102 505 1137 Deinceps
532 1109 597 1129 vero
621 1106 680 1130 erat
694 1101 807 1136 quidem
831 1101 902 1134 dies,
931 1100 1054 1128 omnium

253 1148 362 1175 dierum
388 1148 553 1183 przecipuus.
573 1148 620 1176 Vir
639 1152 731 1175 autem
753 1147 864 1183 quidam
882 1155 915 1175 ex
939 1147 983 1180 iis,
1007 1147 1054 1182 qui

253 1202 338 1229 prope
354 1194 491 1221 Euxinum
519 1199 635 1229 pontum
660 1193 832 1224 habitabant,
848 1193 924 1220 venit
938 1192 1057 1219 afferens

255 1240 355 1273 ﬁlium,
380 1240 426 1274 qui
457 1240 515 1274 ipse
544 1247 656 1275 quoque
680 1239 874 1274 possidebatur
898 1238 1010 1273 quidem
1041 1245 1056 1264 a

253 1287 387 1319 daemone,
410 1286 459 1314 sed
483 1291 542 1314 erat
552 1286 658 1320 alioqui
691 1289 719 1312 et
738 1285 840 1312 surdus
859 1289 887 1311 et
907 1289 1011 1315 mutus,
1028 1287 1057 1310 et

254 1334 363 1368 qualem
380 1340 492 1360 curasse
508 1331 650 1359 Christum
679 1331 780 1358 docent
809 1330 968 1365 Evangelia.
987 1330 1056 1357 Cum

255 1383 349 1405 autem
378 1378 514 1405 columnae
541 1377 597 1412 jam
624 1376 880 1412 appropinquarent
902 1375 976 1403 filius
994 1382 1058 1402 cum

254 1429 343 1460 patre,
360 1423 506 1451 excutiens
525 1431 645 1458 puerum
668 1423 786 1454 daemon,
806 1427 835 1450 et
851 1421 973 1449 avellens
993 1429 1057 1448 eum

254 1471 290 1498 ab
308 1470 384 1505 ipsis,
402 1470 450 1505 qui
468 1470 558 1505 ipsum
575 1469 719 1502 tenebant,
734 1468 844 1504 impulit
861 1475 925 1496 eum
942 1467 976 1495 ad
993 1474 1054 1495 sca-

254 1510 306 1549 las,
333 1523 395 1551 quae
413 1520 479 1543 tunc
504 1515 616 1550 quidem
635 1515 745 1542 fuerant
757 1514 875 1541 admotae
900 1513 1052 1545 columnae;

252 1566 282 1589 et
297 1562 342 1589 ille
360 1560 475 1596 quidem
495 1561 624 1595 protinus
642 1559 808 1587 ascendebat
824 1559 922 1592 scalas;
942 1563 1054 1586 sanctus

253 1614 320 1633 vero
336 1606 457 1641 desuper
484 1605 634 1640 aspiciens.
655 1605 742 1632 Deum
761 1604 887 1639 rogabat.
910 1602 1054 1637 Quomodo

251 1651 327 1678 enim
341 1659 395 1678 non
412 1659 427 1678 a
441 1650 566 1678 daemone
581 1658 596 1678 ο
615 1650 696 1677 scalis
708 1650 858 1685 projectus,
876 1650 973 1677 fuisset
989 1657 1056 1677 con-

253 1697 370 1729 fractus,
396 1696 449 1723 nisi
467 1697 491 1724 is
517 1696 679 1723 retinuisset
696 1696 849 1723 daemonem
877 1695 1054 1730 precatione?

253 1742 314 1770 Non
338 1749 402 1777 ergo
427 1742 452 1768 ei
469 1749 567 1769 manus
595 1741 738 1776 imposuit,
768 1748 859 1775 neque
878 1740 955 1772 fecit,
990 1747 1052 1775 quae

253 1787 317 1814 aliis
342 1787 433 1814 facere
460 1790 652 1818 consueverat,
669 1786 718 1813 sed
734 1785 780 1813 ille
797 1784 907 1820 quidem
925 1785 1056 1819 precaba-

255 1837 301 1860 tur
312 1833 450 1868 superius.
471 1833 542 1859 Puer
561 1836 654 1860 autem
669 1839 732 1860 cum
748 1836 823 1859 esset
837 1830 930 1858 adhuc
960 1829 1056 1857 inferi-

253 1887 297 1910 us,
312 1884 340 1906 et
357 1879 391 1906 ad
405 1879 509 1906 medias
530 1878 617 1906 scalas
632 1878 756 1906 nondum
770 1877 955 1912 pervenisset,
982 1876 1055 1903 sani-

254 1929 337 1952 tatem
365 1929 407 1952 est
434 1929 587 1952 assecutus.
621 1924 691 1952 Cum
721 1924 804 1952 unius
828 1928 934 1951 tantum
962 1923 1056 1951 fecero

253 1972 435 2004 mentionem,
454 1971 571 1998 aliorum
601 1978 651 1998 suo
668 1975 793 2006 tempore
806 1969 969 1998 meminero.

287 2016 359 2045 XXI.
371 2018 482 2052 Magnus
491 2016 605 2052 Leo.qui
616 2017 768 2044 Romanum
779 2016 887 2051 quidem
898 2015 1055 2050 imperium,

251 2069 380 2092 naturam
400 2070 491 2092 autem
511 2071 606 2098 regere
626 2071 682 2090 non
707 2067 828 2098 poterat,
854 2061 902 2090 sed
919 2062 1012 2097 proles
1028 2062 1056 2089 ei

253 2111 347 2138 deerat
363 2111 495 2142 mascula,
512 2110 580 2145 quid
594 2109 676 2137 facit?
704 2109 833 2144 Confugit
844 2108 877 2135 ad
893 2109 979 2135 Deum
995 2116 1055 2135 om-

252 2158 328 2185 nium
355 2157 517 2188 Dominum,
536 2156 608 2191 apud
632 2156 723 2191 ipsum
743 2154 856 2183 Daniele
876 2162 944 2182 usus
967 2155 1054 2182 inter-
1070 2169 1093 2197 υ

252 2211 374 2231 cessorc.
395 2203 443 2231 Ille
468 2211 533 2230 vero
554 2203 658 2238 paruit,
681 2206 709 2229 et
728 2209 800 2229 anno
821 2201 948 2235 sequenti
977 2200 1052 2235 pari-

254 2256 344 2278 turam
360 2258 421 2278 esse
436 2257 549 2277 uxorem
569 2249 696 2282 protinus
707 2247 884 2283 significavit.
903 2248 958 2275 Res
972 2254 1050 2281 ergo,

252 2301 283 2324 ut
308 2297 427 2326 dixerat,
445 2294 589 2326 successit,
617 2298 645 2321 et
671 2298 769 2320 natura
792 2291 876 2319 cessit
903 2290 1051 2326 precibus:

251 2351 308 2370 non
334 2342 423 2369 solum
454 2341 488 2368 ad
507 2341 570 2377 hoc,
601 2343 632 2366 ut
649 2338 729 2366 daret
766 2338 864 2371 filium,
882 2336 929 2364 sed
947 2336 981 2363 ad
999 2337 1052 2364 hoc

251 2391 347 2419 etiam,
360 2393 389 2415 ut
400 2389 477 2415 daret
493 2387 539 2415 illo
555 2391 690 2421 tempore,
705 2392 760 2420 quo
775 2383 863 2411 sancti
881 2391 912 2410 os
922 2383 1050 2410 "divinum

253 2435 428 2471 praedixerat.
445 2433 490 2461 Sic
503 2433 549 2460 ille
560 2441 615 2460 non
632 2433 722 2460 solum
740 2435 801 2459 erat
818 2430 892 2457 illius
907 2429 1048 2465 precatio-

251 2482 305 2514 nis,
320 2480 368 2508 scd
388 2480 473 2507 etiam
499 2487 550 2514 per
566 2485 664 2513 preces
681 2477 765 2504 dabat
780 2476 842 2504 aliis
857 2481 887 2503 ut
913 2475 1048 2502 haberent

252 2527 335 2554 ﬁlios.
348 2526 456 2554 idcirco
485 2533 549 2552 eum
573 2531 754 2552 remunerans
781 2524 941 2558 imperator,
962 2521 1048 2550 tertia

253 2574 390 2601 columna:
400 2573 425 2600 ei
451 2572 518 2609 jecit
545 2571 772 2599 fundamentum.

284 2618 368 2646 XX“.
381 2618 450 2646 Cum
466 2618 536 2645 fama
546 2625 611 2652 ergo
621 2621 747 2644 sanctum
759 2617 862 2652 ubique
872 2615 1048 2651 praedicaret,

247 2666 282 2693 ad
308 2673 371 2693 eum
391 2665 467 2692 venit
490 2663 649 2699 imperatrix
681 2663 855 2698 Eudocia(5)
871 2670 933 2698 quae
960 2669 1050 2697 nuper

248 2715 355 2739 servata
384 2718 419 2738 ex
441 2710 552 2744 Africa;
578 2714 607 2737 et
641 2717 767 2744 magnam
792 2709 903 2743 quidem
927 2708 952 2735 ei
971 2715 1051 2735 reve-

249 2758 377 2791 rentiam,
409 2760 530 2784 multum
562 2760 654 2784 autem
685 2755 811 2782 tribuens
842 2754 988 2786 honorem,
1020 2757 1049 2780 et

1141 1098 1184 1126 ις’.
1199 1098 1240 1125 Τὰ
1252 1098 1280 1126 δὲ
1299 1099 1362 1132 ἑξῆς
1388 1100 1482 1136 ἡμέρα
1497 1098 1532 1136 ἦν
1548 1101 1565 1136 ἡ
1585 1101 1669 1136 κυρία
1693 1102 1747 1129 τῶν
1772 1103 1894 1138 ἡμερῶν.

1111 1145 1197 1181 Ἀνὴρ
1210 1145 1238 1172 δέ
1251 1154 1293 1177 τις
1307 1145 1361 1172 τῶν
1379 1146 1455 1181 παρὰ
1471 1147 1517 1173 τὸν
1532 1146 1660 1179 Εὔξεινον
1675 1149 1771 1176 πόντον
1791 1149 1897 1176 οἰκούν-

1104 1199 1161 1217 των
1185 1188 1238 1226 ἧκε
1267 1192 1351 1218 παῖδα
1378 1191 1499 1226 κομίζων
1530 1192 1639 1227 δαίμονι
1666 1194 1716 1228 μὲν
1740 1195 1788 1221 καὶ
1813 1196 1896 1223 αὐτὶν

1106 1236 1274 1271 κατάσχετον
1292 1237 1368 1269 ὄντα,
1385 1237 1456 1272 πλὴν
1470 1237 1555 1265 τᾶλλα
1579 1240 1671 1273 κωφόν
1688 1248 1718 1266 τι
1734 1241 1779 1266 καὶ
1797 1241 1896 1268 ἄλαλον

1106 1283 1154 1309 καὶ
1168 1283 1261 1309 ὁποῖον
1275 1283 1308 1318 δὴ
1331 1283 1377 1310 τὸν
1397 1284 1516 1320 Χριστὸν
1533 1284 1701 1320 θεραπεῦσαι
1719 1288 1753 1313 τὰ
1770 1287 1895 1321 Εὐαγγέ-

1106 1327 1161 1355 λια.
1186 1327 1230 1359 Ὠς
1244 1328 1291 1354 οὖν
1304 1329 1355 1364 ἤδη
1367 1329 1405 1364 τῷ
1423 1329 1512 1365 στύλῳ
1524 1332 1708 1366 προσήγγιζον
1719 1332 1733 1358 6
1747 1334 1813 1364 παῖς
1826 1335 1896 1368 μετὰ

1109 1372 1158 1399 τοῦ
1175 1374 1289 1409 πατρὸς,
1307 1375 1450 1408 ὲκτινάξας
1464 1377 1478 1403 6
1493 1377 1599 1411 δαίμων
1614 1378 1662 1405 τὸν
1678 1378 1761 1405 παῖδα
1774 1380 1824 1406 καὶ
1840 1379 1897 1406 τῶν

1107 1419 1282 1454 κρατούντων
1305 1421 1387 1447 αὑτὸν
1411 1422 1577 1454 ἀποσπάσας
1591 1423 1675 1458 ἤλασε
1690 1424 1758 1459 πρὸς
1777 1424 1827 1460 τὴν
1840 1425 1898 1452 κλι-

1110 1474 1185 1501 μακα
1206 1466 1267 1502 ἥτις
1291 1468 1476 1504 ἐρηρεισμὲνη
1494 1470 1555 1496 τότε
1581 1470 1620 1504 τῷ
1643 1470 1731 1506 στύλῳ
1751 1471 1896 1506 ἐτύγχανε.

1108 1508 1164 1539 Καὶ
1180 1522 1194 1540 ο
1218 1513 1268 1548 μὲν
1283 1514 1365 1546 εὐθὺς
1380 1516 1430 1549 τῆς
1453 1515 1588 1550 κλίμακος
1609 1516 1710 1548 ἐπιϐὰς
1727 1517 1815 1552 ἀνῄει,
1839 1518 1853 1543 ὀ
1867 1518 1896 1544 δὲ

1105 1558 1178 1590 ὅσιος
1196 1559 1300 1587 ἄνωθεν
1314 1560 1387 1594 όρῶν
1403 1560 1494 1587 ἐδέετο
1516 1560 1564 1588 τοῦ
1587 1561 1667 1588 θεοῦ.
1687 1562 1739 1588 Καὶ
1765 1563 1825 1594 πῶς
1839 1565 1895 1599 γὰρ

1105 1605 1155 1631 οὐκ
1173 1605 1206 1631 ἂν
1221 1605 1274 1631 ὑπὸ
1293 1605 1350 1631 τοῦ·
1363 1605 1492 1639 δαίμονος
1507 1606 1597 1641 ριφεὶς
1613 1607 1663 1641 τῆς
1686 1607 1822 1642 κλίμακος
1845 1617 1896 1636 κα-

1105 1651 1203 1687 τεάγη,
1229 1652 1253 1678 εἰ
1280 1651 1318 1687 μὴ
1337 1652 1525 1687 προκατέηεν
1549 1650 1628 1684 οὗτος
1650 1654 1697 1680 τὸν
1721 1654 1836 1689 δαίμονα
1861 1657 1895 1691 τῇ

1105 1697 1172 1732 εὐχῇ
1185 1705 1193 1729 ;
1208 1696 1314 1724 Οὔκουν
1328 1698 1403 1732 αὐτῷ
1417 1697 1467 1729 τὰς
1479 1699 1574 1733 χεῖρας
1588 1698 1732 1734 ἐπέθηκεν,
1749 1701 1808 1727 οὐδὲ
1824 1701 1895 1736 amp

1106 1743 1152 1770 ἐπὶ
1164 1743 1220 1774 τοῖς
1236 1742 1392 1778 ἔμπροσθεν
1408 1743 1500 1770 εἰώθει
1520 1745 1608 1772 ποιεῖν
1624 1744 1750 1780 ἔδρασεν.
1767 1746 1825 1773 ἀλλ’
1840 1747 1895 1774 ἄνω

1108 1789 1157 1824 μὲν
1173 1789 1275 1820 ἐκεῖνος
1287 1788 1398 1824 ηὔχετο,
1412 1791 1487 1816 κάτω
1501 1789 1529 1816 δὲ
1544 1790 1582 1816 ὢν
1593 1791 1607 1816 6
1622 1792 1686 1822 παῖς
1700 1791 1740 1818 ἐτι
1753 1792 1801 1819 καὶ
1813 1792 1896 1827 μήπω

1106 1835 1141 1861 τὰ
1154 1834 1226 1868 μέσα
1241 1834 1290 1869 τῆς
1305 1835 1440 1869 κλίμακος
1457 1835 1586 1870 ὲφθακὼς
1600 1836 1650 1870 τῆς
1664 1836 1814 1872 Θεραπείας
1829 1837 1896 1865 ἁπέ-

1106 1879 1199 1906 λειυεν.
1218 1879 1294 1911 Ἐνὺς
1306 1880 1347 1906 ἔτι
1361 1880 1441 1915 μόνου
1456 1880 1588 1915 μνησθεὶς
1598 1881 1653 1908 τῶν
1663 1881 1752 1909 ἄλλων
1766 1882 1795 1909 ἑν
1807 1883 1897 1918 καιρῷ

1107 1925 1189 1953 πάλιν
1212 1926 1270 1961 ίδίῳ
1286 1926 1489 1962 μνησθήσομαι.

1143 2014 1209 2041 KA’.
1231 2015 1308 2042 Λέων
1331 2015 1346 2041 6
1367 2014 1453 2049 μέγας
1476 2015 1588 2049 ἐκράτει
1616 2014 1666 2049 μὲν
1684 2015 1733 2050 τῆς
1754 2015 1897 2051 Ῥωμαίων

1107 2061 1206 2096 ἀρχῆς,
1220 2061 1321 2095 ἥκιστα
1335 2061 1364 2087 δὲ
1380 2061 1427 2086 καὶ
1443 2060 1551 2094 φύσεως
1565 2058 1622 2095 εἶχε
1638 2062 1759 2096 κρατεῖν,
1775 2061 1834 2088 ἀλλ’
1847 2062 1897 2098 ἄῤ-

1108 2107 1187 2142 ρενος
1200 2106 1310 2141 ἡμοίρει
1323 2106 1416 2141 γονῆς.
1433 2106 1466 2134 Τί
1482 2104 1529 2132 οὖν
1543 2107 1632 2139 ποιεῖς
1654 2107 1715 2133 Ἐπὶ
1727 2107 1773 2134 τὸν
1788 2108 1898 2135 πάντων

1109 2153 1262 2188 κρατοῦντα
1277 2153 1445 2187 καταφεύγει
1467 2153 1545 2185 Θεὸν,
1560 2153 1658 2188 μεσίτῃ
1677 2154 1745 2189 πρὸς
1760 2153 1842 2181 αὐτὸν
1857 2154 1897 2189 τῷ

1107 2199 1207 2234 Δανιὴλ
1221 2199 1406 2235 χρησάμενος.
1425 2199 1479 2226 Καὶ
1495 2199 1525 2231 ὃς
1549 2199 1682 2235 ὑπήκουε,
1703 2200 1751 2226 καὶ
1765 2201 1807 2227 ὅτι
1821 2200 1897 2233 τέξε-

1106 2251 1151 2271 ται
1163 2245 1180 2279 ή
1199 2244 1267 2279 γυνὴ
1280 2244 1311 2270 τὸ
1325 2244 1403 2271 ἐπιὸν
1416 2244 1476 2276 ἔτος
1496 2244 1577 2276 εὐθὺς
1589 2245 1702 2280 ἐμήνυε,
1717 2245 1833 2279 Γέγονεν
1849 2244 1897 2273 οὖν

1106 2289 1173 2316 αὐτὸ
1186 2290 1303 2325 πρᾶγμα
1319 2289 1350 2317 τὸ
1364 2290 1452 2326 ῥῆμα,
1473 2290 1520 2316 καὶ
1540 2291 1601 2321 ταῖς
1618 2291 1712 2326 εὐχαῖς
1726 2288 1798 2323 εῐξεν
1811 2292 1827 2327 ἡ
1844 2291 1896 2326 φύ-

1107 2344 1148 2367 σις
1161 2336 1192 2363 οὐ
1212 2336 1305 2363 δοῦναι
1322 2337 1402 2371 μόνον
1417 2336 1487 2368 υἱὸν,
1508 2336 1576 2364 ἀλλὰ
1589 2337 1636 2363 καὶ
1657 2337 1719 2364 κατ’
1736 2338 1840 2365 ἐκεῖνον
1856 2339 1896 2366 δεὶ

1103 2383 1149 2409 τὸν
1173 2382 1271 2416 καιρὸν
1284 2382 1377 2409 δοῦναι
1402 2382 1463 2409 καθ’
1485 2383 1515 2409 ὃν
1538 2383 1568 2409 τὸ
1588 2383 1717 2418 θεοφόρον
1738 2384 1826 2419 στόμα
1849 2385 1896 2411 τοῦ

1103 2430 1182 2464 ἁγίου
1197 2431 1353 2465 προέλεξεν.
1372 2430 1465 2463 Οὕτως
1480 2431 1584 2463 ἐκεῖνος
1599 2431 1629 2458 οὐ
1646 2431 1726 2466 μόνον
1740 2430 1824 2467 εὐχῆς
1837 2431 1896 2463 υίὸς

1101 2474 1145 2512 ἦν,
1155 2476 1224 2502 ἀλλὰ
1236 2477 1347 2508 καὶτοῖς
1361 2477 1452 2509 ἄλλοις
1465 2477 1550 2503 ἐδίδου
1560 2477 1632 2512 ἐχειν
1649 2477 1684 2503 δι’
1697 2476 1782 2512 εὐχῆς
1807 2477 1893 2508 υἱούς.

1102 2520 1195 2547 Ταῦτα
1216 2521 1263 2548 καὶ
1291 2521 1418 2556 βασιλεὺς
1439 2522 1515 2557 αὑτῷ
1536 2522 1728 2557 ἀμειϐόμενος,
1745 2522 1840 2557 τρίτου
1852 2522 1894 2549 θι-

1106 2568 1197 2603 μέλιον
1213 2568 1300 2600 κίονος
1314 2569 1395 2595 αὑτὸν
1413 2569 1589 2597 κατεϐάλετο.

1140 2614 1206 2641 KB’.
1223 2615 1278 2649 Τῆς
1294 2615 1390 2650 φήμης
1405 2612 1452 2641 οὗν
1466 2615 1511 2641 τὸν
1531 2615 1608 2649 ἅγιον
1625 2614 1783 2650 ἁπανταχοῦ
1797 2615 1894 2649 διακηο

1108 2660 1258 2696 ρυττούσης
1274 2661 1431 2696 ἀφικνεῖται
1449 2661 1518 2696 πρὸς
1535 2661 1617 2688 αὑτὸν
1631 2662 1707 2697 καὶὴ
1725 2660 1829 2696 βασιλὶς
1843 2660 1890 2686 Εὐ·

1104 2706 1183 2733 δοκία
1199 2708 1231 2734 ὲκ
1254 2708 1302 2742 τῆς
1317 2708 1430 2742 Ἀφρων
1452 2708 1514 2742 ἄρτι
1532 2707 1624 2743 χώρας
1645 2707 1825 2738 ἀνασωθεῖσα,
1843 2705 1893 2732 καὶ

1106 2752 1208 2788 πολλὴν
1225 2753 1276 2788 μὲν
1289 2753 1367 2788 αἱδὼ,
1385 2753 1485 2790 πολλὴν
1502 2753 1530 2780 δὲ
1546 2753 1630 2789 τιμὴν
1645 2753 1765 2788 νέμουσα
1779 2751 1892 2784 ἀξιοῦσό

283 2827 321 2861 ('5)
339 2826 464 2863 Eudocia
480 2831 590 2855 servata
611 2834 646 2855 ex
660 2826 753 2855 Africa
767 2825 881 2861 dicitur,
894 2825 969 2861 quod
987 2833 1002 2853 a
1022 2825 1176 2853 Genscrico
1190 2825 1390 2855 Wandalorum
1413 2834 1477 2863 rege
1494 2826 1604 2863 captiva
1619 2826 1646 2854 in
1664 2825 1785 2854 Africam
1802 2822 1890 2852 dedu-

247 2865 303 2894 cta,
318 2867 380 2896 post
395 2861 510 2888 dimissa
528 2866 581 2889 est.
