2049 3151
171 174 228 207 ί97

707 176 798 207 νιΤΑ
817 177 848 209 S.
871 176 1055 209 DANIELIS
1079 178 1261 211 STYLIT/E.

1754 185 1806 218 998

171 242 202 260 τε
218 232 301 260 αὐτὸν
312 232 359 260 τοῦ
372 231 422 268 μιν
433 231 524 265 κίονος
536 231 690 264 κατελθεῖν,
703 223 834 269 φοιτῆσαι
848 233 877 261 δι
891 234 956 269 προς

1012 241 1112 269 rogans
1127 235 1229 269 ipsum,
1249 239 1278 263 ut
1293 235 1327 263 dc
1341 238 1469 266 columna
1483 239 1594 275 quidem
1610 241 1804 275 descenderet,

170 280 235 311 τοὺς
257 279 344 314 αὑτῆς
356 278 467 312 τόπους,
491 279 539 306 καὶ
552 279 665 312 τούτους
679 279 801 315 οῖκῆσαι.
824 280 921 307 Πολλοὶ
933 281 961 308 δέ

172 333 229 360 μοι,
245 325 349 359 ελεγεν,
363 321 447 358 οῦτοι,
463 325 511 352 καὶ
525 325 583 361 ἅμα
603 325 653 360 μὲν
673 326 788 361 ἡσυχίας
804 326 888 361 φίλοι,
903 327 961 361 ἅμα

169 371 199 398 δὶ
214 370 261 397 καὶ
285 371 465 406 παραμυθίαν
482 371 567 406 ἄλλην
584 371 695 406 ὀρέγειν
710 371 864 407 δυνάμενοι.
890 373 919 398 ’0
932 372 961 398 δὲ

169 416 220 451 τῆς
238 417 344 451 ἀγαθῆς
359 417 444 452 αὐτὴν
458 417 572 453 γνώμης
586 418 787 453 ἀποδεχόμενος
803 418 852 445 οὐκ
869 419 960 454 ἔκρινε

171 462 358 497 μεταϐαίνειν,
375 463 432 490 ἀλλ’
442 463 559 490 ἐνταῦθα
573 464 606 499 δὴ
618 463 820 499 διακαρτερεῖν,
836 464 900 490 ἔνθα
913 465 960 491 καὶ

169 509 246 542 παρά
264 509 383 544 Χριστοῦ
404 509 558 544 πεφύτευτο
572 511 605 545 τῇ
630 511 714 546 ἀρετῇ
740 510 893 546 ῥιζοῦσθαι,
913 511 959 538 καὶ

166 554 214 580 τὸν
241 555 349 590 καρπὸν
376 555 476 582 διδόναι
491 556 562 582 κατά
579 556 674 590 καιρδν
697 556 744 582 τὸν
771 557 957 591 προσήκοντα.

166 598 263 626 Ταῦτα
281 600 330 627 καὶ
344 600 447 627 τοιαῦθ’
461 601 545 636 ἕτερα
560 601 641 633 λέξας
662 602 709 627 καὶ
724 601 851 635 εὐλογίας
873 601 959 637 αὐτὴν

165 645 288 677 ἀξιώσας
302 647 451 682 ἐκπέμπει.
466 647 522 673 Καὶ
538 647 599 674 τότε
617 647 649 682 δὴ
667 647 734 682 πρὸς
745 648 791 675 τὸν
811 648 857 674 τοῦ
872 648 958 675 Γελα-

167 693 229 720 σίου
245 693 322 720 κίονα
337 693 507 729 μεταϐαίνει,
523 694 570 721 καὶ
584 694 643 729 ἅμα
657 694 695 729 τῷ
711 694 811 729 στόλῳ,
828 694 959 729 ὑψηλότε-

166 747 216 773 ρος
233 738 286 773 γὰρ
302 737 348 774 ἦν.
364 740 410 766 καὶ
430 740 505 774 αὐτῷ
519 739 554 766 τὰ
568 739 617 774 τῆς
635 740 736 775 ἀρετῆς
759 740 893 772 ἑπεδίδου,
910 741 959 767 καὶ

165 784 306 816 πολιτείας
321 785 492 821 ὑψηλοτέρας
510 786 726 821 ἑπελαμόάνετο.
741 786 799 813 οὐκ
814 785 911 821 ἔμελλε
930 787 958 813 δὲ

164 831 221 866 ἄρα
247 831 309 859 οῦτε
337 832 376 868 τῷ
404 833 520 868 διασόλῳ
549 833 612 861 οὕτε
646 833 703 864 τοῖς
724 833 828 860 ἐκείνου
858 833 959 859 ἐνεκτά

163 877 253 904 ταῦτα
272 876 354 906 εἶναι.
389 878 438 906 Διά
461 888 503 906 τοι
517 879 605 906 ταῦτα
626 879 708 910 αὐτὸς
732 879 782 914 μὲν
805 879 930 914 ὑπῆρχεν
943 880 958 906 ὁ

1014 278 1048 305 ad
1079 286 1128 306 sua
1158 287 1224 307 vero
1245 281 1305 308 loca
1316 283 1434 317 veniret,
1449 289 1477 312 et
1499 293 1531 312 ea
1563 286 1712 315 habitaret.
1734 288 1804 316 Sunt

1014 329 1118 356 autem,
1140 325 1249 354 dicebat
1269 335 1313 360 ea,
1337 329 1403 355 mihi
1427 331 1523 363 multa.
1541 336 1568 358 et
1589 333 1670 360 simul
1693 334 1804 369 quidem

1013 371 1101 398 amica
1119 372 1239 404 silentio.
1257 377 1284 400 et
1300 382 1360 408 qua:
1374 377 1480 410 possint
1496 377 1577 404 aliam
1600 379 1725 413 praebere
1739 388 1802 407 con-

1013 417 1187 447 solationem.
1202 419 1250 447 [Ile
1263 427 1328 447 vero
1337 421 1436 449 bonam
1453 423 1514 457 ejus
1527 428 1645 452 mentem
1665 427 1804 462 accipiens

1013 468 1041 491 et
1051 464 1180 497 laudans,
1197 466 1293 494 statuit
1306 475 1360 494 non
1377 469 1585 504 transmigrare.
1600 471 1646 498 sed
1662 473 1688 499 in
1700 479 1733 500 eo
1744 474 1804 501 loco

1013 517 1203 545 perseverare,
1219 511 1246 539 in
1262 520 1318 548 quo
1334 514 1422 542 fuerat
1443 523 1458 542 a
1475 515 1587 544 Christo
1605 517 1756 551 plantatus,
1776 524 1804 547 et

1013 556 1127 585 virtutis
1141 557 1249 586 radices
1259 559 1286 586 in
1303 567 1336 588 eo
1349 568 1441 596 agere.
1461 566 1488 589 et
1503 562 1621 590 fructum
1637 565 1804 592 convenien-

1014 605 1069 630 tem
1086 602 1152 631 dare
1175 611 1226 631 suo
1242 609 1375 641 tempore.
1395 606 1463 634 Cum
1479 608 1536 636 haec
1560 613 1588 636 et
1609 610 1663 637 alia
1691 611 1805 639 dixisset

1012 650 1160 684 ejusmodi.
1172 655 1200 678 et
1209 651 1403 680 benedictione
1414 661 1475 681 eam
1488 655 1678 690 impertiisset,
1691 657 1804 685 emittit.

1013 693 1091 722 Tunc
1101 698 1195 722 autem
1213 697 1312 724 transit
1327 698 1362 724 ad
1374 698 1530 726 columnam
1546 700 1658 734 Gelasii,
1675 706 1703 728 et
1721 702 1804 729 simul

1013 745 1076 765 cum
1089 740 1218 768 columna
1231 741 1301 776 (erat
1315 743 1390 770 enim
1403 745 1550 780 excelsior)
1560 746 1585 773 ei
1598 754 1708 782 quoque
1724 752 1804 774 aucta

1011 790 1055 812 est
1068 785 1171 818 virtus;
1187 790 1215 813 ct
1234 787 1296 814 vitae
1314 788 1472 817 institutum
1490 798 1636 826 aggressus
1654 796 1696 820 est
1712 793 1804 820 excel-

1012 830 1081 858 sius.
1093 831 1153 858 Non
1164 837 1244 860 erant
1255 838 1347 860 autem
1358 835 1452 863 futura
1466 837 1524 864 hmc
1536 838 1699 870 tolerabilia.
1713 846 1804 874 neque

1012 874 1132 909 diabolo,
1154 884 1244 913 neque
1262 879 1336 906 illius
1352 881 1475 908 asseclis.
1494 882 1643 917 Propterea
1659 883 1717 918 ipse
1738 884 1804 919 qui-

166 923 285 958 κάμινον
297 924 372 960 αὑτῷ
394 925 477 952 πάλιν
495 925 549 951 τῶν
565 913 884 960 πειρασμῶννάνάπτων,
895 913 956 952 ὲκε-

1012 920 1074 948 dem
1101 922 1125 950 ei
1154 931 1252 951 rursus
1278 926 1407 954 accendit
1430 927 1571 955 fornacem
1603 930 1802 964 tentationum;

167 976 255 1003 χρητο
280 969 308 996 δὲ
322 970 379 1001 τοῖς
401 970 429 996 ἒν
450 969 590 1004 Βυζαντίῳ
610 969 664 996 τῶν
686 969 836 1005 αῖρετικῶν
863 970 959 997 παισὶν

167 1014 330 1050 ὑπηρέταις,
345 1017 426 1042 Ουτοι
446 1015 557 1050 γύναιόν
575 1015 666 1042 τιτῶν
680 1015 893 1051 ἑταιριζομινων
908 1024 960 1043 πα-

167 1060 333 1095 ραλαὸόντες
384 1060 413 1088 τδ
438 1061 488 1095 μὲν
501 1060 579 1095 γένος
600 1061 688 1093 Ἀσία,
704 1061 847 1088 πλεύσασα
871 1061 900 1087 δὲ
917 1061 958 1092 είς

167 1105 329 1139 Βυζάντιον,
356 1107 492 1142 πορισμὸν
508 1107 592 1142 ἑαυτῇ
609 1106 684 1142 φιῦι
705 1107 760 1134 ἀπὸ
788 1107 835 1134 τοῦ
855 1107 957 1134 οίκεέου

165 1151 294 1187 σώματος
308 1153 430 1187 πονηρὸν
444 1153 574 1179 ιποιεϊτο.
591 1151 701 1188 Ταύτην
718 1152 809 1186 λόγοις
822 1152 960 1188 ἐξαπατή-

166 1206 264 1229 σαντες
279 1198 326 1224 καὶ
337 1198 430 1232 ὅρκοις
444 1198 592 1230 πείσαντες
607 1199 654 1226 καὶ
671 1199 822 1234 χρημάτων
840 1200 960 1233 ἐπαγγεο

163 1242 211 1278 λίς.
230 1243 294 1278 ὃλην
309 1243 376 1278 πρὸς
395 1243 463 1279 ὅπερ
478 1244 625 1279 ἠϐούλοντο
643 1244 885 1279 παρορμήσαντες,
905 1253 958 1271 πα-

166 1288 367 1324 ρασκευάζουσι
382 1289 450 1325 πρὸς
461 1289 508 1316 τὸν
522 1289 601 1324 ἀγιον
611 1289 752 1321 ἀπελθεῖν,
765 1290 813 1316 καὶ
827 1290 844 1324 ἢ
861 1290 958 1326 ἐκείνῳ

164 1334 183 1369 ἢ
203 1334 245 1361 ἑνί
261 1342 294 1369 γε
315 1335 371 1361 τῶν
387 1334 470 1362 αὐτοῦ
495 1335 624 1370 μαθητῶν
643 1335 733 1370 ἔρωτα
752 1335 896 1370 ὲνσπεῖραι
910 1335 958 1362 καὶ

165 1381 234 1417 πρὸς
250 1382 401 1416 ἐπιθυμίαν
419 1381 521 1409 ἄτοπον
542 1381 753 1414 ἐκκαλέσασθαι.
772 1382 877 1408 Ἀνεισι
901 1390 958 1409 τοι·

164 1427 270 1462 γαροΰν
285 1428 302 1463 ἡ
329 1428 479 1459 ἀκόλαστος
499 1428 568 1462 πρὸς
582 1427 627 1454 τὸν
655 1427 794 1462 σώφρονα,
819 1428 888 1462 πρὸς
907 1428 958 1464 τὴν

164 1473 288 1508 καθαρὰν
302 1473 391 1509 ψυχὴν
406 1474 423 1509 ἡ
436 1473 593 1508 ἀκάθαρτος
607 1473 764 1500 ἀκολούθων
776 1474 877 1509 πλῆθος
890 1474 958 1502 ὲπα-

163 1517 280 1553 γομένη,
297 1518 472 1552 φαντάσμασί
484 1527 513 1545 τε
528 1518 577 1545 καὶ
594 1519 716 1554 σχήμασι
732 1519 870 1554 βδελυροῖς
885 1528 957 1555 χρω-

162 1563 234 1598 μένη
252 1563 300 1590 καὶ
328 1563 450 1598 χρυσίων
474 1562 618 1599 περιϐολῇ,
646 1565 695 1591 καὶ
720 1565 844 1599 κοσμίων
867 1564 956 1592 ἄλλων

160 1594 312 1645 ἀπιτίλοκῇ,
329 1594 465 1637 ⁷κλέπτειν
489 1594 616 1644 οιὴθεῖέᾶ
636 1611 684 1637 καὶ
702 1594 839 1643 δελεάζειν
851 1610 955 1646 όφθαλ-
969 1594 991 1623 c

160 1654 234 1690 μοὺς
259 1655 392 1688 ἐκείνους,
413 1655 489 1682 οὐδὲν
503 1655 663 1690 πρόσγειον,
688 1655 766 1683 οὐδὲν
788 1656 843 1683 τῶν
856 1657 957 1684 ὺλικῶν

158 1701 374 1737 ἀγαπήσαντας.
398 1701 598 1736 Παραμείνασα
620 1701 648 1728 δέ
671 1710 725 1728 τινι
739 1701 793 1728 τῶν
818 1702 910 1737 ἀγρῶν
929 1702 958 1734 ὃς

156 1747 211 1774 τοῦ
228 1755 258 1773 τε
276 1747 365 1778 κίονος
387 1744 422 1782 ἦν
440 1746 555 1781 ἀντικρὺ
573 1746 620 1773 καὶ
641 1746 690 1782 τῆς
703 1747 825 1783 μάνδρας
841 1747 896 1774 τῶν
912 1747 958 1774 λο-

157 1792 249 1828 γικῶν
262 1792 430 1827 θρεμμάτων
443 1791 498 1818 τῶν
511 1791 559 1818 τοῦ
576 1791 660 1818 καλοῦ
674 1792 752 1819 τοῦδε
768 1793 895 1828 ποιμένος
906 1794 958 1819 Δα-

159 1838 233 1874 νιὴλ,
263 1838 312 1865 καὶ
337 1839 530 1873 προσεποιεῖτο
547 1839 646 1871 νοσεῖν,
674 1837 708 1864 ἵν’
723 1838 748 1864 ει
778 1838 891 1865 δυνατὸν
906 1839 955 1866 καὶ

159 1884 236 1919 αὐτῷ
253 1883 303 1918 μὲν
328 1882 369 1918 τῷ
393 1883 464 1919 dyqu
480 1882 601 1918 ψυχικῆς
625 1883 785 1919 ἀρρωστίας
808 1883 884 1910 αίτία
905 1884 953 1916 ys-

159 1936 246 1957 νοιτο’
260 1929 285 1955 εἰ
298 1928 320 1954 δ’
337 1926 394 1962 οὖν,
407 1930 464 1960 τοῖς
483 1937 514 1963 γε
533 1928 668 1965 μαθηταῖς
683 1928 790 1956 ἐκείνου
801 1929 850 1964 τὴν
863 1929 953 1965 λύμην

159 1975 262 2004 ἐνθείη.

280 2020 326 2051 Ὠς
339 2019 368 2046 δὲ
383 2019 431 2046 ἐπὶ
444 2019 529 2046 πολὺν
541 2019 638 2054 χρόνον
654 2020 861 2056 παραμεινάσῃ,
875 2019 951 2047 ἅπαν

158 2067 228 2101 αὐτῇ
241 2065 273 2092 τὸ
289 2065 411 2100 σόφισμα
428 2065 544 2101 μάταιον
561 2063 607 2100 ἦν,
626 2065 794 2101 κατέρχεται
814 2067 865 2102 μὲν
883 2066 953 2101 πρὸς

157 2113 221 2143 τοὺς
235 2111 462 2143 ἀποστείλαντας,
475 2111 550 2145 λέγει
560 2111 615 2146 δὲὴ
630 2111 831 2146 κατάπτυστος,
844 2113 891 2139 καὶ
904 2121 954 2139 κα-

157 2156 322 2191 ταψεύδεται
332 2155 379 2182 τοῦ
387 2156 478 2190 ἁγίου,
496 2156 514 2182 ἃ
528 2156 579 2188 μὲν
587 2157 653 2191 μήτι
668 2164 699 2191 γε
711 2156 750 2190 τῷ
762 2156 873 2192 μεγάλῳ
882 2157 955 2184 ὲκεί-

157 2211 196 2237 νῳ
211 2202 257 2228 int
271 2201 334 2229 νοῦν
346 2199 412 2238 ἦλθε
427 2201 518 2237 (τοῦτο
527 2201 582 2238 γὰρ
601 2203 615 2228 ὁ
628 2202 732 2238 σφόδρα
743 2203 797 2229 τῶν
811 2202 951 2238 λογισμῶν

157 2247 338 2285 ἐκκρουσθεὶς
355 2250 540 2283 ἐπίστευσεν),
553 2248 612 2276 ἀλλ’
626 2249 688 2275 οὐδὲ
704 2248 759 2275 τῶν
770 2249 879 2276 ἐκείνου
893 2258 953 2285 φοι-

157 2294 247 2330 τητῶν
259 2294 358 2327 οὐδενὶ,
373 2293 473 2320 πολλοῦ
481 2303 512 2326 γε
522 2294 572 2321 δεῖ.
589 2295 631 2321 Τὰ
646 2294 674 2320 δὲ
691 2291 725 2329 ἦν
743 2294 781 2326 ὡς
801 2295 889 2322 Ἑάλω
901 2295 952 2330 μὲν

157 2341 218 2368 κατ’
236 2341 325 2376 ἄκρας
343 2339 411 2376 ἐμοῦ
430 2341 543 2376 Δανιὴλ,
559 2340 671 2372 ἐδέξατο
684 2341 713 2367 δὲ
725 2342 758 2376 τῇ
776 2340 850 2377 ψυχῇ
861 2342 891 2367 τὸ
907 2341 952 2376 βέ-

157 2386 213 2419 λος,
232 2387 278 2413 καὶ
297 2386 375 2418 τέλος
391 2386 428 2418 ὡς
454 2386 589 2422 ἐπέτρεψε
605 2388 662 2418 τοῖς
681 2388 818 2423 μαθηταῖς
837 2388 952 2421 ἀγαγεῖν

158 2441 191 2468 με
207 2432 251 2460 διὰ.
274 2433 324 2468 τῆς
342 2433 477 2467 κλίμακος
492 2433 561 2468 πρὸς
583 2433 665 2460 αὐτόν
681 2442 688 2449 ·
709 2433 778 2468 ἐμοῦ
802 2433 841 2467 δὲ,
870 2435 950 2469 φησὶ,

158 2479 198 2515 μὴ
213 2479 406 2514 ἀνασχομένης
425 2478 622 2506 ιόουλεύσαντο
643 2480 750 2508 ἀνελεῖν
763 2479 811 2507 τοῦ
827 2481 876 2516 τὴν
888 2482 952 2508 ἀκο-

157 2524 270 2558 λασίαν,
287 2524 389 2559 ταύτην
415 2525 508 2551 λαθεῖν
521 2533 527 2540 ·
548 2527 595 2552 καὶ
616 2526 671 2552 ιδοὺ
691 2526 767 2561 μόλις
782 2526 833 2558 τὰς
858 2528 952 2562 χεῖρας

158 2570 248 2596 αὐτῶν
257 2569 426 2604 διαδράσασα
437 2572 470 2606 τῇ
483 2573 558 2607 φυγῇ
571 2571 723 2606 σέσωσμαι.
737 2571 815 2599 Οὕτω
824 2574 872 2608 τῆς
887 2582 950 2608 μαι-

158 2615 238 2648 νάδος
252 2615 402 2650 εὐέλεγκτα
414 2616 628 2652 διαψευδομένης
640 2617 765 2653 ἥρπαζον
775 2619 876 2645 ἐκεῖνοι
888 2620 951 2651 τοὺς

157 2662 253 2697 λόγους
270 2661 308 2694 ὡς
330 2662 528 2698 ἀληθεστάτας
552 2663 734 2699 προσέχοντες
747 2673 755 2680 ·
771 2663 789 2691 ἃ
803 2665 858 2700 γὰρ
874 2666 951 2692 ἐδού-

157 2709 245 2743 λοντο,
259 2709 346 2736 ταῦτα
364 2709 412 2736 καὶ
425 2710 515 2744 ἀληθῆ
532 2706 604 2736 εἶναι
620 2709 715 2745 ᾤοντο,
729 2711 846 2741 καὶτοῖς
859 2711 950 2744 ἀλλοις

158 2756 353 2791 παρέπεμπον.
376 2755 457 2783 ’Δλλὰ
473 2756 528 2791 γὰρ
546 2757 560 2782 ὸ
577 2756 657 2789 αὐτὸς
674 2756 706 2792 ἦν
727 2757 866 2784 κάνταῦθα
883 2757 950 2790 Θεὸς

158 2803 206 2829 καὶ
219 2803 250 2829 τὸ
262 2803 312 2838 τῆς
329 2802 406 2839 δίκης
423 2803 547 2838 ἄφυκτον
568 2803 617 2830 καὶ
639 2803 787 2838 ἀλὰθητον.
802 2804 834 2830 Τί
850 2803 897 2831 οῦν
909 2804 951 2840 γί-

157 2856 242 2882 νεται,
261 2851 308 2877 καὶ
328 2850 387 2882 πῶς
403 2849 491 2878 ταῦτα
517 2851 717 2885 οἰκονομεῖται;
737 2850 850 2886 Πνεῦμα
867 2860 950 2888 πονη-

158 2893 205 2930 ρδν
219 2896 265 2923 tm
278 2896 328 2932 τὴν
341 2895 450 2932 φαύλην
459 2895 507 2924 καὶ
519 2896 682 2933 ψευδολόγον
692 2897 772 2931 εὐθὺς
789 2897 943 2934 πέμπεται,

1013 975 1079 996 usus
1090 973 1132 996 est
1144 977 1210 998 vero
1226 971 1363 1000 ministris
1377 972 1525 1005 haereticis,
1538 975 1585 1010 qui
1601 981 1683 1003 erant
1695 977 1802 1012 Byzan-

1012 1013 1053 1041 tii.
1078 1014 1125 1042 Isti
1145 1023 1207 1042 cum
1234 1017 1382 1051 quamdam
1403 1021 1587 1054 sumpsissent
1608 1022 1753 1050 mulierem
1769 1031 1803 1051 ex

1010 1061 1220 1095 meretricibus,
1241 1071 1302 1098 quas
1315 1069 1377 1092 erat
1390 1066 1502 1100 quidem
1520 1075 1622 1102 genere
1642 1069 1754 1101 Asiana,
1776 1071 1802 1098 ei

1010 1111 1103 1134 autem
1116 1113 1178 1135 erat
1194 1117 1295 1138 nomen
1311 1111 1426 1139 Basiana
1440 1122 1447 1146 ;
1470 1121 1533 1140 cum
1561 1115 1717 1150 navigasset
1734 1124 1800 1144 vero

1010 1153 1184 1189 Bylantium.
1203 1156 1372 1191 improbum,
1397 1159 1467 1194 proh
1494 1160 1593 1188 dolori
1612 1166 1748 1196 quaestum
1762 1163 1803 1189 fa-

1010 1200 1102 1228 ciebat
1117 1209 1168 1229 suo
1181 1210 1306 1238 corpore.
1318 1205 1385 1232 Eam
1397 1213 1459 1233 cum
1472 1207 1564 1234 verbis
1578 1207 1760 1243 decepissent.
1773 1213 1801 1236 et

1010 1248 1145 1281 promissa
1159 1250 1286 1284 pecunia,
1299 1255 1384 1278 totam
1398 1252 1432 1279 ad
1448 1253 1474 1279 id
1489 1254 1563 1287 quod
1577 1254 1716 1286 volebant,
1732 1255 1802 1283 inci-

1011 1296 1125 1325 tassent.
1138 1294 1264 1323 etliciunt
1278 1301 1307 1323 ut
1320 1297 1402 1325 radat
1416 1298 1450 1325 ad
1465 1303 1602 1330 sanctum.
1616 1304 1644 1328 et
1659 1301 1700 1328 vel
1713 1301 1802 1332 illum.

1008 1338 1053 1365 vel
1069 1346 1153 1366 unum
1165 1348 1198 1368 ex
1211 1342 1269 1369 suis
1284 1342 1439 1378 discipulis.
1461 1345 1494 1372 ad
1510 1354 1632 1374 amorem
1647 1347 1755 1380 illiciat,
1773 1353 1802 1376 et

1009 1384 1044 1430 ad
1067 1384 1166 1413 {cedam
1193 1394 1326 1422 provocet
1347 1390 1503 1418 libidinem.
1529 1392 1717 1422 Proliciscitur
1734 1402 1801 1430 ergo

1009 1429 1147 1463 impudica
1164 1430 1199 1457 ad
1214 1432 1358 1466 pudicum.
1374 1434 1482 1469 impura
1498 1437 1589 1464 anima
1606 1438 1639 1464 ad
1655 1429 1798 1472 mundam,

1008 1474 1142 1502 comitum
1166 1483 1260 1504 secum
1282 1477 1387 1506 ducens
1412 1481 1631 1514 multitudinem,
1655 1483 1799 1517 splendida

1007 1525 1122 1548 externa
1135 1528 1216 1549 utens
1229 1524 1332 1557 specie,
1344 1528 1372 1552 et
1382 1525 1539 1554 libidinosis
1552 1528 1686 1561 gestibus,
1700 1537 1802 1557 aureo-

1009 1575 1062 1602 que
1077 1568 1179 1595 amictu
1199 1573 1226 1596 et
1241 1569 1296 1596 alio
1322 1571 1471 1598 intertexto
1487 1578 1598 1606 ornatu,
1613 1574 1751 1603 arbitrata
1771 1583 1801 1604 se

1008 1612 1170 1640 allecturam
1196 1617 1223 1640 et
1243 1614 1427 1643 inescaturam
1454 1617 1516 1644 illos
1527 1619 1634 1652 oculos,
1659 1620 1707 1654 qui
1729 1621 1800 1648 nihil

1009 1662 1162 1692 terrenum,
1184 1659 1254 1688 nihil
1269 1668 1303 1688 ex
1321 1662 1436 1689 materia
1452 1668 1613 1691 concretum
1629 1665 1799 1694 dilexerunt.

1008 1703 1123 1732 Llanens
1137 1709 1228 1732 autem
1241 1706 1268 1733 in
1281 1707 1400 1741 quodam
1414 1716 1489 1743 agro,
1503 1710 1550 1744 qui
1561 1714 1621 1738 erat
1633 1719 1667 1738 ex
1681 1711 1798 1739 adverso

1009 1750 1156 1783 columnae,
1175 1755 1204 1779 et
1221 1752 1341 1781 mandrae
1358 1755 1473 1782 rationis
1491 1761 1650 1791 compotum
1666 1766 1798 1793 pecorum

1009 1792 1092 1829 hujus
1104 1796 1205 1830 egregii
1220 1797 1338 1831 pastoris
1356 1797 1486 1832 Danielis,
1503 1800 1653 1830 simulabat
1666 1792 1699 1830 se
1712 1811 1798 1839 aegro-

1008 1842 1086 1872 tare;
1111 1844 1150 1872 ut,
1166 1840 1190 1867 si
1215 1842 1273 1869 Iieri
1297 1848 1401 1877 posset,
1425 1846 1468 1873 vel
1495 1846 1547 1881 ipsi
1568 1848 1683 1882 quidem
1699 1854 1797 1877 sancto

1006 1886 1196 1919 aegrotationis
1213 1889 1300 1916 animi
1322 1897 1405 1918 causa
1421 1896 1513 1925 esset;
1532 1893 1575 1920 sin
1593 1895 1696 1925 minus.
1722 1895 1796 1924 illius

1006 1931 1103 1959 saltem
1116 1933 1258 1968 discipulis
1275 1935 1387 1963 aﬂcrret
1401 1938 1564 1971 perniciem.

1041 2019 1136 2048 XXIII.
1165 2021 1234 2049 Cum
1267 2027 1359 2051 autem
1389 2029 1534 2060 postquam
1564 2025 1647 2062 longo
1673 2031 1799 2063 tempore

1007 2066 1163 2099 mansisset.
1181 2068 1263 2095 inane
1279 2073 1306 2095 et
1321 2069 1430 2097 irritum
1446 2076 1506 2098 erat
1522 2071 1653 2099 callidum
1670 2073 1731 2105 ejus
1742 2081 1798 2101 coe-

1005 2113 1245 2147 pium.descendit
1257 2115 1368 2149 quidem
1380 2116 1414 2144 ad
1430 2124 1489 2150 eos,
1503 2118 1550 2152 qui
1565 2118 1696 2146 miserant
1708 2119 1798 2153 ddicit

1007 2166 1075 2187 vero
1091 2161 1270 2194 exsecranda,
1289 2165 1317 2189 et
1333 2169 1364 2190 ea
1391 2162 1522 2190 mentitur
1550 2163 1584 2191 de
1600 2168 1707 2198 sancto,
1733 2172 1798 2199 qua

1005 2212 1061 2232 non
1076 2205 1164 2233 solum
1179 2214 1277 2242 magno
1300 2207 1340 2234 illi
1352 2216 1492 2243 nunquam
1508 2209 1536 2236 in
1564 2215 1685 2238 mentem
1710 2218 1797 2238 vene-

1004 2254 1067 2277 runt
1084 2251 1094 2287 (
1109 2251 1161 2278 hoc
1184 2251 1257 2278 enim
1290 2259 1326 2280 ne
1360 2253 1407 2287 qui
1440 2253 1517 2281 valde
1545 2254 1657 2289 quidem
1671 2262 1686 2281 a
1702 2258 1795 2282 mente

1003 2296 1142 2331 discessit,
1160 2297 1310 2325 crediderit
1327 2300 1348 2333 ).
1367 2298 1414 2326 sed
1428 2306 1479 2327 nec
1497 2299 1546 2327 ulli
1561 2308 1595 2328 ex
1612 2300 1687 2328 illius
1709 2300 1796 2328 disci-

1002 2341 1096 2375 pulis,
1111 2343 1228 2370 multum
1249 2344 1361 2378 quidem
1382 2345 1470 2373 abest.
1485 2345 1550 2373 Haec
1578 2350 1670 2373 autem
1695 2351 1794 2374 erant:

1001 2387 1054 2415 Mei
1068 2396 1171 2421 amore,
1188 2389 1308 2423 dicebat,
1323 2391 1402 2419 valde
1415 2391 1526 2426 quidem
1539 2396 1636 2427 captus
1656 2398 1716 2420 erat
1740 2393 1794 2421 Da-

1001 2435 1075 2468 niel;
1090 2435 1182 2463 animo
1195 2444 1260 2464 vero
1277 2437 1361 2464 telum
1377 2443 1531 2473 acceperat,
1557 2443 1585 2466 et
1604 2439 1714 2466 tandem
1728 2446 1792 2467 cum

999 2481 1126 2516 iussisset
1143 2489 1209 2509 suos
1225 2481 1386 2517 discipulos,
1401 2488 1431 2510 ut
1443 2491 1487 2511 me
1505 2491 1615 2511 sursum
1645 2484 1679 2511 ad
1703 2484 1793 2519 ipsum

1001 2534 1050 2561 per
1067 2528 1156 2555 scalas
1171 2528 1353 2561 deducerent.
1379 2537 1431 2565 ego
1458 2534 1562 2563 autem,
1589 2530 1690 2566 inquit.
1712 2537 1792 2565 passa

1001 2580 1055 2600 non
1069 2581 1168 2606 essem,
1187 2582 1230 2601 me
1258 2576 1402 2603 occidendi
1420 2577 1568 2604 consilium
1582 2581 1727 2611 ceperunt,
1761 2582 1792 2604 ut

1001 2618 1060 2646 haec
1088 2619 1187 2647 lateret
1212 2620 1436 2655 intemperantia.
1459 2623 1495 2650 Et
1520 2630 1587 2650 ecce
1612 2622 1657 2650 vix
1691 2630 1790 2650 manus

1001 2672 1097 2692 eorum
1129 2666 1280 2702 etlugiens,
1300 2668 1368 2695 mihi
1397 2668 1459 2703 fuga
1485 2669 1623 2701 consului.
1642 2668 1689 2697 Sic
1711 2677 1792 2697 men-

1002 2711 1087 2739 tiente
1115 2713 1249 2746 mmnade,
1279 2719 1307 2742 et
1341 2722 1373 2743 ea
1402 2715 1523 2748 dicente,
1553 2716 1612 2743 haec
1639 2717 1724 2743 verba
1750 2715 1791 2744 illi

1001 2757 1179 2793 arripuerunt
1196 2759 1310 2794 perinde
1327 2769 1360 2788 ac
1375 2761 1519 2789 verissima
1544 2761 1554 2797 (
1568 2769 1629 2797 qua:
1654 2762 1728 2790 enim
1743 2770 1795 2790 vo-

999 2802 1103 2837 lebant,
1120 2812 1152 2832 ea
1165 2805 1247 2832 etiam
1264 2814 1327 2834 vera
1343 2808 1533 2843 putabantur).
1553 2812 1581 2836 et
1600 2816 1633 2835 ea
1659 2808 1694 2836 ad
1722 2808 1793 2837 alios

1001 2850 1235 2888 transmittebant.
1248 2852 1350 2880 Verum
1363 2853 1505 2882 enimvero
1525 2853 1570 2881 hic
1593 2861 1704 2889 quoque
1729 2857 1792 2882 erat

1000 2897 1076 2928 idem
1096 2899 1179 2934 Deus,
1197 2903 1225 2927 et
1240 2899 1358 2936 justitia,
1383 2907 1442 2936 quae
1469 2907 1559 2936 neque
1586 2904 1678 2936 potest
1708 2899 1791 2928 vitari
