2049 3151
226 165 279 196 999

803 164 997 196 ADDENDA.
1017 178 1052 183 —
1070 165 1284 197 DECEMBEB.
1314 170 1318 172 “

1797 163 1865 196 ιοω

227 230 277 252 nec
292 220 424 249 oblivioni
440 220 575 249 mandari.
592 220 663 254 Quid
683 228 749 257 ergo
767 222 886 255 accidit,
905 226 933 250 et
948 229 1019 258 quo-

1081 222 1118 250 ιαὶ
1133 222 1200 249 ἀκον
1214 222 1336 250 ἄκουσαν
1359 221 1478 254 ἐξειπεῖν
1503 221 1652 255 ἀναγκάζει
1680 221 1730 256 τήν
1751 228 1782 247 τι
1797 221 1865 255 πρὸς

228 268 309 296 modo
339 268 397 295 haec
428 268 647 302 dispensantur?
677 267 765 296 Malus
788 269 903 303 spiritus
925 269 1019 296 statim

228 314 347 341 mittitur
362 313 396 340 ad
413 315 512 341 malam
525 318 553 341 et
570 314 732 342 mendacem
745 314 887 347 feminam,
905 319 934 342 et
946 315 1019 342 invi-

229 367 273 389 tus
290 361 404 388 invitam
419 361 493 396 cogit
523 361 601 388 etlari
629 361 754 388 fraudem
780 361 973 389 haereticorum
992 361 1020 388 in

229 408 314 440 illam,
330 412 358 434 et
375 415 456 434 suum
480 415 576 434 rursus
598 407 772 435 mendacium
787 411 815 434 et
840 407 1023 435 machinatio—

229 461 305 482 nem.
321 453 391 481 Cum
402 461 463 480 eam
478 461 544 489 ergo
559 454 733 488 accepissent
747 453 832 485 cives,
853 457 879 481 et
902 453 935 480 ad
958 461 1022 481 san-

230 506 304 528 clum
319 501 472 533 duxissent,
491 500 624 535 rogabant
640 505 766 527 sanctum
789 505 821 528 ut
835 504 957 527 curaret.
973 499 1022 527 Ille

230 552 321 575 autem
349 554 431 574 verus
449 546 550 574 Christi
564 546 715 581 discipulus
728 567 735 578 ,
751 547 798 582 qui
821 547 891 575 dixit
913 551 1024 582 septua-

231 595 320 629 gesies
332 594 436 629 septies
458 598 586 628 oportere
604 593 737 621 fratribus
761 594 903 622 remittere
918 593 1022 624 debita,

231 645 259 667 et
283 640 396 674 diligere
425 640 562 673 inimicos,
588 641 670 667 ambo
692 639 774 667 simul
807 644 943 675 praecepta
968 646 1023 666 una

231 692 378 714 exsecutus
395 691 437 714 est
455 686 574 719 actione,
604 687 670 714 illud
687 686 810 721 quidem,
840 685 1024 714 condonando

231 733 371 768 injuriam,
396 732 449 759 hoc
474 740 551 763 vero,
581 732 738 760 miserendo
763 732 946 765 calamitatis,
969 731 1024 759 imo

231 787 298 806 vero
310 786 370 806 eam
382 778 526 813 splendide
546 778 690 814 erigendo,
717 782 745 805 et
774 777 885 805 sanitati
911 777 1025 804 restitu-

231 825 314 853 endo.
327 825 394 852 Nam
406 832 468 852 eum
487 824 612 852 oratione
626 832 705 857 usus,
717 832 778 852 eam
790 824 853 851 oleo
867 829 1024 857 sanctorum

234 876 362 906 tanquam
396 871 509 898 salutari
540 870 633 906 aliquo
667 876 788 906 potasset
812 871 1023 902 medicamento,

234 917 336 944 malum
353 917 464 952 quidem
478 917 617 952 spiritum,
634 921 763 950 tanquam
788 917 892 952 aliquid
908 924 1026 944 venena-
1041 906 1062 935 Β

235 968 304 996 tum,
317 963 409 991 statim
423 963 552 998 expellit;
577 971 638 991 eam
655 969 758 996 autem,
784 971 845 998 quae
871 964 1024 996 laborabat,

234 1010 293 1036 suis
311 1017 404 1038 sanam
423 1009 521 1037 reddit.
538 1009 603 1043 Qua:
627 1009 712 1037 etiam
729 1010 803 1037 illius
825 1010 964 1044 complexa
981 1017 1028 1037 co-

235 1056 366 1087 lumnam,
384 1064 496 1091 magnas
510 1056 621 1090 quidem
634 1063 718 1090 agens
741 1056 853 1091 gratias,
871 1061 899 1083 et
925 1055 1026 1084 deinde

235 1101 321 1129 multa
339 1102 394 1130 Deo
409 1102 582 1137 promittens,
599 1107 630 1129 ut
656 1109 717 1136 quze
733 1102 872 1137 duplicem
899 1102 1026 1129 morbum

235 1147 386 1183 effugisset,
403 1155 458 1174 non
480 1147 569 1175 solum
587 1155 650 1174 eum
666 1147 714 1182 qui
738 1147 889 1182 apparebat
905 1151 933 1175 et
948 1147 1027 1174 dam-

236 1204 302 1223 num
316 1196 449 1223 aﬂ‘erebat
465 1195 503 1222 rei
520 1202 581 1228 quae
593 1194 749 1226 videbatur.
779 1193 827 1221 sed
843 1193 930 1221 multo
954 1193 1041 1228 magis
1071 1201 1134 1221 eum
1157 1194 1204 1229 qui
1238 1195 1340 1223 latebat
1354 1215 1362 1227 ,

1074 269 1184 304 ἐκείνην
1197 268 1253 296 τῶν
1273 268 1420 304 αἱρετικῶν
1435 267 1554 303 ἀπάτην,
1574 268 1622 296 καὶ
1637 268 1687 303 τὴν
1709 267 1796 301 αὐτῆς
1813 266 1866 294 πά-

1074 314 1116 341 λιν
1129 314 1307 349 ψευδολογίαν
1322 315 1369 342 καὶ
1380 315 1411 342 τδ
1426 315 1586 350 μηχάνημα.
1602 314 1740 346 Λαὸὁντες
1758 311 1805 341 οὗν
1818 313 1866 341 αὐ-

1074 361 1123 395 τὴν
1139 362 1163 387 οἱ
1186 361 1237 396 τῆς
1263 361 1369 393 πόλεως
1387 362 1435 388 καὶ
1461 362 1530 396 πρὸς
1554 361 1601 388 τὸν
1615 361 1690 388 ὅσιον
1713 360 1866 394 ἀγαγόντες

1074 406 1239 442 θεραπεύειν
1262 407 1367 442 ἠξίουν.
1390 407 1420 434 '0
1433 407 1461 434 δὲ
1477 407 1580 443 ἀληθὴς
1604 406 1725 442 Χριστοῦ
1741 405 1865 440 μαθητὴς

1074 452 1122 478 τοῦ
1139 453 1275 487 φήσαντος
1300 452 1534 488 ἑϐδομηκοντάκις
1546 453 1617 479 ἑπτὰ
1641 453 1698 480 δεῖν
1711 452 1766 483 τοῖς
1786 451 1866 478 ἀδελ-

1077 499 1136 532 φοῖς
1151 498 1260 533 ἀφιέναι
1277 498 1312 525 τὰ
1327 499 1509 533 ὀφειλήματα,
1526 499 1574 525 καὶ
1593 498 1656 529 τοὺς
1670 497 1784 532 ἐχθροὺς
1798 497 1868 530 ἀγα-

1077 545 1142 579 πᾷν,
1158 544 1316 580 ἀμφοτέρας
1331 545 1388 580 ἅμα
1401 545 1450 577 τάς
1470 544 1581 576 ἐντολὰς
1604 543 1703 580 πράξει
1717 545 1768 579 μιᾷ
1787 551 1866 570 συνε-

1077 591 1191 625 πέρανε,
1218 589 1267 625 τὴν
1301 590 1352 625 μὲν
1369 590 1408 626 τῷ
1424 591 1454 617 τὸ
1478 591 1600 625 ἀδίκημα
1618 589 1808 625 συγχωρῆσαι,
1831 590 1867 624 τῇ

1077 636 1106 663 δὲ
1125 636 1164 670 τῷ
1196 637 1243 663 καὶ
1267 638 1299 672 τῇ
1317 638 1447 672 συμφορᾷ
1470 637 1651 671 συναλγῆσαι,
1679 636 1778 672 μᾶλλον
1792 636 1821 663 δὲ
1837 637 1868 663 τὸ

1078 682 1124 708 καὶ
1136 682 1227 709 τέλεον
1241 682 1326 717 αὐτὴν
1342 682 1551 718 ἀνορθώσασθαι
1562 684 1629 718 εὐχῇ
1641 691 1670 709 τε
1683 682 1868 718 χρησάμενος,

1078 728 1127 755 καὶ
1141 728 1231 755 ἔλαιον
1254 728 1340 764 αὐτὴν
1357 728 1411 756 τῶν
1427 729 1512 763 ἁγίων
1525 726 1581 756 οἷόν
1595 736 1621 754 τι
1646 729 1759 759 ποτίσας
1780 727 1867 760 ἀλεξί-

1078 785 1164 804 κακον
1178 777 1336 812 φάρμακον,
1349 777 1380 804 τὸ
1397 777 1447 812 μὲν
1466 778 1584 813 πονηρὸν
1605 778 1714 813 πνεῦμα
1728 778 1766 810 ὥς
1776 786 1803 804 τι
1814 777 1870 804 τῶν

1081 823 1191 851 ίοσόλων
1213 824 1295 855 εὐθὺς
1317 824 1478 856 ἀπελαύνει,
1498 825 1563 858 ὑγιᾶ
1589 824 1619 851 δὲ
1639 824 1690 860 τὴν
1708 824 1869 858 πάσχουσαν

1081 870 1249 905 παραδίδωσι
1259 871 1314 902 τοῖς
1329 870 1451 902 οἰκείοις.
1459 871 1494 897 Ἢ
1504 871 1552 897 καὶ
1562 871 1602 906 τῷ
1614 871 1718 897 ἐκείνου
1735 869 1870 905 περιπλα-

1078 916 1157 943 κεῖσα
1173 915 1243 942 κίονι
1267 916 1368 948 πολλὰς
1392 916 1442 951 μὲν
1455 916 1503 948 τὰς
1520 917 1707 952 εὐχαριστίας,
1724 916 1823 947 πολλὰς
1839 915 1870 942 δὲ

1079 962 1127 990 καὶ
1153 963 1203 994 τὰς
1230 962 1299 997 πρὸς
1312 963 1379 989 Θεὸν
1392 963 1561 997 ἐπαγγελίας
1584 963 1614 990 τὸ
1628 963 1722 989 λοιπὸν
1739 963 1868 994 ἐποιεῖτο,

1079 1008 1128 1035 ἀτε
1145 1008 1242 1043 διπλῆν
1269 1009 1428 1044 ἐκφυγοῦσα
1456 1009 1545 1043 νόσον,
1571 1010 1603 1036 οὐ
1631 1009 1682 1045 τὴν
1702 1010 1870 1044 φαινομένην

1081 1055 1162 1090 μόνον
1179 1056 1225 1082 καὶ
1243 1056 1408 1090 φαινομένου
1433 1056 1596 1092 πράγματος
1615 1055 1717 1091 βλάϐην
1742 1056 1869 1090 ἔχουσαν,

1079 1100 1149 1128 ἀλλὰ
1175 1100 1266 1136 πολλῷ
1289 1101 1370 1128 πλέον
1396 1101 1446 1137 τὴν
1461 1101 1553 1137 ἀφανῆ
1568 1103 1617 1128 καὶ⁷
1639 1101 1801 1136 αὐθαίρετον
1824 1101 1871 1128 καὶ

1078 1147 1169 1183 ψυχὴν
1184 1147 1320 1174 ἀθάνατον
1338 1147 1464 1180 κολάζειν
1484 1148 1605 1175 ἀθάνατα
1617 1148 1781 1184 δυναμένην.

1401 1199 1514 1230 eratque
1541 1195 1723 1228 voluntarius,
1760 1200 1789 1223 et
1823 1202 1873 1223 sua

236 1249 334 1279 sponte
350 1247 506 1278 susceptus,
518 1246 546 1270 et
571 1243 692 1269 animam
708 1241 893 1269 immortalem
925 1241 1026 1276 punire
1046 1246 1155 1276 poterat
1174 1243 1377 1272 immortaliter.

273 1289 368 1318 XXVI.
384 1289 443 1317 Non
456 1289 545 1316 solum
559 1293 652 1316 autem
671 1287 811 1320 morbum,
825 1287 874 1322 qui
893 1287 975 1315 modo
988 1287 1031 1314 in-

236 1336 353 1368 ciderat,
380 1340 489 1370 poterat
516 1341 614 1361 curare
639 1337 772 1365 sanctus,
790 1333 838 1360 sed
864 1332 947 1360 etiam
974 1332 1029 1358 ritu

237 1382 373 1410 bonorum
398 1380 578 1411 medicorum,
601 1384 630 1406 et
656 1379 781 1406 futurum
804 1385 896 1410 nosse,
911 1381 939 1405 et
955 1377 1029 1412 quod

238 1432 299 1455 erat
324 1429 512 1458 eventurum,
533 1424 696 1460 prophetice
713 1429 741 1451 et
765 1424 861 1451 videre
884 1428 913 1451 et
936 1423 1030 1451 dicere

239 1472 395 1500 certissima
425 1474 534 1506 poterat
567 1470 736 1505 conjectura.
769 1469 894 1505 Magnam
917 1469 1028 1504 quidem

238 1522 315 1546 certe
333 1518 428 1545 urbem
453 1525 565 1552 magnas
578 1517 726 1544 adorturas
740 1523 802 1544 esse
818 1516 918 1547 minas,
934 1523 997 1543 cum
1013 1523 1028 1542 a

234 1564 348 1599 superis
365 1564 516 1599 accepisset
534 1563 731 1591 revelationem
745 1583 752 1594 ,
767 1570 828 1590 eam
845 1562 976 1598 episcopo
991 1562 1030 1589 si-

237 1610 350 1645 gniﬁcat
371 1610 527 1642 Gennadio,
551 1610 653 1646 jubens
674 1609 848 1637 contentiore
870 1609 910 1637 uti
935 1616 1030 1644 preca-

1118 1287 1181 1316 KA'.
1199 1289 1237 1315 Οὐ
1250 1289 1330 1324 μόνον
1346 1289 1374 1316 δὲ
1388 1289 1436 1325 τὴν
1451 1289 1514 1325 ἄρτι
1529 1289 1740 1324 προσπεσοῦσαν
1751 1290 1765 1316 ὸ
1783 1290 1874 1325 μακά-

1083 1341 1141 1368 ριος
1155 1334 1234 1361 νόσον
1259 1335 1388 1362 ἰάσασθαι
1405 1336 1526 1368 δυνατὸς,
1544 1336 1611 1363 ἀλλά
1626 1337 1698 1363 κατὰ
1718 1337 1782 1368 τοὺς
1796 1337 1874 1370 ἀγα-

1082 1381 1146 1412 Θοὺς
1158 1380 1213 1407 τῶν
1239 1381 1340 1416 ίατρῶν
1357 1382 1402 1408 καὶ
1419 1381 1472 1418 τὴν
1489 1383 1622 1417 ἐσομένην
1642 1382 1756 1417 γνῶναι,
1777 1383 1826 1409 xui.
1842 1382 1874 1410 τὸ

1084 1426 1181 1461 μέλλον
1198 1427 1376 1462 προφητικῶς
1391 1428 1438 1454 καὶ
1452 1428 1517 1455 ἰδεῖν
1542 1429 1589 1455 καὶ
1603 1428 1692 1455 εἰπεῖν
1705 1429 1875 1464 εὐστοχώτα-

1082 1481 1139 1504 τος.
1153 1473 1309 1500 Μέλλουσαν
1322 1473 1389 1508 γοῦν
1400 1476 1432 1510 τῇ
1448 1475 1553 1511 μεγάλῃ
1567 1475 1643 1502 πόλει
1656 1476 1780 1510 μεγάλην
1793 1476 1873 1503 ἐπελ-

1084 1518 1141 1545 θεῖν
1159 1520 1206 1546 καὶ
1231 1520 1280 1555 τὴν
1297 1520 1423 1556 ἀπειλὴν,
1444 1521 1548 1548 ἀνωθεν
1561 1522 1708 1557 δεξάμενος
1727 1519 1806 1554 οὗτος
1823 1522 1873 1558 τὴν

1083 1565 1256 1600 ἀποκάλυψιν
1270 1565 1308 1600 τῷ
1319 1575 1349 1592 τε
1363 1567 1506 1603 ἐπισκόπῳ
1518 1568 1653 1603 Γενναδίῳ
1668 1568 1765 1604 μηνύει
1779 1577 1873 1596 συντο-

1083 1611 1189 1647 νωτέρᾳ
1203 1611 1322 1647 χρῆσθαι
1335 1614 1368 1648 τῇ
1381 1613 1448 1648 εὐχῇ
1463 1613 1607 1646 κελεύσας.
1632 1615 1713 1641 Ἀλλά
1726 1615 1758 1650 δὴ
1772 1616 1818 1642 καὶ
1834 1615 1873 1651 τῷ

238 1656 402 1690 tione.Quin
413 1657 497 1684 etiam
513 1656 671 1691 imperatori
681 1656 767 1683 Leoni
778 1655 904 1691 praedicit
917 1655 1028 1687 similia,

1084 1657 1191 1693 βασιλεῖ
1205 1658 1300 1685 Λέοντι
1317 1659 1446 1694 προλέγει
1463 1662 1498 1686 τὰ
1513 1660 1604 1695 ὅμοια,
1616 1660 1663 1688 καὶ
1681 1661 1723 1693 δὶς
1736 1649 1786 1697 τῆς
1801 1649 1876 1689 έσδό-

238 1708 267 1731 et
281 1703 324 1730 bis
341 1703 368 1730 in
387 1702 559 1730 hebdomada
577 1702 657 1737 jubet
673 1709 835 1729 communes
851 1700 910 1728 ﬁeri
924 1700 1032 1735 suppli-

239 1749 373 1776 cationes.
390 1748 436 1776 Sic
451 1749 527 1776 enim
540 1750 581 1775 eis
598 1748 746 1782 pollicetur
759 1747 828 1774 iram
842 1747 891 1774 Dei
907 1747 1031 1773 futuram

240 1794 390 1821 mitiorem.
407 1795 495 1828 Atque
521 1793 540 1820 ii
564 1793 675 1827 quidem
694 1793 782 1820 sancti
804 1793 950 1827 prmceptis
965 1799 1031 1820 eon-

240 1840 357 1875 temptui
368 1840 480 1871 habitis,
493 1844 572 1867 erant
586 1839 644 1874 ipsa
662 1839 828 1866 intellecturi
842 1839 1028 1874 experientia,

238 1894 270 1914 ea
280 1894 341 1921 quae
353 1885 500 1913 multitudo
512 1890 688 1920 peccatorum
700 1884 803 1918 ell'ecit,
817 1889 848 1912 ut
857 1885 891 1912 ad
902 1885 1032 1912 eﬂ‘ectum

239 1932 456 1960 deducerentur.
470 1931 634 1960 Procedens
649 1935 741 1958 autem
756 1930 782 1958 id
798 1930 951 1958 declarabit
968 1938 1032 1958 ora-

240 1979 289 2006 tio.
303 1978 439 2012 Quoniam
451 1983 542 2006 autem
559 1977 646 2005 divini
657 1985 768 2012 quoque
781 1977 849 2012 Agni
864 1977 1032 2004 sacriﬁcato-

237 2032 297 2052 rem
313 2025 459 2058 oportebat
471 2031 531 2051 esse
545 2024 697 2056 Danielem,
710 2023 756 2058 qui
774 2023 831 2059 jam
846 2023 872 2050 ei
887 2023 963 2058 prius
989 2030 1033 2051 sa-

234 2070 414 2098 criﬁcaverat
428 2074 456 2097 et
467 2077 569 2104 corpus
581 2075 611 2097 et
620 2069 753 2103 animam,
771 2077 786 2096 e
795 2069 905 2105 superis
916 2069 1028 2104 quidem

239 2123 332 2144 movet
347 2116 541 2151 imperatorem
557 2115 688 2151 Spiritus,
709 2120 803 2143 movet
816 2120 907 2143 autem
923 2116 1032 2143 Genna-

239 2162 316 2189 dium
328 2169 439 2196 quoque
455 2161 615 2196 imperator,
632 2166 660 2188 et
674 2161 708 2188 ad
729 2168 792 2188 eum
811 2161 919 2192 scribit.
939 2165 970 2188 ut
985 2169 1033 2189 ac-

236 2208 328 2243 ceptis
345 2208 439 2235 multis
456 2216 489 2235 ex
506 2207 627 2235 Ecclesia
640 2227 647 2240 ,
670 2207 763 2235 veniat
776 2207 811 2234 ad
835 2214 964 2242 magnum
981 2207 1033 2234 Da-

239 2254 351 2285 nielem,
361 2259 388 2281 et
398 2262 462 2281 eum
474 2257 648 2281 consummet
662 2253 760 2281 ordine
776 2253 951 2281 sacerdotali.
964 2252 1033 2280 Cum

240 2300 265 2328 is
275 2307 341 2327 vero
357 2300 416 2327 haec
431 2300 551 2331 fecisset,
564 2300 611 2334 qui
630 2299 798 2334 praevidendi
812 2299 924 2334 quidem
937 2299 1031 2326 futura

240 2354 366 2382 magnam
379 2346 497 2373 habebat
511 2350 683 2381 potestatem,
701 2345 820 2380 primum
836 2345 948 2380 quidem
975 2346 1031 2380 spi-

240 2394 297 2421 ritu
313 2393 512 2429 praecognoscit
525 2392 649 2419 futurum
664 2391 696 2418 ad
711 2399 739 2418 se
753 2391 918 2424 adventum;
931 2392 1031 2420 deinde

240 2445 302 2466 cum
323 2438 369 2465 ille
383 2438 438 2472 jam
451 2438 571 2464 venisset
586 2436 619 2463 ad
643 2436 811 2469 columnam,
827 2436 896 2463 dixit
918 2444 947 2464 se
958 2437 1029 2472 jam—

240 2484 347 2520 pridem
363 2483 535 2511 desiderasse
559 2483 592 2510 ad
617 2490 681 2510 eum
705 2482 867 2515 ascendere,
884 2482 932 2510 sed
949 2490 1030 2511 curas

240 2532 416 2567 prohibuisse
431 2531 643 2562 ecclesiasticas,
661 2537 695 2557 ne
713 2529 794 2557 tinem
812 2529 967 2565 imponeret
980 2537 1032 2557 suo

240 2578 390 2611 desiderio,
404 2584 478 2604 nunc
491 2581 584 2604 autem
597 2576 702 2609 venire,
720 2580 751 2603 ut
765 2580 793 2603 et
810 2576 901 2611 ipsum
914 2576 1030 2608 videret,

239 2624 354 2660 ejusque
371 2624 501 2659 precibus
516 2623 655 2650 frueretur
666 2627 695 2651 et
705 2623 891 2651 sermonibus.
909 2623 1033 2658 Rogabat

239 2678 316 2703 vero,
335 2675 364 2698 ut
383 2671 465 2698 scalae
481 2678 591 2706 quoque
614 2669 826 2697 adhiberentur.
847 2669 972 2701 Frustra,
989 2669 1033 2696 in-

240 2718 301 2753 quit
316 2717 342 2745 ei
358 2716 526 2752 praadicendi
541 2724 637 2752 magna
649 2716 675 2743 vi
691 2715 822 2751 pmditus
836 2715 942 2746 Daniel,
956 2715 1031 2741 hunc

236 2764 363 2792 laborem
380 2768 410 2791 ut
425 2763 589 2798 susciperes,
614 2762 783 2798 procurarit,
797 2762 843 2796 qui
869 2766 896 2789 te
921 2760 954 2788 ad
980 2768 1031 2788 nos

241 2810 337 2837 movit.
352 2810 409 2837 Hoc
426 2809 509 2836 simul
525 2813 552 2836 et
567 2813 707 2844 stuporem
726 2812 753 2835 et
768 2811 872 2835 metum
886 2807 967 2834 aﬂert
984 2814 1031 2834 sa-

241 2855 364 2888 cerdoti;
383 2858 524 2889 stuporem
539 2853 664 2890 quidem,
680 2861 800 2889 quonam
816 2852 898 2881 modo
914 2853 955 2881 sic
968 2853 1029 2888 ejus

241 2901 370 2936 cognovit
389 2901 548 2936 adventum,
571 2900 699 2929 timorem
721 2905 834 2936 autem,
855 2901 930 2938 quod
948 2909 1028 2930 mens

1085 1703 1168 1739 μάδος
1183 1704 1276 1736 κοινὰς
1289 1706 1434 1740 ἐπιτρέπει
1445 1707 1496 1738 τὰς
1507 1706 1791 1741 λιτανείαςγίνεσθαι·
1804 1707 1875 1734 οὕτω

1082 1749 1137 1784 γὰρ
1152 1749 1244 1781 αὐτοῖς
1267 1751 1400 1784 ἐγγυᾶται
1417 1752 1465 1778 καὶ
1483 1752 1533 1787 τὴν
1554 1751 1601 1779 τοῦ
1618 1751 1687 1779 Θεοῦ
1711 1754 1800 1788 ὁρμὴν
1817 1754 1876 1780 Ea:-

1085 1795 1146 1821 σθαι
1162 1796 1327 1831 πραοτέραν.
1347 1793 1428 1823 Οὗτοι
1456 1798 1505 1833 μὲν
1519 1797 1566 1826 οὖν
1580 1798 1635 1825 τῶν
1659 1798 1706 1825 τοῦ
1726 1799 1804 1832 ἁγίου
1822 1808 1876 1826 πα-

1085 1841 1283 1883 ραγγελμάτων
1300 1842 1518 1878 ὀλιγωρήσαντες
1540 1842 1623 1880 πείρᾳ
1637 1844 1734 1879 μαθεῖν
1750 1845 1873 1880 ἔμελλον,

1084 1888 1154 1922 ᾰπερ
1165 1888 1308 1922 ἁμαρτιῶν
1317 1888 1419 1924 πλῆθος
1431 1890 1470 1921 εἰς
1479 1890 1559 1925 ἔργον
1570 1890 1657 1917 ἐλθεῖν
1670 1891 1874 1926 παρεσκεύαζε.

1084 1935 1206 1969 Δηλώσει
1219 1935 1248 1962 δὲ
1261 1934 1366 1970 προῖὼν
1377 1936 1390 1962 ὀ
1402 1936 1491 1970 λόγος.
1510 1936 1589 1964 Ἐπεὶ
1601 1937 1629 1964 δὲ
1643 1937 1690 1965 καὶ
1701 1938 1785 1973 θύτην
1799 1938 1876 1971 ἄξιον

1083 1981 1130 2008 τοῦ
1140 1981 1214 2007 θείου
1228 1981 1316 2016 ἀμνοῦ
1331 1981 1376 2008 τὸν
1390 1982 1494 2018 Δανιὴλ
1507 1982 1562 2010 ἔδει
1575 1984 1775 2020 γενέσθαι,ήδη
1789 1984 1876 2020 τούτῷ

1084 2027 1273 2062 προτεθυκότα
1295 2028 1343 2054 καὶ
1367 2027 1447 2063 σῶμα
1472 2027 1518 2054 καὶ
1537 2027 1587 2063 τὴν
1607 2023 1708 2063 ψυχὴν,
1729 2030 1802 2056 κινεῖ
1825 2030 1876 2064 μὲν

1084 2072 1187 2100 ἀνωθεν
1202 2073 1248 2100 τὸν
1263 2073 1416 2108 κρατοῦντα
1431 2074 1461 2100 τὸ
1483 2074 1604 2109 πνεῦμα,
1622 2076 1693 2102 κινεῖ
1707 2075 1735 2102 δὲ
1750 2076 1797 2102 καὶ
1811 2076 1877 2102 Γεν-

1084 2118 1174 2146 νάδιον
1189 2119 1203 2145 ὁ
1216 2119 1337 2155 κρατῶν,
1351 2120 1399 2146 καὶ
1413 2120 1567 2147 ἐπιστέλλει
1581 2121 1695 2156 συχνοὺς
1707 2121 1758 2156 τῆς
1774 2121 1876 2157 ἐκκλη-

1085 2164 1147 2194 σίας
1163 2164 1281 2191 λασὸντα
1303 2164 1370 2200 πρὸς
1385 2164 1432 2191 τὸν
1455 2165 1542 2200 μέγαν
1561 2165 1686 2193 ἀνελθεῖν
1710 2167 1758 2194 καὶ
1777 2168 1810 2202 τῇ
1825 2167 1875 2193 τοῦ

1085 2209 1181 2244 ἱερέως
1194 2210 1276 2236 αὐτὸν
1296 2210 1440 2237 τελειῶσαι
1456 2211 1620 2247 χειροτονίᾳ.
1641 2210 1696 2239 Τοῦ
1717 2211 1746 2238 δέ
1766 2212 1804 2244 ὡς
1817 2210 1874 2248 εἶχε

1083 2256 1169 2282 ταῦτα
1187 2256 1363 2289 πεποικότος,
1398 2258 1413 2284 ὁ
1436 2257 1522 2289 πολὺς
1543 2258 1578 2285 τὰ
1600 2258 1735 2294 μέλλοντα
1752 2260 1875 2294 προορᾷ-ι

1085 2302 1193 2338 πρῶτον
1222 2303 1272 2338 μὲν
1293 2303 1342 2334 τὴν
1360 2304 1429 2339 πρὸς
1453 2304 1536 2332 αὑτὸν
1564 2304 1656 2340 ἄφιξιν
1671 2305 1711 2340 τῷ
1736 2305 1874 2340 πνεύματι

1086 2348 1288 2384 προγινώσκεν
1310 2349 1406 2376 ἔπειτα
1424 2349 1462 2381 ῶς
1483 2350 1586 2381 ἐκεῖνος
1603 2351 1655 2386 ἤδη
1672 2351 1742 2377 κατὰ
1753 2351 1799 2377 τὸν
1813 2350 1876 2377 στῦ-

1084 2394 1129 2420 λον
1141 2394 1286 2428 γενόμενος
1302 2395 1419 2422 ἔκπαλαι
1436 2395 1486 2430 μὲν
1503 2396 1569 2431 ἐρᾷν
1583 2396 1634 2430 ἔφη
1650 2397 1699 2431 τῆς
1710 2398 1779 2431 πρὸς
1792 2396 1874 2423 αὐτον

1084 2439 1188 2472 ἀνόδου,
1206 2440 1446 2475 ἐκκλησιαστικαῖς
1460 2441 1488 2468 δέ
1513 2441 1654 2477 φροντίσιν
1669 2441 1810 2477 εἴργεσθαι
1824 2443 1874 2470 πέ-

1087 2493 1136 2520 ρας
1156 2486 1310 2520 παρασχεῖν
1335 2487 1368 2522 τῇ
1386 2486 1532 2522 ἐπιθυμίᾳ,
1556 2487 1616 2513 νυνὶ
1633 2487 1661 2513 δὲ
1684 2487 1775 2522 ἥκειν,
1793 2487 1874 2514 αὐτόν

1084 2540 1114 2558 τε
1133 2531 1196 2558 ἰδεῖν
1211 2532 1257 2558 καὶ
1270 2533 1358 2568 εὐχῶν
1375 2533 1459 2560 αὑτοῦ
1483 2534 1531 2560 καὶ
1547 2533 1637 2568 λόγων
1654 2534 1873 2567 καταπολαῦσαι,

1084 2578 1161 2613 ἠξίου
1185 2578 1213 2605 δέ
1229 2579 1277 2605 καὶ
1301 2579 1352 2614 τὴν
1367 2579 1490 2614 κλίμακα
1511 2580 1618 2615 στῆναι,
1638 2580 1746 2615 Μάτην,
1763 2580 1846 2615 φησὶν
1859 2581 1874 2606 ὁ

1084 2624 1328 2659 προφητικὼτατος
1344 2625 1444 2660 Δανιὴλ
1469 2625 1536 2661 πρὸς
1556 2625 1647 2659 αὑτὸν,
1664 2626 1752 2652 κόπου
1765 2634 1806 2652 σοι
1821 2634 1874 2652 κα-

1080 2670 1165 2705 ·τέστη
1195 2669 1325 2705 πρόξενος
1351 2672 1365 2698 ὁ
1390 2672 1506 2707 κινήσας
1537 2680 1566 2698 σε
1587 2672 1656 2706 πρὸς
1677 2673 1762 2707 ἡμᾶς.
1787 2671 1874 2698 Τοῦτο

1084 2715 1216 2750 ἔκπληξιν
1232 2716 1289 2751 ἅμα
1310 2717 1358 2744 καὶ
1371 2717 1432 2750 δέος
1449 2717 1578 2753 ὲμὸἀλλει
1592 2717 1631 2753 τῷ
1648 2718 1726 2753 ίερεί,
1741 2716 1874 2752 ἔκπληξιν

1087 2763 1136 2798 μὲν
1144 2764 1218 2795 ὅπως
1231 2763 1303 2790 οὕτω
1311 2765 1359 2798 τῆς
1371 2764 1491 2798 ἀφίξεως
1501 2763 1586 2791 αὐτοῦ
1592 2765 1637 2790 τὸν
1652 2764 1753 2799 τρόπον
1762 2763 1872 2797 διέγνω,

1082 2811 1142 2843 δέος
1156 2811 1183 2838 δὲ
1201 2812 1241 2838 ὅτι
1261 2811 1310 2838 καὶ
1324 2812 1359 2838 τὰ
1385 2812 1434 2846 τῆς
1448 2811 1562 2846 γνώμης
1585 2811 1668 2838 αὐτοῦ
1697 2810 1736 2846 τῷ
1748 2809 1874 2846 ιμεγάλῳ

1084 2855 1190 2889 φανερὰ
1205 2853 1239 2891 ἦν
1252 2863 1259 2871 ο
1278 2855 1339 2882 οὑδέ
1363 2857 1428 2890 γὰρ,
1444 2857 1468 2883 εί
1484 2856 1521 2892 μὴ
1544 2856 1620 2892 παρά
1644 2855 1692 2883 τοῦ
1708 2855 1872 2892 κρατοῦντος

1083 2901 1249 2936 ὴνάγκαστο,
1260 2901 1416 2930 ἐπένευσεν
1429 2902 1463 2930 ἀν
1483 2911 1548 2930 ποτε
1564 2903 1680 2931 ἀνιέναι.
