2049 3151
172 191 240 225 10⁷5

700 195 787 227 νίΤΑ
809 197 839 227 S.
857 197 1041 229 DANIELIS
1060 200 1242 230 STYLlT;E.

1727 207 1794 239 1066

170 252 309 288 συμῢολὴν
321 260 350 279 τε
365 251 419 279 τῶν
434 251 481 280 δύο
495 253 618 289 συνεῖχον
629 251 727 281 κιόνων
740 254 788 282 καὶ
801 256 847 281 τὶν
857 255 951 290 Δανιὴλ

1010 255 1079 285 aleo
1094 257 1205 286 violenti
1221 263 1248 286 et
1264 259 1414 294 immanes,
1431 264 1461 288 ut
1475 261 1578 290 ferreas
1594 270 1675 292 ansas
1691 266 1796 294 colum-

168 299 271 326 ἄνωθεν
287 298 383 334 ἔφερον
402 298 496 334 βιαίως
510 299 737 335 ἀποσπασθῆναι,
755 301 828 335 μόνῳ
851 299 880 327 δὲ
895 309 957 327 suv-

168 345 294 380 ειλῆφθαι
317 344 431 377 τούτους
451 345 591 382 στυλαρίῳ
613 345 705 382 μικρῷ
728 345 743 372 ὃ
770 347 872 381 μεταξὺ
894 346 957 374 τού-

168 399 223 417 των
244 390 394 426 ἐτύγχανεν
419 391 568 426 ἐμϐληθέν.
592 391 669 426 Ἀμα
693 391 758 427 γοῦν
783 393 956 428 προσέπιπτε

168 435 308 470 καταιγὶς,
323 436 371 463 καὶ
389 436 415 463 oi.
428 436 519 469 κίονες
538 437 742 472 ὲκραδαίνοντο,
759 438 807 464 καὶ
825 438 839 464 6
853 437 957 470 δίκαιος

165 479 271 508 ἄνωθεν
287 481 353 507 ὡσεὶ
377 481 475 512 κλάδος
492 481 601 516 δένδρου
618 482 681 517 τῇδε
703 481 813 509 κάκεῖσε
830 482 957 517 περιεφέ-

167 535 231 561 ρετο
242 527 288 553 καὶ
301 527 509 563 συμπεριήγετο
519 528 552 563 τῇ
567 529 651 563 πνοῇ·
666 527 725 562 βοαὶ
735 528 765 555 δὲ
779 528 827 555 σὺν
838 527 955 562 δάκρυσι

163 573 219 599 τῶν
243 572 371 608 μαθητῶν
396 573 528 607 κάτωθεν,
545 574 591 600 καὶ
614 573 750 607 ὀφθαλμοὶ
776 573 844 609 πρὸς
866 574 950 607 μόνον

163 618 269 646 ἐκεῖνον
288 619 446 655 βλέποντες,
461 620 507 646 καὶ
525 619 675 655 προσδοκία
687 620 796 655 λυπηρὰ
812 619 861 654 μία
876 621 892 654 ἠ
906 620 954 647 τοῦ

163 664 270 698 πατρὸς
292 664 385 691 αὐτῶν
401 664 539 700 στέρησις.
562 664 633 691 Ἀλλ’
659 665 711 692 οὐκ
733 665 783 701 ήδη
805 665 853 691 καὶ
877 665 955 700 ἡτοῠ

162 711 265 745 Δανιὴλ
290 711 367 743 ὲλπὶς
387 711 403 745 ἡ
431 711 500 746 πρὸς
516 711 618 746 Κύριον
643 711 799 745 ἐσαλεύετο,
831 712 890 739 ἀλλ’
910 713 956 738 ἐπὶ

163 756 268 791 ταύτης
282 758 332 792 τῆς
355 758 495 793 ἀρραγοῦς
513 758 617 793 πέτρας
635 758 649 783 6
666 759 802 794 μακάριος
829 758 956 794 στηριζό-

165 811 245 838 μενος
275 803 372 838 μηδενὶ
405 804 491 839 μηδὲν
516 804 705 858 φθεγγόμενος
730 803 805 858 μηῆὲ
818 805 853 858 ne!
876 803 955 858 τοῠτρ

164 849 259 885 συμόῇ
279 850 406 881 δεδοικὼς
425 850 462 887 (τί
490 850 546 886 γὰρ
562 851 649 877 δεινὸν
675 850 748 885 αὐτῷ
768 851 798 877 τὺ
817 850 918 882 θανεῖν,
933 849 955 883 ᾧ

162 894 192 920 τὸ
206 894 323 922 ἐνταῦθα
339 895 432 931 μένειν
441 896 514 922 κατὰ
526 896 572 922 τὸν
585 895 665 922 Δαυῒδ
676 896 782 930 φυλακή
795 896 827 931 ;),
842 896 898 923 ἄνω
909 896 955 922 τὴν

1008 309 1117 336 narum,
1135 311 1195 339 qua;
1210 304 1278 333 duas
1291 306 1433 335 columnas
1449 308 1521 336 inter
1538 316 1567 336 se
1584 311 1797 340 committebam

1007 352 1036 375 et
1047 349 1262 384 conjungebant,
1276 356 1304 378 et
1317 352 1454 380 Danielem
1472 353 1498 380 in
1516 355 1570 382 alto
1584 355 1721 390 ferebant,
1733 358 1796 386 vio-

1007 392 1096 421 lenter
1109 395 1260 423 avellerent
1270 417 1278 429 ,
1294 396 1341 424 ille
1355 402 1444 425 autem
1459 399 1485 426 in
1500 408 1581 434 parva
1598 402 1655 429 sola
1672 404 1798 431 contincé

1008 442 1086 465 retur
1097 438 1273 473 columnella,
1286 449 1346 477 quae
1360 442 1432 470 inter
1447 451 1493 472 eas
1508 450 1569 472 erat
1581 446 1690 482 injecta.
1707 448 1796 478 Simul

1007 490 1073 518 ergo
1087 489 1116 512 et
1131 486 1252 520 procella
1272 487 1406 522 irruebat,
1423 494 1450 517 et
1472 493 1730 526 eonquassabantur
1748 504 1796 522 co-

1007 530 1118 564 lumnae,
1132 536 1160 559 et
1170 533 1261 567 justus
1276 541 1406 570 superne,
1422 541 1552 572 tanquam
1567 547 1661 567 ramus
1677 540 1796 577 arboris,

1007 575 1060 604 huc
1075 582 1102 605 et
1116 578 1182 606 illuc
1195 579 1456 615 cireumferebatur,
1470 588 1498 610 et
1515 584 1580 612 ﬂatu
1593 584 1800 628 circumagebat:

1008 627 1068 650 tur:
1081 623 1198 652 inferius
1218 631 1309 654 autem
1328 629 1552 659 vociferabantur
1564 632 1692 668 discipuli
1708 624 1799 671 lacry;

1007 673 1112 696 mantes
1121 677 1128 701 ;
1137 675 1165 697 et
1173 671 1200 698 in
1210 671 1284 699 illum
1297 674 1385 701 solum
1393 676 1698 711 convertebantocuIOs,
1707 684 1733 706 et
1744 688 1797 708 una

1006 713 1048 740 eis
1063 718 1123 741 erat
1138 716 1236 744 acerba
1253 720 1432 753 exspectatio,
1451 721 1541 749 Patris
1554 730 1650 750 eorum
1667 725 1796 759 privatio.

1006 758 1059 786 Sed
1075 767 1129 787 non
1148 761 1242 790 itidem
1257 764 1366 792 lababat
1379 773 1441 800 spes
1459 767 1578 796 Danielis
1594 769 1620 796 in
1634 758 1796 805 Dominum,

1006 806 1053 833 sed
1070 814 1155 841 super
1172 808 1243 837 hanc
1271 810 1377 838 llrmam
1401 818 1506 847 petram
1531 814 1664 844 fundatus
1688 817 1796 852 beatus,

1006 853 1110 881 nemini
1127 855 1278 891 quidquam
1302 858 1418 894 loquens
1431 880 1439 893 ,
1456 869 1546 897 neque
1561 864 1583 890 si
1602 864 1654 891 hoc
1673 867 1798 894 evenerit

1006 901 1204 934 pertimescens
1219 904 1295 938 (quid
1312 906 1385 933 enim
1409 907 1435 934 ei
1458 916 1540 942 grave
1564 914 1623 938 erat
1647 911 1727 942 mori,
1751 913 1795 940 cui

162 939 225 966 νοῦν
241 939 311 975 ἔχων
334 942 383 968 καὶ
404 942 623 977 προσευχόμενος
645 942 951 993 ἐκαρτέρει..“ῐξκέκρα-

1010 945 1056 972 hic
1081 953 1204 980 manere,
1233 948 1327 976 Davidi
1353 959 1548 987 congruenter,
1576 961 1637 983 erat
1665 965 1762 985 carcer
1773 959 1795 993 1’)

163 983 209 1017 ξεν
225 983 270 1011 οὖν
290 985 305 1011 ὸ
331 986 446 1018 δίκαιος⁷
470 987 519 1013 καὶ
532 987 546 1013 6
569 985 672 1021 Κύριος
688 986 768 1017 εὐθὺς
791 987 953 1021 είσήκουσεν

163 1031 260 1064 αὑτοῦ,
273 1031 321 1058 καὶ
334 1033 437 1059 ἀνωθεν
453 1032 482 1065 ἐξ
499 1032 614 1068 οὐρανοῦ
627 1033 664 1064 ὼς
678 1033 710 1059 ἐκ
720 1032 767 1058 τοῦ
781 1032 874 1059 πλοίου
886 1034 953 1068 πρὶν

162 1077 219 1107 τοῖς
236 1077 346 1112 ἀνέμοις
371 1078 504 1113 ἐπιτιμᾷ,
525 1078 573 1104 καὶ
589 1078 760 1113 παραχρῆμα
782 1078 887 1114 γαλήνη
905 1079 952 1106 καὶ

163 1122 278 1157 νηνεμία
300 1122 396 1158 πολλή.
412 1123 469 1149 Καὶ
487 1123 522 1150 τὰ
538 1123 588 1158 μὲν
603 1123 657 1150 τῶν
670 1123 778 1158 ἀνέμων
791 1123 888 1156 οὕτως.

199 1210 362 1237 ΚΘ¹.“Ὲπεὶ
382 1211 410 1237 δὲ
430 1211 484 1238 ἔδει
502 1212 539 1247 μὴ
558 1213 594 1239 τὰ
614 1213 758 1247 πνεύματα
776 1213 867 1248 μόνον,
883 1213 952 1241 ἀλλὰ

163 1257 212 1283 καί
227 1265 303 1289 τινας
317 1257 371 1283 τῶν
388 1257 438 1293 τὴν
455 1258 561 1293 Ἀρείου
585 1259 759 1293 μαινομένων
774 1259 874 1293 μανίαν
887 1260 953 1295 στῆο

162 1311 208 1329 ναι
233 1304 282 1338 τῆς
297 1304 432 1339 ταραχῆς,
445 1305 494 1331 καὶ
515 1304 595 1331 τοῦτο
614 1305 648 1332 δι’
662 1306 770 1333 ἐκείνου
793 1306 952 1341 σοφώτατα,

162 1347 258 1384 ὥσπερ
298 1349 406 1382 εἴωθεν,
429 1350 625 1385 οἰκονομεῖται.
649 1351 705 1379 Καὶ
731 1353 857 1379 σκοπεῖτε
877 1353 954 1384 ὅπως

162 1394 211 1428 τὴν
226 1395 383 1430 οἰκονομίαν
397 1396 523 1431 ποικίλην
536 1398 584 1424 καὶ
597 1397 631 1423 δι’
642 1397 731 1424 ἄλλων
744 1398 826 1433 ἔτερα
840 1398 951 1425 πλέκειν

162 1439 292 1473 πολλάκις
306 1439 376 1468 οἶδεν
393 1442 410 1477 ἡ
423 1443 547 1478 πρόνοια.
565 1444 657 1478 Ἔγνω
672 1444 797 1479 βασιλεὺς
813 1446 830 1473 ἃ
848 1447 949 1481 συμσέ-

163 1485 232 1521 6ηκε
253 1486 293 1521 τῷ
313 1488 389 1522 ίσίῳ,
414 1489 463 1516 καὶ
480 1490 526 1516 τὸν
540 1490 636 1517 στῦλον
651 1491 713 1517 [δεῖν
734 1491 859 1525 ἔσπευδε,
872 1493 953 1520 τοῦτο

164 1532 215 1565 μὲν
243 1532 320 1565 δίκας
343 1534 483 1569 ἐπιθήσων
507 1537 564 1567 τοῖς
591 1536 628 1570 μὴ
656 1536 775 1571 βεϐαίως
792 1538 842 1568 τὰς
865 1538 951 1569 λαόὰς

160 1579 365 1614 ε’ρασμένοις,
394 1581 474 1606 τοῦτο
497 1581 525 1607 δὲ
551 1581 599 1607 τοῦ
629 1581 724 1608 λοιποῦ
751 1582 854 1614 ταύτας
883 1585 951 1619 προς

159 1624 315 1658 ὰσςςάλειαν
342 1626 525 1661 συναρμόσαι.
555 1626 627 1653 Ἀλλ’
652 1628 775 1658 ἐκείνους
797 1629 880 1664 μὲνὴ
903 1629 950 1656 τοῦ

160 1670 284 1704 μεγάλου
298 1670 422 1706 πραότης
447 1672 496 1706 τῆς
513 1672 715 1708 αὐτοκράτορος
736 1674 853 1709 ἀπειλῆς
876 1675 951 1708 ἐξαι-

159 1718 252 1752 ρεῖται
271 1717 388 1744 θάνατον
405 1718 497 1749 αὐτοῖς
521 1718 707 1752 ἀπειλοῦντος,
723 1721 842 1748 κατιόντι
859 1721 886 1749 δὲ
903 1722 951 1749 τοῦ

156 1763 243 1798 ὅρους
269 1764 307 1798 τῷ
333 1763 440 1799 βασιλεῖ
465 1764 586 1796 κίνδυνος
609 1766 639 1792 οὺ
666 1767 764 1802 μικρὸς
786 1769 949 1804 συνηνέχθη.

160 1809 227 1840 Δέος
242 1809 295 1843 γὰρ
318 1810 390 1836 κατὰ
406 1809 456 1845 τὴν
469 1809 556 1846 τύχην
572 1811 726 1846 ὲκταράξαν
752 1813 798 1840 τὸν
815 1814 908 1847 ἵππον,
921 1812 952 1842 οὖ

162 1855 337 1890 ἐπιϐεϐηκὼς
351 1857 432 1888 αὐτὸς
445 1855 489 1892 ἦν,
503 1858 551 1885 καὶ
560 1858 687 1893 πτοηθεὶς
699 1862 746 1887 καὶ
757 1861 821 1893 τοὺς
831 1862 953 1897 ἐμπροσ-

161 1901 237 1933 θίους
256 1903 337 1934 πόδας
355 1903 423 1937 πρὸς
438 1904 467 1930 τὸ
494 1904 587 1939 ὄρθιον
608 1905 753 1938 ἀνατείνας
779 1906 874 1940 ὕπτιος
902 1909 952 1943 μὲν

161 1948 208 1975 ἐπὶ
225 1947 271 1974 τοῦ
283 1948 398 1982 ἐδάφους
413 1949 427 1974 ό
444 1949 526 1980 ἵππος
542 1950 633 1983 εὐθὺς,
657 1951 751 1983 ὕπτιος
769 1953 795 1978 δὲ
812 1955 859 1981 καὶ
874 1955 887 1980 ὁ
900 1955 950 1989 βαι

163 1994 254 2025 σιλεὺς
281 1995 330 2021 σὺν
355 1994 440 2028 αύτῷ,
464 1995 494 2021 τὸ
518 1995 546 2022 δὲ
571 1996 621 2030 τῆς
646 1996 790 2032 βασιλικῆς
814 2000 950 2034 καθέδρας

161 2038 317 2072 ἔμπροσθεν
336 2039 557 2074 ὑπερανεστηκὺς
583 2041 718 2077 ἐπιτρίϐει
742 2043 782 2078 τῷ
796 2044 903 2078 βασιλεῖ
919 2046 951 2072 τὸ

162 2083 301 2117 μέτωπον,
316 2085 363 2110 καὶ
374 2084 420 2110 τὸν
432 2085 479 2111 ἐπὶ
495 2085 545 2120 τῆς
560 2088 680 2123 κεφαλῆς
697 2090 828 2123 στέφανον
843 2092 951 2128 πόρρω-

161 2128 208 2156 θεν
225 2129 351 2164 ἐκκρούει
373 2129 437 2156 ἔνθα
461 2131 606 2164 συμσαίνει
622 2134 685 2165 τοὺς
705 2135 733 2161 ὲν
749 2136 823 2172 αὐτῷ
840 2138 950 2172 μαργά-

161 2182 226 2209 ρους
250 2174 329 2201 ἄλλον
344 2175 462 2210 ἀλλαχοῦ
477 2176 716 2214 διασκεδασθῆναι.
739 2181 819 2208 Ἀλλὰ
836 2185 882 2210 καὶ
895 2185 949 2211 Δα-

159 2221 220 2256 νιὴλ
233 2222 266 2257 τῇ
283 2223 348 2258 εὐχῇ
361 2224 522 2258 προφοάσας
537 2225 583 2251 τὸν
598 2226 717 2261 πονηρὸν
731 2228 851 2262 χαλεποῦ
867 2230 949 2257 θανά-

1007 993 1203 1025 perseverabat
1223 1001 1343 1023 mentem
1370 1006 1479 1026 sursum
1504 1000 1609 1037 erigere
1624 1023 1632 1034 ,
1651 1008 1678 1031 ct
1703 1013 1793 1032 orare.

1006 1036 1140 1064 Clamavit
1152 1047 1217 1074 ergo
1230 1041 1331 1076 justus,
1347 1048 1374 1070 et
1391 1043 1522 1073 Dominus
1544 1048 1636 1075 statim
1654 1051 1796 1078 exaudivit

1007 1090 1082 1117 eum,
1097 1091 1124 1112 et
1138 1085 1256 1118 desuper
1271 1095 1286 1115 e
1301 1089 1382 1118 cmlo.
1399 1090 1471 1118 sicut
1485 1099 1500 1119 e
1517 1093 1578 1120 navi
1595 1095 1683 1128 prius,
1698 1101 1795 1124 ventos

1009 1127 1144 1164 increpat,
1160 1135 1188 1158 et
1204 1138 1317 1167 repente
1334 1137 1518 1171 tranquillitas
1535 1127 1631 1167 fuitiet
1646 1142 1792 1170 serenitas.

1006 1174 1040 1202 Et
1055 1180 1201 1204 ventorum
1218 1179 1328 1214 quidem
1346 1188 1389 1209 res
1404 1182 1441 1210 ita
1456 1183 1563 1212 habuit.

1044 1220 1138 1249 XXIX.
1155 1222 1222 1250 Cum
1241 1230 1331 1253 autem
1345 1235 1399 1254 non
1414 1229 1527 1263 spiritus
1539 1231 1638 1266 solum,
1650 1234 1698 1262 sed
1709 1236 1792 1264 etiam

1006 1268 1140 1301 quosdam
1164 1277 1198 1296 ex
1223 1271 1256 1298 iis
1281 1273 1327 1307 qui
1349 1274 1450 1302 Ariana
1475 1276 1638 1307 laborabant
1665 1280 1792 1315 insania,

1006 1314 1126 1341 coerceri
1152 1322 1292 1349 oporteret
1313 1327 1328 1346 a
1352 1322 1585 1354 perturbatione:
1605 1325 1657 1354 hoc
1684 1338 1794 1365 quoque

1006 1360 1230 1395 prudentissime,
1248 1368 1277 1391 ut
1290 1372 1482 1402 consueverat,
1500 1377 1548 1404 per
1564 1371 1640 1399 illum
1660 1376 1791 1409 provide—

1007 1408 1062 1432 tur.
1076 1406 1108 1433 Et
1125 1408 1226 1441 videte,
1241 1417 1323 1445 quam
1336 1412 1412 1440 vario
1428 1415 1468 1442 uti
1480 1417 1596 1445 consilio
1607 1423 1634 1446 et
1645 1406 1793 1457 multiplici

1009 1450 1230 1487 dispensatione,
1250 1461 1278 1484 et
1294 1457 1346 1485 alia
1362 1467 1411 1493 per
1423 1460 1475 1488 alia
1491 1468 1639 1492 contexere
1653 1474 1725 1501 saepe
1741 1469 1795 1497 scit

1008 1497 1192 1529 providentia.
1211 1499 1331 1529 Noverat
1346 1503 1506 1538 imperator,
1524 1514 1585 1541 quae
1597 1508 1673 1544 justo
1689 1497 1793 1540 l)anieli

1006 1542 1179 1577 acciderant;
1201 1549 1228 1571 et
1242 1548 1385 1576 contendit
1401 1549 1435 1577 ad
1452 1542 1605 1580 videndam?
1616 1556 1771 1585 columnam
1784 1579 1791 1590 ,

1005 1590 1103 1623 partim
1117 1592 1228 1626 quidem
1252 1603 1347 1629 pmnas
1369 1605 1529 1634 sumpturus
1543 1602 1577 1629 de
1599 1603 1632 1630 iis
1649 1605 1695 1639 qui
1712 1613 1793 1634 ansas

1004 1643 1057 1663 non
1077 1638 1228 1667 ellecerant
1247 1641 1340 1670 firmas
1356 1649 1384 1671 et
1407 1646 1525 1680 validas;
1542 1649 1642 1683 partim
1658 1638 1742 1684 ivero,
1764 1658 1794 1680 nt

1003 1690 1051 1710 cos
1067 1688 1127 1712 tuto
1142 1685 1175 1713 de
1193 1693 1292 1716 caetero
1316 1692 1513 1720 committeret.
1534 1694 1586 1722 Sed
1605 1696 1665 1724 illos
1680 1699 1791 1732 quidem

1005 1730 1093 1764 magni
1109 1731 1231 1761 Danielis
1247 1737 1428 1765 mansuetudo
1442 1739 1524 1774 eripit
1540 1749 1554 1768 a
1571 1741 1654 1769 minis
1675 1743 1794 1779 impera-

1004 1776 1082 1808 toris,
1097 1783 1212 1805 mortem
1230 1779 1271 1807 eis
1284 1780 1426 1812 minantis.
1445 1784 1628 1814 Deseendenti
1645 1794 1736 1816 autem
1758 1790 1792 1818 de

1003 1828 1095 1849 monte
1110 1824 1268 1859 imperatori
1291 1835 1346 1855 non
1370 1837 1484 1864 parvum
1502 1832 1603 1860 accidit
1621 1834 1790 1868 periculum.

1002 1867 1068 1895 Nam
1088 1874 1155 1896 cum’
1165 1871 1275 1905 quidam
1291 1879 1382 1902 metus
1394 1883 1497 1910 equum
1511 1877 1582 1906 forte
1603 1879 1713 1909 fortuna
1727 1890 1792 1916 per-

1002 1913 1152 1944 turbasset,
1165 1923 1247 1950 quem
1264 1917 1322 1952 ipse
1332 1920 1505 1953 ascenderat,
1520 1922 1597 1958 isque
1613 1927 1790 1959 conterritus,

1002 1959 1086 1992 pedes
1101 1961 1236 1989 erexisset
1250 1964 1415 1998 anteriores,
1433 1967 1550 2002 supinus
1564 1970 1676 2004 quidem
1697 1973 1789 2000 statim

1002 2004 1078 2030 humi
1092 2005 1202 2040 jacebat
1215 2015 1316 2042 equus,
1333 2011 1450 2045 supinus
1467 2017 1559 2041 autem
1575 2015 1659 2043 etiam
1677 2024 1738 2044 cum
1756 2026 1789 2046 eo

1001 2048 1150 2083 imperator
1165 2059 1172 2078 :
1185 2051 1212 2078 id
1231 2059 1306 2086 vero,
1324 2055 1397 2089 quod
1415 2062 1478 2084 ante
1496 2058 1586 2086 stabat
1599 2067 1682 2095 super
1693 2062 1788 2090 sellam

1001 2095 1113 2129 regiam,
1129 2095 1248 2124 frontem
1266 2099 1399 2127 contrivit
1415 2102 1587 2136 imperatori,
1602 2109 1630 2132 et
1647 2114 1708 2141 quae
1727 2115 1788 2137 erat

1000 2140 1025 2167 in
1047 2142 1135 2176 capite
1149 2163 1156 2176 ,
1181 2150 1312 2172 coronam
1331 2148 1426 2180 procul
1442 2150 1566 2184 expellit.
1582 2151 1641 2185 Quo
1655 2140 1788 2190 tempore

999 2187 1141 2222 contingit,
1159 2196 1205 2217 eas
1222 2197 1283 2224 quae
1300 2197 1378 2219 erant
1392 2193 1419 2220 in
1436 2193 1503 2227 ipsa,
1517 2198 1691 2232 margaritas.
1705 2200 1786 2228 aliam

999 2231 1052 2258 alio
1086 2232 1217 2268 dispergi.
1242 2235 1295 2263 Sed
1319 2236 1413 2265 Daniel
1437 2246 1547 2275 quoque
1572 2231 1635 2270 cum
1662 2245 1797 2273 oratione‘

158 2275 206 2293 του
223 2267 305 2299 σώζει
332 2269 377 2295 τὸν
405 2269 529 2304 βασιλέα,
556 2271 603 2298 καὶ
623 2274 706 2308 χωρὶς
726 2274 797 2301 οὕτω
823 2277 946 2304 κινδύνου

159 2313 208 2326 -Δυ,
224 2313 344 2326 L_L.._§-.
366 2315 411 2326 1,-
429 2316 479 2326 49,,
517 2317 587 2326 πινκι
604 2318 610 2326 1
669 2319 715 2326 -λι
803 2321 816 2326 ..
852 2322 863 2326 λ
921 2324 926 2326 .

1003 2279 1177 2312 pmvenisset
1194 2281 1353 2316 malignum,
1369 2291 1383 2310 a
1399 2285 1470 2312 mala
1488 2291 1575 2314 morte
1594 2294 1684 2316 servat
1701 2290 1787 2326 impe-

159 2313 208 2348 τὴν
224 2313 353 2341 ἐπάνοδον
365 2315 494 2343 ἐποιεῖτο.
517 2317 587 2343 Ἀλλ’
601 2318 718 2346 ἐνταῦθά
730 2329 775 2353 μοι
785 2321 834 2356 τῆς
849 2322 946 2359 διηγή-

160 2366 229 2390 oio»;
245 2360 275 2386 τὸ
290 2361 440 2394 κεφάλαιον
455 2363 503 2389 καὶ
522 2363 597 2396 ὅπως
611 2361 682 2391 οἶδεν
695 2366 712 2401 ﬁ
731 2367 845 2402 Πρόνοια
861 2377 949 2404 παρα-

160 2403 242 2437 δόξως
265 2407 429 2442 οἰκονομεῖν.

195 2494 236 2521 Λ’.
261 2495 291 2520 '0
314 2495 362 2520 τοῦ
386 2495 518 2530 βασιλέως
548 2498 718 2535 ἱπποκόμος,
736 2501 813 2532 ὡςδὲ
838 2504 946 2540 ἡκοιειὴ

161 2539 195 2565 ἂν
224 2540 296 2566 ιῐποι
325 2541 371 2567 καὶ
400 2543 519 2578 συνήθης
543 2544 662 2577 γλῶττα,
676 2548 731 2574 τῶν
755 2549 845 2576 ἵππων
867 2552 881 2577 6
901 2539 947 2578 κόέ

162 2591 216 2618 μη;
242 2585 379 2620 Ἰορδάνης
403 2586 473 2614 οὕτω
490 2588 669 2624 καλούμενος,
686 2593 772 2620 ἐνόσει
793 2596 843 2629 μὲν
857 2597 946 2624 πάντα

160 2629 206 2656 τὸν
244 2632 296 2666 πρὸ
325 2632 371 2658 τοῦ
403 2633 498 2668 χρόνον
526 2635 575 2669 τὴν
607 2636 726 2672 ἄθεσμον
758 2641 864 2675 Ἀρείου
897 2652 947 2678 μα-

160 2677 229 2704 νίαν.
246 2678 314 2705 Τότε
330 2679 358 2705 δὲ
373 2679 419 2706 τδν
438 2680 486 2707 τοῦ
502 2681 633 2715 βασιλέως
652 2685 775 2714 κίνδυνον
789 2689 946 2726 ὑποπτήξας

159 2724 219 2755 καὶ,
236 2724 336 2759 μήπως
353 2725 439 2760 ὀργῆς
456 2727 541 2753 αίτιον
557 2729 632 2763 αὺτῷ
651 2730 764 2764 γένηται
785 2734 816 2760 τὸ
827 2724 944 2770 ωμόἀν,

156 2766 250 2804 δρόμῳ
278 2770 346 2805 πρὸς
361 2771 406 2798 τὸν
431 2772 504 2799 ὅσιον
528 2774 694 2808 ἀφικνεῖται.
712 2777 742 2804 '0
761 2778 789 2804 δὲ
811 2780 841 2806 οὐ
862 2766 946 2815 μόνον

157 2815 232 2849 αὐτῷ
249 2816 294 2843 τὸν
308 2818 340 2843 ὲκ
355 2818 403 2844 τοῦ
418 2819 583 2854 κρατοῦντος
599 2822 681 2855 φόὸον
692 2822 786 2851 λύσειν
799 2826 942 2862 ὑπέσχετο,

157 2857 227 2886 ἀλλὰ
240 2863 286 2887 καὶ
301 2863 350 2896 τῆς
368 2865 490 2899 πονηρᾶς
506 2865 588 2892 αὑτὸν
601 2866 756 2899 ἀπαλλάξαι
771 2857 940 2906 κακοδοξίας,

158 2901 175 2936 ἢ
193 2908 291 2939 naval;
308 2909 531 2948 alleuati/Eum};
546 2913 602 2939 ἐστι
624 2913 824 2952 χαλεπώτερος,
841 2918 947 2953 ἤκουσε-

999 2329 1136 2358 ratorem;
1157 2330 1186 2353 et
1200 2326 1243 2354 sic
1264 2335 1393 2356 reversus
1415 2331 1468 2358 fuit
1492 2332 1551 2360 sine
1575 2335 1709 2369 periculo.
1733 2336 1785 2365 Sed

998 2370 1050 2397 hoc
1064 2371 1090 2398 in
1113 2372 1174 2399 loco
1185 2377 1228 2400 est
1245 2379 1329 2409 caput
1344 2377 1519 2411 narrationis,
1537 2384 1566 2406 et
1578 2383 1718 2415 quomodo
1736 2391 1786 2412 no-

997 2415 1036 2442 vit
1053 2417 1226 2446 Providentia
1241 2419 1395 2449 admirabili
1409 2423 1449 2451 uti
1464 2425 1580 2453 consilio
1595 2431 1623 2454 et
1640 2427 1786 2464 dispensa-

997 2462 1086 2489 tione.

1033 2507 1116 2535 ΧΧΧ.
1133 2508 1236 2544 Equiso
1254 2511 1438 2547 imperatoris.
1467 2520 1527 2550 aut,
1542 2522 1571 2544 ut
1586 2526 1649 2546 eum
1663 2520 1785 2556 vulgaris

996 2558 1024 2580 et
1040 2561 1170 2583 consueta
1192 2557 1286 2593 lingua
1304 2564 1394 2593 vocat,
1419 2568 1512 2591 comes
1536 2570 1683 2599 equorum,
1710 2569 1785 2596 omni

996 2600 1107 2634 quidem
1136 2604 1269 2631 anteriori
1289 2609 1413 2641 tempore
1437 2608 1580 2638 laborabat
1595 2611 1699 2640 nefaria
1726 2613 1783 2641 Arii

997 2646 1114 2674 insania.
1133 2646 1210 2675 Tunc
1225 2654 1316 2677 autem
1333 2655 1362 2678 et
1377 2652 1550 2688 imperatoris
1566 2656 1664 2684 timens
1679 2659 1785 2693 perien-

996 2691 1066 2723 lum.
1083 2697 1111 2720 et
1130 2701 1164 2720 ne
1184 2696 1256 2729 quod
1280 2697 1435 2732 acciderat,
1458 2701 1483 2727 ei
1510 2702 1576 2729 iram
1602 2704 1783 2736 conciliaret,

995 2746 1078 2766 cursu
1095 2740 1169 2767 venit
1187 2741 1220 2768 ad
1235 2748 1371 2771 sanctum.
1388 2744 1434 2773 Ille
1449 2754 1516 2775 vero
1539 2756 1594 2776 non
1611 2751 1699 2778 solum
1717 2756 1783 2779 cum

996 2788 1069 2812 metu
1082 2785 1117 2813 ab
1134 2786 1308 2822 imperatore,
1327 2790 1374 2817 sed
1389 2792 1472 2819 etiam
1490 2794 1560 2822 mala
1578 2801 1621 2823 est
1642 2798 1783 2832 pollicrtus

994 2837 1023 2857 se
1038 2837 1100 2859 esse
1114 2832 1295 2861 liberaturum
1308 2836 1449 2871 opinione,
1465 2846 1526 2874 qua
1542 2845 1583 2868 est
1606 2843 1705 2878 quovis
1725 2845 1781 2871 alio

995 2877 1119 2911 periculo
1132 2880 1251 2913 gravior.
1269 2880 1331 2909 llaec
1346 2883 1451 2912 audivit
1464 2887 1571 2922 equiso,
1588 2892 1615 2916 ct
1628 2897 1690 2916 cum
1704 2891 1780 2917 miti-

995 2923 1047 2952 bus
1061 2931 1093 2952 ac
1111 2925 1226 2960 placidis
1251 2927 1311 2964 eius
1337 2931 1513 2962 suasionibus
1535 2934 1694 2970 opinionem
1721 2936 1791 2963 Arii'
