2049 3151
226 155 289 188 1311

789 155 917 186 ADDEN
925 155 982 184 DA.
993 166 1010 170 -
1019 165 1028 169 -
1043 152 1260 183 DECEMBER.

1794 140 1863 173 10i2

225 219 272 246 per
290 219 319 239 se
333 211 448 241 deduxit
459 211 493 238 ad
508 215 646 239 sanctum.
671 211 712 240 Illi
733 220 799 240 vero
813 212 899 247 magis
921 216 1027 246 stupe-.

1079 211 1185 243 ιάςουσι
1198 211 1299 245 ῥῆγας,
1318 209 1380 239 τοὺς
1399 207 1448 242 μὲν
1460 207 1494 233 δι’
1511 205 1623 239 ἐτέρων,
1638 202 1700 233 τοὺς
1721 200 1750 227 δὲ
1766 199 1814 225 καὶ
1827 198 1862 224 δι’

225 245 290 285 bant
307 258 442 290 videntes,
457 265 540 292 quam
557 258 711 291 audientes,
728 263 757 286 et
771 258 811 287 sic
824 245 949 286 redibant
964 245 1013 286 be—

1079 256 1165 284 ,αυτοῦ
1180 256 1247 292 πρὸς
1258 255 1302 282 τὸν
1313 255 1385 281 ὅσιον
1399 253 1510 287 ἀνῆγεν.
1521 251 1649 278 Κάκεῖνοι
1664 246 1764 284 μᾶλλον
1772 245 1860 280 δρῶν-

226 302 395 336 nedicentes,
412 307 439 331 et
458 303 548 330 anima
566 303 658 331 eliecti
673 303 811 331 meliores.
825 304 903 337 Quod
919 309 1013 332 autem

1079 305 1144 340 ἐςῆ
1167 303 1312 333 ἀκούοντες
1335 297 1598 334 ὲξεπλήττοντο,καὶ
1619 296 1706 327 οὕτως
1727 295 1858 329 ὑπέστρε-

226 353 255 375 ιιι
269 348 360 375 futura
378 356 490 384 quoque
512 349 627 381 videret,
643 354 772 385 tanquam
785 350 841 385 jam
858 351 1013 385 praesentia,

1079 362 1117 379 ιον
1132 350 1325 385 εὐλογοῦμενοι
1337 348 1384 375 καὶ
1401 347 1450 383 τὴν
1464 346 1554 381 ψυχὴν
1569 343 1691 380 βελτίους
1705 342 1860 377 γενόμενοι.

226 402 239 422 a
254 395 362 429 superis
381 401 534 431 acceperat,
548 404 562 423 a
577 403 620 424 me
633 396 745 431 quidem
763 397 820 432 jam
837 405 909 432 saepe
930 405 1014 432 supe-

227 441 285 468 rius
299 446 441 470 ostenSum
457 447 510 470 est.
525 443 574 470 Est
592 451 656 471 vero
671 444 754 479 hujus
768 451 880 480 quoque
904 445 942 472 rei
960 452 1017 472 ma-

226 487 358 515 nifestum
377 489 520 517 indicium.
536 490 668 523 Quaedam
685 490 757 518 fama
772 491 798 517 in
815 498 911 518 omnes
925 496 1017 526 partes

228 535 367 567 manabat,
381 535 580 563 Genserichum
595 544 684 570 regem
702 537 888 564 Vandalorum
915 536 1016 564 bellum

228 588 325 615 gerere
339 581 472 610 adversus
496 582 634 610 Romanos
655 590 753 618 magno
769 587 904 618 apparatu
918 587 946 610 et
961 590 1017 610 ma-

227 628 288 662 jore
304 627 420 654 audacia
431 648 438 661 ,
454 632 483 655 et
498 628 573 662 quod
586 629 642 664 jam
658 636 720 655 cum
737 636 833 663 magna
858 637 940 656 manu
956 636 1020 663 per-

230 673 308 700 venit
329 673 541 705 Alexandriam,
560 681 620 702 eam
647 674 699 702 sibi
725 675 819 702 volens
841 674 904 702 belli
929 674 1019 702 facere

230 719 384 754 praemium.
404 719 464 748 Non
489 727 585 755 parum
603 728 668 755 ergo
681 721 774 749 animo
789 721 941 756 angebatur
965 728 1021 747 nia-

231 765 372 798 gistratus,
384 771 411 793 et
424 766 482 801 ipse
494 766 711 801 imperatorzqui
723 765 804 793 etiam
821 766 875 793 cito
890 766 977 793 currit
988 765 1021 792 ad

232 817 394 839 consuetum
421 811 653 839 medicamentum
678 812 762 839 animi
786 811 969 846 aegritudinis,
994 816 1023 839 et

233 864 329 885 sancto
350 857 450 884 famam
474 857 620 894 signiﬁcat.
644 857 694 885 llle
720 865 785 885 vero
809 863 938 892 tanquam
967 865 1022 884 non
1039 876 1060 906 Β

234 903 399 939 praevidens,
427 904 474 932 sed
500 904 556 940 jam
576 903 674 931 videns
697 903 785 931 oculis
808 911 841 930 ea
860 910 920 938 quae
943 908 1023 931 erant

233 954 376 981 eventura,
393 949 462 977 dixit
480 949 618 984 protinus,
631 957 685 977 non
710 950 798 976 solum
818 948 1022 976 Genserichum

232 996 426 1023 Alexandriam
444 1004 499 1024 non
513 1003 574 1024 esse
587 1001 801 1031 occupaturum,
815 995 864 1023 sed
881 995 909 1022 in
931 995 1023 1023 omni-

234 1042 286 1070 bus
300 1042 383 1069 etiam
405 1042 477 1074 aliis,
501 1050 530 1070 re
552 1040 670 1075 infecta,
688 1042 799 1070 domum
819 1049 880 1070 esse
897 1049 1024 1069 reversu—

234 1096 306 1115 rum.
320 1088 441 1116 Omnino
452 1088 519 1116 nihil
533 1096 602 1124 opus
616 1094 657 1116 est
670 1089 789 1123 adjicere
803 1088 829 1116 id
844 1088 917 1124 quod
931 1088 1024 1116 evenit

236 1135 270 1162 iis
287 1136 334 1170 qui
354 1135 443 1162 virum
456 1139 569 1163 norunt.
585 1135 697 1163 Factum
713 1140 755 1163 est
776 1135 848 1163 enim
867 1143 920 1163 non
938 1135 1024 1162 multo

234 1184 306 1215 post,
324 1180 395 1208 sicut
412 1181 506 1209 divina
527 1181 646 1209 Danielis
662 1181 754 1216 lingua
770 1181 905 1216 praedixit.

271 1227 392 1256 XXXIV.
405 1228 522 1263 Propter
542 1227 600 1255 haec
611 1235 688 1262 ergo,
705 1232 733 1255 et
749 1228 833 1255 multa
850 1228 904 1255 alia
921 1227 964 1255 his
979 1228 1024 1255 ad-

235 1273 415 1305 niirabiliora,
433 1274 529 1301 volens
544 1274 695 1308 imperator
708 1281 836 1308 magnum
853 1274 1023 1301 remunerari

234 1319 374 1346 Danielem
388 1340 395 1352 ,
409 1319 540 1353 quoniam
558 1318 610 1346 alia
625 1319 733 1346 ratione
747 1327 802 1347 non
821 1319 933 1348 licebat.
949 1325 1024 1355 rogat

236 1373 264 1394 ut
279 1367 324 1394 fiat
336 1367 432 1395 saltem
453 1367 619 1395 domuncula
644 1367 717 1394 illius
734 1367 878 1402 discipulis
893 1376 900 1394 :
918 1367 952 1395 Ut
976 1367 1025 1394 ba-

236 1412 331 1445 beant,
353 1412 453 1447 inquit,
474 1419 525 1439 suo
545 1411 656 1447 corpori
673 1411 883 1439 habitationem.
907 1411 1025 1439 Sanetus

236 1465 302 1486 vero
322 1466 328 1484 :
346 1458 373 1486 Si
400 1457 492 1485 dixisti
517 1457 641 1492 quidem,
667 1457 776 1493 inquit,
795 1458 828 1485 de
857 1457 1025 1485 exstruendo

235 1505 363 1536 aedilicio,
378 1512 433 1532 non
455 1508 545 1539 potest
565 1504 593 1532 id
616 1505 684 1532 mihi
709 1512 770 1532 esse
784 1508 902 1540 gratum.
928 1504 1024 1538 Neque

1069 399 1132 426 Ὀτι
1146 399 1173 425 δὲ
1189 397 1237 424 καὶ
1255 397 1289 423 τὰ
1303 395 1435 431 μέλλοντα
1450 393 1487 424 ὡς
1501 393 1552 428 ἢδη
1571 390 1695 426 παρόντα
1707 389 1774 424 ὸρᾷν
1790 389 1861 420 ἀνοι-

1069 444 1114 471 θεν
1124 441 1180 478 εἶχε
1191 441 1294 476 λαχὼν,
1306 440 1429 475 πολλαχῆ
1447 439 1497 474 μέν
1507 447 1548 465 τοι
1561 438 1609 464 καὶ
1623 437 1655 463 ὲκ
1671 435 1724 463 τῶν
1734 435 1862 470 ἀνωτέρω

1073 490 1223 524 δεδήλωται
1242 496 1250 504 '
1274 487 1332 514 ἐστι
1348 487 1377 513 δὲ
1401 486 1449 513 καὶ
1473 485 1572 520 δεῖγμα
1596 482 1692 518 σαφές.
1715 479 1796 516 Φήμη
1823 489 1863 512 τις

1073 535 1213 571 πανταχοῦ
1225 535 1330 570 διέρρει
1345 533 1492 568 Γιζὴριχον
1502 531 1549 558 τδν
1561 530 1634 566 ρῆγα
1643 529 1698 555 τῶν
1710 526 1864 555 Ίουνδὰλων

1077 583 1224 617 Ῥωμαίοις
1250 579 1462 616 ἐπιστρατεύειν
1478 578 1564 612 πολλῇ
1587 578 1619 611 τῇ
1638 575 1801 610 παρασκευῇ
1818 573 1865 599 καὶΙ

1073 629 1177 661 πλείονι
1191 627 1230 664 τῷ
1241 627 1338 662 θράσει
1348 626 1501 662 χρώμενον,
1515 624 1561 650 καὶ
1569 623 1607 654 ὡς
1615 621 1665 656 ἤδη
1679 620 1727 656 τὴν
1741 617 1867 664 ’Δλεξάνῖ

1073 675 1166 709 δρειαν
1191 661 1290 709 βαρείᾳ.
1321 669 1526 705 καταλαμϐάνει
1554 668 1628 703 χειρὶ
1658 664 1740 693 ἆθλον
1767 661 1864 692 ἑαυτοῦ

1073 721 1175 755 ταύτην
1187 721 1300 755 ποιῆσαι
1321 714 1558 754 βουλόμενος.⁷Ην
1572 713 1620 742 οὖν
1633 712 1709 748 ἀγὼν
1722 712 1752 739 οὐ
1769 711 1866 747 μικρὸς

1074 768 1130 798 τοῖς
1144 767 1172 793 ὲν
1189 765 1263 793 τέλει
1287 765 1334 792 καὶ
1350 763 1425 799 αὑτῷ
1441 762 1557 798 βασιλεῖ.
1574 761 1603 792 ὃς
1615 759 1663 787 καὶ
1677 758 1748 793 ταχὺ
1772 757 1820 784 ἐπὶ
1835 755 1866 782 τδ

1074 813 1168 844 είωθὶις
1183 813 1278 847 τρέχει
1292 810 1344 846 τῆς
1359 809 1481 844 ἀθυμίας
1499 807 1657 842 φάρμακον,
1672 805 1720 832 καὶ
1735 802 1865 838 γνωρίζει

1074 859 1114 895 τῷ
1129 859 1195 894 ὁσίῳ
1211 859 1260 894 τὴν
1279 858 1385 893 φήμην.
1408 856 1438 882 Ὀ
1453 855 1482 882 δὲ
1497 854 1593 889 ὥσπερ
1608 852 1639 879 οὒ
1655 850 1792 887 προορῶν,
1808 848 1865 876 ἀλλ’

1075 906 1104 933 ἐν
1116 905 1267 941 ὀφθαλμοῖς
1282 904 1354 940 ὁρῶν
1372 903 1423 938 ἤδη
1443 901 1479 928 τὰ
1493 900 1700 935 συμϐησόμενα,
1717 897 1798 929 εὐθὺς
1814 896 1866 931 ἔφη

1077 953 1107 979 οὖ
1132 952 1213 987 μόνον
1235 950 1382 985 Γιζήριχον
1397 948 1447 983 τὴν
1473 945 1681 982 Ἀλεξάνδρειαν
1699 944 1761 979 οὐχὶ
1782 951 1867 970 κατα-

1075 998 1218 1033 λήψεσθαι,
1247 996 1316 1023 ἀλλά
1337 995 1386 1022 καὶ
1414 993 1487 1021 κατὰ
1509 993 1601 1019 πάντα
1615 990 1700 1018 τᾶλλα
1725 990 1868 1024 ἄπρακτον

1076 1043 1146 1080 πρὸς
1160 1044 1210 1078 τὴν
1230 1042 1319 1070 οἰκίαν
1342 1039 1538 1072 επαναζεῦξαι.
1552 1038 1666 1069 Πάντως
1684 1036 1760 1063 οὐδὲν
1781 1036 1823 1062 δεῖ
1836 1035 1868 1061 τδ

1076 1089 1161 1116 ὲκὸὰν
1171 1087 1348 1124 προσ-τιθέναι
1357 1087 1414 1118 τοῖς
1426 1085 1472 1112 τὸν
1483 1084 1568 1120 ἄνδρα
1582 1081 1758 1117 γινώσκουσι·
1771 1081 1866 1115 γέγονε

1076 1137 1131 1172 γὰρ
1156 1136 1187 1163 οὗ
1206 1137 1276 1171 μετά
1303 1134 1372 1161 πολὺ
1401 1131 1494 1164 καθὼς
1513 1131 1530 1166 ἠ
1547 1129 1678 1166 θεοφόρος
1699 1128 1808 1163 γλῶσσα
1819 1126 1867 1154 τοῦ

1076 1183 1175 1218 Δανιὴλ
1191 1182 1409 1217 προηγόρευσεν.

1113 1229 1176 1258 AA’.
1194 1228 1303 1255 Τούτων
1317 1227 1345 1254 δὲ
1360 1225 1407 1255 οὖν
1422 1227 1468 1254 καὶ
1482 1225 1570 1254 ἀλλων
1583 1225 1713 1252 πλειόνων
1728 1223 1812 1250 ἕνεκα
1823 1221 1869 1248 καὶ

1078 1273 1313 1310 θαυμασιωτέρων
1332 1273 1498 1308 ἀμείὸεσθαι
1522 1272 1568 1298 τὸν
1597 1271 1684 1306 μέγαν
1708 1271 1722 1296 ὁ
1740 1268 1869 1304 βασιλεὺς

1079 1321 1231 1357 βουληθεὶς,
1245 1320 1307 1347 ὲπεὶ
1332 1319 1420 1350 ἄλλως
1435 1319 1486 1345 οὐκ
1500 1315 1546 1353 ἦν,
1571 1317 1712 1344 οίκίσκουε
1731 1315 1798 1349 γοῦν
1812 1315 1870 1344 τοῖς

1079 1367 1184 1394 ἐκείνου
1211 1366 1348 1402 μαθηταῖς
1374 1364 1504 1399 γενέσθαι
1530 1362 1695 1398 παρακαλεῖ,
1713 1360 1745 1387 ἶν’
1770 1360 1869 1395 ἔχοιεν,

1078 1414 1174 1448 φησιν,
1191 1414 1231 1444 είς
1249 1412 1393 1440 κατοικὶαν
1415 1408 1488 1438 οὗτοι
1503 1410 1542 1445 τῷ
1560 1409 1678 1444 σώματι.
1699 1407 1730 1434 '0
1744 1407 1772 1434 δὲ
1785 1407 1869 1438 ὅσιος,

1081 1460 1133 1486 Ἦν
1155 1459 1204 1495 μὲν
1219 1460 1345 1495 εἴρηκας.
1363 1457 1432 1493 φησὶ
1457 1458 1525 1493 πρὸς
1543 1457 1636 1488 αὑτὸν.
1665 1453 1870 1482 καταϐαλέσθαι

1078 1505 1222 1541 οἰκοδομὴν
1236 1505 1267 1532 οὑ
1283 1503 1408 1539 στέργειν
1421 1503 1475 1538 ἔχω
1488 1512 1495 1519 ·
1508 1503 1569 1530 οὐδὲ
1592 1502 1648 1537 γὰρ
1667 1501 1706 1536 τῷ
1730 1499 1870 1535 μακαρίτῃ

236 1551 310 1579 enim
335 1551 416 1578 beato
433 1550 563 1584 Simeonij
576 1558 698 1586 unquam
716 1550 818 1578 adfuit.
833 1550 874 1578 Tu
890 1554 983 1578 autem
1002 1550 1026 1578 si

1079 1550 1192 1586 Συμεὼν
1210 1549 1391 1585 προσεγένετὸ
1414 1556 1492 1575 ποτε.
1508 1548 1545 1574 Σὺ
1561 1547 1600 1580 δὲ,
1623 1547 1649 1573 ετ
1668 1547 1697 1573 τι
1715 1553 1760 1580 μοι
1780 1543 1870 1579 βούλει

237 1596 306 1624 velis
321 1596 411 1624 facere
425 1597 492 1624 mihi
505 1604 562 1624 rem
574 1602 691 1632 gratam.
707 1596 806 1624 festina
822 1596 876 1624 huc
890 1596 1028 1625 adducere

235 1643 313 1670 illius
330 1642 470 1677 reliquias,
488 1647 515 1670 et
527 1650 584 1670 rem
594 1643 661 1670 mihi
676 1643 870 1678 gratissimam,
887 1647 1027 1677 acceptam

236 1689 286 1717 tibi
297 1689 473 1716 feram.’l‘unc
482 1689 572 1716 libens
582 1688 659 1724 jubet
670 1689 819 1723 imperator
829 1698 835 1714 :
847 1694 904 1716 tum
913 1694 943 1717 ut
951 1696 1028 1716 sacro

237 1736 336 1763 domus
351 1735 502 1763 aediﬁcetur
514 1735 648 1767 Simeoni,
660 1739 724 1762 ante
739 1734 894 1761 columnam
909 1734 1030 1762 Danielis

238 1780 271 1807 ad
291 1780 402 1807 boream
428 1789 435 1808 :
453 1785 510 1806 tum
534 1787 598 1806 vero
610 1800 618 1811 ,
635 1783 666 1807 ut
685 1779 783 1807 domus
798 1787 908 1814 quoque
932 1779 1029 1806 fierent

239 1827 404 1862 hospitibus,
419 1826 465 1862 qui
480 1826 514 1853 ad
532 1831 654 1854 montem
669 1825 873 1858 ascendebant,
889 1831 916 1853 et
932 1826 1028 1862 magni

240 1873 362 1902 Danielis
378 1873 536 1908 discipulis,
551 1872 603 1900 etsi
620 1872 646 1900 ei
670 1876 781 1900 sanctus
797 1873 914 1900 multum
936 1871 1031 1908 prohi-

239 1920 330 1948 beret.
346 1919 415 1946 Cum
438 1923 531 1946 autem
553 1918 598 1953 qui
616 1917 693 1946 missi
709 1918 820 1945 fuerant
835 1918 1028 1951 Antiochiam,

238 1967 278 1993 sic
295 1965 409 2001 iubente
424 1965 602 2000 imperatore,
616 1964 750 1999 reliquias
762 1965 930 1997 attulissent,
946 1964 1030 1999 signi-

239 2010 339 2038 ficabat
358 2009 470 2045 quidem
490 2016 607 2045 magnus
628 2009 724 2036 Daniel
745 2008 876 2044 episcopo
892 2008 980 2041 urbis,
1000 2013 1030 2037 ut

239 2056 371 2092 praedicet
385 2060 414 2084 et
439 2055 550 2090 publice
574 2055 721 2082 annuntiet
746 2055 968 2090 exportationem
990 2059 1030 2082 ta-

238 2103 394 2135 bernaculi,
411 2107 484 2130 etut
504 2102 563 2138 ipse
579 2101 675 2130 sedeat
699 2101 728 2128 in
757 2101 886 2129 vehiculo
913 2101 1031 2137 impera-

238 2151 318 2182 toris.
335 2151 398 2178 sinu
419 2155 518 2178 tenens
542 2149 685 2184 reliquias,
700 2152 728 2176 et
743 2147 783 2175 sic
794 2148 847 2175 iter
863 2147 945 2175 faciat
965 2155 1029 2174 cum

237 2197 350 2233 psalmis
374 2200 403 2224 et
425 2195 545 2232 hymnis,
562 2199 591 2223 et
607 2203 670 2223 cum
685 2202 732 2222 eas
747 2193 898 2222 deduxerit
912 2194 946 2221 ad
961 2197 1030 2221 tem-
1047 2212 1070 2241 Β

238 2244 314 2279 ptum
333 2242 438 2271 militiae
452 2241 587 2278 principis
609 2240 761 2273 Michaelis,
778 2240 834 2268 illic
848 2240 969 2268 divinam
987 2247 1032 2268 ce-

237 2289 327 2317 lebret
346 2288 555 2325 mystagogiam.
581 2287 647 2321 Quae
680 2294 744 2315 cum
765 2291 977 2322 peragerentur,
1003 2291 1032 2314 ct

236 2344 337 2372 magno
359 2340 387 2363 et
410 2334 638 2371 splendidissimo
659 2333 794 2361 comitatu
811 2333 1031 2365 deducerentur,

236 2382 324 2409 multa
341 2389 391 2416 per
408 2381 466 2416 ipsa
480 2380 508 2408 in
526 2379 642 2407 transitu
662 2379 753 2407 facere
766 2378 897 2406 miracula
916 2387 1033 2415 conspe-

237 2432 298 2455 ctus
314 2431 357 2455 est
374 2427 509 2454 Dominus
528 2434 535 2452 :
552 2433 613 2461 qua!
630 2425 744 2460 quidem
760 2424 901 2460 sigillatim
918 2425 1032 2453 omnino

237 2482 361 2507 narrare,
375 2481 429 2501 non
445 2478 488 2501 est
503 2472 646 2508 praesentis
662 2471 806 2507 temporis.
822 2471 970 2507 Postquam
984 2479 1032 2499 au-

237 2527 291 2549 tem
308 2520 391 2549 linem
408 2523 580 2555 acceperunt
595 2526 628 2547 ea
642 2526 703 2554 quae
723 2518 900 2554 pertinebant
918 2518 952 2546 ad
968 2519 1032 2546 reli-

236 2570 326 2604 quias,
345 2573 373 2596 et
389 2568 448 2602 ipse
462 2566 603 2598 sacerdos.
621 2570 649 2594 et
668 2573 765 2593 omnes
777 2565 824 2600 qui
839 2565 921 2593 simul
935 2573 1032 2594 conse-

238 2616 408 2650 quehantur,
428 2622 490 2642 cum
512 2612 612 2649 gaudio
636 2612 671 2640 ad
688 2616 812 2640 sanctum
832 2612 1030 2645 ascenderunt,

238 2662 373 2689 maximas
398 2660 562 2689 suavissima
585 2658 677 2686 anima
703 2658 729 2686 in
750 2665 798 2686 eos
815 2658 909 2686 verbis
931 2658 1032 2686 eﬂudit

237 2708 349 2743 gratias,
367 2712 395 2735 et
409 2706 499 2734 mellis
513 2706 664 2742 plurimum
684 2712 782 2732 revera
799 2708 906 2732 scatere
921 2703 987 2732 fecit
1003 2705 1031 2733 in

238 2756 348 2783 illorum
362 2753 472 2786 animis,
486 2753 520 2780 de
534 2760 627 2780 amore
637 2752 664 2779 in
682 2758 819 2786 pauperes
833 2755 861 2778 et
873 2750 900 2778 in
918 2750 1030 2784 fratres,

237 2802 272 2829 de
292 2802 439 2834 charitate,
460 2805 488 2829 et
504 2800 621 2836 judicio,
649 2803 676 2826 et
701 2797 936 2832 remuneratione,
952 2803 981 2826 et
996 2798 1031 2827 de

239 2848 300 2875 aliis
314 2847 474 2882 huiusmodi
493 2847 564 2881 apud
581 2855 628 2874 eos
641 2846 724 2874 verba
746 2845 859 2872 faciens.

1081 1597 1128 1623 καὶ
1153 1596 1215 1623 καθ’
1241 1595 1339 1630 ἡδονὴν
1369 1595 1467 1625 ποιεῖν,
1493 1594 1612 1628 ἀγαγεῖν
1637 1601 1682 1627 μοι
1706 1592 1737 1619 τὸ
1763 1591 1869 1618 ἐκείνου

1080 1643 1206 1678 λείψανον
1223 1641 1350 1669 ἰνταυθοῖ
1372 1640 1489 1668 σπεῦσον
1514 1641 1561 1668 καὶ
1579 1641 1671 1668 πᾶσαν
1691 1639 1803 1674 ἀπέχων
1819 1637 1870 1673 τὴν

1080 1689 1200 1725 ἀμοιϐὴν
1228 1690 1387 1725 ἀξιόχρεων.
1417 1689 1484 1716 Τότε
1514 1688 1548 1724 δὴ
1580 1687 1698 1723 ἄσμενος
1720 1687 1734 1712 ὸ
1760 1685 1870 1719 κρατῶν

1081 1736 1221 1762 ἐπιτάττει
1235 1735 1314 1762 τοῦτο
1331 1735 1379 1769 μὲν
1397 1735 1469 1769 ἱερὸν
1487 1732 1564 1766 οἷκον
1575 1732 1615 1768 τῷ
1631 1732 1745 1763 Συμεὼν
1760 1729 1812 1766 πρδ
1824 1728 1869 1756 τοῦ

1082 1781 1180 1808 στύλου
1194 1781 1240 1808 τοῦ
1250 1781 1350 1816 Δανιὴλ
1359 1781 1427 1816 πρὸς
1441 1780 1544 1816 βορρᾶν
1555 1778 1780 1814 οἰκοδομηθῆναι.
1793 1776 1871 1802 τοῦτο

1081 1828 1108 1855 δὲ
1132 1828 1180 1856 καὶ
1203 1828 1291 1859 οἰκίας
1305 1828 1434 1862 γενέσθαι
1458 1828 1513 1859 τοῖς
1537 1825 1658 1853 ἀνιοῦσιν
1686 1823 1733 1852 ἐπὶ
1758 1823 1790 1850 τὺ
1809 1823 1871 1858 ὅρος

1083 1874 1171 1907 ξένοις
1195 1874 1241 1901 καὶ
1260 1875 1315 1906 τοῖς
1341 1873 1474 1909 μαθηταῖς
1491 1872 1538 1899 τοῦ
1556 1871 1688 1907 μεγάλου,
1716 1870 1801 1897 πολλά
1825 1868 1872 1895 καὶ

1081 1921 1142 1949 τότε
1156 1921 1225 1956 πρὸς
1242 1919 1322 1948 τοῦτο
1340 1920 1387 1946 τὸν
1403 1920 1477 1946 ὅσιον
1499 1919 1568 1954 ἔχων
1585 1916 1802 1953 ἀπαγορεύοντα.
1827 1915 1872 1947 Ὧς

1081 1969 1109 1995 δὲ
1122 1968 1218 1995 θᾶττον
1233 1967 1257 1994 οἱ
1269 1967 1316 1993 ἐπὶ
1328 1966 1377 2001 τὴν
1393 1966 1562 2001 ’Λντιιχειαν
1579 1964 1724 1994 σταλέντες
1739 1963 1871 1998 βασιλέως

1081 2015 1153 2044 οὕτω
1163 2015 1442 2052 παρακελευσαμένου
1459 2014 1601 2048 ἀνήγοντο,
1613 2013 1689 2048 δηλοῖ
1701 2011 1751 2047 μὲν
1761 2013 1774 2038 ὁ
1785 2011 1872 2046 μέγας

1082 2063 1120 2098 τῷ
1134 2063 1278 2097 ἑπισκόπῳ
1291 2062 1343 2096 τῆς
1363 2061 1466 2092 πόλεως
1483 2060 1534 2095 τὴν
1553 2058 1722 2094 ἀνακομιδὴν
1737 2057 1787 2084 τοῦ
1803 2057 1874 2091 σκή-

1082 2118 1146 2139 νους
1161 2108 1284 2144 κηρύξας
1296 2107 1378 2136 αὐτόν
1391 2115 1421 2134 τε
1435 2106 1530 2134 τοῦτον
1545 2106 1592 2133 επὶ
1604 2104 1746 2141 βασιλικοῦ
1760 2102 1872 2130 καθίσαι

1082 2156 1220 2190 ὀχήματος
1235 2154 1270 2181 τὰ
1285 2153 1399 2188 λείψανα
1414 2153 1472 2184 τοῖς
1497 2153 1609 2183 κόλποις
1636 2148 1871 2186 περικρατοῧντα,

1084 2201 1130 2229 καὶ
1145 2200 1218 2227 οὕτω
1231 2200 1281 2234 τὴν
1297 2200 1411 2234 πορείαν
1421 2199 1541 2234 ψαλμοῖς
1551 2198 1598 2225 καὶ
1612 2197 1708 2232 ὕμνοις
1721 2195 1871 2226 ποιεῖσθαι,

1086 2247 1132 2274 καὶ
1162 2247 1316 2281 ἀγαγόντας
1340 2245 1408 2280 πρὸς
1431 2246 1462 2272 τὺ
1484 2243 1533 2272 τοῦ
1555 2242 1779 2280 ἀρχιστρατήγου
1801 2241 1873 2276 ἱερὴν

1085 2293 1180 2320 θέσθαι
1195 2293 1253 2320 ἒκεῐ
1275 2293 1325 2328 τὴν
1340 2292 1416 2319 θείαν
1434 2290 1629 2326 μυσταγωγίαν
1650 2288 1872 2320 ἐπιτελέσαντας.

1084 2336 1135 2367 Ὧν
1150 2339 1182 2375 δὴ
1198 2339 1245 2366 καὶ
1257 2338 1428 2374 τελουμένων
1445 2339 1493 2365 καὶ
1512 2338 1561 2364 σὺν
1579 2337 1664 2372 πολλῇ
1682 2335 1731 2363 καὶ
1748 2335 1874 2370 λαμπρο-

1084 2386 1154 2422 τάτη
1169 2385 1318 2421 δορυφορίᾳ
1326 2385 1381 2411 τῶν
1389 2384 1523 2419 λειψάνων
1534 2381 1776 2418 προπεμπομένων
1787 2380 1874 2408 πολλὰ

1083 2432 1117 2460 δι’
1133 2431 1223 2458 αὐτῶν
1238 2430 1309 2458 κατά
1324 2430 1372 2466 τὴν
1391 2430 1510 2464 πάροδον
1529 2427 1723 2464 τερατουργῶν
1738 2427 1752 2454 6
1770 2426 1873 2462 Κύριος

1083 2476 1259 2504 διεδείκνυτο·
1275 2475 1293 2503 ἃ
1307 2475 1340 2511 δὴ
1354 2475 1472 2509 καθεξῆς
1484 2474 1638 2509 διηγεῖσθαι
1656 2473 1766 2504 πάντως
1781 2473 1812 2499 οὐ
1825 2471 1872 2498 τοῦ

1083 2522 1218 2558 παρόντος
1235 2521 1342 2556 καιροῦ.
1365 2522 1443 2549 Ἐπεὶ
1464 2521 1493 2548 δὲ
1518 2520 1594 2552 τέλος
1617 2516 1675 2554 εῐχε
1698 2520 1745 2546 καὶ
1763 2518 1797 2545 τὰ
1819 2517 1873 2545 τῶν

1083 2568 1221 2604 λειψάνων
1235 2567 1319 2595 αὑτοῦ
1334 2576 1364 2595 τε
1378 2567 1424 2594 τοῦ
1442 2567 1539 2603 ίερέως
1551 2567 1599 2593 καὶ
1620 2565 1730 2592 πάντων
1744 2565 1805 2600 ἅμα
1817 2563 1873 2591 τῶν

1084 2615 1274 2650 συνεπομένων
1296 2615 1344 2641 σὺν
1359 2614 1440 2649 ἡδονῇ
1462 2613 1530 2649 πρὸς
1542 2612 1589 2640 τὸν
1599 2612 1673 2639 ὅσιον
1690 2611 1870 2642 ἀνελθόντων,

1083 2662 1218 2694 τοσαύτας
1239 2661 1329 2688 αὐτῶν
1354 2662 1370 2696 ἡ
1390 2661 1484 2696 ἡδίστη
1510 2659 1585 2695 ψυχὴ
1608 2659 1652 2686 διὰ
1678 2659 1734 2686 τῶν
1753 2658 1873 2693 χαρίτων

1083 2709 1198 2744 κατέχεε
1213 2708 1338 2744 χάριτας,
1355 2709 1402 2735 καὶ
1413 2707 1540 2734 τοσοῦτον
1555 2707 1586 2733 τὸ
1605 2705 1713 2741 ἀληθῶς
1731 2704 1794 2740 μέλι
1813 2704 1874 2736 ταῖς

1083 2754 1197 2782 ἐκείνων
1206 2753 1305 2790 ψυχαῖς
1314 2753 1494 2783 ὲναπέόλυσε,
1510 2752 1572 2788 περὶ
1585 2751 1772 2787 φιλοπτωχίας
1781 2751 1873 2781 αὐτοῖς

1083 2801 1130 2828 καὶ
1148 2800 1326 2835 φιλαδελφίας
1351 2800 1398 2827 καὶ
1426 2799 1539 2835 ἀγάπης
1561 2807 1591 2826 τε
1615 2798 1663 2825 καὶ
1679 2798 1799 2833 κρίσεως
1825 2796 1874 2823 καὶ.

1083 2846 1288 2878 ἀνταποδόσεως
1300 2847 1348 2874 καὶ
1362 2846 1416 2873 τῶν
1432 2846 1518 2873 ἀλλων
1534 2845 1588 2872 τῶν
1605 2845 1736 2871 τοιούτων
1749 2844 1822 2870 διαλε
1828 2843 1873 2875 ξά-

241 2902 332 2928 μενοςτ
349 2893 396 2919 καὶ
423 2892 520 2923 πῖίσπιῗ
536 2892 606 2918 οίτω
628 2892 755 2927 am???”
775 2892 818 2926 ’δέ
845 2891 1026 2936 ῆῗηνῆςπὸτον
1048 2893 1145 2921 ἐκεῖνοι
1167 2893 1242 2928 μόνοι
1274 2893 1454 2928 γινώσκουσιν
1478 2894 1501 2919 οἱ
1528 2893 1580 2921 τῶν
1605 2892 1730 2928 δακρύων
1766 2890 1872 2919 τούτων

239 2939 269 2967 ἐν
287 2947 318 2966 πε
325 2938 368 2973 ip;
381 2936 572 2972 γεγενημένοι.
