2049 3151
180 194 249 226 1013

215 253 277 282 AE'.
297 255 334 281 Οὺ
354 255 433 290 μόνον
456 255 484 282 δὲ
498 257 540 290 ἐφ’
555 254 595 288 οἷς
612 256 692 288 αὐτὸς
711 257 798 284 ὲποίει
823 257 853 284 τὸ
874 257 969 292 περιὺν
985 259 1008 286 Λ

178 301 274 336 ἐδήλου
294 301 343 336 τῆς
362 301 474 336 ἀρετῆς,
499 302 566 329 ἀλλὰ
591 303 639 329 καὶ
666 303 709 338 ἐφ’
733 301 775 335 οἷς
801 303 921 339 ἔπασχον
946 306 970 330 ot

177 347 303 378 κακίζειν
326 348 407 375 αὑτὸν
430 349 481 376 οὒκ
506 349 699 384 ἑρυθριῶντες.
716 350 795 381 Τινὸς
818 350 883 383 γοῦν
903 358 970 377 ποτε

176 394 232 419 τῶν
248 393 416 427 ἐγγιζόντων
443 395 518 430 αὐτῷ
544 395 674 430 (ἔσφαλτο
698 396 726 422 δὶ
751 393 827 428 οὗτος
854 396 919 431 περὶ
939 397 970 423 τὸ

177 440 271 475 σέϐας)
291 441 500 476 λοιδορουμένου
528 442 567 477 τῷ
583 442 649 478 ὁσίῳ
674 443 723 469 καὶ
746 443 802 469 τῶν
826 444 971 478 παρόντων

174 487 225 513 κοιλ⁸
241 487 397 514 ἀκουόντων
420 487 613 523 ἐπιτιμώντων
629 488 713 523 αὐτῷ,
732 488 834 515 ἔσωθεν
855 489 902 515 τοῦ
926 490 971 515 ὲν-

173 532 202 559 δύ
208 541 294 567 ματος
309 533 391 564 αὐτὸς
413 533 462 569 τὴν
477 535 556 569 χεῖρα
574 534 664 569 βαλὼν
680 535 726 561 καὶ
750 535 826 569 ἰχθὺν
841 535 970 569 ὠπτημέ-

172 587 220 604 νον
237 579 392 612 ἐξαγαγὼν,
402 579 467 610 Ἴδε,
481 580 559 614 φησὶ,
575 581 669 607 τοῦτον
680 581 728 607 καὶ
741 580 837 613 ἄλλους
856 581 970 613 πολλοὺς

173 625 227 659 πρὸ
238 625 284 652 τοῦ
300 626 466 657 καταλαϐεῖν
486 627 558 661 ὑμᾶς
578 627 671 662 ἤσθιεν
683 629 697 654 ὁ
712 629 778 662 παρ’
788 628 852 662 ὑμῖν
863 629 971 663 κριταῖς

171 673 324 707 ἐγκρατής.
341 671 420 705 Εἷπε,
436 673 482 700 καὶ
502 674 582 706 εὐθὺς
597 675 614 709 ἡ
627 675 687 709 δίκη
706 675 751 701 τδν
766 674 852 710 ἄνδρα
863 674 969 710 μετῄει.

177 718 258 744 Ἐπεὶ
273 719 327 753 γὰρ
352 720 420 754 μετὰ
441 720 540 755 μικρὸν
565 721 647 752 αὑτός
662 730 690 747 τε
709 721 820 755 ἀληθῶς
838 720 970 755 μετέλαϐε

170 764 221 790 τοῦ
249 765 350 799 ἰχθύος,
366 767 414 793 καὶ
429 767 540 799 γυναικὶ
557 767 604 794 καὶ
629 767 734 798 τέκνοις
760 769 858 801 φαγεῖν
873 767 968 800 ἔδωκε,

172 812 259 846 μανία
284 813 396 844 τούτους
421 812 569 847 λαμϐάνει,
584 814 632 840 καὶ
659 814 843 849 δαιμονῶντες
870 814 971 846 πάντες

171 859 338 886 ἐδείκνυντο.
358 860 390 885 Ol
417 860 553 895 παρόντες
576 861 677 892 τοίνυν,
695 860 743 895 τὴν
764 860 854 887 αἰτίαν
876 860 970 887 αίσθό-

173 915 251 941 μενοι
265 908 374 942 καὶτῆς
408 907 506 942 διπλῆς
533 908 632 942 μανίας
658 908 754 935 τοῦτον
771 908 968 944 οἰκτείραντες,
986 928 1006 957 Β

171 953 300 984 λαῦόντες
326 953 423 987 ἄγουσι
451 954 520 988 πρὸς
545 954 590 980 τδν
617 954 700 981 ὅσιον.
723 954 754 980 '0
777 954 805 980 δὲ
825 954 862 989 μὴ
887 955 967 989 μόνον

172 1001 260 1034 πρᾶος
276 1000 345 1034 πρὸς
375 1000 438 1029 τοὺς
468 1000 678 1035 ἁμαρτάνοντας
695 1001 743 1032 ὢν,
771 1000 839 1027 ἀλλὰ
856 1001 903 1028 καὶ
917 1001 966 1033 τὰς

172 1045 317 1080 συμφορὰς
339 1046 431 1072 αὐτῶν
453 1047 493 1077 είς
509 1046 667 1073 τούναντίον
691 1046 852 1082 περιιστῶν,
870 1046 966 1083 ἐπειδὴ

170 1091 434 1126 ὲξομολογουμένους
458 1091 532 1127 ἐώρα
559 1092 605 1118 καὶ
632 1091 789 1127 δεομένους,
814 1092 967 1127 εὐξάμενος

169 1138 220 1172 τῆς
235 1147 264 1164 τε
283 1137 381 1172 μανίας
399 1137 556 1172 ἀπήλλαττε
574 1137 620 1164 καὶ
635 1137 683 1164 τοῦ
702 1137 896 1173 χαλεπωτέρου
910 1139 967 1166 δαί-

172 1192 251 1218 μονος
268 1184 317 1218 τῆς
339 1183 504 1216 κενοδοξίας.
526 1183 558 1210 Οἳ
582 1184 629 1210 καὶ
646 1184 715 1218 μετὰ
735 1184 823 1210 ταῦτα
838 1183 966 1212 τοσοῦτον

169 1229 314 1256 ἀπώναντο
338 1229 389 1264 τῆς
405 1229 487 1256 αὑτοῦ
507 1229 657 1264 θεραπείας
678 1230 716 1261 ὡς
741 1230 790 1256 καὶ
814 1229 862 1264 τὴν
885 1231 967 1264 εὐχα-

171 1277 278 1311 ριστίαν
302 1277 480 1310 ἀνάγραπτον
499 1275 570 1302 εἶναι.
596 1276 753 1311 βουλόμενοι
778 1276 893 1312 ἀργύρῳ
919 1277 966 1303 τὸν

169 1322 274 1348 ἐκείνου
291 1322 455 1357 χαρακτῆρα
477 1322 617 1354 τυπῶσαι,
634 1323 682 1349 καὶ
698 1323 813 1354 ἑαυτοὺς
828 1323 881 1349 ὑπὸ
903 1323 966 1355 τοὺς

170 1367 254 1399 πόδας
267 1368 441 1402 παραθεῖναι,
455 1368 562 1403 γράψαι
575 1377 605 1394 τε
620 1367 740 1403 τοῦνομα
754 1370 802 1395 καὶ
818 1368 868 1404 τὴν
883 1369 966 1404 εὔχα-

170 1414 276 1448 ριστίαν
286 1414 553 1450 προσπαραγράψαι,
564 1415 612 1441 καὶ
622 1415 696 1450 αὑτῴ
706 1415 745 1450 τῷ
756 1414 802 1441 τοῦ
813 1415 966 1451 ἀρχιστρα-

167 1459 254 1495 τήγου
268 1459 325 1495 ναῷ
341 1460 519 1495 παραθεῖναι.
530 1460 655 1495 Τοσαύτη
665 1461 693 1487 δὲ
704 1458 738 1496 ἦν
754 1461 783 1487 ὲν
794 1461 850 1492 τοῖς
863 1461 964 1496 χείλεσι

167 1505 206 1541 τῷ
226 1506 353 1541 μακαρίῳ
370 1506 468 1538 πειθὼ.
487 1507 533 1533 καὶ
553 1507 639 1538 οὕτως
653 1507 667 1533 ὁ
679 1507 757 1541 λόγος
771 1506 846 1541 αὑτῷ
863 1506 964 1542 μικροῦ

167 1552 206 1586 τῷ
222 1551 273 1586 βῐῳ
286 1553 383 1578 ταυτὸν
400 1552 517 1587 ἠδύνατο
536 1552 628 1586 θέλξαι
643 1553 734 1588 ψυχὴν
748 1553 796 1579 καὶ
810 1554 903 1579 πεῖσαι
915 1553 964 1588 τὴν

168 1597 266 1633 στενὴν
286 1598 392 1624 ἑλέσθαι
408 1598 483 1630 ὁδὸν,
510 1598 582 1624 ὥστε
598 1599 628 1624 οὺ
646 1599 728 1633 μόνον
751 1598 816 1630 τοὺς
833 1599 877 1625 ἐπ’
899 1599 965 1625 αὐτὸ
977 1599 999 1630 C

167 1644 247 1670 τοῦτο
259 1644 326 1679 πρὸς
342 1645 424 1672 αὑτὸν
441 1645 564 1676 ἀνιόντας
577 1645 592 1680 ἢ
606 1645 652 1672 καὶ
667 1645 754 1677 ἄλλως
768 1646 902 1677 ἐπιεικεῖς
916 1646 964 1673 καὶ

165 1691 289 1726 ἡμέρους
309 1691 439 1726 δακρύειν
457 1692 503 1718 καὶ
520 1691 698 1728 περιέχεσθαι
712 1691 808 1718 τούτου
825 1692 964 1728 ἐρωτικῶς

167 1737 289 1769 ἔπειθεν,
312 1737 379 1764 ἀλλὰ
397 1738 444 1764 καὶ
464 1737 564 1770 αὐτοὺς
581 1739 644 1770 τοὺς
660 1739 774 1774 ἰταμοὺς
789 1739 837 1765 καὶ
852 1738 964 1774 ἀγρίους

166 1784 200 1811 τὰ.
214 1784 296 1820 ὅμοια
311 1785 432 1812 διετίθει,
445 1785 499 1812 Καὶ
514 1785 614 1821 δεῖγμα
627 1786 723 1820 σαφές.

202 1919 273 1951 Aq’.
295 1918 425 1952 Ἐδρινύς
438 1926 482 1950 τις
498 1917 546 1953 τὴν
565 1917 671 1953 κλῆσιν,
692 1918 722 1945 eo
737 1917 817 1953 γέ-ιο;
831 1919 864 1945 ὲκ
877 1918 964 1945 Γαλα-

166 1966 230 1996 τῶν,
242 1965 329 1996 ἄλλως
340 1964 467 1999 ἀίδρικός
481 1966 529 1991 καὶ
540 1965 610 1992 κατὰ
625 1967 706 2000 χεῖρα
716 1966 852 1999 γενναῖος,
865 1965 963 2000 αἵμασι

167 2011 215 2037 καὶ
237 2010 365 2045 πολέμοις
383 2010 614 2044 ἐντεθραμμένος,
631 2011 679 2036 καὶ
691 2011 785 2045 μέντοι
802 2011 849 2037 καὶ
862 2010 963 2041 πολλὰς

166 2057 307 2093 ἀριστείας
326 2057 561 2091 ἀπενεγκάμενος,
587 2056 658 2091 ἔχων
683 2056 712 2082 δὲ
739 2058 786 2084 καὶ
810 2057 855 2090 ὑφ’
881 2057 964 2084 αὑτὸν

167 2104 282 2138 συχνοὺς
297 2103 344 2128 καὶ
367 2101 472 2133 πάντας
493 2102 612 2136 ἀγαθοὺς
632 2103 667 2129 τὰ
688 2103 814 2137 πολέμια,
832 2103 926 2130 τοῦτον
946 2104 962 2138 ἡ

167 2150 246 2183 φήμη
263 2149 385 2183 φέρουσα
413 2148 460 2175 καὶ
486 2150 546 2180 ταῖς
571 2148 703 2183 βασιλέως
729 2149 839 2176 δίδωσιν
854 2149 961 2180 ἀκοαῖς.

173 2194 202 2220 'I)
215 2194 242 2220 δὲ
261 2194 343 2225 εὐθὺς
358 2195 464 2220 ἐκεῖνον
480 2194 526 2220 καὶ
542 2194 606 2226 τοὺς
625 2194 672 2220 ὑπ’
694 2195 798 2220 ἐκεῖνον
816 2203 961 2229 μεταπεμ-

165 2240 288 2276 ψάμενος
306 2240 419 2272 τούτους
436 2239 486 2275 μὲν
501 2239 595 2271 ἄλλαις
613 2240 740 2276 δωρεῖται
754 2241 859 2275 τιμαῖς,
879 2239 917 2276 τῷ
932 2239 961 2266 δὲ

166 2288 216 2322 τὴν
231 2286 391 2320 ἐπιμέλειαν
404 2285 458 2312 τῶν
471 2285 554 2313 αὑτοῦ
571 2286 665 2312 ἵππων
678 2285 837 2321 ἐγχειρίζει,
851 2286 961 2321 κόμητα

165 2331 260 2358 τοῦτον
276 2331 369 2358 καλεῖν
387 2331 514 2365 σύνηθες,
539 2332 577 2364 ὠς
600 2333 647 2359 καὶ
669 2332 799 2366 ἀνωτέρω
828 2332 962 2367 φθάσαςὸ

165 2377 243 2411 λόγος
267 2377 398 2412 ἐδήλωσε.
423 2377 532 2403 Στέλλει
559 2378 586 2405 δὲ
615 2378 662 2404 καὶ
688 2378 780 2411 αὑτὸν,
799 2378 837 2410 ὡς
860 2377 962 2411 εἰώθει,

167 2424 231 2451 ἰδεῖν
242 2433 271 2450 τε
285 2424 331 2451 τὸν
349 2425 435 2460 μέγαν
450 2425 498 2452 καὶ
515 2426 641 2461 εὐλογίας
657 2426 764 2453 ἐκείνου
784 2427 959 2462 μεταλαϐεῖν.

171 2470 201 2497 '0
221 2471 249 2497 δὲ
266 2471 333 2505 πρὸς
349 2471 431 2498 αὑτὸν
449 2472 587 2504 ἀπελθὼν,
606 2473 654 2500 καὶ
679 2473 725 2500 τόν
743 2482 773 2500 τε
800 2474 858 2509 βίον
877 2483 962 2501 κατα-

167 2515 261 2551 μαθὼν
273 2517 319 2542 καὶ
336 2519 394 2548 τοῖς
410 2517 501 2551 λόγοις
518 2518 552 2545 τὰ
565 2519 650 2551 ὅντως
666 2519 795 2555 ὠφέλιμα
814 2521 961 2557 διδαχθεὶς.

166 2563 213 2588 καὶ
229 2563 375 2590 ἀλλοίωσιν
393 2561 449 2590 οἷόν
474 2573 535 2591 τινα
563 2565 639 2591 θείαν
658 2566 829 2600 ἀλλοιωοεὶς,
851 2567 897 2594 καὶ
920 2569 961 2600 είς

166 2609 304 2643 πρὸὅατον
320 2610 352 2635 ὲκ
367 2610 451 2636 λύκου
469 2610 663 2647 μεταὸληθεὶς,
677 2613 833 2647 στρατείαις
846 2613 895 2648 μὲν
912 2614 959 2641 καὶ

166 2654 296 2689 πολέμοις
312 2655 406 2690 μακρὰ
422 2655 529 2691 χαίρειν
545 2654 606 2683 εἷπε
629 2658 677 2684 καὶ
692 2659 753 2690 ταῖς
770 2658 802 2685 ἐκ
827 2658 959 2694 βασιλέως

164 2702 267 2735 τιμαῖς,
287 2702 333 2727 καὶ
350 2703 363 2728 ὁ
378 2701 431 2738 πρὸ
448 2701 494 2728 τοῦ
515 2703 609 2737 χρόνον
632 2703 742 2731 ἅπαντα
769 2705 837 2739 πρὸς
853 2705 959 2741 αἵματα

166 2747 212 2774 καὶ
229 2748 336 2782 σφαγὰς
356 2750 616 2785 ἐγγεγυμνασμένος
634 2750 692 2786 (καὶ
707 2751 734 2777 τί
749 2752 804 2787 γὰρ
818 2751 881 2779 ἄλλο
899 2752 959 2780 ἐστὶ

167 2797 345 2831 στρατιώτης.
358 2798 406 2824 καὶ
421 2797 507 2824 ταῦτα
531 2797 699 2833 βάρϐαρος;)
717 2798 859 2833 φιλόσοφος
879 2797 957 2833 οὗτος

167 2841 246 2873 εὐθὺς
262 2843 309 2870 καὶ
324 2843 442 2879 Χριστοῦ
458 2843 504 2871 τοῦ
520 2844 607 2880 πράου
623 2845 748 2881 μαθητὴς
759 2843 958 2882 ἧν,κείρασθαί

166 2897 196 2914 τε
214 2890 262 2926 τὴν
285 2891 372 2927 κόμην
394 2892 441 2920 καὶ
457 2893 624 2928 συπαγῆναι
642 2893 698 2925 τοῖς
716 2893 800 2921 αὑτοῦ
816 2896 958 2930 φοιτηταῖς

166 2935 260 2966 ἐδεῖτο.
284 2939 360 2966 Ἐπεὶ
373 2939 399 2967 δὲ
414 2940 462 2967 καὶ
478 2939 525 2967 τὸν
541 2939 628 2977 μέγαν
641 2940 713 2977 ἐώρα
726 2942 785 2974 ταῖς
799 2940 881 2968 αὐτοῦ
898 2941 958 2978 Esi;-

705 199 796 229 VITA
812 199 842 230 S.
865 199 1045 229 DANlELlS
1064 199 1243 229 STYLIT:E.

1748 193 1817 226 1'?”

1059 255 1169 283 XXXV.
1185 256 1244 283 Non
1259 256 1348 284 solum
1364 261 1456 283 autem
1481 255 1508 282 in
1528 255 1562 282 iis
1579 262 1639 289 quae
1657 254 1714 289 ipse
1734 252 1812 281 facie-

1023 302 1079 332 bat.
1092 302 1257 330 ostendebat
1270 302 1455 337 praestantiam
1465 310 1521 329 suic
1536 301 1657 332 virtutis,
1670 299 1717 328 sed
1731 300 1815 327 etiam

1025 349 1052 376 in
1068 350 1101 376 iis
1116 357 1176 384 qua
1188 350 1365 385 patiebantur
1375 349 1393 376 ii
1406 350 1453 384 qui
1465 357 1520 376 non
1535 347 1738 376 erubescebant
1750 355 1815 374 eum

1023 395 1175 422 maledictis
1196 395 1316 430 insequi.
1330 395 1398 423 Cum
1428 395 1540 429 quidam
1568 399 1643 422 certe
1667 392 1817 429 aliquando

1026 442 1108 469 exiis
1128 442 1175 477 qui
1198 442 1231 469 ad
1257 449 1320 469 eum
1347 442 1517 469 accedebant
1542 441 1644 476 (fuerat
1658 448 1723 467 vero
1741 441 1763 467 is
1779 440 1813 467 la-

1024 495 1091 522 psus
1111 487 1138 514 in
1156 496 1220 515 vera
1240 487 1386 523 religione)
1405 492 1531 515 sanctum
1559 486 1713 513 maledictis
1726 485 1816 513 inces-

1025 537 1110 564 seret.
1127 537 1155 560 et
1168 533 1215 568 qui
1243 533 1360 561 aderant
1389 538 1417 561 ct
1448 532 1610 563 audiebant,
1640 539 1703 559 eum
1724 531 1818 558 incre-

1024 583 1131 612 parent,
1151 578 1209 613 ipse
1227 585 1291 606 cum
1312 585 1423 605 manum
1456 577 1528 604 intra
1558 575 1751 603 indumentum
1773 574 1817 601 in-

1020 625 1144 660 jecisset,
1154 629 1182 652 et
1194 625 1298 660 piscem
1307 628 1430 652 assatum
1441 624 1585 651 eduxisset
1598 631 1605 649 ε
1618 622 1701 654 Ecce,
1715 620 1815 655 inquit.

1023 671 1097 699 hunc
1110 676 1137 699 et
1154 671 1223 698 alios
1240 671 1344 699 multos
1358 671 1531 701 comedebat,
1546 669 1592 705 qui
1607 667 1822 702 vestrojndicio.

1023 721 1065 744 cst
1091 717 1244 744 abstinens.
1273 716 1371 744 Statim
1402 721 1493 744 autem
1519 715 1626 752 iustitia
1656 713 1746 740 virum
1773 717 1816 740 est

1023 767 1179 798 persecuta.
1211 764 1357 798 Postquam
1374 763 1450 790 enitn
1475 767 1503 789 et
1520 762 1579 797 ipse
1598 760 1680 796 paulo
1696 763 1758 795 post
1773 766 1818 786 reo

1022 817 1089 836 vera
1104 808 1136 836 de
1150 809 1224 844 pisce
1241 809 1374 841 comedit,
1391 809 1527 843 uxorique
1540 816 1603 835 eum
1617 806 1693 834 dedit
1703 810 1731 833 et
1746 804 1816 832 lib:-

1023 855 1061 883 ris
1075 855 1288 887 comedendum,
1305 862 1354 882 eos
1380 855 1486 883 invadit
1503 854 1592 887 furor,
1607 858 1637 881 et
1659 861 1673 880 ει
1690 852 1816 880 dtemone

1023 902 1144 937 possessi
1157 903 1298 937 conspecti
1313 907 1379 930 sunt
1393 902 1427 929 ab
1443 901 1584 928 Olltlliblls.
1600 899 1652 933 Qui
1665 906 1732 934 ergo
1748 898 1814 925 ade-

1022 952 1096 980 rant,
1130 955 1194 975 cum
1210 956 1321 976 causam
1348 949 1514 980 sensissent,
1530 946 1671 981 duplicem
1689 945 1815 972 furorem

1019 994 1155 1026 miserati,
1171 1002 1221 1022 eos
1232 995 1372 1030 accipiunt
1386 999 1412 1022 et
1428 994 1536 1022 ducunt
1550 992 1588 1019 ad
1611 997 1751 1020 sanctum.
1767 991 1815 1018 Ille

1018 1047 1085 1067 vero
1103 1048 1165 1068 cum
1183 1047 1236 1067 non
1253 1040 1340 1068 solum
1364 1044 1439 1068 esset
1458 1039 1534 1066 mitis
1560 1045 1624 1074 erga
1640 1042 1813 1072 peceatores,

1018 1087 1065 1114 sed
1081 1087 1165 1114 etiam
1182 1087 1352 1114 calamitates
1376 1090 1554 1114 converteret
1570 1084 1597 1111 in
1623 1082 1810 1113 contrarium,

1018 1137 1164 1167 postquam
1179 1132 1247 1160 vidit
1261 1132 1435 1163 conﬁtentes,
1452 1134 1591 1166 precatus,
1609 1136 1657 1158 eos
1680 1127 1811 1156 liberavit

1017 1179 1155 1210 arurore,
1171 1183 1199 1206 ct
1227 1187 1242 1206 a
1258 1179 1384 1213 graviore
1410 1178 1547 1210 daemone,
1575 1183 1673 1211 nempe
1700 1183 1715 1202 a
1741 1174 1815 1202 mala

1018 1225 1160 1260 opinione.
1176 1225 1228 1259 Qui
1241 1226 1325 1253 etiam
1345 1230 1439 1260 postea
1453 1229 1560 1252 tantum
1590 1223 1713 1250 fructum
1729 1229 1815 1250 acce-

1019 1276 1119 1306 perunt
1145 1280 1178 1299 ex
1195 1272 1255 1307 ejus
1270 1272 1425 1304 curatione,
1442 1276 1472 1298 ut
1484 1271 1609 1299 volentes
1622 1277 1682 1298 esse
1707 1269 1812 1297 descri-

1018 1321 1092 1352 ptam
1116 1326 1192 1345 suam
1206 1319 1358 1354 gratiarum
1374 1319 1525 1350 actionem,
1543 1325 1577 1344 ex
1589 1321 1704 1352 argento
1736 1315 1814 1343 iliius

1018 1364 1132 1400 ﬁguram
1161 1364 1329 1397 cﬂinxerint,
1357 1369 1386 1392 et
1400 1364 1506 1399 seipsos
1531 1363 1584 1391 sub
1608 1364 1668 1398 ejus
1695 1362 1815 1397 pedibus

1018 1411 1212 1445 posuerint.ct
1227 1418 1330 1438 nomen
1347 1410 1522 1446 scripserint,
1539 1414 1567 1437 et
1584 1409 1736 1444 gratiarum
1763 1415 1812 1435 ac-

1018 1458 1120 1484 tionem
1150 1457 1342 1493 aseripserint.
1365 1462 1394 1485 et.
1423 1457 1528 1485 militiae
1547 1456 1679 1492 principis
1708 1455 1812 1490 templo

1017 1502 1220 1531 dedicaverint.
1236 1503 1265 1530 ln
1279 1503 1353 1530 beati
1373 1508 1466 1531 autem
1484 1502 1606 1530 Danielis
1621 1502 1709 1530 labris
1735 1506 1812 1530 tanta

1016 1554 1075 1576 erat
1088 1549 1216 1576 salutaris
1227 1550 1382 1584 persuasio,
1395 1554 1423 1577 et
1435 1550 1495 1585 ejus
1507 1549 1596 1576 oratio
1610 1549 1811 1584 propemodum

1016 1602 1093 1629 :eque
1110 1602 1142 1621 ac
1165 1595 1230 1627 vita,
1244 1599 1353 1630 poterat
1372 1595 1491 1622 delinire
1506 1595 1644 1628 animum,
1656 1599 1683 1622 et
1697 1602 1813 1630 persua-

1017 1640 1094 1672 dere,
1107 1646 1136 1667 nt
1152 1641 1224 1667 viam
1250 1646 1394 1676 angustam
1414 1642 1559 1677 eligerent.
1580 1645 1609 1668 ut
1635 1649 1690 1668 non
1714 1641 1804 1668 solum

1017 1694 1066 1714 eos
1079 1688 1126 1722 qui
1144 1687 1178 1714 ad
1195 1687 1248 1714 hoc
1276 1688 1365 1723 ipsum
1388 1688 1420 1715 ad
1448 1696 1511 1715 eum
1542 1687 1739 1720 ascendebant,
1764 1692 1813 1714 aut

1017 1733 1210 1767 erantalioqui
1227 1733 1309 1760 mites
1325 1739 1351 1761 et
1366 1734 1514 1766 mansueti,
1530 1733 1597 1761 ﬂere
1607 1733 1702 1768 etjejus
1712 1740 1811 1769 magno

1017 1786 1112 1805 amore
1130 1779 1189 1814 capi
1216 1780 1407 1815 persuaderet,
1424 1780 1472 1807 sed
1491 1788 1540 1807 eos
1557 1780 1633 1814 ipsos
1661 1779 1707 1814 qui
1732 1783 1813 1807 erant

1016 1826 1099 1853 etiam
1120 1825 1297 1861 impudentes
1325 1832 1353 1854 et
1375 1833 1508 1862 agrestes,
1534 1826 1664 1854 similiter
1679 1825 1810 1854 efﬁceret.

1016 1872 1104 1906 Hujus
1121 1878 1212 1900 autent
1231 1875 1408 1909 reiapertum
1427 1879 1470 1901 est
1483 1874 1630 1902 indicium.

1053 1918 1172 1946 XXXVI.
1189 1919 1305 1953 Quidam
1324 1920 1437 1947 nomine
1450 1921 1588 1953 Edranus,
1605 1919 1813 1955 genereGalala

1016 1964 1097 1992 fortis
1115 1966 1219 2000 alioqui
1237 1970 1265 1993 et
1283 1974 1365 1993 manu
1392 1973 1537 1999 Strenuus,
1568 1967 1594 1993 in
1625 1965 1759 2000 sanguine
1782 1971 1812 1993 et

1016 2011 1097 2039 bellis
1112 2012 1261 2043 educatus,
1289 2013 1336 2048 qui
1352 2014 1436 2040 etiam
1453 2014 1480 2040 in
1506 2013 1601 2040 multis
1614 2012 1683 2040 locis
1696 2019 1725 2039 se
1739 2019 1811 2046 pra-

1016 2058 1171 2085 clarissime
1195 2065 1330 2094 gesserat,
1349 2064 1378 2086 et
1409 2067 1461 2086 suo
1481 2059 1598 2094 imperio
1614 2063 1745 2094 parentes
1759 2058 1810 2085 ha-

1016 2104 1101 2131 bebat
1118 2104 1231 2136 multos,
1261 2110 1289 2132 et
1303 2113 1352 2132 eos
1377 2113 1476 2133 omnes
1491 2106 1519 2132 in
1541 2105 1615 2132 bello
1628 2105 1726 2132 fortes.
1742 2105 1815 2140 Ejus

1016 2151 1087 2178 fama
1119 2152 1244 2186 pervenit
1272 2159 1358 2187 usque
1389 2152 1422 2180 ad
1451 2160 1534 2180 aures
1563 2151 1752 2188 imperatoris.
1783 2151 1811 2179 ls

1015 2201 1108 2224 autem
1125 2205 1188 2224 cum
1215 2197 1305 2230 illum,
1333 2203 1362 2226 et
1380 2205 1430 2226 eos
1453 2199 1501 2233 qui
1517 2198 1579 2233 ejus
1604 2198 1741 2233 parebant
1755 2197 1809 2225 im-

1017 2243 1106 2278 perio,
1121 2243 1328 2276 accersivisset,
1343 2252 1392 2272 eos
1408 2244 1522 2280 quidem
1539 2244 1603 2272 aliis
1618 2244 1704 2272 amcit
1716 2244 1809 2271 hono-

1017 2290 1106 2323 ribus,
1133 2290 1172 2317 illi
1194 2298 1260 2318 vero
1275 2291 1360 2318 tradit
1386 2299 1484 2319 curam
1501 2299 1616 2319 suorum
1646 2299 1806 2326 equorum;

1016 2338 1088 2364 solet
1113 2337 1136 2364 is
1163 2337 1257 2365 vocari
1289 2345 1393 2371 eomes,
1413 2338 1487 2366 sicut
1515 2338 1644 2372 superius
1675 2337 1808 2365 diximus.

1015 2381 1104 2409 Pone
1118 2387 1211 2410 autem
1230 2383 1320 2419 ipsum
1347 2392 1458 2420 quoque
1469 2385 1566 2417 mittit,
1586 2389 1616 2411 ut
1638 2384 1757 2416 solebat,
1773 2385 1807 2412 ad

1014 2436 1145 2463 magnum
1160 2430 1311 2458 videndum
1326 2430 1478 2463 Danielem,
1492 2435 1521 2459 et
1541 2431 1733 2466 accipiendam
1748 2431 1811 2466 ejus

1013 2475 1252 2504 benedictionem.
1268 2477 1337 2504 Cum
1349 2484 1415 2504 vero
1427 2477 1461 2505 ad
1478 2485 1543 2505 eum
1558 2478 1691 2511 venisset,
1706 2482 1735 2506 et
1748 2478 1810 2514 ejus

1014 2522 1098 2549 vitam
1117 2522 1271 2556 didicisset,
1286 2527 1314 2551 et
1330 2523 1508 2552 sermonibus
1522 2531 1555 2551 ea
1571 2532 1634 2560 quae
1652 2531 1716 2551 vere
1728 2529 1810 2552 erant

1014 2568 1107 2601 utilia,
1128 2568 1228 2597 doetus
1255 2574 1340 2602 esset,
1367 2575 1395 2597 ct
1424 2569 1518 2598 divina
1547 2571 1666 2606 quadam
1684 2574 1808 2599 mutatura

1013 2618 1087 2641 esset
1114 2614 1280 2649 mutatione,
1294 2619 1322 2642 et
1338 2623 1371 2642 ex
1387 2616 1454 2651 lupo
1468 2616 1495 2643 in
1509 2624 1589 2644 ovem
1605 2621 1680 2644 esset
1692 2623 1810 2644 conver-

1013 2667 1072 2693 sus,
1088 2660 1204 2688 militias
1212 2661 1324 2696 quidem
1335 2666 1363 2689 et
1374 2662 1443 2689 bella
1454 2667 1482 2690 et
1496 2662 1617 2690 honores
1630 2662 1808 2698 imperatoris

1013 2707 1132 2734 multum
1151 2707 1350 2742 valerejussit,
1362 2713 1390 2736 et
1409 2709 1456 2744 qui
1472 2713 1530 2737 toto
1548 2713 1613 2737 ante
1632 2713 1758 2744 tempore
1771 2709 1806 2737 ad

1011 2754 1174 2789 sanguinem
1205 2760 1234 2782 et
1250 2755 1352 2783 eaedem
1379 2761 1438 2784 erat
1454 2756 1623 2784 exercitatus
1639 2755 1716 2792 (quid
1732 2757 1806 2784 en'm

1009 2801 1085 2828 aliud
1119 2806 1161 2829 cst
1191 2802 1280 2836 miles,
1311 2802 1394 2838 idque
1426 2802 1613 2838 barbarus?),
1634 2803 1657 2830 is
1693 2807 1807 2838 repente

1010 2847 1207 2884 philosophus,
1233 2854 1261 2876 et
1283 2849 1358 2877 mitis
1374 2849 1479 2877 Cbristi
1501 2855 1561 2877 erat
1581 2849 1758 2885 discipulus:
1777 2854 1807 2877 et

1012 2895 1136 2930 rogabat,
1151 2901 1181 2923 ut
1198 2896 1350 2924 referretur
1366 2897 1393 2924 in
1412 2905 1560 2925 numerum
1577 2897 1638 2932 ejus
1649 2897 1804 2932 discipulo-

1000 2949 1084 2977 jrum.
1110 2942 1259 2978 Postquam
1288 2948 1379 2972 autem
1401 2943 1476 2972 videt
1506 2951 1634 2979 magnum
1663 2943 1803 2970 Daniclcm
