2049 3151
240 170 311 203 1οΞ’7
810 169 1006 201 ADDENDA.
1016 183 1048 188 -“

1063 169 1282 201 DECEMBER.
1820 168 1896 202 1028

239 231 323 257 etiam
340 228 426 264 magis
441 227 586 261 irritatus.
603 236 667 257 cum
683 229 814 262 dixisset,
831 229 906 265 quod
922 229 969 264 qui
984 236 1042 256 coe-

1102 231 1244 266 ιαμφθεὶς,
1258 230 1326 257 ἀλλὰ
1343 230 1392 257 καὶ
1415 228 1518 264 μᾶλλον
1541 228 1723 263 παροξυνθεὶς
1739 228 1787 256 καὶ
1802 230 1894 264 φήσας

239 277 337 305 lestem
354 275 458 310 Regem
474 280 593 303 conatur
607 277 788 308 exacerbare,
805 277 863 311 ipse
879 276 967 303 multo
984 284 1044 303 ma-

240 322 283 358 gis
302 323 439 349 malorum
465 322 628 349 thesaurum
649 322 701 350 sibi
726 322 867 354 recondit;
890 327 919 350 et
941 322 1044 350 deinde

241 368 389 403 adjecisset
407 370 491 395 etiam
511 368 581 401 fore,
600 373 630 395 ut
649 368 695 396 bic
714 369 792 396 brevi
811 369 921 396 excidat
939 369 974 396 ab
995 369 1046 395 im-

241 413 340 449 perio,
357 419 386 441 et
405 421 452 440 eas
472 421 533 448 qua:
553 413 611 441 illic
631 418 713 445 sunt,
731 414 821 441 minas
842 421 898 441 non
919 413 1044 448 eﬁugiat.

243 459 307 487 Haec
328 468 390 487 cum
412 460 539 492 dixisset,
559 465 587 488 et
607 460 629 487 si
650 461 713 496 quis
735 460 762 487 in
785 460 877 487 tunica
899 460 1046 487 remiserat

243 507 347 542 pulvis,
371 514 436 534 eum
459 507 635 539 excussisset,
660 507 794 542 processit
820 506 916 533 ﬁdenti
941 506 1043 534 animo.

245 553 315 580 Cum
336 553 393 580 haec
413 553 645 579 annuntiarcntur
663 552 840 586 imperatori,
859 552 939 579 simul
961 552 1044 579 etiam

246 606 296 626 sua
314 602 410 633 sponte
429 598 529 625 cecidit
547 597 631 625 turris
649 598 755 633 palatii,
772 598 886 633 perinde
903 606 934 625 ac
952 598 975 625 si
995 606 1045 633 per

247 653 291 672 res
312 644 447 672 inanimas
468 649 642 679 arrogantem
665 649 693 672 et
717 645 881 672 insolentem
904 645 1044 672 hominem

246 692 320 719 Deus
337 692 418 718 Vellet
439 691 507 719 erud
521 700 560 718 re.
579 691 708 724 Quanam
728 697 819 718 autem
841 691 875 718 ab
896 691 1045 718 accedente

248 743 344 765 sancto
360 739 430 766 tacta
447 742 511 765 sunt
528 738 658 764 miracula
673 737 824 773 (quomodo
838 738 912 765 enim
929 745 962 764 ex
978 737 1045 764 urbe

249 792 311 811 cum
325 783 365 810 eis
379 788 421 810 est
433 790 577 818 egressus,
597 783 634 810 ita
652 783 736 810 etiam
747 783 947 817 ingredientem
959 783 1044 818 ipsam

251 838 348 858 rursus
366 830 563 865 sequebantur,
585 829 790 864 quodammodo
808 830 884 864 ipsa,
903 835 933 857 ut
951 830 986 857 ita
1004 830 1046 857 di-

251 886 326 908 cam,
345 877 394 904 Dci
412 877 514 903 virtute
533 876 666 903 famulum
684 876 850 911 deducente)
869 885 931 905 cum
949 885 982 904 ex
1001 877 1044 904 his

251 930 349 958 pauca,
366 930 453 958 eaque
469 928 583 958 propter
596 922 762 956 satietatem,
778 923 864 950 veluti
878 923 981 951 cursim
998 923 1046 950 ad~
1062 912 1082 939 Β

253 968 371 999 duxero.
388 968 511 996 transibo
526 968 560 996 ad
575 976 607 996 ea
623 976 684 1004 qua:
700 974 861 1004 supersunt.

290 1014 394 1043 XLVII.
416 1016 474 1043 Duo
500 1015 611 1051 quidem
636 1015 670 1043 ab
697 1016 758 1050 ipso
781 1016 972 1044 adolescentes
996 1017 1053 1052 pri-

254 1069 330 1089 mum
359 1067 504 1094 sanantur,
530 1069 591 1097 quae
620 1062 793 1089 vexabantur
820 1070 834 1089 a
866 1063 1050 1091 daemonibus.

256 1108 359 1136 Deinde
382 1108 482 1136 mulier
501 1108 625 1143 quaedam
651 1108 704 1136 alia
729 1108 782 1136 ﬁde
803 1108 970 1142 Chananzea,
991 1117 1053 1144 quze

254 1154 377 1182 habebat
392 1154 493 1187 ﬁliam,
510 1159 538 1182 et
555 1154 639 1182 veluti
654 1154 799 1182 zestuanlis
813 1155 898 1182 animi
915 1159 1000 1183 testes
1014 1155 1053 1182 la-

255 1207 364 1236 crymas
380 1199 567 1235 profundebat
582 1208 615 1227 cx
630 1200 728 1232 oculis,
744 1203 772 1227 et
787 1207 835 1235 per
851 1208 898 1228 cas
911 1200 1054 1235 quaerebat

255 1247 439 1278 curationem,
454 1254 550 1273 sanam
566 1246 678 1280 quidem
695 1246 796 1281 accipit
812 1246 914 1279 ﬁliam;
931 1246 1053 1273 laetitiam

255 1298 348 1320 autem
364 1292 490 1320 referens
504 1300 553 1327 pro
567 1298 698 1324 maerore,
712 1291 824 1318 domum
839 1291 933 1318 rediit.
949 1291 1053 1318 Deinde

256 1347 320 1366 cum
344 1343 458 1366 sanctus
483 1345 533 1373 per
558 1337 678 1364 mediam
705 1337 872 1372 procederet
896 1337 1052 1369 civitatem,

256 1386 391 1421 patricius
410 1385 523 1419 quidam
543 1392 576 1412 ex
597 1389 707 1416 senatu,
726 1384 774 1419 qui
795 1384 854 1419 ipse
875 1392 985 1420 quoque
1005 1384 1055 1411 Za-

257 1432 363 1458 chaeum
383 1434 425 1458 est
445 1431 584 1462 imitatus,
604 1438 666 1458 cum
685 1438 748 1458 eum
765 1430 882 1458 ferventi
899 1430 953 1458 ﬁde
972 1430 1054 1458 domo

259 1485 307 1504 sua
323 1477 488 1512 accopisset,
503 1477 618 1504 Zachmo
632 1484 742 1512 quoque
755 1477 874 1505 similem
887 1482 1054 1505 consecutus

259 1523 311 1551 fuit
332 1524 566 1551 benedictionem.
592 1523 739 1558 Postquam
761 1528 855 1551 autem
874 1523 927 1550 fuit
945 1523 973 1550 in
993 1523 1054 1558 ipso

259 1570 379 1597 maximo
404 1569 451 1598 Dei
476 1570 590 1605 templo,
613 1573 641 1597 et
664 1569 747 1597 simul
768 1574 894 1597 versatus
916 1568 969 1597 fuit
990 1577 1053 1597 cum

257 1617 423 1652 patriarcha,
440 1617 486 1652 qui
502 1617 591 1652 ipsum
607 1624 669 1643 cum
687 1623 783 1652 magna
800 1615 882 1644 simul
896 1616 990 1644 laetitia
1007 1624 1052 1644 ac-

257 1664 331 1698 cepit
352 1667 380 1690 ct
404 1663 527 1695 honore,
549 1662 594 1690 hio
615 1669 725 1697 quoque
748 1662 809 1689 aliis
830 1662 942 1697 quidem
966 1670 1053 1694 nova,

259 1710 311 1738 sibi
333 1717 399 1736 vero
423 1710 503 1736 solita
524 1709 591 1736 lacit
613 1709 756 1736 miracula.
779 1708 910 1744 Serpens,
932 1708 979 1743 qui
1003 1709 1054 1736 ali—

258 1756 348 1783 cunde
370 1759 564 1789 prorepserat,
585 1759 612 1781 et
633 1763 661 1782 se
683 1755 774 1790 magni
797 1754 920 1782 Daniclis
939 1755 1056 1790 pedibus

259 1808 309 1835 per
326 1799 414 1834 spiras
433 1799 606 1832 involverat,
625 1804 682 1826 erat
705 1799 828 1827 terribile
848 1800 1054 1834 speclaculum;

259 1851 287 1873 et
304 1853 366 1872 cum
385 1845 417 1872 ad
436 1852 498 1872 eum
517 1844 734 1877 defendendum,
752 1846 798 1880 qui
816 1846 941 1877 aderant,
958 1854 1057 1874 accur-

261 1892 377 1923 rissent.
404 1891 466 1918 illos
490 1890 601 1925 quidem
627 1890 770 1918 Insimulat
798 1891 970 1926 timiditatis;
997 1891 1056 1927 ipse

260 1942 352 1964 autem
370 1936 493 1972 serpenti
511 1936 643 1964 audacter
659 1945 692 1964 ac
709 1937 827 1965 ﬁdenter
843 1938 974 1970 minatus,
992 1945 1056 1965 cum

259 1982 285 2009 ci
311 1986 443 2017 tanquam
477 1982 605 2009 ministro
629 1990 727 2016 magna
751 1983 913 2018 imperasset
937 1984 1057 2011 auctori-

261 2032 316 2055 tate
333 2039 340 2056 -.
354 2028 441 2062 Vade,
460 2028 560 2064 inquit,
578 2034 606 2056 ct
620 2033 681 2056 tuas
697 2029 817 2057 latebras
833 2034 936 2065 repete,
952 2035 979 2058 et
995 2039 1058 2066 spe-

260 2083 310 2102 cus
325 2075 531 2102 subterraneos.
547 2075 595 2102 llle
610 2082 676 2102 vero
690 2075 805 2110 perinde
820 2081 849 2103 ut
863 2076 909 2111 qui
925 2085 979 2104 non
994 2084 1058 2112 pos-

261 2126 303 2148 set
318 2121 526 2153 contradicere,
548 2122 642 2149 statim
665 2121 733 2155 repit
754 2122 787 2148 ad
811 2123 960 2158 parietem,
981 2127 1009 2150 et
1030 2122 1058 2150 in

261 2171 412 2200 conspectu
431 2167 556 2193 omnium
572 2167 765 2201 disrumpitur.

296 2223 414 2252 XLVIII.
439 2223 502 2251 Haec
522 2231 585 2251 cum
607 2223 641 2252 de
662 2232 762 2260 magno
783 2213 897 2253 Daniele
917 2225 1058 2253 didicisset

262 2270 361 2298 mulicr
376 2271 458 2303 Ra‘s,
475 2270 529 2297 ﬁde
543 2270 656 2304 quidem
674 2270 879 2298 l'erventissima
893 2275 921 2298 et
935 2272 1056 2299 maxime

261 2317 316 2352 pia.
333 2317 419 2351 gloria
437 2321 530 2344 autem
547 2317 624 2343 valde
642 2317 768 2352 insignis,
785 2321 914 2352 prompto
930 2323 958 2345 ct
974 2318 1056 2345 alacri

261 2362 353 2389 animo
368 2363 400 2389 ad
415 2370 476 2389 eum
492 2370 649 2394 accurrens.
663 2367 692 2389 ct
705 2363 831 2390 similiter
845 2368 927 2398 atque
940 2364 986 2390 illa
1001 2372 1059 2392 mc-

262 2409 358 2439 rctrix,
376 2408 450 2434 illius
467 2408 551 2443 pedes
568 2409 660 2443 rigans
676 2408 815 2444 lacrymis.
832 2411 960 2444 precibus
975 2410 1009 2438 ab
1024 2418 1058 2438 eo

261 2455 404 2483 contendit
433 2461 462 2482 ut
490 2454 543 2482 sibi
571 2459 731 2482 nasceretur
758 2455 840 2482 ﬁlius.
868 2456 937 2484 Cum
965 2462 1058 2483 autem

263 2501 340 2528 humi
369 2501 474 2535 dejecta
493 2500 608 2528 vidisset
623 2501 684 2535 ejus
699 2501 777 2536 pedis
793 2501 910 2534 soleam,
925 2502 1059 2529 exercita-

263 2548 337 2574 tione
357 2555 372 2574 a
394 2547 507 2574 tcndiuc
528 2547 690 2579 discissam,
709 2552 800 2582 stupet
821 2549 1011 2581 tolerantiam,
1031 2551 1059 2575 et

260 2594 360 2622 emittit
378 2601 460 2622 voces
475 2594 628 2622 Chanaueae
644 2594 758 2622 similes.
776 2594 847 2622 Dans
862 2595 936 2622 enim
950 2595 1059 2623 funicu-

261 2639 329 2673 lum,
347 2646 424 2676 rogat
441 2645 470 2667 ut
485 2648 548 2668 cum
564 2640 637 2668 circa
654 2641 729 2668 illius
745 2641 843 2676 pedem
860 2641 1015 2672 involverit.
1033 2643 1057 2670 ci

261 2693 359 2714 rursus
383 2686 480 2714 reddat
505 2695 512 2714 :
537 2686 600 2714 llaec
622 2691 676 2718 est.
699 2687 840 2722 inquiens,
861 2695 967 2715 summa
992 2696 1059 2716 mea:

261 2733 411 2767 petitionis.
427 2731 475 2760 ille
488 2740 554 2760 vero
567 2733 686 2768 primum
699 2733 811 2768 quidem
825 2741 880 2760 non
894 2734 1057 2762 sustinebat.

262 2776 365 2805 Deinde
391 2782 482 2805 motus
505 2778 590 2806 etiam
614 2778 689 2807 illius
711 2779 851 2814 lacrymis,
874 2784 902 2807 et
927 2785 1058 2814 praeterea

261 2823 384 2857 episcopi
409 2829 437 2851 et
461 2829 625 2852 cancrorum
649 2825 742 2852 verbis
766 2825 863 2858 ﬂexus,
887 2834 944 2853 non
968 2826 1057 2853 solum

263 2875 325 2894 cum
345 2868 437 2895 funem
452 2869 703 2903 circumvolvisset,
717 2870 743 2897 ei
759 2870 895 2901 reddidit,
910 2870 958 2897 sed
975 2870 1057 2897 etiam

265 2911 429 2944 signiﬁcavit
446 2912 515 2946 fore,
532 2918 561 2940 ut
578 2913 636 2946 ipsa
653 2919 760 2947 pareret
777 2914 873 2949 ﬁlium,
890 2918 916 2942 et
933 2914 1058 2950 pnedixit

1097 277 1135 310 ὼς
1150 278 1196 304 τὺν
1207 277 1334 312 οὐράνιον
1351 276 1465 312 βασιλέα
1481 274 1718 310 παραπικραίνειν
1732 276 1898 310 ἐπιχειρῶν,

1097 324 1179 356 αὐτὸς
1193 324 1262 351 πολὺ
1280 324 1382 359 μᾶλλον
1395 322 1485 358 ἐαυτῷ
1499 322 1665 357 θησαυρίζει
1676 321 1761 354 κακὰ,
1776 318 1836 348 ε’ίτα
1846 319 1899 348 καὶ

1097 370 1228 406 προσθεὶς
1242 370 1280 402 ὡς
1292 370 1341 397 καὶ
1355 370 1405 404 τῆς
1416 368 1544 396 ἐντεῦθεν
1555 369 1716 395 ἐκπεσεῖται
1733 367 1794 402 μετ’
1804 367 1900 402 ὀλίγον

1097 418 1198 454 ἀρχῆς,
1213 418 1262 444 καὶ
1282 418 1332 453 τὴν
1349 417 1458 444 ἐκεῖθεν
1485 417 1535 442 οὺχ
1563 415 1729 450 ἐκφεύξεται
1757 414 1877 449 ἀπειλήν
1892 423 1898 429 -

1096 465 1183 492 ταῦτα
1200 465 1286 492 εἰπὼν
1300 465 1354 491 κᾶν
1377 465 1404 491 εί
1425 473 1467 495 τις
1484 463 1547 499 ἐνῆν
1565 462 1741 497 ἀπολειφθεὶς
1754 461 1901 496 κονιορτὸς

1096 511 1135 546 τῷ
1151 510 1247 546 χιτῶνι
1260 512 1308 537 καὶ
1328 510 1410 537 αὑτὸν
1432 509 1683 544 ἀποτιναξᾱμενος,
1702 508 1802 543 ἐχώρει
1828 507 1900 542 θαρ-

1098 558 1163 593 ρὦ.
1181 558 1257 592 Ἅμα
1273 556 1360 584 ταῦτα
1377 556 1416 592 τῷ
1427 556 1533 592 βασιλεί
1548 554 1737 590 διηγγέλλετο,
1754 555 1802 581 καὶ
1815 555 1829 580 ὁ
1839 553 1899 580 τῶν

1096 604 1256 638 ἀνακτόρων
1271 603 1433 638 αὐτομάτως
1444 604 1597 629 κατέπιπτε
1610 601 1727 637 πύργος,
1739 600 1899 635 καθαπερεὶ

1096 651 1140 677 διὰ
1156 650 1211 677 τῶν
1238 650 1351 685 ἀψύχων
1382 650 1428 677 τὸν
1445 649 1565 681 ἀλαζόνα
1589 649 1636 676 τοῦ
1654 648 1722 674 Θεοῦ
1752 646 1899 674 παιδεύειν

1096 696 1248 728 ἐθέλοντος.
1275 696 1342 722 Τίνα
1367 696 1396 722 δὲ
1413 696 1462 722 καὶ
1477 695 1620 729 προσιόντι
1643 694 1682 729 τῷ
1696 693 1764 728 ὁσίῳ
1779 694 1814 719 τὰ
1829 692 1901 720 θαύ-

1098 750 1172 776 ματα
1195 742 1302 777 (ὢσπερ
1327 741 1380 776 γὰρ
1405 742 1454 773 τῆς
1471 741 1575 772 πόλεως
1597 740 1665 775 μετά
1686 739 1789 766 τούτων
1813 738 1899 774 ἐξῄει,

1096 787 1167 814 οὕτω
1186 788 1234 814 καὶ
1249 787 1362 814 εἰσιόντι
1376 787 1459 813 πάλιν
1475 787 1545 813 αὐτὰ
1559 786 1707 813 συνείπετο
1722 781 1767 811 οἷα
1783 784 1831 810 καὶ
1848 783 1900 811 αὐ-

1096 834 1146 869 τῆς
1164 834 1247 868 φάναι
1263 835 1313 868 τῆς
1325 833 1373 861 τοῦ
1387 834 1456 860 Θεοῦ
1477 833 1620 867 δυνάμεως
1639 832 1685 858 τὸν
1710 830 1901 866 θεραπεύοντα

1097 880 1339 916 προπεμπούσης),
1355 882 1388 907 ἐκ
1405 880 1508 907 τούτων
1539 879 1618 913 ὀλίγα
1636 879 1680 904 διὰ
1700 878 1746 904 τὸν
1761 877 1841 912 κόρον
1857 877 1902 906 ὡς

1103 930 1131 955 ἐν
1150 928 1314 963 παραδρομῇ
1329 928 1385 958 θεὶς
1397 926 1444 953 ἐπὶ
1455 927 1489 953 τὰ
1502 927 1652 960 λειπόμενα
1666 923 1879 961 μετελεύσομαι.

1140 1019 1207 1047 ΜΖ¹.
1225 1019 1278 1046 Δύο
1293 1019 1344 1054 μὲν
1369 1018 1446 1054 αὐτῷ
1461 1018 1599 1045 νεανίσκοι
1629 1017 1659 1044 τὸ
1680 1017 1788 1052 πρῶτον
1803 1015 1900 1042 ίῶνται

1103 1067 1228 1100 δαίμοσιν
1243 1066 1435 1102 ἐνοχλούμενοι
1448 1075 1455 1081 ·
1470 1065 1566 1092 ἔπειτα
1582 1064 1652 1100 γυνή
1669 1073 1710 1095 τις
1724 1063 1792 1098 ἄλλη
1808 1061 1901 1090 Χανα-

1104 1113 1167 1140 ναία
1178 1113 1227 1148 τὴν
1240 1113 1344 1144 πίστιν,
1360 1112 1509 1147 θυγάτριον
1522 1112 1622 1146 ἔχουσα
1638 1111 1686 1138 καὶ
1698 1108 1742 1137 οἷα
1757 1109 1901 1145 μάρτυρας

1104 1159 1153 1194 τῆς
1167 1159 1391 1194 φλεγμαινούσης
1415 1158 1506 1193 ψυχῆς
1536 1158 1570 1184 τὰ
1585 1158 1639 1184 τῶν
1662 1157 1810 1191 ὀφθαλμῶν
1830 1164 1901 1190 προ-

1104 1205 1205 1240 χέουσα
1213 1204 1329 1240 δάκρυα,
1341 1205 1389 1231 καὶ
1400 1205 1434 1231 δι’
1444 1204 1535 1231 αὐτῶν
1547 1203 1667 1240 ζητοῦσα
1675 1203 1725 1238 τὴν
1737 1203 1899 1238 θεραπείαν,

1105 1252 1171 1287 ὑγιᾶ
1191 1253 1241 1287 μέν
1259 1252 1309 1286 τὴν
1327 1251 1411 1278 παῖδα
1424 1251 1571 1286 λαμϐάνει,
1588 1250 1676 1286 χαρὰν
1695 1250 1723 1276 δὲ
1738 1250 1799 1277 ἀντὶ
1811 1249 1900 1284 λύπης

1105 1298 1279 1334 κομισαμένη
1290 1298 1383 1324 οἴκαδε
1397 1298 1522 1333 ἐπανῄει.
1538 1295 1607 1324 Εἶτα
1618 1297 1665 1324 καὶ
1677 1297 1720 1323 διὰ
1733 1296 1782 1331 τῆς
1794 1296 1900 1327 πόλεως

1107 1346 1192 1381 μέσης
1207 1345 1246 1380 τῷ
1263 1345 1330 1380 ὁσίῳ
1345 1344 1481 1380 χωροῦντι
1497 1344 1551 1370 τῶν
1566 1344 1616 1379 τῆς
1631 1343 1730 1378 βουλῆς
1743 1352 1785 1374 τις
1801 1351 1901 1376 πατρι-

1105 1391 1172 1417 κίων
1189 1390 1224 1417 τὰ
1249 1390 1387 1424 Ζακχαίου
1407 1389 1454 1416 καὶ
1475 1389 1559 1421 αὐτὸς
1588 1389 1782 1424 μιμησάμενος
1798 1387 1900 1421 καὶτῷ

1108 1437 1166 1472 ἰδίῳ
1182 1437 1249 1472 οἴκῳ
1267 1436 1337 1463 κατὰ
1355 1435 1462 1472 θερμὴν
1481 1435 1531 1470 τὴν
1549 1434 1641 1461 πίστιν
1667 1433 1899 1468 είσοικισάμενος,

1106 1484 1154 1518 τῆς
1167 1483 1263 1518 ὁμοίας
1278 1483 1373 1518 ἔτυχεν
1384 1483 1521 1517 εὐλογίας.
1542 1482 1620 1508 Ἐπεὶ
1633 1481 1661 1508 δὲ
1678 1481 1724 1508 καὶ
1739 1481 1808 1516 πρὸς
1826 1480 1899 1516 αὐτῷ

1105 1531 1156 1566 ἥδη
1173 1529 1212 1565 τῷ
1226 1530 1346 1565 μεγίστῳ
1357 1528 1404 1556 τοῦ
1418 1529 1486 1556 Θεοῦ
1500 1529 1558 1565 ναῷ
1572 1526 1618 1564 ἦν,
1630 1528 1677 1555 καὶ
1688 1527 1728 1563 τῷ
1741 1527 1898 1562 πατριάρχῃ

1069 1587 1092 1616 C
1109 1577 1193 1611 συνῆν
1205 1576 1275 1611 μετὰ
1290 1575 1392 1610 πολλῆς
1406 1575 1488 1602 αὑτὸν
1500 1574 1642 1609 δεξαμένῳ
1655 1574 1705 1608 τῆς
1722 1573 1819 1609 ῂδονῆς
1832 1570 1899 1607 ὁμοῦ

1105 1625 1153 1652 καὶ
1165 1623 1259 1659 τιμῆς.
1268 1621 1409 1649 κάνταῦθα
1419 1623 1476 1653 τοῖς
1490 1621 1540 1656 μὲν
1559 1620 1650 1652 ἄλλοις
1670 1620 1761 1651 καινὰ,
1774 1618 1899 1654 ὲαυτῴδέ

1107 1670 1209 1706 συνήθη
1222 1668 1438 1704 θαυματουργεϊ.
1459 1668 1540 1702 Ὄφις
1553 1666 1635 1694 ποθὲν
1645 1666 1769 1702 ἐρπύσας
1784 1665 1899 1696 καὶτοῖς

1106 1716 1152 1743 τοῦ
1172 1715 1294 1751 μεγάλου
1312 1715 1378 1741 ποσὶ
1392 1713 1591 1749 συσπειραθεὶς
1609 1713 1727 1748 φοϐερὸν
1741 1712 1830 1747 θέαμα
1846 1708 1879 1746 ἦν
1890 1718 1898 1726 ⁸

1106 1764 1153 1790 καὶ
1173 1762 1240 1797 πρὸς
1254 1761 1362 1796 ἄμυναν
1376 1760 1429 1787 τῶν
1443 1760 1586 1795 παρόντων
1601 1759 1809 1795 ἐπιδραμόντων
1824 1757 1897 1784 ἐχεί-

1106 1818 1161 1841 νοις
1177 1809 1226 1844 μὲν
1237 1809 1286 1844 τὴν
1301 1808 1404 1835 δειλίαν
1421 1807 1615 1839 κατονειδίζει,
1641 1807 1722 1837 αὐτὸς
1741 1805 1770 1832 δέ
1782 1804 1821 1840 τῷ
1837 1805 1898 1839 ὄφει

1107 1856 1281 1892 θαρρούντως
1306 1854 1530 1889 ἁπειλησάμενος
1558 1853 1605 1880 καὶ
1633 1852 1671 1884 ὡς
1686 1852 1812 1887 ὑπηρέτῃ
1827 1850 1900 1877 κατὰ

1107 1902 1208 1936 πολλὴν
1225 1900 1370 1928 αὑθεντίαν
1395 1899 1645 1934 ἐγκελευσάμενος,
1665 1897 1797 1934 Πορεύου,
1821 1896 1897 1931 φησὶ,

1108 1948 1155 1974 καὶ
1172 1947 1276 1981 φωλεοῦ
1293 1946 1341 1973 τοῦ
1360 1945 1492 1981 συνήθους
1506 1945 1569 1980 ἐχου
1584 1944 1631 1971 καὶ
1645 1943 1700 1970 τῶν
1717 1943 1770 1969 ὑπὸ
1785 1943 1837 1976 γῆν
1850 1950 1901 1968 κα-

1108 1994 1260 2022 ταδύσεων.
1287 1992 1317 2020 '0
1346 1992 1374 2018 δὲ
1403 1991 1499 2026 ὥσπερ
1515 1991 1552 2026 μὴ
1578 1989 1733 2024 ἀντιλέγειν
1751 1987 1900 2024 δυνάμενος

1108 2041 1187 2074 ἐρπει
1200 2048 1228 2066 τε
1243 2039 1312 2074 πρὸς
1322 2039 1368 2066 τὸν
1382 2039 1473 2073 τοῖχον
1486 2037 1586 2064 αὐτίκα
1595 2037 1642 2063 καὶ
1655 2035 1708 2063 ὑπὸ
1722 2036 1778 2067 τοῖς
1790 2034 1900 2061 πάντων

1109 2085 1258 2121 ὀφθαλμοῖς
1273 2084 1479 2120 διαρῤήγνυται.

1145 2221 1216 2248 MH’.
1226 2220 1320 2247 Ταῦτα
1336 2220 1383 2246 καὶ
1404 2218 1477 2251 Ῥαὶς
1489 2218 1554 2254 περὶ
1568 2218 1614 2245 τοῦ
1630 2219 1748 2253 μεγάλου
1764 2217 1900 2254 μαθοῦσα,

1071 2270 1096 2299 D
1110 2268 1179 2303 γυνὴ
1197 2268 1247 2301 τὴν
1262 2267 1311 2302 μὲν
1328 2266 1420 2293 πίστιν
1432 2266 1488 2292 τῶν
1504 2266 1577 2293 πάνυ
1603 2265 1779 2301 θερμοτάτων
1795 2264 1842 2291 καὶ
1856 2265 1900 2290 εὐ-

1110 2315 1210 2347 σεϐῶν,
1228 2315 1277 2348 τὴν
1293 2314 1322 2340 δὲ
1336 2313 1414 2347 δόξαν
1427 2313 1482 2339 τῶν
1497 2313 1567 2347 ἄγαν
1587 2312 1738 2347 ἐπιφανῶν,
1751 2311 1900 2347 προθύμως

1108 2370 1138 2388 τε
1165 2360 1358 2396 συνδραμοῦσα
1384 2361 1431 2387 καὶ
1461 2361 1663 2396 παραπλησίως
1685 2360 1718 2395 τῇ
1737 2359 1823 2394 πόρνῃ
1836 2359 1900 2389 τοὺς

1109 2408 1214 2434 ἐκείνου
1226 2408 1309 2439 πόδας
1319 2407 1435 2442 δάκρυσι
1448 2407 1594 2441 βρέχουσα,
1604 2406 1757 2442 παρεκάλει
1773 2406 1806 2432 δι’
1816 2405 1899 2440 εὐχῆς

1109 2455 1178 2489 αὐτῇ
1197 2453 1326 2488 γενέσθαι
1341 2453 1409 2480 υἱόν.
1432 2453 1478 2485 'tl;
1492 2453 1522 2480 at
1534 2454 1609 2481 κάτω
1626 2453 1740 2488 κειμένη
1755 2452 1802 2479 τοῦ
1820 2452 1898 2483 ποδὶς

1108 2500 1185 2535 αὐτῷ
1200 2500 1246 2526 τὸν
1259 2499 1361 2535 ταρσὸν
1388 2501 1595 2535 ἐκκεκομμένον
1611 2501 1644 2535 τῇ
1660 2500 1777 2534 ἀσκήσει
1789 2498 1836 2525 τοῦ
1856 2500 1898 2525 τέ-

1110 2554 1200 2577 νοντος
1215 2545 1357 2579 ἐθεάσατο,
1374 2546 1596 2581 καταπλήττεται
1623 2547 1673 2582 τὴν
1689 2546 1838 2581 ὑπομονὴν,
1852 2545 1898 2572 καὶ

1111 2593 1202 2628 φωνὰς
1218 2594 1252 2629 τῇ
1265 2592 1408 2629 Χαναναία
1435 2592 1629 2628 παραπλησίας
1643 2592 1752 2627 ἀφίησι.
1785 2591 1897 2618 Διδοῦσα

1109 2640 1164 2675 γὰρ
1192 2639 1324 2674 σπαρτίον
1353 2638 1431 2673 ἠξίου
1456 2638 1496 2673 τῷ
1513 2638 1575 2664 ποδὶ
1595 2638 1693 2674 ἐκείνῳ
1707 2638 1897 2673 περιελίξαντα

1110 2687 1191 2712 πάλιν
1204 2685 1273 2721 αὐτῇ
1291 2685 1382 2712 δοῦναι
1394 2685 1474 2712 τοῦτο
1497 2685 1590 2720 βοῶσα
1605 2685 1743 2721 πλήρωμα
1756 2686 1804 2719 τῆς
1821 2686 1898 2720 αἰτή-

1110 2740 1189 2763 σεως.
1215 2731 1244 2758 '0
1260 2731 1289 2758 δὲ
1306 2731 1417 2767 πρῶτον
1446 2732 1495 2767 μὲν
1517 2731 1569 2758 οὐκ
1585 2732 1719 2767 ἠνείχετο·
1741 2731 1840 2759 ἔπειτα
1854 2731 1898 2758 καὶ

1109 2778 1165 2809 τοῖς
1179 2777 1287 2810 ἐκείνης
1308 2777 1481 2813 δυσωπηθεὶς
1506 2777 1637 2814 δάκρυσι,
1655 2778 1725 2814 πρὸς
1739 2777 1767 2805 δέ
1783 2778 1830 2805 καὶ
1845 2778 1899 2808 τοῖς

1110 2822 1156 2850 τοῦ
1171 2823 1322 2850 ἐπισκόπου
1345 2825 1393 2851 καὶ
1411 2824 1466 2851 τῶν
1482 2825 1586 2852 λοιπῶν
1610 2825 1749 2860 καμφθεὶς
1768 2825 1897 2860 ῥήμασιν,

1110 2869 1140 2895 οὐ
1160 2869 1241 2905 μόνον
1255 2869 1330 2904 αὐτῷ
1347 2870 1482 2906 σπαρτίον
1497 2871 1654 2907 περιελίξας
1677 2871 1807 2903 δέδωκεν,
1834 2871 1899 2898 ἀλλὰ

1111 2916 1158 2942 καὶ
1186 2916 1293 2943 παιδῗον
1319 2917 1405 2952 αὐτὴν
1420 2918 1512 2946 τεκεῖν
1524 2919 1713 2955 προεσήμανε,
1729 2922 1776 2946 καὶ
1790 2918 1839 2952 τὴν
1854 2917 1898 2945 τοῦ
