2049 3151
155 143 222 176 1039

683 147 774 177 VlTA
796 149 827 178 S.
847 148 1028 179 DANIELIS
1048 146 1228 178 STYLlTE.

1713 148 1781 178 1030

152 203 248 234 παιδος
270 203 366 238 κλῆσιν
390 202 613 239 προανεςρώνησε,
636 204 758 240 Ζήνωνα,
775 205 898 239 φάσκων,
914 203 936 232 ὦ

992 205 1071 232 etiam
1088 211 1188 231 nomen
1208 203 1267 235 lilii,
1283 203 1433 236 Zenonem,
1450 203 1556 236 dicens,
1572 210 1588 231 ο
1606 203 1715 235 mulier,
1735 213 1783 229 vn—

151 248 244 282 γύναι,
266 250 312 275 τὸν
325 250 407 276 παῖδα
426 250 564 282 καλέσεις.
581 250 636 277 Καὶ
656 250 729 278 οὓτω
749 252 798 286 μὲν
820 250 835 276 6
852 252 939 286 ᾶγιος.

156 294 228 327 Ἐγὼ
241 295 268 321 δὲ
282 295 357 322 οὐδὲν
371 296 434 330 ἄρτι
445 296 526 323 πλέον
536 297 600 332 ἐρᾶν
611 296 691 331 δῆλον
700 297 754 332 γὰρ
766 298 807 324 ὅτι
816 298 938 332 γέγονεν’

150 340 213 366 ἐπεὶ
232 340 313 375 μηδὲν
330 340 457 367 διέπιπτε
475 341 528 367 τῶν
541 341 587 368 ὑπ’
599 341 704 368 ἐκείνου
717 342 937 377 προλεγομένων.

152 387 201 413 Διὰ
215 386 301 413 ταῦτα
318 387 367 414 καὶ
381 387 427 413 τὸν
441 388 513 414 ὅσιον
527 388 541 414 δ
555 388 682 423 βασιλεὺς
695 388 833 420 δεδοικὼς,
849 388 896 415 καὶ
909 388 940 415 τὸ

153 431 220 465 πρὸς
238 431 319 457 αὑτὸν
333 432 488 458 ἀντιπνέειν
503 433 570 464 ὅλως
589 433 723 460 ἐκκλίνων
735 432 818 469 τέχνῃ
834 435 880 460 καὶ
897 442 942 460 κο-

153 476 251 513 λακείᾳ.
265 476 361 503 τοῦτον
376 477 515 512 μετελθεῖν
530 478 686 512 ἐπεχείρει·
703 479 749 504 καὶ
765 479 859 513 ἐπειδὴ
874 479 941 504 πολ-

153 523 232 554 λάκις
260 523 342 549 αὑτὸν
362 523 564 558 παραγενέσθαι
584 525 631 550 καὶ
648 524 693 550 διὰ
717 524 822 551 πολλῶν
834 524 941 559 δεηθεὶς

153 570 203 596 οὐκ
215 569 334 600 Ξπειθεν,
347 569 427 601 αὐτὸς
449 570 518 606 πρὸς
542 570 621 596 αὑτὸν
633 569 709 605 ἦλθε,
722 571 769 597 καὶ
784 571 812 597 ἐν
834 571 941 598 οἰκέτου

153 617 275 650 σχήματι
291 617 448 649 προσκυνεῖ,
467 616 514 642 καὶ
528 616 615 642 ποδῶν
626 617 742 643 ἅπτεται
753 617 811 644 τῶν
825 617 939 650 ἐκείνου,

154 662 322 697 συγγνώμης
337 663 416 698 δῆθεν
439 663 589 697 ἀξιωθῆναι
609 663 748 698 δεόμενος.
774 663 804 689 ’0
830 663 858 689 δὲ
875 666 941 696 (καὶ

153 709 193 740 τίς
205 709 260 742 γὰρ
272 709 376 734 ἐκείνου
385 708 475 743 διορᾷν
488 708 573 735 ταῦτα
585 708 790 744 ὀξυωπέστερος
801 718 808 740 ;
818 710 826 743 )
837 710 941 735 ἐκεῖνον

156 754 205 788 μὲν
221 753 282 780 τότε
309 754 417 785 πολλοῖς
442 755 499 786 τοῖς
516 754 631 781 ὀνείδεσι
650 754 745 781 πλύνει
757 763 763 770 ’
780 755 894 788 ὕστερον
911 755 939 782 δὲ

154 800 199 826 καὶ
215 800 244 826 τὸ
259 799 321 831 τοὺς
336 800 451 832 πολλοὺς
465 799 595 827 λανθάνον
620 800 819 832 ὰνακαλύπτει,
845 801 883 826 Τὸ
896 809 941 827 τα-

154 846 245 872 πεινὸν
260 847 349 873 ἐκεῖνο
367 847 414 873 καὶ
431 847 672 881 συντετριμμένον,
688 846 784 878 εἰπὼν,
796 847 940 882 ὑπόκρισις

154 892 201 918 καὶ
222 892 373 927 μηχάνημα
387 891 433 927 ἦν,
453 892 504 919 ὑπὸ
519 892 596 919 δασεῖ
612 891 703 927 κωδίῳ
718 893 748 918 τὸ
761 892 879 926 χαλεπὸν
893 893 926 918 αὺ
956 884 978 913 Β

152 938 200 964 τοῦ
213 939 259 964 καὶ
271 938 366 972 ἄγριον
379 937 590 970 συγκαλύπτων.
611 937 694 964 Ἀλλὰ
709 938 753 964 διὰ
765 938 863 973 τάχους
878 937 941 970 δίνε-

151 992 198 1010 ται
211 985 256 1010 τὸν
272 984 361 1010 πάντα
374 983 504 1018 διορῶντα
528 983 576 1010 τοῦ
593 983 661 1010 Θεοῦ
675 984 815 1018 ὀφθαλμὸν
832 983 879 1009 καὶ
893 985 942 1016 τὴν

153 1030 289 1066 κραταιὰν
305 1030 384 1064 χεῖρα
398 1030 446 1055 καὶ
474 1030 537 1061 τοὺς
554 1028 684 1060 δυνατοὺς
705 1028 941 1055 καταϐάλλουσαν.

158 1076 188 1103 '0
201 1077 335 1112 μακάριος
361 1075 481 1103 τοσαῦτα
496 1075 748 1110 θαυματουργήσας
766 1076 815 1102 καὶ
836 1075 883 1101 τὸν
895 1075 942 1101 τοῦ

152 1123 219 1151 Θεοῦ
233 1124 362 1159 πολέμιον
377 1123 490 1158 τρέψας,
505 1122 551 1149 καὶ
565 1122 599 1148 τὰ
616 1122 667 1156 τῆς
680 1121 847 1156 Ἐκκλησία-ς
861 1119 943 1148 εὖκα-

152 1171 302 1203 ταστήσας,
319 1169 388 1196 ἀλλὰ
410 1169 442 1203 δὴ
457 1170 504 1195 καὶ
530 1167 725 1202 προφητεύσας
745 1166 780 1192 τὰ
797 1166 940 1201 μέλλοντα,

153 1216 235 1242 πάλιν
264 1217 311 1241 ἐπὶ
327 1215 372 1241 τὸν
392 1215 488 1241 στῦλον
507 1214 623 1248 γίνεται,
652 1213 764 1239 καὶτῶν
781 1213 896 1246 ἀγώνων
912 1221 942 1239 τε

153 1263 199 1288 καὶ
214 1262 303 1288 πόνων
323 1261 447 1296 εὐψύχως
466 1259 709 1294 ἀντιλαμϐάνεται.

188 1305 255 1333 lllizl'.
272 1307 308 1333 Οὐ
334 1306 417 1338 πολὺς
441 1307 469 1332 ὲν
487 1305 562 1340 μέσῳ
586 1305 692 1339 χρόνος,
715 1305 763 1330 καὶ
779 1304 941 1335 Βισιλῐσκος

154 1352 216 1387 μὲν,
231 1353 268 1384 ὡς
295 1354 311 1388 ἡ
340 1353 388 1379 τοῦ
407 1352 507 1387 Δανιὴλ
532 1351 697 1387 προρῤησις,
714 1350 767 1376 τῶν
796 1350 941 1385 βασιλείων

152 1399 324 1432 tumide-rat,
340 1400 432 1433 Ζήνων
447 1398 474 1424 δὲ
495 1397 576 1424 πάλιν
604 1397 657 1422 τῶν
684 1397 833 1431 σκήπτρων
848 1405 877 1422 τε
894 1404 941 1422 πε-

155 1446 287 1480 ριέχεται,
304 1444 436 1478 καιὶαὺτῷ
454 1443 489 1469 τὰ
499 1443 552 1469 τῶν
565 1442 744 1478 προρρήσεων
756 1444 843 1476 πέριτς
859 1442 942 1476 ὲλάμ-

153 1493 230 1525 6ανε,
254 1492 321 1526 πρὸς
351 1491 396 1517 τὸν
415 1491 502 1525 μέγαν
531 1497 559 1516 τε
579 1489 627 1516 καὶ
652 1489 722 1523 μετὰ
744 1489 794 1523 τῆς
812 1489 941 1521 γυναικὸς

991 250 1067 277 cabis
1082 249 1178 276 (ilium.
1195 249 1228 276 Et
1243 249 1283 276 sic
1299 250 1407 282 quidem
1423 253 1546 277 sanctus.
1563 249 1618 283 Ego
1632 255 1723 277 autem
1741 251 1783 276 ni-

992 296 1029 324 bil
1049 297 1137 324 dicam
1157 296 1286 331 amplius.
1303 295 1414 323 Clarum
1431 300 1474 324 est
1490 297 1563 324 enim
1582 297 1618 324 ita
1636 299 1781 330 evenisse;

992 343 1060 370 nihil
1079 342 1152 370 enim
1172 342 1318 370 excidebat
1337 350 1369 369 ex
1393 343 1426 370 iis
1444 350 1506 377 qua:
1524 343 1558 370 ab
1581 343 1627 370 illo
1648 344 1782 378 prmdice-

991 388 1102 415 bantur.
1115 387 1234 422 Propter
1245 391 1371 414 sanctum
1385 395 1494 422 quoque
1508 388 1608 415 timens
1620 388 1781 423 imperator.

990 435 1057 462 etei
1072 434 1185 461 omnino
1201 441 1353 468 repugnare
1369 433 1528 466 declinans,
1544 441 1608 461 eum
1625 434 1784 468 aggreditur

990 485 1050 507 arte
1069 485 1097 507 et
1118 480 1269 514 blanditiis,
1289 485 1316 507 ct
1336 488 1398 507 cum
1419 480 1478 515 ipse
1499 487 1570 514 smpe
1589 488 1664 512 eum,
1686 485 1714 508 et
1734 488 1783 515 per

992 526 1104 558 multos,
1121 530 1151 553 ut
1165 526 1199 553 ad
1217 526 1306 561 ipsum
1319 525 1426 553 veniret
1441 530 1581 560 precatus,
1597 533 1653 553 non
1670 534 1784 561 persua-

992 571 1084 604 debat,
1103 572 1161 607 ipse
1177 572 1212 599 ad
1228 580 1292 599 eum
1310 572 1395 605 venit,
1411 576 1440 599 et
1457 573 1511 599 ritu
1527 572 1661 606 supplicis
1675 572 1782 605 adorat,

991 622 1019 645 et
1035 618 1108 645 illius
1124 618 1208 653 pedes
1232 618 1396 653 prehensat,
1413 626 1512 654 rogans
1528 623 1557 645 ut
1573 619 1625 646 sibi
1641 619 1722 646 detur
1735 626 1784 646 ve-

991 664 1047 691 nia.
1063 665 1110 692 Ille
1122 671 1213 691 autem
1230 665 1303 700 (quis
1320 666 1392 692 enim
1418 665 1451 692 ad
1469 673 1501 692 ea
1516 665 1632 692 videnda
1649 671 1709 693 erat
1725 665 1785 700 ipso

992 711 1177 746 pcrspicacior
1185 711 1206 745 Ἰ)
1222 711 1298 738 illum
1308 711 1418 746 quidem
1431 710 1524 738 multis
1537 715 1602 738 tunc
1617 712 1723 746 probris
1741 712 1785 737 in-

991 758 1126 793 sequitur.
1144 757 1249 785 Deinde
1262 758 1346 784 etiam
1361 757 1452 792 aperit
1467 757 1493 784 id
1508 757 1581 792 quod
1597 757 1700 784 multos
1713 757 1783 784 late-

992 803 1038 830 bat
1055 811 1064 830 :
1080 803 1228 831 Humilitas
1247 803 1302 834 illa,
1321 803 1427 835 dicens,
1445 807 1473 830 et
1491 803 1621 830 contritio
1637 807 1679 830 cst
1696 803 1784 830 artiﬁ-

991 849 1067 876 ciosa
1081 849 1231 879 simulatio.
1247 848 1332 876 densa
1349 848 1419 883 pelle
1436 852 1530 883 tegens
1547 847 1781 882 importunitatem

993 895 1052 930 ejus
1067 900 1096 923 et
1110 895 1308 922 immanitatem
1318 915 1325 928 ,
1340 895 1388 922 sed
1403 895 1458 922 cito
1471 895 1615 927 videbitis,
1630 894 1677 929 qui
1692 894 1785 922 omnia

995 939 1125 974 perspicit
1151 940 1196 966 Dei
1221 940 1348 972 oculum,
1375 943 1403 967 et
1425 939 1542 966 validam
1566 947 1695 971 manum,
1723 947 1785 974 quae

993 985 1076 1012 etiam
1093 990 1221 1020 potentes
1232 985 1336 1020 dejicil.
1352 987 1442 1020 Atque
1457 993 1520 1012 cum
1537 985 1576 1013 sic
1592 985 1704 1020 quidem
1719 993 1785 1012 san-

994 1037 1056 1058 ctus
1072 1036 1125 1058 tam
1145 1032 1229 1059 multa
1247 1032 1359 1059 iecisset
1375 1032 1518 1063 miracula,
1536 1032 1640 1066 Deique
1655 1031 1784 1059 vertisset

993 1082 1021 1104 et
1036 1077 1206 1112 proﬂigasset
1220 1077 1338 1110 hostem,
1354 1082 1382 1105 et
1398 1085 1440 1105 res
1454 1078 1583 1105 Ecclesiae
1598 1078 1667 1105 bene
1682 1077 1785 1104 consti—

995 1124 1104 1155 tuissu,
1127 1124 1194 1158 quin
1214 1124 1296 1151 etiam
1317 1124 1408 1151 futura
1430 1123 1617 1159 prmdixisset,
1637 1123 1786 1151 revertitur

993 1169 1027 1196 ad
1049 1170 1215 1201 columnam,
1235 1174 1263 1197 et
1285 1170 1437 1198 certamina
1458 1177 1490 1197 ac
1510 1170 1619 1198 labores
1639 1177 1737 1204 magno
1757 1173 1785 1196 et

992 1215 1058 1243 forti
1073 1215 1165 1243 animo
1182 1217 1308 1251 suscipit.

1028 1304 1122 1332 XLIX.
1141 1305 1200 1332 Non
1214 1304 1330 1331 multum
1345 1304 1497 1331 iutcrﬂuxit
1510 1304 1652 1338 temporis,
1665 1308 1692 1330 ct
1706 1303 1783 1330 Basi-

993 1350 1077 1378 liscus
1096 1351 1207 1385 quidem
1229 1354 1259 1377 ut
1280 1358 1295 1376 a
1318 1358 1417 1384 magno
1437 1350 1599 1384 pracdictqu
1621 1351 1708 1376 I’ucrat
1730 1349 1783 1376 Da—

992 1397 1076 1429 niele,
1096 1405 1110 1422 a
1134 1396 1207 1431 regia
1228 1396 1385 1431 expellitur,
1409 1401 1437 1422 ct
1459 1395 1532 1422 Zeno
1554 1403 1651 1422 rursus
1673 1401 1783 1428 sceptra

994 1447 1080 1474 tenet,
1096 1448 1124 1469 et
1139 1443 1220 1469 linem
1236 1446 1403 1476 acceperunt
1416 1442 1476 1476 ejus
1492 1442 1693 1476 praedictiones,
1707 1445 1733 1467 ct
1748 1448 1781 1466 at

994 1497 1120 1524 magnum
1142 1489 1280 1516 Danielcm
1298 1488 1374 1515 venit
1392 1488 1466 1515 Zeno
1485 1495 1547 1515 cum
1566 1494 1666 1519 uxore,
1685 1486 1783 1514 videns

153 1540 239 1566 ἄνεισι
260 1538 446 1572 καταλλήλους
463 1537 512 1571 μὲν
526 1536 581 1562 τῶν
602 1535 784 1570 προρρήσεων
797 1536 846 1566 τὰς
861 1535 941 1561 ἐκϐά-

993 1535 1104 1569 quidem
1121 1534 1316 1561 convenientes
1331 1534 1422 1561 exitus
1436 1534 1657 1569 prmdictionum,
1682 1539 1782 1560 evcntu

154 1593 209 1616 σεις
226 1584 297 1614 ἰδὼν.
309 1583 387 1615 ἀξίας
402 1583 428 1608 δὲ
441 1581 494 1608 τῶν
510 1580 651 1607 ὲκὸάσεων
666 1579 815 1607 ἀποδώσων
832 1580 942 1614 εὐχαρι-

154 1632 241 1662 στίας.
261 1630 333 1664 ’Ἡδη
346 1629 374 1656 δὲ
387 1628 434 1654 τοῦ
454 1629 534 1661 λόγου
550 1627 580 1653 τὸ
594 1627 670 1657 τέλος
687 1625 832 1660 ζητοῦντος
845 1626 889 1651 καὶ
903 1625 941 1659 τῷ

153 1677 200 1704 τοῦ
218 1676 335 1711 μεγάλου
363 1675 413 1710 βίῳ
440 1672 682 1706 συναναπαυθῆναι
700 1671 940 1706 προθυμουμένου,

154 1723 253 1758 μικρὶν
279 1721 320 1748 ἐτι
344 1722 400 1752 τοῖς
424 1720 530 1746 ἐκείνου
555 1718 694 1753 θαύμασιν
713 1718 940 1752 ἐντρυφήσωμεν.

158 1769 241 1804 ’Δνήρ
254 1777 295 1798 τις
307 1767 454 1802 χρυσοχόος
470 1766 521 1800 τὴν
538 1765 636 1800 τέχνην
653 1763 760 1790 παιδίον
774 1762 852 1798 ἔσχεν
864 1762 942 1789 ἑϐδό-

154 1823 204 1850 μου
221 1815 271 1849 μὲν
286 1814 335 1848 ἤδη
350 1813 397 1839 τοῦ
415 1813 492 1843 ἔτους
507 1811 672 1844 ἁπτόμενον,
689 1808 765 1835 οὔπω
784 1808 811 1833 δὲ
828 1808 875 1833 καὶ
891 1806 942 1842 βα-

151 1861 234 1893 δίζειν
260 1860 421 1894 δυνάμενον,
455 1857 523 1885 ἀλλὰ
550 1856 622 1883 κατὰ
646 1856 682 1882 τὰ
704 1854 858 1890 ἑρπυστικὰ
888 1862 942 1879 των

153 1908 230 1940 ζώων
242 1908 270 1933 ἐν
285 1907 323 1942 τῷ
343 1905 476 1932 κινεῖσθαι
502 1905 535 1938 τῇ
562 1902 652 1937 κοιλία
669 1901 821 1936 χρώμενον.
842 1900 942 1926 Τοῦτον

151 1955 177 1982 οἱ
192 1955 280 1985 τοκεῖς
292 1952 420 1982 λαϐόντες
438 1949 599 1986 προτιθοῦσι
612 1948 659 1974 τοῦ
676 1947 786 1979 στύλον,
802 1947 849 1973 καὶ
864 1945 943 1972 αὐτοὶ

152 1999 277 2027 κάτωθεν
303 1998 411 2032 οἰκτρόν
440 2004 465 2022 τι
492 1998 538 2021 καὶ
559 1993 716 2028 δακρυῶδες
740 1992 942 2023 ὲπικωκύοντες

153 2048 200 2074 καὶ
212 2047 311 2076 αὐτοὺς
323 2045 386 2074 τοὺς
401 2042 521 2077 ὁρῶντας
538 2039 716 2072 ἐξεκαλοῦντο
739 2038 806 2072 πρὸς
824 2038 940 2073 δάκρυα.

157 2094 188 2120 '0
200 2093 229 2120 δὲ
244 2092 317 2122 ὅσιος
328 2089 431 2116 ἄνωθεν
445 2087 591 2120 διακύψας,
602 2086 649 2111 καὶ
662 2085 740 2112 τοῦτο
754 2085 803 2119 μὲν
815 2085 943 2119 ἐπιτιμή-

153 2149 205 2172 σει,
224 2138 303 2165 τοῦτο
317 2137 345 2163 δὲ
360 2136 408 2163 καὶ
427 2133 589 2168 παραινέσει
603 2132 634 2158 τὸ
651 2131 750 2163 πένθος
768 2131 860 2162 αὐτοῖς
880 2131 944 2166 στή-

993 1586 1083 1608 autem
1104 1580 1201 1614 dignas
1223 1579 1384 1606 redditurus
1404 1579 1516 1614 gratias.
1535 1579 1594 1606 lam
1614 1587 1680 1606 vero
1700 1579 1783 1606 ﬁnem

993 1631 1131 1661 quarrente
1147 1626 1270 1653 oratione
1280 1646 1287 1658 ,
1302 1630 1330 1652 ct
1344 1633 1405 1652 cum
1420 1624 1510 1659 uiagni
1528 1625 1648 1652 Danielis
1663 1624 1717 1652 vita
1733 1633 1783 1652 vo-

992 1674 1065 1701 lente
1083 1672 1164 1699 simul
1183 1672 1374 1706 requiescere,
1394 1671 1421 1698 in
1440 1671 1515 1698 illius
1531 1671 1673 1698 miraculis
1691 1671 1784 1699 adhuc

993 1726 1089 1754 parum
1106 1717 1275 1753 perjucunde
1293 1717 1512 1744 immorabimur.
1524 1717 1572 1745 Vir
1588 1717 1698 1752 quidam
1715 1717 1783 1744 arti-

993 1764 1055 1791 ﬁcio
1083 1764 1189 1792 aurifex
1207 1763 1325 1791 habebat
1343 1771 1470 1798 puerum,
1487 1763 1535 1798 qui
1552 1763 1702 1798 septimum
1720 1763 1782 1798 qui-

993 1810 1054 1838 dem
1066 1811 1121 1846 jam
1136 1818 1238 1837 annum
1252 1810 1413 1844 attingebat,
1430 1809 1553 1837 nondum
1567 1814 1659 1837 autem
1674 1813 1783 1844 poterat

993 1856 1117 1891 ingredi,
1134 1855 1181 1883 sed
1198 1856 1368 1890 serpentium
1386 1855 1439 1882 ritu
1456 1860 1551 1883 ventre
1567 1859 1665 1887 utens.
1680 1863 1709 1882 se
1724 1863 1785 1882 mo.

993 1903 1083 1930 vendo
1100 1903 1237 1937 reptabat.
1253 1903 1437 1936 Sumpserunt
1451 1909 1516 1928 eum
1532 1906 1673 1935 parentes,
1689 1906 1717 1928 et
1733 1909 1784 1935 po-

993 1954 1110 1977 suerunt
1127 1953 1191 1976 ante
1207 1948 1380 1980 columnam;
1401 1947 1452 1982 ipsi
1470 1952 1561 1974 autem
1580 1947 1651 1974 infra
1670 1947 1785 1973 misera-

993 1995 1087 2022 biliter
1110 2000 1137 2022 et
1163 1994 1292 2021 ﬂebiliter
1317 1994 1472 2028 ejulantes.
1498 1995 1574 2027 ipsos
1600 2000 1710 2027 quoque
1736 1992 1784 2027 qui

992 2039 1141 2071 videbant,
1160 2038 1346 2073 provocabunt
1363 2038 1397 2065 ad
1415 2037 1560 2072 lacrymas.
1580 2037 1698 2065 Sanctus
1715 2044 1782 2064 vero

993 2093 1026 2113 ex
1038 2086 1093 2112 alto
1105 2085 1272 2119 despiciens,
1285 2091 1348 2111 cum
1363 2083 1461 2118 partim
1477 2083 1587 2117 quidem
1603 2082 1782 2117 increpando.

993 2131 1092 2166 partim
1109 2135 1201 2157 autem
1219 2128 1395 2156 admonendo
1411 2135 1507 2154 eorum
1525 2128 1630 2155 luctum
1648 2128 1781 2160 sedasset,

153 2195 214 2218 σας,
233 2184 272 2219 τῷ
301 2181 366 2217 ἱερῷ
392 2179 608 2215 προσκαρτερεῖν
636 2177 741 2205 κελεύει
766 2177 804 2211 τῷ
828 2177 941 2211 Συμεὼν

992 2177 1070 2212 jubet
1085 2181 1115 2203 ut
1128 2180 1306 2211 perseverent
1322 2175 1349 2202 in
1365 2182 1442 2202 sacra
1457 2175 1514 2202 inde
1530 2173 1677 2206 Simeonis,
1691 2179 1718 2202 et
1732 2182 1782 2200 ve-

153 2217 231 2265 οικῳ,
253 2217 301 2256 καὶ
315 2229 371 2259 τοῖς
393 2227 503 2256 σεπτοῖς
519 2224 638 2260 χρῆσθαι
664 2223 812 2257 λειψάνοις,
828 2223 874 2249 καὶ
887 2220 941 2250 οἶόν

995 2222 1127 2250 neraudis
1144 2227 1256 2249 utantur
1274 2221 1407 2256 reliquiis,
1425 2225 1453 2248 et
1471 2228 1503 2248 ea
1521 2224 1651 2254 tanquam
1670 2220 1781 2254 aliquod

152 2286 178 2304 ‘lt
194 2276 322 2310 λυτήριον
337 2273 424 2300 ταῦτα
439 2271 496 2302 τοῖς
512 2270 577 2297 ποσὶ
592 2271 648 2300 τοῖς
665 2269 735 2303 νόσῳ
748 2269 941 2303 πεδεδημένοις

153 2322 316 2350 ἃπιτιθέναι.
332 2317 466 2351 Εἷπε,κ.·ιὶ
478 2317 584 2351 γέγονε.
604 2316 658 2342 Καὶ
673 2316 744 2342 κατᾶ
758 2316 807 2349 τὴν
822 2315 942 2350 ὲδόόμην

153 2369 238 2404 εὐχῆς
252 2367 288 2399 ὡς
304 2367 363 2398 ἔθος
381 2365 433 2392 ὑπὸ
450 2363 497 2390 τοῦ
515 2363 637 2398 μάκαρος
653 2361 819 2396 τελουμένης
832 2360 865 2396 (ὦ
876 2361 942 2387 θαυ-

156 2415 260 2450 μασίων
274 2413 362 2448 ἔργων
373 2412 392 2445 ι)
409 2408 560 2445 δημιουργὲ
577 2408 676 2442 Κύριε,
691 2407 838 2441 ἀλλόμενον
859 2406 942 2438 εὐθὺς

152 2460 183 2487 τὸ
198 2459 303 2486 παιδίον
319 2456 405 2491 ὁρῶσι
426 2454 480 2480 τῶν
505 2453 603 2479 κιόνων
618 2461 647 2478 τε
664 2453 726 2483 τοὺς
739 2451 860 2486 βαθμοὺς
877 2452 943 2478 ἀνα-

152 2507 245 2533 δςιίνον
259 2505 307 2531 καὶ
323 2504 361 2538 τῷ
372 2503 460 2537 στύλῳ
473 2501 719 2537 περιπλεκόμενον.

187 2552 230 2579 N'.
244 2550 357 2585 Ἐτερός
369 2558 409 2580 τις
422 2550 454 2575 ὲκ
462 2548 510 2582 τῆς
524 2547 656 2581 ἀνατολῆς
664 2547 714 2581 τὴν
726 2546 840 2580 πορείαν
850 2545 942 2572 ποιού-

154 2606 235 2635 μενος
255 2597 414 2632 περιπίπτει
425 2595 548 2631 λῃσταῖς.
561 2595 593 2621 Οἱ
608 2594 635 2620 δὲ
648 2593 755 2628 πληγὰς
772 2593 856 2627 αὐτῷ,
872 2593 942 2620 κατὰ

151 2647 216 2678 τοὺς
233 2645 322 2680 ἱεροὺς
340 2643 434 2677 λόγους
454 2643 551 2672 εἰπεῖν,
570 2641 709 2671 ἐπιθέντες
725 2640 772 2666 καὶ
783 2640 910 2671 λαὸόντες
924 2638 942 2666 ἃ.

152 2693 313 2726 ἐπεφέρετο,
346 2689 376 2715 οὺ
403 2689 457 2723 μὴν
486 2688 516 2714 δὲ
545 2687 615 2714 ἀλλὰ
634 2687 680 2713 καὶ
694 2686 730 2712 τὰ
749 2685 804 2712 τῶν
819 2686 942 2719 γονάτων

153 2739 227 2771 αὑτῷ
257 2736 341 2771 νεῦρα
369 2732 708 2769 συγκόψαντες,ὴμιθανῆ
734 2731 939 2758 καταλείπουσι.

153 2785 254 2812 Τοῦτον
271 2783 407 2818 ὁδοιπόροι
429 2781 499 2812 τινες
515 2780 615 2807 οὑτωσὶ
634 2779 759 2813 κείμενον
773 2777 940 2813 θεασάμενοι

154 2832 201 2857 καὶ
230 2828 428 2864 φιλανθρώπως
461 2826 695 2856 διαὸαστάσαντες
721 2826 761 2855 εἰς
784 2825 833 2859 τὴν
862 2824 940 2851 πόλιν

155 2878 298 2912 ’Λγκνρςιν
313 2875 509 2910 ἀποφέρουσιν,
527 2873 559 2899 ὲκ
574 2872 703 2907 γειτόνων
726 2870 818 2906 οὖσαν,
835 2871 883 2898 καὶ
900 2870 940 2906 τῷ

993 2270 1103 2297 solvant;
1126 2268 1376 2299 medicamentum,
1399 2266 1496 2294 morbo
1517 2266 1616 2294 vinctis
1640 2267 1784 2300 imponant

993 2316 1119 2351 pedibus.
1141 2316 1226 2348 Dixit,
1244 2319 1272 2342 et
1289 2314 1358 2341 facta
1375 2318 1450 2340 sunt.
1469 2313 1502 2340 Et
1519 2313 1637 2347 septimo
1655 2313 1699 2340 die
1718 2320 1780 2340 cum

992 2364 1027 2391 de
1048 2371 1123 2390 more
1144 2361 1267 2396 precatio
1289 2360 1367 2388 ﬁeret
1388 2368 1402 2387 a
1425 2360 1504 2387 beato
1526 2359 1555 2395 (0
1577 2359 1780 2386 admirabilium

993 2416 1105 2444 operum
1116 2408 1208 2443 opifex
1217 2407 1370 2441 Dominel),
1387 2406 1481 2433 vident
1497 2405 1588 2433 statim
1605 2413 1722 2440 puerum
1739 2413 1782 2432 sa-

992 2456 1117 2486 lientem,
1133 2459 1160 2481 et
1173 2453 1274 2489 gradus
1289 2451 1496 2485 ascendentem,
1512 2455 1539 2479 et
1553 2451 1707 2478 columnam
1721 2458 1782 2478 atu-

993 2502 1157 2537 plcctentem
1162 2521 1168 2527 .

1027 2546 1060 2574 L.
1079 2545 1195 2578 Quidam
1211 2544 1282 2571 alius
1300 2545 1353 2571 iter
1368 2542 1469 2570 faciens
1485 2542 1519 2569 ab
1538 2541 1666 2573 Oriente,
1685 2540 1783 2568 incidit

992 2592 1020 2620 in
1035 2592 1167 2624 latrones,
1181 2590 1227 2625 qui
1242 2597 1305 2617 cum
1318 2589 1342 2616 ei
1358 2589 1460 2624 plagas,
1475 2592 1505 2615 ut
1518 2595 1579 2615 cum
1594 2594 1671 2625 sacra
1684 2587 1776 2614 dicam

992 2639 1144 2674 Scriptura,
1162 2636 1368 2672 imposuissent,
1387 2643 1448 2670 qua:
1467 2641 1561 2662 secum
1582 2633 1712 2663 habebat,
1729 2640 1781 2660 au-

992 2686 1102 2718 ferunt;
1119 2684 1185 2720 quin
1200 2683 1283 2711 etiam
1299 2690 1361 2710 cum
1377 2681 1437 2716 ejus
1452 2687 1571 2716 genuum
1587 2686 1687 2707 nervos
1700 2686 1780 2706 exse-

991 2733 1122 2764 cuisscnt,
1146 2730 1305 2764 relinquunt
1329 2728 1552 2755 semimortuam.
1574 2726 1644 2753 Eum
1668 2725 1782 2760 quidam

992 2779 1112 2807 viatores
1135 2785 1198 2805 cum
1223 2775 1357 2803 vidissent
1381 2775 1422 2802 sic
1441 2774 1589 2809 jacentem,
1612 2777 1640 2800 et
1663 2771 1783 2806 benigne

991 2823 1178 2856 sustulissent,
1193 2822 1283 2849 ferunt
1298 2821 1325 2847 in
1342 2820 1525 2855 propinquam
1541 2818 1680 2845 civitatem
1693 2818 1782 2851 Ancy-

992 2879 1061 2906 ram,
1075 2876 1103 2900 et
1116 2870 1143 2898 id
1159 2868 1280 2899 civitatis
1291 2867 1422 2903 episcopo
1435 2865 1601 2902 signiﬁcant,
1615 2872 1630 2892 a
1643 2871 1699 2899 quo
1712 2863 1781 2890 mul-
