2049 3151
214 136 284 169 1035

778 133 971 164 ADDEN’DA.
992 147 1026 152 —
1042 134 1257 166 DECEMBER.

1780 135 1849 167 1036

209 201 255 223 tus
271 197 314 222 est
331 193 437 220 ratione
455 195 483 218 et
499 190 650 226 sapientia,
667 195 695 218 et
713 189 812 218 deinde
829 191 914 219 cmlos
931 199 1002 226 quo-

1059 192 1147 220 πάντα
1165 191 1237 228 λόγῳ
1251 192 1298 220 καὶ
1311 192 1391 228 σοφίᾳ
1402 192 1619 228 δημιουργήσας,
1633 189 1692 219 εἶτα
1704 192 1752 219 καὶ
1767 194 1852 228 οὖρα·

210 247 266 275 que
281 238 434 271 inclinavit,
446 241 474 265 et
485 237 630 265 descendit
642 238 670 264 in
683 242 784 265 terram
795 238 829 271 “,
841 242 868 266 et
882 244 1006 266 mortuus

213 290 270 318 est,
288 289 316 313 ct
337 284 487 312 resurrexit
504 291 555 320 pro
571 284 652 312 nobis
663 305 670 317 ,
690 285 748 320 ipse
765 285 819 313 erit
835 285 978 313 vobiscum
999 293 1006 312 :

211 337 242 360 ut
256 331 366 367 sapiens
381 330 504 366 quidem,
520 338 569 358 vos
582 338 696 358 servans
726 339 742 358 a
758 331 896 366 maligno;
913 335 941 359 ut
955 331 1007 358 Do-

211 378 304 406 minus
321 381 428 408 autem,
446 376 479 404 ad
496 384 573 404 suam
589 383 759 404 conservans
775 376 961 410 voluntatem;
979 381 1008 404 ut

211 425 291 461 pater
304 431 381 457 vero,
397 423 420 451 si
435 423 507 451 forte
522 423 670 456 aberretis,
686 424 804 459 benigne
820 431 964 457 revocans,
978 427 1008 451 et

211 469 396 506 spiritualiter
414 469 493 496 uittas
513 469 592 496 nobis
612 469 781 503 extendens;
799 472 830 497 ut
847 474 940 496 autem
958 468 1004 504 qui

210 524 241 545 se
256 524 306 552 pro
321 516 402 544 nobis
415 515 449 543 ad
466 520 584 543 mortem
600 515 756 549 tradiderit,
771 523 820 543 vos
833 516 916 543 etiam
933 515 1007 542 inter

210 569 260 590 vos
274 562 393 589 invicem
407 561 555 596 conjunget
568 561 727 594 concordia,
740 565 768 588 et
780 561 891 593 efﬁciet,
905 566 935 588 ut
946 561 1008 589 sitis

210 616 296 636 unum
311 609 422 643 spiritu.
439 607 586 635 Sectemini
603 607 801 641 humilitatem,
821 607 922 635 servile
941 607 1009 635 obes

209 654 331 687 dientite,
350 658 439 682 amate
461 654 691 689 hospitalitatem,
707 654 854 690 jejunium,
872 653 1007 689 vigiliam,

208 705 411 737 paupertatem,
423 707 450 729 et
461 700 535 736 quod
546 705 587 728 est
600 701 721 735 primum
734 706 762 728 et
775 701 924 728 maximum
938 708 1008 736 prae.-

208 736 337 783 ceptum,
359 747 523 774 charitatem
543 754 625 781 ;quae
645 746 679 774 ad
699 747 829 782 pietatem
841 736 1008 782 \iertinent,

208 797 285 820 recte
301 796 401 820 tenete.
418 792 618 819 [hereticorum
637 792 742 820 zizania
759 797 871 825 cavete;
889 799 903 818 a
920 796 1008 819 matre

208 844 301 866 vestra
320 838 444 866 Ecclesia
463 838 576 866 minime
593 839 769 873 separemini.
788 839 816 867 Si
835 839 893 868 haec
911 840 1006 868 omnia

208 883 343 916 feceritis,
357 883 435 911 eritis
448 883 548 912 virtute
563 883 689 918 perfecti.

244 929 314 957 ων,
337 929 400 958 Haec
421 929 475 964 piis
496 929 582 957 labris
602 929 727 963 dictavit,
745 935 773 958 et
791 931 876 967 jussit
894 933 948 968 legi
970 933 1004 960 ab

210 975 342 1003 omnibus
359 975 518 1007 monachis,
534 975 672 1003 stantibus
687 975 720 1004 ad
737 977 872 1005 scalarum
888 979 1004 1014 gradus,

209 1025 238 1048 et
259 1020 427 1048 deﬁcntibus
450 1020 524 1048 illius
549 1021 763 1056 separationem.
786 1022 892 1051 Dicitur
912 1028 1004 1052 autem

209 1067 263 1094 hoc
283 1066 372 1094 visum
395 1073 457 1094 esse
478 1066 551 1094 circa
574 1074 655 1100 eum;
678 1075 776 1102 nempe
798 1069 887 1097 tribus
906 1069 1005 1098 diebus

209 1118 273 1141 ante
294 1118 429 1145 mortem,
447 1114 502 1149 jam
524 1113 615 1141 Inedia
632 1118 712 1142 nocte
729 1115 907 1143 concurrisse
924 1121 953 1143 et
970 1116 1005 1144 ad

209 1166 274 1186 cum
298 1159 460 1186 convenisse
483 1163 613 1193 sanctos,
637 1160 686 1194 qui
709 1160 823 1188 l‘ucrunt
845 1169 861 1189 a
883 1162 1004 1196 saeculo,

210 1204 370 1240 prophetas,
387 1204 541 1240 apostolos,
559 1210 705 1240 martyres,
724 1212 750 1235 et
769 1214 868 1235 omnes
885 1208 1006 1243 denique

210 1255 331 1284 sanctos,
345 1251 393 1286 qui
407 1255 435 1278 et
450 1259 578 1286 magnum
594 1251 715 1287 benigne
730 1253 896 1287 salutarunt,
911 1260 938 1282 et
950 1255 1008 1290 jus-

211 1301 311 1325 serunt
331 1305 395 1324 eum
419 1297 543 1325 divinum
567 1297 710 1326 celebrare
733 1300 907 1335 mysterium.
929 1300 1008 1334 Quod

212 1343 326 1378 quidem
342 1343 506 1376 celebravit,
523 1347 552 1371 et
570 1343 735 1372 intemerata
754 1345 812 1380 ipsa
829 1347 949 1381 sumpsit
965 1355 1008 1374 sa-

212 1393 373 1421 cramenta,
391 1393 419 1416 et
436 1389 470 1416 iis
487 1389 589 1424 quibus
608 1397 657 1424 par
673 1394 735 1418 erat
753 1392 897 1426 impertiit.
917 1394 1007 1428 Atque

210 1436 267 1470 jam
283 1434 395 1470 quidem
412 1442 528 1469 magnus
543 1440 698 1463 extremum
713 1437 812 1472 agebat
826 1438 966 1473 spiritum,
982 1443 1010 1467 et

212 1481 270 1515 ipse
284 1480 400 1508 antistes
414 1481 608 1516 episcoporum
619 1482 658 1516 (is
672 1487 732 1510 erat
747 1482 940 1519 Euphemius),
953 1485 1008 1520 jam

212 1526 286 1552 enim
304 1530 431 1553 mortuus
449 1531 509 1553 erat
526 1527 652 1561 Aeacius,
671 1535 733 1555 cum
751 1529 813 1556 aliis
828 1530 957 1558 veniebat
975 1531 1008 1558 ad

212 1571 434 1607 emigrationem.
452 1571 557 1600 Aderat
576 1577 668 1600 autem
688 1574 755 1602 Rais
774 1582 885 1611 quoque
905 1576 1010 1604 ﬁdelis-

212 1616 297 1649 sima,
315 1621 343 1644 et
358 1617 400 1644 vir
414 1618 524 1652 quidam
536 1639 543 1650 ,
558 1618 606 1653 qui
626 1619 821 1654 possidebatur
837 1629 852 1648 a
869 1621 1008 1655 daemone,

211 1663 345 1699 pergebat
362 1663 397 1691 ad
413 1665 589 1698 columnam;
606 1665 653 1700 qui
670 1671 697 1693 et
715 1671 872 1694 sanctorum
890 1669 923 1695 ad
942 1677 1010 1696 san-

212 1713 288 1736 ctum
311 1709 460 1736 adventum
486 1710 630 1737 clamando
652 1716 747 1746 aperte
771 1713 962 1747 signiﬁcabat,
982 1719 1011 1742 et

213 1763 262 1783 eos
277 1755 336 1782 suis
349 1756 504 1790 appellabat
520 1756 699 1790 nominibus,
719 1762 747 1785 et
762 1758 903 1793 ipsorum,
920 1765 949 1787 ut
963 1760 1010 1794 qui

213 1802 417 1833 convenissent,
435 1802 600 1829 mcminrrat
615 1804 787 1838 angelorum.
804 1805 910 1833 Deinde
925 1808 1009 1834 etiam

213 1846 362 1882 adjiciebat
377 1847 436 1874 fore
452 1851 481 1874 ut
497 1847 576 1874 tertia
593 1848 661 1875 hora
678 1850 758 1884 hujus
772 1849 826 1878 diei
842 1851 900 1885 ipsc
915 1851 1009 1880 Daniel

213 1891 331 1920 excedat
353 1891 386 1918 ad
409 1891 569 1925 Dominum,
593 1898 621 1920 ct
645 1901 659 1920 a
683 1893 815 1922 diuturna
841 1896 1010 1924 habitatione

214 1937 376 1965 immundus
400 1937 555 1971 expellatur
579 1937 702 1972 spiritus.
728 1939 794 1972 Quae
819 1945 934 1975 utraque
960 1949 1010 1968 suo

213 1988 338 2017 tempore
362 1987 529 2010 evenerunt.
553 1982 619 2016 Quae
645 1984 724 2019 prius
750 1985 824 2013 dicta
851 1991 893 2014 est
918 1992 1008 2014 autem

213 2028 292 2060 nais,
309 2028 454 2064 magniﬁce
470 2029 586 2063 parabat
601 2037 634 2057 ea
651 2037 712 2065 qua:
727 2031 903 2065 pertinebant
917 2032 950 2059 ad
968 2040 1011 2059 se-

213 2077 374 2109 pulturam;
393 2080 422 2102 et
441 2082 503 2102 cum
526 2076 627 2103 multos
648 2076 809 2105 adduxisset
831 2078 966 2110 artiﬁces,
983 2083 1011 2106 ct

211 2121 340 2156 iussisset
357 2121 416 2148 ﬁeri
434 2122 570 2149 tumulum
588 2123 615 2149 in
632 2123 764 2151 inferiore
781 2129 858 2159 parte
876 2125 949 2151 basis
964 2133 1010 2152 co-

212 2167 314 2195 lumnae
326 2187 333 2199 ,
349 2172 376 2195 et
393 2175 480 2202 usque
498 2168 532 2196 ad
551 2168 708 2203 fastigium,
725 2170 823 2197 statuit
841 2177 874 2197 et
892 2175 1009 2205 utraque

1059 239 1122 269 νοὺς
1139 238 1242 270 κλίνας,
1258 237 1304 265 καὶ
1323 237 1462 264 κατελθὼν
1475 237 1520 264 ἐπὶ
1534 238 1595 272 γῆς,
1617 236 1665 264 καὶ
1685 237 1757 273 ὑπὲρ
1772 237 1852 273 ἡμῶν

1058 284 1148 311 θανών
1158 293 1188 311 τε
1203 284 1252 311 καὶ
1264 285 1394 316 ἀναστὰς,
1423 283 1505 315 αὐτὸς
1529 283 1608 310 ἔσται
1624 283 1684 317 μεθ’
1699 283 1778 318 ὐμῶν
1789 291 1797 298 ·
1811 283 1850 315 ὡς

1061 331 1111 366 μὲν
1123 331 1215 365 σοφὸς,
1231 330 1373 364 φυλάττων
1389 329 1498 357 ἀπὸτοῦ
1511 329 1641 365 πονηροῦ,
1657 329 1694 360 ὼς
1709 329 1738 355 δὲ
1753 329 1850 356 δεσπό-

1059 387 1108 414 της
1125 379 1164 410 είς
1180 379 1211 406 τὸ
1227 378 1312 405 αὐτοῦ
1334 377 1440 413 θέλημα
1464 377 1615 411 συντηρῶν,
1634 376 1672 408 ὡς
1686 376 1715 403 δέ
1730 376 1778 404 καὶ
1795 385 1850 404 πα-

1057 426 1122 461 τὴρ,
1139 424 1190 452 κᾶν
1210 425 1237 452 εί
1253 434 1279 452 τι
1290 425 1421 460 σφαλῆτε,
1437 423 1638 458 φιλανθρώπως
1658 423 1849 458 ἀνακαλούμε-

1059 480 1104 503 νος
1119 472 1165 498 καὶ
1182 471 1378 506 πνευματικῶς
1393 471 1458 506 ὑμῖν
1473 471 1523 500 τὶς
1536 469 1660 503 ἀγκάλας
1680 469 1777 496 ἁπλῶν
1787 478 1795 485 ·
1814 470 1851 501 ὥς

1059 519 1088 545 δέ
1103 518 1150 545 καὶ
1165 518 1236 553 ὑπὲρ
1263 517 1344 553 ἡμῶν
1358 518 1397 548 είς
1422 517 1539 544 θάνατον
1567 515 1720 550 προέμενος
1743 516 1849 548 ἑαυτὸν,

1060 565 1108 592 καὶ
1134 565 1207 599 ὑμᾶς
1232 563 1358 599 ἀλλήλοις
1383 563 1497 598 ὁμονοίᾳ
1517 563 1642 596 συνάψει,
1662 562 1708 588 καὶ
1725 562 1755 589 ἓν
1780 560 1850 589 εἶναι

1061 610 1268 645 παρασκευάσει
1282 609 1322 644 τῷ
1338 609 1488 644 πνεύματι.
1511 608 1774 644 Ταπιινοφροσὺνης
1789 608 1849 644 ἔχε-

1061 656 1120 688 σθε,
1135 656 1242 691 ὑπακοῇ
1254 655 1407 688 δουλεύετε,
1430 655 1587 689 φιλοξενίας
1604 656 1695 690 ἐρᾶτε,
1710 654 1850 690 νηστείας,

1060 702 1224 738 ἀγρυπνίας,
1242 702 1448 737 ἀκτημοσύνης,
1471 703 1519 737 τῆς
1532 701 1644 737 πρώτης
1659 702 1706 728 καὶ
1718 702 1851 737 μεγίστης

1061 749 1114 776 τῶν
1122 748 1236 775 ἐντολῶν
1248 749 1370 783 ἀγάπης,
1381 749 1416 776 τὰ
1425 749 1493 784 πρὸς
1503 747 1742 783 εὑσέὗειανξὸρθῶς
1750 747 1851 782 ἔχοιτε,

1060 795 1095 822 τὰ
1110 794 1218 827 ζιζάνια
1236 794 1291 821 τῶν
1308 794 1455 830 αἱρετικῶν
1482 794 1660 829 φυλάττεσθε,
1679 793 1730 827 τῆς
1747 793 1852 829 μητρὸς

1062 840 1139 876 ὑμῶν
1162 841 1212 875 τῆς
1239 839 1402 876 Ἐκκλησίας
1429 839 1527 875 κομιδῆ
1557 840 1595 875 μὴ
1623 839 1785 876 χωρίζεσθε.
1803 839 1853 866 Ἂν

1022 873 1043 902 Β
1058 887 1146 915 ταῦτα
1164 887 1255 913 πάντα
1271 887 1378 922 ποιῆτε,
1391 886 1491 912 τέλειοι
1507 886 1556 921 τὴν
1575 886 1676 921 ἀρετὴν
1692 885 1797 912 ἔσεσθε.

1093 930 1155 958 ΝΔ’.
1171 930 1264 957 Ταῦτα
1287 930 1423 965 φιλοθέοις
1449 929 1571 965 χείλεσιν
1595 931 1782 965 ὑπηγόρευσε,
1801 931 1851 957 καὶ

1057 975 1307 1011 ὑπαναγνωσθῆναι
1322 976 1391 1002 πᾶσι
1405 975 1461 1007 τοῖς
1479 976 1608 1010 μοναχοῖς
1627 975 1767 1008 ἐκέλευσε,
1787 977 1853 1011 περὶ

1056 1023 1120 1053 τοὺς
1149 1021 1272 1057 βαθμοὺς
1296 1021 1345 1057 τῆς
1375 1021 1511 1056 κλίμακος
1540 1022 1708 1056 ἱσταμένοις,
1737 1023 1785 1048 καὶ
1804 1021 1849 1047 τὸν

1059 1069 1166 1096 ἐκείνου
1197 1067 1339 1103 χωρισμὸν
1366 1067 1589 1103 ὀλοιρυρομὲνοις.
1623 1068 1744 1102 Λέγεται
1759 1068 1786 1094 δὲ
1803 1069 1850 1094 καὶ

1058 1113 1138 1140 τοῦτο
1154 1112 1221 1147 περὶ
1246 1113 1328 1139 αὑτὸν
1342 1112 1473 1148 θεαθῆναι
1502 1114 1577 1148 τρισὶ
1601 1113 1734 1148 πρότερον
1746 1113 1796 1148 τῆς
1809 1123 1853 1140 τε-

1059 1157 1156 1193 λευτῆς
1172 1157 1308 1192 ἡμέραις·
1336 1157 1433 1189 νυκτὸς
1461 1157 1511 1194 ἤδη
1540 1159 1676 1194 μεσούσης
1690 1160 1854 1195 συνδραμεῖν

1060 1203 1166 1236 πάντας
1180 1205 1228 1230 καὶ
1245 1204 1315 1239 πρὸς
1328 1203 1410 1231 αὑτὸν
1433 1204 1592 1240 ἀπαντῆσαι
1604 1206 1668 1236 τοὺς
1683 1206 1731 1233 ἀπ’
1753 1206 1851 1238 αἰῶνος

1059 1250 1164 1284 ἁγίους,
1185 1251 1338 1286 προφήτας,
1355 1250 1532 1284 ἀποστόλους,
1561 1251 1707 1287 μάρτυρας
1724 1253 1771 1279 καὶ
1786 1253 1854 1279 πάν-

1059 1304 1109 1327 τας
1135 1295 1238 1327 ὁσίους,
1254 1295 1324 1322 ἀλλά
1340 1298 1387 1324 καὶ
1413 1295 1544 1330 δυνάμεις
1555 1297 1632 1328 τινας
1649 1298 1804 1333 οὐρανίους,
1828 1298 1853 1325 οἶ

1061 1342 1232 1377 φιλοφρόνως
1261 1342 1308 1368 τὸν
1340 1342 1429 1377 μέγαν
1454 1342 1621 1378 ἠσπάζοντο,
1649 1344 1696 1370 καὶ
1715 1344 1763 1380 τὴν
1777 1345 1852 1371 θείαν

1061 1387 1218 1414 ἐπιτελέσαι
1245 1388 1442 1422 μυσταγωγίαν
1469 1389 1634 1424 ἐπέτρεπον,
1655 1390 1690 1425 ἢν
1707 1391 1754 1417 καὶ
1773 1390 1853 1425 ὤφθη

1061 1434 1174 1467 τελέσας
1188 1431 1316 1467 αὐτός’τε
1331 1436 1385 1463 τῶν
1397 1437 1538 1471 ἀχράντων
1554 1439 1712 1474 μυστηρίων
1730 1440 1852 1474 μεταλα-

1061 1482 1118 1508 ϐὼν
1131 1482 1178 1509 καὶ
1196 1482 1391 1517 μεταδεδωκὼς
1407 1481 1447 1515 οἷς
1463 1481 1497 1518 ἦν
1513 1484 1596 1515 ἀξιον.
1617 1485 1696 1519 Ἀρτι
1711 1485 1760 1520 μέν
1778 1483 1824 1513 οὖν
1839 1485 1853 1512 ὁ

1024 1545 1045 1573 C
1063 1527 1149 1563 μέγας
1173 1529 1238 1561 περὶ
1250 1527 1299 1559 τὰς
1315 1529 1431 1563 ἐσχάτας
1447 1530 1603 1573 ἀναπνοὰςῗ
1616 1527 1660 1566 ἦν,
1678 1531 1725 1557 καὶ
1743 1531 1825 1563 αὐτὸς
1838 1533 1852 1558 6

1062 1573 1116 1600 τῶν
1133 1573 1230 1609 ιερέων
1250 1574 1394 1609 πρόεδρος,
1416 1575 1558 1610 Εὖφήμιος
1577 1572 1654 1607 οὗτος
1667 1573 1700 1611 ἦν
1718 1576 1784 1612 (ἥδη
1798 1576 1854 1612 γὰρ

1068 1619 1195 1651 Ἀκάκιος
1221 1620 1393 1654 ἐτεθνήκει),
1427 1621 1497 1655 μετὰ
1521 1622 1576 1648 τῶν
1590 1622 1630 1653 είς
1644 1622 1694 1656 τὴν
1719 1623 1852 1658 ἐκδημίαν

1063 1664 1166 1700 παρῆν¹
1194 1666 1284 1701 παρῆν
1304 1665 1331 1692 δὲ
1354 1667 1401 1692 καὶ
1420 1667 1436 1700 ὴ
1455 1667 1606 1701 πιστοτάτη
1638 1666 1724 1700 Ῥαὶς,
1749 1669 1796 1694 καί
1811 1677 1855 1700 τις

1061 1709 1131 1744 ἀνὴρ
1159 1710 1268 1744 δαίμονι
1297 1710 1412 1745 κάτοχος
1429 1710 1496 1745 πρὸς
1510 1711 1556 1737 τον
1580 1711 1678 1738 στῦλον
1699 1711 1809 1746 ἐχώρει,
1824 1711 1853 1741 ὃς

1061 1757 1112 1792 τήν
1126 1765 1155 1783 τε
1173 1755 1228 1782 τῶν
1246 1756 1332 1788 ἁγίων
1347 1755 1496 1791 ἐπιδημίαν
1513 1756 1562 1791 τὴν
1572 1756 1640 1791 προς
1655 1756 1702 1783 τὸν
1716 1757 1788 1783 ὅσιον
1802 1766 1854 1790 φα-

1063 1803 1149 1838 νερῶς
1167 1802 1245 1833 ἐϐόα.
1273 1803 1403 1837 ὀνομαστί
1429 1812 1457 1829 τε
1472 1803 1584 1835 τούτους
1607 1803 1711 1837 ἐκάλει,
1738 1805 1786 1831 καὶ
1801 1805 1855 1832 τῶν

1062 1848 1187 1881 ἀγγέλων
1202 1848 1240 1879 ὡς
1251 1848 1408 1883 δραμόντων
1437 1849 1580 1884 ἐμέμνητο
1592 1869 1599 1882 ,
1624 1848 1686 1877 εἶτα
1703 1851 1752 1877 καὶ
1770 1860 1856 1886 προσ-

1063 1894 1145 1920 ετίθει
1160 1894 1201 1920 ὅτι
1218 1894 1312 1928 τρὶτην
1324 1894 1399 1928 ὤραν
1415 1895 1462 1929 τῆς
1475 1895 1582 1930 ἡμέρας
1601 1896 1718 1931 ἐχούσης
1732 1897 1814 1928 αὐτός
1824 1905 1856 1924 τε

1062 1938 1133 1973 πρὸς
1144 1939 1246 1974 Κύριον
1259 1940 1272 1965 ὸ
1286 1939 1386 1974 Δανιὴλ
1397 1941 1585 1973 ἐπελεύσεται,
1601 1943 1647 1968 καὶ
1657 1943 1687 1968 τὸ
1699 1943 1856 1977 ἀκάθαρτον

1063 1985 1173 2019 πνεῦμα
1189 1985 1239 2019 τῆς
1259 1986 1370 2020 χρονίας
1381 1987 1514 2020 οίκήσεως
1529 1987 1696 2022 θεοκινήτως
1713 1989 1855 2023 ἀπελαθή-

1064 2039 1150 2063 σεται,
1171 2030 1189 2058 ἃ
1205 2031 1236 2065 δὴ
1252 2031 1297 2058 καὶ.
1313 2031 1458 2066 ἀμφότερα
1474 2032 1546 2059 κατὰ
1561 2033 1608 2059 τὸν
1620 2034 1716 2069 καιρὸν
1732 2035 1853 2069 ἀπήντα.

1068 2077 1100 2102 'H
1127 2076 1219 2111 μέντοι
1235 2078 1425 2113 προῤῥηθεῖσα
1452 2078 1529 2110 Ῥαὶς
1543 2079 1695 2116 φιλοτίμως
1726 2081 1761 2107 τὰ
1786 2081 1854 2116 πρὸς

1062 2122 1151 2156 ταςὴν
1167 2122 1288 2157 ἐνήργει,
1307 2124 1354 2149 καὶ
1372 2124 1485 2158 συχνοὺς
1497 2124 1552 2150 τῶν
1566 2126 1696 2160 τεχνιτῶν
1711 2126 1855 2160 ἀγαγοῦσα

1064 2168 1189 2203 στύρακα
1208 2177 1238 2194 τε
1255 2168 1385 2203 γενέσθαι
1401 2170 1579 2204 προστάξασα
1592 2171 1715 2197 κάτωθεν
1729 2171 1777 2198 τοῦ
1793 2171 1856 2198 στύ-

212 2218 292 2249 parte
312 2214 410 2241 tumuli
429 2215 574 2248 homines,
593 2214 641 2250 qui
661 2214 736 2242 faces
752 2215 875 2248 ferrent,
894 2220 922 2243 et
939 2217 1008 2243 lam-

1061 2213 1107 2240 λου
1129 2213 1234 2248 βάσεως
1252 2213 1300 2240 καὶ
1328 2214 1408 2250 μέχρι
1437 2215 1487 2248 τῆς
1515 2216 1637 2251 κορυφῆς
1661 2216 1808 2252 δᾳδούχους
1824 2215 1855 2248 ἐξ

213 2259 300 2296 pades
317 2264 444 2287 tenerent
461 2259 602 2293 manibus,
617 2265 645 2288 et
661 2268 693 2288 ea
710 2266 852 2293 canerent,
869 2269 930 2296 qua:
946 2262 1008 2289 cani

213 2306 305 2334 solent
323 2305 350 2332 in
370 2305 496 2333 decessu.
514 2305 640 2341 Cumque
658 2306 704 2333 illa
721 2314 823 2342 corpus
841 2307 912 2334 infra
929 2307 1009 2335 detu-

212 2351 291 2379 lisset
303 2371 311 2385 ,
329 2351 356 2379 in
374 2352 502 2386 plumbeo
519 2351 547 2379 id
566 2351 643 2386 ponit
661 2352 767 2385 loculo,
785 2353 812 2380 in
830 2352 883 2380 hoc
900 2361 1011 2388 quoque

215 2405 330 2426 servans
357 2397 450 2432 magni
477 2397 600 2425 Danielis
626 2402 835 2426 testamentum.
860 2399 908 2427 Ille
934 2400 1009 2427 enim

215 2443 358 2470 mandavit
378 2443 531 2478 discipulis,
557 2451 606 2471 seu
631 2444 824 2478 imperatores,
849 2452 897 2472 seu
920 2453 1008 2480 rcges,

214 2495 263 2517 aut
279 2489 326 2516 ulli
345 2490 402 2523 alii,
417 2497 445 2517 se
462 2490 580 2527 invicem
596 2497 728 2524 superare
742 2491 912 2518 contendant
925 2491 952 2518 in
966 2491 1009 2518 lo-

215 2536 270 2563 culi
294 2541 407 2571 sumptu
431 2541 460 2563 et
482 2536 705 2571 magniﬁcentia,
729 2536 815 2564 nolite
837 2537 978 2572 suscipere
1001 2546 1008 2564 :

215 2581 263 2609 sed
283 2581 339 2609 illic
358 2586 386 2609 et
405 2581 446 2609 sic
464 2589 566 2616 corpus
587 2581 687 2615 deponi
709 2581 803 2612 sinite,
822 2581 867 2608 ubi
889 2587 917 2609 et
939 2589 1010 2616 quo-

217 2627 300 2654 modo
316 2627 436 2655 voluerit
456 2627 523 2656 Rais
543 2627 712 2655 ﬁdelissima.
732 2628 794 2656 Hec
813 2635 880 2664 ergo
900 2632 1010 2663 peracta

215 2677 290 2704 sunt,
306 2678 334 2700 et
349 2675 480 2709 expulsus
494 2678 537 2702 est
553 2673 712 2702 immundus
727 2675 843 2708 damon,
859 2682 922 2703 cum
940 2675 1010 2702 nnti-

217 2721 274 2745 tum
290 2719 431 2748 hominem
449 2720 651 2755 discerpsissct.

251 2763 304 2792 LV.
319 2765 404 2792 Porro
413 2771 505 2793 autem
518 2765 643 2800 quaedam
654 2774 765 2802 quoque
775 2766 829 2794 alia
836 2766 933 2794 en‘ecta
945 2771 1010 2794 sunt

254 2853 274 2868 “
291 2852 363 2880 Psal.
386 2860 452 2887 xvu,
471 2854 515 2881 10.

1063 2260 1197 2295 ἐκατέρου
1223 2260 1324 2295 μέρους
1350 2261 1398 2286 τοῦ
1428 2260 1561 2295 στύρακος
1590 2261 1768 2297 περιέστησε,
1794 2263 1854 2294 ταῖς

1061 2308 1139 2343 χερσὶ
1155 2306 1300 2342 λαμπάδας
1324 2308 1490 2341 κατέχοντας
1508 2309 1555 2335 καὶ
1575 2307 1689 2342 ᾄδοντας
1703 2309 1738 2334 τὰ
1752 2307 1853 2341 eadem,

1063 2352 1110 2378 καὶ
1121 2351 1192 2378 οὕτω
1215 2351 1260 2378 τὸν
1274 2352 1370 2386 νεκρὸν
1383 2351 1475 2387 ἐκείνη
1501 2352 1706 2387 κατενεγκοῦσα
1726 2354 1754 2380 ἐν
1780 2353 1853 2389 σορῷ

1061 2398 1153 2433 τίθησι
1167 2398 1327 2433 μολυϐδίνῃ,
1344 2398 1469 2430 σώζουσα
1480 2399 1531 2425 κάν
1540 2398 1628 2433 τούτῳ
1640 2399 1689 2434 τὴν
1703 2400 1750 2426 τοῦ
1767 2401 1854 2434 μεγά-

1062 2442 1109 2469 λου
1123 2442 1254 2474 διάταξιν.
1275 2442 1431 2477 Ἐπέσκηιζηε
1447 2443 1501 2478 γὰρ
1516 2445 1620 2475 ἐκεῖνος
1633 2447 1688 2476 τοῖς
1716 2445 1854 2480 μαθηταῖς

1062 2489 1102 2515 ὅτι
1118 2488 1295 2523 κᾶνβασιλεῖς
1310 2488 1362 2515 κᾶν
1375 2489 1449 2515 ἄλλοι
1466 2490 1537 2521 τινὲς
1549 2487 1605 2516 εῐεν
1620 2490 1775 2526 πολιτελείᾳ
1791 2492 1855 2526 περὶ

1062 2534 1112 2569 τὴν
1127 2534 1206 2569 σορδν
1231 2533 1396 2569 ὑπερϐαλεῖν
1416 2534 1552 2570 ἀλλήλους
1578 2535 1796 2569 φιλονεικοῦντες
1817 2537 1855 2573 μὴ

1063 2579 1277 2615 παραδέξασθαι,
1293 2579 1350 2607 ἀλλ’
1380 2581 1470 2607 ἐκεῖσε
1492 2581 1524 2616 δὴ
1538 2582 1583 2607 ml.
1603 2581 1690 2614 οὓτως
1714 2583 1745 2608 τὸ
1775 2583 1857 2618 σῶμα

1065 2625 1260 2661 κατατεθῆναι,
1287 2626 1351 2653 ἔνθα
1377 2626 1479 2663 δηλαδὴ
1504 2629 1550 2655 καὶ
1578 2627 1680 2664 ὅπωςὴ
1706 2630 1855 2665 πιστοτάτη

1071 2672 1146 2704 Ῥαὶς
1161 2672 1293 2708 βούλοιτο.
1309 2673 1365 2700 Καὶ
1376 2674 1390 2700 ὁ
1405 2674 1560 2709 ἀκάθαρτος
1571 2674 1676 2709 δαίμων
1691 2674 1776 2701 πολλὰ
1786 2682 1856 2701 σπα-

1067 2721 1152 2757 ράξας
1169 2720 1214 2748 τὸν
1230 2721 1374 2757 ἄνθρωπον
1387 2721 1572 2757 ἀπηλαύνετο.

1101 2767 1165 2795 ΝΕ’.
1181 2768 1235 2794 Καὶ
1245 2767 1312 2795 ἀλλα
1321 2767 1348 2794 δέ
1359 2776 1421 2794 τινα
1432 2768 1558 2795 θαύματα
1571 2768 1762 2804 κατεπράχθη.
1773 2768 1857 2804 Τρεῖς
