2049 3151
245 136 314 169 1037

791 141 879 171 VI'I‘A
897 140 950 170 SS.
971 140 1075 170 LVD/ﬁ
1093 141 1140 171 ET
1156 142 1306 174 DOMNE.

1792 151 1860 184 1038

242 195 296 231 γὰρ
309 195 342 222 δι’
366 196 491 230 ἀστέρων
511 197 644 232 σταυροῖις
665 197 766 233 ἡμέρας
783 198 865 233 οὔσης
882 199 930 225 τοῦ
946 199 1020 233 ἡλίου
1036 202 1047 229 ,Α

1074 199 1220 226 miracula.
1234 201 1302 228 Tres
1315 201 1388 228 enim
1413 209 1462 236 per
1473 203 1566 232 stellas
1582 212 1689 238 cruces.
1715 215 1777 234 cum
1802 210 1862 237 dies

241 239 431 274 λαμπρότατον
455 241 663 276 ἀπολάμποντος
687 242 736 268 σὺν
755 241 844 276 πολλῷ
863 241 902 276 τῷ
929 241 1022 268 κάλλει

240 287 286 313 καὶ
303 286 408 320 ἀνθηρᾷ
434 287 466 321 τῇ
482 286 553 321 αΰγῇ
576 287 694 322 φανῆναι
719 287 837 321 λέγεται,
855 288 901 314 καὶ
917 288 1023 318 τούτοις

239 331 331 358 ἐπάνω
345 331 394 366 τῆς
421 331 514 366 τιμίας
542 333 649 367 ἐκείνης
675 333 771 367 στῆναι
790 332 887 368 σοροῦ·
909 333 977 360 ἀλλὰ
990 332 1023 368 δὴ

239 377 286 402 καὶ
303 377 466 412 περιστερὰς
482 377 611 405 τπτασθαι
622 377 797 411 λευκοτάτας,
809 378 858 413 τὴν
872 379 915 406 ἀεὶ
928 378 1024 405 συνοῦ-

239 431 287 449 σαν
313 422 387 458 αὐτῷ
413 424 492 458 χάριν
507 423 640 457 δηλούσας
670 424 716 451 τοῦ
743 424 914 459 Πνεύμστος.
943 425 1022 452 οὕτω

239 468 288 502 μὲν
307 467 355 495 οὖν
371 469 402 495 τὸ
417 469 488 504 ἱερὸν
499 469 546 496 τοῦ
561 470 660 505 Δανιὴλ
674 471 753 505 σῶμα
765 472 844 506 χερσὶ
854 470 900 497 τοῦ
912 470 1021 506 πρώτου

238 513 369 548 κατετέθη
384 515 544 549 ἀρχιερέως,
559 515 678 551 κάκείνῳ
693 516 773 542 πάλιν
790 516 824 542 τὰ
838 516 951 550 λείψανα
966 516 1022 543 τῶν

237 560 266 586 ὲν
276 559 414 587 Βαευλῶνι
424 561 509 596 τριῶν
522 562 625 589 παίδων
635 562 738 589 ἄνωθεν
746 563 873 598 ἐπετέθη,
885 563 933 590 τοῦ
945 563 1019 591 ὁσίου

239 607 285 633 καὶ
298 606 376 632 τοῦτο
387 607 576 642 ἐντειλαμένου
587 609 661 640 ὅπως
675 609 714 643 μὴ
727 609 766 643 τῷ
781 609 886 637 ἐκείνου
901 610 1021 646 λειψάνῳ

240 651 350 686 μᾶλλον,
371 652 438 679 ἀλλὰ
458 654 515 684 τοῖς
539 654 723 689 ἐπικειμένοις
738 655 813 690 αὐτῷ
831 656 1021 690 προσκυνῶσιν

238 698 262 723 οι
274 697 439 733 προσιόντες.
456 698 533 725 οὕτω
563 699 612 735 τῆς
628 700 802 736 ὰνϐρῳπίνης
814 701 894 736 δόξης
907 702 1020 729 ἔσπευδε

237 744 283 770 καὶ
304 745 374 779 μετὰ
393 746 522 780 τελευτὴν
546 747 560 773 ὁ
591 747 725 781 μακάριος
751 747 826 779 ξένος
851 748 1018 776 δείκνυσθαι.

235 789 361 822 Τοιοῦτος
385 791 399 817 ὁ
414 792 447 818 ἐκ
471 791 586 827 γενετῆς
601 792 639 827 τῷ
662 793 773 828 μεγάλῳ
793 790 856 828 βίος
873 794 954 830 μέχρι
973 796 1021 822 καὶ

235 835 365 870 τελευτῆς
375 844 381 851 ·
395 837 508 864 τοιαῦτα
523 838 556 864 τὰ
570 838 782 874 κατορθώματα.
797 839 855 872 Ὃς,
871 840 915 867 διὰ
928 840 1020 875 πάσης

234 881 377 916 ἀσκήσεως
394 883 442 908 καὶ
458 883 631 919 παντοδαπῆς
648 885 761 918 ἀγώνων
781 885 854 917 ἰδέας
871 885 956 912 ἐλθὼν
971 874 1018 914 καὶ
1036 874 1057 902 Β

234 926 371 959 τοσούτοις
384 928 538 963 διαλάμψας
552 928 645 964 ἔργοις
658 929 767 966 πλήρης
779 939 808 957 τε
821 932 930 968 ἡμερῶν
945 940 1018 967 γεγο-

233 969 287 1002 νὼς
301 971 354 998 τῶν
368 980 396 998 τε
409 973 586 1007 ἀνθρωπίνων
602 975 647 1001 καὶ
661 975 715 1001 τῶν
734 975 781 1003 τοῦ
799 977 967 1013 Πνεύματος,
988 980 1017 1007 ὲν

233 1017 306 1051 γήρᾳ
317 1016 392 1051 καλῷ
407 1017 534 1044 καταλύει
552 1018 598 1044 τὸν
612 1018 669 1053 βίον
685 1020 726 1052 είς
747 1021 910 1058 ὀγδοήκοντα
926 1031 1018 1058 παρα-

233 1061 324 1093 τείνας
340 1061 386 1096 ἐτη
401 1063 446 1088 καὶ
461 1063 550 1098 μῆνας
562 1065 647 1099 τρεῖς.

269 1107 340 1140 ΜΤ.
354 1108 422 1135 Φασὶ
432 1108 460 1134 δὲ
482 1109 563 1138 αὑτὸν
578 1110 625 1137 καὶ
651 1111 701 1143 τὰς
717 1113 814 1147 τρίχας
829 1114 876 1148 τῆς
893 1115 1017 1150 κεφαλῆς

233 1153 358 1180 τοσοῦτον
373 1155 499 1188 γενέσθαι
511 1156 548 1191 τῷ
557 1156 647 1192 χρόνῳ
661 1158 827 1194 κατάκομον,
841 1161 878 1192 ὼς
887 1163 1016 1197 τέσσαρσι

236 1200 284 1234 μὲν
307 1201 470 1235 διαιρεῖσθαι
497 1201 667 1238 βοστρύχοις,
697 1204 728 1230 τὸ
743 1204 771 1231 δὲ
792 1206 879 1240 μῆκος
906 1208 952 1234 καὶ
977 1209 1018 1239 εἰς

233 1247 330 1280 πέχεις
345 1246 480 1282 τέσσαρας
496 1249 708 1283 παρατείνεσθαι
720 1258 727 1265 ·
745 1251 829 1285 βαθὺς
854 1252 883 1278 δὲ
909 1254 957 1280 καὶ
971 1253 1018 1280 τὸν

232 1292 351 1326 πώγωνα
363 1290 395 1328 ἧν
408 1294 447 1325 είς
453 1293 500 1320 δύο
508 1296 554 1321 καὶ
565 1295 658 1323 τοῦτον
669 1296 833 1332 βοστρύχους
845 1298 913 1333 ἔχων
923 1299 1018 1335 διῃρη-

234 1338 324 1372 μένον.
359 1339 476 1371 Ἐκεῖνος
507 1341 557 1375 μὲν
580 1340 649 1368 οὕτω
678 1341 763 1378 ζήσας
792 1345 1016 1372 ἐπανεπαύσατοι

232 1384 299 1417 ἡμῖν
311 1383 338 1410 δὲ
365 1385 518 1419 ἀρχέτυπον
534 1386 636 1420 ἀγαθὸν
648 1388 694 1414 τὸν
716 1389 815 1416 ἑαυτοῦ
835 1390 1014 1418 καταλέλοιπε

233 1429 300 1462 βίον,
314 1430 362 1464 οὐχ
377 1430 420 1456 fta
436 1431 516 1465 μόνον
530 1432 687 1468 ἐπαινῶμεν
706 1434 722 1469 ἢ
744 1435 792 1460 καὶ
818 1436 1016 1472 Θαυμάζωμεν,

231 1474 298 1500 ἀλλὰ
313 1476 359 1502 καὶ
374 1474 410 1506 ὡς
424 1475 537 1503 δυνατὸν
551 1477 711 1512 μιμώμεθα.
732 1479 761 1506 '0
774 1480 823 1515 μὲν
838 1480 892 1515 γὰρ
908 1481 1018 1514 ἔπαινος

232 1521 300 1556 πρὸς
318 1521 400 1548 αὐτὸν
419 1522 533 1557 φέρεται
548 1523 645 1558 μόνον·
662 1526 679 1560 ἡ
695 1525 723 1551 δὲ
740 1525 856 1561 μίμησις
872 1527 926 1553 τῶν
941 1527 1016 1561 ὸφει-
1030 1543 1052 1572 c

231 1567 352 1602 λομένων
369 1568 444 1604 αὐτῷ
474 1569 586 1603 ἀγαθῶν
611 1570 658 1596 καὶ
684 1571 757 1605 ἡμᾶς
778 1571 903 1606 μετέχειν
931 1581 1019 1608 παρα-

233 1614 364 1646 σκευάζει
379 1615 473 1650 χάριτι
494 1615 542 1642 καὶ
554 1615 746 1652 φιλανθρωπίᾳ
763 1617 810 1644 τοῦ
825 1618 926 1653 Κυρίου
940 1619 1020 1654 ἡμῶν

237 1658 327 1693 Ἰησοῦ
343 1659 464 1694 Χριστοῦ
475 1680 484 1694 ,
507 1657 529 1694 ᾧ
544 1661 560 1696 ἡ
575 1661 639 1694 δόξα
658 1663 706 1688 καὶ
726 1662 757 1688 τὸ
780 1664 882 1697 κράτος
911 1663 957 1690 νῦν
973 1666 1020 1692 καὶ

231 1704 286 1738 ἀεὶ,
300 1705 347 1732 καὶ
360 1705 402 1738 εἰς
413 1706 476 1739 τοὺς
494 1706 596 1740 αιῶνας
609 1707 663 1735 τῶν
674 1707 789 1735 αἰώνων.
814 1708 911 1744 Ἀμήν.

1074 246 1148 270 esset
1159 248 1185 270 et
1195 243 1234 271 sol
1244 245 1353 273 luceret
1365 246 1543 280 clarissimus,
1555 257 1617 276 eum
1626 258 1732 279 summa
1742 254 1864 288 pulchri-

1076 289 1170 316 tudine
1181 293 1209 316 ei.
1224 289 1368 324 splendore
1385 292 1514 321 dicuntur
1525 296 1698 330 apparuisse,
1713 303 1742 326 et
1753 300 1862 329 stetisse

1074 340 1157 367 super
1171 335 1322 368 pretiosum
1336 336 1411 364 illum
1432 338 1551 366 loculum
1563 361 1569 367 .
1580 340 1651 374 Quin
1664 343 1748 372 etiam
1770 346 1861 374 volas-

1073 386 1103 406 se
1118 379 1252 407 columbae
1281 381 1491 416 candidissima,
1520 393 1580 420 quae
1609 394 1671 415 eum
1696 397 1730 418 eo
1753 398 1862 428 semper

1073 429 1125 457 est,
1139 425 1252 459 gratiam
1269 426 1387 461 Spiritus
1400 428 1602 464 signiﬁcantes.
1620 433 1666 462 Sic
1675 442 1740 471 ergo
1751 425 1859 467 sacrum

1048 469 1054 476 '
1074 470 1141 498 illud
1155 477 1254 506 corpus
1266 472 1385 501 Danielis
1419 474 1572 510 depositum
1585 478 1637 506 fuit
1660 469 1786 510 manibus
1809 485 1863 520 pri-

1075 516 1113 543 mi
1133 518 1288 552 pontiiicis.
1308 519 1414 548 Rursus
1432 521 1472 548 illi
1486 530 1594 559 quoque
1608 525 1720 555 fuerunt
1746 516 1860 565 imposi-

1073 564 1108 588 tae
1119 562 1243 597 reliquiae
1259 562 1340 590 trium
1355 571 1515 599 puerorum,
1535 568 1580 602 qui
1603 576 1682 598 erant
1712 562 1860 610 Babyione,

1073 613 1136 634 cum
1151 607 1191 635 sic
1205 608 1332 643 jussisset
1346 615 1466 644 sanctus,
1480 620 1514 640 ne
1548 621 1602 642 tam
1625 615 1699 644 illius
1720 607 1860 655 reliquias,

1072 661 1153 688 quam
1177 662 1226 682 eos
1251 655 1390 690 quierant
1408 657 1433 685 ei
1459 658 1590 694 impositi,
1615 662 1763 692 adorarent
1784 673 1863 695 acce-

1073 698 1169 727 dentes
1179 720 1186 727 .
1200 699 1246 728 Sic
1257 707 1369 729 sanctus
1383 703 1417 730 ab
1427 703 1546 732 humana
1573 707 1659 741 gloria
1683 710 1790 738 studuit
1816 720 1862 740 os-

1073 746 1148 782 tendi
1164 746 1269 774 alienus
1279 748 1362 775 etiam
1377 754 1438 783 post
1449 749 1591 780 decessum
1605 773 1612 780 .
1631 753 1705 782 Talis
1730 757 1783 784 fuit
1804 758 1860 786 vita

1072 792 1163 826 magni
1181 791 1301 820 Danielis
1320 793 1354 822 ab
1368 799 1430 822 ortu
1447 803 1533 831 usque
1557 798 1591 825 ad
1606 799 1767 836 decessum;
1797 804 1861 832 talia

1072 837 1132 872 ejus
1142 839 1355 868 suntbenei'acta
1366 860 1373 868 .
1382 841 1433 874 Qui
1443 849 1505 870 cum
1518 844 1631 872 obiisset
1647 854 1757 875 omnem
1780 858 1860 878 exer-

1071 882 1240 917 citationem,
1269 889 1297 912 ct
1333 893 1415 914 onme
1441 895 1527 922 genus
1555 893 1722 926 certaminis,
1748 898 1776 922 et
1804 900 1858 924 tam

1070 928 1165 955 multis
1177 929 1268 957 clarus
1279 930 1377 958 fuisset
1396 932 1535 966 operibus,
1549 935 1664 964 eirectus
1676 939 1774 973 plenus
1799 941 1860 969 die-

1069 980 1142 1005 rum,
1159 977 1214 1000 tam
1236 974 1431 1009 humanorum,
1458 985 1540 1013 quam
1570 982 1693 1016 spiritus,
1721 985 1748 1012 in
1779 994 1860 1015 sene-

1070 1022 1147 1046 ctute
1161 1018 1231 1046 bona
1250 1021 1358 1048 excedit
1370 1028 1385 1048 e
1400 1022 1466 1055 vita,
1480 1031 1542 1052 cum
1557 1026 1591 1054 ad
1605 1031 1801 1064 octogesimum
1812 1040 1861 1060 an-

1069 1071 1134 1091 num
1149 1065 1316 1099 pervenisset
1334 1071 1362 1094 et
1387 1075 1494 1098 meum
1508 1075 1578 1100 tres.

1105 1108 1177 1137 LVI.
1200 1110 1284 1139 Aiunt
1310 1117 1402 1141 autem
1429 1123 1493 1144 eum
1515 1125 1625 1154 quoque
1640 1121 1746 1156 capillis
1759 1124 1859 1159 capitis

1069 1163 1199 1190 processu
1222 1160 1353 1194 temporis
1367 1160 1435 1189 adeo
1451 1164 1570 1192 evasisse
1584 1172 1732 1198 comatum.
1747 1174 1778 1198 ut
1790 1179 1842 1206 qua
1852 1186 1859 1192 -

1070 1202 1187 1238 drupiici
1216 1205 1326 1239 quidem
1341 1214 1417 1235 coma
1432 1208 1698 1247 discritninarentur.
1715 1202 1858 1251 longitudo

1070 1252 1162 1275 autem
1184 1257 1280 1277 corum
1308 1251 1343 1279 ad
1369 1258 1489 1287 quatuor
1517 1256 1624 1285 subitos
1649 1260 1858 1294 produceretur.

1070 1293 1158 1321 Barba
1175 1302 1284 1331 quoque
1296 1303 1356 1325 erat
1367 1299 1391 1325 ei
1408 1299 1504 1332 densa,
1521 1309 1581 1337 quae
1608 1303 1667 1338 ipsa
1689 1313 1800 1342 quoque
1817 1309 1858 1336 bi-

1069 1339 1165 1367 fariam
1195 1340 1452 1371 discriminahatur.
1481 1347 1570 1381 Atque
1585 1348 1631 1376 ille
1659 1339 1769 1385 quidem
1794 1361 1857 1382 cum

1069 1385 1110 1413 sic
1122 1386 1245 1418 vixisset.
1266 1390 1419 1424 requievit;
1437 1391 1517 1419 nobis
1539 1398 1629 1421 autem
1655 1397 1799 1430 pulchrum
1826 1408 1858 1428 c-

1069 1432 1192 1466 xemplar
1208 1440 1285 1460 suam
1299 1435 1409 1470 reliquit
1422 1437 1514 1470 vitam,
1530 1446 1585 1466 non
1600 1440 1687 1469 solum
1710 1447 1740 1470 ut
1763 1445 1858 1474 laude-

1069 1484 1141 1510 mus,
1155 1483 1202 1505 aut
1219 1479 1302 1506 etiam
1321 1485 1350 1507 ut
1364 1481 1542 1518 admiremur,
1568 1486 1615 1514 sed
1633 1493 1663 1515 ut
1678 1496 1729 1523 pro
1753 1491 1858 1520 viribus

1069 1530 1179 1557 quoque
1193 1523 1348 1553 imitemur.
1364 1526 1436 1555 Laus
1449 1530 1522 1557 enim
1538 1531 1571 1558 ad
1586 1540 1648 1560 eutn
1658 1534 1745 1563 fertur
1755 1537 1856 1571 solum,

1069 1567 1186 1596 imitatio
1199 1575 1290 1597 autem
1302 1579 1358 1598 non
1371 1572 1446 1606 facit,
1466 1577 1495 1601 ut
1506 1575 1593 1604 simus
1604 1579 1687 1606 etiam
1703 1567 1853 1617 participes

1070 1613 1216 1647 bonorum,
1232 1623 1291 1650 quae
1306 1617 1332 1644 ei
1363 1618 1519 1653 debentur;
1543 1624 1629 1657 gratia
1655 1631 1683 1652 et
1703 1613 1853 1656 elementis

1069 1658 1176 1686 Domini
1188 1662 1274 1689 nostri
1285 1662 1348 1690 Jesu
1362 1663 1478 1699 Christi,
1494 1668 1538 1694 cui
1564 1668 1649 1704 gloria
1677 1675 1704 1699 et
1732 1675 1853 1708 potentia

1069 1711 1130 1732 cum
1142 1705 1221 1734 Patre
1234 1708 1305 1742 ejus,
1318 1709 1365 1744 qui
1378 1716 1452 1738 caret
1467 1713 1611 1749 principio,
1624 1722 1654 1744 et
1682 1705 1855 1748 sanctissimo

1070 1756 1098 1779 et
1114 1752 1186 1780 bono
1201 1759 1228 1782 et
1244 1755 1352 1784 viviﬁco
1366 1757 1426 1793 ejus
1441 1758 1556 1794 Spiritu,
1581 1769 1654 1791 nunc
1682 1768 1711 1792 et
1734 1773 1855 1802 semper,

1069 1801 1098 1825 et
1113 1797 1141 1826 iu
1158 1800 1257 1828 saecula
1267 1802 1429 1831 saeculorum
1442 1825 1449 1832 .
1466 1805 1568 1834 Amen.

238 1871 1831 1902 W—

543 1931 859 1979 ΜΑΡΤΥΡΙΟΝ
895 1935 1010 1979 ΤΩΝ
1032 1933 1203 1993 ΑΓΙΩΝ
1242 1940 1540 1986 ΜΑΡΤΥΡΩΝ

623 2020 882 2088 ΙΝΔΟΥ
918 2021 1067 2089 ΚΑΙ
1103 2025 1454 2095 ΔΟΜΝΑΣ

438 2119 496 2152 ΚΑΙ
514 2120 583 2150 ΤΩΝ
593 2123 695 2152 APION
705 2125 896 2155 ΔΙΣΜΥΡΙΩΝ
913 2127 983 2154 ΤΩΝ
997 2127 1043 2155 ΕΝ
1068 2129 1288 2168 ΝΙΚΟΜΗΔΕΙᾼ
1316 2133 1639 2169 δΜΑΡΤΥΡΗΣΔΝΤΩΝ.

471 2267 840 2317 MARTYRIUM
868 2274 1227 2325 SANCTORUM
1257 2280 1597 2334 MARTYRUM

625 2371 884 2451 IND/E
931 2375 1056 2454 ET
1082 2380 1449 2463 DOMN/E

307 2497 359 2528 ET
383 2496 630 2530 SANCTORUM
663 2499 819 2531 VIGINTI
853 2502 1026 2535 MILLIUM
1065 2507 1133 2544 QUI
1161 2508 1402 2542 NICOMEDU‘E
1427 2513 1537 2547 PASSI
1572 2516 1674 2550 SUNT

397 2568 495 2600 (Latine
518 2571 584 2601 apud
609 2570 711 2597 Surium
728 2573 758 2598 ad
784 2572 851 2600 diem
867 2575 899 2601 26
916 2575 1081 2610 Decembris;
1100 2580 1185 2607 Graece
1198 2588 1229 2608 ex
1250 2585 1305 2610 uad.
1321 2584 1372 2615 :ms.
1389 2586 1453 2619 Reg.
1467 2587 1538 2621 i555,
1550 2597 1608 2616 me.
1619 2592 1680 2624 xxv.)

263 2699 302 2727 A'.
317 2699 395 2734 Ἀρτι
407 2700 582 2736 Μαξιμιανοῦ
593 2702 720 2739 δεύτερον
739 2704 800 2738 ἔτος
813 2706 926 2741 ἄγοντος
938 2709 966 2735 ἐν
978 2710 1011 2746 τῇ
1025 2710 1047 2741 1]

1101 2711 1128 2739 ί.
1146 2712 1308 2742 Maximiano
1320 2715 1376 2749 jam
1391 2717 1542 2746 secundum
1567 2727 1669 2750 annum
1696 2727 1794 2758 agente
1820 2724 1849 2754 in

235 2744 378 2781 Ῥωμαίων
393 2746 464 2782 ἀρχῇ
477 2747 525 2775 καὶ
547 2747 594 2774 τοῦ
607 2749 656 2785 τῆς
673 2750 800 2783 ἀσεϐείας
813 2753 948 2788 χειμῶνος
964 2744 1011 2791 χαί

1063 2757 1179 2793 imperio
1192 2759 1390 2795 Romanorum,
1419 2767 1447 2790 et
1469 2764 1616 2795 minitante
1641 2757 1753 2804 gravem
1778 2773 1849 2798 tem.

264 2803 568 2862 ξέιέωῆἕὲιῆιῖωξῗῖᾞη
583 2807 621 2834 ait
649 2807 847 2845 Metaphrastes
873 2813 1005 2842 celebrari
1026 2823 1081 2844 uno
1097 2816 1142 2845 die
1171 2822 1233 2852 post
1248 2818 1367 2847 natalem
1400 2819 1526 2856 Christi,
1547 2822 1770 2862 Martyrologium
1796 2825 1852 2856 Bo-

231 2845 340 2867 tnanum
351 2839 385 2867 28
396 2840 563 2870 Decembris.
