2049 3151
180 141 209 173 il)
216 143 249 173 3‘.)

743 138 935 170 ADDENDA.
950 148 984 157 ’-
1002 136 1216 167 DECEMBER.

1738 135 1807 167 1040

176 204 308 234 pestatem
325 197 482 232 impietatis,
501 202 525 224 et
551 205 611 223 mox
637 197 663 224 in
681 197 740 231 pios
765 200 910 232 erupturo,
929 195 968 222 sic

1020 194 1102 222 λεπδν
1116 194 1292 226 ἀπειλοῦντος
1306 194 1354 223 καὶ
1366 195 1427 222 ὅσον
1441 195 1519 222 οὗπω
1535 196 1603 223 κατὰ
1619 195 1672 222 τῶν
1687 195 1808 222 εὐσεϐῶν

173 251 283 279 quoque
303 243 436 270 ﬂorebant
465 243 577 277 quidem
606 251 650 270 res
673 242 908 275 Christianorum,
938 246 965 268 ct

173 290 234 317 lata:
251 294 329 317 erant
344 293 472 322 tanquam
490 288 516 314 in
532 288 733 323 jncundissimo
756 295 822 315 vere
836 287 946 322 pietatis
958 307 964 314 .

174 336 230 362 lloc
243 339 333 362 autem
347 341 394 360 ver
405 333 545 361 faciebam
561 334 607 361 alii
621 341 730 369 quoque
748 341 780 361 ex
795 333 965 365 orthodoxis,

173 381 219 416 qui
235 385 261 407 et
276 380 448 414 temporibus
460 385 542 406 erant
555 381 724 415 super'orcs,
741 385 768 406 et
780 379 890 414 pietatis
901 379 967 413 dog-

173 435 215 454 ma
229 430 322 461 aperte
334 426 469 453 canebant
479 426 551 453 sicut
565 426 681 453 cicadte:
696 434 750 460 prae
768 426 874 453 ereteris
900 432 966 452 vero

172 473 312 503 omnibus,
337 472 464 500 Ecclesia:
499 477 600 500 nostra:
625 473 729 500 musica
760 472 890 504 hirundo,
919 472 965 506 qui

172 523 286 555 propter
297 523 399 546 rectam
414 519 441 546 in
461 518 513 545 title
526 519 705 550 sententiam,
724 523 752 545 et
779 519 807 545 in
822 526 854 545 ea
871 519 965 545 dicen-

172 567 199 593 di
216 566 384 597 libertatem,
405 565 457 592 fuit
470 565 626 592 celebratus
640 565 776 600 Cyrillus.
795 565 820 592 ls
837 565 966 592 Nicome-

171 612 244 638 diam
258 612 383 638 moribus
396 611 482 646 magis
499 618 612 641 ornans,
636 620 718 646 quam
737 611 802 638 sede
816 611 965 646 episcopali

170 663 199 685 et
213 658 296 685 vitam
312 657 429 684 orationi
440 657 545 684 habens
553 657 782 688 consentientem.
800 658 965 684 monasteria

171 704 368 736 constituebat,
384 708 523 730 eteorum
542 711 636 730 euram
651 703 774 738 gerebat,
798 707 826 730 et
848 711 879 730 ea
905 710 967 737 quae

167 751 225 786 jam
238 750 308 777 facta
332 749 443 777 fuerant
457 749 615 783 continens,
633 754 660 776 et
675 756 746 776 nova
764 754 966 784 praetcrvctera

170 795 329 823 azdilicans.
348 796 490 823 Aeeensus
516 803 594 830 ergo,
621 803 754 823 accensus
784 796 873 823 fuerat
897 796 967 830 ignis

171 841 216 868 ille
231 841 353 875 pietatis,
373 841 408 868 de
431 848 487 876 quo
500 842 584 868 etiam
600 841 668 869 dicit
682 849 731 868 vox
745 842 836 876 regia:
852 851 861 867 ‹
874 841 965 877 Ignem

171 889 234 915 veni
254 889 364 915 mittere
380 888 408 914 in
427 892 547 915 terram:
563 892 591 915 et
611 889 676 922 quid
693 888 766 919 volo,
786 888 839 915 nisi
866 893 896 914 ut
924 895 969 914 ar-

171 934 254 961 deat?
269 943 278 959 ι
296 935 317 950 ¹³
334 934 385 967 Qui
401 933 484 961 etiam
499 938 603 960 tantum
629 938 673 961 est
696 935 827 966 nutritus,
857 939 885 961 et
908 937 969 960 tau-

172 985 229 1008 tum
248 980 374 1013 invaluit,
389 985 420 1006 nt
446 979 529 1007 etiam
549 979 583 1006 ad
611 979 698 1014 ipsam
716 980 827 1007 veniret
855 979 968 1014 regiam,

172 1031 201 1053 et
219 1026 313 1054 multis
326 1034 359 1053 ex
375 1026 409 1053 iis
420 1026 467 1060 qui
488 1030 569 1052 erant
586 1025 613 1052 in
644 1026 713 1060 ipsa,
736 1025 915 1060 persuaderet
939 1030 969 1052 ut

173 1073 270 1099 relicto
295 1079 363 1099 auro
389 1077 418 1099 et
429 1071 541 1103 divitiis,
557 1078 618 1106 qua:
648 1071 722 1098 hunc
747 1072 838 1106 ignem
864 1071 969 1098 exstin-

172 1121 270 1152 guuut.
284 1125 330 1144 eas
346 1117 372 1144 in
388 1124 486 1144 manus
499 1124 653 1152 pauperum
670 1117 862 1149 immitterent,
875 1116 966 1144 Citri—

172 1169 302 1198 stumque
317 1167 345 1191 et
358 1163 417 1198 ejus
428 1168 522 1198 partes
534 1163 647 1190 omnino
659 1168 860 1198 sequerentur.

207 1255 230 1282 ll
241 1274 248 1281 .
265 1255 335 1282 Cum
351 1256 411 1282 hac
426 1258 517 1282 autem
536 1254 687 1282 audivisset
708 1254 900 1288 Maximianus,
914 1262 968 1281 non

173 1304 254 1328 erant
274 1307 305 1327 ea
318 1299 432 1326 omnino
451 1298 621 1331 tolerabilia;
646 1298 694 1326 sed
715 1307 777 1326 cum
808 1299 892 1326 etiam
908 1299 970 1334 _du-

174 1347 236 1381 plex
250 1346 276 1373 ei
296 1346 398 1373 bellutu
415 1345 563 1380 erupisset,
578 1352 694 1378 quorum
722 1345 781 1379 ipse
803 1345 915 1379 quidem
937 1353 970 1371 u-

174 1401 240 1420 num
256 1393 383 1419 movebat
395 1397 488 1418 contra
503 1391 649 1426 pietatem,
673 1391 788 1418 alterum
815 1399 880 1417 vero
905 1398 970 1418 con-

176 1445 216 1466 tra
233 1440 324 1473 ipsum
349 1437 478 1472 quaedam
499 1441 606 1472 gentes,
633 1437 668 1464 ab
692 1445 725 1464 eo
742 1437 814 1464 bello
843 1437 969 1469 devictas,

173 1486 234 1520 ejus
251 1484 297 1511 ditt
314 1483 521 1511 distrahebatur
538 1484 646 1510 animus
659 1504 665 1510 .
691 1483 759 1512 Cum
778 1491 844 1510 vero
877 1484 968 1511 consi-

1018 241 1220 276 ὲχραγήσεσοαι
1235 241 1386 276 μέλλοντος,
1404 241 1480 276 ἠνθει
1495 241 1546 276 μὲν
1563 243 1609 268 καὶ
1622 242 1694 268 οὕτω
1706 242 1739 269 τὰ
1754 243 1810 269 τῶν

1017 285 1198 320 Χριστιανῶν,
1231 285 1278 312 καὶ
1304 285 1398 321 ὥσπερ
1418 288 1446 313 ἐν
1473 286 1573 321 ἡδίστῳ
1601 287 1650 321 τῆς
1665 287 1807 320 εὐσεϐείας

1018 330 1078 365 ἔαρι
1101 331 1303 366 φαιδρυνάμενα
1331 329 1375 367 ἦν.
1399 332 1485 358 Τοῦτο
1499 333 1527 358 δὲ
1544 333 1573 359 τὸ
1592 332 1642 368 ἔαρ
1659 333 1706 360 καὶ
1733 334 1805 361 ἄλλοι

1019 377 1068 411 μὲν
1097 377 1206 403 ἐποίουν
1233 377 1288 403 τῶν
1317 377 1463 412 ὀρθοδόξων
1482 379 1540 405 ὂσοι
1565 379 1613 405 καὶ
1635 379 1689 405 τῶν
1703 380 1786 414 καιρῦ
1793 389 1808 406 ν

1017 421 1148 456 ἀνώτεροι
1168 420 1248 456 ἦσαν,
1260 423 1307 450 καὶ
1319 423 1349 449 τὸ
1360 423 1447 456 δόγμα
1463 424 1514 458 τῆς
1527 424 1667 456 εὐσεϐείας
1681 425 1805 459 φανερῶς

1017 467 1079 504 ᾖδον
1095 469 1164 495 κατὰ
1179 469 1223 495 τὸν
1239 469 1360 503 τέττιγα,
1379 469 1431 504 πρὸ
1443 470 1471 496 δὲ
1483 471 1591 497 πάντων
1609 471 1625 505 ὴ
1642 472 1691 506 τῆς
1711 472 1811 506 ἡμετέ-

1018 524 1067 550 ρας
1088 515 1250 551 Ἑκκλησίας
1266 517 1384 551 μουσικὴ
1400 516 1521 550 χελιδὼν,
1536 518 1549 543 ό
1565 518 1648 549 πολὺς
1663 517 1713 552 τὴν
1727 517 1808 552 ὀρθο-

1016 561 1105 593 δοξίαν
1123 563 1170 588 καὶ
1180 563 1228 596 τὴν
1244 564 1290 589 ἐπί
1302 564 1404 598 ταύτην
1420 565 1576 600 παῤῥησίαν
1591 564 1736 599 Κύριλλος.
1757 561 1808 590 οῦ-

1017 606 1132 641 τος,τὴν
1149 607 1320 643 Νικομήδους
1346 609 1385 643 τῷ
1402 610 1495 644 τρόπῳ
1519 609 1620 644 μᾶλλον
1645 611 1660 644 ἢ
1685 610 1736 644 τῆς
1751 611 1809 636 ἑπι-

1018 652 1123 687 σκοπῆς
1140 653 1226 689 θρόνῳ
1245 655 1366 688 κοσμῶν,
1376 655 1422 682 καὶ
1439 656 1484 683 τὸν
1501 656 1557 690 βίον
1575 657 1675 692 δηλαδὴ
1687 656 1725 691 τῷ
1737 657 1810 691 λόγῳ

1020 697 1166 732 σύμφωνον
1181 699 1252 734 ἔχων
1263 720 1271 731 ,
1287 700 1349 734 ἱερὰ
1364 709 1394 727 τε
1418 702 1615 737 φροντιστήρια
1641 702 1807 737 συνεκρότει.

1019 746 1066 772 καὶ
1076 746 1250 781 ἁσκητηρίων
1268 748 1429 782 ἐπεμελεῖτο
1443 749 1477 775 τά
1493 757 1521 775 τε
1534 749 1584 784 ἤδη
1596 748 1730 783 γεγονότα
1748 757 1810 775 συν-

1017 791 1086 825 έχων
1105 791 1150 817 καὶ
1164 792 1246 818 καινὰ
1262 794 1318 824 τοῖς
1338 793 1461 825 παλαιοῖς
1475 794 1670 828 ὲποικοδομῶν.
1693 794 1811 828 ’Ᾱνῆπτο

1019 835 1076 869 οὖν,
1102 838 1207 872 ἀνῆπτο
1227 839 1257 865 τὸ
1272 839 1328 875 πῦρ
1344 840 1432 867 ἐκεῖνο
1450 840 1497 874 τῆς
1518 840 1674 872 εὐσεϐείας,
1698 840 1712 866 ὃ
1727 840 1772 866 καὶ
1791 841 1808 874 ἡ

983 865 1005 894 Β
1021 865 1080 911 θεία
1098 865 1165 920 φησὶ
1182 885 1229 911 καὶ
1519 865 1606 921 ιγίιῦρ
1621 865 1708 921 ἦλῐθνονγ

1020 932 1058 962 είς
1071 931 1119 966 τὴν
1137 932 1197 965 γῆν,
1225 932 1272 958 καὶ
1286 932 1313 958 τί
1328 932 1398 959 Θέλω
1410 933 1434 959 εί
1461 932 1512 967 ήδη
1529 932 1636 967 ἀνήφθη
1650 941 1658 965 ς
1676 941 1684 957 ι
1714 933 1747 958 '0
1763 933 1810 958 καὶ

1018 977 1146 1004 τοσοῦτον
1160 978 1264 1014 ἐτράφη
1278 979 1325 1005 καὶ
1341 979 1452 1013 ἴσχυσεν
1469 979 1506 1010 ὡς
1522 978 1569 1005 καὶ
1580 979 1670 1005 αὐτῶν
1686 978 1811 1005 ἐπιλαϐέ-

1020 1023 1082 1050 σθαι
1096 1024 1149 1051 τῶν
1163 1024 1308 1059 βασιλείων
1330 1025 1378 1051 καὶ
1396 1026 1508 1060 συχνοὺς
1522 1025 1576 1051 τῶν
1589 1024 1654 1060 περὶ
1667 1025 1736 1051 αὐτὰ
1750 1025 1809 1050 πεῖ-

1020 1079 1065 1097 σαι
1078 1071 1178 1105 χρυσὸν
1194 1071 1240 1097 καὶ
1259 1071 1372 1097 πλοῦτον
1387 1071 1516 1105 ἀφέντας,
1544 1071 1573 1102 ὃς
1598 1070 1677 1097 τοῦτο
1707 1071 1810 1105 μᾶλλον

1021 1117 1147 1144 σϐέννυσι
1166 1117 1196 1144 τδ
1214 1118 1280 1152 πῦρ,
1295 1118 1391 1152 χερσὶν
1413 1117 1504 1144 αὐτῶν
1516 1117 1640 1151 πενήτων
1651 1117 1811 1151 ὲγκαταθεῖ-

1020 1172 1075 1196 ναι,
1101 1165 1148 1191 καὶ
1173 1163 1250 1195 ὅλους
1263 1163 1381 1200 Χριστοῦ
1398 1164 1444 1191 καὶ
1469 1163 1520 1198 τῆς
1534 1162 1616 1190 αὐτοῦ
1643 1163 1750 1199 μερίδος
1764 1172 1811 1198 γε-

1020 1210 1124 1236 νέσθαι.

1055 1256 1092 1284 B'.
1111 1256 1204 1283 Ταῦτα
1227 1257 1255 1284 δὲ
1270 1257 1416 1285 ἀκούσαντι
1431 1257 1599 1293 Μαξιμιανῷ
1623 1257 1725 1284 ἀνεκτὰ
1740 1257 1809 1288 ὅλως

1019 1303 1070 1329 οὐκ
1086 1301 1131 1338 ἦν,
1148 1303 1216 1330 ἀλλὰ
1228 1304 1275 1330 καὶ
1290 1303 1384 1330 διπλοῦ
1400 1303 1473 1338 αὐτῷ
1490 1304 1709 1338 περιρραγέντος
1720 1298 1810 1330 νπολέο

1022 1356 1085 1383 μου,
1098 1346 1134 1374 ὧν
1148 1348 1194 1374 τὶν
1213 1348 1262 1382 μὲν
1278 1349 1359 1380 αὐτὸς
1372 1346 1405 1383 ἦν
1418 1348 1487 1374 κατὰ
1499 1349 1548 1383 τῆς
1563 1349 1704 1380 εὐσεϐείας
1718 1348 1812 1380 κινῶν,

1019 1394 1064 1419 τὸν
1072 1394 1098 1419 δὲ
1116 1393 1179 1428 ἔθνη
1190 1394 1251 1419 τινὰ
1266 1394 1334 1427 πρδς
1350 1394 1430 1420 αὑτὸν
1447 1395 1684 1429 ὲκπολεμωθέντα,
1702 1395 1813 1430 μερίζε-

1021 1448 1064 1466 ται
1079 1439 1128 1474 μὲν
1142 1439 1187 1465 ἐπὶ
1201 1439 1266 1465 πολὺ
1278 1439 1327 1474 τὴν
1343 1440 1443 1474 ψυχήν.
1469 1440 1653 1475 Λογιζὸμενος
1666 1441 1694 1467 δὲ
1710 1441 1813 1475 προσῆ-

1021 1495 1068 1512 κον
1080 1484 1148 1513 εἶναι
1169 1486 1198 1512 τὸ
1213 1487 1267 1512 τῶν
1283 1486 1430 1521 βαρϐάρων
1442 1488 1586 1522 πρότερον,
1604 1487 1650 1514 ἅτε
1668 1489 1714 1514 καί
1729 1487 1811 1522 φοϐε-

174 1531 299 1558 derassct
323 1534 451 1564 oportere
478 1530 554 1564 prius
582 1530 683 1556 bellum
701 1529 837 1557 conficere
865 1530 967 1557 Barba-

1021 1533 1149 1568 ρώτερον,
1168 1533 1323 1567 διενεγκεῖν,
1342 1534 1393 1559 Τὸν
1421 1535 1471 1568 τῆς
1485 1534 1627 1564 εὐσεϐείας
1649 1533 1727 1566 αὖθις
1743 1535 1811 1560 ἐπα-

174 1585 279 1608 rorum,
294 1577 406 1611 utquod
422 1581 495 1604 esset
507 1577 676 1605 terribilius:
695 1577 855 1612 Religionis,
869 1577 968 1612 inquit,

174 1623 277 1650 bellum
293 1630 422 1650 reversus
437 1627 497 1650 tuto
514 1622 639 1655 movebo,
668 1628 696 1650 et
721 1623 835 1657 pulchre
864 1623 969 1650 docebo

172 1677 235 1697 cum
250 1670 384 1704 majorum
402 1677 528 1696 meorum
544 1669 609 1701 diis,
634 1676 683 1696 eos
699 1670 744 1704 qui
767 1669 841 1704 ipsos
849 1669 971 1696 alliciunt

173 1715 360 1746 contumeliis,
372 1722 523 1749 numquam
539 1715 580 1742 eis
595 1719 648 1742 tam
660 1715 840 1742 vehementer
864 1720 892 1742 et
917 1721 971 1742 tam

174 1767 278 1789 temere
296 1761 448 1788 insultare.
463 1761 532 1787 Cum
558 1761 582 1787 is
596 1761 635 1788 sic
659 1761 770 1796 quidem
793 1766 822 1788 et
848 1761 922 1788 labra
943 1761 971 1788 in

174 1808 256 1834 corde
269 1807 373 1839 dolosa,
390 1812 417 1834 et
444 1806 563 1840 linguam
592 1807 723 1833 m0visset
750 1814 848 1841 magna
877 1811 905 1834 et
928 1814 973 1834 su-

175 1853 257 1888 perba
284 1853 455 1891 loquentem,
482 1859 610 1887 egressus
627 1857 670 1879 est
696 1857 791 1880 contra
817 1852 970 1880 Barbaros.

176 1898 287 1925 Piorum
310 1902 403 1924 autem
418 1897 461 1924 fax
484 1897 575 1924 adhuc
601 1898 688 1933 magis
708 1899 920 1931 accendebatur,
945 1903 973 1926 et

174 1943 276 1970 Christi
294 1943 396 1971 milites
408 1944 578 1978 parabantur
595 1943 629 1970 ad
652 1945 751 1972 aciem.
766 1945 839 1972 Inter
862 1952 909 1972 eos
922 1944 972 1971 ilo-

178 1989 232 2016 ruit
252 1990 314 2017 lmta
339 1991 463 2024 qumdam
481 1994 508 2017 et
521 1991 636 2025 pulchra
651 1991 742 2025 planta
758 1991 878 2027 pietatis,
898 1982 974 2027 virgo

176 2036 328 2063 admodum
361 2036 486 2071 pulchra,
507 2036 611 2065 Dorum
639 2038 762 2070 nomine,
788 2038 878 2073 gloria
907 2037 974 2065 insi-

175 2082 246 2117 gnis,
264 2082 291 2108 in
309 2081 432 2109 thalamo
465 2082 581 2111 educata
614 2084 803 2119 imperatorio,
827 2084 862 2111 ab
887 2084 973 2119 impio

177 2127 344 2162 imperatore
360 2127 393 2155 iis
404 2128 462 2163 3qui
479 2128 548 2156 falso
559 2129 748 2161 nominantur,
761 2129 821 2164 ejus
836 2129 890 2156 diis
907 2136 975 2156 con-

176 2179 294 2206 secrata,
318 2174 365 2209 qui
381 2175 507 2202 collocati
535 2180 615 2202 erant
630 2175 699 2203 intra
730 2175 851 2210 regiam:
867 2179 894 2201 et
911 2182 975 2201 con-

1020 1579 1171 1614 ναστρέψας
1185 1579 1325 1613 ἀσφαλῶς,
1345 1579 1407 1613 ἔφη,
1425 1580 1540 1615 κινήσω,
1554 1580 1600 1606 καὶ
1611 1580 1709 1613 διδάξω
1723 1579 1813 1612 καλῶς

1022 1626 1091 1658 μετὰ
1109 1626 1162 1650 τῶν
1176 1625 1360 1660 προπατόρων
1389 1625 1458 1652 ὒεὼν
1475 1627 1537 1657 τοὺς
1554 1626 1622 1660 πρὸς
1638 1626 1734 1657 αὐτοὺς
1749 1625 1811 1659 ἐξυ-

1020 1670 1163 1705 ϐρίζοντας
1188 1671 1224 1706 μὴ
1248 1671 1280 1697 ἂν
1296 1671 1391 1698 ἄλλοτέ
1407 1680 1471 1697 ποτε
1495 1671 1610 1698 τοιαῦτα
1626 1672 1686 1698 κατ’
1698 1672 1811 1698 ἐκείνων

1021 1716 1217 1743 νεανιεύεσθαι.
1232 1713 1317 1748 Οὗτος
1333 1717 1381 1752 μὲν
1395 1717 1426 1752 δὴ
1442 1717 1555 1744 τοιαῦτα
1568 1717 1682 1752 κινήσας
1693 1717 1771 1752 χείλη
1781 1726 1810 1744 τι

1021 1761 1095 1788 δόλια
1111 1761 1140 1788 ὲν
1158 1762 1257 1797 καρδίᾳ
1281 1762 1327 1788 καὶ
1341 1762 1469 1796 γλῶσσαν
1483 1762 1718 1798 μεγαλοῤῥήμονα
1738 1763 1809 1790 κατὰ

1021 1808 1074 1833 τῶν
1091 1807 1236 1843 βαρϐάρων
1253 1807 1326 1843 ἐξῄει
1337 1816 1344 1823 ·
1359 1809 1373 1834 ό
1389 1808 1418 1834 δὲ
1433 1808 1487 1834 τῶν
1510 1808 1632 1835 εὐσεϐῶν
1650 1809 1754 1843 πυρσὸς
1769 1809 1811 1835 ἔτι

1023 1853 1123 1889 μᾶλλον
1137 1854 1251 1888 ἀνῆπτο,
1267 1855 1313 1880 καὶ
1328 1854 1353 1880 οί
1366 1854 1412 1881 τοῦ
1429 1854 1548 1889 Χριστοῦ
1565 1854 1731 1890 στρατιῶται
1743 1855 1812 1890 πρὸς

1022 1899 1175 1935 παράταξιν
1187 1899 1394 1935 ηὐτρεπίζοντο.
1415 1901 1459 1927 Ἐν
1475 1901 1580 1933 τούτοις
1599 1901 1699 1936 ἤνθησέ
1713 1910 1739 1928 τι
1751 1910 1814 1935 φαιο

1022 1945 1084 1981 δρὸν
1103 1946 1151 1973 καὶ
1175 1945 1257 1972 καλὸν
1271 1945 1353 1979 φυτδν
1379 1946 1535 1978 εὐσεϐείας,
1553 1946 1691 1981 παρθένος
1709 1947 1812 1981 σφόδρα

1023 1991 1092 2027 καλὴ
1103 1992 1153 2026 τὴν
1168 1991 1263 2026 κλῆσιν
1281 1991 1382 2025 Δόμνα,
1398 1991 1446 2026 τὴν
1462 1990 1540 2024 δόξαν
1558 1993 1706 2027 ἐπιφανὴς,
1723 1993 1751 2018 ἐν
1765 1991 1815 2019 θα-

1022 2038 1101 2073 λάμῳ
1117 2037 1294 2072 τεθραμμένη
1320 2036 1452 2071 βασιλικῷ
1476 2037 1551 2071 παρὰ
1565 2036 1613 2063 τοῦ
1633 2037 1812 2073 ψευδωνύμου

1024 2083 1158 2118 βασιλέως
1175 2083 1306 2117 πρότερον
1320 2084 1375 2114 τοῖς
1389 2082 1580 2118 ψευδωνύμως
1593 2083 1663 2115 θεοῖς
1676 2083 1813 2117 καθιερω-

1024 2130 1112 2161 θεῖσα,
1139 2129 1162 2156 οἳ
1187 2129 1261 2155 ἔνδον
1283 2128 1341 2155 τῶν
1357 2129 1500 2164 βασιλείων
1525 2129 1644 2164 ἵδρυντο,
1671 2129 1766 2165 πρώτη
1782 2137 1814 2156 τε

1025 2174 1079 2200 τῶν
1093 2173 1201 2208 ἱερειῶν
1213 2174 1371 2200 καταστᾶσα
1382 2174 1427 2200 καὶ
1440 2173 1535 2205 Θυσίας
1547 2174 1637 2208 πάσης
1648 2174 1695 2201 καὶ
1703 2174 1816 2209 τελετῆς

177 2220 274 2248 stituta
292 2221 381 2256 prima
396 2221 581 2254 sacerdotum,
595 2226 623 2249 et
638 2209 772 2256 przrfcclai
783 2221 925 2248 sacriﬁciis
945 2226 969 2248 et

1026 2220 1080 2246 τῶν
1097 2220 1220 2254 ματαίων
1236 2219 1304 2246 θεῶν
1317 2220 1502 2255 κατάρχοντα.
1523 2220 1605 2247 Ἀλλὰ
1617 2220 1671 2256 γὰρ
1683 2220 1774 2256 ἐζήτει
1787 2221 1817 2246 τὸ

176 2266 315 2301 mysteriis
334 2266 464 2293 omnibus
480 2266 600 2294 deorum
618 2266 743 2294 inanium
754 2286 760 2293 .
783 2266 884 2293 Verum
896 2266 970 2293 enim

175 2319 241 2339 vero
253 2312 326 2339 bona
341 2313 424 2339 arbor
440 2311 582 2347 quaerebat
594 2313 694 2339 bonam
722 2317 833 2345 terram,
849 2317 878 2339 et
895 2312 972 2339 l'erax

175 2358 235 2385 olea
249 2363 322 2386 stare
337 2358 365 2385 in
380 2358 464 2386 domo
473 2358 532 2391 Dei,
545 2364 574 2387 et
589 2358 709 2387 fructum
721 2358 838 2386 reddere
861 2359 971 2386 utilem.

175 2403 236 2439 lpsa
250 2411 327 2439 ergo,
341 2411 402 2431 cum
420 2404 483 2432 ﬁdei
502 2413 594 2432 sermo
608 2405 782 2438 dilataretur,
799 2410 827 2433 et
852 2405 885 2433 ad
900 2405 971 2432 divi-

175 2456 274 2475 narum
291 2448 499 2484 Scripturarum
515 2450 635 2477 venisset
652 2451 834 2483 auditionem,
847 2456 875 2479 et
897 2459 975 2479 men-

177 2494 210 2521 tis
222 2494 380 2529 aptitudine
401 2497 538 2531 rapuisset
563 2497 712 2524 scintillam
741 2498 863 2532 pietatis.
896 2498 972 2526 brevi

180 2539 314 2575 implelnr
326 2549 419 2586 aptore
442 2542 591 2577 spirituali,
622 2549 651 2570 et
681 2551 743 2570 cum
765 2544 842 2571 illttm
871 2544 972 2572 librum

176 2587 337 2621 accepisset,
354 2587 444 2619 Pauli.
462 2588 587 2624 inquam,
602 2589 650 2624 qui
664 2597 795 2617 sermone
812 2590 972 2625 complexus

176 2636 218 2658 est
232 2633 330 2661 Orbem
342 2639 433 2668 terrae,
449 2639 476 2662 et
486 2636 610 2663 actiones
624 2636 723 2670 reliqui
742 2637 818 2664 chori
833 2637 973 2671 apostolo-

178 2685 250 2710 rum,
263 2678 412 2714 diligenter
421 2685 454 2708 et
466 2682 644 2709 continenter
660 2689 691 2709 ea
708 2682 859 2717 percurrit:
869 2687 897 2709 et
908 2690 971 2710 eum

178 2726 668 2763 eognovissetea,quaadieebantur,
696 2735 758 2756 esse
784 2733 810 2756 et
839 2736 914 2761 vera,
944 2733 972 2756 et

179 2769 363 2806 delectabilia,
381 2777 408 2801 et
421 2773 493 2808 quod
513 2777 554 2801 est
572 2774 696 2801 omnium
721 2775 883 2806 maximum,
913 2773 971 2801 ani-

215 2863 225 2880 ¹
243 2863 312 2891 Luc.
330 2871 378 2898 xu,
398 2865 442 2893 49.

1026 2265 1128 2300 ἀγαθὸν
1142 2265 1249 2300 δένδρον
1263 2265 1309 2291 καὶ
1328 2265 1380 2300 γῆν
1403 2265 1509 2300 ἀγαθὴν
1533 2265 1581 2292 καὶ
1598 2266 1615 2300 ἡ
1638 2265 1817 2300 meditsz

1027 2311 1115 2344 ἐλαία,
1133 2313 1161 2338 ὲν
1187 2311 1255 2346 οἴκῳ
1270 2312 1366 2345 στῆναι
1390 2310 1458 2337 Θεοῦ
1474 2311 1520 2337 καὶ
1533 2311 1579 2337 τὸν
1593 2311 1699 2346 καρπον
1715 2310 1817 2346 εὔχρη-

1027 2365 1090 2384 στον
1103 2356 1260 2384 ἀποδοῦναι,
1278 2355 1353 2391 Αὕτη
1376 2355 1440 2390 γοῦν
1457 2355 1505 2382 τοῦ
1524 2355 1574 2390 τῆς
1599 2355 1718 2387 πίστεως
1732 2355 1813 2389 λόγου

1022 2403 1236 2436 πλατυνομένου,
1252 2403 1293 2434 εἱς
1312 2403 1396 2438 ἀκοὴν
1408 2402 1523 2429 ἐλθοῦσα
1537 2401 1591 2429 τῶν
1604 2401 1685 2429 Θείων
1697 2402 1816 2438 Γραφῶν

1022 2450 1069 2477 καὶ
1078 2449 1227 2484 οἰκειότητι
1243 2448 1355 2482 γνώμης
1370 2447 1416 2474 τὸν
1443 2447 1582 2483 σπινθῆρα
1596 2447 1648 2481 τῆς
1673 2447 1814 2479 εὐσεϐείας

1022 2497 1172 2532 ἁρπάσασα
1182 2495 1282 2530 ἔρωτος
1294 2495 1323 2520 ὲν
1334 2494 1433 2529 βραχεῖ
1444 2488 1597 2528 πληροῦται
1613 2494 1812 2528 πνευματικοῦ,

1023 2543 1069 2569 καὶ
1085 2540 1207 2568 λαϐοῦσα
1223 2539 1315 2575 βίϐλον
1341 2540 1450 2575 ἐκείνην
1471 2539 1591 2572 Παύλου,
1610 2541 1694 2576 φημὶ,
1711 2541 1758 2568 τοῦ
1774 2541 1813 2576 τῷ

1023 2588 1094 2623 λόγῳ
1107 2587 1156 2622 τὴν
1182 2585 1346 2621 οἰκουμένην
1361 2586 1557 2620 περιλαϐόντος
1569 2586 1616 2613 καὶ
1631 2586 1681 2618 τὰς
1700 2587 1814 2621 πράξεις

1023 2634 1070 2661 τοῦ
1097 2632 1192 2660 λοιποῦ
1215 2633 1269 2658 τῶν
1290 2632 1447 2659 ἀποστόλων
1464 2632 1546 2668 χοροῦ
1571 2632 1642 2659 πάνυ
1660 2633 1814 2664 σπουδαίως

1023 2682 1070 2708 καὶ
1090 2679 1230 2714 προσελῶς
1252 2678 1354 2714 διεξῄει
1365 2686 1372 2693 '
1384 2707 1388 2710 ,
1399 2679 1446 2705 καὶ
1461 2678 1563 2712 γνοῦσα
1577 2680 1641 2711 τοὺς
1665 2678 1760 2713 λόγους
1775 2679 1814 2711 ὡς

1025 2728 1074 2763 μὲν
1092 2726 1213 2762 ἀληθεῖς,
1227 2725 1264 2757 ὡς
1277 2726 1304 2751 δὲ
1318 2726 1402 2760 ἡδεῖς,
1417 2725 1455 2757 ὡς
1468 2725 1495 2751 δὲ
1507 2746 1514 2758 ,
1535 2725 1564 2752 τὸ
1581 2727 1674 2760 μεῖζον
1691 2726 1811 2757 πάντων,

1021 2773 1205 2809 ψυχωφελεϊς,
1222 2772 1337 2799 παντοία
1351 2769 1394 2808 ἦν·
1411 2772 1500 2807 ἥδετο,
1518 2772 1709 2808 ἐξεπλήττετο,
1725 2772 1814 2808 λύπης
