2049 3151
152 197 222 231 104⁸1

716 194 911 227 ADDENDA.
931 205 965 212 —
975 194 1192 226 DECEMBEB.

1707 188 1776 222 10ιᾶ

148 264 224 287 cum,
243 260 273 284 ut
286 255 406 288 volebat,
419 254 529 282 nemine
553 253 659 282 sciente
672 252 809 281 eﬁ'ecisset
830 258 939 279 reversa

997 251 1156 286 ὒπὲστρεφε,
1175 250 1223 278 καὶ
1236 252 1249 277 ὁ
1263 249 1381 285 συνήθης
1398 248 1485 284 αὐτὴν
1499 248 1621 283 θάλαμος
1644 247 1726 279 αὖθις
1740 245 1779 274 εἶ-

149 305 200 334 est,
215 306 243 329 et
256 301 354 329 solitus
372 308 433 328 eam
449 309 545 329 rursus
567 300 687 328 habebat
712 298 857 327 thalamus.

189 348 220 375 V.
235 347 324 383 Atque
335 347 457 383 Cyrillus
470 347 582 382 quidem
596 347 657 382 ejus
688 349 766 381 pater
788 344 939 372 secundum

154 393 283 427 spiritum
310 393 393 428 paulo
405 397 468 428 post
484 392 592 419 excedit
613 391 646 418 ad
673 390 796 418 omnium
829 389 939 416 Patrem

151 443 180 466 et
193 439 296 471 Deum;
311 438 390 466 beata
404 443 497 466 autem
515 437 604 473 puella
619 438 678 472 ejus
700 436 804 463 monita
820 443 874 463 non
900 435 940 461 le-

151 484 222 511 viter
237 484 334 517 audiit,
344 484 391 512 sed
409 485 491 512 etiam
504 484 531 511 in
546 484 630 511 animi
643 483 778 519 profundo
788 490 820 510 ea
831 483 938 511 celavit.

152 530 222 557 Toto
242 530 336 565 itaque
369 530 414 558 die
428 530 485 563 illa,
500 534 529 558 et
541 529 588 564 qui
605 529 699 557 virtuti
713 534 772 557 erat
787 528 886 557 similis
895 528 942 556 In-

153 574 213 608 des,
238 576 358 603 animam
370 575 476 611 jejunio
491 580 685 611 expurgantes,
711 575 882 610 orationique
914 579 942 602 et

152 622 238 650 sacris
253 622 370 656 eloquiis
387 626 526 655 vacantes,
554 626 639 649 noctu
665 622 756 649 cibum
783 621 940 650 sumebant.

151 667 322 695 Alimentum
339 672 429 695 autem
445 671 504 695 erat
519 667 596 703 panis
608 667 708 697 siccus.
724 671 752 694 et
766 674 836 701 aqua
847 672 940 702 potus.

152 711 219 745 Quae
234 719 299 740 vero
312 712 494 741 canstitutum
514 712 603 739 fuerat
620 716 650 739 ut
662 711 697 738 ab
710 711 875 746 imperatore
895 718 940 737 ac-

153 757 292 792 ciperent,
312 758 346 785 iis
357 763 468 786 ventres
484 766 634 793 pauperum
651 758 824 790 fruebantur,
849 761 879 785 ut
893 757 942 785 be-

153 802 315 838 nignitatem
331 803 412 830 simul
429 807 502 831 recte
524 808 685 831 exercerent
697 803 939 832 etabstinentiam.

154 847 199 875 Sic
212 848 356 882 facientes,
382 849 552 877 conabantur
581 849 691 884 quidem
716 849 817 877 multos
833 850 940 883 latere;

154 895 203 922 sed
220 895 278 923 ﬁeri
292 903 347 923 non
364 901 482 930 poterat,
510 901 540 923 ut
570 904 650 924 mons
670 897 895 930 absconderetur,
914 901 942 924 et

153 941 266 968 lucerna
278 947 429 977 poneretur
442 941 493 969 sub
511 942 614 975 modio,
632 947 659 969 et
678 942 828 970 thesaurus
844 943 943 970 lateret

155 983 183 1011 in
201 987 273 1012 terra
287 985 406 1013 abditus.
423 985 476 1014 Sed
489 994 552 1013 cum
566 994 610 1019 eo,
631 994 713 1021 quem
736 987 834 1017 dicam.
860 987 942 1015 modo

154 1029 357 1064 apparuissent,
373 1032 534 1060 orthodoxis
557 1033 667 1067 quidem
690 1032 760 1061 ﬁunt
786 1033 942 1068 exemplum

152 1076 273 1104 salutare
289 1097 298 1110 ,
314 1077 407 1112 impiis
432 1082 524 1106 autem
554 1082 582 1105 et
606 1078 739 1114 improbis
762 1079 882 1107 validum
909 1080 944 1107 ad

153 1129 201 1150 eos
215 1123 419 1153 convincendos
441 1129 643 1160 argumentum.
668 1125 721 1158 Qui
744 1129 850 1153 tantum
881 1125 945 1152 abe-

153 1173 225 1202 rant,
240 1173 270 1197 ut
283 1177 316 1198 ex
329 1170 439 1198 illorum
451 1171 555 1198 virtute
572 1171 694 1199 fructum
713 1171 900 1206 perciperent,
915 1175 945 1198 ut

153 1215 235 1243 etiam
248 1223 342 1251 pmnas
352 1217 386 1245 ab
398 1217 439 1245 eis
456 1222 628 1253 expeterent,
643 1222 669 1245 et
684 1217 725 1245 eis
738 1218 843 1246 crimen
857 1217 944 1244 inten-

153 1261 250 1290 derent
274 1263 479 1295 abstinentiam;
507 1271 602 1291 eorum
627 1264 700 1291 enim
725 1263 816 1291 adhuc
841 1263 946 1291 latebat

154 1308 251 1344 pietas,
263 1316 314 1337 nec
323 1309 357 1337 ab
369 1309 436 1344 ipsis
449 1310 539 1337 adhuc
551 1309 715 1344 deprehensi
724 1309 842 1337 fuerant.

189 1399 237 1428 Vl.
257 1399 404 1433 Postquam
431 1403 522 1426 autem
538 1398 712 1426 manifestum
735 1398 823 1426 evasit
848 1405 944 1426 eorum

107 1438 110 1440 ’
152 1445 287 1481 jejunium
304 1445 329 1472 ei
344 1445 391 1480 qui
407 1444 519 1480 gerebat
531 1452 627 1472 curam
654 1448 780 1480 sumptus
808 1445 878 1472 aula":
894 1444 946 1472 im-

155 1490 301 1526 peratoris.
328 1498 391 1518 cum
408 1495 548 1526 oporteret
577 1491 708 1518 admirari
736 1491 944 1526 benignitatem,

155 1542 181 1565 et
196 1542 310 1573 stupere
328 1537 533 1571 abstinentiam,
566 1537 611 1565 ille
636 1537 727 1572 potius
743 1538 878 1572 processit
907 1538 942 1566 ad

1013 307 1051 327 εν.

1013 307 1051 327 εν.

993 307 1009 333 χ
1028 345 1065 371 E’.
1081 343 1214 380 Κύριλλος
1233 344 1284 378 μὲν
1298 342 1343 370 οὖν
1355 342 1424 377 μετὰ
1441 341 1540 377 μικρὸν
1562 341 1576 367 ὁ
1590 340 1694 374 ταύτης
1707 338 1778 366 κατὰ

993 389 1102 425 πνεῦμα
1117 389 1209 422 πατὴρ
1236 388 1304 423 πρὸς
1328 387 1372 414 τδν
1384 386 1493 413 πάντων
1513 385 1624 420 Πατέρα
1646 384 1694 411 καὶ
1712 383 1778 410 Θεδν

993 436 1110 470 ὲκδημεῖ
1132 434 1239 461 πολλῶν
1259 433 1420 466 παραδόξων
1439 433 1467 458 ὲν
1487 431 1526 467 τῷ
1540 431 1611 458 τέλει
1634 429 1676 464 τῷ
1695 428 1778 456 αὐτοῦ

994 480 1303 516 συνδεδραμηκότα>ν¹ἡ
1327 479 1356 505 δὲ
1382 477 1505 513 μακαρία
1529 477 1594 508 παῖς
1616 475 1667 506 τὰς
1695 474 1778 501 αὐτοῦ

994 527 1172 563 παραινέσεις
1189 526 1238 560 οὐχ
1260 525 1355 556 ἁπλῶς
1375 524 1502 559 ἤκουσεν,
1526 522 1594 548 ἀλλὰ
1611 521 1659 548 καὶ
1678 520 1718 554 τῷ
1732 521 1779 554 τῆς

993 573 1111 604 διανοίας
1139 571 1272 606 ἐνέκρυψε
1302 570 1390 604 βάθει.
1415 567 1567 603 Τοιγαροῦν
1593 567 1701 602 ἡμέρας
1730 566 1780 600 μὲν

993 619 1056 654 ὅλης
1071 617 1164 652 εκείνη
1182 625 1211 643 τε
1227 615 1276 643 καὶ
1301 615 1315 641 ὁ
1339 614 1390 649 τὴν
1408 613 1509 648 ἀρετὴν
1529 612 1598 646 αὐτῇ
1615 609 1714 641 ἐοικὼς
1729 610 1781 636 Ἰν-

993 665 1041 698 δης
1067 663 1179 698 νηστείᾳ
1195 661 1392 696 καθαιρόμενοι
1408 659 1457 690 τὰς
1476 658 1579 693 ψυχὰς,
1596 656 1737 693 προσευχῇ
1752 663 1781 682 τε

994 712 1042 738 καὶ
1057 711 1112 741 τοῖς
1131 709 1214 745 ἱεροῖς
1228 708 1318 742 λόγοις
1331 705 1526 742 προσκείμενοι
1540 704 1663 738 ἑσπέρας
1678 701 1782 737 τροφῆς

993 757 1158 793 ἐμέμνηντο.
1179 755 1261 788 Καὶὴ
1283 753 1368 788 τροφὴ
1384 752 1466 787 ἄρτος
1481 749 1514 786 ἧν
1530 750 1623 785 ξηρὸς,
1640 749 1687 775 καὶ
1704 749 1721 783 ὴ
1736 748 1784 775 πό-

995 812 1036 835 σις
1049 803 1134 838 ὕδωρ·
1167 800 1185 827 ἃ.
1199 800 1227 826 δὲ
1244 799 1392 835 λαμϐάνειν
1408 799 1440 825 ἐκ
1468 796 1601 832 βασιλέως
1616 794 1780 830 ἐτάχθησαν,

993 850 1118 884 πενήτων
1131 847 1257 882 ἐτρύφων
1272 845 1417 880 γαστέρες,
1431 843 1464 870 ἶν’
1479 842 1548 878 ὁμοῦ
1562 843 1609 869 καὶ
1628 840 1783 876 φιλανθρω-

995 896 1060 922 πίαν
1077 893 1272 929 κατορθοῦντες
1289 888 1353 918 ὦσι.
1372 889 1429 917 Καὶ
1447 889 1497 921 τὴν
1522 888 1688 922 ἐγκράτειαν
1711 885 1782 912 οὕτω

996 938 1303 975 ποιοῦντες,μανθάνειν
1329 937 1378 971 μὲν
1406 934 1535 962 ἔσπευδον
1564 933 1628 964 τοὺς
1657 930 1781 962 πολλοὺς·

996 987 1108 1015 δλνατὸν
1120 985 1150 1012 δὲ
1168 985 1218 1011 οὐκ
1234 981 1268 1019 ἦν
1282 984 1312 1010 τὸ
1326 982 1388 1018 ὅρος
1405 980 1540 1016 κρυϐῆναι
1563 979 1611 1006 καὶ
1623 978 1670 1005 τὸν
1686 979 1782 1012 λύχνον
1834 978 1843 984 ⁵

997 1035 1048 1060 ῡπδ
1059 1033 1106 1059 τὸν
1122 1032 1213 1067 μόδιον
1227 1029 1346 1061 κεῖσθαι,
1355 1028 1404 1055 καὶ
1417 1027 1463 1054 τὸν
1476 1025 1613 1062 θησαυρδν
1627 1023 1720 1059 ἀφανῆ
1734 1032 1782 1049 κα-

995 1079 1030 1106 τὰ
1041 1079 1092 1113 γῆς
1109 1075 1290 1113 κρύπτεσθαι,
1304 1073 1372 1101 ἀλλὰ
1383 1073 1445 1100 καθ’
1457 1072 1486 1099 ὃν
1501 1071 1557 1107 ἐρῶ
1571 1070 1673 1105 τρόπον
1688 1067 1785 1104 φανέν-

996 1134 1040 1157 τες
1054 1125 1111 1156 τοῖς
1128 1123 1178 1158 μὲν
1201 1119 1353 1157 όρθοδόξοις
1370 1119 1504 1153 σωτήριον
1527 1116 1680 1151 ὑπόδειγμα
1695 1115 1784 1149 γίνον-

995 1179 1054 1203 ται,
1069 1171 1125 1201 τοῖς
1137 1167 1248 1196 ἀσεϐέσι
1261 1167 1290 1193 δὲ
1302 1166 1348 1193 καὶ
1360 1164 1508 1200 μοχθηροῖς
1520 1163 1642 1196 ἔλεγχος,
1655 1161 1679 1188 οἶ
1691 1158 1785 1186 τοσοῦ-

996 1227 1041 1246 τον
1056 1218 1175 1250 ἀπέσχον
1188 1213 1341 1242 ἀπολαῦσαι
1353 1212 1403 1246 τῆς
1415 1210 1515 1245 ἀρετῆς
1528 1208 1651 1239 ἐκείνων,
1664 1207 1726 1233 ὅσον
1736 1205 1785 1232 καὶ

996 1263 1075 1294 δξκας
1087 1260 1209 1296 ἀπῄτουν
1232 1258 1280 1285 καὶ
1295 1257 1423 1291 ἔγκλημα
1442 1254 1533 1286 αὐτοῖς
1550 1253 1707 1288 προέτεινον
1734 1250 1786 1284 τὴν

998 1295 1181 1343 ἐγκράτειαν·
1207 1305 1238 1331 τὺ
1253 1304 1307 1339 γὰρ
1322 1303 1371 1337 τῆς
1398 1300 1540 1331 εὐσεϐείας
1565 1298 1711 1325 ἐλάνθανον
1733 1295 1784 1329 ἔτι,

998 1355 1045 1382 καὶ
1060 1353 1136 1380 οὔπω
1152 1351 1326 1386 φωραθέντες
1341 1349 1432 1380 αὐτοῖς
1449 1347 1607 1381 ἐτύγχανον.

1034 1402 1080 1434 (ζ’.
1103 1399 1181 1427 Ἐπεὶ
1196 1398 1225 1425 δὲ
1240 1397 1276 1424 τά
1290 1396 1339 1431 τῆς
1356 1393 1485 1430 νηστείας
1500 1392 1568 1428 δῆλα
1585 1391 1623 1426 τῷ
1636 1391 1684 1425 τῆς
1705 1389 1784 1424 βασι-

997 1448 1077 1483 λικῆς
1105 1443 1252 1481 θεραπείας
1270 1442 1443 1476 κατέστησαν
1466 1439 1624 1475 φροντιστῇ,
1651 1437 1710 1463 δέον
1737 1435 1785 1483 τῇς

998 1481 1204 1528 φιλανθρωπίας
1238 1487 1403 1524 θαυμάσαι,
1436 1486 1497 1512 δέον
1531 1483 1702 1517 ἐκπλαγῆναι
1722 1481 1786 1528 ⁸τῆς

997 1525 1172 1574 ἐγκρατείας.
1195 1537 1224 1562 '0
1251 1535 1280 1561 δὲ
1307 1532 1472 1568 καὶμᾶλλον
1499 1532 1546 1558 ἐπὶ
1564 1531 1700 1574 μάἐστιγας
1721 1525 1786 1574 ἦγε.

154 1572 248 1620 ﬂagra,
264 1590 290 1612 et
305 1592 353 1612 eos
363 1585 410 1612 diu
422 1586 541 1616 caedens,
557 1584 612 1612 vim
627 1583 758 1612 aﬂerebat
768 1589 798 1612 ut
808 1585 943 1617 dicerent,

997 1572 1154 1617 καὶ-ξαίνων
1176 1582 1277 1614 πολλὰς
1294 1579 1435 1612 ἠνάγκαζε
1461 1578 1552 1612 λέγειν
1577 1572 1608 1602 οὗ
1633 1575 1727 1606 αὐτοῖς
1751 1573 1786 1600 τά

155 1638 275 1666 quonam
287 1631 499 1666 proﬁciscantur
511 1638 542 1658 ea
557 1638 618 1666 quae
631 1630 672 1658 eis
686 1630 797 1658 dantur.
812 1630 880 1658 Cum
904 1631 943 1659 illi

155 1683 256 1711 autem,
276 1678 323 1713 qui
339 1677 493 1705 didicerant
505 1678 594 1705 celare
621 1681 694 1705 recte
722 1677 802 1710 facta,
820 1685 852 1705 ea
881 1677 945 1706 forti

155 1728 182 1751 et
208 1731 341 1759 generoso
367 1724 462 1751 animo
497 1724 676 1754 sustinerent,
707 1725 775 1751 mori
800 1724 944 1757 malenles,

155 1778 237 1805 quam
253 1770 356 1802 dicere,
371 1777 406 1797 ne
420 1769 495 1805 quod
511 1770 538 1796 in
559 1774 670 1804 egentes
681 1770 820 1801 manabat,
844 1770 946 1797 rescin-

155 1818 269 1844 deretur
281 1815 414 1843 ﬂuentum
443 1815 632 1850 benignitatis,
666 1815 775 1850 quidam
803 1816 948 1844 eunuchus

155 1862 291 1890 accedens
311 1862 344 1888 ad
357 1861 528 1896 praefectum,
544 1861 625 1888 Persa
640 1868 741 1897 genere
755 1866 783 1889 et
797 1862 947 1896 impietate,

154 1918 186 1938 ac
199 1910 277 1937 initio
285 1917 381 1937 eorum
390 1909 519 1936 virtutem
532 1908 620 1936 defert
632 1912 660 1936 et
678 1913 788 1936 accusat
809 1913 946 1945 tamquam

153 1956 248 1984 vitium
263 1965 270 1983 :
284 1955 358 1991 quod
370 1955 474 1983 scilicet
489 1962 518 1982 se
527 1959 601 1982 caste
616 1959 721 1988 gerant,
737 1959 765 1982 et
779 1963 794 1983 a
805 1955 875 1983 cibis
886 1955 948 1983 abs-

154 2003 320 2031 tineant:et
349 2009 411 2037 qua:
427 2001 566 2036 accipiunt
586 2002 619 2029 ad
633 2001 804 2035 alimentum,
827 2009 859 2029 ea
879 2009 948 2037 pau-

154 2049 267 2084 peribus
281 2048 446 2077 Christianis
462 2048 622 2083 praebeant:
637 2051 664 2075 et
678 2047 762 2082 quod,
776 2055 836 2083 qua
851 2047 885 2075 ab
897 2048 948 2076 im-

155 2100 282 2130 peratore
297 2095 519 2131 proﬁciscuntur,
546 2095 644 2121 dantur
659 2093 693 2121 ad
723 2094 885 2122 alimentum
912 2095 946 2123 iis

154 2142 200 2177 qui
215 2146 280 2170 sunt
296 2141 425 2169 contrarii
441 2140 609 2175 imperatori.
623 2140 700 2172 Quod
715 2140 737 2167 si
755 2140 822 2167 velis
843 2140 868 2168 id
876 2141 946 2168 scire

155 2187 289 2222 apertius,
305 2187 369 2214 licet
382 2186 432 2214 tibi
446 2190 540 2221 aperto
551 2186 664 2220 penario
677 2193 710 2212 ex
737 2185 771 2212 iis
785 2193 845 2220 qua:
861 2193 944 2220 appa-

155 2234 264 2262 rebunt.
295 2232 447 2267 intelligere
473 2239 505 2259 ea
533 2239 594 2266 quae
619 2235 684 2259 sunt
707 2231 834 2259 obscura.
851 2231 946 2260 Audiit

155 2280 312 2315 praefectus,
328 2283 356 2306 et
376 2287 439 2307 cum
467 2277 584 2305 libenter
608 2279 762 2306 evidentem
793 2267 986 2306 admisisset”

155 2325 356 2359 probationem,
369 2323 404 2352 ab
419 2324 460 2352 eis
477 2324 668 2352 aufertclaves
681 2329 727 2357 ;et
743 2332 805 2352 cum
820 2325 947 2359 aperuis-

155 2376 208 2405 set,
222 2371 329 2399 invenit
339 2371 476 2405 protinus,
490 2369 538 2397 sed
551 2377 606 2398 non
623 2374 654 2397 ut
670 2369 728 2405 ipse
752 2370 888 2404 sperabat,
900 2370 948 2398 sed

154 2425 198 2450 ea,
213 2424 276 2452 quae
290 2423 354 2444 vere
368 2420 448 2443 erant
469 2415 636 2448 veneranda,
668 2423 767 2451 nempe
795 2420 823 2443 et
849 2416 948 2444 divinae

155 2464 261 2491 crucls-
278 2462 445 2498 ﬁguram,et
473 2462 573 2489 librum
606 2466 821 2499 sacrosanctum,
849 2469 948 2497 nempe

155 2509 342 2546 apostolorum
357 2509 414 2537 Deo
428 2514 519 2544 gratas
531 2507 672 2541 Actiones;
688 2512 717 2535 et
736 2512 869 2543 praeterea
886 2516 948 2543 pos-

155 2557 311 2584 sessionum
324 2555 489 2584 vacuitatem
507 2562 604 2582 eorum
619 2554 665 2589 qui
680 2555 707 2582 in
724 2555 801 2583 etatis
821 2562 949 2590 magnum

157 2602 321 2631 thesaurum
338 2601 536 2635 recondebam,
554 2601 633 2636 cujus
649 2601 860 2636 praeclamopes
870 2605 950 2629 erant

155 2648 217 2676 duae
231 2653 341 2682 storem,
356 2648 384 2676 in
402 2647 476 2675 nudo
490 2647 549 2675 solo
570 2650 660 2674 stratze
674 2654 738 2674 vere
756 2653 951 2681 generosarum

155 2697 183 2721 et
197 2693 342 2722 beatorum
368 2694 479 2722 Domnaa
497 2697 527 2721 et
550 2692 625 2721 Iudae
648 2693 792 2728 magniﬁca
810 2692 951 2727 supellex;

155 2739 237 2768 ﬁctile
246 2745 377 2775 praeterea
386 2740 554 2768 thuribulum
564 2745 591 2768 et
602 2739 723 2771 lucerna,
734 2742 762 2766 et
773 2739 862 2773 lignea
874 2746 954 2766 arcu-

155 2783 192 2817 la,
202 2783 231 2812 in
241 2792 295 2820 qua
315 2789 494 2820 reposuerant
504 2792 613 2813 sacram
624 2784 790 2812 oblationem
801 2783 851 2819 (τὶ),
872 2783 951 2819 cujus

189 2856 367 2892 (2)]llustre
393 2856 550 2892 exemplum
582 2857 785 2885 communionis
816 2855 867 2892 sub
895 2863 949 2883 una

156 2890 255 2920 snecie.
266 2891 336 2919 Olim
348 2896 437 2918 autem
448 2890 651 2926 persecutionis
663 2896 785 2925 tempore
798 2890 893 2926 ﬁdeles
902 2898 951 2917 eu-

149 2927 314 2965 ‘cbaristiam
330 2925 551 2954 domum'secum
564 2925 749 2959 asportabant,
760 2929 787 2953 et
804 2925 849 2953 diu
863 2932 952 2953 asser-

997 1633 1122 1667 διδόμενα
1137 1629 1286 1664 ⁴προχωρεῖ.
1308 1627 1352 1658 Ὣς
1373 1626 1402 1652 δὲ
1418 1625 1517 1651 ἐκεῖνοι
1535 1622 1668 1658 μαθόντες
1687 1621 1721 1647 τὰ
1736 1628 1786 1646 κα-

997 1677 1173 1714 τορθώματα,
1188 1675 1236 1702 καὶ
1247 1673 1319 1709 μάλα
1333 1671 1465 1706 γενναίως
1485 1669 1681 1704 διεκαρτέρουν
1693 1667 1787 1714 θανεῖν

999 1713 1100 1759 μᾶλλον
1116 1723 1134 1757 ἢ
1148 1721 1235 1747 εἰπεῖν
1256 1718 1482 1754 προαιρούμενοι,
1506 1716 1553 1742 καὶ
1575 1715 1619 1742 ἵνα
1637 1714 1674 1749 μὴ
1694 1713 1740 1740 καὶ
1758 1713 1787 1739 τὸ

998 1773 1048 1807 τῆς
1073 1768 1278 1805 φιλανθρωπίας
1308 1767 1398 1802 ῥεῦμα
1426 1767 1457 1792 τὸ
1483 1766 1522 1795 εις
1551 1763 1613 1795 τοὺς
1641 1761 1788 1794 δεομένους

999 1818 1135 1852 ἀνακοπῇ,
1151 1813 1191 1847 εἷς
1205 1823 1247 1846 τις
1269 1813 1324 1840 τῶν
1343 1811 1478 1846 εὐνούχων
1500 1809 1539 1845 τῷ
1556 1809 1666 1844 ἄρχοντι
1698 1813 1789 1839 παρα-

998 1865 1063 1896 στὰς
1073 1851 1161 1891 miri:
1175 1862 1256 1896 γένος
1275 1859 1384 1895 Πέρσης
1399 1858 1447 1885 καὶ
1460 1857 1510 1892 τὴν
1526 1855 1664 1886 ἀσέϐειαν,
1681 1851 1787 1880 ἀνωθεν

1000 1910 1090 1937 αὐτῶν
1102 1909 1150 1944 τὴν
1164 1907 1266 1943 ἀρετὴν
1276 1906 1314 1937 ὡς
1325 1905 1425 1932 κακίαν
1437 1903 1559 1937 διέξεισι,
1574 1901 1622 1928 καὶ
1637 1898 1788 1944 κατηγορεῖ

1001 1956 1044 1982 ὅτι
1056 1963 1086 1980 τε
1101 1943 1257 1987 ἁγνεύουσι,
1288 1951 1337 1978 καὶ
1362 1950 1515 1986 βρωμάτων
1530 1948 1689 1982 ἀπέχονται,
1704 1944 1751 1972 καὶ
1770 1943 1788 1970 ἀ

999 2000 1170 2036 λαμϐάνουσι
1192 1998 1259 2034 πρὸς
1275 1997 1378 2032 τροφὴν
1392 1995 1488 2027 νυκτὸς
1500 1995 1602 2022 ἐνδεέσι
1615 1992 1788 2028 Χριστιανοίς

1001 2046 1162 2082 παρέχουσι,
1184 2044 1232 2071 καὶ
1248 2044 1288 2070 ὃτι
1305 2043 1337 2078 δὴ
1353 2042 1389 2068 τὰ
1404 2041 1480 2077 παρὰ
1494 2041 1542 2067 τοῦ
1574 2039 1708 2075 βασιλέως
1730 2038 1787 2068 τοῖς

998 2093 1068 2120 κατὰ
1085 2092 1131 2119 τοῦ
1149 2089 1282 2126 βασιλέως
1305 2088 1393 2124 τροφὴ
1407 2088 1525 2122 γίνεται,
1540 2087 1572 2113 Εἰ
1589 2085 1679 2121 βούλει
1699 2084 1728 2110 δὲ
1741 2084 1789 2110 καὶ

999 2140 1166 2173 σαφέστερον
1192 2137 1308 2171 γνῶναι,
1328 2134 1445 2170 πάρεστί
1471 2143 1512 2160 σοι
1532 2134 1580 2160 καὶ
1604 2133 1633 2159 τὸ
1661 2132 1789 2164 ταμιεῖον

997 2185 1134 2216 ἀνοίξαντι
1159 2183 1220 2216 ὄψιν
1248 2181 1354 2217 ἀδήλων
1379 2179 1550 2214 ποιήσασθαι
1572 2178 1607 2205 τὰ
1622 2177 1787 2212 φαινόμενα,

1000 2232 1137 2258 Ἤκουσεν
1149 2230 1162 2256 ὁ
1173 2229 1276 2264 ἄρχων,
1293 2227 1341 2254 καὶ
1354 2226 1473 2261 ἀσμενος
1486 2225 1531 2252 τὸν
1547 2224 1651 2259 ἐναργῆ
1668 2222 1786 2256 δεξάμε-

999 2285 1043 2308 νος
1062 2275 1173 2309 ἔλεγχον
1196 2273 1245 2305 τὰς
1270 2273 1344 2304 κλεῖς
1367 2271 1414 2298 ἀπ’
1431 2271 1521 2297 αὐτῶν
1546 2270 1717 2304 ἀφαιρεῖται,
1741 2268 1789 2294 καὶ

997 2321 1133 2354 διανοίξας
1147 2317 1226 2356 εὗρεν
1239 2320 1331 2352 εὐθὺς,
1343 2319 1374 2345 ού
1385 2318 1438 2354 μὴν
1455 2317 1549 2353 ὥσπερ
1567 2317 1647 2348 αὐτὸς
1663 2315 1788 2351 ἧλπιζεν,

999 2368 1067 2395 ἀλλὰ
1085 2367 1120 2394 τὰ
1137 2366 1246 2402 ἀληθῶς
1258 2366 1348 2400 τίμια,
1377 2365 1424 2391 τόν
1442 2373 1471 2390 τε
1498 2363 1546 2390 τοῦ
1564 2363 1637 2389 θείου
1660 2361 1789 2396 Σωτῆρος

999 2414 1085 2442 τύπον
1099 2414 1146 2440 καὶ
1174 2412 1267 2448 βίϐλον
1283 2412 1370 2447 ίερὰν,
1384 2411 1435 2443 τὰς
1454 2410 1510 2437 τῶν
1524 2409 1684 2437 ἀποστόλων
1697 2407 1790 2442 θεοφι-

999 2461 1054 2493 λεῖς
1068 2460 1195 2496 Πράξεις,
1209 2460 1257 2487 καὶ
1276 2458 1344 2494 πρὸς
1366 2458 1458 2489 αὐτοῖς
1470 2457 1520 2493 τὴν
1533 2454 1728 2491 ἀκτημοσύνην
1743 2453 1791 2480 τὸν

1002 2508 1091 2542 μέγαν
1118 2507 1172 2534 τῶν
1197 2507 1238 2537 εἰς
1258 2505 1392 2540 οὐρανοὺς
1421 2502 1643 2539 θησαυριζόντων
1663 2501 1788 2532 πλοῦτον,

1000 2552 1034 2590 ἧς
1052 2554 1087 2581 τά
1100 2553 1216 2588 κείμενα
1240 2551 1334 2586 ψίαθοι
1356 2551 1407 2577 δύο
1426 2550 1498 2577 κατά
1511 2549 1591 2584 ψιλοῦ
1604 2547 1652 2575 τοῦ
1673 2546 1791 2582 ἐδάφους

1002 2600 1141 2635 κείμεναι,
1161 2600 1178 2634 ἡ
1206 2597 1350 2633 φιλότιμος
1363 2596 1493 2632 στρωμνὴ
1508 2595 1616 2629 Δόμνης
1639 2593 1688 2620 καὶ
1702 2592 1791 2619 Ἰνδου

1002 2647 1057 2673 τῶν
1069 2646 1188 2680 εὐγενῶν
1200 2645 1239 2680 τῷ
1254 2644 1313 2671 δντι
1325 2643 1371 2670 καὶ
1387 2644 1544 2679 μακαρίων,
1562 2641 1630 2676 πρὸς
1641 2641 1670 2668 δὲ
1684 2641 1732 2667 καὶ
1746 2648 1791 2666 κε-

1006 2692 1110 2728 ραμοῦν
1124 2701 1151 2719 τι
1170 2692 1352 2728 θυμιατήριον
1368 2690 1417 2718 καὶ
1433 2690 1532 2726 λύχνον
1557 2689 1663 2722 ξύλινόν
1677 2696 1706 2714 τε
1724 2687 1791 2721 λαρ-

1005 2738 1128 2765 νακίδιον
1135 2739 1163 2765 ὲν
1174 2736 1195 2772 ᾧ
1208 2738 1259 2773 τὴν
1275 2737 1350 2772 ἱερὰν
1366 2736 1524 2772 προσφορὰν
1538 2733 1571 2771 ἧς
1587 2732 1793 2770 μετελάμϐανον

1005 2784 1179 2812 ἀπετίθεσαν.
1194 2784 1304 2819 Ταύτην
1318 2781 1365 2811 οὖν
1387 2783 1436 2818 τὴν
1453 2782 1543 2818 βίϐλον
1556 2782 1603 2808 καὶ⁸
1616 2781 1648 2807 τδ
1660 2778 1791 2815 λαρνακί-

1004 2855 1114 2889 vabant,
1129 2861 1156 2884 et
1164 2857 1234 2885 clam
1250 2855 1405 2888 sumebant;
1421 2853 1493 2890 quod
1509 2853 1542 2881 de
1554 2852 1611 2880 vini
1626 2850 1717 2888 specie
1733 2849 1790 2878 ﬁeri

1006 2899 1061 2919 non
1074 2896 1190 2928 poterat.
