2049 3151
178 178 247 211 1047

428 158 466 190 :2
746 171 943 201 ADDENDA.
962 182 997 187 —
1018 166 1233 199 DECEMBER.

1735 157 1805 190 1048

177 234 353 264 alimentum,
382 230 420 258 ita
453 229 536 258 etiam
564 236 621 257 suae
646 228 745 256 animae
770 226 969 258 necessarium.

1031 226 1070 253 ιοιὶ
1088 225 1182 261 ὥσπερ
1198 224 1299 258 τροφοῦ
1314 224 1392 259 φίλης
1404 222 1483 249 λῦσαι
1496 222 1540 248 τὶν
1554 219 1633 255 λιμὸν
1646 217 1736 250 αὐτοῖς
1749 217 1805 244 δεο-

176 279 237 307 aliis
247 280 369 314 praebere
379 277 591 304 nutrimentum.
606 275 745 311 {Quocirca
758 274 851 302 multis
867 273 968 301 diebus

177 323 360 359 permanebat
384 323 489 358 jejuna.
505 326 535 349 ut
558 325 670 357 possent
692 320 803 348 abunde
818 319 879 346 aliis
894 326 965 353 prae-

177 369 237 397 beri
267 369 449 396 nutrimenta.
476 368 510 395 Et
537 373 602 395 tunc
629 374 738 402 qunque
765 374 828 394 cum
851 365 970 392 vidisset:

178 415 383 443 multitudinem
404 422 556 449 pauperum
583 413 617 440 ad
643 421 678 441 se
699 412 909 443 conﬂuentium,
938 412 967 437 et

179 467 309 496 tanquam
326 462 438 489 chararn
461 462 608 493 nutricem,
630 465 660 488 ut
679 460 778 487 famem
796 459 830 486 ab
846 458 887 486 eis
904 465 968 492 pro—

178 509 302 542 pulsaret
336 508 502 543 rogantium,
533 507 616 534 dubia
642 505 737 537 animi,
756 510 787 532 ut
817 512 878 540 quae
899 503 968 531 nihil

179 559 273 588 posset
291 554 462 590 impendere.
486 553 560 588 quod
584 553 720 581 sufficeret
738 556 820 579 tanta:
846 551 970 579 multitu-

179 598 248 631 dini,
273 599 307 626 ad
333 607 412 626 suum
440 598 572 625 mundum
589 598 706 633 aspexit,
732 601 760 625 et
790 605 853 624 cum
871 603 968 623 zonam

180 646 267 678 illam,
282 653 344 680 quae
355 646 437 680 plena
450 649 511 673 erat
522 644 638 680 gemmis
653 649 680 672 et.
692 643 859 678 margaritis,
873 646 901 670 et
917 641 969 669 alia

180 700 242 728 quae
259 699 339 719 erant
357 699 428 719 auro
443 697 541 719 ornata
559 697 587 719 et
605 696 731 726 argento,
748 690 839 716 omnia
859 689 971 716 vinculo

181 745 237 765 uno
256 737 524 773 coinprehendisset,
548 737 669 765 demittit
693 743 743 772 per
765 736 926 766 fenestram,
944 738 972 762 et

182 785 346 813 transmittit
370 785 403 812 ad
423 785 497 820 pium
516 784 663 820 quemdam
684 783 844 814 diaconum,
862 781 906 809 cui
924 789 973 808 no-

182 839 245 858 men
264 835 324 859 erat
342 831 474 866 Agapius;
492 835 627 866 rogatque
647 829 804 865 utfvendat,
818 833 847 857 et
861 835 971 859 aurum,

183 877 257 910 quod
274 885 307 904 ex
327 884 360 904 eo
375 877 486 910 redibit,
515 876 622 904 dividat
644 875 823 911 pauperibus.
839 874 898 902 Diei
917 881 972 901 non

183 927 284 957 potest,
309 927 417 957 quantae
436 930 588 957 pauperum
617 921 788 949 multitudini
809 921 867 948 haec
889 919 974 948 suffe-

184 969 274 996 cerint
300 969 334 996 ad
368 970 541 1000 alimentum,
567 968 614 996 sed
644 975 735 1003 neque
762 974 843 1002 quam
874 967 975 995 multos

185 1013 284 1040 divites
300 1013 342 1040 sui
362 1013 514 1041 imitatione
530 1012 718 1048 provocaverit
735 1012 770 1039 ad
786 1019 866 1046 opem
882 1012 975 1039 feren-

1020 279 1118 313 μένων,
1133 275 1237 309 ἀπορίᾳ.
1253 273 1396 307 ληφθεῖσα,
1429 272 1477 298 καὶ
1493 268 1570 296 οὐδὲν
1585 265 1723 293 ἀναλῶσαι
1740 263 1806 298 πρδς

1018 324 1143 352 τοσοῦτον
1156 323 1256 358 πλῆθος
1276 321 1407 357 ἐξαρκοῦν
1422 320 1531 355 ἔχουσα,
1549 317 1616 352 πρὸς
1639 316 1685 342 τὸν
1706 315 1806 347 κόσμον

1018 370 1111 398 ὰπεῖδε
1124 369 1169 396 τόν
1186 369 1295 402 ἑαυτῆς,
1314 367 1360 393 καὶ
1374 365 1462 398 ζώνην
1487 363 1594 397 ἐκείνην
1608 363 1624 397 ἢ
1651 360 1735 391 λὶῢοις
1749 359 1807 393 βρῖ-

1020 416 1103 444 θουσα
1122 416 1169 442 καὶ
1185 414 1337 450 μαργάροις
1353 409 1398 446 ἦν,
1413 411 1480 438 ἄλλα
1497 419 1526 436 τε
1540 411 1590 436 ὅσα
1605 408 1705 443 χρυσὸς
1722 406 1808 433 διεκό-

1021 471 1083 497 σμει
1099 462 1145 488 καὶ
1164 462 1294 496 ἄργυρος,
1305 460 1393 487 πάντα
1409 459 1437 484 ὲν
1449 457 1596 490 ἀποδέσμῳ
1610 452 1806 488 περιλλαῧοῦσςι,

1021 509 1131 543 καθίησι
1160 507 1204 534 διὰ
1217 509 1266 542 τῆς
1283 505 1398 541 θυρίδος,
1410 505 1457 531 καί
1471 512 1524 530 τινι
1542 502 1596 529 τῶν
1615 500 1736 526 εὖλαὸὦν
1751 499 1808 524 δια-

1021 556 1117 588 κίνων,
1137 554 1266 589 ’Δγάπιος
1278 553 1351 587 αὐτῷ
1364 551 1481 586 τοῦνομα
1495 571 1501 581 ,
1519 548 1719 583 παραπέμπει,
1738 545 1810 577 ἀξιοῖ

1021 611 1051 629 τε
1067 601 1177 632 πωλεῖν,
1189 601 1237 627 καὶ
1254 599 1284 626 τδ
1301 597 1425 625 ἐντεῦθεν
1451 595 1563 632 χρυσίον
1582 594 1679 621 διελεῖν
1701 592 1808 626 πένησι.

1022 648 1115 675 Ταῦτα
1132 647 1183 674 οὐκ
1199 645 1271 672 ἔστιν
1289 645 1375 671 εἰπεῖν
1398 644 1452 678 ὅσῳ
1477 641 1575 676 πλήθει
1600 639 1654 667 τῶν
1677 639 1811 672 δεομένων

1022 694 1170 728 ἐξήρκεσεν
1184 693 1223 723 εἰς
1242 691 1356 727 τροφὴν,
1368 689 1435 716 ἀλλὰ
1451 688 1499 715 καὶ
1515 687 1593 719 ὅσους
1607 685 1678 712 κατά
1697 685 1812 720 μίμησιν

1024 739 1077 766 τῶν
1095 738 1230 765 πλουσίων
1245 737 1312 773 πρὸς
1340 737 1386 764 τδν
1405 737 1459 763 τῶν
1473 736 1608 767 δεομένων
1629 733 1702 760 ἔλεον
1724 740 1811 766 παρε-

1024 785 1146 812 κάλεσεν.
1164 783 1242 810 Ἐπεὶ
1252 783 1280 810 δὲ
1295 783 1344 810 οὒκ
1358 782 1412 809 ἔδει
1426 781 1475 816 τὴν
1488 779 1559 806 οὕτω
1571 779 1620 813 μὲν
1637 777 1732 810 ἁγνὴν,
1742 775 1813 802 οὕτω

1024 832 1053 859 δὲ
1070 831 1118 858 καὶ
1135 831 1185 864 τὴν
1209 830 1292 864 ἄλλην
1310 830 1420 857 ἃπασαν
1444 828 1544 862 ἀρετὴν
1572 824 1728 861 μετιοῦσαν,
1754 820 1814 849 εἶτα

1025 877 1073 904 καὶ
1101 878 1169 912 πρὸς
1189 876 1313 903 εὐποιίαν
1337 875 1427 910 πολλῷ
1447 874 1561 909 ῥέουσαν
1587 873 1615 898 ἐν
1636 870 1814 905 σκηνώμασιν

1028 923 1197 958 ἁμαρτωλῶν
1206 924 1254 950 καὶ
1271 921 1414 957 βασιλείοις
1433 921 1529 951 αὐλαῖς
1545 919 1694 947 κατοικεῖν.
1709 916 1813 944 ἀνωθεν

1028 969 1074 996 καὶ
1096 969 1175 996 τοῦτο
1185 969 1376 1002 οἰκονομεῖται.
1391 967 1446 994 Καὶ
1458 966 1584 994 σκοπεῖτε
1595 963 1627 1000 δὴ
1646 963 1695 998 τὴν
1710 963 1814 988 οἰκονοο

1030 1015 1095 1049 μίαν
1108 1015 1182 1047 ὅπως
1198 1016 1279 1050 σοφή.

185 1060 247 1086 dam
276 1061 429 1095 egentibus.
454 1060 523 1088 Cum
548 1064 595 1088 aut
612 1067 707 1087 mnon
732 1063 875 1094 oporteret
900 1066 971 1091 eam,
992 1068 1052 1095 qum.
1069 1068 1129 1090 erat
1152 1063 1223 1090 adeo
1247 1066 1332 1094 casta,
1353 1066 1382 1090 et
1406 1069 1468 1097 quae
1506 1061 1545 1089 sic
1580 1060 1647 1088 alias
1671 1057 1821 1086 exercebat

186 1106 314 1139 virtutes,
340 1111 367 1134 et
384 1114 445 1141 qum
467 1114 565 1142 magno
589 1106 731 1133 ferebatur
767 1105 872 1132 fluento
891 1105 925 1132 ad
944 1105 1166 1148 beneficentiam,
1185 1109 1311 1137 habitare
1346 1109 1374 1137 in
1411 1107 1595 1136 tabernaculis
1629 1111 1817 1142 peccatorum.

185 1157 214 1181 ct
231 1153 258 1191 in
276 1153 336 1180 aula
355 1153 440 1188 regia,
456 1153 522 1180 huic
535 1153 617 1180 etiam
634 1151 673 1180 rei
690 1151 853 1186 providetur
868 1160 883 1179 a
898 1151 1017 1186 superis.
1038 1154 1135 1184 Videte
1151 1160 1243 1184 autem
1263 1165 1345 1192 quam
1360 1157 1514 1192 sapienter.

222 1199 291 1228 Vill.
305 1199 352 1226 Dei
365 1203 507 1234 parentem
524 1197 654 1225 Davidem
667 1197 693 1224 in
704 1197 796 1224 animo
810 1205 934 1228 versans,
951 1202 979 1224 et

188 1245 215 1272 id
231 1244 305 1280 quod
325 1244 369 1271 ille.
393 1243 532 1271 simulavit
551 1251 584 1270 eo
613 1247 748 1277 tempore,
766 1249 821 1275 quo
839 1242 945 1276 fugerat
963 1248 977 1268 a
996 1235 1009 1249 ‘

189 1291 260 1319 facie
283 1290 367 1326 Saul,.
385 1295 417 1317 eL
429 1289 660 1325 quemadmodum
682 1288 759 1316 vultu
787 1295 836 1315 suo
861 1291 977 1318 mutato,

190 1344 219 1364 se
237 1335 315 1363 ﬁnxit
331 1343 391 1363 esse
414 1340 513 1362 emotae
530 1335 641 1373 mentis,
668 1338 696 1361 et
710 1334 751 1361 sic
765 1334 862 1368 eﬂugit
879 1340 978 1360 manus

190 1389 287 1410 eorum
305 1381 351 1416 qui
368 1385 448 1408 erant
462 1388 526 1408 vere
547 1380 720 1417 insipientes,
741 1384 770 1407 et
785 1379 819 1407 de
834 1379 874 1407 eis
891 1379 979 1406 erexit

191 1433 253 1462 trop
267 1435 349 1460 rrum,
367 1427 419 1454 tale
432 1427 496 1462 quid
513 1426 570 1462 ipsa
584 1433 694 1460 quoque
705 1425 841 1460 excogitat
851 1430 879 1452 et
891 1424 978 1461 fingit,

191 1474 332 1501 inwrtens
349 1473 454 1505 oculos.
475 1478 503 1500 et
530 1473 642 1500 salivam
669 1479 816 1507 exspuens,
841 1476 868 1499 et
883 1478 981 1498 manus

191 1520 359 1555 percutiens,
382 1523 411 1546 et:
428 1527 511 1547 voces
525 1518 656 1546 cmittens
672 1518 854 1550 inordinatas,
877 1521 906 1545 et
928 1517 980 1544 ali-

192 1566 304 1600 quando
337 1566 449 1601 quidem
491 1566 666 1601 lacrymans,
708 1564 857 1600 aliquando
891 1568 983 1592 autem

192 1612 287 1640 ridens
311 1612 504 1646 intempestive
527 1615 555 1638 et
581 1611 723 1639 indecore.
743 1610 806 1638 Hrec
832 1617 894 1637 cum
908 1609 985 1638 vide-

192 1663 255 1687 rent
284 1659 303 1686 ii
330 1659 376 1692 qui
399 1662 478 1686 erant
501 1658 528 1685 in
551 1658 635 1692 regia,
657 1657 703 1684 alii
728 1656 850 1691 quidem,
867 1656 983 1683 misere-

193 1706 312 1741 bantur.
344 1704 389 1731 alii
423 1711 492 1730 vero
528 1703 613 1730 etiam
646 1703 831 1733 mirabantur,
856 1700 983 1728 nomtulli

192 1755 284 1777 autem
325 1749 406 1776 simul
436 1753 464 1776 et
500 1748 691 1775 misericordia
733 1747 931 1778 movebantur,
957 1750 985 1774 et

193 1795 355 1830 stupebant.
370 1793 449 1827 Quod
472 1793 584 1828 quidem
605 1801 666 1820 cum
689 1792 822 1820 audiisset
850 1791 984 1819 crudelis-

195 1842 283 1870 simus
317 1840 465 1875 praefectus
491 1839 526 1867 ab
551 1839 645 1874 aliquo
674 1846 707 1866 ex
734 1839 769 1866 iis
792 1838 839 1873 qui
868 1837 893 1865 ei
919 1837 985 1864 assi-

193 1888 307 1920 debant,
328 1891 356 1915 et
373 1887 489 1914 vidisset
504 1885 587 1913 etiam
605 1885 631 1913 id
644 1885 717 1919 quod
734 1884 827 1916 ﬁebat,
843 1883 919 1911 visus
942 1888 984 1911 est

193 1935 286 1963 dolere
302 1939 329 1961 et
347 1933 440 1960 animo
459 1940 529 1967 agre
546 1933 627 1959 ferre.
644 1931 712 1958 Nam
726 1935 793 1958 tunc
803 1932 881 1965 virgo
898 1929 984 1957 maxi-

193 1989 238 2009 me
260 1981 388 2008 morbum
407 1979 563 2011 simulabat,
583 1978 695 2013 quando
714 1977 862 2013 praefectus
879 1978 906 2004 in
922 1983 982 2003 eam

193 2027 358 2062 conjecisset
378 2026 484 2053 oculos.
502 2024 580 2053 Unde
596 2024 680 2052 etiam
698 2024 795 2051 timore
811 2022 939 2054 afficitur,
957 2026 984 2049 et

193 2074 218 2102 ei
234 2074 327 2108 plures
342 2073 454 2100 adhibet
470 2071 609 2106 custodes,
626 2078 660 2098 ne
674 2070 787 2097 absente
804 2069 983 2104 imperatore,

193 2120 298 2155 aliquid
313 2120 337 2147 ei
354 2126 436 2154 grave
452 2118 605 2149 accederet,
621 2121 648 2144 et
663 2123 692 2143 se
711 2115 840 2143 deorsum
860 2114 984 2149 praecipi-

1067 1205 1109 1232 ιγ.
1127 1205 1175 1236 Εἷς
1187 1204 1250 1230 νοῦν
1264 1205 1332 1237 αὕτη
1351 1204 1485 1240 βαλομένη
1497 1203 1542 1230 τὸν
1553 1201 1767 1236 οεοπάτοραριαὶ
1784 1201 1817 1226 -Ρν

1032 1250 1134 1280 ἐκεῖνος
1146 1249 1280 1284 ὖπεκρίθη
1298 1250 1398 1284 σκηνὴν
1414 1250 1442 1275 ἐν
1464 1248 1553 1283 καιρῷ
1569 1247 1617 1274 τοῦ
1638 1246 1749 1282 φεύγειν
1765 1246 1819 1272 sit?!)

1032 1292 1180 1326 προσώπου
1192 1293 1288 1322 Σαοὺλ.
1306 1293 1351 1319 καὶ
1366 1294 1438 1324 ὅπως
1456 1293 1544 1328 ἑαυτῷ
1559 1292 1589 1319 τὸ
1603 1293 1748 1328 πρόσωπον
1770 1291 1819 1317 ἀλ-

1030 1337 1145 1369 λοιώσας
1172 1337 1217 1364 τὸν
1233 1339 1351 1373 ἔκφρονα
1369 1338 1515 1374 ὑπεκρίθη,
1542 1338 1588 1365 καὶ
1611 1337 1683 1364 οὕτω
1700 1338 1748 1368 τὰς
1764 1338 1823 1368 ei?»

1031 1383 1137 1418 ἀληθῶς
1153 1384 1278 1418 ἀφρόνων
1301 1385 1415 1419 ἐξέφυγε
1442 1386 1535 1420 χεῖρας
1547 1405 1555 1416 ,
1572 1384 1619 1411 καὶ
1632 1381 1683 1419 ἦρε
1707 1385 1737 1410 τὸ
1752 1383 1815 1416 τρό-

1035 1439 1125 1462 παιον,
1144 1430 1249 1457 τοιοῦτο
1259 1431 1290 1465 δή
1310 1439 1336 1457 τι
1351 1432 1398 1458 καὶ
1426 1431 1494 1466 αὕτη
1510 1431 1663 1466 μηχανᾶται
1689 1430 1736 1457 καὶ
1754 1430 1820 1456 ὕπο.

1035 1475 1156 1511 κρίνεται
1170 1476 1233 1508 τοὺς
1245 1476 1401 1511 ὀφθαλμοὺς
1413 1477 1621 1512 διαστρέφουσα,
1631 1477 1678 1504 καὶ
1695 1477 1729 1502 τὰ
1745 1477 1821 1503 cisia

1034 1522 1235 1557 παραπτύουσα
1262 1522 1358 1558 χεῖράς
1388 1531 1418 1549 τε
1447 1522 1582 1558 κροτοῦσα
1611 1523 1658 1549 καὶ
1686 1522 1822 1553 ἀτάκτους

1034 1568 1144 1602 ἀφιεῖσα
1161 1568 1263 1602 φωνὰς,
1285 1569 1331 1596 καὶ
1346 1569 1411 1596 ποτὲ
1428 1569 1477 1603 μὲν
1493 1569 1635 1601 κλαίουσα,
1650 1568 1716 1595 ποτὲ
1731 1569 1759 1595 δὲ
1773 1569 1822 1595 καὶ

1033 1613 1140 1647 γελῶσα
1160 1615 1207 1641 σὺν
1220 1615 1306 1641 οὐδενὶ
1317 1614 1404 1649 καιρῷ
1418 1623 1446 1641 τε
1459 1614 1507 1642 καὶ
1520 1615 1624 1648 κόσμῳ.
1651 1614 1744 1641 Ταῦτα
1767 1613 1823 1640 τῶν

1034 1660 1063 1686 ὲν
1078 1660 1133 1691 τοῖς
1154 1659 1301 1694 βασιλείοις
1317 1660 1444 1694 ὁρώντων
1457 1660 1520 1690 τοὺς
1535 1659 1585 1694 μὲν
1601 1656 1701 1690 οἶκτος,
1716 1658 1778 1689 τοὺς
1794 1658 1823 1684 δὲ

1034 1706 1080 1732 καὶ
1097 1706 1188 1741 ῦαῦμα
1213 1705 1310 1740 είπῄει,
1337 1706 1395 1732 ἔστι
1420 1705 1448 1731 δὲ
1472 1705 1519 1735 οὓς
1533 1704 1577 1732 καὶ
1593 1704 1736 1740 ἀμφότερα
1748 1703 1823 1735 ἔλεος

1034 1750 1102 1785 ὁμοῦ
1119 1759 1149 1777 τε
1175 1752 1222 1778 καὶ
1247 1751 1388 1786 ἔκπληξις.
1406 1751 1495 1786 Ὅπερ
1513 1749 1558 1778 οὖν
1576 1751 1623 1778 καὶ
1639 1751 1653 1777 ὁ
1680 1750 1822 1784 ὠμότατος

1033 1796 1083 1831 τὴν
1093 1796 1179 1831 ψυχὴν
1191 1797 1281 1832 ἄρχων
1297 1797 1400 1828 ἐκεῖνος
1413 1797 1488 1832 παρά
1502 1806 1548 1824 του
1561 1797 1615 1824 τῶν
1629 1797 1823 1832 προσεδρευόν-

1033 1850 1088 1869 των
1103 1842 1170 1877 αὐτῇ
1181 1842 1341 1876 πυθόμενος,
1359 1843 1426 1870 ἀλλὰ
1443 1843 1474 1877 δὴ
1488 1843 1534 1870 καὶ
1551 1843 1610 1877 ὕψει
1624 1843 1687 1875 δοὺς
1698 1844 1727 1869 τ’)
1743 1843 1819 1875 γινὸ-

1036 1897 1115 1924 μενον
1139 1888 1229 1922 ἀλγεῖν
1252 1889 1333 1923 ἐῴκει
1365 1889 1412 1915 καὶ
1442 1889 1623 1916 παθαίνεσθαι
1647 1890 1697 1923 τὴν
1710 1890 1819 1924 ψυχήν·

1035 1934 1096 1961 ἐπεὶ
1112 1935 1158 1961 καὶ
1174 1934 1232 1961 τότε
1246 1934 1361 1968 μάλιστα.
1387 1935 1508 1970 σφοδρῶς
1527 1935 1543 1969 ὴ
1567 1935 1671 1970 μάρτυς
1685 1934 1823 1970 ὑπεκρίθη

1033 1980 1064 2007 τὸ
1082 1981 1177 2017 πάθος.
1190 1981 1249 2007 τότε
1265 1980 1296 2016 δὴ
1314 1981 1360 2007 καὶ
1370 1981 1384 2007 ό
1400 1981 1492 2016 ἄρχων
1503 1981 1566 2013 τοὺς
1580 1981 1735 2016 ὀφθαλμοὺς
1750 1981 1819 2016 αὐτῇ

1034 2026 1219 2061 ἐπιϐεϐληκώς
1234 2025 1362 2062 ἦν.”Οθεν
1375 2027 1422 2053 καὶ
1435 2027 1561 2063 περιδεὴς
1580 2027 1682 2061 γίνεται
1698 2028 1744 2054 καὶ
1762 2029 1828 2054 πολ,

1033 2073 1096 2104 λοὺς
1113 2072 1254 2107 ἐφίστησιν
1269 2072 1336 2107 αὐτῇ
1357 2072 1477 2106 φύλακας
1496 2074 1532 2107 μή
1547 2081 1573 2098 τι
1592 2073 1638 2099 καὶ
1652 2073 1731 2100 πάθοι
1745 2073 1823 2108 βασι-

1034 2117 1102 2150 λέως
1123 2118 1237 2149 ἀπόντος
1252 2118 1335 2144 δεινὸν
1349 2119 1395 2144 καὶ
1415 2118 1483 2144 κατά
1503 2119 1626 2153 κρημνοῦ
1642 2119 1740 2153 ἑαυτὴν
1755 2119 1824 2145 620t-

194 2172 266 2198 tans,
280 2165 388 2192 veniret
405 2165 431 2191 in
450 2163 614 2199 periculurn.
638 2162 785 2196 Postquam
804 2164 895 2187 autem
914 2159 984 2186 mul-

1039 2162 1142 2197 σαμένη
1159 2162 1282 2190 κινδύνου
1295 2162 1422 2198 πρεξενος
1438 2163 1512 2198 αὐτῷ
1525 2165 1658 2198 καταστῇ.
1684 2163 1760 2190 Ἐπεὶ
1776 2164 1824 2190 οὖν

195 2217 252 2239 tum
269 2210 401 2245 temporis
416 2210 567 2237 contritum
581 2212 623 2235 est
635 2215 649 2235 a
664 2206 838 2237 custodibus;
854 2205 902 2232 illa
916 2213 982 2232 vero

194 2265 277 2293 quam
302 2260 473 2291 susceperat,
500 2262 646 2290 personam
670 2261 727 2281 non
752 2252 916 2284 dimittebat,
935 2250 984 2278 sed

194 2302 324 2338 prudenti
342 2301 491 2329 admodum
515 2299 682 2335 cogitatione
701 2297 850 2325 simulabat
876 2304 905 2324 se
922 2304 983 2324 esse

195 2350 371 2385 insipientem
385 2357 392 2375 :
409 2353 438 2376 et
450 2347 567 2375 molesta
582 2350 642 2373 erat
657 2345 691 2372 iis
707 2344 754 2380 qui
771 2351 832 2371 eam
846 2343 986 2371 custodie-

195 2395 271 2426 bant,
304 2401 405 2422 earum
437 2392 549 2428 quidem
585 2398 687 2419 vexans
721 2398 803 2418 aures
835 2389 985 2417 inconditis

195 2441 322 2472 vocibus,
348 2439 439 2467 stultis
464 2442 554 2465 autem
571 2437 665 2471 ﬁguris
681 2443 778 2464 eorum
806 2436 894 2463 oculis
917 2436 984 2463 atre-

197 2495 261 2516 rens
301 2485 476 2516 molestiam.
503 2488 531 2512 et
567 2489 767 2518 nonnunquam
793 2483 834 2510 eis
856 2489 983 2509 somnum

196 2535 321 2561 adimens
339 2531 514 2563 clamoribus,
531 2534 559 2558 et
577 2530 620 2558 eis
636 2530 749 2557 omnino
773 2529 927 2556 molestiam
943 2528 985 2555 af.

196 2581 297 2613 ferens,
313 2586 368 2606 non
381 2580 470 2606 solum
489 2577 531 2604 vel
546 2577 625 2604 inviti
640 2583 700 2604 eam
716 2576 829 2603 mittunt
843 2575 876 2602 ad
892 2574 984 2602 Chris-

197 2626 298 2658 tianos,
323 2625 396 2660 quod
438 2623 550 2659 quidem
574 2630 605 2650 ea
626 2621 731 2657 jamdiu
766 2621 906 2655 cupiebat,
936 2619 984 2647 sed

197 2671 279 2700 etiam
305 2671 436 2703 fatentur,
458 2669 522 2696 licet
538 2668 672 2704 nolentes,
694 2665 913 2694 Christianorum
935 2673 986 2700 po-

199 2718 322 2745 tentiam.
338 2716 508 2744 Accedentes
522 2714 594 2742 enim
611 2713 644 2740 ad
656 2713 826 2744 eunuchum,
839 2712 986 2739 vehemen-

199 2768 241 2790 ter
268 2764 411 2798 rogabant,
445 2767 524 2789 utea
554 2761 710 2788 mitteretur
739 2759 772 2786 ad
801 2758 984 2786 Christianos.

200 2809 280 2836 Forte
299 2809 372 2836 enim
405 2807 543 2839 dicebant,
572 2811 603 2833 ut
630 2810 658 2833 et
682 2805 733 2840 ipsi
761 2805 947 2832 liberarentur
970 2812 984 2831 a

199 2854 271 2881 malo
291 2861 344 2880 non
362 2853 509 2884 tolerabili,
527 2856 553 2879 et
577 2852 622 2878 illa
637 2852 671 2878 ab
691 2852 757 2885 ipsis
772 2859 852 2886 quam
867 2851 984 2886 primum

199 2904 355 2929 curaretur.
384 2898 454 2925 Sunt
487 2898 571 2930 enim,
598 2897 736 2930 dicebant,
766 2897 838 2931 apud
866 2905 915 2924 nos
941 2897 985 2924 alii

1033 2209 1129 2244 χρόνος
1152 2208 1200 2243 μὲν
1225 2210 1280 2239 τοῖς
1299 2209 1415 2243 φύλαξιν
1448 2209 1543 2244 ὲτρίὸη
1569 2211 1675 2244 συχνὸς,
1693 2211 1710 2245 ἡ
1723 2210 1752 2236 δὲ
1772 2210 1824 2244 τὴν

1036 2255 1138 2289 σκηνὴν
1166 2255 1216 2281 οὐκ
1233 2254 1338 2287 ἔλυσεν,
1366 2255 1433 2282 ἀλλὰ
1459 2255 1529 2282 πάνυ
1558 2256 1676 2290 σώφρονι
1701 2256 1826 2291 λογισμῷ

1035 2301 1224 2334 προσεποιεῖτο
1240 2301 1284 2326 τὸν
1292 2301 1407 2336 ἄφρονα,
1419 2299 1452 2337 ἦν
1470 2302 1496 2328 δὲ
1512 2302 1558 2328 καὶ
1573 2303 1628 2333 τοῖς
1644 2302 1826 2336 φυλάττουσιν

1035 2346 1139 2382 ὀχληρὰ
1155 2346 1203 2381 τὴν
1215 2346 1264 2381 μὲν
1275 2346 1360 2382 ἀκοὴν
1368 2347 1457 2374 αὐτῶν
1469 2348 1587 2382 ἀσήμοις
1600 2347 1723 2374 λυποῦσα
1737 2357 1825 2383 κραυ-

1036 2393 1109 2427 γαῖς,
1131 2394 1251 2428 σχήμασι
1263 2393 1291 2419 δὲ
1303 2394 1475 2429 παραφόροις
1492 2395 1586 2429 ἀηδίαν
1609 2396 1665 2426 τοῖς
1675 2395 1826 2430 ὀφθαλμοῖς

1037 2439 1222 2474 ἐμϐάλλουσα,
1239 2439 1296 2465 ἔστι
1309 2438 1331 2465 δ’
1346 2440 1390 2465 ὅτε
1404 2440 1449 2466 καὶ
1464 2440 1509 2466 τὸν
1523 2440 1607 2466 ὕπνον
1618 2442 1678 2472 ταῖς
1691 2443 1830 2475 κραυγαῖς

1036 2484 1201 2519 ἀφαιροῦσα,
1213 2484 1260 2510 καὶ
1274 2484 1341 2516 ὅλως
1355 2483 1389 2519 ἧν
1401 2485 1493 2517 αὐτοῖς
1507 2486 1627 2521 λυπηρὰ,
1640 2487 1670 2513 οὐ
1684 2488 1764 2522 μόνον
1776 2489 1825 2515 καὶ

1037 2530 1149 2561 ἄκοντες
1164 2529 1249 2565 αὐτὴν
1264 2530 1332 2564 πρὸς
1346 2531 1524 2565 Χριστιανοὺς
1551 2532 1716 2567 πέμπουσιν,
1743 2531 1773 2560 οὗ
1792 2535 1824 2568 δὴ

1038 2577 1085 2604 καὶ
1107 2577 1138 2603 ὲκ
1155 2575 1252 2602 πολλοῦ
1274 2577 1338 2611 ἦρα,
1354 2576 1422 2603 ἀλλὰ
1444 2577 1491 2604 καὶ
1506 2578 1555 2613 τὴν
1580 2578 1635 2605 τῶν
1654 2579 1826 2612 Χριστιανῶν

1039 2623 1152 2658 δύναμιν
1173 2623 1332 2657 ὁμολογοῦσι
1349 2624 1396 2650 καὶ
1421 2625 1457 2659 μὴ
1472 2624 1640 2659 βουλόμενοι.
1659 2626 1825 2661 Προσελῦόν-

1038 2677 1084 2700 τες
1100 2669 1151 2703 γὰρ
1178 2668 1216 2704 τῷ
1242 2669 1362 2704 εὐνούχῳ
1377 2668 1468 2704 ἠξίουν
1484 2670 1555 2705 μάλα
1572 2671 1682 2706 θερμῶς
1704 2673 1744 2702 είς
1761 2673 1826 2707 Χρι-

1040 2715 1164 2746 στιανοὺς
1177 2715 1369 2750 ἐκπεμφθῆναι
1389 2716 1506 2750 ταύτην·
1525 2717 1623 2748 αὐτούς
1638 2726 1667 2743 τε
1683 2719 1737 2752 γὰρ
1758 2719 1825 2753 ἐφη-

1040 2768 1089 2787 σαν
1100 2760 1224 2794 καμάτου
1236 2760 1477 2796 ἀπαλλαγήσασϐαι
1490 2762 1579 2788 οὐκέτι
1591 2763 1720 2797 φορητοῦ,
1733 2764 1826 2790 κάκεί-

1040 2814 1087 2840 νην
1105 2806 1141 2837 ὡς
1156 2806 1269 2841 τάχιστα
1287 2806 1444 2841 ίαθήσεσθαι
1472 2808 1540 2842 πρὸς
1561 2808 1662 2834 αὐτῶν.
1679 2809 1741 2835 Eiet
1760 2810 1823 2844 γὰρ,

1040 2849 1126 2884 εἷπον,
1144 2852 1208 2886 παρ’
1225 2853 1316 2882 αὐτοῖς
1328 2852 1373 2877 καὶ
1390 2853 1464 2882 ἄλλοι
1485 2853 1533 2888 τὴν
1559 2853 1655 2887 μανίαν
1669 2855 1737 2889 αὐτῇ
1754 2864 1825 2889 παρ-

1039 2898 1144 2933 όμοιοι,
1165 2898 1210 2930 οὓς
1236 2898 1283 2925 οὐκ
1305 2896 1361 2925 οἶδα
1384 2899 1433 2933 μὲν
1468 2899 1551 2931 ὅπως,
1571 2899 1712 2934 σώφρονας
1739 2901 1827 2927 armis
