2049 3151
176 213 244 245 1049

723 215 812 246 ΗΤΑ
832 215 882 246 SS.
907 213 1011 244 INDE
1031 214 1079 244 ΕΤ
1095 213 1247 245 DOMN/E.

1731 211 1800 242 L150

172 272 246 307 ὅμως
259 273 305 298 καὶ
319 272 441 306 ὑγιάζειν
459 273 592 307 λέγονται.
618 273 703 300 Τοῦτο
713 274 811 300 ἐκεῖνοι
826 273 875 307 μὲν
887 272 956 307 ὑπὲρ

1010 280 1121 307 quoque
1135 273 1161 300 ei
1179 272 1286 299 insania
1305 271 1410 299 similes
1436 277 1514 306 quos,
1528 269 1666 298 nescimus
1681 277 1799 304 quomo-

172 317 277 343 ἑαυτῶν
292 317 396 352 ᾔτησαν
412 318 550 354 ὀχλήσεως
560 319 646 354 δήπου
662 320 752 354 πάσης
768 318 958 352 ἀπαλλαγῆναι

171 361 341 395 γλιχόμενοι·
361 363 376 389 ό
389 363 418 389 δὲ
441 363 507 395 Θεὸς
532 364 562 391 τὺ
588 366 621 400 τῇ
651 365 777 399 παρθένῳ
797 365 840 391 διὰ
857 364 957 398 πολλῆς

171 406 296 442 ὑπάρχον
325 408 473 443 ἐπιθυμίας
505 410 629 444 χωρῆσαι
660 410 728 445 αὐτῇ
757 411 827 436 κατὰ
845 409 958 444 γνώμην

170 453 389 487 παρασκευάζει·
411 454 554 482 ἐλάνθανον
569 456 633 490 γὰρ,
646 457 676 483 τὺ
699 457 745 482 τοῦ
769 457 860 490 λόγου,
875 457 958 482 ἵππον

167 499 211 530 ei;
229 499 322 526 πεδίον
331 500 451 532 ἀνέντες,
467 502 513 528 καὶ
523 501 633 536 δελφῖνα
646 502 708 528 καθ’
725 502 830 534 ὕδατος.
850 502 957 528 Ἀκούει

166 544 256 570 ταῦτα
271 545 285 571 6
296 545 398 580 ἄρχων,
416 547 462 573 καὶ
474 547 506 583 δὴ
521 548 566 574 καὶ
583 548 664 580 αύτδς
679 548 807 582 ἀνεθῆναι
826 548 875 582 τῆς
893 548 958 581 περὶ

166 590 256 626 αὐτὴν
275 591 416 626 φροντίδος
429 593 498 627 ἐρῶν
511 595 555 619 τὸν
567 593 644 628 ἅγιον
659 594 872 628 εὐθὺςἈνῠιμον
888 594 958 628 (ἐπί-

168 643 272 667 σκοπος
287 637 314 663 δὲ
337 634 413 669 οὗτος
434 638 494 665 τότε
520 639 701 674 Νικομηδείας
729 639 796 674 μετὰ
824 639 958 674 Κύριλλον

166 679 214 716 ἧν)
230 683 448 717 μεταστέλλεται.
465 684 515 716 '0;
529 686 576 711 καὶ
591 685 734 720 παρελθὼν
748 685 829 716 εὐθὺς
846 685 893 711 καὶ
909 684 957 711 in

166 726 259 754 λαϐὼν
275 729 307 755 ἐκ
332 729 399 755 Θεοῦ
422 730 456 756 τὰ
476 731 505 756 ὲν
521 731 599 766 μυχῷ
621 731 733 766 καρδίας
748 730 859 762 ειδέναι,
876 730 958 764 de;-

167 782 230 801 σκει
251 784 280 802 τε
291 777 325 802 τὰ
340 777 412 803 κατὰ
424 777 476 812 τήν
489 777 622 814 παρθένον
637 778 675 813 τῷ
689 778 822 813 πνεύματι
838 778 884 804 καὶ
896 778 957 804 ὅσον

165 820 237 856 αὐτῇ
257 822 362 856 φρενῶν
379 822 460 858 βάθος
472 823 524 850 ὑπὸ
539 824 680 859 πλάσματι
693 824 743 859 τῆς
758 823 863 859 μωρίας
875 824 940 858 ὲκρύ
949 838 957 843 -

165 873 253 892 πτετο
276 866 400 899 συνιδὼν,
419 868 501 899 αὐτὸς
534 869 585 903 μὲν
601 869 712 896 σιωπῶν
728 869 866 904 εἱστήκει,
879 870 925 895 καὶ
940 869 956 904 ή

166 911 304 946 παρθένος
320 913 349 939 δὲ
366 913 465 948 ὁμοίως
480 914 573 941 ἰδοῦσα
600 914 646 941 τὸν
669 915 798 950 ἱεράρχην
824 915 900 941 οὐδὲν
915 914 956 941 ἐτι

1012 318 1047 346 do
1069 318 1198 346 dicuntur
1214 325 1323 349 sanare,
1343 321 1371 344 et
1396 318 1488 345 facere
1507 321 1537 344 ut
1556 317 1611 344 sint
1630 324 1701 344 sana:
1722 323 1799 343 men-

1013 365 1056 398 tis,
1083 365 1140 392 Hoc
1158 364 1195 391 illi
1225 364 1336 399 quidem
1348 371 1398 398 pro
1424 370 1453 390 se
1478 363 1628 397 petierunt,
1656 362 1798 397 cupientes

1012 411 1122 439 liberari
1142 410 1176 438 ab
1192 410 1266 437 omni
1286 410 1422 441 molestia;
1444 409 1515 436 Dens
1541 414 1631 435 utem
1660 408 1697 438 id.
1723 409 1797 443 quod

1011 458 1088 493 virgo
1111 457 1234 491 impense
1259 456 1398 490 cupiebat,
1425 455 1489 482 facit
1517 459 1544 482 ut
1564 455 1589 482 ci
1613 455 1742 481 succedat
1764 463 1798 482 ex

1011 505 1051 531 sui
1068 503 1151 530 animi
1172 503 1319 530 sententia.
1340 501 1505 528 Nesciebant
1533 501 1607 528 enim
1626 508 1667 532 ει»,
1685 506 1714 527 ιιι
1730 501 1799 527 dici-

1012 555 1066 582 tur,
1087 556 1189 583 equum
1204 548 1232 575 in
1253 555 1380 583 campum
1405 547 1565 577 immittere,
1585 550 1613 573 et
1636 546 1797 580 delphinum

1011 595 1039 621 in
1062 602 1172 630 aquam.
1198 594 1282 622 Audit
1298 593 1532 630 hmopraciectus,
1555 597 1582 620 et
1600 592 1714 626 cupiens
1741 592 1799 626 ipse

1010 649 1119 676 quoque
1136 641 1248 670 liberari
1265 641 1318 668 hac
1336 641 1395 675 ejus
1410 639 1590 670 cura.statim
1607 644 1731 667 sanctum
1745 639 1800 666 An-

1011 688 1128 714 thimum
1145 687 1213 722 (erat
1228 691 1319 714 autem
1335 686 1379 713 hic
1398 692 1461 713 tunc
1473 685 1640 713 Nicomedize
1653 686 1800 720 episcopus

1011 738 1072 768 post
1083 733 1232 768 Cyrillum)
1249 732 1374 760 accersit.
1391 732 1441 765 Qui
1456 739 1518 759 cum
1529 731 1619 758 statim
1629 731 1800 764 accessisSet,

1010 784 1038 807 et
1052 783 1092 811 ut,
1117 778 1165 813 qui
1183 785 1196 804 a
1223 778 1278 804 Deo
1304 777 1455 811 accepisset
1478 776 1604 803 notitiam
1622 783 1717 802 earum
1739 784 1801 810 quae

1011 830 1089 853 erant
1112 825 1139 852 in
1164 823 1302 859 profundo
1326 823 1430 854 cordis,
1455 823 1555 857 spiritu
1591 822 1733 857 cognoscit
1766 822 1800 848 de

1011 871 1129 904 virgine;
1144 875 1171 897 et
1194 877 1268 900 cum,
1283 875 1364 903 quam
1384 867 1518 902 profunda
1538 867 1673 901 sapientia
1689 868 1739 894 snh
1762 867 1800 894 si-

1011 915 1162 943 mulatione
1191 914 1313 942 stultitiae
1339 914 1446 945 lateret,
1463 913 1654 944 intellexisset,
1670 913 1727 946 ipse
1739 913 1802 947 qui-

165 956 327 991 παράφορον
342 957 358 992 ἢ
372 959 484 992 μανικὸν
497 959 651 991 ἐπεδείκνυ,
666 961 723 987 ἀλλ’
749 960 844 995 ὥσπερ
860 960 894 987 ἃν
910 963 956 987 καὶ

1010 962 1070 989 dem
1084 966 1181 988 tacens
1196 960 1329 991 constitit;
1349 959 1426 995 virgo
1458 966 1523 985 vero
1542 965 1603 986 cum
1619 958 1746 985 similiter
1760 958 1802 984 vi—

165 1001 253 1037 αὒτὴν
267 1003 371 1030 ἐκείνου
386 1003 435 1039 τὴν
459 1004 520 1039 ὄψιν
533 1004 724 1040 δυσωπηθεῖσα
747 1006 778 1032 τδ
791 1006 860 1040 μετὰ
871 1006 957 1032 ταῦτα

166 1048 317 1082 σωφρόνως
330 1046 388 1085 εἶχε
403 1050 449 1077 καὶ
459 1050 605 1086 γαληνίως,
621 1051 658 1083 ὥς
670 1053 716 1078 καὶ
731 1052 828 1083 αὐτοὺς
841 1053 958 1088 ἐκπλήτ-

165 1093 263 1120 τεσθαι
277 1096 341 1126 τοὺς
369 1097 506 1131 παρόντας
531 1098 770 1133 ἐπιλογιζομένους
785 1099 847 1125 ὅσον
864 1098 957 1133 ῐσχυσε

165 1139 214 1166 καὶ
227 1139 308 1173 μόνον
321 1141 434 1176 εὐσεϐὴς
446 1142 541 1176 ὀφθεὶς
552 1143 702 1177 ὀφθαλμός.
727 1143 760 1171 Ὀ
779 1144 828 1178 μὲν
848 1142 894 1171 οὖν
906 1145 956 1179 ἆρ-

165 1194 223 1220 χων
242 1186 410 1221 παραλαϐεῖν
419 1187 464 1214 τὸν
477 1189 627 1216 ἐπίσκοπον
649 1189 698 1225 τὴν
713 1189 848 1225 παρθένον
861 1190 937 1224 ἠξίου
948 1199 955 1205 ·

166 1231 219 1257 σὺν
233 1231 320 1268 ταύτῃ
333 1232 361 1258 δὲ
374 1233 420 1258 καὶ
435 1233 480 1260 τὸν
496 1235 585 1270 Ἰνδην
597 1235 644 1261 καὶ
659 1236 833 1270 ἀμφοτέρους
849 1235 956 1272 φυλακῇ

164 1277 260 1305 δοῦναι
282 1279 426 1315 πρεπούσῃ
443 1281 519 1316 παρά
550 1290 602 1315 τινι
619 1282 672 1308 τῶν
689 1283 771 1309 οἴκων
788 1282 844 1308 τῶν
861 1283 955 1317 ίερῶν·

165 1323 216 1350 καὶ
229 1324 359 1358 χρήματα
378 1325 406 1352 δὲ
429 1327 631 1362 συμπαρείίδου
649 1328 682 1355 τά
695 1336 726 1362 γε
740 1329 780 1360 εἰς
795 1329 897 1363 τροφὴν
911 1329 958 1355 καὶ

166 1369 263 1404 χρείαν
276 1370 402 1404 σώματος
429 1372 518 1400 ἱκανά.
541 1372 572 1398 ⁸0
594 1372 622 1398 δὲ
637 1373 750 1405 τούτους
767 1374 816 1408 μὲν
836 1375 882 1401 καὶ
897 1374 958 1401 λίαν

165 1415 304 1450 ἀσμένως,
319 1417 350 1442 οὐ
364 1417 417 1452 μήν
434 1417 543 1449 ἐδέξατο
556 1419 604 1445 καὶ
618 1419 652 1445 τὰ
664 1421 804 1455 χρήματα,
817 1420 874 1447 ἀλλ’
886 1421 958 1448 ὲκεί-

164 1467 205 1493 νῳ
224 1461 385 1496 άσκητηρὲῳ
412 1462 466 1488 τινὶ
498 1463 680 1498 παρέπεμψεν
705 1465 756 1491 οὐκ
779 1465 851 1492 ἐστιν
871 1466 958 1493 εἰπεῖν

164 1506 229 1533 ὅσον
243 1506 390 1542 ἡδομένους
404 1507 452 1535 ἅτε
478 1510 550 1536 κατὰ
570 1510 634 1537 νοῦν
652 1512 743 1543 αὐτοῖς
763 1512 884 1547 ὲκὸάσης
909 1514 958 1547 τῆς

166 1552 352 1587 μεταθέσεως.

188 1646 219 1673 Θ·
234 1663 242 1671 .
253 1641 309 1671 Ἦν
321 1644 349 1670 δὲ
359 1644 419 1671 τότε
435 1644 483 1671 καὶ
496 1645 662 1680 Μαξιμιανῷ
677 1647 795 1680 τρόπαια
810 1647 881 1674 κατὰ
908 1649 963 1675 τῶν

162 1692 245 1718 ιναντ
250 1690 296 1717 ίων
302 1690 513 1725 ὲξειργασμένα,
520 1691 566 1717 τοῦ
575 1692 642 1718 Θεοῦ
649 1693 732 1720 αὐτοῦ
739 1694 828 1727 σοφῶς
837 1703 939 1729 παρανο
944 1698 964 1722 ί-

163 1744 262 1770 γοντος
269 1736 317 1771 τὴν
325 1736 393 1770 πρὸς
400 1736 538 1772 σωτηρίαν
544 1737 614 1770 ὁδὸν,
623 1738 665 1764 ἵνα
677 1735 854 1775 οὗτινοςχειρὶ
863 1749 964 1776 κατορ-

162 1782 262 1809 Dei-rat
273 1781 359 1809 ταῦτα
370 1782 492 1818 ζητήσας
506 1783 656 1817 ἐπιγνῶναι
669 1783 718 1820 τὴν
736 1785 876 1819 ἀλήθειαν.
893 1787 963 1814 Ἀλλ’

161 1829 270 1859 ἐκεῖνος
278 1828 442 1863 τυφλώττων
452 1829 575 1865 ἀκριϐῶς
584 1831 613 1856 ὲν
628 1831 734 1863 τούτοις
740 1832 886 1869 ἐπικουρίᾳ
895 1833 963 1861 θεῶν

160 1874 351 1910 ψευδωνύμων
363 1874 412 1910 τὴν
428 1875 507 1910 νίκην
518 1876 680 1912 ἐπιγράφων
693 1875 738 1913 ἦν,
767 1879 814 1905 καὶ
837 1879 964 1906 τοσοῦτον

161 1920 280 1954 ἀπεῖχεν
291 1919 387 1954 ἀληθεί
396 1920 510 1956 Θεῷῖτήν
523 1922 603 1956 χάριν
613 1923 765 1956 ὁμολογεῖν,
777 1924 839 1952 ὅσον
853 1926 900 1951 καὶ
909 1926 964 1952 οεο-

165 1965 266 2000 μαχεῖν
275 1964 407 1999 ἠπείγετο
416 1965 464 1991 καὶ
473 1966 557 1992 τᾶλλα
565 1967 679 2002 δεύτερα
687 1968 741 2000 θεὶς
756 1969 883 2003 ἐκθύμως
892 1971 963 1998 κατὰ

166 2011 341 2045 Χριστιανῶν
356 2011 499 2044 ὡπλίζετο,
516 2011 611 2047 ἑορτάς
624 2021 654 2039 τε
671 2015 725 2045 τοῖς
734 2014 842 2048 δαίμοσι
858 2018 904 2043 καὶ
914 2018 962 2044 θυ-

168 2057 232 2089 σίας
249 2056 393 2089 ἐπιτελῶν,
410 2057 462 2084 κᾶν
477 2057 511 2083 τὰ
523 2058 618 2093 πρῶτα
635 2059 685 2093 τὴν
700 2060 847 2094 ἀλωπεκῆν
863 2062 964 2094 emas;

167 2102 268 2137 δώροις
283 2111 313 2128 τε
328 2103 376 2128 καὶ
393 2104 486 2136 τιμαῖς
501 2102 659 2130 ὑπεποιεῖτο
673 2104 703 2130 τὸ
714 2104 818 2140 πλῆθος
834 2108 878 2133 καὶ
894 2108 963 2141 ἀφα-

168 2148 218 2182 νὴς
239 2144 310 2173 εἶναι
326 2147 374 2182 τὴν
385 2147 485 2173 κακίαν
500 2147 640 2182 ἠόούλετο.
663 2148 784 2183 Θέατρον
810 2149 857 2176 οὖν
879 2151 962 2177 πολυ-

167 2192 378 2228 ανθρωπότατον
399 2192 472 2227 αὐτῷ
487 2193 691 2228 συνηθροίζετο,
699 2195 748 2221 καὶ
770 2196 784 2221 ό
798 2195 872 2229 ἀγὼν
886 2193 963 2228 οὗτος

167 2239 237 2275 πρὸς
249 2239 430 2273 Χριστιανοὺς
444 2239 474 2266 οὐ
483 2239 564 2274 δῆλος
576 2238 610 2275 ἦν
621 2241 681 2266 κατ’
695 2241 756 2275 όψιν
773 2242 864 2273 αὐτοῖς
888 2251 962 2269 συνι-

169 2284 316 2319 στάμενος,
342 2283 410 2310 ἀλλὰ
438 2284 505 2310 πολὺ
521 2284 550 2311 τὸ
574 2285 678 2318 ἀσαφὲς
700 2285 769 2319 ἔχων
789 2286 836 2313 καὶ
853 2286 961 2322 δολερὸν

168 2330 218 2357 καὶ
233 2329 397 2362 κακότεχνον
411 2337 418 2345 '
442 2329 461 2356 ἃ.
481 2329 535 2364 γὰρ
549 2329 646 2356 εἴδωλα
668 2331 703 2357 τὰ
719 2332 811 2366 χρυσῷ
828 2333 877 2368 μὲν
905 2335 960 2366 τοῖς

169 2375 283 2402 ἀσεϐέσι
300 2375 455 2410 τιμώμενα,
472 2375 582 2410 βόθυνον
603 2376 632 2402 δὲ
646 2376 783 2410 ἀπωλείας
803 2379 894 2411 αὐτοῖς
915 2381 961 2406 ἀν-

170 2422 374 2456 τιχαριζόμενα,
399 2421 486 2448 ταῦτα
505 2422 536 2455 δὴ
561 2423 596 2449 τὰ
613 2423 707 2458 χρυσῷ
728 2425 775 2451 καὶ
805 2425 855 2452 ὅσα
881 2427 960 2452 πάλιν

148 2505 155 2510 .
170 2467 294 2502 ἀργύρου
311 2467 443 2500 πεποίητο
460 2467 604 2502 προφέρων
617 2469 632 2495 ὁ
647 2469 778 2505 δυσσεϐὴς
794 2471 834 2502 είς
849 2471 960 2505 θρόνοπ

171 2513 305 2547 προετίθη
324 2512 491 2547 βασιλικοὺς,
503 2515 549 2539 καὶ
564 2515 718 2549 στέμμασιν
735 2517 892 2551 ἐστεφάνου,
915 2518 960 2544 καὶ

168 2558 249 2588 τέλος
267 2558 491 2591 ταύρουςαὺτοὺς
507 2559 652 2586 καταθύων
678 2563 900 2598 περιρῤαντίζιιν
927 2564 960 2590 τὰ

170 2602 263 2636 πλήθη
282 2602 337 2633 τοῖς
353 2603 461 2637 μιαροῖς
475 2603 639 2630 ὲπέτταττεν
651 2605 754 2641 ἱερεῦσι
772 2607 869 2642 βοηθοῦ
897 2616 961 2641 τυγα

170 2648 262 2683 χάνων
275 2647 321 2673 καὶ
335 2647 382 2673 τοῦ
399 2648 507 2683 καιροῦ.
524 2649 579 2675 Καὶ
593 2649 647 2684 γὰρ
660 2648 730 2685 ἦσαν
749 2652 809 2678 τότε
835 2655 961 2688 τερπνοῖς

171 2692 387 2728 ἀκούσμασιτοῦ
405 2693 520 2729 θεάτρου
546 2696 774 2731 προσκεχηνότες.
802 2697 880 2724 Ὅσοι
910 2699 959 2732 μὲν

171 2739 217 2766 οὖν
232 2737 302 2774 ἦσαν
317 2739 447 2774 ἀσφαλεῖς
459 2741 509 2776 τὴν
525 2742 667 2769 εὐσέόειαν
683 2744 728 2770 καὶ
738 2743 773 2770 τὰ
789 2742 959 2777 Χριστιανῶν

174 2785 265 2816 αὐτοῖς
277 2785 306 2811 οὐ
326 2785 406 2820 μόνον
422 2786 477 2811 τῶν
500 2787 649 2821 ὀνομάτων,
674 2788 741 2815 ἀλλὰ
756 2789 803 2815 καὶ
826 2790 864 2820 εἰς
891 2799 960 2825 καρ-

173 2831 232 2858 δίαν
242 2831 409 2865 ἐνδεδυκότα,
425 2830 498 2859 οὗτοι
514 2833 691 2869 φωράσαντες
706 2835 736 2863 τὸ
757 2836 898 2870 γινόμενον
914 2837 960 2864 καὶ

210 2921 248 2957 (-5)
267 2923 362 2951 Baron.
380 2924 414 2951 ad
427 2932 471 2951 an.
493 2924 555 2952 501.

1007 1007 1092 1034 disset
1114 1006 1282 1041 pontiﬁcem,
1300 1005 1404 1032 nullum
1431 1003 1548 1038 amplius
1580 1010 1634 1037 pne
1651 1011 1678 1029 se
1697 1002 1801 1029 terebat

1007 1053 1130 1080 furorem
1140 1057 1187 1080 aut
1203 1052 1362 1082 amentiam.
1374 1050 1422 1077 sed
1438 1049 1552 1084 perinde
1568 1057 1600 1076 ac
1616 1049 1705 1084 ipsum
1726 1049 1802 1076 illius

1009 1104 1152 1133 aspectum
1168 1097 1296 1129 reverita,
1315 1105 1343 1124 se
1357 1096 1497 1123 moderate
1511 1095 1624 1130 gerebat
1641 1100 1668 1121 et
1682 1094 1800 1132 placide,

1008 1144 1078 1172 adeo
1094 1149 1124 1172 ut
1146 1144 1196 1179 ipsi
1215 1143 1260 1178 qui
1279 1143 1393 1170 aderant
1411 1145 1566 1176 stuperent,
1591 1140 1802 1168 considerantes

1009 1195 1140 1226 quantam
1169 1189 1225 1217 vim
1251 1189 1352 1216 habeat
1376 1188 1419 1215 vel
1436 1188 1525 1215 solum
1550 1191 1716 1221 conspectus
1740 1187 1803 1220 pius

1009 1237 1129 1269 octtlusJ
1157 1235 1306 1263 Prmfectus
1333 1242 1400 1269 ergo
1433 1233 1539 1268 rogavit
1567 1233 1740 1268 episcopum,
1773 1237 1802 1258 nt

1009 1286 1161 1309 assumeret
1181 1280 1326 1316 virginem,
1347 1287 1409 1306 cum
1437 1286 1469 1306 ea
1489 1282 1580 1304 autem
1598 1278 1680 1304 etiam
1707 1276 1801 1303 lndlem

1009 1332 1086 1354 etut
1110 1334 1159 1354 eos
1188 1327 1215 1354 in
1246 1333 1324 1353 sacra
1347 1325 1437 1359 aliqua
1461 1323 1520 1351 aede
1547 1322 1669 1350 traderet
1698 1322 1725 1348 in
1752 1330 1802 1348 cu-

1011 1373 1130 1401 stodiam
1144 1373 1298 1399 honestam.
1313 1371 1400 1398 Simul
1412 1371 1493 1397 etiam
1507 1369 1580 1395 dedit
1593 1368 1804 1403 pecunias.qu

1009 1420 1042 1447 ad
1056 1419 1217 1446 alimentum
1233 1418 1389 1445 sufﬁcerent
1402 1420 1430 1444 et
1446 1423 1511 1443 usus
1527 1415 1653 1449 corporis
1671 1421 1802 1440 necessav

1009 1467 1075 1493 rios.
1091 1466 1137 1492 llle
1147 1470 1237 1492 autem
1254 1464 1305 1491 hos
1322 1463 1432 1497 quidem
1445 1461 1526 1488 valde
1537 1461 1656 1487 libenter
1669 1459 1801 1493 suscepit,

1010 1512 1057 1539 sed
1074 1519 1127 1538 nun
1144 1511 1227 1538 etiam
1250 1509 1391 1544 pecunias.
1410 1508 1463 1535 Eos
1490 1515 1555 1534 vero
1575 1507 1648 1533 misit
1663 1506 1696 1532 ad
1715 1505 1804 1540 quod-

1011 1558 1074 1585 dam
1092 1556 1289 1584 monasterium
1302 1576 1308 1588 ,
1327 1555 1384 1582 dici
1402 1562 1456 1581 non
1474 1557 1575 1590 potest,
1595 1557 1730 1587 quantum
1756 1552 1803 1578 lm-

971 1605 994 1636 C
1011 1608 1111 1633 tantes.
1126 1602 1198 1637 quod
1214 1601 1394 1628 successisset
1407 1601 1448 1627 eis
1463 1603 1583 1634 emptum
1602 1607 1635 1625 ex
1656 1597 1803 1625 sententia.

1050 1649 1085 1676 IX
1096 1649 1155 1677 Jam
1169 1652 1260 1674 autem
1276 1646 1438 1674 Maximiano
1460 1650 1526 1672 tunc
1541 1649 1633 1671 erecta
1649 1648 1726 1671 erant
1746 1648 1804 1669 tro-

1011 1701 1070 1730 paea
1097 1694 1229 1721 adversus
1240 1692 1367 1720 inimicos
1393 1691 1444 1726 (5),
1460 1691 1516 1718 Deo
1538 1690 1565 1718 ei
1580 1690 1719 1724 sapienter
1731 1688 1804 1715 viam

1014 1741 1155 1775 aperiente
1180 1739 1214 1766 ad
1240 1739 1367 1770 salutem,
1392 1742 1421 1764 ut
1441 1745 1503 1764 cum
1531 1735 1694 1771 quazsiissct,
1713 1734 1806 1769 cujus-

1014 1795 1078 1814 na-m
1096 1794 1178 1814 manu
1198 1786 1255 1813 haec
1270 1789 1343 1812 recte
1359 1787 1532 1819 gererentur,
1550 1786 1710 1817 agnosceret
1728 1780 1803 1807 veri-

1015 1837 1108 1859 tatem.
1134 1831 1188 1858 Sed
1213 1830 1258 1857 ille
1285 1830 1312 1856 in
1340 1829 1382 1856 liis
1405 1829 1484 1863 plane
1509 1826 1668 1862 ca-cutiens,
1689 1826 1713 1852 dt
1724 1832 1804 1851 orum

1012 1873 1059 1914 qui
1077 1878 1143 1905 falso
1157 1877 1298 1907 dicuntur,
1317 1875 1418 1902 auxilio
1440 1873 1594 1901 ascribe-bat
1610 1872 1764 1904 victoriam,
1775 1875 1804 1898 et

1014 1927 1120 1950 tantum
1145 1921 1250 1952 aberat,
1278 1926 1307 1947 ut
1331 1927 1398 1947 vero
1428 1919 1482 1946 lien
1511 1922 1605 1954 ageret
1631 1917 1743 1952 gratias,
1774 1921 1805 1943 ut

1013 1969 1097 1996 etiam
1120 1971 1281 2002 properaret
1304 1966 1435 1993 adversus
1453 1965 1538 1992 Deum
1563 1963 1664 1990 bellum
1689 1969 1803 1996 gerere;

1013 2019 1042 2041 et
1055 2014 1116 2040 aliis
1129 2012 1299 2048 postpositis,
1316 2012 1374 2039 acri
1386 2011 1478 2038 animo
1494 2009 1653 2036 armabatur
1671 2008 1804 2035 adversus

1013 2059 1193 2087 Christianos.
1214 2057 1385 2084 daemonibus
1407 2056 1474 2083 festa
1506 2062 1640 2090 peragens
1655 2058 1683 2080 et
1699 2053 1804 2081 sacriﬁ-

1015 2105 1067 2136 cia,
1084 2103 1191 2131 etiamsi
1210 2103 1299 2138 primo
1314 2102 1452 2135 vulpinam
1466 2102 1564 2136 pellem
1580 2101 1708 2134 induens,
1725 2099 1804 2126 donis

1014 2157 1042 2179 et
1057 2151 1209 2179 honoribus
1226 2151 1296 2178 clam
1310 2157 1340 2177 se
1358 2148 1519 2176 insinualiat
1532 2148 1559 2174 in
1573 2146 1664 2181 populi
1681 2145 1804 2172 benevo-

1015 2199 1138 2229 lentiam,
1157 2201 1271 2224 etsuam
1293 2203 1354 2223 esse
1380 2199 1483 2221 rectam
1509 2192 1618 2219 volebat
1645 2190 1804 2225 improbita.

1014 2250 1079 2272 tem.
1099 2244 1250 2270 Theatrum
1269 2242 1361 2276 itaque
1378 2239 1630 2274 frequentissimum
1648 2238 1681 2264 ab
1703 2245 1736 2264 eo
1752 2237 1803 2264 fuit

1015 2294 1220 2325 congregatum.
1239 2289 1298 2315 Non
1317 2291 1410 2322 aperte
1427 2290 1518 2312 autem
1535 2284 1733 2311 ostendebatur
1750 2284 1803 2310 hoc

1014 2341 1153 2364 certamen
1182 2334 1338 2368 comparari
1372 2332 1504 2359 adversus
1537 2330 1719 2361 Christianos,
1754 2329 1801 2356 sed

1014 2383 1142 2413 obscure,
1163 2381 1256 2408 dolose
1273 2384 1301 2406 et
1316 2379 1450 2406 malitiose
1465 2377 1665 2404 instruebatur.
1683 2375 1802 2402 Simulao

1014 2437 1060 2456 era
1074 2427 1160 2459 enim,
1175 2434 1235 2460 quae
1258 2433 1327 2453 auro
1354 2423 1465 2458 quidem
1481 2422 1690 2450 honorabantur
1703 2422 1736 2447 ab
1754 2421 1804 2447 im-

1013 2474 1079 2508 piis;
1097 2473 1195 2500 l'ossam
1218 2479 1285 2499 vero
1304 2470 1433 2497 interitus
1458 2469 1500 2496 eis
1513 2469 1633 2495 vicissim
1650 2467 1803 2502 largieban-

1013 2524 1070 2551 tur,
1101 2518 1171 2549 haec,
1202 2518 1323 2552 inquam,
1349 2523 1443 2546 aurea,
1471 2520 1582 2548 etquae
1608 2521 1704 2541 rursus
1733 2513 1801 2540 facta

1011 2565 1121 2592 fuerant
1137 2571 1169 2590 ex
1194 2567 1317 2598 argento,
1345 2563 1502 2597 producens
1519 2560 1630 2594 impius,
1659 2559 1751 2594 posuit
1773 2559 1800 2585 in

1010 2611 1076 2638 sedc
1103 2609 1197 2645 regali,
1228 2613 1256 2636 et
1279 2607 1390 2635 coronis
1419 2606 1551 2636 redimi-it:
1579 2611 1607 2633 et
1627 2605 1736 2632 tandem
1760 2605 1801 2631 eis

1013 2662 1106 2684 tauros
1126 2655 1294 2684 sacriﬁcans,
1318 2654 1399 2689 jussit
1421 2652 1595 2680 exsecrandis
1611 2651 1801 2678 sacerdotibus

1011 2710 1156 2737 aspergere
1178 2702 1320 2737 populum,
1346 2699 1475 2732 temporis
1504 2705 1612 2732 quoque
1630 2705 1662 2724 ea
1679 2704 1707 2723 re
1720 2701 1800 2724 utens

1013 2747 1125 2774 auxilio.
1146 2747 1223 2774 Tunc
1242 2746 1315 2774 enim
1338 2752 1387 2772 ore
1405 2744 1492 2771 hianti
1506 2742 1685 2770 attendebant
1698 2743 1798 2777 jucun-

1014 2793 1048 2820 da
1074 2793 1173 2820 theatri
1200 2790 1542 2823 acroamata.Quicunque
1563 2797 1628 2823 ergo
1654 2789 1680 2815 in
1698 2787 1802 2823 pietate

1014 2838 1124 2872 quidem
1139 2842 1217 2865 erant
1243 2837 1312 2863 fmni
1329 2842 1357 2864 et
1370 2835 1490 2867 stabiles.
1517 2840 1543 2862 et
1560 2841 1677 2869 quorum
1691 2833 1803 2859 animos
