2049 3151
102 196 170 230 1053

665 204 755 234 νΙΤΑ
776 205 827 237 SS.
849 206 955 238 INDIE
976 208 1026 238 ET
1047 208 1202 239 DOMN/E.

1668 213 1738 246 £054

99 255 149 289 τῆς
165 255 293 286 ἀσεϐείας
306 255 433 289 ἀνεγκεῖν
448 255 549 291 κοῦφον
562 257 660 293 κομιδῆ
673 258 703 285 τὸ
718 261 829 294 γεγονὸς
844 261 887 287 καὶ

946 270 1012 297 pore
1026 271 1080 290 non
1107 264 1224 298 plueret.
1249 264 1312 292 Fuit
1336 270 1439 300 tamen,
1457 267 1530 302 quod
1560 268 1663 296 factum
1684 276 1736 297 est.

101 301 210 335 μικρόν.
222 301 284 328 Ὀτι
300 302 354 337 γὰρ
365 301 446 332 αὑτδς
459 303 561 334 ἐκεῖνος
577 303 747 339 Μαξιμιανὸς
759 303 792 341 ἦν
807 307 891 342 μηδὲν

100 347 245 379 διατεθεὶς,
254 348 366 383 ἄμεινον
387 348 518 381 δείξειτά
538 350 613 385 παρὰ
642 351 736 384 πόδας.
764 353 891 388 Ζητήσας

99 395 151 429 γὰρ
162 395 232 430 μετὰ
247 396 333 422 ταῦτα
348 396 378 422 τὺ
389 397 577 431 γραμματεῖον
597 394 619 431 ᾧ
633 398 668 424 τὰ
687 399 808 434 ὀνόματα
833 400 888 427 τῶν

98 441 152 472 τοῖς
171 441 289 476 πρώτοις
313 441 367 469 τῶν
382 442 567 478 ψευδωνύμων
591 443 695 471 δώδεκα
717 445 788 472 θεῶν
816 446 890 480 ὑπη-

99 487 272 523 ρετουμένων
297 488 444 523 ὲγκείμενα
466 486 517 525 ἧν,
550 490 612 517 ἐπεὶ
647 490 694 517 καὶ
720 491 758 526 μὴ
797 493 901 526 Δόμνα,

98 533 144 560 καὶ
162 533 255 568 Ἷνδης
282 534 332 560 σὺν
348 535 403 566 τοῖς
415 535 506 566 ἄλλοις
525 535 678 571 εὑρίσκετο,
706 537 754 564 καὶ
783 537 887 572 σφόδρα

96 579 251 611 σπουδαίως
265 579 338 612 ὅπως
353 578 408 616 εἶχε
421 581 454 608 τὰ.
468 580 527 608 κατ’
540 582 640 614 αὐτοὺς
655 582 831 611 ἐπυνθάνετο.

126 668 165 696 lB’
176 690 181 695 .
192 668 236 701 Ὠς
247 669 274 696 δὲ
288 669 370 705 ἤκουε
387 671 462 707 παρὰ
472 671 519 698 τοῦ
535 673 728 710 ἀρχιευνούχου
744 674 784 702 ὅτι
795 675 886 710 Δόμνα

96 715 144 750 μὲν
175 715 232 741 τῶν
257 716 364 750 φρενῶν
390 717 514 749 ἐκπέσοι,
536 718 593 745 ἐστι
623 719 651 745 δὲ
679 719 726 746 νῦν
739 721 814 755 παρὰ
829 722 885 753 τοῖς

96 762 180 788 ταῦτα
195 761 358 796 θεραπεύειν
376 764 578 800 ἐπισταμένοις,
594 765 702 793 σύνεστι
718 766 746 793 δὲ
768 767 815 794 καὶ
829 768 885 795 'lv-

96 807 143 842 δης
159 807 231 843 αὑτῇ
246 808 371 842 φυλακῆς
385 809 466 845 χάριν
479 813 525 837 καὶ
538 810 700 847 ὑπουργίας,
715 813 819 844 ἐκεῖνος
834 814 884 849 ἤδη

94 853 133 888 τῷ
149 853 230 889 θυμῷ
243 854 418 890 φλεγμαίνων
431 856 478 883 καὶ
493 857 566 892 μέγα
588 859 762 894 ἀνακραγὼν,
784 857 820 886 Ὠ
836 860 885 887 κά-

96 908 170 926 κιστε
186 900 349 936 ἀνθρώπων,
368 901 431 937 ἔφη,
442 903 548 938 Δόμναν
565 905 615 940 μὲν
632 905 805 941 δαιμονῶσιν
818 907 884 939 ίσως

95 945 142 972 οὐκ
152 945 207 972 ἀπὸ
222 947 323 981 τρόπου
340 947 390 982 τῆς
404 948 458 975 τῶν
480 948 550 976 θεῶν
578 950 737 985 ἀπέστησας
766 950 888 986 λειτουρ-

96 992 176 1025 γίαςο
187 992 252 1019 τίδὲ
269 991 363 1020 παθὼν
375 994 422 1020 καὶ
443 995 532 1029 Ἴνδης
554 996 728 1032 θεραπευτὴν
753 997 817 1024 ὄντα
835 997 889 1023 τῶν

97 1037 223 1072 μεγάλων
235 1037 305 1065 θεῶν
320 1040 387 1074 αὐτῇ
406 1040 614 1076 συναπέστησας
639 1042 685 1068 καὶ
701 1042 732 1069 τό
748 1051 779 1076 γε
792 1043 833 1074 είς
859 1043 889 1069 σὲ

95 1080 162 1118 ἦχον
180 1085 301 1121 ἐρήμους
313 1085 466 1120 ὑπηρεσίας
480 1087 584 1121 ἀνῆκας
607 1088 727 1122 αὐτοὺς;
763 1088 833 1123 Ἐγὼ
861 1089 889 1115 δὲ

95 1129 152 1156 ἀλλ’
165 1130 265 1162 αὐτοὺς
282 1131 387 1166 ὄμνυμι
402 1132 467 1163 τοὺς
479 1132 556 1164 θεοὺς
567 1133 604 1165 ὡς
617 1135 749 1169 οὐμενοῦν
764 1135 794 1162 οὺ
820 1144 891 1171 παρ-

95 1176 236 1203 ελεύσεται
252 1177 267 1211 ἠ
281 1177 343 1209 ἀξία
366 1177 412 1204 τοῦ
426 1178 600 1214 τολμήματος
615 1180 689 1216 δίκη,
703 1178 765 1208 εἷπε
781 1182 828 1209 καὶ
839 1182 890 1209 οὐκ

94 1223 203 1257 ἡμέλει,
222 1223 290 1250 ἀλλὰ
305 1224 335 1250 τὸ
346 1224 536 1260 λειτούργημα
549 1227 604 1254 τῶν
620 1229 754 1264 καμήλων
768 1228 798 1256 αἳ
814 1231 842 1257 ὲν
855 1231 887 1265 τῇ

94 1269 173 1305 χώρᾳ
183 1270 435 1298 Κλαυδιουπολιτῶν
451 1273 600 1308 ἐτύγχανον
613 1273 702 1307 οὖσαι,
717 1275 889 1312 ἐγχειρισθῆ-

94 1315 138 1342 ναι
161 1315 186 1341 el
212 1316 359 1343 ἐπέταττεν
388 1317 470 1351 δγκου
498 1318 579 1345 αὑτὸν
604 1319 765 1354 ἀρχοντικοῦ
799 1329 888 1346 κατα-

93 1361 189 1395 γαγὼν
204 1362 250 1389 καὶ
264 1363 332 1398 πρὸς
342 1364 459 1399 ἐσχάτην
470 1364 577 1397 ἀδοξίαν
595 1365 738 1400 περιιστάς
750 1374 756 1382 ·
771 1364 831 1394 εἶτα
842 1368 890 1394 καὶ

95 1407 188 1443 Ἴνδην
206 1407 332 1434 ἐκέλευσε
350 1410 524 1444 παραστῆναι
540 1411 587 1436 καὶ
606 1411 640 1437 τὰ
654 1410 723 1444 πρὸς
740 1410 818 1442 θεοὺς
831 1412 890 1441 είω,

94 1453 160 1481 θότα
179 1455 226 1481 καὶ
239 1452 317 1486 αὖθις
328 1455 428 1482 ποιεῖν.
470 1454 498 1481 '0
514 1455 542 1481 δὲ
557 1454 702 1490 παρελθὼν
726 1456 759 1482 τὰ
785 1456 889 1492 συνήθη

94 1501 163 1536 πρὸς
192 1501 324 1536 ἀλήθειαν
353 1502 438 1528 ποιῶν
468 1499 512 1536 ἦν,
541 1502 588 1529 καὶ
602 1502 673 1534 θεοῖς
692 1503 741 1538 μὲν
753 1503 797 1529 καὶ
814 1504 890 1535 θεαῖς

93 1548 206 1580 καὶτοῖς
222 1549 326 1575 τούτων
343 1549 493 1584 ἱερουργοτς
509 1548 595 1575 πολλὰ
606 1549 740 1584 χαίρεινῆ
759 1551 889 1584 οἰμώζειν

93 1594 193 1628 μᾶλλον
206 1593 293 1620 εἰπὼν
306 1593 387 1625 αὐτὸς
415 1595 577 1629 προσανεῖχε
596 1594 670 1630 μόνῳ
685 1594 744 1630 Θεῷ
771 1603 888 1629 προσευ-

92 1641 152 1675 χαῖς
164 1649 192 1667 τε
214 1640 262 1667 καὶ
285 1640 424 1675 νηστείαις
439 1640 679 1675 ἕνας-χολούμενος,
692 1641 739 1667 καὶ
756 1640 793 1676 μὴ
805 1641 886 1676 μόνον

91 1686 165 1713 οὐδὲν
179 1685 250 1722 πρὸς
265 1685 314 1721 τὴν
331 1685 443 1712 ἐκείνων
457 1685 586 1712 ἀσέϐειαν
597 1687 742 1721 καθυφεὶς,
759 1686 826 1714 ἀλλὰ.
841 1687 888 1714 καὶ

91 1732 203 1772 πολλοὺς
222 1732 276 1759 τῶν
285 1731 470 1767 ἠπατημένων
486 1732 525 1762 είς
539 1731 588 1767 τὴν
608 1732 656 1767 τῆς
674 1732 803 1768 ἀληθείας
825 1733 887 1759 ὲπί-

90 1787 190 1812 γκωσιν
233 1777 444 1813 ἐκκαλούμενος.
476 1778 636 1813 Ἐπαγωγὺν
653 1779 706 1814 γὰρ
742 1779 782 1811 είς
801 1779 887 1806 πειθὼ

90 1825 166 1858 λόγος
176 1846 184 1858 ,
197 1826 303 1853 ὁπόταν
319 1825 368 1862 ἔχῃ
383 1825 430 1852 καὶ
447 1824 504 1860 βίον
523 1824 597 1860 αὐτῷ
627 1825 882 1860 συμφθεγγόμενον·

89 1872 182 1908 ὥσπερ
193 1872 246 1900 οὖν
256 1870 313 1908 εἶχε
334 1873 381 1899 καὶ
396 1871 496 1907 Ἴνδης,
510 1873 557 1898 καὶ
570 1872 614 1898 διὰ
625 1873 704 1899 τοῦτο
719 1873 834 1905 πολλοὺς
847 1871 886 1908 τῷ

89 1921 148 1957 Θεῷ
164 1920 301 1955 προσῆγε,
316 1919 365 1946 καὶ
377 1918 444 1950 ἆλας
463 1919 582 1953 ἀτεχνῶς
593 1919 664 1946 θεῖον
684 1917 718 1955 ἦν
742 1919 839 1946 ἑαυτόν
854 1927 885 1946 τε

93 1967 257 2003 συγκρατῶν
271 1966 318 1993 καὶ
337 1965 400 1997 τοὺς
420 1964 519 1997 ἄλλους
546 1965 703 2000 διακρατεῖν
726 1966 884 2000 δυνάμενος.

99 2013 178 2040 Ἀλλὰ
189 2014 224 2041 τὰ
238 2013 287 2048 μὲν
303 2013 406 2040 ἐκείνου
422 2011 533 2038 τοιαῦτα
548 2019 557 2027 ·
583 2011 750 2046 Μαξιμιανῷ
784 2011 812 2038 δὲ
834 2012 885 2038 οὐκ

93 2057 125 2095 ἦν
138 2059 253 2087 ἀνεκτὸν
269 2057 415 2093 βαρϐάρων
433 2057 481 2092 μὲν
495 2057 603 2084 πάντων
620 2057 814 2091 περιγενέσθαι
841 2058 886 2085 δο-

93 2106 150 2131 κεῖν
164 2105 212 2132 καὶ
223 2104 359 2140 βλέμματι
383 2103 457 2138 μόνῳ
475 2102 608 2138 μυριάδας
623 2102 709 2137 ὄχλων
721 2103 823 2137 φοϐεῖν,
836 2104 885 2138 ἡτ-

92 2151 191 2178 τᾶσθαι
220 2151 249 2177 δὲ
265 2150 332 2185 ζτῶν
347 2149 467 2182 οἰκείων,
481 2149 633 2183 καὶταῦτα
655 2149 722 2176 νέων
740 2149 812 2177 οὕτω
836 2150 883 2177 καὶ

93 2197 196 2224 ἀτελῶν
211 2196 252 2223 ἐτι
269 2195 319 2231 τὴν
334 2195 454 2231 ἠλικίαν.

127 2242 178 2271 ll".
208 2243 319 2278 ’Δμέλει
344 2242 409 2277 γοῦν
439 2242 487 2269 καὶ
502 2241 586 2274 λύσας
599 2243 670 2270 κατὰ
692 2242 788 2279 μικρὸν
813 2244 882 2278 ὅπερ

945 309 1094 337 admodum
1120 310 1180 337 leve
1211 314 1239 338 et
1269 318 1385 346 parvum
1410 313 1444 340 ad
1463 314 1663 348 penetrandum
1683 315 1739 342 Ma-

945 355 1059 383 ximiani
1085 356 1225 389 animum,
1249 362 1277 384 et
1297 358 1520 392 persuadendum
1543 365 1574 387 ut
1589 361 1736 395 resipisee-

943 407 987 429 ret
1015 402 1050 429 ab
1077 402 1230 438 impietate.
1265 402 1333 430 Nam
1364 411 1428 431 cum
1458 409 1552 440 postea
1585 406 1739 440 quasi‘sset

943 447 1102 476 schedulam
1113 470 1121 481 .
1138 448 1165 476 in
1186 456 1240 484 qua
1267 453 1347 477 erant
1364 450 1476 478 nomina
1497 458 1596 478 eorum
1609 452 1655 486 qui
1670 452 1739 480 falso

944 492 1074 520 dicuntur
1091 493 1142 526 dii,
1156 494 1363 526 ministrabant,
1379 496 1510 530 quoniam
1526 494 1629 523 Damna
1651 501 1678 523 et
1694 496 1739 523 ln-

943 538 992 566 des
1007 546 1064 566 non
1090 539 1305 567 inveniebantur
1332 548 1394 568 cum
1416 541 1493 574 aliis,
1509 541 1605 568 dolore
1622 540 1740 569 simulet

941 583 981 611 ira
997 584 1173 619 implebatur,
1188 589 1216 613 et
1242 585 1389 621 diligenter
1411 586 1643 620 percontabatur,
1666 593 1738 620 quo-

942 629 1024 657 modo
1038 636 1083 657 res
1111 637 1209 657 eorum
1228 638 1257 658 se
1277 630 1422 659 haberent.

976 675 1035 704 ΧΙΙ.
1055 675 1204 710 Postquam
1217 681 1311 704 autem
1337 676 1442 704 audivit
1464 677 1497 704 ab
1518 677 1738 710 arehieunueho,

939 723 1052 750 Domme
1075 723 1188 758 quidem
1215 727 1334 750 emotam
1364 731 1426 751 esse
1441 727 1575 754 mentem,
1591 731 1653 750 eam
1673 731 1740 750 vero

940 776 1015 796 nunc
1030 776 1091 796 esse
1104 769 1176 804 apud
1195 777 1253 803 eos,
1272 769 1319 804 qui
1336 777 1369 796 ea
1386 770 1480 798 sciunt
1495 777 1611 803 curare;
1627 777 1690 797 cum
1706 778 1738 798 ea

941 819 1033 843 autem
1056 823 1117 843 esse
1134 814 1239 848 lndctn,
1256 821 1287 844 ut
1310 819 1371 844 eam
1391 816 1540 850 custodiat,
1558 821 1587 845 et
1600 817 1626 844 ei
1646 817 1738 844 inser-
1770 835 1771 839 η

940 862 998 889 viat
1013 882 1020 894 ,
1040 862 1086 890 ille
1107 861 1164 898 jam
1188 862 1230 890 ira
1245 866 1384 894 aestuans,
1406 866 1434 889 et
1460 862 1540 889 valde
1561 862 1715 890 vociferans
1732 871 1740 890 :

939 908 961 936 Ο
975 907 1093 944 pessime
1109 907 1255 940 hominun,
1271 907 1372 942 inquit,
1390 908 1524 936 Domnam
1539 909 1662 943 quidem,
1677 916 1738 944 quae

944 956 1097 984 vexabatur
1120 962 1135 982 a
1150 955 1287 993 daemone,
1304 955 1420 982 fortasse
1437 963 1491 982 non
1510 955 1649 982 immerito
1663 962 1739 981 amo-

944 1001 1007 1028 visti
1023 1008 1038 1028 a
1055 1000 1170 1028 deorum
1195 1000 1363 1028 ministerio.
1377 1000 1515 1033 Quidnam
1534 1005 1627 1027 autem
1646 1004 1671 1027 te
1684 1007 1741 1027 mo-

945 1047 994 1079 vit.
1011 1053 1041 1075 ut
1065 1047 1161 1075 lndem
1177 1054 1299 1082 quoque,
1327 1054 1492 1081 magnorum
1509 1046 1625 1074 deorum
1651 1047 1741 1074 culto-

944 1101 1015 1126 rem,
1039 1101 1102 1120 cum
1131 1100 1162 1121 ea
1180 1093 1355 1124 amaudares,
1371 1096 1400 1119 et
1424 1096 1559 1126 quantum
1577 1091 1603 1118 in
1628 1095 1654 1118 te
1676 1090 1739 1122 fuit,

943 1146 992 1166 eos
1015 1146 1029 1166 a
1051 1138 1205 1166 ministerio
1226 1138 1351 1165 desertos
1377 1136 1560 1165 dimitteres?
1586 1136 1641 1164 Sed
1666 1136 1740 1171 ipsos

940 1186 1006 1221 juro
1030 1185 1118 1217 deos,
1153 1190 1179 1212 te
1209 1185 1297 1220 justas
1330 1183 1444 1211 sceleris
1471 1190 1567 1218 pinnas
1595 1190 1648 1210 non
1678 1189 1740 1209 esse

944 1239 1102 1260 evasurum.
1120 1230 1204 1265 Dixit,
1216 1238 1306 1265 neque
1325 1230 1399 1265 quod
1417 1229 1526 1256 dixerat
1541 1228 1673 1264 neglexit,
1690 1228 1739 1256 sed

943 1278 1131 1306 ministerium
1168 1277 1349 1308 camelorum,
1385 1276 1433 1311 qui
1466 1281 1547 1303 erant
1578 1275 1606 1302 in
1629 1276 1741 1310 regione

943 1324 1194 1359 Clauiliopolitana,
1214 1325 1239 1351 ei
1268 1323 1339 1350 tradi
1377 1322 1535 1357 imperavit,
1574 1321 1600 1349 ei
1620 1321 1742 1349 auctori-

944 1374 1028 1397 tatem
1041 1369 1198 1401 detrahensj
1212 1368 1396 1403 praefecturae,
1416 1372 1444 1395 et
1462 1375 1526 1395 eum
1541 1367 1575 1394 ad
1589 1371 1741 1394 extremam

943 1415 1048 1443 ducens
1077 1414 1267 1450 ignominiam.
1295 1413 1401 1441 Deinde
1424 1413 1518 1440 lndem
1533 1420 1644 1447 quoque
1658 1412 1742 1446 jussit

944 1459 1056 1491 adduci,
1076 1463 1102 1486 et
1123 1466 1154 1486 ea
1173 1465 1270 1485 rursus
1286 1457 1377 1484 facere
1397 1464 1457 1491 quae
1474 1457 1527 1484 diis
1545 1459 1740 1484 consueverat.

943 1504 990 1533 Ille
1004 1511 1068 1532 vero
1082 1511 1145 1534 cum
1159 1502 1331 1533 accessisset,
1346 1501 1466 1528 faciebat
1479 1508 1587 1532 revera,
1601 1508 1663 1535 quae
1674 1507 1741 1527 cott-

943 1554 1081 1581 sueverat,
1095 1548 1218 1583 de05que
1231 1552 1259 1575 et
1272 1547 1338 1575 deas
1356 1551 1385 1575 et
1403 1555 1500 1574 eorum
1512 1547 1672 1574 sacerdotes
1690 1554 1738 1573 va-

943 1596 1011 1628 lere.
1024 1595 1066 1623 vel
1078 1595 1171 1629 potius
1181 1594 1250 1621 ﬂere
1266 1593 1444 1629 jubens,ipse
1465 1593 1516 1620 soli
1534 1593 1590 1620 Deo
1610 1592 1736 1626 vacabat,

940 1643 968 1670 in
985 1640 1159 1669 orationibus
1171 1647 1285 1667 versans
1303 1638 1465 1674 etjejuniis,
1476 1642 1504 1665 et
1523 1645 1578 1665 non
1595 1637 1684 1665 solum
1706 1637 1739 1665 ad

939 1696 1036 1716 eorum
1048 1687 1219 1722 impietatem
1239 1685 1352 1713 minime
1367 1692 1396 1712 se
1408 1684 1563 1716 dimittens.
1578 1682 1626 1711 sed
1639 1682 1739 1710 multos

938 1735 1020 1764 etiam
1032 1742 1066 1763 ex
1081 1734 1115 1761 iis
1131 1733 1178 1768 qui
1194 1732 1302 1766 decepti
1319 1731 1440 1764 fuerant,
1456 1730 1489 1758 ad
1506 1730 1633 1758 veritatis
1657 1729 1739 1764 agni-

939 1781 1043 1809 tionem
1080 1787 1224 1808 revocans.
1253 1778 1308 1806 [tcs
1329 1782 1371 1806 est
1385 1777 1482 1813 enim.|
1497 1784 1557 1812 quae
1583 1776 1617 1803 ad
1638 1775 1740 1803 verita-

938 1832 992 1856 tem
1019 1826 1127 1855 inducit
1142 1827 1241 1858 oratio,
1257 1825 1368 1861 quando
1392 1825 1476 1852 habet
1492 1824 1575 1852 etiam
1601 1823 1686 1850 vitam
1712 1823 1738 1850 ei

937 1873 1167 1902 consentientem.
1198 1871 1254 1900 Hac
1284 1872 1379 1906 itaque
1402 1871 1508 1898 ratione
1533 1869 1614 1898 lndes
1638 1870 1739 1896 multos

936 1920 969 1948 ad
986 1920 1073 1947 Deum
1099 1919 1224 1950 adduxit;
1238 1922 1266 1945 et
1280 1923 1341 1945 erat
1361 1924 1456 1944 revera
1475 1916 1515 1943 sal
1548 1915 1669 1946 divinus.
1691 1915 1738 1949 qui

935 1970 964 1994 et
979 1966 1101 2001 seipsum
1133 1964 1302 1996 continebat,
1327 1969 1355 1991 et
1369 1963 1438 1990 alios
1452 1965 1560 1997 poterat
1584 1960 1738 1988 continere.

936 2010 989 2038 Sed
1008 2011 1074 2038 tales
1088 2009 1200 2045 quidem
1218 2012 1296 2036 erant
1313 2015 1357 2035 res
1381 2006 1474 2034 illius:
1501 2005 1667 2034 Maximiano
1689 2012 1739 2032 au-

936 2060 990 2084 tem
1008 2061 1068 2083 erat
1082 2054 1266 2086 intolerabile,
1284 2053 1373 2081 videri
1399 2053 1511 2088 quidem
1536 2059 1633 2080 omnes
1658 2058 1738 2086 supe-

934 2111 1009 2131 rasse
1044 2101 1186 2134 barbaros,
1211 2104 1240 2128 et
1253 2101 1312 2128 solo
1348 2104 1462 2135 aspectu
1498 2104 1604 2126 terrere
1645 2097 1739 2133 populi

935 2149 1020 2176 multa
1047 2147 1153 2175 m‘llia:
1174 2146 1246 2174 vinci
1260 2154 1352 2174 veroa
1368 2146 1438 2178 suis,
1457 2145 1541 2180 idque
1562 2150 1625 2171 cum
1645 2145 1740 2171 essent

935 2195 1005 2223 adeo
1023 2195 1150 2229 iuvenes,
1167 2196 1196 2220 et
1208 2197 1290 2220 tntate
1308 2191 1484 2226 imperfecta.

970 2241 1041 2269 Xlll.
1054 2240 1122 2268 Cum
1137 2240 1238 2275 itaque
1256 2239 1387 2274 paulatim
1419 2237 1557 2270 solvisset,
1585 2243 1739 2271 quamcun-

92 2287 148 2325 εἶχε
164 2290 314 2326 πρόσχημα
329 2289 394 2324 γοῦν
403 2297 429 2316 τι
446 2288 662 2324 φιλανθρωπίας,
680 2290 806 2325 φανερῶς
833 2290 882 2325 μὲν

940 2295 989 2324 que
1011 2287 1131 2315 habebat
1145 2286 1264 2321 speciem
1284 2284 1474 2314 humanitatis,
1499 2287 1593 2318 aperte
1625 2282 1737 2317 quidem

95 2333 131 2371 ἦν
145 2336 185 2372 τῷ
193 2336 307 2372 Χριστῷ
324 2335 490 2372 μαχόμενος,
501 2335 583 2367 ναούς
595 2344 625 2362 τε
641 2336 731 2371 ἱεροὺς
746 2337 884 2372 καθαιρῶν

94 2383 140 2409 καὶ
155 2383 250 2414 οἴκους
262 2382 389 2417 δαίμοσιν
403 2381 599 2416 ἀνοικοδομῶν.
619 2381 752 2416 ἄρχοντας
772 2382 801 2409 δὲ
832 2382 886 2409 δει-

93 2428 154 2460 νοὺς
170 2428 219 2463 μὲν
236 2429 334 2460 εἰπεῖν,
347 2428 441 2463 ὠμοὺς
460 2427 489 2454 δὲ
503 2427 617 2454 κολάσαι
641 2428 713 2454 κατὰ
729 2427 819 2454 πᾶσαν
843 2428 887 2454 ἐκ·

95 2473 214 2508 πέμπων
240 2474 290 2509 τὴν
306 2473 480 2508 οἰκουμένην,
496 2471 536 2504 οἷς
551 2473 600 2500 οὐκ
621 2474 702 2508 ἤρκει
720 2473 791 2500 κατὰ
817 2474 886 2509 Χρι-

95 2520 212 2547 στιανῶν
229 2521 246 2555 ὴ
258 2519 322 2555 παρ’
335 2518 440 2546 ἑαυτῶν
455 2518 576 2554 ὠμότης,
595 2519 663 2546 ἀλλὰ
682 2520 729 2547 καὶ
741 2521 758 2554 ἡ
773 2520 820 2546 τοῦ
835 2520 886 2554 βα-

94 2565 190 2596 σιλέως
205 2566 323 2600 ἀπήνεια
339 2564 522 2600 προσετίθετο.
537 2565 717 2600 Παρήγγελλε
730 2567 787 2601 γὰρ
800 2567 885 2593 ἀπει-

95 2611 171 2638 θοῦσι
185 2612 360 2648 Χριστιανοῖς
375 2611 458 2646 μηδὲν
486 2610 606 2646 ὑφιέναι,
626 2611 684 2638 ἀλλ’
711 2611 782 2639 οὕτω
804 2613 887 2640 κολά-

95 2657 167 2691 ζειν,
183 2657 221 2690 ὡς
243 2658 299 2685 τῶν
326 2657 476 2693 ὀφθαλμῶν
511 2657 619 2685 ἐκείνου
653 2658 886 2691 συνεξεταζόντων

94 2702 169 2738 αὐτῷ
188 2705 236 2731 καὶ
260 2705 405 2740 θεωμένων
429 2703 480 2739 τὴν
499 2704 547 2730 τοῦ
575 2703 698 2740 βήματος
722 2705 884 2739 αὐστηρίαν,

94 2746 143 2781 τὴν
154 2749 218 2784 περὶ
233 2750 263 2776 τὸ
283 2750 421 2783 ἐξετάζειν
435 2750 624 2785 περιέργειαν,
643 2750 673 2776 τὸ
687 2750 751 2786 περὶ
768 2750 818 2782 τὰς
838 2759 885 2778 κο-

95 2792 184 2827 λάσεις
199 2796 362 2832 καινουργδν
378 2796 426 2823 καὶ
454 2796 619 2831 φιλόνεικον,
645 2797 693 2823 καὶ¹
717 2796 755 2829 ὦς
782 2797 886 2829 ἐκεῖνος

94 2837 126 2866 ἂν
140 2841 183 2876 εἴη
194 2843 208 2868 ὁ
222 2843 315 2870 πλεῖον
325 2843 400 2878 αὐτῷ
411 2843 600 2879 χαριζόμενος,
625 2844 639 2871 ὸ
653 2844 699 2871 καὶ
719 2843 830 2871 πλείονα
840 2843 887 2879 δή-

95 2893 145 2912 που
159 2888 278 2921 κολάζων
294 2891 485 2926 Χριστιανούς.
505 2890 583 2918 Οὕτω
594 2892 659 2923 τοὺς
672 2891 807 2927 ἄρχοντας
829 2892 884 2918 διε-

98 2932 204 2966 οεθίσας
219 2935 382 2972 ἐξέπεμπεν.
397 2937 445 2975 ⁸Οὐ
471 2937 524 2973 μὴν
542 2937 609 2965 ἀλλὰ
636 2938 683 2965 καὶ
706 2937 883 2974 παράδειγμα

937 2334 1075 2370 pugnabat
1095 2340 1158 2361 cum
1183 2331 1311 2364 Christo,
1337 2337 1414 2357 sacra
1437 2330 1539 2364 templa
1559 2329 1685 2361 diruens,
1710 2334 1738 2358 et

936 2382 1010 2410 aedes
1035 2379 1206 2408 damonibus
1224 2377 1382 2409 aedificem;
1410 2376 1554 2412 praefectos
1585 2380 1690 2408 autem,
1711 2380 1738 2403 et

939 2430 968 2458 in
986 2428 1105 2457 dicendo
1135 2427 1335 2459 formidabiles,
1360 2430 1387 2453 et
1404 2425 1431 2453 in
1449 2423 1593 2460 puniendo
1613 2423 1740 2451 crudeles

939 2477 1054 2505 mittens
1073 2483 1123 2510 per
1136 2474 1298 2501 universum
1318 2472 1413 2500 orbem
1431 2477 1535 2500 terrae:
1554 2470 1658 2506 quibus
1682 2478 1738 2497 non

938 2520 1092 2550 sufﬁciebat
1106 2528 1155 2548 sua
1167 2519 1301 2548 adversus
1315 2519 1493 2548 Christianos
1506 2517 1674 2548 crudelitas,
1687 2515 1736 2543 sed

939 2567 1087 2596 accedebat
1113 2567 1197 2594 etiam
1217 2566 1375 2594 immanitas
1404 2564 1591 2600 imperatoris.
1617 2562 1737 2590 Jubebat

938 2614 1023 2647 enim,
1041 2617 1070 2641 ut
1088 2612 1255 2641 Christianis
1271 2619 1327 2639 non
1349 2611 1544 2639 obedientibus
1564 2609 1636 2636 nihil
1654 2608 1736 2636 cede-

938 2667 1011 2692 rent,
1033 2659 1082 2687 sed
1107 2659 1148 2686 sie
1170 2658 1312 2693 punirent,
1339 2664 1470 2692 tanquam
1492 2656 1566 2684 oculi
1585 2655 1661 2683 illius
1681 2662 1734 2682 una

939 2706 1131 2734 examinarent
1145 2709 1174 2732 et
1188 2708 1348 2739 spectarent
1370 2703 1517 2731 tribunalis
1531 2702 1734 2733 austeritatem,

938 2758 967 2781 et
983 2754 1009 2780 in
1024 2751 1209 2780 examinando
1223 2751 1424 2783 curiositatem,
1440 2755 1468 2778 et
1485 2750 1512 2777 in
1527 2749 1670 2785 puniendo
1686 2755 1736 2775 no-

938 2806 1000 2826 vam
1032 2797 1219 2826 inventionem
1254 2802 1338 2832 atque
1368 2797 1598 2825 vehementiam:
1630 2795 1728 2822 dicens

937 2854 1001 2873 eum
1011 2845 1050 2872 illi
1067 2845 1215 2880 plurimum
1226 2843 1514 2879 gratiﬁcaturum,qui
1525 2835 1651 2878 pluribus
1668 2849 1736 2876 sup-

938 2891 1029 2927 pliciis
1044 2891 1165 2919 afficeret
1176 2890 1360 2919 Christianos.
1378 2890 1424 2918 Sic
1442 2890 1570 2918 incitatos
1585 2887 1737 2917 emittebat

938 2937 1091 2974 praefectos,
1119 2945 1215 2966 verum
1240 2937 1313 2966 enim
1331 2945 1396 2966 vero
1408 2937 1529 2972 seipsum
1555 2942 1665 2972 quoque
1687 2934 1737 2962 eis
