2049 3151
315 194 384 227 1055
893 192 1087 223 ADDENDA.
1109 203 1142 209 -

314 250 476 279 ostendebat
502 250 643 285 exemplar
661 249 840 286 archetypum
859 250 892 277 ad
918 249 1105 277 inhumanita-
1120 249 1143 275 Δ

315 303 368 323 tem
379 316 386 327 ,
402 296 440 331 (5)
464 296 532 324 Nam
549 297 608 331 ipse
631 303 741 331 quoque
756 299 818 323 erat
835 296 941 330 primus
956 295 1103 328 occidens,

314 339 442 374 puniens,
459 340 494 367 de
509 340 601 367 medio
619 341 728 372 tollens,
751 340 902 375 expellens,
917 341 983 375 quid
999 347 1053 366 non
1066 339 1106 366 vi-

313 384 437 411 olentum
455 392 538 419 agens
548 389 576 412 et
588 386 783 421 tyranuicum?
797 385 852 412 imo
869 393 935 413 vero
948 393 1019 420 sa‘pe
1034 393 1105 420 quo-

314 437 369 465 que
383 437 438 456 non
463 430 518 456 vim
533 438 636 458 meram
651 430 781 462 aﬂ'erens,
804 429 851 458 sed
867 438 926 457 eam
943 431 1024 458 etiam
1042 431 1108 458 mis-

315 483 382 503 cens
407 476 601 512 persuasione,
631 481 659 503 et
684 476 770 511 ipsam
800 477 946 511 porrigens
974 480 1106 511 tanquam

314 529 419 554 escam,
449 527 479 549 ut
506 524 546 550 sic
573 530 683 558 quoque
706 524 784 551 ﬁeret
813 524 922 555 saevior,
948 529 975 550 et
993 523 1108 551 haberet

316 567 519 601 probabiliores
533 569 666 603 puniendi
680 570 850 602 occasiones,
866 570 938 605 quod
953 570 1058 597 nollent
1071 570 1108 604 pii

317 620 415 647 parere
438 614 532 641 verbis
555 615 632 642 solis.
648 615 673 642 ls
698 623 760 643 cum
783 617 986 644 sanctissimum
1012 617 1110 643 Autbi-

315 665 390 684 mum
407 658 452 685 diu
473 660 618 694 quaesitum
633 668 687 687 non
712 661 873 694 invenisset,
892 663 951 697 ipse
969 661 1111 697 ingressus

315 703 461 730 ecclesiam
474 724 480 735 ,
511 710 640 740 tanquam
659 706 716 733 fera
735 707 826 742 aliqua
845 708 920 734 varia
940 713 969 735 et
995 708 1109 741 dolosa,

316 757 379 776 cum
395 751 568 778 exercituum
584 756 613 778 et
627 752 775 779 satellitum
791 754 967 782 multitudine
981 762 1040 781 eam
1056 755 1110 782 cir-

316 796 511 829 cumdedisset,
537 802 565 825 et
587 797 688 826 deinde
707 799 789 826 etiam
816 800 937 828 lenitatis
964 808 1108 835 personam

317 841 458 875 subiisset,
477 848 507 870 ut
523 844 569 871 alii
590 845 702 879 quidem
723 845 905 873 formidarent
919 847 974 873 vim
993 851 1021 873 et
1041 847 1110 874 mul-

318 889 477 922 titudinem,
501 890 546 917 alii
566 895 657 917 autem
674 891 708 918 ad
723 891 775 918 sibi
793 892 888 919 utilem
907 893 1047 920 intuentes
1057 892 1109 920 be<

318 934 491 968 nignitatcm,
516 936 723 963 abducerentur
744 945 759 964 a
775 937 967 972 persuasione,
995 942 1023 965 et
1047 946 1110 966 cum

316 979 358 1007 sic
381 985 510 1015 tanquam
534 981 642 1008 duobus
665 981 785 1010 fortibus
802 983 928 1013 vinculis,
957 986 1056 1011 timore
1082 989 1111 1011 et

318 1027 496 1060 persuasione
513 1027 572 1061 pios
597 1028 764 1063 colligasset,
790 1029 916 1063 captivos
939 1029 1060 1057 ducebat
1075 1030 1109 1057 ad

318 1071 459 1106 pietatem.
472 1072 540 1099 Cum
561 1073 619 1100 haec
637 1074 708 1108 apud
741 1082 769 1102 se
788 1075 944 1110 cogitasset,
971 1075 1005 1102 ad
1022 1083 1110 1111 popu-

316 1118 372 1145 lum
387 1118 467 1146 talem
482 1119 578 1146 habuit
593 1120 758 1147 orationem.

352 1166 422 1193 XIV.
438 1166 496 1200 Ego
513 1167 596 1194 etiam
617 1167 750 1195 adversus
769 1173 865 1202 gentes
889 1168 1032 1200 barbaras.
1049 1177 1110 1204 qum

317 1219 409 1238 meum
422 1211 518 1246 jugum
541 1211 616 1239 ferre
639 1217 781 1244 recusant,
817 1217 917 1240 etnon
931 1217 1030 1247 parent
1053 1214 1109 1241 Ro-

317 1265 461 1285 manorum
477 1257 593 1292 legibus,
618 1265 673 1285 non
690 1258 783 1285 statim
806 1266 904 1286 moveo
927 1259 1043 1290 hastam,
1060 1267 1110 1287 ne-

316 1309 371 1336 que
394 1307 460 1329 utor
480 1302 590 1337 jaculis,
615 1309 705 1336 neque
731 1302 822 1338 gladio
836 1303 877 1330 eis
892 1304 993 1331 caedem
1011 1304 1108 1336 atl‘ero,

317 1348 366 1376 sed
382 1349 470 1375 bonos
492 1348 585 1375 imitor
601 1349 734 1380 medicos,
759 1349 889 1376 mollibus
908 1349 1027 1384 primum
1047 1359 1109 1378 ver-

317 1394 360 1421 bis
369 1399 397 1421 et
407 1394 543 1428 benignis,
556 1393 669 1428 perinde
681 1401 712 1420 ac
723 1394 794 1426 oleo,
806 1399 940 1422 tumorem
955 1396 1106 1424 emolliens.

318 1439 422 1466 Deinde
437 1444 581 1474 postquam
590 1440 686 1467 videro
695 1448 743 1468 eos
755 1449 815 1468 esse
827 1441 906 1468 valde
917 1442 1108 1470 immedicabi-

318 1487 360 1514 les
371 1487 504 1521 ulcusque
520 1494 616 1513 eorum
637 1487 716 1514 valde
729 1487 877 1522 malignum
889 1492 916 1515 et
929 1488 1108 1523 profundum,

317 1537 385 1561 tunc
400 1537 463 1560 utor
482 1533 617 1566 cauterio,
643 1538 669 1560 et
680 1533 734 1568 jam
749 1541 844 1568 aspera
861 1539 889 1561 et
913 1534 1010 1562 acerba
1027 1535 1109 1562 secti-

316 1586 379 1611 one,
411 1582 441 1605 ut
466 1585 556 1613 neque
570 1579 605 1606 ab
626 1579 705 1606 initio
720 1586 763 1606 me
781 1579 908 1606 videatur
935 1579 1034 1614 aliquis
1057 1581 1107 1607 hu-
1123 1584 1145 1614 α

316 1624 435 1656 manior,
452 1631 542 1659 neque
559 1630 620 1660 post
635 1624 855 1652 misericordiam
872 1629 900 1652 et
918 1626 1108 1653 mansuetudi-

315 1678 378 1698 nem
396 1671 553 1698 violentior.
582 1671 663 1698 Absit
679 1676 783 1703 autcm,
805 1676 835 1698 ut
849 1679 895 1698 vos
921 1679 965 1699 me
987 1680 1108 1706 unquam

316 1717 442 1744 sentiatis
459 1717 652 1744 conturbatum
679 1721 708 1744 et
727 1717 827 1744 iratum
841 1726 847 1750 ς
865 1717 913 1744 sed
928 1718 1108 1752 accedentes,

317 1762 402 1789 libate
417 1763 523 1797 magnis
535 1762 599 1794 diis,
616 1767 643 1790 et
661 1767 765 1798 rogate,
780 1767 811 1790 ut
827 1771 876 1790 vos
896 1764 1022 1799 benignis
1037 1765 1110 1792 intu—

316 1812 416 1834 eantur
431 1808 530 1839 oculis,
550 1812 580 1834 ut
596 1808 636 1836 sic
649 1817 663 1836 a
680 1809 762 1837 nobis
781 1817 891 1845 quoque
903 1806 1108 1845 consequamini

319 1853 450 1884 honores,
465 1855 643 1890 magistratus
658 1859 685 1882 et
698 1856 839 1889 pecunias,
855 1861 882 1883 et
895 1856 955 1883 sitis
971 1857 1042 1884 inter
1053 1865 1110 1885 me-

318 1907 349 1926 os
382 1899 486 1934 primos
513 1900 616 1928 amicos
636 1905 663 1928 et
689 1901 846 1930 familiares.
874 1902 1109 1935 Quemadmodum

318 1945 391 1972 enim
404 1954 459 1973 non
471 1951 512 1974 est
524 1947 685 1980 absurdum,
699 1947 836 1975 Barbaros
847 1949 971 1983 quidem,
982 1950 1028 1986 qui
1045 1955 1110 1978 sunt

318 1992 433 2019 alterius
447 1992 558 2026 linguze,
576 1998 668 2021 nostra
685 1998 738 2021 tam
754 2002 832 2029 :equo
855 1995 947 2022 auium
960 1996 1043 2030 ferre,
1060 2005 1111 2024 vos

319 2045 384 2064 vero
400 2038 427 2064 in
444 2037 630 2066 Romanorum
650 2039 757 2075 legibus
787 2041 929 2072 educatos,
947 2047 974 2069 et
989 2043 1015 2069 in
1029 2043 1112 2071 rebus

317 2083 475 2112 Graecorum
497 2086 632 2118 eruditos,
649 2092 676 2113 et
690 2087 757 2113 mihi
777 2087 927 2122 subjectos,
942 2096 996 2116 non
1016 2089 1042 2116 in
1053 2097 1113 2117 om-

318 2130 403 2158 nibus
420 2139 530 2158 servare
547 2131 745 2164 obedientiam,
769 2133 816 2160 sed
835 2134 860 2160 in
878 2134 962 2161 rebus
979 2135 1113 2171 ιιι-πιείρα-

318 2177 343 2203 is
358 2176 446 2204 videri
469 2177 673 2211 inobedientcs,
691 2184 716 2206 et
730 2179 833 2206 bellum
850 2185 944 2215 aperte
973 2182 1113 2217 suscipere

317 2226 413 2249 contra
429 2227 522 2250 vestru
536 2232 550 2250 u
574 2224 780 2258 imperatorem,
801 2230 830 2252 ut
853 2225 916 2253 ideo
932 2227 1065 2255 excidatis
1079 2228 1113 2255 ab

317 2269 495 2303 imperatoris
521 2271 726 2302 benevolentia,
743 2276 771 2298 et
802 2272 876 2307 larga
903 2272 1112 2300 muniﬁcentia?
1128 2257 1150 2285 υ

317 2314 448 2342 Becedite
474 2323 551 2351 ergo,
575 2316 694 2344 recedite
723 2317 758 2343 ab
783 2317 834 2344 hac
867 2317 935 2346 falsa
965 2319 1110 2354 religione.

318 2360 366 2387 Sin
389 2362 490 2395 minus,
508 2369 587 2396 poena
614 2370 668 2390 non
685 2363 779 2397 procul
804 2363 903 2390 aberit.
929 2364 1024 2392 Videte
1040 2365 1111 2394 hanc

317 2405 415 2438 aedem,
449 2407 476 2433 in
511 2415 565 2442 qua
598 2407 762 2436 conﬁdistis.
784 2408 850 2436 Eam
876 2409 930 2444 igni
958 2410 1110 2443 mandans,

315 2460 365 2480 Vos
391 2459 501 2487 quoque
527 2453 610 2480 simul
644 2453 767 2488 perdam,
801 2459 829 2481 et
856 2455 949 2482 scietis
982 2455 1110 2488 omnino,

316 2503 458 2533 quatntum
475 2499 512 2526 sit
532 2499 645 2531 malum,
658 2507 673 2527 a
702 2501 809 2527 ratione
824 2500 913 2528 aliena
930 2501 1056 2534 audacia,
1083 2506 1111 2529 et

316 2544 418 2572 mentis
433 2545 599 2580 pervicacia.

353 2633 482 2662 XV.Cum
505 2634 582 2662 dirus
603 2635 784 2663 Maximianus
797 2635 838 2662 sic
863 2635 1026 2663 immanitati
1043 2643 1108 2663 con-

313 2681 452 2716 iunxisset
466 2682 676 2712 humanitatem,
693 2687 721 2709 et
737 2682 870 2709 malorum
884 2681 966 2709 tninis
980 2687 1008 2710 et
1026 2682 1110 2710 bono-

316 2734 376 2754 rum
390 2727 534 2762 promissis
548 2727 682 2755 variasset
697 2728 859 2759 orationem,
882 2727 928 2762 qui
941 2728 1027 2755 instar
1041 2729 1109 2755 ιιιιτι-

315 2773 350 2800 lis
363 2773 472 2801 dulcem
488 2773 609 2801 habebat
620 2774 741 2809 linguam
761 2774 872 2809 sapiens
887 2773 1040 2809 Glycerius,
1062 2775 1109 2808 qui

313 2824 376 2846 erat
404 2827 500 2847 revera
515 2820 627 2847 divinus
643 2820 785 2847 sacriﬁcus
805 2824 833 2846 et
848 2819 987 2853 sacerdos,
1013 2825 1040 2847 ct
1061 2827 1109 2847 sua

317 2864 399 2891 v;rba
411 2865 539 2892 studebat
555 2865 710 2893 sacriﬁcare
727 2865 848 2897 Christo,
877 2865 922 2892 cui
940 2866 1111 2893 sacriﬁcabat

347 2922 388 2958 (5)
413 2922 449 2950 De
472 2922 522 2950 hac
545 2923 738 2957 persecutione
755 2924 908 2952 instaurata
924 2925 1037 2954 consule
1059 2925 1159 2953 B‘M‘Oﬂ.

1164 192 1380 223 DECEMBER.
1878 187 1953 220 1056

1157 248 1251 276 ἑαυτὸν
1263 250 1347 277 ὲδίδου
1376 250 1424 276 καὶ
1444 247 1621 284 πρωτότυπον
1648 247 1688 279 είς
1720 245 1924 281 ἀπανθρωπίαν
1942 253 1950 260 ·

1155 294 1216 321 ἐπεὶ
1236 295 1284 322 καὶ
1298 295 1406 330 πρῶτος
1420 295 1501 325 «om;
1521 292 1553 330 ἧν
1573 293 1697 325 κτείνων,
1712 292 1844 324 κολάζων,
1868 292 1953 318 ἀναι-

1157 339 1223 375 ρῶν,
1238 341 1404 373 ὲλαύνων,τί
1420 341 1457 376 μὴ
1472 340 1557 375 βίαιον
1577 339 1626 366 καὶ
1650 338 1813 374 τυραννικὸν
1829 337 1954 373 ἐργαζό-

1159 395 1258 424 μενος;
1279 386 1380 420 μᾶλλον
1397 387 1425 413 δὲ
1441 385 1488 412 καὶ
1506 385 1638 416 πολλάκις
1657 384 1708 411 οὐκ
1733 384 1852 418 ἄκρατον
1879 383 1955 410 ἐπὰ-

1157 441 1214 470 γων
1227 434 1277 469 τὴν
1288 433 1360 468 βίαν.
1380 432 1447 459 ἀλλὰ
1459 431 1507 458 καὶ
1527 430 1616 457 πειθοῖ
1629 430 1762 465 κεραννὺς
1787 429 1835 455 καὶ
1864 429 1957 455 οἱονεὶ

1157 481 1253 515 δέλεαρ
1264 479 1348 513 αὐτὴν
1361 477 1582 512 προτεινόμενος,
1607 476 1650 503 ἵνα
1667 475 1715 502 καὶ
1738 475 1838 510 μᾶλλον
1859 474 1956 506 οὕτως

1159 525 1326 560 ἀγριώτερος
1339 523 1457 558 γίνηται,
1473 522 1519 549 καὶ
1538 522 1585 548 τοῦ
1608 521 1734 552 κολάζειν
1757 520 1957 554 εὐλογωτέρας

1160 569 1209 605 ἔχῃ
1217 569 1265 600 τὰς
1280 567 1407 603 ἀφορμὰς
1417 566 1456 601 τῷ
1472 566 1510 601 μὴ
1527 566 1617 600 λόγοις
1630 565 1734 592 ὲθίλειν
1761 566 1854 600 μόνοις
1884 566 1956 596 τοὺς

1160 616 1282 646 εὐσεὸεῐς
1295 613 1449 641 πείθεσθαι.
1465 609 1558 644 Οὗτος,
1574 611 1668 647 ἐπειδὴ
1679 613 1727 639 καὶ
1737 612 1783 639 τὸν
1796 611 1956 646 ἁγιώτατον

1162 663 1296 696 ’Λνθιμον
1312 659 1400 687 πολλὰ
1415 659 1538 695 ζητήσας
1557 658 1595 693 μὴ
1611 658 1686 694 εὖροι
1700 659 1782 690 αὐτὸς
1804 659 1870 685 εἵσω
1899 658 1955 692 τῆς

1160 707 1319 743 ἐκκλησίας,
1336 705 1391 734 οἷόν
1406 715 1431 733 τι
1444 706 1537 741 θηρίον
1549 705 1672 732 ποικίλον
1700 706 1747 731 καὶ
1763 705 1874 740 δολερὸν
1895 706 1956 731 εἱσ-

1159 753 1244 781 ελθὼν
1261 753 1358 789 πλήθει
1373 761 1402 779 τε
1415 751 1627 787 στρατευμάτων
1645 751 1692 778 καὶ
1708 751 1866 787 δορυφόρων
1884 752 1956 778 ταύ-

1159 808 1209 834 την
1228 798 1394 834 περιλαὸὼν,
1424 796 1484 824 εἶτα
1498 797 1545 824 καὶ
1571 797 1722 823 ἐπιείκειαν
1742 797 1854 829 ὑποδὺς,
1873 797 1907 823 ἵν’
1927 797 1955 822 οἰ

1161 845 1211 881 μὲν
1225 845 1255 872 τδ
1268 844 1372 879 πλῆθος
1400 845 1449 870 καὶ
1469 843 1519 878 τὴν
1537 843 1616 878 ἰσχὺν
1649 841 1852 877 ὕποπτὴξωσιν,
1871 843 1895 868 οἱ
1921 842 1952 868 δὲ

1161 889 1228 926 πρὸς
1245 889 1296 924 τὴν
1314 888 1480 924 ὲπίχρηστον
1493 887 1611 922 ὁρῶντες
1637 887 1844 922 φιλανθρωπίαν
1860 887 1956 913 πειθοί

1162 936 1401 971 συναρπάςωνται,
1431 935 1477 962 καὶ
1504 934 1591 966 οὕτως
1623 933 1718 968 ὥσπερ
1735 934 1842 969 ἅμμασι
1872 934 1954 960 δυσὶν

1163 983 1293 1017 ἰσχυροῖς,
1312 981 1386 1017 φόϐῳ
1399 981 1445 1007 καὶ
1472 980 1561 1007 πειθοῖ
1577 980 1640 1011 τοὺς
1670 980 1793 1012 εὐσεϐεῖς
1817 980 1956 1015 συνδήσας

1161 1027 1351 1064 αἰχμαλώτους
1382 1027 1474 1061 ἀγάγῃ
1504 1026 1573 1061 πρὸς
1597 1026 1646 1061 τὴν
1674 1026 1812 1058 ἀσέῦειαν,
1836 1026 1955 1053 τοιαῦτα

1162 1074 1332 1110 enati/cipue;
1351 1073 1430 1107 λόγου
1442 1072 1510 1108 πρὸς
1524 1073 1554 1099 τὸ
1569 1072 1670 1108 πλῆθος
1695 1072 1797 1108 ἤρξατο
1812 1072 1953 1101 τοιούτου.

1197 1165 1246 1191 Μ’.
1274 1162 1346 1198 Ἐγὼ
1361 1162 1409 1190 καὶ
1423 1161 1490 1197 πρὸς
1507 1161 1571 1196 ἔθνη
1587 1161 1713 1197 βάρϐαρα
1729 1161 1775 1186 τὸν
1789 1160 1854 1195 ἐμὶν
1868 1159 1954 1193 eum

1160 1210 1374 1246 δυσχεραίνοντα
1396 1209 1445 1235 καὶ
1469 1208 1612 1242 Ῥωμαίων
1643 1207 1737 1242 νόμοις
1767 1206 1805 1241 μὴ
1835 1205 1955 1240 πειθαρ-

1161 1257 1262 1293 χοῦντα
1282 1257 1333 1283 οὐκ
1355 1255 1438 1286 εὐθὺς
1465 1255 1496 1282 τὸ
1510 1255 1575 1288 δόρυ
1591 1254 1659 1281 κινῶ
1681 1253 1744 1280 οὐτε
1773 1252 1826 1287 μὴν
1840 1252 1954 1287 χρῶμαι

1159 1305 1216 1334 τοῖς
1233 1303 1353 1338 βέλεσιν,
1371 1301 1432 1328 οὐδὲ
1450 1301 1501 1337 τὴν
1518 1301 1561 1327 διὰ
1591 1300 1685 1334 ξίφους
1701 1300 1797 1333 ἐπάγω
1813 1299 1923 1332 σφαγήν
1943 1305 1952 1314 °

1160 1349 1228 1376 ἀλλὰ
1248 1349 1312 1380 τοὺς
1342 1348 1462 1382 ἀγαθοὺς
1495 1347 1632 1382 μιμοῦμαι
1643 1346 1698 1372 τῶν
1721 1345 1954 1380 ίατρῶν,ρήμασι

1164 1395 1297 1431 μαλακοῖς
1313 1395 1343 1421 τδ
1362 1394 1470 1430 πρῶτον
1489 1395 1535 1420 καὶ
1552 1393 1753 1429 φιλανθρώποις
1770 1391 1865 1426 ὥσπερ
1885 1391 1954 1426 ἐλέῳ

1161 1441 1354 1476 διαμαλάσσων
1382 1440 1413 1465 τὸ
1441 1439 1552 1474 οἴδημα.
1577 1437 1634 1464 Εἶθ’
1650 1437 1737 1469 οὓτως
1765 1437 1875 1463 ἐπειδὰν
1905 1437 1955 1463 iam

1163 1488 1266 1522 σφόδρα
1281 1486 1411 1519 δυσιάτως
1427 1487 1538 1522 ἔχοντας
1553 1486 1600 1512 καὶ
1623 1486 1653 1512 τδ
1670 1485 1748 1516 ἕλκος
1775 1484 1892 1511 ὕπουλον
1905 1485 1954 1511 καὶ

1161 1534 1232 1561 πάνυ
1247 1533 1326 1569 βαθὺ,
1346 1533 1406 1559 τότε
1425 1533 1457 1568 δὴ
1472 1533 1520 1559 καὶ
1544 1532 1661 1566 καυτῆρι
1690 1531 1813 1566 χρῶμαι,
1842 1531 1890 1557 καὶ
1918 1531 1952 1564 τῇ

1161 1582 1232 1616 τομῇ
1246 1579 1319 1607 οὕτω
1334 1579 1393 1606 λίαν
1411 1578 1556 1614 αὐστηρῶς
1572 1578 1620 1604 καὶ
1636 1577 1810 1612 περιωδύνως
1827 1577 1866 1608 ὡς
1883 1577 1953 1611 μήτε

1160 1626 1220 1654 τινὰ
1238 1626 1288 1661 τὴν
1299 1625 1387 1661 ἀρχὴν
1407 1624 1474 1659 ἐμοῦ
1488 1625 1607 1659 φανῆναι
1626 1623 1886 1659 φιλανθρωπότερον
1901 1623 1956 1657 μή-

1159 1680 1190 1698 τε
1221 1670 1290 1705 μετὰ
1317 1671 1364 1697 τὸν
1388 1670 1463 1696 ἔλεον
1479 1669 1525 1696 καὶ
1553 1669 1602 1704 τὴν
1620 1669 1771 1695 ἐπιείκειαν
1787 1667 1952 1703 βιαιότερον.

1166 1717 1253 1752 ’Υμᾶς
1269 1717 1297 1742 δὲ
1311 1717 1349 1752 μὴ
1362 1716 1467 1751 γένοιτό
1482 1724 1545 1742 ποτε
1556 1715 1720 1751 πειραθῆναί
1740 1724 1791 1750 μου
1817 1723 1956 1749 τεταραγ-

1162 1761 1244 1797 μένου
1260 1761 1306 1788 καὶ
1320 1761 1388 1796 πρὸς
1407 1760 1493 1795 ὀργὴν
1508 1760 1617 1795 ἔχοντος
1635 1768 1642 1775 ⁸
1658 1760 1725 1786 ἀλλὰ
1755 1758 1955 1795 προσελθόντες

1159 1807 1216 1838 τοῖς
1233 1806 1360 1841 μεγάλοις
1371 1806 1442 1837 θεοῖς
1457 1806 1586 1832 σπένδετε
1600 1806 1647 1831 καὶ
1660 1805 1803 1840 εὐμενέσιν
1821 1805 1895 1840 ὑμᾶς
1903 1806 1956 1840 ὀφ-

1161 1851 1273 1886 θαλμοῖς
1286 1851 1350 1878 ίὸεῑν
1361 1851 1530 1882 ἐκκαλεῖσθε,
1547 1850 1660 1877 ῖν¹οὖτω
1675 1851 1722 1877 καὶ
1739 1851 1773 1877 τὰ
1787 1850 1854 1886 παρ’
1874 1852 1956 1885 ἡμῶν

1161 1898 1352 1934 προσυπάρξῃ,
1367 1899 1445 1933 τιμαὶ
1466 1899 1513 1925 καὶ
1528 1897 1611 1932 ἁρχαὶ
1624 1897 1671 1924 καὶ
1686 1897 1816 1933 χρήματα
1850 1899 1898 1924 καὶ
1924 1898 1954 1924 τὺ

1161 1946 1190 1972 ὲν
1207 1944 1327 1980 πρώτοις
1342 1945 1414 1980 ὑμᾶς
1430 1942 1566 1970 εἶναιτῶν
1579 1943 1654 1979 ἐμῶν
1667 1944 1782 1978 ἑταίρων
1797 1944 1844 1971 καὶ
1856 1944 1954 1978 φίλων.

1162 1991 1224 2023 Πῶς
1237 1991 1291 2026 γὰρ
1307 1991 1356 2017 οὐκ
1373 1991 1474 2018 ἄτοπον
1490 1989 1647 2026 βαρϐάρους
1675 1991 1725 2025 μὲν
1745 1990 1954 2024 ἀλλογλώσσους

1162 2037 1296 2072 τοσαύτης
1319 2037 1386 2072 παρ’
1408 2037 1489 2072 ἡμῶν
1516 2037 1666 2063 ἀπολαύειν
1680 2038 1731 2072 τῆς
1761 2036 1953 2071 ἀνεξικακίας,

1162 2085 1236 2119 ἡμᾶς
1247 2084 1275 2110 δὲ
1300 2084 1445 2119 Ῥωμαίων
1459 2083 1552 2119 νόμοις
1565 2083 1818 2119 ὲντεθραμμένους,
1843 2086 1892 2111 καὶ
1919 2086 1955 2111 τὰ

1169 2130 1303 2166 Ἐλλήνων
1319 2130 1564 2164 πεπαιδευμένους,
1578 2130 1645 2165 πρὸς
1659 2130 1687 2156 δὲ
1711 2131 1760 2157 καὶ
1776 2131 1862 2165 ἐμοὺς
1888 2131 1956 2166 ὑπη-

1163 2177 1242 2209 κόους
1269 2177 1360 2210 ὄντας,
1381 2177 1419 2212 μὴ
1440 2177 1484 2204 διὰ
1511 2177 1620 2204 πάντων
1642 2177 1740 2209 σώζειν
1763 2178 1792 2204 τὸ
1815 2178 1955 2209 εὐπειθὲς,

1164 2223 1231 2249 ἀλλὰ
1243 2223 1306 2258 περὶ
1322 2221 1535 2257 τὰκαιριὼτατα
1565 2222 1665 2257 μᾶλλον
1697 2222 1822 2249 ἀπειθεῖν
1846 2223 1958 2249 δείκνυ-

1166 2269 1239 2302 σθαι,
1252 2269 1298 2295 καὶ¹
1314 2269 1432 2303 πόλεμον
1446 2269 1577 2303 ἄντικρυς
1603 2268 1672 2303 πρὸς
1686 2268 1731 2295 τὸν
1751 2268 1885 2304 ὑμέτερον
1914 2269 1958 2296 αι’-

1167 2315 1262 2351 ρεσθαι
1278 2314 1402 2350 βασιλέα,
1415 2315 1453 2346 ὡς
1483 2313 1609 2341 ἐντεῦθεν
1642 2315 1786 2350 βασιλικῆς
1810 2315 1958 2342 ἐκπίπτειν

1165 2361 1310 2397 εὐμενείας
1320 2361 1366 2387 καὶ
1376 2360 1574 2396 πλουσιοδώρου
1586 2361 1769 2396 χρηστότητος
1780 2369 1788 2394 ;
1805 2361 1957 2397 ’Λπόστητε

1165 2407 1310 2442 τοιγαροῦν
1321 2407 1369 2442 τῆς
1384 2407 1483 2434 ἀτόπου
1499 2407 1600 2442 ταύτης
1614 2407 1771 2442 θρησκείας,
1792 2408 1933 2442 ἀπόστητε
1949 2416 1956 2422 ·

1165 2452 1225 2479 εἰδ⁹
1239 2450 1296 2484 οὖν,
1312 2452 1370 2479 ἀλλ’
1387 2453 1417 2478 οὐ
1434 2452 1546 2486 μακρὰν
1572 2453 1588 2487 ἡ
1618 2452 1691 2487 δίκη.
1725 2451 1824 2487 Ὁρᾶτε
1848 2453 1956 2479 τουτονὶ

1165 2499 1211 2525 τὸν
1222 2496 1298 2526 οἷκον
1309 2498 1352 2533 ἐφ’
1374 2495 1456 2533 {una}
1474 2498 1634 2531 πεποίθατε,
1653 2499 1720 2534 πυρὶ
1731 2498 1792 2530 δοὺς
1807 2499 1890 2525 αὐτὸν
1909 2500 1956 2524 καὶ

1165 2543 1237 2578 ὑμᾶς
1249 2543 1316 2577 ὁμοῦ
1330 2542 1529 2578 συνδιαφθερῶ,
1547 2543 1594 2570 καὶ
1619 2543 1726 2570 εἴσεσθε
1754 2543 1865 2575 παντως
1894 2543 1957 2570 ὅσον

1161 2590 1245 2615 κακον
1258 2589 1358 2624 θράσος
1370 2589 1466 2623 ἄλογον
1483 2590 1529 2615 καὶ
1553 2588 1666 2624 γνώμης
1687 2589 1844 2616 ἀντιτυπία.

1195 2635 1246 2662 IE'.
1279 2635 1356 2662 υΰτω
1379 2635 1426 2662 τοῦ
1443 2635 1529 2662 δεινοῦ
1546 2635 1716 2670 Μαξιμιανοῦ
1727 2635 1892 2670 ζὲπιείκειαν
1904 2636 1958 2662 ἀπ-

1160 2681 1240 2718 ηνείᾳ
1252 2682 1421 2717 συνάψαντος
1437 2684 1530 2709 κακῶν
1556 2691 1584 2708 τε
1612 2682 1738 2714 ἀπειλαῖς
1768 2683 1815 2709 καὶ
1843 2682 1957 2716 ἀγαθῶν

1162 2729 1325 2764 ὑποσχέσεσι
1336 2728 1381 2754 τὸν
1396 2728 1475 2762 λόγοι
1487 2729 1670 2762 ποικίλαντος,
1680 2729 1826 2765 Γλυκέριος
1839 2730 1853 2755 ὁ
1863 2729 1955 2764 σοφὸς,

1161 2774 1175 2800 ό
1189 2773 1259 2805 θεῖος
1273 2773 1359 2805 ὅντως
1377 2773 1459 2808 θύτης
1476 2774 1522 2800 καὶ
1538 2774 1639 2808 ἱερεὺς,
1657 2776 1701 2801 καὶ
1717 2775 1781 2806 τοὺς
1794 2775 1893 2808 λόγους
1907 2775 1954 2800 αὖ·

1161 2820 1224 2851 τοὺς
1238 2819 1390 2847 καταθῦσαι
1408 2820 1533 2847 σπεύδων
1554 2821 1592 2856 τῷ
1616 2821 1662 2847 ὑπ*
1684 2822 1767 2848 αὐτοῦ
1795 2823 1954 2858 ἱερουργους

1167 2866 1241 2901 μένῳ
1261 2865 1370 2903 Χριστῷ
1383 2867 1512 2903 ἐπίτομον
1540 2868 1610 2895 πάνυ
1629 2869 1674 2894 καὶ
1687 2868 1796 2904 καιρίαν
1826 2869 1889 2901 ἰοὺς
1907 2868 1954 2903 τὴν

1172 2933 1217 2953 an.
1240 2926 1303 2955 301.
