2049 3151
94 150 159 181 um

90 206 236 241 ἀπολογίαν
264 207 312 242 τήν
347 215 375 232 τε
403 207 528 240 γλῶσσαν
560 206 677 240 ἐπέδησε
704 203 880 238 Μαξιμιανῷ,
897 205 919 233 Α

91 253 137 280 καὶ
164 253 212 285 τὰς
245 253 346 288 φρένας
370 252 497 285 διέσεισε,
513 253 559 278 καὶ
577 252 626 278 σὺν
649 251 717 286 ὀργῇ
740 249 880 284 θαύματος

91 299 234 334 ἐπλήρωσε
245 299 293 334 τὴν
306 299 406 333 ψυχήν.
419 298 492 334 Ἔφη
509 299 564 334 γάρ
580 307 587 313 ·
600 297 669 324 Οὔτε
681 298 736 324 τῶν
760 298 882 330 ἐπαγγε-

91 345 154 372 λιῶν
169 354 216 372 σου
230 346 278 372 καὶ
288 345 396 380 δωρεῶν
409 344 552 379 ἐφιέμεθα,
582 344 704 378 βασιλεῦ,
734 342 796 369 οὒτε
826 342 880 368 τῶν

90 389 209 416 ἀπειλῶν
220 390 288 421 ὅλως
303 388 536 424 ὲπιστρεφόμεθα.
565 389 619 418 Τὰς
639 388 688 421 μὲν
712 387 766 422 γὰρ
795 388 881 418 πόσας

89 435 122 462 ἂν
132 435 180 462 καὶ
192 435 271 466 ποίας
284 435 387 470 ὀρέξεις
404 435 441 466 ὡς
456 433 605 468 δυνηθῆναι
621 433 712 466 θέλξαι
728 432 817 467 ψιχὴν
829 431 883 458 τῶν

93 484 137 508 [σα
156 481 205 508 καὶ
220 481 334 517 ὀνείροις
350 481 405 512 τοῖς
424 479 470 506 τοῦ
483 480 587 514 κόσμου
607 480 674 505 πᾶσι
694 477 883 513 προσεχόντων

91 528 227 561 τερπνοῖς,
244 527 328 554 κακὸν
340 527 368 553 6‘s
383 526 409 552 τί
423 526 454 552 ἂν
469 525 516 552 καὶ
532 525 695 560 ἁπειλήσαις
709 525 766 555 τοῖς
781 523 882 558 ζημίαν

93 574 192 609 μᾶλλον
209 573 392 608 λογιζομένοις
407 573 436 599 τὸ
448 574 486 607 μὴ
497 573 532 599 τὰ
557 571 738 607 χαλεπώτατα
765 570 884 604 ὑποστῆ-

91 628 133 646 ναι
148 619 193 646 διὰ
208 619 344 653 Χριστόν;
360 620 394 645 Ἀ
408 618 436 645 δὲ
452 618 542 652 λέγεις
558 618 606 644 καὶ
624 616 665 651 ἔφ’
692 613 733 648 οἷς
755 616 810 651 ἄρα
839 615 885 641 καὶ

92 665 227 700 ὲγκαυχᾷ,
242 665 298 696 τοῖς
313 664 383 691 κατὰ
396 664 450 691 τῶν
467 663 552 690 ἐθνῶν
562 663 648 698 δήπου
663 661 804 697 τροπαίοις
818 661 884 688 ταῦ-

92 720 125 738 τα
141 712 244 746 μᾶλλον
262 711 330 745 πρὸς
343 711 421 746 ἡμῶν
438 710 556 743 ἔσονται,
574 710 690 741 καὶτοῖς
711 709 788 744 ἐμοῖς
813 716 880 742 συμ-

93 756 450 791 φθέγξονταιλόγοις.⁴υταν
460 757 514 791 γὰρ
525 757 556 783 σὺ
565 756 724 786 ὸπλείστους
735 752 885 788 νενικηκὼς

92 805 153 831 ὅσον
163 803 243 830 οὗπω
257 803 394 837 γυναικῶν
410 803 458 830 καὶ
474 803 578 829 παίδων
604 802 691 838 ὀφθῇς
714 801 867 837 ἡττημένος
878 818 886 831 ,

92 848 147 876 τῶν
163 848 200 875 τὰ
222 848 403 883 Χριστιανῶν,
433 849 516 884 φημὶ,
551 848 723 883 σεϐομένων,
741 847 799 878 πῶς
825 845 887 880 οὐχὶ

95 895 186 930 πολλῷ
211 894 292 921 πλέον
315 895 332 929 ἡ
362 895 410 921 τοῦ
433 894 501 929 ἐμοῦ
529 894 648 928 Χριστοῦ
677 893 792 927 δύναμις
810 893 886 919 ἔσται.

94 941 272 975 καταφανής
288 941 342 966 Καὶ
357 940 426 974 πρὸς
440 939 546 970 τούτοις
556 940 604 973 ,τίς
621 937 706 968 οὓτως
736 937 888 972 ιμσρόντη-

94 995 139 1019 τος
155 987 203 1013 καὶ
217 986 332 1020 ἠλίθιος,
345 985 383 1017 ὡς
399 985 479 1016 εὐθὺς
495 984 657 1011 ἐκλαθέσθαι
680 984 735 1009 τῶν
763 983 814 1018 πρὸ
840 991 885 1017 μι·

96 1032 162 1068 τιροῦ
192 1032 309 1068 βροντῶν
330 1040 359 1058 τε
383 1031 430 1058 καὶ
452 1031 605 1065 κεραυνῶν,
623 1030 671 1056 κα)⁵
694 1029 745 1061 τῆς
770 1028 888 1063 φρικτῆς

903 880 923 907 Β

97 1079 204 1114 ὲκείνης
220 1079 383 1113 θεοσημείας
397 1077 520 1104 θανάτων
535 1085 564 1103 τε
581 1075 634 1102 τῶν
652 1075 748 1110 βιαίων
771 1074 818 1101 καὶ
840 1073 888 1100 τοῦ

97 1126 197 1161 μικροῦ
227 1126 282 1152 δεῖν
307 1124 528 1158 καταποντισμοῦ
554 1124 602 1150 καὶ
629 1124 679 1157 τῆς
698 1121 752 1148 τῶν
773 1121 889 1156 καρπῶν

97 1171 246 1203 ἀπωλείας,
279 1173 328 1198 καὶ¹
352 1170 422 1201 θεοῖς
431 1169 517 1196 ταῦτα
531 1169 588 1200 τοῖς
612 1169 680 1199 σοῖς,
703 1167 773 1193 ἀλλὰ
798 1166 836 1201 μὴ
850 1165 889 1200 τῷ

96 1218 194 1253 ἀληθεῖ
213 1217 313 1252 μᾶλλον
328 1215 480 1251 ἐπιγράψαι
502 1215 573 1250 Θεῷ,
598 1213 746 1247 εὐκαίρως,
775 1209 798 1239 ὦ
814 1212 891 1246 βασι-

96 1263 156 1293 λεῦ,
177 1262 226 1297 τὴν
238 1261 325 1297 ἀργὴν
337 1261 467 1295 ιπάγοντι
482 1261 552 1286 κατὰ
566 1260 620 1286 τῶν
635 1259 756 1288 ἐκείνους
777 1258 824 1285 καὶ
851 1266 891 1284 τι-

99 1309 214 1344 μώντων
232 1309 280 1334 καὶ
297 1307 452 1342 σεὸομένων
467 1315 474 1340 ;
491 1307 538 1341 Μὴ
555 1306 620 1340 γοῦν
649 1305 722 1332 οὕτω
750 1304 890 1340 θαρρὴσῃς

98 1356 144 1381 τὸν
156 1355 217 1381 καθ’
233 1353 311 1389 ἡμῶν
331 1354 463 1388 πόλεμον·
478 1353 536 1378 ἐστι
560 1353 606 1378 καὶ
618 1350 796 1387 ήμίνᾶνωθεν
807 1351 890 1382 ὅπλα,

97 1399 138 1432 οἷς
155 1400 252 1436 ὥσπερ
266 1399 290 1426 οἱ
308 1399 350 1426 σοὶ
363 1398 508 1435 δορυφόροι
524 1398 601 1433 παρὰ
611 1397 658 1424 σοῦ
675 1398 806 1432 σήμερον,
821 1395 892 1422 οὕτω

97 1447 129 1482 δὴ
142 1446 189 1473 καὶ
199 1446 276 1480 παρὰ
290 1445 338 1471 τοῦ
359 1444 494 1480 βασιλέως
507 1443 562 1470 τῶν
577 1444 646 1470 ὅλων
656 1444 736 1478 ἡμεῖς
760 1441 894 1476 φυλαττό-

100 1495 180 1530 μεθα,
190 1494 223 1520 δι’
237 1491 274 1521 ὧν
289 1494 336 1520 καὶ
349 1491 547 1526 ἁντιταξόμεθὰ
563 1500 603 1518 σοι
626 1491 674 1518 καὶ
688 1491 838 1525 νικήσομεν
855 1489 893 1515 νί-

659 147 750 176 VlTA
772 145 824 176 SS.
846 143 950 175 INDE
966 143 1014 174 ΕΤ
1033 143 1188 175 ΠΟΜΝᾸΞ.

1663 145 1732 178 1058

935 201 1046 228 brevem
1061 205 1089 227 et
1105 205 1287 234 opportunam
1303 199 1371 227 dans
1387 201 1612 234 responsionem;
1632 207 1660 229 et
1678 203 1731 230 line

933 254 1014 282 gnam
1040 246 1129 273 vinxit
1157 245 1333 277 Maximiano,
1350 251 1378 273 et
1403 254 1452 272 cor
1473 247 1534 281 ejus
1553 247 1732 276 conturbavit

933 297 961 319 et
970 291 1112 325 labefecit,
1134 295 1162 317 et
1178 290 1259 317 simul
1288 298 1351 317 eum
1368 290 1408 317 ira
1428 291 1487 326 ejus
1501 293 1622 318 animum
1640 292 1730 327 reple-

933 339 973 367 vit
988 339 1183 366 admiratione.
1196 338 1271 365 Dixit
1287 338 1359 365 enim
1378 347 1384 365 :
1409 337 1502 373 Neque
1533 344 1578 366 tua
1596 340 1731 374 promissa

934 390 962 413 et
986 386 1057 412 dona
1081 385 1292 415 desideramus,
1317 392 1333 410 ο
1361 385 1521 419 imperator,
1550 393 1640 420 neque
1670 390 1732 413 tuas

935 432 1026 458 minas
1047 431 1160 458 omnino
1177 438 1318 458 curamus.
1343 430 1388 457 Illa
1405 430 1477 457 enim
1492 431 1632 465 quomodo
1648 439 1733 467 appe-

936 482 1071 509 teremus,
1089 481 1136 504 aut
1154 477 1292 512 quomodo
1308 485 1338 504 ea
1357 481 1481 504 nostrum
1499 478 1650 504 delinirent
1674 479 1733 505 ani-

936 531 1023 556 mum,
1048 523 1106 558 qui.
1129 531 1299 558 quaecunque
1323 527 1388 550 sunt
1411 523 1518 555 mundi,
1533 523 1669 550 habemus
1683 531 1734 558 pro
1759 515 1762 519 ’

937 569 1074 597 somniis?
1095 569 1193 596 Malum
1212 575 1304 597 autem
1322 569 1387 604 quid
1403 569 1437 596 iis
1448 569 1593 602 miniteris,
1608 569 1654 604 qui
1673 576 1734 603 puts

937 624 1000 642 nam
1016 616 1107 650 potius
1120 616 1289 647 existimant,
1305 623 1360 642 non
1376 615 1418 642 vel
1432 615 1594 650 gravissima
1613 616 1734 642 sustine-

937 670 966 689 re
982 669 1095 698 propter
1117 662 1280 689 Christum?
1300 661 1365 694 Qua:
1381 669 1446 688 vero
1465 661 1545 694 dicis,
1566 666 1595 689 et
1617 661 1650 689 de
1673 663 1735 697 qui-

938 708 989 736 bus
1002 709 1130 744 gloriaris
1150 709 1184 736 de
1213 708 1333 743 tmpaﬁs,
1354 709 1477 744 inquam,
1506 709 1640 736 adversus
1665 717 1734 743 gen-

940 759 981 782 tes
995 755 1108 787 erectis,
1124 762 1156 782 ea
1173 755 1259 789 magis
1274 754 1387 782 stabunt
1406 762 1421 781 a
1437 754 1528 786 nobis,
1544 760 1572 781 et
1588 755 1655 782 meis
1673 763 1734 782 ver-

940 801 982 828 bis
1002 801 1238 836 suifragabuntur.
1253 800 1369 833 Quando
1382 801 1456 828 enim
1477 801 1524 836 qui
1539 801 1630 828 vicisti
1648 801 1733 835 pluri-

939 855 999 875 mos
1019 856 1082 875 mox
1101 853 1267 882 conspectus
1284 855 1314 874 es
1335 847 1425 875 victus
1445 855 1460 874 a
1483 848 1596 875 feminis
1615 852 1642 875 et
1666 856 1735 882 pue-

939 895 987 925 ris.
1001 894 1035 921 ab
1053 894 1098 924 iis,
1120 894 1243 928 inquam,
1268 893 1316 927 qui
1334 893 1430 920 colunt
1443 894 1602 928 religionem
1616 894 1736 921 Christi-

938 949 1030 973 anam,
1052 940 1286 976 quemadmodum
1302 948 1355 967 non
1379 940 1434 966 erit
1457 941 1511 967 mei
1527 940 1631 968 Christi
1646 941 1736 967 virtus

939 988 1026 1015 multo
1042 987 1226 1014 manifestior?
1241 987 1274 1014 Et
1290 992 1423 1020 praeterea
1439 988 1502 1022 quis
1525 993 1567 1015 est
1580 989 1649 1015 adeo
1665 994 1738 1016 attn-

939 1035 1017 1061 nitus
1032 1039 1059 1061 et
1075 1035 1187 1065 stultus.
1205 1039 1233 1061 ut
1260 1035 1296 1062 sit
1311 1034 1414 1061 oblitus
1428 1033 1580 1061 tonitruum
1602 1038 1630 1061 et
1643 1033 1737 1061 fulmi-

939 1087 1017 1109 num.
1033 1087 1093 1114 quae
1120 1079 1202 1115 paulo
1224 1084 1288 1107 ante
1305 1079 1430 1112 fuerunt,
1456 1084 1485 1107 et
1502 1080 1575 1107 illius
1590 1079 1738 1107 horrendae

941 1125 989 1152 Dei
1013 1125 1234 1161 signiﬁcationis,
1256 1127 1408 1161 mortisque
1446 1126 1583 1156 violentae,
1613 1130 1641 1152 et
1666 1126 1738 1160 ejus.

940 1179 1002 1206 qua:
1017 1178 1101 1205 prope
1111 1171 1383 1202 fuit,submersionis
1391 1175 1420 1198 et
1430 1171 1570 1198 fructuum
1584 1170 1715 1198 interitus
1729 1178 1736 1196 :

940 1222 968 1244 et
988 1216 1061 1251 quod
1080 1217 1136 1244 haec
1153 1217 1207 1244 tuis
1228 1217 1293 1248 diis,
1308 1224 1363 1244 non
1379 1221 1471 1243 autem
1487 1223 1552 1242 vero
1567 1215 1660 1249 potius
1682 1215 1739 1242 Deo

941 1262 1112 1296 ascripreris,
1126 1262 1174 1295 qui
1186 1266 1353 1296 opportune,
1368 1269 1384 1288 ο
1398 1262 1560 1296 imperator,
1571 1261 1655 1288 infert
1669 1260 1738 1287 iram

943 1310 1076 1334 adxersus
1099 1314 1158 1339 eos,
1175 1307 1222 1340 qui
1240 1306 1300 1333 illos
1315 1307 1452 1334 honorant
1475 1311 1503 1333 et
1514 1306 1625 1334 eolunt?
1646 1305 1685 1333 Ne
1699 1307 1740 1333 sic

943 1360 1009 1387 ergo
1035 1353 1138 1379 bellum
1159 1356 1256 1379 contra
1272 1360 1323 1379 nos
1334 1352 1499 1387 susceperis.
1520 1351 1592 1379 Sunt
1603 1353 1684 1380 nobis
1697 1360 1742 1380 ar-

944 1406 988 1425 ma
1001 1406 1112 1433 quoque
1130 1398 1259 1432 desuper,
1274 1398 1376 1432 quibus
1388 1397 1462 1425 sicut
1475 1397 1556 1424 hodie
1574 1398 1614 1424 tui
1627 1406 1642 1425 a
1656 1403 1683 1426 te
1696 1405 1742 1425 sa-

946 1445 1056 1477 tellites,
1075 1445 1112 1471 ita
1132 1453 1209 1472 nosa
1227 1451 1290 1478 rege
1306 1443 1449 1471 munimur
1472 1444 1676 1475 universorum.
1692 1452 1741 1479 per

944 1498 1006 1526 quae
1027 1495 1055 1517 et
1078 1495 1172 1517 contra
1190 1495 1215 1517 te
1243 1491 1270 1517 in
1299 1490 1386 1516 aciem
1420 1490 1606 1524 prodibimus,
1632 1495 1661 1518 et
1682 1492 1742 1519 adiv

99 1549 150 1576 κην
163 1540 262 1575 κομιδῆ
276 1539 512 1574 παραδοξοτὰτην.
537 1537 700 1571 Βαλλόμενοι
717 1537 771 1570 γὰρ
785 1535 889 1561 ἀνελοῦ⁴

947 1539 1086 1573 piscemur
1110 1538 1252 1564 victoriam
1286 1537 1366 1564 valde
1389 1538 1590 1568 admirabilem.
1613 1539 1740 1568 Percussi

100 1594 159 1620 μεν,
190 1586 238 1612 καὶ
261 1585 405 1616 πίπτοντες
435 1584 465 1611 τὸ
492 1583 562 1609 κατὰ
586 1582 634 1609 σοῦ
656 1579 814 1617 στησόμεθα
826 1580 890 1615 τρό-

99 1639 189 1658 παιον.

134 1677 193 1712 ις’.
212 1677 334 1705 Ἤκουσε
346 1677 434 1705 ταῦτα
447 1678 460 1705 ὸ
477 1677 615 1712 βασιλεὺς,
627 1677 675 1704 καὶ
690 1675 728 1712 τῷ
743 1674 820 1711 τομῷ
837 1675 890 1701 τῶν

98 1723 182 1758 λόγων
193 1724 291 1759 ὥσπερ
308 1724 347 1753 είς
365 1724 452 1759 μέσην
468 1724 607 1755 διακοπεὶς
622 1723 670 1758 τὴν
688 1722 801 1758 καρδίαν
825 1720 893 1756 κρύ-

96 1769 145 1804 ψαι
157 1771 204 1798 νῦν
223 1770 253 1796 τδ
266 1769 349 1801 πάθος
363 1770 392 1796 ἐν
406 1769 556 1806 ἀπορρήτῳ
564 1770 613 1802 τῆς
627 1769 716 1805 ψυχῆς
741 1769 891 1804 διανοηθεὶς

97 1817 171 1843 οὐδὲν
198 1816 284 1843 πλέον
307 1815 393 1842 είπὼν
422 1815 438 1850 ἢ
473 1815 575 1851 δράσας
588 1815 635 1842 τοῦ
652 1815 717 1841 ναοῦ
731 1814 841 1847 ἔξεισιν.
862 1814 892 1840 ὐ

99 1864 188 1898 μέντοι
230 1863 346 1898 ιύσεδὴς
377 1863 480 1894 έκεῖνος
515 1862 579 1894 λαὸς
602 1862 642 1896 τῷ
658 1862 708 1896 μὲν
727 1861 787 1896 Θεῷ
801 1860 891 1894 δόξαν,

97 1909 240 1945 Γλυκερίῳ
251 1909 279 1935 δὲ
293 1908 333 1942 τῷ
349 1907 422 1942 σοφῷ
433 1907 562 1939 τοιαύτας
592 1907 707 1938 ἕκαστος
734 1906 893 1941 προσιόντες

99 1954 220 1981 ιδίδοσαν
236 1955 285 1986 τὰς
302 1954 394 1988 φωνὰς
418 1954 460 1986 Ὠς
481 1953 584 1988 γλυκέα
605 1953 644 1988 τῷ
657 1952 774 1987 λάγυγγί
791 1960 842 1987 μου
858 1952 893 1978 τὰ

100 2001 176 2035 λόγια
192 2010 251 2032 σου,
267 2001 337 2034 ὑπὲρ
365 2000 425 2034 μέλι
437 2000 474 2034 τῷ
488 1999 602 2033 στόματί
634 2007 684 2035 μου
697 1999 705 2026 ι
727 1997 893 2032 Μαξιμιανῷ

100 2048 130 2074 δὲ
154 2048 204 2074 οὐκ
233 2047 346 2082 ἔμελλεν
362 2047 375 2072 ό
389 2046 476 2080 θυμὸς
505 2047 551 2072 ἐπὶ
572 2045 641 2072 πολὺ
658 2045 789 2076 καθεκτὸς
811 2043 893 2075 εἶναι,

101 2093 168 2120 ἀλλὰ
180 2093 288 2128 σφύζων
300 2093 329 2119 ὲν
348 2091 423 2126 αὑτῴ
436 2091 526 2118 πείθει
536 2091 614 2126 χερσὶ
627 2091 844 2126 ςστρατιωτικαίς
860 2091 892 2125 τῇ

944 1585 1029 1615 enim,
1054 1583 1263 1610 interimemus:
1287 1588 1316 1610 et
1332 1583 1472 1617 cadentes,
1487 1589 1583 1611 contra
1600 1589 1626 1612 te
1641 1590 1740 1620 tropa-

946 1637 990 1656 um
1005 1630 1156 1662 erigemus.

980 1676 1052 1704 XVI.
1075 1676 1139 1703 lla-c
1160 1675 1251 1703 audiit
1276 1676 1437 1711 imperator,
1456 1680 1484 1703 ct
1498 1676 1658 1704 secantibus
1677 1684 1740 1704 ver-

945 1721 988 1749 bis
1007 1723 1035 1749 in
1050 1722 1142 1749 medio
1160 1723 1245 1750 corde
1260 1723 1469 1757 quodammodo
1489 1724 1638 1755 sauciatus,
1656 1724 1741 1751 animi

945 1773 1050 1796 motuin
1071 1770 1098 1795 in
1120 1770 1266 1803 praesentia
1291 1770 1383 1796 celare
1413 1769 1520 1797 babens
1545 1770 1572 1796 in
1591 1770 1693 1803 animo,
1714 1774 1743 1797 et

946 1815 1016 1842 nihil
1027 1815 1147 1850 amplius
1161 1815 1257 1842 dicens
1272 1820 1318 1842 aut
1335 1815 1450 1847 faciens,
1462 1823 1478 1842 e
1514 1816 1620 1850 templo
1635 1815 1744 1850 egredi.

947 1865 1005 1888 tur.
1021 1861 1088 1888 Pius
1101 1866 1194 1889 autem
1209 1862 1254 1888 ille
1271 1862 1402 1896 populus,
1419 1862 1475 1889 Deo
1490 1862 1602 1896 quidem
1615 1862 1743 1897 gloriam,

946 1908 1064 1943 sapienti
1086 1915 1153 1934 vero
1175 1907 1314 1942 Glycerio,
1326 1915 1377 1942 pro
1393 1914 1422 1934 se
1438 1908 1554 1942 quisque
1573 1908 1641 1934 tales
1662 1915 1744 1935 voces

946 1954 1057 1981 edidit:
1077 1962 1087 1979 ι
1110 1953 1197 1986 Quam
1221 1953 1315 1980 dulcia
1338 1953 1444 1988 gutturi
1468 1961 1529 1980 meo
1552 1953 1661 1987 eloquia
1685 1958 1742 1985 tua,

947 2007 1030 2034 supra
1049 1999 1102 2026 mel
1123 2000 1165 2026 ori
1181 2006 1242 2026 meo
1259 2000 1268 2014 '
1282 2000 1288 2025 l
1311 2008 1320 2024 ι
1336 1999 1397 2025 Non
1418 1999 1541 2026 futurum
1558 2003 1650 2025 autem
1670 2004 1742 2030 erat.

948 2050 978 2072 ut
994 2044 1176 2072 Maximianus
1192 2044 1317 2071 iramdiu
1333 2045 1486 2076 cohiberet,
1502 2045 1548 2072 sed
1565 2044 1637 2079 apud
1650 2052 1679 2072 se
1699 2044 1743 2071 fu-

949 2099 1010 2119 rere
1031 2091 1164 2126 percitus,
1183 2090 1262 2125 jubet
1282 2091 1439 2125 Glycerium
1467 2096 1580 2118 euntem
1600 2091 1633 2117 ad
1653 2091 1744 2118 ecclec

102 2139 235 2174 ἐκκλησία
249 2138 399 2173 προσιόντα
423 2137 569 2172 Γλυκέριον
588 2137 787 2172 συλληφθῆναι,
809 2137 889 2171 ἀπειρη

948 2139 1017 2164 siam
1051 2136 1250 2171 comprehendi
1276 2144 1360 2163 manu
1385 2136 1510 2168 militari,
1528 2141 1556 2163 et
1571 2141 1742 2172 correptum,

102 2186 206 2211 παστόν
221 2193 250 2212 τε
266 2184 333 2220 πρὸς
351 2183 431 2210 αὑτὸν
449 2183 564 2218 ἀχθῆναι
581 2191 588 2198 ·
609 2183 638 2210 ὃν
653 2183 685 2218 δὴ
701 2183 749 2209 καὶ
767 2183 806 2217 τῷ
822 2183 889 2209 sui.

949 2183 983 2210 ad
1003 2191 1033 2210 se
1050 2183 1161 2210 adduci.
1175 2183 1227 2214 Qui
1247 2190 1310 2209 cum
1326 2182 1360 2209 ad
1383 2183 1458 2210 illius
1476 2183 1597 2210 tribunal
1607 2189 1681 2211 esset
1694 2184 1744 2210 ad-

103 2238 147 2257 νου
166 2230 269 2266 βήματι
286 2224 478 2264 παραστάντα,
495 2228 580 2264 μηδὲν
591 2228 734 2263 ίρωτήσας
749 2227 886 2254 τύπτεσθα

953 2230 1064 2261 ductus,
1083 2229 1153 2256 nihil
1173 2228 1374 2264 interrogatum
1394 2229 1478 2263 jussit
1502 2230 1642 2256 verberari
1659 2230 1743 2257 boum

105 2275 260 2311 βου-δεύροις
277 2275 404 2303 ικέλευεν
420 2274 492 2302 οὕτω
523 2273 658 2310 σφοδρῶς,
689 2273 741 2306 ἕως
755 2275 817 2305 τοὺς
849 2274 889 2309 μὲι

952 2276 1046 2303 nervis
1057 2280 1111 2302 tam
1123 2275 1310 2307 vehementer,
1325 2274 1415 2302 dunee
1429 2276 1606 2303 verberantes
1618 2277 1742 2310 quidem,

103 2322 253 2354 τύπτοντας
270 2323 286 2358 ἡ
319 2323 408 2358 ἰσχὺς,
425 2323 530 2348 ἐκεῖνον
546 2321 575 2347 δὲ
591 2320 789 2356 μαστιζόμενον
813 2320 886 2352 ιξέλι

952 2322 1036 2354 vires,
1050 2321 1126 2348 illum
1146 2325 1252 2353 autem,
1267 2320 1315 2355 qui
1339 2320 1509 2352 cedebatur,
1527 2329 1579 2348 vox
1600 2323 1741 2349 deﬁceret.

105 2373 154 2391 πιν
169 2367 186 2401 ἡ
200 2367 275 2401 φωνή
293 2374 300 2400 ξ
318 2367 367 2393 καὶ
380 2366 480 2401 κύρυκι
493 2365 522 2392 δὲ
542 2365 654 2392 τοιαῦτα
672 2365 810 2399 ἐπιλέγειν
825 2365 889 2400 αὑτιξ

951 2366 1076 2394 Praeconi
1096 2373 1207 2400 quoque
1230 2366 1266 2397 ei,
1286 2365 1352 2393 dum
1377 2366 1683 2402 verberabatur,jussit
1699 2368 1743 2395 di-

105 2414 277 2448 τυπτομὲνῳ,
294 2412 387 2439 Φείδου
403 2412 436 2439 τὰ
447 2412 533 2439 πολλὰ
545 2412 680 2447 γλώττης,
697 2411 838 2447 Γλυκέριε.
853 2411 889 2438 Mi

952 2420 1016 2440 cere
1034 2421 1041 2439 :
1057 2412 1163 2446 Lingua
1184 2412 1296 2447 parcius
1317 2417 1405 2446 utere,
1419 2420 1435 2440 ο
1451 2413 1569 2448 Giyeeri.
1586 2414 1625 2441 Ne
1644 2415 1683 2441 sis
1699 2422 1744 2442 ar-

106 2456 224 2489 ἀλαζὼν,
245 2457 282 2493 μὴ
309 2457 483 2492 στασιαστὴς,
509 2457 546 2492 μὴ
573 2457 704 2492 αὐθάδης.
734 2456 807 2491 Τίμα
831 2456 885 2483 Ῥω

953 2465 1064 2493 rogans,
1086 2466 1138 2485 nec
1162 2458 1323 2490 seditiosus,
1351 2466 1404 2485 nec
1427 2459 1558 2487 insolens.
1582 2459 1612 2486 In
1639 2460 1745 2488 huler

109 2502 195 2535 μαίων
205 2502 264 2535 ἔθη,
285 2502 361 2529 αἰδοῦ
378 2502 506 2537 βασιλεῖς.
518 2501 596 2528 Οὕτω
612 2503 662 2537 μὲν
690 2502 822 2529 ἐπέταττε
841 2502 888 2529 Ma

953 2503 1024 2530 habe
1042 2510 1134 2530 mores
1159 2503 1370 2536 Romanorum;
1396 2512 1524 2532 reverere
1547 2504 1743 2539 imperatores.

108 2545 231 2581 ξιμιανός
243 2556 251 2563 ·
264 2547 322 2574 ἀλλ’
337 2546 398 2574 οὔτε
415 2546 566 2582 βασανίζων
581 2547 701 2580 ἔπεισεν,
729 2547 791 2575 οὒτε
815 2548 889 2575 ταῦτι

952 2548 999 2576 Sic
1025 2548 1136 2583 quidem
1165 2549 1313 2583 imperavit
1339 2549 1521 2577 Maximianus
1548 2560 1554 2577 :
1576 2551 1625 2578 sed
1652 2559 1744 2586 neque

109 2595 216 2630 ἰπᾲδων
230 2594 467 2630 κατεδυσώπησεν,
494 2595 562 2622 ἀλλὰ
586 2596 719 2631 κρείττων
747 2597 761 2623 ὁ
795 2597 889 2631 μάρτυι

953 2600 1089 2630 torquens
1131 2596 1287 2629 persuasit,
1319 2603 1409 2630 neque
1440 2596 1498 2624 hate
1534 2602 1648 2625 cantans
1681 2606 1745 2626 eum

109 2641 156 2667 καὶ
170 2640 224 2667 τῶν
237 2641 342 2676 δημίων
354 2641 465 2675 χειρῶν,
482 2640 532 2667 καὶ
546 2641 600 2668 τῶν
612 2642 788 2677 ἑπᾳδομένων
804 2643 889 2675 φωνῶ·

954 2641 1047 2669 θιΐεείι
1065 2641 1182 2676 pudore.
1199 2642 1247 2669 sed
1270 2649 1334 2669 cum
1351 2646 1425 2670 esset
1443 2648 1548 2678 martyr
1567 2645 1695 2678 superior
1717 2650 1746 2673 et

109 2685 153 2712 τὸν
167 2686 264 2714 ἑαυτοῦ
281 2686 393 2722 βασιλέα
406 2686 509 2721 ἐζήτει,
523 2686 570 2713 καὶ
596 2687 646 2722 τὴν
673 2687 778 2714 ἐκεῖθεν
805 2689 885 2721 ὲξεκα

957 2687 1086 2715 manibus
1104 2688 1285 2720 lictorum,et
1307 2689 1424 2716 vocibus
1443 2697 1505 2724 quae
1520 2690 1545 2716 ei
1565 2691 1745 2719 incantation-

110 2729 180 2756 λεῖτο
195 2731 320 2766 βοήθειαν
335 2732 407 2762 ὅπως
422 2729 479 2766 εἶχε
498 2732 544 2758 καὶ
565 2733 657 2767 φωνῆς
681 2732 730 2759 καὶ
748 2732 889 2768 δυνάμεως

956 2738 1009 2766 tur.
1023 2734 1164 2770 quaerebat
1175 2742 1255 2762 suum
1272 2735 1385 2770 Regem,
1400 2740 1428 2762 et
1445 2742 1500 2763 tota
1520 2744 1586 2764 voce
1600 2741 1627 2764 et
1642 2738 1746 2766 viribus

111 2774 195 2810 Κύριε
213 2777 299 2812 Ἰησοῦ
314 2778 424 2813 Χριστὲ,
440 2778 538 2812 λέγων,
553 2777 647 2813 ὥσπερ
663 2778 694 2813 δή
720 2787 754 2813 με
771 2779 841 2815 ὑπὲρ
855 2779 901 2806 eo}

112 2819 200 2854 λέγειν
215 2823 349 2858 ἔρρωσεις,
365 2822 436 2850 οὕτω
448 2823 479 2858 δὴ
493 2823 539 2851 καὶ
554 2823 624 2859 ὑπὲρ
638 2824 685 2850 σοῦ
713 2824 828 2860 πάσχειν
857 2826 901 2854 ὲν.

92 2904 100 2912 ,
145 2877 264 2908 'Pnlm.
280 2889 376 2916 cxun,
393 2881 457 2911 103.

957 2780 1032 2808 illitis
1052 2781 1196 2808 invocabat
1218 2780 1351 2807 auxilium
1369 2788 1375 2808 :
1401 2781 1516 2809 Domine
1537 2781 1603 2810 Jcsu
1625 2782 1746 2816 Christe,

956 2826 1064 2861 dicens,
1080 2827 1219 2862 quomodo
1239 2834 1294 2860 me,
1309 2831 1339 2854 ut
1356 2834 1407 2861 pro
1428 2831 1452 2855 te
1468 2827 1600 2859 dicerem.
1616 2829 1749 2857 corrobo-
