2049 3151
320 129 391 164 1059

320 191 399 222 rasti,
415 190 452 218 ita
469 189 566 221 etiam,
585 196 601 215 ο
627 188 712 220 bone,
729 187 763 214 da
783 187 851 214 mihi
876 186 961 218 vires,
973 190 1003 213 ut
1021 192 1071 220 pro
1091 188 1117 212 te
1131 188 1154 216 Α

319 235 421 272 patiar,
442 240 472 262 ut
496 234 656 261 accessione
677 240 773 260 eorum
797 239 859 268 quae
875 237 941 259 sunt
961 231 1060 263 tristia,
1076 231 1112 258 sit

319 282 387 309 mihi
407 280 582 316 praemiorum
597 280 684 315 major
697 278 895 306 remuneratio.
907 277 966 305 [Ioc
980 283 1112 312 tanquam

319 327 391 362 ignis
402 327 456 362 igni
467 326 605 358 additum,
616 325 781 353 Maximiano
793 325 926 359 majorem
936 323 1004 351 iram
1014 331 1114 350 accen-

320 375 372 408 dit;
395 375 452 409 ipse
468 378 559 401 autem
578 381 637 404 eos,
651 373 698 406 qui
721 373 922 407 perctttiebant,
939 378 1063 406 eousque
1084 375 1111 397 ut

320 421 504 449 verberarent
519 420 654 453 incitavit,
670 419 761 447 donec
776 426 876 453 corpus
894 418 1021 453 martyris
1035 416 1113 444 humi

320 468 434 504 iaceret,
451 467 521 494 nihil
538 466 669 494 diIIerens
681 465 715 493 ab
734 465 864 492 inanimis
879 473 885 491 :
905 463 1038 499 sanguine
1054 463 1115 498 qui-

322 513 385 540 dem
399 514 456 548 jam
477 512 629 544 exinanito,
647 511 718 546 pelle
732 518 800 538 vero
814 514 896 537 vento
911 509 1071 541 tumefacta,
1086 513 1115 536 et

323 559 381 595 ipsa
397 566 480 586 carne
495 557 572 593 prius
592 561 755 592 consumpta
772 560 801 584 et
818 556 902 584 nudis
919 555 987 583 solis
1005 555 1115 583 ossibus

323 604 533 640 apparentibus.
560 603 637 637 Quod
665 603 777 638 quidem
809 602 895 630 movit
925 601 1116 629 misericordia

324 659 380 680 non
392 651 480 679 solum
497 651 557 685 pios
570 655 598 678 et
613 650 750 677 humanos
764 649 882 682 animos,
901 649 947 676 sed
962 648 1045 675 etiam
1058 647 1117 674 ani-

324 705 384 726 mos
402 696 616 724 inﬁdeliumnﬂ
627 703 682 722 non
695 695 901 727 Maximianum,
917 693 996 729 cujus
1007 693 1117 720 animus

323 749 384 772 erat
400 743 490 778 lapide
510 742 615 770 durior.

361 789 444 818 XVII.
464 789 517 817 Sed
538 793 681 823 postquam
706 789 745 816 sic
760 787 888 816 aﬂ'eetum
905 786 1073 822 Glycerium,
1089 790 1119 813 et

327 844 343 864 a
359 840 468 863 mortuo
488 835 600 870 quidem
619 835 689 862 nihil
716 842 801 870 prope
825 834 1012 867 diII‘erentem,
1030 832 1116 860 solam

328 887 420 910 autem
447 868 568 917 linguam
596 868 752 909 moventem
767 868 933 908 Vvehementi
959 880 1069 915 spiritu,
1089 883 1117 906 et
1133 868 1154 896 Β

327 929 486 957 dicentem:
508 928 575 955 Sum
600 927 788 962 Christianus,
811 935 909 955 servus
929 926 1042 959 Christi,
1069 925 1116 961 qui

324 976 401 1003 solus
420 979 463 1003 est
483 983 565 1002 verus
589 975 678 1007 Deus;
708 982 780 1002 unus
818 979 862 1001 est
882 973 949 1000 mihi
972 973 1115 1005 Dominus,

326 1030 400 1050 unus
424 1023 493 1049 Rex.
517 1022 578 1049 Non
606 1021 698 1050 ferens
726 1022 771 1049 ille
791 1021 921 1056 loquendi
947 1021 1115 1053 libertatem,

322 1067 403 1101 jubet
423 1075 488 1094 eum
530 1067 642 1102 quidem
668 1068 737 1095 solvi
761 1075 776 1095 a
804 1065 946 1100 vinculis,
966 1066 1116 1094 abductum

324 1121 393 1140 vero
413 1117 491 1140 extra
513 1113 666 1146 civitatem,
687 1114 749 1149 igne
766 1118 918 1141 crematum
937 1117 1053 1140 mortem
1071 1120 1117 1140 su-

325 1158 395 1186 bire.
413 1159 518 1186 Ductus
533 1166 599 1194 ergo
620 1166 772 1194 generosus
792 1158 837 1186 ille
852 1158 886 1185 ad
901 1158 993 1185 locum
1011 1156 1116 1184 consti-

325 1209 436 1237 tutum,
458 1209 487 1232 et
513 1210 590 1232 stans
621 1205 655 1232 ad
687 1205 842 1237 orientem,
873 1204 973 1239 partim
1003 1203 1114 1238 quidem

324 1251 436 1279 Christo
453 1251 510 1286 egit
522 1251 626 1286 gratias
640 1251 687 1286 qui
702 1258 764 1278 eum
782 1259 797 1277 a
811 1250 906 1277 multis
919 1249 1050 1276 liberarat
1066 1257 1115 1284 pe-

327 1297 444 1330 riculis;
462 1297 564 1332 partim
587 1301 680 1324 autem
703 1304 753 1331 pro
773 1304 803 1324 se
821 1296 1000 1323 vehementer
1014 1295 1115 1327 oravit,

325 1347 354 1371 et
367 1351 418 1378 pro
436 1343 501 1378 piis,
516 1343 564 1378 qui
585 1347 666 1370 erant
685 1343 799 1378 ubique.
812 1342 917 1370 Deinde
930 1349 992 1369 cum
1013 1341 1115 1369 Christi

326 1389 438 1424 signum
459 1396 510 1416 suo
523 1389 698 1416 adhibuisset
717 1388 836 1423 corpori,
852 1387 903 1414 fuit
919 1387 1014 1416 aﬂixus
1030 1388 1115 1423 ligno,

326 1442 405 1463 saera
420 1434 540 1467 victima,
555 1435 628 1462 aries
642 1442 740 1462 carens
752 1435 826 1462 omni
843 1435 921 1466 vitio,
938 1435 963 1462 ei
977 1435 1025 1470 qui
1040 1435 1115 1470 ligno

327 1484 440 1514 propter
452 1487 502 1507 nos
509 1479 562 1507 fuit
572 1480 682 1508 afﬁxus.
692 1479 756 1515 Igne
768 1483 859 1506 autem
873 1479 971 1507 subtus
987 1487 1116 1512 accenso,

326 1525 390 1553 Jesu
399 1525 450 1553 fuit
462 1525 584 1553 oblatum
595 1525 786 1555 holocaustum
803 1530 831 1553 et
844 1525 1009 1554 sacriﬁcium
1019 1534 1116 1562 accep-
1129 1546 1152 1577 Ο

328 1572 423 1605 tabile,
439 1576 467 1600 et
483 1572 575 1600 divina
591 1573 681 1600 hostia
701 1580 828 1607 supernae
850 1573 1031 1601 conveniens.
1043 1573 1115 1606 Quid

327 1627 392 1647 vero
407 1619 418 1646 ?
434 1620 534 1646 hincne
563 1619 697 1647 intellexit
713 1619 893 1646 Maximianus
910 1619 970 1654 pios
990 1626 1050 1646 esse
1063 1619 1116 1645 im-

326 1665 495 1694 mutabiles?
519 1665 635 1693 Multum
662 1666 758 1699 abest;
789 1665 837 1693 sed
853 1672 916 1692 cum
941 1665 1118 1693 exsecranda:

325 1713 386 1747 ejus
398 1712 494 1739 hostiae
509 1711 677 1739 ducerentur
691 1711 725 1738 ad
741 1706 873 1745 templum
890 1710 1036 1738 duodecim
1050 1711 1115 1738 deo-

326 1765 398 1789 rum,
429 1756 502 1791 quod
529 1761 588 1783 erat
617 1757 692 1784 intra
721 1757 837 1792 regiam,
864 1756 980 1784 aderant
1005 1757 1116 1792 quidem

326 1802 416 1838 impii,
430 1801 556 1830 candidis
575 1807 604 1829 et
628 1802 783 1837 magniﬁcis
803 1802 925 1830 vestibus
945 1803 1118 1831 celebrantes

327 1849 428 1877 Iestum
452 1849 494 1876 sui
512 1848 652 1877 interitus.
669 1848 750 1877 Solus
767 1854 860 1877 autem
881 1849 964 1877 Indes
986 1850 1055 1877 atris
1077 1850 1118 1877 in-

327 1895 411 1923 dutus
426 1895 559 1928 vestibus,
576 1899 680 1923 etcum
694 1896 753 1923 ba‘c
769 1896 985 1929 celebrarentur,
997 1897 1118 1923 maximo

327 1942 424 1969 dolore
442 1941 569 1975 aﬂ'ectus,
589 1949 653 1969 cum
669 1949 698 1970 se
723 1943 751 1969 in
766 1942 844 1969 valde
866 1941 1012 1970 tenebrosa
1028 1942 1118 1970 inclu-

327 1989 410 2015 sisset
424 1988 602 2020 domuncula,
619 1987 768 2023 impiorum
784 1987 903 2015 deﬂebat
915 1988 1068 2017 interitum.

364 2033 456 2062 XVIII.
474 2034 679 2061 Renuntiantur
704 2033 763 2061 hac
778 2042 890 2069 quoque
905 2034 1077 2070 imperatori.
1090 2041 1119 2063 et

327 2080 352 2108 is
365 2080 458 2107 statim
471 2081 505 2106 ab
520 2080 581 2114 ipso
597 2080 740 2115 arripitur,
753 2084 782 2107 et
797 2081 905 2108 sistitur
920 2080 955 2108 ab
966 2081 1014 2108 illo
1025 2082 1118 2117 judice

327 2125 503 2160 judicandus.
522 2126 590 2152 Cum
606 2130 699 2153 autem
716 2125 799 2153 etiam
814 2131 961 2161 antequam
992 2127 1118 2162 loquere-

330 2176 385 2203 tur.
399 2171 424 2199 ei
442 2171 617 2199 renuntiaret
632 2172 727 2205 vestis,
745 2171 818 2206 quod
834 2179 895 2207 qua:
905 2172 1018 2204 ﬂebant,
1035 2173 1069 2202 ab
1083 2182 1118 2201 eo

329 2219 514 2245 censebantur
541 2218 622 2252 digna
647 2218 722 2245 luctu
745 2222 774 2245 et
802 2218 926 2251 tristitia,
949 2219 1032 2253 jussit
1059 2221 1120 2256 ejus
1136 2223 1157 2253 ο

330 2264 457 2293 manibus
467 2269 495 2292 et
506 2264 624 2299 pedibus
646 2264 756 2300 injectis
764 2266 881 2297 catenis.
892 2270 921 2292 et
932 2265 1003 2292 collo
1012 2266 1120 2299 collari.

329 2318 394 2338 eum
420 2311 527 2338 servari
550 2310 688 2338 inclusum
720 2311 749 2338 in
776 2318 898 2338 carcere.
925 2311 1015 2346 Atque
1026 2312 1122 2340 Indcm

330 2357 442 2392 quidem
458 2357 577 2385 habebat
595 2357 738 2391 custodia;
756 2357 940 2385 Maximianus
955 2366 1021 2386 vero
1038 2359 1121 2386 Dom-

330 2411 393 2431 nam
412 2411 522 2438 quoque
537 2404 688 2439 quaerebat,
701 2408 730 2432 et
750 2404 844 2432 furore
859 2405 974 2439 perinde
989 2413 1020 2433 ac
1034 2405 1124 2433 ebrie-

331 2453 386 2477 tate
411 2449 476 2477 ιω
502 2449 620 2483 ratione,
643 2455 671 2478 et
687 2450 790 2478 oblitus
812 2458 910 2478 eorum
931 2459 992 2486 quae
1011 2452 1045 2480 de
1060 2452 1118 2487 ipsa

330 2495 485 2528 audiverat,
508 2495 617 2523 dicebat
637 2496 746 2524 assidue
762 2505 769 2523 :
792 2495 842 2524 Ubi
861 2501 902 2525 est
924 2497 1050 2526 Domna?
1066 2498 1118 2526 Ubi

329 2546 372 2570 est
394 2541 525 2569 sacerdos
549 2542 643 2569 Dianae
664 2546 694 2570 et
716 2542 863 2570 Minervae?
884 2543 991 2571 Rursus
1006 2552 1072 2579 ergo
1094 2544 1119 2572 ei

330 2587 425 2616 dicunt
451 2587 487 2615 de
502 2587 620 2624 integro,
638 2596 700 2623 qua:
718 2588 885 2616 videbantur
909 2589 1043 2618 accidisse
1063 2591 1120 2618 vir-

329 2633 397 2669 gini,
412 2639 442 2663 et
459 2642 521 2670 quae
535 2635 641 2664 fecerat
656 2636 813 2669 eunuchus,
832 2636 869 2663 ita
884 2640 914 2664 ut
928 2644 973 2665 res
986 2644 1016 2665 se
1033 2637 1120 2665 habe-

329 2680 376 2710 bat
394 2681 444 2718 (6),
466 2682 634 2717 signiﬁcant.
648 2683 695 2711 Ille
712 2687 806 2711 autem
823 2690 886 2710 cum
902 2683 987 2712 multa
1005 2684 1120 2712 dixisset

384 2775 395 2791 ⁸
413 2773 487 2800 Psal.
502 2781 599 2808 cxvnt,
626 2776 688 2804 I05.

369 2863 408 2900 (ὃ)
426 2864 540 2895 Scilicet
553 2866 629 2903 quod
642 2865 801 2896 Christiana
817 2871 902 2895 esset.

906 125 1102 156 ADDENDA.
1124 136 1156 142 -
1179 122 1392 154 DECEMBER.

1172 184 1290 219 ίσχυσον,
1304 182 1402 217 ἀγαθὲ.
1418 182 1461 208 ἴνα
1474 181 1508 216 τῇ
1525 178 1669 216 προσθήκῃ
1681 177 1737 204 τῶν
1751 175 1886 210 ἀλγεινῶν
1903 175 1973 210 μεί-

1164 233 1218 264 ζων
1231 239 1275 266 μοι
1285 231 1355 264 καὶὴ
1370 229 1424 256 τῶν
1436 227 1572 264 βραϐείων
1583 225 1716 256 ἀντίδοσις
1730 223 1855 258 γένηται.
1876 221 1972 248 Τοῦτο

1165 277 1292 310 καθάπερ
1308 276 1375 312 πυρὶ
1391 275 1447 310 πῦρ
1475 273 1627 310 προστεθὲν
1654 270 1824 306 Μαξιμιανῷ
1849 269 1973 296 πλείονα

1163 324 1209 350 τὸν
1222 322 1307 358 Θυμδν
1322 321 1434 356 ἀνῆψεν.
1447 321 1532 351 Αὐτὸς
1544 320 1573 346 δὲ
1587 319 1649 350 τοὺς
1667 317 1800 348 παίοντας
1812 317 1852 348 εις
1866 314 1971 342 τοσοῦ-

1164 379 1209 396 τιν
1224 369 1336 403 ἠρέθισε
1351 368 1475 399 τύπτειν,
1490 367 1542 398 ἕως
1558 366 1588 392 τὺ
1600 365 1681 400 σῶμα
1693 363 1742 390 τοῦ
1758 363 1899 398 μάρτυρος
1916 361 1971 388 οὗ·

1163 417 1207 442 ὁὲν
1220 416 1274 442 τῶν
1290 414 1402 449 ἀψύχων
1416 413 1544 444 ἀπεοικὸς
1554 412 1600 438 ἐπὶ
1611 411 1662 446 γῆς
1681 410 1772 437 ἔκειτο
1782 409 1829 436 τοῦ
1843 409 1971 444 αἵματος

1166 462 1215 498 μὲν
1226 462 1276 497 ἤδη
1288 447 1464 492 xamen“,
1478 459 1564 493 αὐτῆς
1576 458 1605 485 δὲ
1621 456 1723 492 σαρκὸς
1741 454 1970 491 προδαπανηθεί-

1165 518 1228 542 σης,
1247 509 1294 536 καὶ
1320 508 1374 534 τῶν
1402 506 1489 533 ὀστῶν
1505 506 1593 541 μόνων
1614 503 1701 538 ψιλῶν
1723 500 1968 535 ῦποφαινομένων,

1164 557 1233 590 ὅπερ
1246 552 1336 582 οἶκτον
1351 553 1477 581 ένέὸαλεν
1489 552 1520 578 οὺ
1537 552 1597 582 ταῖς
1610 549 1737 576 εὐσεϐέσι
1754 548 1835 583 μόνον
1847 547 1896 573 καὶ
1918 555 1969 581 φι-

1165 601 1336 636 λανθρώποις
1347 600 1459 635 ψυχαῖς,
1475 598 1542 625 ἀλλὰ
1559 596 1591 632 Mi
1610 595 1658 622 καὶ
1675 596 1734 626 ταῖς
1751 593 1807 620 τῶν
1825 592 1968 620 ἀπίστων

1167 648 1222 675 ἀλλ’
1249 648 1309 682 οὐχὶ
1335 647 1382 674 καὶ
1406 644 1570 679 Μαξιμιανῷ
1594 642 1634 678 τῷ
1656 641 1703 669 καὶ
1717 639 1800 668 αὑτοῦ
1819 639 1894 666 λίθου
1912 638 1968 673 τὴν

1166 694 1255 730 ψυχὴν
1275 693 1342 729 σκλη
1347 692 1406 729 ροτέ
1412 701 1461 728 ρῳ.

1204 786 1254 813 IZ’.
1276 785 1346 812 Ἀλλ’
1361 784 1424 811 ἐπεὶ
1432 782 1578 818 Γλυκέριον
1594 780 1669 817 ἑώρα.
1683 779 1731 807 καὶ
1749 778 1836 808 οὕτως
1850 777 1964 812 ἔχοντα,

1170 832 1217 858 καὶ
1231 830 1328 866 νεκροῦ
1348 830 1398 865 μὲν
1408 829 1484 855 οὐδὲν
1500 827 1599 864 μικροῦ
1612 826 1786 861 διαφέροντα,
1799 825 1850 858 τὴν
1872 821 1965 857 γλῶτ-

1169 886 1220 904 ταν
1248 877 1276 903 δὲ
1305 875 1432 902 κινοῦντα
1460 875 1545 911 μόνην
1563 874 1593 899 ὲν
1619 870 1728 907 θερμῷ¹
1744 869 1882 904 πνεύματι
1902 868 1964 899 καὶ,

1171 923 1333 959 Χριστιανός
1343 923 1414 957 εἰμι,
1425 921 1550 955 λέγοντα,
1567 918 1687 955 Χριστοῦ
1700 917 1794 948 δοῦλος
1812 916 1860 943 τοῦ
1879 915 1966 950 μόνου

1170 970 1249 997 Θεοῦ.
1272 967 1319 1000 Εἷς
1343 969 1404 1003 ἐμοὶ
1424 968 1529 1003 κύριος,
1543 965 1583 998 εἷς
1599 964 1741 997 δεσπότης,
1756 960 1796 993 εἷς
1818 960 1962 998 βασιλεύς

1172 1016 1209 1051 μὴ
1223 1014 1343 1049 ἐνεγκὼν
1359 1015 1460 1045 ἐκεῖνος
1475 1013 1526 1046 τὴν
1536 1010 1696 1047 παρρησίαν
1713 1009 1829 1043 λυθῆναι
1845 1008 1895 1043 μὲν
1909 1007 1963 1034 αὑ-

1170 1062 1215 1088 τὸν
1228 1060 1284 1087 τῶν
1299 1059 1407 1095 δασμῶν
1428 1057 1545 1091 κελεύει,
1561 1056 1614 1089 ἐξω
1631 1056 1661 1083 δὲ
1687 1055 1739 1090 τῆς
1761 1054 1864 1084 πόλεως
1889 1053 1964 1079 ἁπα-

1170 1107 1269 1143 χθέντα
1283 1107 1328 1133 τὸν
1337 1106 1382 1133 διὰ
1393 1106 1479 1139 πυρὸς
1490 1104 1642 1138 ὑποστῆναι
1658 1102 1784 1130 θάνατον.
1793 1100 1899 1135 Ἀχθεὶς
1911 1099 1963 1127 οὖν

1169 1156 1183 1181 ό
1198 1154 1329 1188 γεννάδας
1340 1153 1388 1179 ἐπὶ
1398 1152 1443 1179 τὸν
1462 1151 1606 1187 ὁρισθέντα
1639 1150 1732 1182 τόπον,
1763 1148 1811 1175 καὶ
1831 1147 1897 1183 πρὸς
1923 1147 1962 1173 Em

1172 1200 1247 1233 στὰς,
1259 1199 1339 1226 τοῦτο
1356 1199 1406 1234 μὲν
1417 1198 1499 1234 χάριν
1511 1196 1644 1232 ὡμολόγει
1659 1195 1698 1230 τῷ
1712 1195 1745 1222 tu
1757 1193 1863 1221 πολλῶν
1877 1193 1963 1219 αὑτὸν

1171 1248 1292 1282 παγίδων
1307 1246 1453 1282 ῥυσαμένῳ
1468 1244 1590 1281 Χριστῷ,
1601 1243 1681 1270 τοῦτο
1695 1242 1723 1269 δέ
1740 1242 1788 1269 καὶ
1803 1240 1901 1268 ἑαυτοῦ
1915 1239 1963 1268 καὶ

1170 1295 1224 1322 τῶν
1239 1293 1396 1328 ἁπανταχοῦ
1411 1291 1519 1328 θερμῶς
1532 1289 1706 1326 ὺπερηύξατο
1730 1287 1862 1315 εὐσεϐῶν,
1893 1285 1962 1313 Εἶτα

1169 1342 1220 1376 τὴν
1234 1340 1280 1368 τοῦ
1296 1339 1415 1375 Χριστοῦ
1429 1338 1565 1374 σφραγῖδα
1581 1337 1620 1372 τῷ
1634 1335 1731 1363 ἑαυτοῦ
1756 1332 1894 1361 ἐπιϐαλὼν
1909 1332 1964 1358 σώ-

1173 1396 1238 1423 ματι
1253 1385 1418 1422 προσηλώθη
1432 1385 1472 1420 τῷ
1488 1384 1571 1418 ξύλω,
1589 1383 1661 1417 ἱερὸν
1676 1381 1751 1416 θῦμα
1773 1380 1849 1415 κριδς
1884 1379 1962 1414 ἄμω-

1172 1442 1222 1468 μος
1236 1433 1274 1468 τῷ
1288 1433 1322 1459 δι’
1337 1432 1411 1467 ἡμᾶς
1432 1431 1503 1466 ξύλῳ
1523 1428 1738 1466 προσηλωθέντι·
1753 1427 1801 1453 καὶ
1815 1426 1864 1452 τοῦ
1875 1425 1960 1459 πυρὸς

1169 1479 1198 1506 δὲ
1213 1478 1335 1506 κάτωθεν
1351 1477 1518 1512 ἀναφθέντος
1530 1475 1553 1502 ὼ
1569 1474 1728 1508 λοκαυτώθη
1742 1472 1781 1507 τῷ
1800 1470 1889 1507 Ἰησοῦ
1915 1470 1962 1497 Ov-

1171 1526 1215 1552 σία
1228 1525 1434 1560 εὐπρόσδεκτος,
1451 1522 1625 1558 καλλιέρημα
1644 1520 1716 1547 θεῖον
1731 1519 1770 1554 τῷ
1785 1519 1842 1546 ἄνω
1856 1517 1962 1553 προσῆ-

1170 1582 1217 1600 κον
1232 1571 1350 1607 Χριστοῦ
1370 1569 1565 1604 θυσιαστηρίῳ.
1583 1567 1615 1594 Τί
1631 1567 1663 1603 δὴ
1683 1566 1713 1593 τὸ
1728 1565 1855 1592 ἐντεῦθεν
1870 1573 1879 1597 ;
1905 1561 1960 1598 ἄρα

1170 1620 1270 1655 συνῆκε
1285 1617 1456 1653 Μαξιμιανὶς
1468 1617 1501 1643 ὲκ
1528 1615 1632 1642 τούτων
1651 1613 1682 1640 τὸ
1705 1613 1760 1639 τῶν
1783 1610 1906 1638 εὐσεϐῶν
1930 1610 1961 1636 ἁ-

1171 1665 1336 1702 μιτάθετον;
1361 1663 1464 1690 Πολλοῦ
1480 1670 1511 1696 γι
1528 1660 1576 1688 καὶ
1594 1660 1654 1687 δεῖ·
1669 1659 1726 1687 ἀλλ’
1747 1657 1891 1693 ἀγομένων
1904 1656 1958 1683 τῶν

1171 1711 1277 1746 μιαρῶν
1290 1709 1372 1736 αὐτοῦ
1391 1708 1502 1740 θυσιῶν,
1518 1707 1546 1734 ὲν
1565 1706 1605 1741 τῷ
1625 1705 1701 1736 ἐντὸς
1724 1703 1779 1731 τῶν
1814 1703 1962 1739 βασιλείων

1169 1758 1273 1784 δώδεκα
1284 1756 1353 1783 θεῶν
1371 1754 1500 1790 παρῆσαν
1519 1753 1569 1789 μὲν
1580 1753 1604 1779 οἱ
1617 1750 1779 1782 ἁσεόοῦντες
1790 1750 1903 1781 λευκαῖς
1916 1750 1963 1775 καὶ

1169 1804 1322 1839 φιλοτίμοις
1345 1802 1453 1833 στολαῖς
1484 1800 1535 1835 τὴν
1560 1799 1666 1826 ἑαυτῶν
1692 1797 1830 1825 ἀπώλειαν
1865 1796 1963 1830 ἑορτά-

1169 1851 1272 1882 ζοντες.
1302 1849 1390 1879 Μόνος
1404 1848 1433 1874 δὲ
1455 1847 1541 1882 Ἶνδης
1559 1843 1772 1881 μελανειμονῶν,
1800 1843 1849 1870 καὶ
1869 1843 1961 1869 αὐτῶν

1171 1897 1273 1932 σφόδρα
1291 1895 1345 1922 τῶν
1355 1893 1523 1929 τελουμένων
1538 1891 1702 1928 ὑπεραλγῶν
1716 1892 1746 1917 tv
1756 1890 1873 1925 οἰκίσκῳ
1896 1890 1960 1916 καθ-

1170 1943 1261 1979 είρξας
1273 1941 1368 1969 ἑαυτὸν
1381 1940 1453 1976 μάλα
1468 1937 1599 1973 σκοτεινῷ
1611 1937 1661 1972 τὴν
1671 1937 1725 1964 τῶν
1747 1935 1855 1963 ἀσεϐῶν
1884 1934 1960 1962 imb-
1987 1960 1990 1961 ,

1170 1991 1244 2017 λειαν
1253 1988 1435 2024 κατωδύρετο.

1205 2037 1258 2064 IH’.
1281 2035 1454 2070 ’Δγγέλλεται
1473 2033 1520 2060 καὶ
1537 2032 1622 2059 ταῦτα
1634 2031 1671 2067 τῷ
1687 2031 1801 2067 βασιλεῖ,
1815 2030 1864 2057 καὶ
1880 2030 1962 2065 ἀνάρ-

1170 2092 1272 2113 naevo;
1287 2081 1362 2115 αὑτῷ
1374 2080 1421 2107 καὶ
1431 2078 1508 2110 οὗτος
1521 2079 1603 2111 εὐθὺς
1615 2078 1732 2113 γίνεται,
1747 2077 1795 2103 καὶ
1807 2078 1853 2104 ὑπ’
1864 2076 1960 2109 ἐκείνῳ

1169 2130 1283 2164 δικαστῇ
1300 2128 1466 2163 παρίσταται
1480 2126 1689 2162 κριθησόμενος.
1700 2124 1745 2155 Ὠς
1755 2124 1783 2151 δὲ
1796 2123 1843 2150 καὶ
1851 2123 1906 2158 πρὸ
1915 2124 1962 2158 τῆς

1170 2175 1263 2210 φωνῆς
1285 2174 1452 2209 ἀπήγγειλεν
1468 2173 1484 2208 ὴ
1511 2172 1613 2206 ἐσθὴς,
1637 2171 1678 2198 ὅτι
1706 2169 1821 2201 πένθους
1838 2169 1915 2204 αὐτῷ
1930 2168 1964 2195 τὰ
1983 2172 1985 2174 '

1172 2221 1310 2255 γινόμενα,
1325 2218 1477 2255 κατηφείας
1492 2217 1615 2253 ἐκρίνετο
1642 2215 1715 2250 ἀξια,
1742 2214 1847 2242 κελεύει
1869 2214 1964 2250 χερσὶν
1985 2246 1989 2251 _

1173 2266 1255 2294 αὐτοῦ
1264 2266 1311 2292 καὶ
1328 2266 1407 2292 ποσὶν
1418 2264 1527 2295 ἁλύσεις
1544 2261 1741 2297 περιῦαλόντας
1765 2261 1814 2288 καὶ
1830 2260 1871 2294 τῷ
1897 2267 1964 2295 τρα-

1172 2311 1246 2346 χήλφ
1269 2310 1358 2337 κλοιὸν
1373 2308 1570 2337 κατάκλειστον
1604 2307 1633 2333 ὲν
1660 2305 1853 2341 δεσμωτηρίῳ.
1873 2305 1964 2340 ’Ίνδην

1174 2357 1223 2392 μὲν
1233 2356 1278 2383 οὖν
1295 2354 1368 2391 εἶχεν
1380 2356 1397 2390 ή
1413 2355 1521 2390 φυλακή
1540 2362 1548 2370 ο
1567 2352 1738 2388 Μαξιμιανδς
1753 2352 1781 2379 δὲ
1794 2352 1841 2378 καὶ
1855 2351 1964 2387 Δόμναν

1173 2406 1274 2440 ἐζήτει,
1287 2404 1334 2430 καὶ
1345 2402 1441 2438 ὡσπερ
1464 2401 1535 2437 μέθῃ
1544 2402 1578 2436 τῇ
1601 2400 1686 2436 μανίᾳ
1697 2401 1749 2430 τὰς
1764 2399 1867 2434 φρένας
1893 2406 1964 2433 σφαμ

1172 2451 1228 2483 lsi;
1243 2451 1290 2478 καὶ
1309 2447 1346 2478 ὧν
1357 2450 1458 2486 ἤκουσε
1487 2449 1552 2484 περὶ
1567 2448 1656 2482 αὐτῆς
1680 2447 1872 2482 ἐκλαθόμενος,
1896 2446 1963 2479 Ποῦ,

1171 2497 1248 2532 ἔλεγε
1265 2496 1379 2532 συχνῶς,
1395 2496 1486 2531 Δόμνα
1499 2503 1506 2528 ;
1522 2494 1573 2521 ποῦ
1599 2495 1616 2529 ή
1632 2493 1786 2529 θεράπαινα
1800 2493 1856 2519 τῶν
1871 2492 1961 2524 θεῶν;

1173 2543 1227 2571 ποῦ
1252 2542 1413 2579 Ἀρτέμιδός
1432 2551 1461 2569 τε
1479 2543 1524 2569 καί
1544 2541 1662 2577 Ἀθηνᾶς
1687 2541 1791 2577 ῑέρεια;
1810 2538 1895 2572 Αὖθις
1917 2538 1964 2568 οὖν

1173 2591 1202 2624 ἐξ
1219 2590 1345 2626 ὑπαρχῆς
1363 2589 1437 2624 αὐτῷ
1454 2588 1487 2615 τὰ
1509 2588 1641 2615 δοκοῦντα
1658 2589 1692 2623 τῇ
1711 2587 1840 2622 παρθένῳ
1857 2587 1964 2622 συμϐῆ-

1173 2645 1217 2665 ναι
1228 2637 1338 2671 λέγουσι
1351 2637 1400 2663 καὶ
1414 2635 1447 2664 τὰ
1463 2637 1533 2662 κατὰ
1549 2635 1594 2662 τὸν
1605 2634 1734 2669 εὐνοῦχον
1743 2634 1780 2667 ὡς
1794 2628 1851 2669 είχε
1863 2633 1964 2669 γνωρι-

1175 2683 1278 2717 ζουσιν.
1299 2683 1329 2710 '0
1346 2682 1375 2710 δὲ
1388 2682 1471 2709 πολλὰ
1483 2681 1530 2709 τοῦ
1546 2680 1741 2717 ἀρχιευνούχου
1762 2680 1904 2708 κατειπὼν
1915 2681 1965 2708 καὶ
