2049 3151
149 145 216 178 1061

729 147 815 179 VITA
834 147 886 177 SS.
906 146 1009 176 INDEE
1026 146 1073 177 ΕΤ
1095 146 1249 179 DOMN/E.

1718 147 1785 180 1062

149 203 198 237 οὐχ
214 203 315 238 ἥκιστα
330 202 509 238 δυσχεράνας,
525 202 565 229 ὅτι
578 203 626 229 καὶ
642 201 696 234 ζῶν
709 201 777 234 ὅλως
794 201 934 237 τετήρητοτ

991 200 1025 228 de
1047 201 1265 234 archieunucho,
1283 205 1312 229 et
1336 202 1415 230 valde
1435 209 1505 238 aegre
1531 202 1649 235 tulisset,
1666 203 1740 238 quod
1757 205 1783 232 ei

148 247 254 274 κελεύει
275 248 358 274 αὐτοῦ
375 248 426 283 μὲν
450 247 645 283 ἀποτμηθῆναι
665 248 715 283 τὴν
739 247 870 282 κεφαλὴν,
889 247 939 282 τὴν

147 293 176 320 δὲ
197 294 332 330 παρθένον
347 295 376 321 ἐν
398 295 455 326 τοῖς
475 294 655 330 ἀσκητηρίοις
673 293 878 328 ἁναζητεῖσθαι,
892 293 940 320 καὶ

148 340 218 374 πρὸς
234 341 297 372 τοὺς
319 341 425 368 ἐκείνου
450 342 528 374 θεοὺς
555 341 756 375 ἀνασώζεσθαι.
774 341 865 368 Ταῦτα
885 351 938 375 μα-

148 385 233 412 θοῦσα
249 387 265 422 ἠ
279 387 326 413 τοῦ
347 387 516 424 ἀσκητηρίου
533 389 705 423 προεστῶσα,
719 388 785 424 παρ’
797 385 819 422 ᾧ
873 387 940 422 ἁγία

147 431 335 466 ἀνδρικώτατα
352 433 565 469 διανοησαμένη.
592 434 705 470 ἀνδρείᾳ
721 435 766 461 καὶ
791 435 876 469 κουρᾷ
893 433 940 460 καὶ

149 479 229 514 στολῇ
247 480 412 515 κοσμήσασα
427 481 476 515 τὴν
497 480 643 515 παρθένον,
665 481 749 516 εὐχάς
763 489 791 507 τε
807 481 876 515 αὐτῇ
892 480 939 506 σὺν

146 525 265 561 δάκρυσι
280 526 330 561 τῆς
344 525 405 552 όδοῦ
423 526 546 561 φύλακας
561 526 751 562 παρασχοῦσα,
773 526 820 552 καὶ
835 525 940 560 ήγεμόα

147 580 195 602 νας
209 572 256 598 τοῦ
273 572 347 607 ἱεροῦ
366 571 489 607 θαλάμου
504 573 606 608 ταύτην
620 573 758 607 ἐκπέμπει
774 571 903 600 λαθοῦσα.

182 618 234 646 ιϐ’.
259 618 329 644 Ἀλλ’
348 619 362 644 ὁ
378 617 474 655 μιαρέἶς
490 619 579 654 ζητῶν
602 619 651 645 οὐκ
668 618 796 650 ἐπαύετο,
812 619 860 645 καὶ
874 619 940 645 ἁπο-

147 666 204 701 ρῶν
229 665 300 692 κατὰ
325 666 433 692 πάντων
451 665 549 692 ἐλύττα
565 666 641 700 κοινῇ
670 665 724 691 τῶν
752 664 937 700 άσκητηρίων.

145 713 266 747 Σεμνεῖα
286 713 335 747 μὲν
358 712 404 739 οὖν
422 713 481 748 ἱερὰ
506 713 594 739 πάντα
611 712 705 744 δεινῶς
729 711 876 738 κατελύετο
888 720 894 726 ·
911 711 939 737 αἱ

146 758 281 794 παρθένοι
301 759 330 785 δὲ
357 760 425 794 πρ¹ς
445 758 524 793 ὕϐριν
552 759 673 794 αίσχρῶς
692 758 848 790 ὲξεδίδοντο,
865 766 938 792 παρ-

145 804 220 831 θένοι
238 803 309 839 φεῦι
327 804 359 835 ἃς
375 804 473 831 οὔποτε
486 804 545 830 οὐδὲ
572 802 723 838 ὀτθαλμοῖς
737 802 859 838 ἁρῤένων
875 802 939 828 ἰδεῖν

145 851 270 878 ἀνεκτόν.
281 851 336 877 Καὶ
350 849 383 886 ἦν
395 851 466 877 οὕτω
481 851 525 877 διὰ
540 851 648 877 πάντων
665 851 680 884 ἡ
697 849 835 884 συμφορὰ,
850 849 934 875 ubi

146 905 201 932 περ
216 896 267 922 ὑπδ
286 897 422 931 πολεμίων
435 896 617 930 ἁλισκομένης
635 896 747 926 πόλεως.
762 896 857 925 Ὀσαις
873 894 937 928 γοῦν

146 940 239 967 αὐτῶν
254 941 417 977 ἐρρωμένως
431 939 488 976 εἶχε
504 941 538 967 τὰ
558 941 683 972 σώματα,
705 941 751 966 καὶ
768 939 829 966 οὔτε
850 939 939 976 γῆρας

145 986 209 1013 οὕτε
224 995 264 1018 τις
279 986 356 1017 νόσος
370 987 484 1021 ἀπεῖργε
506 986 570 1017 τοὺς
586 987 678 1018 πόδας,
696 982 775 1012 αὗται
797 986 865 1021 πρδς
886 995 937 1020 φυ-

146 1033 199 1068 γὴν
218 1032 299 1063 εὐθὺς
314 1029 394 1064 εἶδον,
410 1033 457 1058 καὶ
472 1033 537 1067 arpi);
554 1033 604 1067 ὖρη
622 1032 669 1059 καὶ
687 1033 807 1067 σπήλαια
830 1033 876 1058 καὶ
889 1032 938 1064 τὰς

145 1080 262 1115 ἀδήλους
274 1079 403 1115 ἐσχατιὰς
418 1079 487 1114 πρὸς
501 1079 581 1114 τάχος
597 1079 729 1114 ἐχώρουν,
744 1079 793 1114 τὴν
808 1079 877 1113 μετὰ
890 1079 938 1114 οη-

148 1126 213 1159 ρίων
235 1125 373 1160 διαγωγὴν
400 1125 529 1159 ἑλόμεναι
545 1125 645 1160 μᾶλλον
663 1125 678 1159 ἢ
704 1125 858 1160 ἀνθρώποις
875 1134 938 1151 συν-

144 1173 242 1205 οικεῖν,
269 1171 358 1206 πολλῷ
382 1171 485 1206 θηρίων
503 1171 683 1206 ἀγριωτέρως
696 1171 743 1197 καὶ
764 1170 884 1205 ύὸρίξξιν
898 1171 938 1202 είς

147 1218 262 1253 σώματα
291 1217 440 1254 παρθενίαν
478 1217 665 1252 μελετήσαντα
701 1218 782 1252 μηδὲν
819 1217 937 1251 ἄσεμνον

145 1265 319 1300 ἡγουμένοις.
347 1264 419 1290 Ἀλλ’
447 1263 583 1299 ἐψεύσθης
608 1264 691 1295 ὕντως
713 1264 761 1299 τῆς
790 1263 937 1294 ἐπινοίαςὸ

145 1311 257 1337 πάντων
277 1310 374 1346 ἐχθρός
389 1319 395 1326 ”
413 1311 461 1337 καὶ
476 1310 509 1337 δι’
526 1307 563 1337 ὧν
578 1310 695 1345 ἤλπισας
710 1311 888 1344 τυραννῆσαι,
903 1309 937 1335 δι’

145 1357 235 1384 αὐτῶν
259 1358 363 1384 τούτων
386 1357 465 1391 ἔσχες
485 1356 692 1391 καταλυομένην
713 1357 763 1391 τὴν
779 1355 936 1390 τυραννίδα.

145 1403 213 1430 Οὐδὲ
226 1403 280 1438 γὰρ
299 1403 435 1438 ἠμέλησεν
447 1403 461 1429 ὁ
476 1403 507 1428 ἔκ
522 1402 659 1437 Παρθένου
678 1401 743 1432 Θεὸς
760 1401 796 1436 μὴ
812 1401 860 1427 καὶ
874 1400 937 1427 ταύ-

143 1459 193 1482 τας
208 1451 237 1476 ὲν
253 1450 328 1485 μέσῳ
342 1449 447 1484 δημίων
463 1449 512 1480 τὰς
528 1448 680 1483 παρθένους
696 1447 872 1483 διατηρῆσαι,
889 1447 937 1474 καὶ

144 1495 239 1530 ὥσπερ
252 1495 301 1530 τὴν
316 1494 418 1526 πίστιν,
435 1493 507 1521 οὕτω
522 1493 553 1529 δὴ
578 1494 623 1520 καὶ
638 1493 687 1528 τὴν
700 1493 876 1528 σωφροσύνην
890 1493 937 1519 αὖ·

142 1541 192 1573 τὰς
219 1539 364 1576 προδοῦναι
390 1539 427 1575 μὴ
447 1538 631 1574 συγχωρῆσαι.
653 1537 696 1564 'Ev
715 1538 826 1568 ταύταις
843 1536 934 1572 ὥσπερ

989 1538 1118 1566 lictorum
1135 1546 1311 1572 conservare,
1330 1545 1358 1567 et
1378 1542 1518 1574 quomodo
1535 1542 1628 1575 fidem,
1647 1543 1683 1570 ita
1698 1545 1781 1572 etiam
1835 1537 1838 1539 ’

141 1587 188 1616 οὖν
212 1588 242 1614 ἐν
268 1586 411 1621 διαφανέσι
436 1586 483 1612 καὶ
509 1584 645 1620 λαμπροῖς
678 1584 794 1618 ἀστράσι
822 1584 872 1619 μία
894 1592 935 1615 τις

141 1633 323 1669 ὑπερέλαμπε
336 1631 496 1666 θαυμασίως
507 1631 553 1657 τὸν
569 1631 683 1666 σελήνης
695 1630 796 1665 τρόπον
812 1628 872 1664 ὥρᾳ
883 1629 931 1656 καὶ

139 1679 216 1713 γένει
229 1678 276 1705 καὶ
288 1678 373 1712 ἀρετῇ
387 1677 454 1712 πρὸς
466 1677 516 1708 τὰς
530 1676 612 1708 ἄλλας
625 1675 809 1711 διαφερόντως
822 1675 933 1711 ἔχουσα.

138 1725 217 1760 Αὕτη
235 1724 354 1759 Θεοφίλα
381 1724 430 1759 μὲν
455 1723 597 1750 ἐκαλεῖτο·
618 1723 685 1749 πολὺ
709 1723 737 1750 δὲ
763 1722 864 1758 μᾶλλον
889 1723 935 1749 ἐπὶ

139 1773 194 1800 τῶν
208 1772 302 1807 ἔργων
318 1770 397 1798 τοῦτο
415 1770 563 1798 ἐδείκνυτο.

176 1862 219 1891 κ’.
243 1863 288 1895 Ὠς
304 1862 359 1898 γὰρ
384 1861 470 1894 οὕτως
486 1860 520 1897 ἦν
542 1862 633 1898 ἐκείνη
659 1861 708 1897 τὴν
722 1862 783 1897 ὄψιν
800 1861 933 1897 περικαλ-

141 1909 201 1945 λὴς,
219 1909 326 1937 εἵλκετο
346 1909 375 1936 δὲ
397 1911 451 1941 τοῖς
469 1909 587 1945 δημίοις,
611 1911 659 1937 καὶ
678 1910 729 1945 ἤδη
750 1910 818 1944 πρὶς
841 1910 933 1941 τὸτῆς

141 1955 248 1992 ὕϐρεως
277 1956 459 1992 ἐργαστήριον
484 1956 579 1990 βιαίως
604 1956 741 1990 εἰσήγετο,
764 1956 859 1991 χεῖρας
873 1955 933 1989 ἄμα

141 2002 188 2029 καὶ
212 2001 372 2036 ὀφθαλμοὺς
397 2001 487 2035 ἄρασα
510 2001 558 2026 καὶ
573 2001 613 2031 είς
638 2001 751 2035 οὐρανὸν
780 1999 933 2035 περιπαθὲς

141 2048 276 2083 βλέψασα,
301 2046 389 2081 Ἰησοῦ
414 2055 476 2081 μου,
498 2043 585 2078 εἶπεν,
608 2047 621 2073 ὀ
637 2045 702 2081 ἑμδς
728 2046 810 2081 ἔρως,
834 2047 849 2072 ὀ
868 2046 932 2080 ἒμδς

139 2094 270 2130 ἐραστὴς,
285 2093 316 2120 τὸ
332 2092 398 2127 ὲμὸν
420 2092 489 2126 φῶς,
508 2093 525 2127 ὴ
539 2092 618 2127 πνοὴ,
637 2093 651 2119 ὁ
669 2092 735 2127 ἐμὸς
750 2093 799 2127 τῆς
820 2092 932 2126 ἁγνείας

140 2140 230 2176 φύλαξ
248 2139 296 2166 καὶ
310 2139 358 2174 τῆς
372 2139 456 2174 ζωῆς,
473 2139 511 2165 ἴδε
523 2138 574 2173 τὴν
590 2139 630 2165 σοὶ
646 2138 861 2173 νυμφευθεῖσαν,
880 2139 929 2172 ἴδε,

139 2187 241 2223 ἅμωμε
259 2185 371 2222 νυμφίε,
387 2186 434 2212 καὶ
451 2185 578 2217 σπεῦσον,
591 2185 633 2212 ὄτι
653 2185 720 2220 μηδὲ
737 2185 866 2218 εὔξασθαί
889 2194 930 2212 σοι

140 2233 247 2269 καιρός.
264 2233 310 2268 Μὴ
335 2231 446 2267 ψευσθῶ
463 2231 513 2266 τῆς
533 2230 696 2266 ὁμολογίας·
717 2231 753 2266 μὴ
770 2231 877 2267 προδῷς
896 2239 930 2266 με

140 2279 269 2315 θηρίοις·
286 2278 324 2314 μὴ
342 2277 419 2305 λύκοι
443 2277 474 2305 τὸ
502 2277 547 2304 σὺν
574 2277 687 2313 θρέμμα
710 2277 929 2313 διασπαράξωσι.

128 2324 267 2361 ’Τήρησθν
284 2323 406 2358 ἁγνείαν,
424 2323 535 2357 ἁγνείας
556 2323 645 2358 πηγὴ,
666 2323 711 2350 ἴνα
730 2322 776 2349 καὶ
796 2323 825 2350 τὸ
845 2322 931 2358 ὄνομά

139 2378 187 2396 σου
204 2369 252 2397 νῦν
267 2369 384 2404 μάλιστα
409 2368 536 2404 δοξασθῇ,
554 2369 585 2395 τὺ
606 2368 652 2396 καὶ
667 2368 713 2395 ὑπ’
736 2368 859 2402 ἀγγέλων
874 2378 931 2396 νοε-

141 2415 194 2451 ρῶς
209 2414 400 2450 δοξαζόμενον.
426 2413 519 2442 Ταῦτα
534 2414 627 2449 ὲκείνη
651 2414 700 2450 μὲν
722 2415 770 2442 σὺν
798 2414 930 2450 δάκρυσιν

139 2457 257 2492 ηὔξαθ’
271 2457 357 2484 ἐτέλει
374 2457 402 2484 δὲ
419 2457 433 2483 ὁ
448 2457 525 2489 Θεός.
545 2458 626 2486 ’Δλλὰ
646 2461 693 2485 καὶ
709 2460 875 2495 προσεκτέον
890 2459 930 2495 τῷ

138 2503 298 2539 διηγήματι.
325 2503 470 2536 Είσάγεται
491 2504 558 2539 πρὸς
578 2504 609 2531 τὸ
635 2506 810 2541 καταγώγιον
824 2507 841 2542 ἡ
860 2515 931 2542 παρ-

140 2551 229 2583 θένος.
247 2551 280 2577 'll
293 2551 322 2577 δὲ
334 2552 382 2578 καὶ
394 2551 423 2578 ὲν
437 2551 525 2586 καιρῷ
533 2552 625 2587 τοιῷδε
640 2553 687 2580 καὶ
695 2554 769 2590 τόπῳ
781 2554 835 2580 τῶν
846 2562 930 2589 7:90:-

139 2598 262 2633 ηκόντων
276 2597 326 2624 οὐκ
351 2596 495 2629 ἐξελάθετο
507 2605 513 2612 ·
532 2597 590 2624 ἀλλ’
604 2597 672 2634 ὅπερ
694 2595 766 2634 εἶχεν
778 2599 818 2630 είς
830 2599 929 2626 κόλπον

138 2645 220 2676 εὐθὺς
234 2643 387 2672 ἐκϐαλοῦσα
401 2644 431 2671 τὸ
455 2644 528 2680 ἱερὸν
545 2645 633 2679 Εὑαγγ
641 2645 711 2672 ἐλιον
733 2645 822 2681 ἠνοιξὲ
836 2654 865 2672 τε
880 2646 930 2673 καὶ

139 2690 321 2725 ἀναγνώσεως
345 2691 457 2727 ἤρχετο.
471 2689 518 2723 Εἷς
539 2691 567 2717 δὲ
585 2691 640 2717 τῶν
657 2690 818 2719 ἀκολάστων
830 2692 930 2727 οἴστρῳ

140 2739 306 2772 κατάσχετος
323 2737 439 2772 ὲκμανεῖ
460 2737 526 2772 παρ’
547 2736 634 2772 αὐτὴν
649 2736 747 2772 εἰσῄει,
762 2736 791 2768 ὃς
801 2737 866 2772 ἄχρι
881 2737 930 2772 μέν

139 2789 211 2814 τινος
229 2782 326 2818 ἤκουεν
341 2783 594 2818 ἀναγινωσκούσης.
610 2783 652 2813 Ὠς
668 2782 696 2809 δὲ
713 2783 796 2818 ἐγγὺς
820 2783 869 2819 ήδη
884 2780 928 2819 ἦν,

141 2828 217 2864 φόϐῳ
232 2837 262 2855 τε
276 2829 389 2865 ἀμέτρῳ
409 2829 580 2865 παραχρῆμα
598 2829 744 2864 συνείχετο,
771 2830 818 2856 καὶ
834 2829 929 2865 τρόμῳ

132 2874 262 2921 ,ἰσχυρῶς
276 2875 423 2911 ὶκλονείτο,
438 2877 486 2904 καὶ
500 2876 541 2908 εἰς
556 2875 608 2911 γῆν
623 2876 718 2911 νεκρὸς
734 2875 926 2911 κατεϐάλλετο,

990 247 1044 273 vita
1065 246 1161 273 fuisset
1176 253 1349 280 conservata,
1363 248 1443 282 jubet
1461 249 1485 276 ei
1501 249 1611 284 quidem
1625 254 1708 285 caput
1724 258 1785 278 am.-

989 293 1079 328 putari
1097 302 1105 320 :
1122 292 1257 328 virginem
1269 301 1335 321 vero
1353 295 1438 329 quaeri
1457 295 1485 322 in
1502 295 1673 329 ministeriis,
1687 300 1716 324 et
1729 297 1784 324 diis

990 339 1065 367 illius
1078 339 1194 367 servari.
1213 339 1275 367 [lac
1289 348 1352 368 cum
1377 341 1534 369 rescivisse!
1562 350 1594 370 ea
1614 351 1674 378 quae
1689 351 1785 371 mona-

991 385 1075 412 sterio
1092 390 1220 420 praeerat,
1236 386 1264 413 in
1282 394 1337 421 quo
1353 392 1412 414 erat
1429 392 1531 420 sancta,
1548 387 1576 415 in
1597 390 1693 423 primis
1709 390 1783 418 virili

989 436 1117 465 suscepta
1142 431 1322 466 cogitatione,
1346 431 1419 459 virili
1444 436 1524 459 tonsu
1548 437 1576 460 et
1592 438 1668 461 veste
1685 439 1783 463 ornata

990 474 1107 509 virgine,
1131 480 1158 502 et
1182 483 1279 510 preces
1303 483 1366 503 cum
1390 477 1520 510 lacrymis
1542 478 1568 504 ei
1593 479 1718 512 praebens
1732 481 1784 507 viae

991 521 1121 548 custodes
1147 526 1174 548 et
1205 521 1302 555 duces,
1326 529 1386 549 eam
1415 523 1484 550 clam
1513 523 1615 551 emittit
1641 532 1674 559 ex
1704 533 1783 554 sacro

991 566 1121 594 thalamo.

1026 612 1098 640 XIX.
1123 613 1176 641 Sed
1204 615 1355 643 sceleratus
1372 623 1428 643 non
1454 616 1580 644 cessabat
1596 625 1735 653 quaerere;
1755 623 1784 646 et

990 666 1051 686 cum
1077 667 1137 686 eam
1164 667 1218 687 non
1245 660 1391 694 inveniret,
1413 661 1522 690 furebat
1547 663 1732 691 communiter
1754 665 1783 692 in

990 706 1083 733 omnia
1099 708 1277 735 monasteria.
1295 707 1385 743 Atque
1399 716 1477 737 sacra
1494 709 1605 744 quidem
1619 711 1709 738 omnia
1724 718 1784 739 mo-

990 753 1110 780 nasteria
1124 753 1274 782 crudeliter
1290 754 1491 790 diruebantur;
1509 757 1629 792 virgines
1643 764 1708 785 vero
1725 762 1784 785 tur-

989 799 1061 834 piter
1088 800 1196 835 probris
1223 801 1424 836 aﬂiciehantur,
1447 803 1569 838 virgines
1593 805 1663 839 proh
1684 804 1779 833 dolori

990 853 1058 880 quas
1074 854 1108 874 ne
1127 848 1311 876 masculorum
1329 849 1441 884 quidem
1455 850 1542 878 oculis
1554 851 1642 878 videri
1656 856 1716 878 erat
1729 859 1782 878 un-

990 899 1070 926 quam
1087 893 1276 926 tolerandum;
1292 899 1374 927 atque
1394 894 1431 923 ita
1445 902 1494 930 per
1509 896 1599 923 omnia
1615 895 1783 930 pervadebat

989 938 1144 971 calamitas,
1168 939 1245 974 quasi
1262 945 1341 975 capta
1365 945 1437 968 esset
1462 941 1559 968 civitas
1586 941 1622 969 ab
1646 941 1781 970 hostibus.

989 983 1210 1020 Quibuscunque
1227 993 1292 1021 ergo
1312 994 1407 1013 earum
1422 991 1503 1014 erant
1521 995 1637 1022 corpora
1651 988 1781 1019 valentia,

989 1033 1017 1056 et
1036 1037 1125 1064 neque
1147 1035 1286 1062 senectus,
1303 1038 1391 1066 neque
1412 1031 1525 1060 morbus
1538 1033 1640 1068 aliquis
1655 1033 1783 1061 tardabat

989 1083 1084 1102 earum
1099 1076 1195 1111 pedes,
1214 1077 1278 1111 ipsae
1293 1078 1385 1105 statim
1412 1078 1502 1113 fugam
1519 1079 1687 1114 spectabant,
1706 1085 1733 1107 et
1748 1080 1782 1107 ad

989 1126 1096 1148 montes
1111 1126 1138 1149 et
1153 1122 1299 1156 speluncas
1311 1129 1338 1150 et
1359 1123 1463 1158 igtwtas
1477 1125 1641 1153 solitudines
1656 1125 1783 1154 celeriter

989 1167 1113 1200 abibant,
1131 1169 1262 1196 malentes
1282 1170 1363 1196 vitam
1389 1170 1489 1205 degere
1513 1179 1575 1198 cum
1601 1172 1678 1204 feris,
1699 1180 1782 1206 quam

989 1214 1113 1241 habitare
1129 1222 1190 1241 cum
1206 1215 1374 1249 hominibus,
1389 1217 1452 1244 feris
1464 1218 1545 1253 longe
1561 1218 1781 1252 immanioribus,

988 1265 1016 1287 et
1031 1261 1078 1295 qui
1095 1269 1210 1296 corpora
1229 1262 1416 1298 virginitatem
1438 1265 1594 1292 exercenlia
1608 1265 1710 1300 probro
1724 1266 1783 1293 affl—

989 1315 1052 1336 cere
1068 1308 1245 1336 inhonestum
1260 1318 1313 1337 non
1330 1317 1390 1338 esse
1404 1312 1574 1340 existimant.
1585 1313 1638 1340 Sed
1652 1320 1696 1346 eo,
1708 1313 1781 1348 quod

988 1351 1133 1387 cogitaras,
1150 1353 1296 1382 frustratus
1315 1363 1355 1385 es,
1367 1364 1384 1382 ο
1400 1357 1511 1384 inimice
1528 1358 1651 1385 omnium
1667 1367 1674 1386 :
1690 1363 1718 1386 et
1734 1367 1784 1394 per

988 1406 1048 1433 qua:
1076 1401 1191 1434 sperasti
1221 1401 1392 1435 tyrannidem
1419 1410 1558 1435 exercere.
1585 1412 1636 1438 per
1661 1413 1692 1432 ea
1723 1405 1781 1440 ipsa

988 1444 1074 1472 fracta
1096 1445 1146 1473 fuit
1171 1446 1220 1473 tibi
1239 1449 1373 1482 tyrannis.
1390 1447 1449 1476 Non
1470 1449 1543 1476 enitn
1559 1451 1680 1486 neglexit
1698 1451 1781 1485 Deus,

988 1492 1035 1526 qui
1051 1497 1132 1519 natus
1143 1497 1184 1519 est
1195 1501 1227 1520 et
1242 1492 1363 1529 Virgine,
1379 1496 1450 1530 ipsas
1463 1496 1584 1531 virgines
1595 1497 1637 1524 vel
1652 1497 1678 1525 in
1691 1499 1782 1526 medio

987 1584 1185 1612 continentiam
1204 1585 1278 1620 ipsas
1306 1587 1424 1621 prodere
1444 1596 1498 1614 non
1524 1589 1783 1622 permittere.lnter

987 1637 1034 1657 eas
1055 1634 1149 1657 autent
1170 1635 1297 1665 tanquam
1313 1631 1385 1659 inter
1401 1633 1489 1661 claras
1507 1637 1534 1661 et
1558 1635 1664 1662 lucidas
1678 1636 1780 1669 stellas,

987 1683 1041 1702 una
1055 1676 1211 1703 mirandum
1225 1677 1251 1704 iu
1264 1677 1375 1705 modum
1391 1679 1586 1714 resplendebat
1601 1680 1688 1709 instar
1698 1681 1780 1714 lunae,

985 1726 1013 1749 et
1028 1723 1236 1758 pulchritudine
1249 1728 1277 1752 et
1297 1733 1397 1759 genere
1411 1731 1438 1753 et
1450 1726 1553 1754 virtute
1564 1727 1626 1754 aliis
1637 1733 1779 1762 pra‘stans.

986 1769 1022 1796 Ea
1050 1777 1116 1797 vero
1137 1770 1286 1798 vocabatur
1306 1771 1470 1807 Theophila.
1495 1772 1554 1801 Hoc
1582 1778 1674 1802 autem
1700 1775 1781 1811 longe

986 1814 1086 1841 melius
1101 1823 1144 1842 res
1158 1815 1216 1849 ipsa
1234 1816 1365 1844 ostendit.

1022 1859 1082 1888 XX.
1110 1860 1178 1888 Cum
1200 1862 1273 1888 enim
1299 1862 1343 1889 illa
1368 1868 1439 1891 esset
1459 1863 1535 1891 vultu
1558 1864 1628 1892 adeo
1648 1864 1779 1899 formosa,

987 1905 1142 1933 traheretur
1158 1911 1250 1934 autem
1264 1916 1279 1934 a
1295 1908 1450 1942 lict0ribus,
1470 1914 1497 1937 et
1510 1910 1567 1945 jam
1583 1911 1616 1937 ad
1638 1911 1733 1946 probri
1747 1920 1780 1939 ac

985 1952 1159 1979 contumeliae
1174 1952 1312 1980 officinam
1327 1955 1462 1983 violenter
1474 1956 1710 1990 introduceretur,
1723 1966 1780 1986 ma-

985 2006 1037 2025 nus
1054 1998 1137 2026 simul
1152 1996 1180 2026 et
1192 2000 1287 2027 oculos
1302 1999 1329 2027 in
1350 2001 1451 2029 cmlum
1471 2002 1580 2036 tollens,
1594 2008 1622 2030 et
1636 2004 1780 2032 miserabi-

985 2045 1048 2072 liter
1062 2045 1199 2080 aspiciens
1212 2054 1219 2073 :
1232 2045 1268 2073 Mi
1279 2046 1355 2079 Jesu,
1367 2047 1446 2080 dixit,
1457 2055 1535 2076 meus
1546 2057 1635 2082 amor,
1649 2058 1709 2078 mea
1719 2050 1777 2083 lux,

985 2097 1064 2118 meus
1086 2091 1210 2126 spiritus,
1231 2100 1310 2120 meus
1324 2097 1417 2120 custos
1438 2094 1571 2121 castitatis
1586 2099 1613 2122 et
1626 2095 1697 2128 vitae,
1714 2096 1779 2124 vide

984 2145 1044 2164 eam
1058 2145 1118 2173 qua:
1130 2142 1171 2165 est
1186 2138 1235 2165 tibi
1249 2138 1394 2173 desponsa.
1408 2140 1486 2173 Vide,
1501 2149 1518 2168 ο
1532 2149 1643 2176 sponse,
1655 2142 1682 2169 in
1695 2150 1778 2178 quem

985 2184 1060 2212 nulla
1075 2184 1150 2212 cadit
1172 2184 1362 2220 reprehensio,
1378 2191 1406 2213 et
1427 2185 1526 2214 festina
1552 2196 1558 2214 :
1577 2188 1707 2222 quoniam
1727 2197 1779 2218 nec

985 2229 1149 2264 estquidem
1174 2235 1282 2265 tempus
1302 2231 1446 2266 precandi,
1466 2238 1500 2258 ne
1526 2237 1635 2267 pactum
1656 2241 1778 2261 conven-

984 2280 1041 2303 tum
1069 2276 1173 2310 fallam,
1197 2285 1233 2305 ne
1258 2278 1360 2313 prodas
1386 2286 1428 2306 me
1446 2279 1554 2313 bestiis,
1570 2288 1604 2308 ne
1626 2281 1684 2316 lupi
1703 2286 1777 2310 tuam

983 2322 1117 2357 pecudem
1127 2323 1272 2352 dilanient.
1285 2324 1381 2358 Serva,
1391 2332 1501 2360 sponse,
1519 2333 1648 2361 sponsam
1663 2335 1670 2354 :
1687 2335 1777 2356 meam

983 2377 1117 2397 conserva
1136 2370 1303 2404 castitatem,
1321 2371 1382 2399 fons
1407 2372 1552 2406 castitatis,
1569 2377 1599 2401 ut
1615 2377 1691 2401 tuum
1709 2382 1779 2410 quo-

982 2423 1037 2450 que
1056 2423 1156 2443 nomen
1175 2424 1250 2444 nunc
1276 2417 1394 2445 maxime
1414 2418 1584 2452 glorificetur
1609 2419 1643 2446 ab
1661 2420 1777 2455 angelis.

983 2462 1047 2490 Πίεῦ
1064 2463 1110 2490 illa
1131 2463 1244 2498 quidctn
1263 2464 1351 2492 oravit
1367 2472 1430 2492 cum
1450 2465 1579 2500 lacrymis
1594 2475 1600 2492 :
1613 2466 1709 2494 cfl'ecta
1725 2474 1777 2494 au-

982 2512 1037 2535 tem
1068 2508 1139 2535 Deus
1168 2509 1298 2536 reddidit.
1328 2509 1382 2538 Sed
1403 2515 1446 2538 est
1468 2510 1641 2538 adhibendus
1665 2511 1775 2539 animus

981 2553 1144 2582 narrationi.
1160 2554 1350 2582 lntroducitur
1370 2556 1447 2591 virgo
1467 2556 1495 2583 in
1519 2556 1707 2592 postibulum;
1732 2557 1778 2586 illa

981 2607 1048 2627 vero
1067 2600 1150 2628 etiam
1172 2599 1199 2627 in
1219 2601 1265 2628 tali
1282 2601 1343 2628 loco
1366 2606 1394 2629 et
1410 2607 1532 2637 tempore
1551 2611 1606 2630 non
1626 2609 1668 2631 est
1686 2603 1774 2633 oblita

982 2653 1080 2673 eorum
1095 2654 1156 2681 qua:
1169 2648 1304 2682 oportuit,
1318 2648 1367 2676 sed
1388 2649 1517 2684 protinus
1530 2649 1643 2685 ejicicns
1659 2650 1685 2678 id
1702 2651 1775 2686 quod

982 2691 1103 2720 habebat
1136 2693 1166 2721 in
1198 2693 1277 2727 sinu,
1299 2694 1327 2722 id
1369 2699 1461 2722 autem
1490 2700 1550 2723 erat
1571 2703 1775 2726 sacrosanctum

983 2737 1176 2773 Evangeiium.
1200 2740 1320 2774 aperuit,
1342 2745 1370 2769 et
1397 2740 1480 2768 dabat
1509 2749 1622 2777 operam
1649 2743 1774 2772 lectioni.

984 2783 1061 2812 Unus
1078 2792 1144 2812 vero
1163 2793 1197 2814 ex
1219 2785 1479 2822 intentperantibus,
1493 2793 1578 2816 «nstro
1601 2789 1698 2818 insano
1710 2798 1775 2825 per-

983 2830 1067 2864 citus,
1078 2831 1112 2858 ad
1125 2839 1186 2859 eam
1201 2831 1367 2868 ingreditur,
1381 2833 1429 2868 qui
1445 2833 1645 2870 aliquantisper
1661 2834 1774 2870 quidem

983 2883 1044 2907 eam
1062 2877 1149 2908 audiit
1164 2877 1312 2915 legentem.
1330 2878 1397 2908 Cum
1413 2883 1504 2910 autem
1517 2880 1573 2916 jam
1587 2887 1673 2917 prope
1687 2886 1774 2917 esset,
