2049 3151
167 167 235 201 1065

733 166 821 199 VITA
833 168 884 198 ES.
905 164 997 197 lNDE
1026 166 1073 196 ET
1096 164 1248 196 DOMNJZ.

1729 167 1797 200 1066

165 229 247 263 ἱερῶν
269 227 464 263 θυσιαστηρίου
482 227 598 255 ἅπτεται
621 227 779 261 κιγκλίδων,
795 225 910 261 δακρύει
925 224 954 252 δὲ

1009 223 1056 250 Illa
1084 229 1176 250 autem
1201 222 1319 258 seipsam
1346 223 1456 257 quidem
1482 224 1550 259 jacit
1578 223 1669 256 liumi,
1693 229 1722 252 et
1744 232 1798 253 ara:

163 275 261 306 οὕτως.
280 274 316 305 ὡς
334 275 379 300 καὶ
395 274 458 306 τοὺς
473 273 596 309 ὁρῶντας
609 273 650 305 εις
671 273 764 308 ὅμοιον
780 273 889 308 κινῆσαι
905 271 957 299 πά-

165 322 209 353 θος
226 322 273 348 καὶ
286 320 412 355 δακρύων
433 320 508 354 ῥοὰς,
525 320 600 354 κοινή
617 329 647 346 τε
669 319 736 354 πρὸς
751 319 818 346 Θεὸν
844 319 956 354 εύχαρι·

165 369 227 394 στία
245 369 276 394 ὲκ
290 367 406 402 καρδίας
422 366 525 402 θερμῆς
544 366 661 401 γίνεται.
684 366 768 393 Ἀλλὰ
789 366 823 392 τὰ
841 366 892 401 μὲν
906 365 957 400 τῆς

164 413 302 448 παρθένου
317 412 431 440 τοιαῦτα
443 413 492 439 καὶ
503 411 590 444 οὕτως
603 412 710 448 ἔχοντα.

200 503 264 530 Kl".
289 501 452 537 Μαξιμιανῷ
475 501 503 528 δὶ
531 501 585 537 ἄρα
609 501 648 536 τῷ
678 501 790 536 πονηρῷ
817 501 865 528 καὶ
891 503 954 533 τοὺς

164 549 372 583 ὑπηρετοῦντας
389 548 443 574 εδει
469 548 603 583 πονηροὺς
627 545 697 574 εἶναι
723 547 770 574 καὶ
793 547 841 581 τῆς
858 547 955 581 αὐτῆς,

163 595 178 622 ὃ
196 603 274 628 φασι,
293 596 455 629 κεραμείας.
478 595 556 621 Ὅσοι
578 593 668 620 τοίνυν
691 593 862 628 Μαξιμιανδν
883 594 960 620 εὐσε-

166 642 280 673 ϐοῦντες
298 642 454 674 ἐλάνθανον,
468 639 542 669 οὖτοι
559 641 685 676 καθάπερ
700 641 726 666 οἱ
742 640 888 675 θηρατικοὶ
903 640 958 667 τῶν

163 690 255 717 κυνῶν
270 689 457 724 ὰνιχνεύοντες
472 688 656 722 κατεμήνυον.
677 687 711 713 οῖ
719 695 750 721 γε
762 687 808 713 καὶ
822 687 892 713 κατὰ
904 687 960 712 Δω-

165 734 261 770 ροθέου
285 735 330 761 τὸν
356 735 438 761 αὐτοῦ
463 734 548 769 θυμὸν
569 734 744 764 ἀνακαίουσι,
759 733 898 767 Δωροθέου
910 732 957 759 τοῦ

163 780 215 815 τὴν
235 781 284 815 μὲν
306 781 385 813 δόξαν
411 780 457 806 καὶ
473 779 523 814 τὴν
544 778 687 814 πολιτικὴν
707 778 787 810 ἀξίαν
812 777 960 813 ἐπιφανοῦς

164 827 359 862 (πραιπόσιτον
380 826 489 854 Ἰταλῶν
507 826 615 860 γλῶττα
637 825 738 860 ταύτην
764 823 818 852 οἶδε
843 825 957 859 καλεῖν),

165 873 383 907 ὲπιφανεστέρου
401 873 428 899 δὲ
440 872 489 907 τὴν
506 872 658 899 εὐσέϐειαν.
685 871 762 898 Κατὰ
782 871 877 899 τούτου
893 871 958 906 γοῦν

164 921 214 946 καὶ
224 919 378 954 Μαρδονίου
394 919 442 945 καὶ
455 917 606 952 Μυγδονίου
620 918 667 944 καὶ
686 917 734 944 τοῦ
753 918 957 953 προρῤηθέντος

166 965 255 993 Ἰνδου
272 966 318 992 καὶ
334 964 422 991 ἄλλων
438 964 469 999 δή
488 972 569 990 τινων
593 963 768 999 θερμοτάτων
786 964 836 998 μὲν
852 964 902 998 τὴν
919 965 958 996 είς

164 1011 285 1047 Χριστὸν
311 1010 413 1042 πίστιν,
440 1009 630 1044 περιϐλέπτων
654 1009 683 1036 δὲ
707 1009 756 1043 τὴν
780 1010 820 1041 εἰς
846 1009 959 1044 βασιλέα

163 1059 259 1093 τιμὴν,
283 1058 347 1092 βέλη
375 1057 503 1091 διαϐολῆς
525 1057 682 1091 πέμπουσιν
698 1065 705 1071 ·
720 1053 791 1083 οὗτοι
807 1057 907 1092 δηλαδὴ
922 1054 959 1084 ὧν

164 1106 190 1133 cl
206 1105 311 1136 ὀδόντες
338 1104 408 1131 ὅπλα
425 1105 471 1130 καὶ
495 1103 572 1138 βέλη.
590 1104 635 1130 καὶ
652 1104 667 1139 ἡ
692 1103 815 1137 γλῶσσα.
834 1103 903 1130 κατὰ
925 1103 959 1130 τὰ

167 1151 229 1186 Iep‘z
248 1151 330 1184 φάναι
347 1150 436 1183 λόγια,
454 1149 577 1184 μάχαιρα
593 1149 680 1182 ὀξεῖα,
695 1148 726 1174 Et
741 1148 848 1181 παῖδας,
866 1147 960 1181 λέγον-

164 1204 222 1226 τες,
241 1193 264 1222 ῶ
284 1195 406 1230 βασιλεῦ,
423 1195 468 1221 καὶ
483 1193 596 1226 τούτους
614 1194 756 1226 οίκοῠντας
769 1194 797 1220 ιν
812 1195 867 1226 τοῖς
884 1193 960 1228 βασι-

164 1241 250 1272 λείοις
261 1243 315 1272 τοῖς
333 1242 387 1272 σοῖς
399 1241 446 1267 καὶ
461 1241 515 1266 τῶν
533 1240 588 1267 σῶν
600 1240 684 1270 ὄντας
701 1241 830 1275 ὑπηκόων
844 1240 960 1267 ὑποτάτ-

165 1296 223 1314 τειν
239 1288 392 1319 ἁδυνατεῖς,
405 1288 430 1313 τί
445 1288 477 1322 δὴ
491 1287 539 1313 καὶ
552 1287 615 1318 τοὺς
630 1285 727 1318 ἄλλους
738 1286 844 1314 πείθειν
858 1287 961 1321 ἐπιχει-

167 1334 237 1367 ρεῖς,
251 1334 371 1367 ἀνήνυτα
399 1334 509 1366 κάμνων
536 1333 582 1359 καὶ
607 1333 730 1366 ματαίως
758 1332 956 1368 ταλαιπωρῶνς

166 1379 254 1414 Σχολῇ
282 1379 336 1415 γὰρ
360 1378 394 1405 ἂν
416 1376 488 1405 οὗτοι
515 1379 722 1413 μετα-πεισθεῖεν
745 1377 790 1404 τοῦ
812 1378 958 1412 δόγματος,

165 1425 288 1456 ἐκείνους
303 1425 420 1460 ὁρῶντες
436 1425 519 1458 ἡδέως
542 1423 619 1458 ἡμῶν
639 1424 895 1459 καταμωκωμένους
911 1424 959 1450 καὶ

166 1471 234 1506 παρ’
243 1471 321 1497 οὐδὲν
332 1471 362 1497 τὸ
379 1470 515 1505 αὑστηρδιν
532 1469 577 1496 τοῦ
590 1469 637 1496 σοῦ
657 1469 776 1505 βήματος
789 1470 957 1505 τιθεμένους.

166 1518 241 1554 Ὅρα
260 1518 315 1553 γὰρ
338 1518 377 1550 εἰς
398 1517 460 1544 ὅσον
479 1517 495 1552 ἡ
516 1519 728 1552 περιφρόνησις·
753 1517 795 1543 ὅτι
818 1517 854 1552 μὴ
880 1518 960 1552 μόνον

165 1564 369 1597 ἀντιδοξοῦντες
408 1563 486 1590 αὐτοὶ
525 1562 774 1597 κατολιγιυροῦσιν,
809 1562 879 1589 ἀλλὰ
913 1563 961 1589 καὶ

164 1611 260 1642 ἄλλοις
286 1610 543 1645 ἀποκρυπτομένοις
565 1609 619 1635 τῶν
642 1608 778 1643 ὁμοδόξων
803 1609 906 1644 τροςάς
931 1617 961 1635 τε

165 1657 333 1692 παρέχουσι,
363 1657 411 1682 καὶ
435 1657 504 1690 πρὸς
529 1655 592 1686 τοὺς
621 1654 762 1687 κινδύνους
785 1655 959 1689 ἀλείφουσιν·

167 1704 199 1731 ού
214 1704 269 1738 μὴν
284 1703 351 1729 ἀλλὰ
367 1703 479 1733 καὶτοῖς
494 1701 583 1735 πολλῷ
599 1700 725 1728 διεστῶσι
738 1702 892 1736 γράμματα
904 1702 962 1730 δια-

166 1751 341 1786 πέμπουσιν,
360 1750 418 1784 ἆμα
434 1757 464 1775 τι
486 1749 535 1784 τὴν
548 1749 628 1781 δόξαν
650 1749 740 1780 αὐτοῖς
757 1749 961 1784 ὲπιρῥωνύντες

163 1799 213 1825 καὶ
230 1796 452 1831 παρακαλοῦντες
466 1796 534 1830 πρὸς
550 1795 688 1823 ἔνστασιν.
705 1795 811 1827 Ἄλλως
826 1803 854 1822 τι
871 1795 899 1822 δὲ
914 1798 960 1823 καὶ

161 1843 176 1870 δ
192 1843 231 1870 ἂν
247 1842 306 1869 κατ’
322 1842 410 1868 αὐτῶν
425 1850 454 1868 τι
472 1842 518 1868 καὶ
535 1839 568 1878 ἦς
586 1841 691 1876 ἔχονται
705 1840 853 1876 θρησκείας
868 1841 899 1868 τδ
914 1842 960 1868 σὺν

163 1890 271 1924 κράτος
288 1888 452 1923 ἐπινοήσειε,
467 1887 545 1914 τοῦτο
561 1887 674 1919 ἐκείνοις
691 1888 854 1922 κατάφωρον
866 1887 899 1913 δι’
910 1888 960 1914 αύ‹

162 1937 221 1962 τῶν
235 1935 316 1966 εὐθὺς
333 1934 448 1968 γίνεται.

203 1980 267 2008 ΚΔ¹.
289 1981 407 2015 Άνήφοη
423 1980 489 2014 πρὸς
506 1979 591 2014 ὀργὴν
604 1979 727 2006 ἐντεῦθεν
743 1980 757 2006 ό
776 1979 958 2013 Μαειμιανῖς,

166 2028 215 2055 καὶ
231 2027 326 2053 θᾶττον
349 2026 365 2060 ἢ
390 2025 467 2058 λόγος
494 2026 669 2060 παραστῆναι
691 2025 765 2059 αὺτῷ
783 2025 848 2057 τοὺς
865 2026 960 2060 ἁγίους

166 2075 287 2100 ἐκέλευε.
318 2072 368 2099 Καὶ
392 2072 416 2098 oi
443 2071 493 2106 μὲν
518 2071 704 2106 παρέστησαν,
721 2071 798 2097 οὐδὲν
820 2071 959 2104 δείσαντες

165 2119 228 2147 οὐδὲ
245 2119 315 2151 ἴχνος
329 2126 356 2144 τι
372 2117 455 2151 φόϐου
475 2117 531 2148 τοῖς
551 2116 709 2152 προσώποις
724 2118 957 2152 ἐπισημήναντος.

171 2165 202 2191 ’0
213 2164 242 2190 δὲ
253 2163 417 2198 δριμύτατον
439 2163 578 2198 ἐμϐλέψας
586 2164 691 2195 αὐτοῖς,
706 2161 742 2191 Ὦ
757 2163 876 2190 κάκιστα
890 2166 959 2191 ἁπο-

165 2209 303 2245 λούμενοι,
322 2209 385 2244 εφη,
403 2205 425 2235 ὦ
442 2209 550 2236 πάντων
565 2208 718 2243 ἀνθρώπων
736 2209 957 2244 ἁχαριστότατοι,

165 2257 192 2283 τί
206 2256 308 2291 δήποτε
323 2254 457 2290 τοσαύτης
475 2254 540 2290 παρ’
554 2255 620 2290 ἡμῖν
635 2255 817 2287 ἀπολαύοντες
830 2256 878 2290 τῆς
894 2258 956 2283 ἑπι-

166 2302 280 2339 φανείας
306 2301 354 2328 καὶ
381 2301 480 2336 μικροῦ
511 2301 585 2335 μόνοι
616 2301 649 2328 τὰ
682 2301 805 2336 βασίλεια
829 2303 956 2338 σκῆπτρα

168 2349 380 2383 πεπιστευμένοι
394 2347 464 2373 οὕτω
482 2347 562 2374 κακοὶ
577 2351 640 2383 περὶ
654 2350 698 2374 τὸν
713 2349 863 2384 εὐεργέτην
874 2349 956 2384 ἠλέγ-

168 2396 269 2432 χθητε;
298 2395 325 2421 ot
350 2402 381 2428 γε
409 2394 468 2420 ἀντὶ
499 2393 604 2421 πολλῶν
630 2395 703 2429 ἡμᾶς
718 2396 772 2421 τῶν
790 2395 955 2430 εὐεργεσιῶν

166 2443 237 2474 οἵαις
263 2440 409 2476 ἀμείϐεσθε
430 2440 533 2475 Ἰησοῦν
558 2449 618 2467 τινα
650 2441 761 2476 βασιλέα
790 2442 898 2474 ἑαυτοῖς
927 2450 956 2468 τε

167 2487 367 2521 ἑπιγράτοντες
399 2485 446 2511 καὶ
474 2487 527 2517 τοῖς
552 2486 641 2516 ἄλλοις
668 2486 884 2521 ἐπιφημίζοντες
907 2485 956 2512 καὶ

166 2533 230 2563 τοὺς
246 2531 385 2565 ἡγεμόνας
399 2530 447 2564 τῆς
463 2531 560 2564 καινῆς
572 2531 675 2566 ταύτης
694 2532 842 2567 θρησκείας
858 2534 957 2567 ἐπιμε-

147 2576 220 2607 ,λῶς
241 2577 418 2610 κρύπτοντες,
439 2577 566 2611 προνοίας
586 2585 615 2603 τε
639 2577 729 2612 πάσης
749 2577 888 2611 ἀξιοῦντες
909 2579 957 2606 καὶ

167 2622 392 2657 περιθάλπυντες,
409 2621 455 2653 οὓς
473 2622 585 2655 ἐξώλεις
607 2622 662 2657 ἐγὼ
675 2623 770 2649 θέσθαι
787 2625 834 2651 καὶ
854 2625 956 2651 ἀνωνὺ-

169 2676 234 2704 μους
247 2668 277 2694 τὸ
291 2666 433 2695 κάλλιστόν
457 2676 486 2694 τε
513 2668 561 2694 καὶ
581 2669 688 2704 πρῶτον
712 2669 766 2696 τῶν
791 2671 865 2705 ἐμῶν
886 2669 958 2698 εἶναι

166 2713 304 2750 τροπαίων
330 2714 506 2750 ὲλογισάμην.
539 2715 574 2742 Ἦ
601 2716 632 2742 οὐ
659 2715 747 2743 ταῦτα
770 2717 868 2752 ἀληθῆ,
893 2718 956 2754 ἢοὺ

167 2761 277 2792 πάντως
293 2759 378 2792 οὕτως
391 2760 448 2794 ἔχει
460 2761 506 2787 καὶ
520 2761 566 2787 τοῦ
579 2760 657 2794 λόγου
676 2762 776 2796 μᾶλλον
793 2763 848 2795 τοῖς
867 2763 957 2799 πράγ-

169 2815 266 2841 μασιν;
280 2806 312 2834 Οί
324 2806 353 2833 δὲ
363 2807 442 2837 κυνὸς
455 2807 549 2842 ὥσπερ
563 2806 742 2840 ὑλακτοῦντος
755 2809 820 2844 μηδὲ
837 2810 956 2845 μετρίως

203 2896 213 2912 ⁸
235 2895 306 2924 Psal.
324 2903 377 2927 LVI.
393 2895 420 2922 5.

335 2943 470 2972 Parnm"
501 2943 558 2973 Gn.
582 2943 682 2974 CXVI.

1008 277 1103 297 sacros
1118 269 1204 305 tangit
1227 269 1372 301 cancellos,
1384 269 1430 297 ﬂet
1445 278 1512 297 vero
1530 274 1585 297 tam
1607 270 1798 304 vehementer.

1010 321 1041 342 ut
1063 323 1111 343 eos
1137 316 1219 343 etiam
1245 315 1292 351 qui
1317 315 1456 348 videbant,
1471 316 1504 343 ad
1533 315 1650 343 similem
1674 321 1799 344 moveret

1008 361 1182 389 aﬂ'ectionem
1215 365 1243 390 et
1272 361 1374 388 llueuta
1399 362 1593 396 lacrymarum,
1617 362 1701 397 Iitque
1725 370 1799 390 com-

1009 408 1101 435 munis
1114 408 1147 435 ad
1170 408 1255 435 Deum
1273 408 1423 443 gratiarum
1440 408 1512 435 actio
1528 411 1586 435 toto
1603 413 1728 443 pectore.
1744 408 1799 436 Sed

1009 453 1047 480 ita
1061 453 1172 488 quidem
1190 462 1218 481 se
1233 454 1371 482 habebant
1387 462 1430 481 res
1448 454 1573 489 virginis.

1046 498 1141 526 XXIII.
1159 500 1285 534 lmprobo
1297 504 1388 527 autem
1405 500 1569 527 Maximiano
1586 500 1730 536 oportebat
1747 501 1800 528 im-

1010 545 1114 579 probos
1126 545 1208 572 etiam
1220 553 1280 572 esse
1297 546 1449 578 ministros,
1461 550 1488 572 et
1502 553 1535 572 ex
1546 547 1654 579 eadem,
1666 551 1696 574 ut
1710 548 1798 579 aiunt.

1010 591 1113 618 ﬁdelia.
1127 591 1290 626 Quicunque
1302 599 1367 626 ergo
1383 593 1427 626 pie
1442 592 1526 619 Deum
1544 593 1665 620 colentes
1680 594 1801 621 latebant

1009 637 1219 669 Maximianum,
1243 637 1262 664 ii
1284 638 1343 664 illos
1358 645 1412 664 non
1437 645 1517 665 secus
1538 645 1570 665 ac
1585 639 1702 666 venatici
1718 647 1801 667 canes

1011 683 1220 718 investigantes,
1240 684 1441 718 signiﬁcabant.
1458 684 1508 717 Qui
1527 685 1638 719 qu'dem
1653 685 1735 712 etiam
1751 685 1800 713 ad-

1010 738 1107 758 versus
1118 730 1300 762 Dorotlicum,
1310 730 1354 764 qui
1367 730 1452 765 gloria
1463 730 1574 765 quidem
1586 734 1613 757 et
1626 731 1699 757 civili
1710 731 1801 765 digni-

1012 782 1067 805 tate
1080 777 1207 812 insignis,
1222 781 1253 804 ut
1267 777 1315 812 qui
1329 777 1495 813 pnepositus
1511 782 1653 805 v0carctur
1669 777 1702 804 ab
1715 777 1800 811 Italis,

1012 825 1117 860 pietate
1132 830 1226 852 autem
1243 829 1302 852 erat
1321 825 1465 860 iusignior.
1487 825 1628 852 Adversus
1643 833 1706 852 eum
1722 833 1800 861 ergo,

1012 875 1040 897 et
1054 871 1238 904 Mardonium,
1252 876 1278 899 et
1297 871 1481 907 Mygdonium.
1501 877 1538 904 et,
1551 872 1598 907 qui
1620 872 1696 906 prius
1711 873 1802 901 dictus

1012 921 1064 948 est.
1091 917 1197 950 lndem,
1228 921 1256 945 et
1280 918 1413 952 quosdam
1442 918 1520 950 alios,
1553 918 1605 946 Iide
1631 920 1743 954 quidem
1773 920 1802 948 in

1012 961 1151 990 Christum
1182 964 1344 995 acerrimos,
1371 965 1547 998 imperatoris
1573 970 1665 992 autem
1696 966 1802 994 honore

1012 1011 1112 1042 claros,
1132 1009 1285 1037 immittunt
1301 1010 1354 1037 tela
1377 1010 1532 1038 calumniae.
1546 1010 1579 1037 lli
1600 1011 1716 1043 scilicet,
1733 1020 1802 1046 quo-

1013 1064 1073 1083 rum
1090 1055 1188 1083 dentes
1209 1063 1287 1083 arma
1311 1059 1338 1082 et
1359 1055 1474 1090 sagittae.
1490 1061 1518 1083 et
1541 1056 1643 1088 lingua.
1660 1061 1690 1084 ut
1711 1058 1802 1085 dicam

1012 1110 1075 1130 cum
1097 1110 1173 1130 sacra
1191 1101 1333 1137 Scriptura
1347 1102 1368 1135 ⁸,
1390 1102 1496 1137 gladius
1518 1107 1628 1135 acutus,
1649 1103 1775 1131 dicentes
1792 1112 1799 1131 :

1013 1149 1041 1176 Si
1055 1156 1161 1180 servos.
1177 1156 1194 1175 o
1209 1149 1370 1183 imperator,
1388 1153 1415 1176 et
1431 1155 1479 1175 eos
1495 1148 1542 1182 qui
1560 1148 1586 1175 in
1603 1153 1648 1176 tua
1662 1150 1734 1184 regia
1751 1149 1803 1177 ha-

1014 1195 1113 1226 bitant.
1130 1199 1158 1222 et
1171 1199 1236 1222 sum
1253 1194 1302 1221 tibi
1323 1194 1451 1228 subjecti,
1469 1202 1522 1222 non
1541 1199 1620 1230 potes
1641 1196 1802 1230 subjugare.

1014 1249 1065 1268 cur
1086 1241 1148 1268 aliis
1173 1241 1282 1268 conaris
1306 1241 1485 1275 persuadere.
1506 1241 1642 1269 inutiliter
1661 1241 1802 1274 laborans,

1012 1292 1041 1315 et
1060 1287 1161 1314 frustra
1178 1291 1205 1314 te
1221 1286 1368 1314 crucians?
1388 1286 1408 1313 li
1423 1287 1498 1313 enim
1511 1293 1582 1321 aegre
1598 1288 1736 1321 potuerint
1755 1288 1803 1315 ab-

1013 1333 1077 1360 duci
1102 1341 1117 1360 a
1132 1333 1270 1368 dogmate.
1299 1332 1361 1360 illos
1384 1333 1510 1360 videntes
1524 1341 1574 1360 nos
1596 1334 1718 1361 suaviter
1738 1334 1804 1361 irri-

1013 1381 1119 1409 dentes.
1134 1384 1163 1407 et
1178 1379 1217 1406 tui
1236 1378 1382 1406 tribunalis
1398 1380 1588 1407 austeritatem
1606 1380 1686 1407 nihili
1703 1380 1804 1408 facien-

1013 1429 1064 1452 tes.
1092 1423 1160 1451 Vide
1193 1424 1277 1455 enim,
1296 1431 1441 1459 quousque
1467 1424 1592 1458 procedit
1615 1432 1712 1452 eorum
1739 1433 1804 1453 ton-

1014 1476 1144 1506 tcmptus.
1168 1471 1229 1498 Non
1259 1471 1348 1498 solum
1377 1470 1427 1505 ipsi
1456 1475 1637 1498 contemnunt
1664 1471 1805 1499 contraria

1014 1518 1178 1548 sentientes.
1189 1518 1238 1545 sed
1254 1518 1318 1544 aliis
1333 1525 1454 1552 quoque,
1472 1518 1519 1551 qui
1536 1518 1631 1548 latent.
1645 1519 1692 1552 qui
1706 1518 1803 1545 eadem

975 1574 997 1605 ρ
1014 1572 1075 1599 quae
1099 1563 1150 1598 ipsi
1169 1563 1304 1595 sentiunt,
1322 1567 1350 1590 et
1373 1563 1504 1590 alinenta
1521 1563 1710 1597 suppeditant,
1726 1567 1754 1592 et
1769 1563 1804 1591 ad

1015 1609 1166 1638 Certamina
1183 1613 1281 1643 parant
1300 1613 1328 1636 et
1343 1609 1494 1636 instruunt.
1508 1607 1579 1641 Quin
1596 1609 1678 1636 etiam
1693 1610 1803 1637 mittunt

1014 1655 1121 1683 litteras
1133 1654 1167 1681 ad
1182 1661 1230 1681 eos
1241 1653 1288 1688 qui
1303 1653 1398 1688 procul
1412 1653 1526 1685 distant,
1540 1653 1621 1681 simul
1633 1658 1662 1681 et
1675 1661 1724 1681 eos
1739 1662 1804 1681 con-

1015 1701 1157 1728 ﬁrmantes
1173 1699 1201 1726 in
1217 1699 1364 1730 sententia,
1379 1703 1406 1726 et
1430 1698 1614 1726 exhortantes
1625 1699 1659 1726 ad
1675 1704 1804 1727 constan-

1014 1747 1092 1775 tiam.
1108 1746 1142 1774 Et
1159 1745 1262 1780 alioqui
1287 1744 1422 1780 quidquid
1441 1743 1576 1772 adversus
1589 1745 1673 1780 ipsos.
1685 1750 1712 1772 et
1722 1753 1804 1780 quam

1013 1793 1117 1821 habent
1139 1792 1312 1827 religionem,
1329 1795 1376 1818 tua
1407 1791 1607 1826 excogitaverit
1627 1792 1761 1826 potentia,
1777 1790 1804 1819 id

1012 1839 1104 1867 statim
1118 1846 1167 1874 per
1180 1838 1240 1865 illos
1254 1838 1288 1865 ab
1305 1838 1371 1872 ipsis
1384 1837 1612 1872 deprehenditur.

1048 1982 1143 2010 XXIV.
1160 1982 1207 2009 llis
1237 1981 1288 2008 fuit
1312 1982 1345 2008 ad
1368 1980 1437 2008 iram
1455 1987 1589 2008 accensus
1606 1980 1799 2013 Maximianus,

1011 2033 1040 2056 et
1055 2029 1129 2056 dicto
1145 2028 1226 2055 citius
1239 2027 1321 2062 jussit
1344 2031 1455 2054 sanctos
1471 2026 1504 2053 ad
1520 2034 1550 2054 se
1568 2026 1682 2054 adduci.
1695 2025 1728 2054 Et
1740 2027 1805 2055 ade-

1012 2079 1074 2102 rant
1097 2074 1210 2109 quidem
1228 2073 1266 2100 illi
1282 2073 1351 2100 nihil
1376 2072 1517 2103 timentes.
1541 2079 1631 2107 neque
1646 2072 1732 2099 ullum
1750 2073 1805 2099 [οι-

1011 2120 1125 2148 midinis
1135 2120 1279 2154 vestigium
1291 2118 1369 2146 vultu
1384 2126 1440 2153 pra:
1455 2125 1484 2146 se
1497 2117 1629 2145 ferentes.
1641 2117 1690 2145 Ille
1712 2123 1805 2145 autem

1012 2167 1099 2195 torvis
1121 2167 1196 2201 ipsos
1213 2165 1302 2193 oculis
1331 2165 1454 2197 intuens,
1473 2164 1496 2192 0
1520 2165 1638 2199 pessime
1658 2164 1804 2199 perdendi.

1012 2213 1113 2248 Inquit.
1127 2219 1144 2239 o
1161 2211 1283 2239 omnium
1304 2211 1446 2238 hominum
1465 2210 1643 2245 ingratissimi
1655 2230 1662 2242 ,
1679 2218 1730 2237 cur
1742 2215 1806 2237 tan-

973 2250 995 2278 Ῑ)
1011 2262 1065 2285 tam
1080 2265 1094 2285 a
1111 2257 1191 2284 nobis
1203 2256 1296 2291 adepti
1313 2256 1480 2287 claritatem,
1495 2260 1524 2282 et
1538 2255 1589 2283 soli
1605 2255 1805 2290 propemodum

1006 2303 1124 2338 sceptris
1133 2303 1253 2338 praefecti
1269 2301 1464 2337 imperatoriis,
1475 2306 1530 2329 tam
1556 2302 1619 2329 mali
1639 2301 1804 2335 deprehensi

1008 2350 1076 2378 estis
1097 2350 1124 2376 in
1148 2347 1352 2376 benefactorem
1367 2355 1374 2373 :
1391 2346 1438 2381 qui
1463 2355 1512 2381 pro
1532 2347 1628 2374 multis
1652 2347 1754 2374 nostris
1776 2345 1805 2372 in

1008 2403 1056 2423 vos
1067 2394 1210 2422 beneﬁciis
1221 2394 1328 2429 qualem
1342 2393 1451 2420 refertis
1461 2393 1587 2428 gratiam,
1597 2393 1689 2420 .Iesum
1708 2399 1804 2428 quem-

1009 2443 1072 2471 dam
1088 2442 1166 2469 vobis
1180 2445 1208 2468 et
1230 2440 1292 2468 aliis
1316 2447 1408 2475 regem
1433 2439 1572 2467 ascribere
1591 2439 1759 2471 dictitantes,
1775 2443 1803 2466 ct

1010 2497 1088 2517 nova:
1103 2488 1186 2523 hujus
1203 2487 1346 2522 religionis
1359 2487 1445 2514 duces
1460 2485 1557 2514 sedulo
1571 2485 1702 2516 celantes.
1716 2491 1745 2512 et
1761 2485 1802 2512 eis

1009 2536 1084 2563 omni
1108 2535 1203 2563 studio
1229 2533 1421 2570 providentes,
1446 2540 1550 2568 eosque
1578 2532 1714 2564 foventes,
1731 2538 1803 2566 quos

1009 2581 1136 2610 funditus
1150 2581 1275 2612 interire.
1294 2585 1323 2608 et
1340 2588 1374 2607 ne
1392 2587 1494 2606 nomen
1516 2578 1628 2613 quidem
1644 2585 1741 2605 eorum
1757 2584 1803 2604 re-

1010 2635 1134 2661 manere,
1157 2627 1284 2662 reputavi
1305 2633 1365 2654 esse
1390 2624 1610 2660 pulcherrimum
1627 2630 1656 2652 et
1682 2624 1801 2659 primum

1009 2681 1136 2702 meorum
1163 2672 1352 2707 tropamrum?
1374 2671 1415 2699 An
1435 2679 1491 2698 non
1511 2670 1569 2698 hac
1589 2675 1655 2698 sunt
1679 2677 1757 2702 vera,
1774 2673 1804 2697 et

1010 2726 1072 2755 quae
1092 2717 1173 2746 Iactis
1186 2717 1273 2753 magis
1285 2720 1451 2751 arguuntur.
1474 2722 1556 2751 quam
1573 2714 1683 2742 verbis?
1697 2713 1738 2742 llli
1753 2721 1803 2742 au-

1011 2769 1067 2793 tem
1081 2769 1213 2799 tanquam
1227 2765 1372 2791 latrantem
1385 2768 1481 2789 canem
1494 2769 1529 2790 ne
1541 2761 1677 2788 tantillum
1690 2759 1803 2795 quidem

1011 2814 1150 2843 curantes,
1164 2815 1255 2844 neque
1272 2807 1465 2836 existimantes
1486 2814 1546 2834 esse
1562 2812 1671 2841 tempus
1686 2811 1803 2840 respon-

1578 2939 1615 2970 3i
