2049 3151
257 177 326 208 1079

835 177 1028 208 ADDENDA.
1050 190 1084 196 -—
1108 177 1331 208 DECEMBER.

1813 177 1887 210 1080

255 233 371 266 siderio,
386 231 517 259 ardenter
534 230 762 265 amplectebatur,
781 235 836 258 tota
864 232 923 267 ejus
955 231 1045 258 anima

1100 232 1232 263 ποθεινῶς
1266 233 1358 263 αὐτοῖς
1375 231 1527 266 περιθεῖσα,
1548 230 1656 266 θερμῶς
1673 231 1814 266 ἠσπάζετο
1839 236 1888 262 καὶ

255 279 337 307 simul
352 285 460 313 quoque
473 276 667 311 amplectente.
681 276 751 304 Cum
766 276 824 304 hzec
838 277 953 307 faceret,
967 275 1044 303 videt

256 332 354 353 navem
382 324 438 359 jam
459 323 524 350 ferri
541 322 574 350 ad
603 323 692 357 ipsum
714 322 804 352 littus.
820 322 881 349 velo
909 322 965 356 jam
998 322 1046 348 dc-

255 372 351 402 misso,
367 375 396 397 et
411 371 478 397 solis
493 369 575 396 remis
593 368 695 396 sensim
715 368 748 396 ad
782 373 881 395 terram
895 368 1043 402 appellere.

255 417 397 444 Accedens
427 416 509 450 igitur
530 415 617 449 virgo,
641 421 703 441 cum
732 419 849 446 nautas,
870 418 898 440 ut
917 413 1044 444 decebat,

256 463 434 498 appellasset,
461 462 582 489 ostendit
596 461 679 488 etiam
701 460 802 496 pisces.
818 460 972 487 Nauclerus
994 467 1045 486 διι-

257 515 313 536 tem
329 516 390 535 eam
407 507 470 534 illos
484 506 604 533 vendere
626 505 799 537 existimans,
823 505 916 532 statim
940 504 1046 538 rogavit

257 551 355 586 quanti
373 551 516 578 venderet.
535 550 581 577 llla
600 557 666 577 vero
682 549 751 576 dixit
763 557 792 577 se
805 557 853 576 eos
866 549 932 576 dare
949 549 1044 584 gratis.

257 598 327 626 Cum
344 601 435 624 autem
453 597 497 624 ille
517 596 629 631 quidem
648 603 702 623 non
719 596 845 628 credens,
875 603 970 622 rursus
988 603 1046 622 me-

258 643 384 671 minisset
410 643 503 678 pretii,
519 641 564 669 illa
589 649 654 668 vero
680 645 766 668 staret
795 646 901 673 tacens,
930 645 958 668 et
990 647 1047 667 ma-

259 698 325 718 num
344 689 505 724 porrigeret,
533 696 594 723 quas
619 687 763 715 videbatur
782 687 852 715 velle
880 687 1045 722 gratiﬁcari:

259 736 313 763 Per
327 735 416 770 ipsum
427 735 577 767 Christum,
591 733 680 768 inquit
695 734 852 766 nauclerus,
869 733 965 768 quanti
980 740 1048 759 ven—

260 782 319 810 dis?
329 781 407 808 Tunc
420 788 452 807 ex
462 779 641 816 jurejurando
652 780 807 814 intelligens
824 787 956 814 generosa
969 779 1047 814 virgo

260 835 325 856 eum
344 834 404 853 esse
423 825 509 860 pium,
527 824 595 851 nihil
621 824 709 850 voluit
725 831 789 850 eum
804 823 905 854 celare,
920 823 967 850 sed
985 830 1047 849 cum

263 881 330 902 eum
342 873 416 900 foras
431 875 578 899 evocasset
592 870 626 898 ad
642 870 730 903 littus,
746 869 868 897 ostendit
879 869 905 897 ei
930 876 1047 903 corpora

262 925 434 952 sanctorum,
446 923 474 946 et
484 918 612 946 adhibuit
623 925 686 945 eum
702 917 729 944 in
746 916 905 944 societatem
921 915 1050 950 pulchcr-
1066 914 1086 942 Β

263 965 327 993 rimi
356 963 513 995 ministerii,
536 961 665 998 aperiens
685 968 869 996 quarumnam
889 964 992 992 essent,
1021 963 1050 986 et

261 1019 382 1040 narrans
394 1009 626 1046 quemadmodum
643 1015 693 1044 pro
711 1007 820 1035 Christo
836 1006 938 1034 mortui
956 1009 1051 1033 essent

262 1061 400 1092 martyres

299 1193 406 1220 XXXV.
422 1192 574 1219 Nauclerus
592 1194 683 1218 autem
697 1197 759 1218 cum
776 1190 834 1217 hac
843 1189 986 1222 audiisset,
1000 1196 1049 1216 no.

262 1248 312 1268 vas
329 1239 472 1270 slndonas,
488 1243 516 1265 et
531 1242 624 1265 vestes
645 1237 786 1268 candidas,
804 1241 998 1271 unguentaque
1022 1239 1051 1263 et

263 1285 371 1314 auditus
385 1292 400 1311 ε
422 1283 485 1311 navi
500 1283 592 1311 statim
620 1283 722 1314 attulit,
737 1287 765 1309 et
783 1282 811 1308 in
826 1281 867 1308 eis
880 1280 1052 1316 deponendi:

262 1331 408 1361 laboravit.
424 1330 527 1357 Damna
543 1336 609 1355 vero
623 1335 686 1355 cum
703 1327 736 1355 iis
749 1335 819 1362 quas
834 1327 962 1357 habebat,
973 1326 1051 1361 aquis

264 1376 387 1408 mundis,
405 1379 434 1403 et
446 1373 574 1409 lacrymis
598 1372 674 1407 prius
687 1372 803 1399 lavasset
815 1379 930 1406 corpora
946 1375 972 1398 et
987 1378 1051 1398 cum

263 1422 396 1450 nauclero
420 1419 571 1447 honoriﬁce
595 1422 623 1445 et
643 1425 704 1445 cum
734 1417 809 1444 omni
837 1416 988 1444 reverentia
1019 1423 1051 1443 ea

265 1467 477 1502 composuisset,
491 1470 519 1493 et
536 1473 567 1492 ea
586 1464 685 1492 deinde
697 1463 881 1491 communiter
898 1466 1053 1497 portassent

264 1513 301 1542 ad
320 1520 429 1540 murum
443 1511 571 1540 civitatis.
586 1510 634 1545 qui
651 1514 693 1537 est
707 1509 848 1544 proximus
865 1509 992 1541 t0rrenti,
1017 1508 1051 1536 ad

263 1565 372 1594 portam
399 1556 528 1588 civitatis,
558 1555 605 1583 ubi
627 1555 709 1582 etiam
731 1554 886 1582 Dorotheus
909 1562 971 1581 cum
992 1554 1051 1581 suis

263 1607 346 1634 tinem
365 1606 427 1633 vita:
452 1609 605 1639 acceperat,
624 1603 681 1630 illic
704 1609 736 1629 ea
751 1602 778 1629 in
795 1602 869 1630 fossa
886 1607 1047 1636 posuerunt.

262 1654 352 1687 Atque
365 1651 510 1678 nauclerus
527 1649 638 1684 quidem
656 1648 801 1683 virginem,
818 1652 848 1675 ut
867 1647 914 1682 qui
928 1647 1051 1682 judicas-

263 1703 306 1726 set
317 1706 376 1725 eam
389 1704 450 1724 esse
465 1696 576 1723 fratrem
589 1695 723 1731 ejusdem,
737 1695 815 1729 cujus
828 1694 888 1728 ipse
901 1694 929 1720 in
940 1694 1051 1721 Christo

264 1742 407 1770 sententiae
426 1743 497 1777 (eam
524 1741 597 1768 enim
613 1739 704 1768 adhuc
730 1739 819 1766 virum
837 1746 898 1765 esse
913 1739 1050 1772 putabat),

263 1789 371 1824 rogavit
387 1793 417 1815 ut
435 1795 528 1815 secum
541 1791 624 1819 esset,
637 1791 665 1813 et
685 1791 742 1814 toto
757 1786 819 1814 vita:
837 1791 962 1821 tempore
980 1794 1052 1813 nun-

264 1843 346 1871 quam
364 1835 398 1862 ab
410 1841 443 1861 eo
460 1833 624 1861 discederet.
637 1833 684 1860 illa
697 1840 763 1860 vero
787 1840 843 1860 non
866 1832 987 1866 admisit,
1003 1833 1051 1860 sed

263 1889 327 1910 eum
343 1879 453 1916 quidem
470 1879 575 1915 rogavit
586 1883 614 1906 ut
628 1884 748 1914 coeptum
761 1879 814 1906 iter
828 1884 1048 1914 persequeretur,

263 1938 294 1958 se
308 1935 400 1957 autem
414 1929 484 1956 dixit
500 1936 656 1956 mansuram
668 1936 675 1956 :
691 1927 837 1961 Quoniam,
856 1927 954 1963 inquit,
968 1933 1052 1961 prope

263 1981 306 2005 est
334 1977 396 2004 vita:
426 1975 499 2003 linis.
527 1974 617 2008 Quare
637 1982 688 2002 nec
719 1981 811 2001 meum
837 1981 940 2009 corpus
956 1973 991 2000 ab
1008 1973 1052 2000 his

262 2023 436 2057 corporibus,
471 2028 522 2048 nec
549 2021 669 2048 animam
696 2020 809 2047 omnino
835 2019 914 2047 decet
945 2019 981 2046 ab
1009 2018 1051 2045 his

262 2069 363 2097 animis
376 2068 491 2102 seiungi.
507 2067 575 2095 Cum
601 2066 657 2094 illic
684 2074 748 2101 ergo
767 2065 957 2097 remansisset,
977 2065 1050 2092 indi-

262 2117 337 2144 vulsa
355 2115 514 2143 adhaerebat
527 2115 663 2150 reliquiis,
679 2114 850 2141 aromatibus
864 2118 891 2140 et
914 2113 1050 2140 suﬂitibus

262 2164 303 2191 eis
329 2164 463 2190 honorem
490 2162 635 2195 exhibens,
669 2161 800 2189 nauclero
832 2161 900 2188 satis
925 2160 1049 2194 pecunia:

261 2209 456 2244 suppeditante
473 2208 506 2235 ad
523 2215 554 2235 ea
573 2208 768 2242 comparanda.
828 2202 832 2207 ’

296 2254 417 2282 XXXVI.
434 2255 506 2282 Fieri
525 2258 616 2282 autem
644 2262 698 2281 non
725 2258 844 2288 poterat,
862 2257 892 2281 ut
918 2261 967 2281 eos
1000 2253 1048 2288 qui
1066 2252 1089 2281 ι)

261 2306 341 2329 erant
355 2301 383 2328 in
398 2300 530 2332 tenebris,
543 2301 642 2328 lateret
656 2308 725 2334 opus
742 2300 812 2328 lucis
825 2308 832 2332 ;
861 2307 950 2334 neque
973 2307 1047 2326 mar-

262 2349 337 2385 tyrii,
353 2356 408 2383 quo
426 2348 530 2375 Damna
546 2347 700 2378 tenebatur,
716 2347 884 2375 desiderium
908 2347 1049 2375 videretur

261 2394 466 2429 imperfectum.
479 2394 662 2426 Quamobrem
680 2393 842 2421 deferuntur
861 2394 919 2422 lucc
931 2395 965 2421 ad
991 2395 1048 2421 Ma-

261 2440 423 2470 ximianum.
436 2439 482 2475 qui
498 2447 561 2466 cum
579 2439 771 2471 intellexisset,
787 2439 862 2474 quod
877 2440 923 2467 illa
939 2446 1049 2468 sancto-

261 2494 322 2513 rum
342 2490 416 2513 tanto
430 2493 523 2513 amore
541 2491 619 2519 capta
643 2490 727 2517 esset,
760 2494 888 2521 magnum
906 2486 991 2514 edens
1005 2495 1048 2514 ca-

261 2533 405 2565 chinnum,
422 2533 469 2568 qui
497 2533 583 2559 multo
610 2532 677 2564 risu,
695 2532 736 2559 vel
760 2532 886 2567 plurimis
902 2533 993 2567 potius
1009 2534 1048 2561 la-

261 2580 362 2614 crymis
375 2584 436 2606 erat
452 2577 562 2613 dignus,
580 2578 631 2605 Par
646 2581 698 2610 est,
713 2578 739 2604 in
747 2578 812 2612 quit,
842 2584 871 2606 ut
884 2586 916 2605 ea
935 2587 1047 2614 quoque

259 2632 354 2661 parem
370 2625 424 2653 illis
437 2631 554 2651 mortem
570 2624 679 2656 subeat,
708 2628 736 2651 et
762 2624 803 2651 sic
831 2625 922 2659 rcipsa
946 2625 1045 2658 discat,

259 2672 332 2707 quod
351 2671 511 2698 hominibus
526 2671 593 2698 nihil
610 2675 672 2706 post
688 2676 803 2698 mortem
814 2672 934 2707 amplius
946 2672 1049 2700 haben-

260 2711 337 2746 tibus
353 2718 398 2745 illa
413 2718 514 2745 frustra
529 2721 619 2745 tantos
642 2718 760 2745 honores
779 2717 904 2745 exhibet.
919 2718 1005 2751 Dixit,
1020 2723 1048 2746 et

258 2765 350 2792 statim
369 2765 454 2797 misit,
484 2764 530 2798 qui
555 2771 615 2791 eam
645 2763 843 2792 interﬁcerent.
871 2764 958 2799 Quam
985 2773 1047 2792 cum

259 2812 340 2838 etiam
365 2811 640 2846 eomprehendissent
669 2812 698 2838 in
724 2812 785 2838 loco
806 2817 942 2845 orantem,
965 2817 1048 2847 caput

259 2864 327 2883 ense
343 2860 496 2890 amputant,
512 2857 594 2891 idque
609 2856 665 2892 igni
691 2856 813 2884 tradunt.
835 2857 870 2884 Et
888 2857 970 2892 paulo
987 2861 1047 2892 post

259 2901 418 2942 adjungitur
432 2902 541 2936 sapiens
556 2910 665 2938 quoque
691 2903 848 2935 Anthimus,
869 2904 914 2940 qui
942 2905 1045 2932 doctri-

1095 278 1180 312 αὐτὴν
1207 278 1271 313 ὃλην
1296 277 1396 312 ἔλουσα
1421 279 1472 312 τὴν
1499 278 1588 314 ψυχὴν
1623 279 1887 316 συνασπαζομένην,

1097 321 1147 349 εἷθ’
1159 323 1229 349 οὕτω
1244 324 1290 349 καὶ
1305 323 1421 358 δάκρυον
1435 323 1483 358 ἡδὺ
1503 323 1710 350 κατασπείσασα
1725 325 1781 351 τῶν
1795 327 1890 360 σωμά-

1096 377 1160 398 των.
1169 369 1213 394 Ἑν
1261 368 1347 395 ταῦτα
1363 369 1460 400 ἐποίει,
1485 370 1534 404 ὁρᾷ
1550 369 1640 396 πλοῖον
1656 370 1724 405 πρὸς
1738 371 1821 397 αὑτὸν
1838 372 1890 408 ἥδη

1096 415 1247 450 φερόμενον
1264 415 1308 441 τὸν
1322 415 1444 449 αἰγιαλὸν
1456 415 1504 450 τὴν
1516 416 1611 449 ὀθόνην
1627 416 1690 451 ἄρτι
1707 416 1831 450 χαλάσαν
1841 419 1890 445 καὶ

1097 461 1204 492 κώπαις
1216 461 1308 497 ἡρέμα
1325 462 1418 496 μόναις
1432 461 1544 488 σαλεῦον
1560 463 1600 493 εἰς
1617 462 1680 497 γῆν.
1696 463 1890 497 Προσελθοῦσα

1097 507 1161 542 γοῦν
1179 509 1196 543 ἡ
1211 508 1346 544 παρθένος
1364 508 1411 535 καὶ
1421 508 1451 534 τὸ
1466 508 1522 534 τῶν
1534 507 1640 534 ναυτῶν
1656 509 1791 544 πλήρωμα
1803 517 1890 544 προσ-

1097 555 1271 589 αγορεύσασα
1286 555 1323 585 di;
1339 555 1422 590 ἐχρῆν
1438 554 1584 581 ὑπεδείχνυ
1601 555 1648 581 καὶ
1663 555 1725 586 τοὺς
1743 555 1832 590 ἱχθῦς.
1858 555 1890 582 '0

1097 603 1124 628 δὲ
1140 602 1293 637 ναύκληρος
1311 603 1410 628 πωλεῖν
1428 602 1513 637 αὐτὴν
1527 603 1630 637 οἰηθεὶς
1649 603 1816 629 ἐπυνθάνετο
1835 612 1889 630 παι

1099 647 1229 682 ραχρῆμα
1250 647 1334 673 πόσου
1351 647 1383 673 ἂν
1397 648 1518 682 πρίαιτο.
1536 647 1569 674 Ἥ
1584 647 1611 674 δὲ
1629 649 1731 682 προῖκα
1746 648 1823 683 ἔλεγε
1840 650 1889 676 καὶ

1099 693 1166 728 πρὸς
1185 693 1266 728 χάριν
1297 693 1407 720 διδόναι.
1441 694 1485 725 Ὠς
1510 694 1537 721 δὲ
1558 694 1659 726 ἐκεῖνος
1689 695 1737 728 μὲν
1762 696 1889 722 ἀπιστῶν

1099 739 1236 774 ἐμέμνητο
1250 739 1296 766 καὶ
1316 738 1394 770 αὖθις
1408 740 1502 774 τιμῆς.
1518 741 1533 775 ἡ
1550 739 1578 766 δὲ
1596 741 1728 767 σιωπῶσα
1754 742 1888 776 εἱστήκει,

1100 787 1146 812 καὶ
1159 786 1238 820 χεῖρα
1252 785 1393 821 προέτεινε
1409 786 1571 822 χαρίζεσθαι
1592 788 1726 820 ἐοικυῖαν,
1755 788 1828 823 Πρὸς
1841 789 1890 815 αὑ-

1099 830 1157 863 τοῦ,
1175 832 1188 857 ὁ
1203 831 1368 867 ναύκληρος,
1383 832 1430 858 τοῦ
1444 832 1575 867 Χριστοῦ,
1589 832 1682 865 πόσον,
1697 833 1761 869 ἔφη,
1777 834 1889 868 πωλεῖς

1099 875 1167 902 Τότε
1197 876 1237 911 τῷ
1262 877 1337 911 ὅρκῳ
1362 878 1378 912 ὴ
1396 877 1506 910 γενναία
1527 878 1627 913 εὐσεϐῆ
1654 877 1724 906 εἶναι
1740 880 1788 906 τὸν
1805 880 1889 915 ἄνδρα

1103 922 1239 956 μαθοῦσα,
1257 923 1334 950 οὐδὲν
1351 923 1484 958 ἠϐούλετο
1499 923 1646 959 κρύπτειν,
1662 925 1720 952 ἀλλ’
1748 926 1800 958 ἔξω
1814 926 1890 961 παρὰ

1101 969 1148 994 τὸν
1163 969 1287 1002 αξγιαλὸν
1317 969 1523 1005 ἑκκαλεσαμένη
1543 971 1648 998 ἐδείκνυ
1676 980 1706 998 τε
1723 972 1758 998 τὰ
1776 972 1889 1007 σώματα

1101 1014 1155 1041 τῶν
1170 1015 1267 1049 ἁγίων,
1286 1015 1334 1041 καὶ
1361 1016 1488 1042 κοινωνὸν
1511 1017 1628 1044 ἐποιεῖτο
1657 1019 1706 1053 τῆς
1731 1019 1796 1054 περὶ
1820 1019 1890 1046 αὗτὰ

1103 1061 1248 1095 καλλίστης
1264 1061 1427 1097 ὑπηρεσίας,
1444 1058 1482 1088 ὧν
1508 1071 1538 1089 τε
1553 1063 1595 1098 εἴη
1623 1063 1825 1099 διασαφήσασα,
1843 1066 1890 1092 καὶ

1102 1107 1177 1139 ὅπως
1202 1108 1273 1143 ὑπὲρ
1288 1108 1408 1143 Χριστοῦ
1427 1109 1534 1136 θάνοιεν
1549 1110 1573 1136 el
1599 1109 1737 1146 μάρτυρες
1752 1111 1890 1146 ἐξηγησα-

1103 1154 1183 1190 μένη.
1198 1156 1200 1158 ’

1141 1201 1204 1228 AE'.
1229 1200 1259 1227 '0
1274 1201 1424 1237 ναύκληρος
1439 1202 1486 1228 οὖν
1503 1202 1624 1235 ἀκούσας
1651 1203 1771 1234 σινδόνας
1793 1205 1892 1234 καινὰς

1103 1248 1150 1275 καὶ
1167 1248 1261 1279 στολὰς
1274 1248 1373 1280 λευκὰς
1389 1248 1462 1283 μύρα
1475 1258 1503 1276 τε
1518 1247 1595 1280 αὖθις
1608 1249 1655 1276 καὶ
1672 1250 1832 1285 θυμιάματα
1844 1249 1890 1276 τοῦ

1104 1294 1198 1321 πλοίου
1212 1294 1293 1326 εὐθὺς
1317 1294 1409 1328 ἐξῆγε,
1425 1295 1472 1321 καὶ
1488 1295 1525 1321 διε
1532 1297 1636 1322 πονεῖτο
1653 1296 1721 1330 πρὸς
1745 1295 1794 1331 τὴν
1807 1296 1892 1323 κατά-

1103 1341 1189 1368 θεσιν,
1207 1341 1296 1374 Δόμνα
1307 1341 1335 1367 δὲ
1352 1338 1392 1372 οἷς
1407 1338 1478 1375 εἶχεν
1487 1341 1566 1368 ὕδασι
1581 1342 1710 1376 καθαροῖς
1725 1342 1759 1368 τὰ
1774 1342 1891 1377 σώματα

1105 1386 1150 1413 καὶ
1172 1386 1262 1420 πολλῷ
1277 1387 1408 1422 πρότερον
1420 1387 1477 1418 τοῖς
1492 1386 1608 1422 δάκρυσι
1624 1387 1760 1420 πλύνασα,
1780 1388 1828 1414 καὶ
1843 1389 1892 1415 σὺν

1104 1431 1144 1466 τῷ
1159 1432 1305 1467 ναυκλήρῳ
1315 1431 1386 1458 αἰδοῖ
1401 1432 1475 1467 πάσῃ
1493 1432 1592 1467 τιμίως
1603 1432 1674 1459 αὐτὰ
1686 1433 1890 1468 περιστείλασα,

1103 1476 1163 1504 εἶτα
1179 1478 1314 1513 καὶκοινῇ
1330 1478 1416 1504 ταῦτα
1442 1478 1674 1510 διαὸαστάσαντες
1690 1479 1766 1514 παρὰ
1783 1479 1822 1514 τῷ
1842 1480 1893 1514 τῆς

1105 1525 1208 1556 πόλεως
1223 1524 1305 1559 τείχει
1321 1525 1440 1560 ἐχόμενα
1455 1525 1500 1551 τοῦ
1513 1525 1665 1562 χειμάῤῥου
1687 1526 1755 1561 πρὸς
1767 1527 1799 1561 τῇ
1818 1527 1889 1562 πύλῃ

1063 1577 1085 1606 c
1102 1573 1135 1606 τῇ
1153 1571 1227 1605 παρὰ
1247 1571 1396 1604 θάλασσαν,
1419 1567 1450 1598 οὗ
1466 1571 1497 1607 δὴ
1518 1572 1543 1598 ot
1566 1572 1630 1607 περὶ
1642 1572 1687 1598 τὸν
1700 1573 1838 1607 Δωρόθεον
1860 1573 1891 1600 τὸ

1101 1618 1176 1649 τέλος
1191 1617 1329 1651 ἐδέξαντο,
1347 1618 1437 1644 ἐκεῖσε
1455 1617 1542 1645 ταῦτα
1561 1618 1761 1653 κατορύξαντες
1776 1619 1891 1654 ἔθηκαν,

1107 1663 1136 1691 Ὀ
1150 1663 1241 1698 μέντοι
1271 1663 1424 1699 ναύκληρος
1451 1663 1501 1699 τὴν
1530 1664 1674 1699 παρθένον,
1694 1665 1742 1692 Eua
1765 1665 1893 1700 ὁμόδοξον

1101 1709 1215 1743 ἀδελφὸν
1227 1707 1295 1735 εἶναι
1311 1709 1405 1744 κρῖνας
1417 1710 1486 1735 κατά
1497 1709 1613 1744 Χριστὸν
1626 1711 1727 1746 (ἄνδρα
1739 1711 1793 1747 γὰρ
1804 1712 1894 1747 αὐτὴν

1102 1755 1141 1782 ἑτι
1158 1755 1247 1790 ᾤετο).
1266 1755 1352 1782 ἐδεῖτο
1370 1757 1500 1788 συνεῖναι1
1515 1758 1562 1783 καὶ
1583 1757 1718 1792 μηδαμῶς
1738 1758 1893 1793 ἀποστῆναι

1102 1802 1199 1828 τούτου
1216 1801 1281 1835 παρ’
1294 1801 1358 1836 ὃλην
1372 1801 1455 1827 αὑτοῦ
1474 1803 1524 1837 τὴν
1538 1802 1621 1837 ζωήν.
1642 1803 1673 1829 'H
1691 1803 1719 1830 δὲ
1743 1804 1793 1830 οὐκ
1816 1805 1893 1839 ἠνεί-

1102 1856 1175 1883 χετο,
1190 1847 1248 1874 ἀλλ’
1263 1848 1340 1882 ἠξίου
1355 1848 1437 1874 αὑτὸν
1455 1849 1504 1882 μὲν
1519 1849 1578 1875 ὁδοῦ
1595 1849 1716 1884 ἔχεσθαι,
1739 1851 1848 1885 ἐκείνην
1864 1852 1894 1878 δδ

1103 1894 1272 1929 παραμένειν
1287 1894 1412 1926 εἰποῦσα,
1429 1895 1470 1921 ὅτι
1486 1895 1522 1922 Τό
1537 1904 1568 1929 γε
1585 1896 1633 1929 τῆς
1647 1897 1714 1931 ἐμῆς
1733 1898 1805 1932 ζωῆς
1816 1898 1895 1930 τέλος

1102 1939 1195 1974 ἐγγύς.
1215 1940 1298 1966 Ὅθεν
1310 1940 1371 1967 οὔτε
1388 1942 1468 1974 σῶμα
1481 1941 1511 1968 τὸ
1526 1943 1591 1977 ὲμδν
1605 1944 1659 1971 τῶν
1678 1945 1814 1978 σωμάτων
1829 1946 1894 1972 τοὺ-

1101 1994 1157 2012 των
1169 1985 1230 2012 οὔτε
1243 1986 1298 2013 τῶν
1311 1987 1406 2022 ψυχῶν
1420 1987 1489 2019 ὅλως
1512 1989 1664 2023 ἀποστῆναι
1676 1990 1717 2016 δεῖ
1729 1990 1779 2025 τὴν
1790 1991 1893 2026 ψυχήν.

1109 2032 1213 2059 Ἐκεῖσε
1233 2033 1376 2068 τοιγαροῦν
1395 2034 1566 2070 ὑπομείνασα
1590 2036 1785 2069 ἁδιασπάστως
1802 2039 1894 2074 εἴχετο

1102 2079 1156 2106 τῶν
1169 2080 1313 2115 λειψάνων,
1324 2081 1515 2116 ἀσπαζομένη,
1528 2084 1749 2119 προσευχομένη,
1763 2084 1894 2120 ἀρώμασί

1101 2135 1132 2153 τε
1161 2127 1208 2153 καὶ
1225 2127 1380 2161 θυμιάμασι
1406 2127 1456 2163 τὴν
1479 2128 1548 2163 πρὸς
1568 2130 1640 2156 αὐτὰ
1654 2130 1782 2158 δεικνῦσα
1796 2131 1891 2167 τιμὴν,

1102 2173 1397 2208 προσκαταὸαλομένου
1430 2174 1477 2200 καὶ
1505 2174 1552 2201 τοῦ
1578 2175 1731 2211 ναυκλήρου
1754 2176 1824 2212 πρὸς
1841 2179 1894 2214 τὴν

1102 2218 1235 2254 χορηγίαν
1245 2219 1348 2246 τούτων
1363 2219 1444 2246 ικανὰ
1458 2220 1598 2256 χρήματα.

1139 2266 1208 2298 AG’.
1221 2265 1280 2292 Οὐκ
1292 2264 1326 2301 ἦν
1341 2266 1369 2292 δὲ
1383 2266 1492 2298 πάντως
1507 2267 1569 2298 τοὺς
1585 2268 1614 2293 ὲν
1635 2268 1726 2294 σκότει
1738 2268 1893 2304 καθεζομέ-

1104 2320 1165 2343 νους
1180 2312 1211 2338 τδ
1228 2311 1274 2338 τοῦ
1291 2311 1379 2346 φωτὸς
1402 2312 1484 2347 ἔργον
1498 2313 1646 2345 διαλαθεῖν,
1674 2314 1742 2349 μηδὲ
1758 2315 1809 2350 τὴν
1826 2318 1893 2352 περὶ

1103 2358 1133 2385 τὺ
1163 2357 1313 2393 μαρτύριον
1345 2358 1450 2393 Δόμνας
1478 2359 1628 2394 ἐπιθυμίαν
1654 2361 1736 2396 ἁτε)ιῆ
1760 2363 1891 2397 ὀφθῆναι.

1104 2403 1185 2430 Ὅθεν
1199 2404 1245 2430 καὶ
1257 2403 1322 2439 δῆλα
1336 2403 1422 2431 ταῦτα
1433 2404 1599 2440 Μαξιμιανῷ
1611 2406 1727 2440 γίνεται,
1737 2408 1784 2433 καὶ
1797 2408 1893 2442 μαθὼν

1102 2449 1138 2480 ὡς
1153 2449 1239 2481 οὕτως
1264 2449 1355 2485 ἐκείνη
1379 2450 1433 2476 τῶν
1460 2450 1547 2484 ἁγίων
1562 2452 1704 2486 ἐρωτικῶς
1720 2454 1892 2489 περιέχεται,

1104 2495 1174 2530 μέγα
1186 2495 1388 2529 ἀνακαγχάσας,
1403 2495 1417 2521 ὁ
1430 2495 1527 2522 πολλοῦ
1539 2497 1660 2530 γέλωτος
1672 2497 1687 2533 ἢ
1706 2500 1811 2532 μυρίων
1823 2500 1895 2534 μᾶλ-

1102 2540 1147 2567 λον
1157 2541 1282 2576 δακρύων
1299 2540 1383 2574 ἄξιος,
1393 2542 1534 2577 Προσῆκόν
1552 2542 1717 2577 Eumelus,
1728 2545 1775 2571 καὶ
1789 2546 1894 2581 ταύτην

1102 2586 1148 2613 τὸν
1162 2586 1218 2612 ἴσον
1234 2587 1348 2619 ἐκείνοις
1366 2587 1483 2614 θάνατον
1500 2589 1628 2624 ὑποσχεῖν
1653 2591 1700 2617 καὶ
1714 2591 1801 2623 οὕτως
1818 2593 1893 2627 ἔργῳ

1104 2634 1199 2668 μαθεῖν
1218 2634 1258 2661 ὅτι
1284 2634 1371 2678 μάτην
1389 2635 1543 2672 ἀνθρώποις
1558 2637 1635 2663 οὐδὲν
1659 2638 1740 2665 πλέον
1756 2640 1824 2674 μετὰ
1843 2640 1892 2666 θα-

1103 2687 1183 2706 νατον
1196 2679 1288 2714 ἔχουσι
1297 2680 1431 2712 τοσαύτας
1443 2681 1534 2716 ἐκείνη
1545 2683 1694 2718 προσφέρει
1705 2685 1798 2719 τιμάς.
1811 2683 1892 2718 Eine,

1102 2726 1150 2752 καὶ
1162 2726 1225 2758 τοὺς
1250 2727 1465 2759 ἀποκτενοῦντας
1482 2728 1605 2764 agas-.13;
1623 2729 1759 2765 ἔπεμπεν.
1777 2732 1827 2759 Ἦν
1843 2733 1891 2760 καὶ

1102 2773 1327 2807 προσευχομένην
1343 2774 1443 2800 ἐκεῖνοι
1459 2774 1523 2809 παρ’
1534 2775 1608 2810 αὑτῴ
1622 2775 1653 2811 δὴ
1669 2776 1708 2812 τῷ
1721 2778 1796 2813 τόπῳ
1807 2787 1893 2805 κατα-

1101 2816 1241 2850 λαϐόντες,
1268 2817 1340 2853 ξίφει
1357 2818 1407 2853 τὴν
1435 2820 1559 2855 κεφαλὴν
1586 2822 1782 2858 ἀποτέμνουσι,
1799 2826 1846 2851 καὶ
1860 2827 1892 2852 τὺ

1102 2862 1181 2897 σῶμα
1210 2863 1387 2898 παραδιδοῦσι
1403 2866 1481 2900 πυρί.
1512 2867 1693 2901 Προστίθεται
1715 2869 1802 2905 ταύτῃ
1822 2871 1892 2905 μετά

1102 2907 1188 2945 βραχὺ
1218 2909 1265 2936 καὶ
1297 2910 1426 2947 Ἀνθιλιος
1457 2912 1471 2938 ὁ
1503 2913 1592 2951 copim,
1620 2914 1734 2947 πολλοὺς
1759 2916 1892 2953 πρότερον
