2049 3151
201 172 267 206 Ῑύἶι

519 176 842 208 SUPPLEMENTUM.
859 187 891 194 -
909 176 938 206 S.
967 175 1156 205 DEMEI‘RII
1175 175 1371 205 MAR'I'YRIS
1391 175 1497 205 ACTA-

1759 177 1827 207 ll”!

200 230 303 261 ἐκεῖνος
319 229 438 264 διδαχαῖς
451 238 480 257 τε
493 231 540 257 καὶ
560 232 739 266 παραινέσεσι
752 233 894 268 μάρτυρα;
909 240 991 268 προέτ-

1043 230 1086 258 nis
1101 235 1128 257 et
1143 230 1255 257 monitis
1271 230 1373 257 multos
1387 231 1464 265 prius
1474 230 1585 258 Christo
1599 235 1734 266 martyres
1745 230 1827 259 obtu-

200 274 319 308 ινιγκὼν
332 276 371 310 τῷ
390 276 511 312 Χριστῷ.
524 274 574 303 Διὰ
586 278 642 312 γὰρ
653 278 699 304 τὸν
710 278 795 305 πολὺν
807 278 911 305 ἐκείνου
923 279 988 313 περὶ

200 319 249 355 τὴν
263 321 403 348 εὐσέϐειαν
429 319 508 357 ζῆλον
521 323 570 357 οὐχ
595 323 695 358 ἥκιστα
708 324 879 358 Μαξιμιανὸς
892 324 987 350 διαπο-

201 366 304 400 νηθεὶς,
321 367 405 402 ὀργῆς
419 376 448 394 τε
471 368 516 394 καὶ
535 369 632 403 μανίας
649 370 818 405 πληρωθεὶς,
831 370 880 405 τὴν
898 370 988 404 ψυχὴν

200 412 330 445 βασάνοις
358 414 407 448 μὲν
423 414 533 445 πολλαῖς
546 415 628 442 αὐτοῦ
655 417 789 450 πρότερον
805 417 988 450 ἀποπειρᾶται

200 459 354 492 ἀποστῆσαι
374 460 480 491 πάντως
505 462 555 495 τῆς
576 461 721 496 ὁμολογίας
743 463 884 496 οἰόμενος·
906 462 943 493 ὡς
960 462 987 489 δὲ

200 505 302 530 ἀπεῖπε
320 505 420 539 μᾶλλον
433 506 557 538 κολάζων
574 508 655 539 αὐτὸς
666 508 709 534 τὸν
720 508 766 535 διὰ
781 509 875 543 ξὲφους
890 509 988 541 ἐπάγει

199 549 239 585 τῷ
254 551 357 586 ἀθλητῇ
375 551 500 579 θάνατον.
515 553 624 586 Ἔξεστι
645 554 673 580 δὲ
689 555 735 581 καὶ
760 554 810 590 τὴν
825 555 885 580 κατ’
908 555 989 581 αὑτὸν

201 597 324 632 ἱστορίαν
336 599 577 634 μεταχειρίσαντας
589 601 655 634 πρὸς
664 601 735 633 λέξιν
747 600 854 628 ἅπαντα
863 601 987 630 διελθεῖν.

236 644 296 670 ΛΖ’.
316 644 430 675 Τούτοις
446 646 647 680 ήΝικομήδους
664 645 759 682 ὥσπερ
785 647 856 674 τισὶν
873 647 989 683 ἄστραςι

200 689 274 725 μέγα
290 700 316 716 τι
331 692 377 717 καὶ
394 692 489 727 χάριεν
504 693 551 718 καὶ
567 693 615 728 ήόὺ
631 693 787 727 λάμπουσιν
800 694 989 729 ὲλλαμπρὺνες

197 743 255 768 ται,
268 736 317 762 καὶ
328 737 419 767 αὐτοῖς
437 737 538 772 μᾶλλον
555 738 789 772 ὶγκαλλωπίξεται
804 739 820 773 ἢ
834 739 928 775 χρυσῷ
943 740 989 767 καὶ

198 780 285 812 λίθοις
301 782 347 808 καὶ
370 783 520 818 μαργάρων
533 783 685 818 διαυγείαις
701 793 730 811 τε
747 784 792 811 καὶ
807 784 987 819 κομψότησιν,

198 828 240 858 εἰς
254 828 376 862 χιλιάδας
393 829 442 863 μὲν
453 830 538 856 εἰκοσι
553 829 660 856 τελοῦσι
682 831 726 857 τὸν
741 831 868 866 ἀριθμὸν,
890 833 988 866 ἐπιφα-

199 872 252 902 νῶς
268 872 294 898 δὲ
306 873 352 899 καὶ
367 873 464 908 πλήθει
489 874 535 900 καὶ
552 874 643 900 κάλλει
669 874 707 910 τῷ
730 876 891 910 μαρτυρικῷ
917 876 989 911 χορῷ

197 917 394 952 διαπρέποντι,
423 916 460 945 ὧν
477 920 492 953 ἡ
510 920 607 955 μνήμη
629 921 698 954 μετὰ
727 920 792 955 μίαν
805 921 925 948 τελεῖται
936 922 990 948 τῶν

198 964 247 990 τοῦ
262 964 380 1000 Χριστοῦ
398 965 544 999 γενεθλίων
558 965 624 1001 ἄλλη
637 966 690 1001 πρὸ
704 967 758 993 τῶν
774 967 878 1002 νηπίων
898 968 989 1003 ἑορτὴ,

199 1010 296 1046 ὥσπερ
312 1011 424 1038 ἐκείνων
446 1012 488 1038 διὰ
505 1012 608 1046 ξίφους,
623 1012 709 1044 οὕτως
736 1013 825 1039 αὐτῶν
844 1013 888 1039 διὰ
906 1013 991 1048 πυρὸς

200 1056 261 1091 Θεῷ
275 1055 313 1091 τῷ
332 1057 502 1092 σαρχωθέντι
513 1058 759 1094 προσενεχθέντων,
774 1056 814 1090 οἷς
827 1059 874 1085 καὶ
893 1060 907 1085 ὸ
924 1060 991 1086 Θαυ-

203 1102 305 1136 μαστὸς
332 1103 484 1138 προςετέθη
503 1103 659 1138 Γλυκέριος,
669 1104 762 1138 Ζήνων
776 1113 806 1131 τε
828 1106 842 1132 ό
858 1105 930 1140 ίερδς
945 1105 992 1132 καὶ

201 1147 341 1181 θεόφιλος,
361 1148 401 1175 ἔτι
418 1148 446 1175 δὲ
459 1149 506 1175 σὺν
527 1150 672 1185 Μαρδονίῳ
692 1150 830 1186 Δωρόθεος
854 1151 878 1177 οἱ
896 1151 990 1186 μακά·

203 1202 268 1228 ριοι,
281 1194 369 1230 Ἰνδης
382 1203 411 1220 τε
425 1195 468 1221 καὶ
481 1195 583 1231 Πέτρος
596 1197 703 1231 σύναμα
718 1196 756 1231 τῷ
770 1197 923 1232 Μυγδονίῳ,
945 1197 991 1224 καὶ

203 1240 231 1265 at
246 1241 321 1274 τρεῖς
341 1240 474 1276 παρθένοι
495 1241 614 1276 Ἀγάπη,
630 1243 712 1277 φημὶ,
733 1243 780 1269 καὶ
806 1242 923 1276 Θεοφίλα
943 1244 990 1270 καὶ

202 1285 296 1319 Δόμνα
321 1286 337 1321 ἠ
353 1286 441 1313 πάντα
468 1287 636 1322 περικαλλὴς
661 1289 707 1315 καὶ
722 1288 844 1324 ἀοίδιμος
859 1290 898 1320 είς
911 1289 989 1321 δόξαν

203 1330 324 1365 Χριστοῦ
342 1331 469 1366 ἀληθινοῦ
484 1333 552 1360 Θεοῦ
568 1334 656 1369 ἡμῶν,
717 1335 816 1369 πρέπει
832 1336 907 1362 πᾶσα
922 1335 988 1371 τιμὴ

203 1377 251 1402 καὶ
268 1378 464 1414 προσκύνησις,
482 1379 529 1406 νῦν
548 1381 594 1406 καὶ
609 1380 662 1413 ἀεὶ,
681 1381 728 1407 καὶ
752 1382 791 1412 είς
811 1381 873 1412 τοὺς
887 1382 988 1413 αἰῶνας

202 1422 259 1449 τῶν
274 1424 390 1452 αἰώνων.
413 1425 510 1461 Ἀμήν.

1041 276 1121 304 lerat.
1135 275 1202 302 Nam
1219 281 1331 310 propter
1346 277 1420 303 illius
1440 277 1528 304 zelum
1541 277 1574 303 ad
1591 277 1731 312 pietatem,
1747 279 1826 306 valde

1042 326 1156 349 vexatus
1171 321 1362 355 Maximianus,
1378 322 1472 357 iraque
1489 328 1517 349 et
1532 323 1625 350 furore
1650 323 1742 351 animo
1769 324 1827 358 ple-

1042 375 1104 399 nus,
1122 368 1216 395 multis
1232 367 1342 401 quidem
1360 368 1504 395 tormentis
1522 376 1585 394 eum
1616 370 1693 403 prius
1711 375 1828 396 conatur

1042 414 1154 440 omnino
1171 413 1308 440 abdttcere
1329 421 1344 440 a
1358 414 1542 441 confessione.
1568 414 1635 441 Cum
1666 420 1757 441 autem
1783 415 1828 442 ille

1042 460 1160 494 punictts
1172 463 1245 487 esset
1253 459 1389 490 defessus.
1403 468 1469 487 ense
1485 465 1599 487 mortem
1612 460 1693 487 alteri
1705 461 1826 488 athletae.

1042 504 1119 532 Licet
1149 512 1215 531 vero
1242 505 1268 531 in
1296 513 1394 532 manus
1416 505 1550 532 sumendo
1584 505 1643 540 ejus
1675 505 1828 537 histeriam,

1042 551 1133 578 omnia
1145 551 1181 578 ad
1198 551 1310 578 verbum
1322 559 1492 586 percurrere.

1078 642 1208 670 XXXVII.
1230 641 1278 669 llis
1291 643 1376 669 veluti
1396 643 1560 676 quibusdam
1575 647 1654 668 astris
1667 641 1828 669 Nicomedia

1044 696 1171 723 magnum
1185 688 1392 723 jucundumque
1407 693 1435 715 et
1449 693 1555 723 gratum
1571 688 1674 715 emittit
1698 687 1828 722 splendo-

1043 742 1109 765 rem,
1129 738 1156 761 et
1170 735 1257 767 majus
1270 742 1304 761 ex
1320 734 1360 762 eis
1372 739 1564 761 ornamentum
1579 735 1689 769 accipit.
1707 741 1788 768 quam
1798 741 1830 761 ex

1043 788 1122 813 auro,
1136 785 1163 807 et
1179 781 1305 815 gemmis,
1317 786 1345 807 et
1357 788 1389 808 ex
1406 781 1620 815 margaritarum
1647 780 1785 806 nitoribus
1798 788 1831 808 ac

1043 826 1257 862 Iplendoribus;
1293 826 1340 861 qui
1365 831 1430 853 sunt
1454 827 1565 860 quidem
1593 834 1707 853 ttumero
1734 826 1830 860 viginti

1045 873 1148 906 millia;
1165 877 1228 900 sunt
1239 878 1332 900 autem
1348 873 1373 900 in
1390 874 1474 901 choro
1491 878 1641 908 martyrum
1654 872 1830 900 multitudine

1044 924 1072 947 et
1090 919 1297 954 pulchritudine
1325 919 1456 955 insignes.
1472 919 1595 952 Quorum
1613 919 1752 953 peragitur
1768 926 1830 946 me-

1044 967 1130 993 moria
1146 974 1200 993 uno
1214 967 1258 994 die
1274 971 1334 1000 post
1352 967 1454 994 Christi
1481 966 1614 999 Natalem,
1642 971 1706 992 ante
1730 965 1830 992 festum

1043 1013 1205 1045 lulantium,
1218 1019 1248 1039 ut
1260 1013 1318 1047 qui,
1331 1013 1469 1047 quomodo
1484 1013 1521 1039 illi
1539 1019 1615 1043 ense,
1628 1011 1664 1038 ita
1681 1011 1763 1038 etiam
1781 1012 1831 1046 ipsi

1045 1059 1106 1094 igne
1121 1059 1247 1093 Deo,qui
1266 1066 1378 1086 carnem
1391 1058 1490 1090 induit,
1514 1062 1579 1085 sunt
1605 1057 1698 1084 ohlati.
1725 1057 1831 1090 Quibus

1045 1105 1127 1132 etiam
1141 1105 1259 1131 accessit
1279 1104 1452 1131 admirabilis
1479 1104 1631 1139 Glycerius,
1644 1108 1672 1130 et
1687 1110 1832 1130 sacrosan-

1044 1155 1106 1177 cttts
1119 1150 1202 1181 Zeno,
1230 1155 1258 1177 et
1281 1149 1468 1184 Theophilus:
1496 1154 1626 1184 praeterea
1653 1153 1743 1175 autem
1768 1155 1831 1174 eum

1043 1195 1185 1223 Mardonio
1200 1195 1365 1227 Dorotheus.
1377 1201 1406 1222 et
1420 1195 1493 1222 beati
1508 1194 1584 1221 ludes
1596 1200 1624 1222 et
1639 1195 1733 1222 Petrus
1749 1194 1831 1221 simul

1043 1250 1105 1269 cum
1120 1242 1277 1276 Mygdonio,
1290 1246 1316 1269 et
1345 1245 1401 1268 tres
1420 1241 1551 1276 virgines,
1577 1240 1679 1274 Δίωνα,
1709 1239 1830 1274 inquam,

1043 1293 1070 1315 et
1086 1288 1248 1322 Theophila,
1271 1293 1299 1315 et
1322 1288 1435 1319 Dnmna,
1454 1296 1513 1322 quae
1527 1293 1586 1314 erat
1602 1287 1680 1320 longe
1700 1287 1830 1320 pulcher.

1044 1335 1124 1367 rima,
1145 1342 1172 1362 et
1195 1336 1312 1362 maxime
1334 1335 1502 1366 veneranda,
1528 1334 1560 1361 ad
1591 1334 1704 1369 gloriam
1729 1332 1830 1360 Chriin

1041 1382 1100 1409 veri
1115 1382 1162 1408 Dei
1181 1382 1278 1412 nostri,
1296 1389 1377 1416 quem
1400 1381 1479 1407 decet
1505 1380 1595 1407 omnis
1622 1380 1717 1414 gloria,
1739 1379 1828 1405 honor

1040 1432 1068 1455 et
1084 1428 1220 1460 adoratio,
1239 1436 1310 1455 nunc
1332 1433 1361 1455 et
1381 1427 1409 1454 in
1425 1428 1523 1455 saecula
1541 1427 1716 1453 szeculnrum.
1731 1426 1830 1453 Amen.

204 1496 1823 1522 Μ

629 1573 1193 1651 SUPPLEMEN
1201 1574 1430 1650 TUM.

196 1689 242 1720 Ut
259 1688 352 1719 ﬁdem
373 1688 548 1729 liberemus
561 1697 656 1729 quam
673 1692 758 1719 temo
774 1689 949 1728 superiori.
967 1689 1026 1720 eoi.
1045 1691 1133 1725 1031,
1152 1688 1311 1722 dedimus.
1329 1688 1493 1729 corodinis
1511 1689 1578 1719 vice
1599 1688 1820 1729 subnectimus

242 1731 320 1759 Acta
339 1728 539 1759 celeberrimi
556 1728 639 1766 apud
657 1729 782 1759 Graecos
798 1729 945 1768 martyris
960 1730 1128 1766 Demetrii,
1147 1729 1290 1760 Cornelii
1311 1728 1401 1767 Byei,
1420 1728 1498 1759 socii
1511 1728 1724 1765 Bollandiani,
1743 1736 1829 1758 com-

250 1768 421 1799 mentariis
437 1768 607 1799 illustrant.
625 1769 714 1798 Enn.

514 1918 604 1972 DE
645 1917 704 1973 S.
755 1917 1129 1973 DEMETRIO
1177 1915 1524 1974 MARTYRE

698 2008 1014 2039 TIlESSALONICJE
1037 2009 1076 2039 IN
1101 2009 1343 2040 MACEDONIA

821 2071 926 2110 (ANNO
949 2079 1095 2102 cmcnsn
1114 2072 1217 2111 cccvr)

353 2142 640 2190 CORNELII
681 2145 820 2190 BYEI
869 2144 1350 2190 COMMENTARIUS
1389 2147 1688 2193 PRZEVIUS.

668 2220 745 2249 (Acta
758 2220 803 2245 SS.
819 2220 931 2245 Bolland.
942 2221 972 2245 ad
989 2220 1055 2246 diem
1070 2220 1086 2245 8
1102 2219 1225 2250 Octobris,
1246 2224 1304 2245 tom.
1316 2221 1369 2253 IV.)

203 2320 217 2356 ᾗ
236 2320 258 2348 1.
275 2318 446 2354 Multiplicia,
463 2327 521 2353 qua
544 2318 576 2346 de
586 2317 631 2356 Δ8.
655 2317 787 2345 Demetrio
810 2318 989 2352 reperiuntur,
1006 2326 1027 2353 α
1045 2320 1087 2348 vel
1105 2320 1225 2355 denique
1241 2320 1383 2352 miraculaI
1402 2327 1462 2354 quae
1488 2327 1587 2354 magno
1605 2329 1721 2348 numero
1738 2326 1830 2356 patra.

307 2353 420 2391 scripta.
434 2356 567 2390 prwcipuc
580 2353 687 2386 σταται,
703 2361 887 2380 recensentur.

242 2414 268 2440 Ι.
282 2413 415 2440 Sanctum
440 2413 515 2440 htmc
538 2417 698 2448 martyrem,
717 2419 798 2446 quem
817 2411 994 2446 μεγαλομάρ-

204 2468 286 2494 cupa,
296 2460 321 2486 id
333 2464 384 2490 est.
393 2467 518 2494 magnum
528 2463 683 2493 martyrem,
694 2463 806 2490 vocant,
816 2458 994 2493 pluribusque

204 2506 494 2535 honoriﬁcentissimis
515 2506 619 2537 titulis,
644 2505 714 2532 infra
734 2513 784 2532 suo
807 2505 869 2532 loco
891 2512 995 2532 metuo-

204 2554 317 2586 randis,
342 2553 427 2580 Grteei
453 2552 553 2587 passim
582 2552 788 2582 eondeeorant.
812 2551 898 2578 fuisse
920 2550 992 2585 apud

203 2601 289 2628 hosce
307 2599 407 2633 insigni
423 2598 503 2632 plane
520 2602 578 2624 tum
592 2598 781 2629 veneratione,
797 2602 854 2624 tum
870 2598 994 2625 nominis

205 2647 365 2675 celebritate
379 2645 511 2681 gavisum,
531 2644 572 2671 vel
589 2644 647 2671 sola
672 2643 853 2678 multiplicia,
879 2652 941 2679 quae.
964 2645 992 2671 in

205 2693 435 2721 bibliothecarum
453 2690 552 2718 forulis
571 2690 707 2724 hodieque
723 2691 913 2725 reperiuntur,
928 2699 991 2726 par-

206 2741 310 2775 timque
325 2739 407 2766 etiam
420 2737 454 2765 ad
470 2745 568 2764 manus
580 2741 687 2764 nostras
700 2732 860 2771 pervenere.
875 2738 990 2772 antiqua

205 2787 307 2814 diversi
326 2785 436 2820 generis
463 2784 563 2818 scripta
580 2783 683 2816 Greca,
701 2790 844 2810 sermones
866 2784 995 2811 videlicet

207 2839 255 2858 seu
280 2831 410 2864 homiliae,
434 2830 571 2857 orationes
594 2829 764 2864 panegyricus
781 2837 828 2856 seu
847 2830 972 2856 eneomia
986 2850 993 2862 ,

207 2878 315 2912 aliaque
331 2878 476 2913 opuscula,
492 2877 593 2912 quibus
605 2876 646 2903 vel
660 2876 776 2911 ipsemet
793 2875 821 2903 S.
837 2876 993 2904 Demetrius

209 2922 375 2957 celebratur,
392 2923 434 2952 vel
453 2921 625 2957 martyrium,
639 2921 713 2957 quod
725 2920 819 2955 subiit,
833 2921 992 2957 exponitur,

1043 2367 1093 2398 vit,
1106 2372 1265 2399 narrantur,
1282 2368 1348 2394 satis
1364 2374 1502 2401 superque
1518 2368 1678 2394 ostendunt.
1692 2368 1727 2395 Ut
1740 2369 1765 2396 id
1783 2377 1831 2403 pa‘

1043 2414 1096 2440 lam
1113 2413 1170 2445 ﬁat,
1187 2417 1272 2447 utque
1293 2413 1374 2440 simul
1388 2433 1395 2444 .
1413 2421 1473 2448 quae
1487 2421 1519 2440 ac
1537 2415 1627 2448 qualia
1643 2415 1780 2449 hodieque
1796 2416 1830 2443 de

1045 2459 1146 2487 Sancto
1170 2465 1348 2487 monumenta
1376 2460 1509 2487 litteraria
1533 2462 1691 2495 supersint.
1717 2463 1750 2489 ab
1771 2462 1830 2497 ipso

1044 2506 1137 2533 statim
1157 2506 1363 2538 commentarii,
1382 2507 1409 2533 in
1433 2514 1489 2541 quo
1506 2514 1560 2533 non
1578 2515 1662 2541 pauca
1679 2516 1710 2534 ex
1727 2509 1769 2535 his
1784 2513 1832 2535 aut

1043 2552 1221 2586 expendenda
1236 2557 1282 2579 aut
1300 2553 1361 2579 usui
1383 2553 1479 2580 saltem
1505 2557 1645 2587 utcunque
1662 2559 1744 2581 erunt
1756 2574 1763 2586 ,
1779 2554 1832 2581 ini-

1045 2598 1083 2626 tio
1095 2599 1248 2626 studiosum
1264 2599 1394 2626 lectorem
1408 2599 1551 2631 edoceam,
1565 2600 1666 2635 scripta
1682 2601 1725 2627 illa
1738 2601 1831 2630 omnia

1043 2653 1076 2672 ac
1093 2645 1199 2680 singula
1212 2665 1218 2677 ,
1240 2653 1357 2680 quorum
1373 2646 1517 2680 acquirere
1543 2647 1765 2681 qualemcunque
1782 2655 1831 2675 no-

1045 2691 1132 2717 titiam
1144 2691 1256 2726 quivi,§
1273 2691 1400 2726 praesenti
1418 2699 1560 2724 recenseo,
1576 2693 1703 2726 sequenti
1718 2693 1828 2726 deinde,

1046 2744 1171 2771 quaenam
1188 2744 1221 2764 ex
1237 2737 1280 2764 his
1296 2736 1406 2764 edenda
1430 2737 1503 2769 siut,
1519 2738 1706 2772 expositurus,
1723 2738 1832 2766 additu-

1047 2790 1148 2817 rusque
1165 2783 1258 2815 etiam,
1272 2791 1334 2818 quae
1351 2783 1391 2810 vel
1413 2788 1508 2818 aperte
1521 2785 1647 2818 prodant,
1665 2790 1713 2812 aut
1732 2785 1831 2812 saltem

1048 2830 1165 2857 collecta
1181 2837 1299 2864 pronutn
1311 2828 1442 2860 eﬂieiant.
1454 2835 1556 2864 quanta
1572 2837 1686 2864 quaeque
1700 2839 1730 2857 ac
1745 2831 1832 2858 maxi-

1045 2883 1089 2902 me
1105 2882 1137 2902 ea
1151 2883 1212 2911 quae
1235 2876 1306 2911 typis
1331 2875 1502 2910 subjicienda
1525 2875 1625 2907 dicam.
1646 2876 1767 2910 polleant
1784 2883 1831 2903 seu

1046 2921 1098 2951 title
1116 2929 1165 2951 seu
1179 2922 1352 2950 auctoritate.
1370 2921 1412 2950 Ab
1430 2922 1568 2958 opusculis
1594 2929 1642 2950 seu
1664 2921 1830 2951 lneulrrativr
