2049 3151
240 161 310 194 1038

908 155 1235 186 SUi’l‘LEMENTUM.

1808 153 1884 188 1034

240 219 332 248 nibus,
353 215 452 252 quibus
468 213 509 241 vel
529 212 646 240 Sanetus
667 211 725 246 ipse
744 211 786 238 vel
813 211 947 238 miracula
968 219 1029 246 qua:
1046 216 1066 243 Α
1084 212 1166 239 hisce
1179 211 1283 244 verbis,
1299 211 1371 245 "Ep;
1387 211 1400 236 ὁ
1420 211 1555 246 σωτήριῡς
1571 211 1659 245 λόγος,
1675 211 1782 246 incipit,
1795 218 1883 248 atque

211 270 215 276 -
244 263 373 298 patravit,
390 260 579 291 celebramur,
597 258 668 286 duco
684 257 804 285 initium.

275 310 302 336 ἓ.
319 308 373 334 Leo
382 305 498 333 Allatius
513 305 550 331 De
565 303 716 331 Simeonum
731 303 836 338 Scriptis
860 303 927 330 tales
939 303 1034 330 decem

240 356 381 386 diversas,
407 359 524 387 quarum
552 352 639 385 prima
657 349 832 377 Philotheum
849 349 1034 384 patriam-ham

241 397 581 434 Constantinopolitanum
596 417 602 428 ,
623 396 744 423 secunda
762 395 931 422 Demetrium
943 395 1034 430 Chry-

220 446 223 449 ’
241 448 372 478 solum"),
392 446 484 475 tertia,
498 448 595 479 quarta
609 448 637 470 et
651 443 767 477 septima
781 442 900 469 Leonem
915 442 1034 476 impera-

242 501 342 524 torem.
356 496 538 528 cognomento
554 490 724 524 Sapientem,
738 489 836 523 quinta
852 496 1032 524 anonymum,

242 548 318 569 sexta
334 541 467 568 Joannem
488 537 663 565 Stauracium
688 535 930 570 chariophylacem
947 536 1035 563 Thes-

243 588 445 616 salonicensem
461 606 468 617 ,
484 589 579 612 octava
604 584 737 611 Joannem
755 582 1031 609 Thessalonicensem

243 635 415 670 episcopum,
434 639 504 659 nona
523 630 684 665 Gregorium
704 629 862 661 diaconum,
880 637 911 656 ac
927 629 1035 656 decima

244 681 363 715 denique
386 679 527 706 Nicolaum
552 676 705 704 Cabasilam
742 675 843 702 habeat
870 680 1033 707 auctorem,

243 735 322 764 pagg.
339 726 384 759 85,
399 725 443 758 9ι,
460 725 504 756 96,
518 723 562 755 97,
577 722 638 755 102,
654 723 716 753 105,
729 722 780 750 105
795 727 823 749 et
837 723 886 749 l07
898 726 1034 750 recenset.

244 774 388 804 Fabricius
405 773 431 800 in
450 772 611 799 Bibliotheca
629 769 720 797 (ἔπεσα
734 769 809 796 hisce
825 773 970 804 praeterea,
984 768 1037 795 ibi-

243 822 306 849 dem
321 821 403 848 etiam
418 827 432 847 a
445 826 505 846 sese
517 823 585 845 tom.
600 817 642 849 Vl,
657 824 719 851 pag.
736 816 786 842 521
801 819 827 842 et
840 823 912 850 seq..
925 819 952 842 et
967 820 1034 842 tom.

245 869 292 902 IX,
308 876 370 903 pag.
387 867 418 894 71
434 871 461 893 et
476 874 533 899 seq.
545 863 721 895 enumeratis,
736 863 804 890 alias
819 867 937 897 quatuor
949 871 1037 898 gene-

244 915 283 942 ris
297 914 421 949 cjusdem
437 911 657 941 lucubrationes,
670 917 786 945 quarum
796 910 885 944 prima
902 917 918 936 a
932 910 1037 944 Grego-

244 962 286 988 rio
298 959 417 992 Palama,
430 957 637 992 archiepiscopo
651 955 901 988 Thessalonicensi,
914 956 1038 983 secunda

243 1014 258 1034 a
273 1006 379 1038 Nieeta,
392 1004 598 1039 archiepiscopo
613 1001 706 1029 itidem
720 1001 968 1034 'l‘hessalonicensi,
984 1007 1039 1029 ter-

244 1055 336 1088 tiaquc
353 1055 380 1078 et
396 1055 494 1087 quarta
521 1049 555 1077 ab
580 1049 725 1085 anonymis
749 1048 833 1076 fuerit
849 1049 1014 1076 concinnata
1029 1069 1036 1080 ,

244 1097 391 1133 posteriori
406 1105 421 1124 e
440 1096 514 1124 binis
530 1095 656 1130 proxime
671 1095 752 1122 dictis
770 1094 851 1121 tomis
865 1102 927 1129 pag.
941 1094 1036 1121 itidem

245 1145 369 1180 proxime
387 1143 433 1172 cit.
453 1149 481 1170 et
499 1151 558 1177 seq.
585 1141 719 1177 adiungit.
734 1142 772 1168 Ac
786 1141 910 1175 apprime
924 1139 1036 1176 quidem

244 1193 364 1219 Leonem
377 1191 509 1218 Allatium
528 1189 599 1216 inter
615 1193 641 1216 et
656 1188 810 1215 Fabricium
826 1188 852 1214 in
867 1188 1037 1216 lucubratio-

245 1246 319 1270 num,
335 1245 403 1272 quas
417 1236 497 1263 ambo
510 1240 665 1265 recensent,
683 1234 846 1261 auctoribus
860 1234 1033 1269 assignandis

242 1283 388 1314 convenit;
416 1290 511 1308 verum
540 1286 596 1308 tum
627 1288 687 1315 quae
715 1280 810 1314 incipit
831 1280 1038 1314 Μιριανὸςξτις

243 1331 313 1365 ἀνὴρ
343 1329 397 1355 τῶν
427 1328 555 1362 ἐνγένει,
580 1331 781 1361 postrcmarum
811 1331 941 1361 quatuor,
970 1335 1038 1362 quas

245 1376 322 1402 solus
347 1374 492 1401 Fabricius
519 1377 655 1404 recenset,
686 1372 910 1400 lucubrationum
936 1373 1037 1406 tertia,

244 1427 302 1449 tum
319 1429 380 1456 quze
392 1420 498 1454 incipit,
513 1419 617 1453 Καιρὶς
634 1418 661 1444 δὲ
675 1418 780 1449 λοιπόν,
795 1419 890 1446 decem
901 1419 1037 1454 priorum,

245 1475 314 1502 quas
333 1471 362 1493 et
377 1466 421 1492 hic
434 1470 461 1493 et
475 1465 591 1492 Allatius
609 1469 840 1496 conmemorant,
863 1465 1038 1493 lucubratio-

246 1522 312 1541 nutn
328 1512 424 1548 quinta
438 1512 543 1539 auctori
563 1519 699 1546 anonymo
713 1519 856 1546 perperam
875 1513 1035 1540 ascribitur:

1086 258 1120 285 ab
1137 258 1239 285 Allatio
1254 263 1282 285 et
1293 257 1420 284 Fabricio
1433 257 1518 284 Leoni
1532 257 1690 292 imperatori
1709 258 1882 287 ascribitur.

1085 303 1243 330 lucubratio
1272 302 1371 331 Joanni
1399 302 1642 331 Thessalonicensi
1668 304 1884 339 archiepiscopo

1087 349 1190 376 diserte
1204 350 1248 376 hic
1266 349 1439 376 attribuitur.

1122 419 1148 445 4.
1165 417 1266 444 Verum
1280 417 1307 444 in
1324 417 1406 445 allato
1421 418 1537 446 elenche
1553 426 1607 446 non
1632 427 1718 446 unum
1744 418 1884 447 duntaxat

1087 467 1210 491 erratum
1228 463 1328 498 cubat;
1347 472 1378 491 ac
1393 465 1483 499 primo
1499 465 1611 499 quidem
1629 465 1798 498 lucubratio,
1818 475 1884 502 quae

1087 511 1115 537 in
1131 511 1183 538 hoc
1201 511 1294 538 Sancti
1311 511 1473 547 martyrium
1489 512 1612 546 proxime
1636 513 1751 547 excipit,
1778 522 1885 541 secun-

1087 557 1178 592 doque
1195 557 1256 585 loco
1271 563 1434 589 memorata,
1449 558 1501 586 alia
1519 566 1574 586 non
1589 564 1642 591 est,
1659 567 1742 594 quam
1754 568 1769 586 e
1784 560 1884 587 decem

1087 611 1171 638 supra
1185 604 1329 631 recensitis
1342 595 1586 633 lucubrationibus
1601 605 1743 640 prioribus
1760 611 1859 633 octava
1877 627 1884 639 ,

1087 649 1170 676 vitam
1185 649 1271 677 sancti
1287 649 1417 677 Demetrii
1435 657 1488 677 una
1505 658 1568 678 eum
1587 650 1710 685 ejusdem
1727 652 1883 683 miraculis,

1089 695 1129 722 uti
1150 696 1178 722 in
1191 695 1307 723 eleneho
1319 696 1467 728 indicatur,
1481 705 1534 724 non
1548 697 1752 732 complectitur,
1767 698 1814 726 sed
1829 707 1885 726 una

1088 749 1150 768 eum
1166 741 1252 775 hisce,
1264 743 1497 778 quemadmodum
1510 745 1651 778 przefalum
1669 745 1803 778 codicem,
1817 746 1886 772 olim

1088 787 1291 820 Mazarinzeum,
1310 797 1383 816 nunc
1409 789 1527 824 regium,
1550 790 1703 818 evolvendo
1725 791 1819 824 didici,
1837 800 1887 826 pa—

1089 834 1244 869 negyricam
1259 834 1403 867 duntaxat,
1416 843 1477 870 qua:
1489 836 1656 871 prazfationis
1666 837 1885 872 quodammodo,

1090 880 1229 907 miraculis
1244 882 1392 915 praemissa:
1404 903 1411 913 ,
1429 881 1519 908 locum
1539 886 1633 915 tenet,
1652 883 1809 910 orationem
1824 904 1830 916 ,
1858 884 1885 911 in

1092 926 1138 953 Dei
1152 931 1179 954 et
1193 927 1282 954 sancti
1296 927 1438 961 Demetrii,
1451 928 1534 955 nullis
1546 935 1670 963 prorsus,
1681 938 1742 964 quin
1753 929 1786 956 ad
1800 930 1885 965 hujus

1092 973 1176 999 vitam
1209 973 1405 1009 martyriumve
1431 979 1575 1008 spectent,
1601 975 1814 1010 particularibus
1833 985 1884 1003 seu

1092 1019 1172 1047 factis
1192 1027 1240 1047 seu
1256 1019 1395 1054 adjunctis
1411 1020 1438 1046 in
1466 1020 1587 1047 medimn
1606 1021 1745 1054 adductis,
1762 1022 1883 1057 elogium

1089 1071 1263 1101 contextam;
1280 1066 1381 1094 deinde
1405 1072 1497 1094 autem
1517 1067 1614 1094 eadem
1637 1068 1806 1100 lucubratio,
1823 1077 1883 1104 qua:

1089 1118 1250 1148 sequentem
1267 1113 1341 1140 hunc
1356 1113 1478 1147 titulum,
1495 1114 1548 1140 Τοῦ
1568 1114 1647 1149 ἁγίου
1669 1115 1792 1142 Ἰωάννου
1806 1116 1881 1150 ἀρβ-

1089 1159 1242 1185 επισκόπου
1259 1158 1463 1194 Θεσσαλονίκης
1489 1159 1574 1194 ὕμνος
1601 1161 1640 1192 εἰς
1669 1160 1736 1186 Θεὸν
1767 1162 1814 1188 καὶ
1840 1163 1884 1188 τὶν

1090 1204 1253 1237 πανένδοξον
1271 1204 1422 1239 ἀθλοφόρον
1442 1206 1600 1240 Δημήτριον
1625 1207 1654 1232 ὲν
1671 1208 1773 1242 μερικῇ
1789 1208 1878 1243 διηγῇ.

1091 1259 1132 1277 σει
1155 1250 1210 1276 τῶν
1235 1251 1395 1286 θαυμάτων,
1414 1261 1423 1278 ι
1449 1251 1542 1279 Sancti
1566 1251 1692 1286 Joannis,
1705 1253 1883 1282 Thessaloni-

1089 1297 1181 1324 censis
1198 1297 1411 1334 archiepiscopi,
1436 1299 1462 1326 in
1491 1299 1577 1326 Deutn
1596 1305 1625 1327 et
1651 1300 1883 1335 gloriosissimum

1089 1343 1222 1370 victorem
1240 1344 1410 1372 Demetrium
1423 1353 1486 1373 cum
1507 1347 1668 1381 partieulari
1685 1348 1882 1376 miraculorum

1090 1391 1248 1418 narratione
1262 1391 1410 1425 laudatio,»
1423 1393 1450 1419 in
1462 1387 1551 1428 capite
1563 1394 1685 1429 praefert,
1700 1400 1787 1423 totum
1803 1404 1882 1432 pror-

1089 1444 1136 1464 sus
1151 1437 1282 1471 spatium,
1298 1438 1326 1464 in
1350 1439 1462 1466 laudato
1478 1440 1575 1468 codice
1588 1441 1654 1468 olim
1670 1441 1846 1474 Mazarinaeo,
1868 1451 1883 1470 e

1091 1490 1146 1517 quo
1162 1483 1280 1510 subinde
1303 1484 1398 1511 folium
1423 1493 1508 1513 unum
1531 1487 1702 1520 alterumve,
1720 1490 1882 1524 paginarum

1091 1533 1194 1563 tamen,
1209 1530 1281 1565 quod
1296 1531 1345 1558 has
1362 1539 1415 1558 non
1433 1533 1522 1567 prius,
1537 1541 1619 1568 quam
1639 1534 1741 1561 factum
1758 1535 1784 1562 id
1797 1541 1882 1567 esset,

409 1559 413 1564 .
477 1559 482 1564 .
621 1558 623 1562 .
745 1558 751 1564 .
797 1558 801 1564 .
1187 1558 1193 1563 .
1218 1558 1224 1565 .
1433 1558 1442 1567 ,
1469 1558 1522 1565 ..-,
1540 1558 1619 1568 τη...
1639 1558 1741 1561 ._--e...
1759 1558 1784 1562 ,ν
1799 1558 1882 1567 cur,

244 1561 360 1595 incepta:
371 1567 444 1615 cun."
457 1559 533 1615 hlsfe
549 1558 652 1615 verius,
668 1558 773 1615 invio;
791 1559 871 1593 ἔργου
886 1568 913 1615 ΤΞ
930 1560 977 1586 κλὶ
991 1560 1035 1586 λό’
1052 1571 1073 1600 c
1091 1578 1179 1604 "mari
1199 1577 1344 1612 contigerit
1357 1598 1364 1610 ,
1383 1579 1453 1606 serie
1479 1588 1535 1607 non
1563 1580 1714 1615 interrupta
1728 1601 1736 1613 ,
1752 1586 1794 1608 lest
1809 1582 1882 1609 exci-

243 1616 305 1640 γθυ,
317 1606 477 1633 earumdem
492 1605 587 1632 decem
605 1605 827 1632 lucubrationum
851 1612 964 1635 oetavzc.
977 1614 1037 1641 qua:

241 1651 375 1679 Joannem
399 1650 673 1678 Thessalonicensem
699 1651 950 1684 habetauctorcm,
972 1661 1037 1687 par-

244 1703 298 1724 tem
314 1698 448 1724 duntaxat
464 1702 582 1731 utraque
601 1697 756 1724 constituit.

280 1745 308 1770 5.
325 1743 425 1770 Adhatc
439 1744 490 1770 erit
507 1743 642 1774 fortassis,
667 1743 722 1775 cui,
746 1751 780 1770 an
801 1743 929 1771 inchoata
958 1745 1035 1773 hisce

244 1788 348 1820 verbis,
374 1789 447 1822 Ἷεῖφη
464 1788 478 1814 ὁ
495 1788 631 1821 σωτήριος
647 1787 725 1821 λόγος
738 1808 745 1821 ,
769 1790 929 1816 earumdem
952 1791 1034 1817 etiatn

245 1835 341 1862 decem
361 1833 484 1868 priorum
502 1832 727 1860 lucubrationum
748 1834 838 1866 tertia,
853 1843 933 1869 quam
954 1836 1035 1864 ambo

245 1882 394 1916 scriptores
407 1880 510 1907 laudati
528 1879 614 1907 Leoni
630 1880 753 1914 Sapienti
771 1880 929 1915 imperatori
952 1883 1034 1909 attri-

246 1929 345 1960 buunt,
359 1934 422 1954 vero
440 1926 523 1953 etiam
541 1928 616 1953 hunc
631 1926 732 1953 habeat
747 1931 898 1960 auctorem,
918 1927 1033 1956 dubium

244 1973 343 2000 elliciet
359 1979 410 1998 IIIS.
427 1971 507 2003 15”,
523 1970 570 2005 qui
592 1970 618 1997 in
645 1970 818 1998 bibliotheca:
845 1972 936 2007 Regina
957 1973 1035 2000 Pari-

243 2018 344 2046 siensis
356 2017 483 2044 codicum
501 2024 566 2043 mss.
584 2016 702 2048 tomoll,
716 2024 789 2044 anno
808 2018 875 2044 1740
893 2019 963 2053 typis
975 2020 1035 2047 vul-

242 2070 317 2100 gato,
333 2063 467 2094 Occurrit,
493 2068 622 2097 totusque
648 2062 683 2090 de
706 2068 802 2090 sancto
822 2063 963 2092 Demetrio
979 2070 1033 2098 est,

243 2111 471 2138 membranaeeus
483 2108 588 2140 saeculi,
610 2113 640 2135 ut
663 2113 785 2143 apparet,
804 2117 841 2141 xu
865 2110 962 2143 codex,
986 2119 1033 2138 seti

244 2157 337 2192 potius
351 2155 587 2186 lucubrationum,
612 2162 673 2188 quae
690 2155 717 2181 in
739 2155 802 2186 hoc,
829 2155 896 2182 olim
921 2156 1034 2184 Mazari-

244 2210 314 2235 meo,
329 2202 519 2232 continentur,
543 2200 677 2228 elenchos
693 2199 795 2227 ibidem
817 2202 1010 2236 suppeditatus
1025 2212 1032 2236 ;

244 2249 287 2276 hic
303 2248 376 2275 enim
391 2247 433 2274 sic
448 2246 531 2273 habet
545 2256 551 2272 :
572 2254 580 2270 ι
596 2245 655 2278 Quo
667 2245 774 2280 (codice
785 2254 883 2282 nempe
898 2248 1034 2276 membra-

242 2302 327 2322 naceo
341 2294 446 2325 Grazco,
475 2293 540 2319 olim
566 2292 750 2326 liburniam.)
767 2295 944 2321 continentur
960 2295 1033 2323 ibe-

242 2340 334 2367 melrii
356 2338 529 2374 martyrium.
548 2338 859 2374 ΙηςὶιιὶιεΜαξιμιανὸς,
877 2341 891 2366 ὁ
906 2342 953 2367 καὶ
970 2342 1032 2376 Ἐρ-

244 2383 361 2413 κούλιος.
387 2383 415 2409 2.
441 2382 571 2417 Ejusdem
602 2382 661 2410 Vita
688 2388 716 2410 et
743 2383 893 2416 miracula,
918 2391 1031 2414 auctore

240 2429 347 2456 Joanne
362 2428 573 2463 archiepiscopo
587 2428 838 2458 Thessalonicensi.
855 2431 882 2457 3.
901 2431 1030 2466 Ejusdem

239 2475 354 2503 Joannis
370 2475 498 2508 Humilia,
515 2483 578 2502 cum
603 2475 676 2502 aedes
694 2475 720 2502 in
736 2476 811 2510 regia
825 2481 918 2504 sancto
936 2479 1031 2506 Deme-

241 2522 294 2548 trio
313 2522 364 2549 luit
378 2525 495 2548 sacrata.
513 2521 631 2556 incipit:
647 2521 722 2556 Ἔφη
734 2523 748 2548 ὁ
758 2523 893 2558 σωτήριος
904 2524 991 2557 λόγος.
1001 2525 1029 2553 4.

241 2568 437 2594 Μὶηιιυιοι-υιη
456 2575 470 2593 a
491 2571 586 2594 sancto
599 2567 738 2595 Demetrio
752 2573 921 2602 patratorum
944 2570 1029 2598 histo~

242 2614 291 2640 ria.
308 2613 408 2648 Incipit
424 2622 430 2640 :
447 2613 541 2639 ’Ἄλλοι
559 2614 607 2647 μὲν
625 2614 693 2641 ἄλλα.
711 2615 766 2640 τῶν
784 2615 831 2640 τοῦ
852 2617 1029 2652 μεγαλομὰρ-

240 2668 332 2694 τυρος.
355 2660 382 2686 5.
401 2660 524 2692 Joannis,
540 2660 795 2688 Thessalonicensis
820 2662 954 2697 episcopi,
975 2663 1030 2691 llo-

243 2705 317 2732 milia
335 2705 364 2732 in
385 2706 494 2732 laudem
510 2707 598 2733 salicti
614 2707 756 2734 Demetrii.
776 2707 895 2742 incipit:
911 2709 1029 2745 Μνήμην

241 2749 346 2775 δικαία)
367 2751 442 2784 (imo
455 2751 586 2784 δικαίων)
605 2753 664 2786 μετ’
682 2753 840 2787 ἐγκωμίων.
860 2754 886 2781 6.
904 2754 1028 2790 Josephi,

214 2812 217 2814 -
243 2793 498 2824 Thessalonicensis
515 2799 727 2833 archiepiscopi,
744 2799 859 2827 llomilia
876 2800 903 2828 in
921 2801 1027 2830 laudem

241 2837 372 2866 Demetrii
386 2841 500 2869 inedita.
513 2843 612 2878 Incipit
625 2845 729 2879 Φαιδρά
745 2846 795 2880 μὲν
811 2846 856 2872 οὖν
870 2848 885 2881 ἠ
904 2849 1028 2882 πανήγυ-

244 2891 296 2919 ρις.
315 2883 388 2912 Finis
407 2886 596 2923 desideratur;
614 2899 622 2916 ι
642 2891 693 2918 ista
707 2896 798 2918 autem
817 2893 898 2927 dictu,
917 2902 977 2928 qutt-
993 2895 1027 2924 ab

1090 1630 1160 1656 sum,
1175 1623 1246 1651 inter
1260 1625 1401 1660 inceptum
1416 1626 1466 1653 abs
1483 1625 1559 1654 hisce
1573 1627 1675 1659 verbis,
1692 1628 1881 1662 Μαξιμιαιδς.

1091 1671 1104 1695 ὁ
1118 1670 1166 1695 καὶ
1186 1670 1353 1705 Ἑρκοὺλιθς,
1364 1673 1452 1700 sancti
1470 1673 1598 1701 Demetrii
1612 1674 1773 1709 martyrium
1785 1675 1881 1707 etho-

1090 1715 1204 1745 miliam.
1220 1717 1302 1744 tertio
1313 1718 1373 1746 loco
1390 1719 1416 1745 in
1428 1719 1549 1746 adducto
1559 1719 1676 1747 elencho
1686 1725 1879 1751 memoratam,

1090 1763 1275 1797 interecdens,
1301 1770 1383 1799 atque
1404 1774 1417 1792 a
1436 1774 1497 1801 pag.
1518 1766 1550 1793 12
1575 1775 1662 1802 usque
1686 1767 1719 1794 ad
1749 1775 1811 1802 pag.
1826 1767 1851 1794 ‘2-
1865 1769 1882 1794 6

1088 1817 1252 1842 excurrens.
1268 1812 1432 1846 certissime,
1453 1818 1549 1841 contra
1571 1822 1603 1841 ac
1624 1813 1717 1842 dictus
1745 1814 1882 1841 elenehus

1088 1854 1182 1890 exigit,
1199 1863 1253 1883 non
1270 1862 1395 1892 occupat,
1411 1866 1471 1892 seu,
1487 1859 1560 1893 quod
1577 1859 1674 1886 eodem
1691 1859 1800 1893 recidit,
1817 1867 1880 1888 sese

1091 1908 1179 1936 usque
1199 1901 1233 1929 ad
1250 1901 1390 1930 homiliam
1409 1904 1483 1931 illam
1496 1912 1551 1932 non
1567 1905 1700 1933 extendit.

1125 1970 1151 1998 5.
1169 1970 1295 2006 Etenim,
1317 1974 1358 2000 uti
1381 1974 1482 2009 ipsum,
1500 1974 1534 2002 de
1548 1983 1604 2010 quo
1618 1976 1674 2007 hic,
1691 1976 1815 2003 codicem
1837 1976 1880 2003 in.

1088 2017 1214 2051 spicienti
1234 2024 1368 2054 patescet,
1384 2028 1398 2047 a
1416 2028 1478 2056 pag.
1494 2021 1556 2054 155,
1572 2030 1624 2057 qua
1645 2023 1820 2056 terminatur,
1835 2031 1880 2049 us-

1087 2071 1141 2098 que
1157 2064 1190 2091 ad
1209 2073 1270 2100 pag.
1285 2065 1338 2092 εξοθ
1352 2065 1404 2093 sibi
1418 2066 1508 2094 adhuc
1523 2067 1578 2094 duo
1593 2069 1657 2100 alia,
1677 2077 1794 2102 quorum
1811 2070 1880 2096 alte-

1091 2118 1163 2143 rum,
1187 2111 1267 2138 titulo
1279 2111 1362 2139 simul
1375 2117 1403 2139 et
1416 2113 1528 2140 nomine
1540 2115 1662 2142 auctoris
1680 2114 1707 2142 in
1725 2115 1815 2147 capite
1829 2115 1879 2142 de~

1089 2156 1288 2189 stitutum,sex
1308 2158 1416 2185 diversa
1445 2159 1532 2186 sancti
1554 2159 1686 2187 Demetrii
1708 2161 1840 2188 miracula
1864 2170 1878 2187 a

1087 2210 1150 2237 pag.
1168 2204 1217 2230 l55
1232 2211 1317 2239 usque
1329 2205 1363 2231 ad
1377 2205 1431 2232 ἓοὸ
1445 2206 1567 2240 exponit,
1582 2206 1712 2238 alterum,
1725 2209 1806 2235 titulo
1823 2216 1877 2235 non

1053 2251 1071 2277 D
1089 2254 1193 2276 tantum
1207 2254 1235 2277 et
1252 2251 1364 2278 nomine
1379 2252 1500 2279 auctoris
1511 2252 1682 2286 destitutum,
1694 2253 1741 2281 sed
1754 2258 1791 2286 et,
1804 2255 1878 2289 quod

1089 2300 1150 2329 post
1163 2303 1225 2330 pag.
1240 2296 1294 2323 905
1309 2297 1404 2324 folium
1423 2298 1459 2325 sit
1476 2299 1600 2327 excisum
1612 2321 1619 2333 ,
1636 2300 1715 2328 initio
1730 2301 1857 2328 mutilum
1869 2322 1876 2333 ,

1087 2343 1243 2376 quampiam
1261 2342 1295 2369 ad
1315 2344 1404 2370 sancti
1431 2345 1560 2372 Demetrii
1581 2346 1680 2373 festum
1710 2355 1772 2374 cum
1795 2348 1878 2382 spiri-

1089 2388 1158 2415 tuali
1177 2388 1279 2423 potius,
1301 2397 1385 2424 quatit
1403 2391 1538 2426 corporali
1554 2393 1654 2427 gaudio
1678 2393 1875 2430 celebrandum

1087 2433 1272 2461 hortationem
1289 2443 1303 2462 a
1322 2443 1383 2471 pag.
1395 2437 1449 2464 205i
1464 2445 1550 2472 usque
1566 2439 1598 2465 ad
1614 2447 1672 2474 pag.
1689 2439 1742 2467 206
1756 2441 1877 2474 complc-

1085 2479 1179 2511 ctitur,
1200 2482 1332 2515 opuscula
1356 2482 1439 2510 habet
1461 2484 1603 2519 subjecta,
1628 2493 1660 2513 ac
1683 2491 1741 2513 tum
1765 2487 1875 2514 demum

1085 2526 1221 2560 sequitur,
1237 2527 1271 2554 de
1293 2529 1373 2563 cujus
1388 2533 1500 2558 auctore
1517 2531 1561 2558 hic
1577 2532 1762 2567 disputamus,
1783 2534 1876 2560 homi-

1084 2571 1132 2600 lia.
1148 2572 1205 2600 lam
1219 2581 1296 2606 vero,
1312 2583 1374 2602 cum
1394 2575 1422 2602 id
1446 2577 1482 2604 ita
1500 2577 1609 2611 habeat,
1631 2579 1742 2614 haecque
1765 2580 1875 2607 titulum

1084 2624 1256 2653 sequentem,
1283 2621 1336 2648 Τοῦ
1359 2622 1441 2649 αὑτοῦ
1464 2623 1566 2658 ὁμιλία,
1583 2625 1626 2651 ὅτε
1642 2626 1680 2659 τῷ
1694 2625 1810 2661 ἀοιδὶμῳ
1826 2627 1875 2661 τῆς

1084 2665 1226 2697 εὐσεϐείας
1249 2667 1402 2702 ἀγωνίστῇ,
1426 2670 1474 2694 καὶ
1497 2670 1531 2695 τὰ
1547 2670 1661 2705 οὐράνια
1682 2672 1874 2705 περιττολοῦντι

1084 2712 1224 2746 ἀνάκτορα.
1235 2713 1385 2748 Δημητρίῳ
1404 2716 1416 2740 ὁ
1434 2713 1509 2746 οἶκος
1525 2716 1554 2742 ἐν
1571 2718 1626 2746 τοῖς
1640 2717 1788 2751 βῖῖι).εξθι;
1802 2719 1875 2744 ἀνιε-

1086 2758 1172 2792 ρώοη,
1194 2767 1203 2784 ‹
1221 2759 1350 2794 Ejusdem
1376 2761 1499 2794 homilia,
1521 2763 1633 2796 quando
1655 2763 1769 2794 cclcbri,
1792 2764 1875 2792 caele-

1083 2808 1208 2839 stemque
1229 2805 1319 2832 aulam
1345 2807 1450 2834 tenenti
1478 2808 1587 2842 pictatis
1613 2809 1700 2844 pugili
1732 2809 1872 2836 Demetrio

1082 2849 1154 2877 aedes
1169 2850 1196 2876 in
1213 2851 1286 2885 regia
1302 2851 1353 2877 fuit
1371 2858 1531 2880 consecrata
1544 2874 1551 2885 ,
1574 2863 1582 2879 ι
1602 2854 1654 2880 sibi
1682 2853 1781 2880 habeat
1806 2863 1874 2889 pra:-

1083 2898 1177 2931 hxuni,
1196 2905 1251 2925 non
1267 2897 1317 2926 fuit
1329 2907 1403 2933 sane,
1418 2908 1478 2935 cur,
1492 2901 1539 2936 qui
1553 2900 1763 2936 opusculorum,
1777 2901 1802 2928 in
1819 2909 1874 2930 tne-
