2049 3151
159 170 228 204 1085

659 172 690 204 S.
712 169 909 202 DEMETRII
930 169 1131 200 MARTYRIS
1152 169 1258 200 ACTA.

1719 164 1785 197 1086

158 236 265 260 morato
281 231 375 260 codice
392 240 443 260 ms.
462 232 496 261 de
517 237 612 260 sancto
635 232 776 260 Demetrio
802 231 946 260 'contento—
961 235 981 262 Α
999 230 1077 257 scuto
1093 234 1231 264 separato,
1243 229 1322 265 cujus
1337 237 1421 257 unum
1439 238 1526 264 penes
1538 237 1578 256 mc
1592 233 1681 256 exstat
1696 236 1787 255 exem-

158 285 231 309 rum,
251 278 398 306 elenchum
411 279 536 315 digessit,
553 279 824 306 lucubratiunculam
843 279 922 305 istam
935 299 944 311 ,

158 331 219 358 quae
234 331 248 350 a
265 331 326 358 pag.
344 324 398 352 206
410 332 497 360 usque
508 325 540 352 ad
556 333 617 359 pag.
633 325 686 352 208
704 325 837 351 duntaxat
850 332 948 351 excur-

158 369 206 401 rit,
227 369 326 398 Joanni
345 370 583 398 Thessalonicensi
598 371 806 406 archiepiscopo
826 370 947 398 ascribe-

158 421 211 443 ret.
228 415 285 443 lmo
302 424 379 449 vero,
397 424 458 444 cum
473 417 566 444 eadem
582 417 819 444 lucubratiuncula
831 437 838 448 ,
857 417 895 444 uti
912 425 946 444 ex

155 460 212 495 jam
230 461 302 493 dato,
319 469 400 495 quem
423 461 542 496 praefert,
566 463 646 490 titulo
666 463 774 497 liquet,
791 463 825 489 ab
847 462 944 489 eodem

156 511 281 539 auctore,
301 515 315 533 a
331 514 395 542 quo,
408 508 480 542 quod
498 508 621 543 proxime
633 510 658 536 ei
675 509 862 544 praemittitur,
875 517 943 544 opn-

157 553 276 585 sculum,
295 554 407 582 indubie
423 555 458 581 sit
474 560 615 588 contexta,
628 555 752 591 nihilque
769 555 882 583 omnino
897 556 948 583 ob-

157 603 222 631 stet,
239 601 387 634 quominus
414 601 476 635 hoc,
493 607 588 637 utpote
629 603 751 630 auctoris
775 603 888 630 nomine
914 611 947 630 ex

157 645 241 673 dictis
258 646 284 673 in
296 647 391 674 codice
405 649 518 682 pra:fato
534 649 708 681 destitutum,
724 649 809 676 Leoni
825 649 946 685 Sapienti

156 693 334 726 attribuatur,
357 695 423 721 mihi
445 702 521 727 sane,
545 695 580 722 ab
598 695 698 722 illustri
722 696 774 723 hoc
799 697 946 731 scriptore,

156 738 202 765 cui
217 739 251 765 ab
269 739 369 766 Allatio
384 745 412 766 et
436 740 562 767 Fabricio
576 741 734 772 ascribitur,
752 741 837 769 fuisse
862 742 946 769 etiam

156 783 232 811 illam
251 785 422 819 adornatam,
436 786 685 819 verosimillimum,
700 795 733 814 ne
749 788 850 819 dicam,
867 788 948 815 indu-

157 830 235 857 bium
252 837 374 866 apparet.
394 837 421 859 ut
437 833 506 859 adeo
518 833 545 860 in
563 834 690 865 clencho,
707 835 808 869 saepius
821 835 875 870 jam
890 843 947 862 me-

155 881 279 906 morato.
303 878 426 911 Joannis,
447 879 650 914 archiepiscopi
671 879 946 915 Thessalonicensis,

155 923 270 950 nomine
287 931 431 958 perperam
445 925 480 952 sit
494 925 613 960 signata.

192 969 220 996 6.
234 969 334 998 Verum
350 971 400 998 etsi
417 971 443 998 id
462 972 497 999 ita
511 971 556 1005 sit,
572 973 599 1000 in
616 973 714 1000 eodem
730 973 858 1007 equidem
873 974 949 1001 elen-

157 1015 221 1048 cho,
242 1024 302 1051 qua:
317 1017 444 1050 alteram,
461 1017 495 1044 ab
518 1019 561 1045 his
581 1019 684 1052 verbis,
699 1019 792 1045 Ἄλλοι
806 1020 855 1054 μὲν
869 1019 947 1053 ἄλλα,

159 1061 296 1096 inceptam
315 1067 397 1097 atque
413 1071 427 1090 a
445 1071 505 1100 pag.
518 1064 571 1091 208
586 1073 672 1100 usque
686 1066 720 1092 ad
738 1074 800 1102 pag.
813 1066 866 1093 226
883 1075 948 1101 pro-

159 1113 277 1141 tensam,
302 1110 426 1136 auctoris
440 1111 569 1146 anonytni
587 1112 620 1139 de
636 1113 724 1139 sancti
750 1113 880 1140 Demetrii
898 1114 950 1140 mi-

160 1154 261 1182 raculis
271 1155 489 1184 lucubrationem
503 1159 627 1192 proxime
640 1160 754 1194 excipit,
772 1160 885 1188 homilia
899 1168 948 1188 seu

160 1201 264 1235 potius,
284 1207 368 1236 prout
387 1203 414 1228 in
432 1203 522 1234 titulo,
536 1212 617 1238 quem
636 1205 758 1239 praefert,
776 1205 947 1239 inscribitur,

158 1252 318 1275 contextum
336 1248 363 1275 in
378 1250 467 1276 sancti
486 1250 616 1278 Demetrii
632 1252 752 1283 laudem,
770 1253 842 1287 quod
856 1260 871 1279 a
886 1261 948 1288 pag.

158 1293 212 1320 2'26
222 1301 308 1328 usque
320 1294 352 1320 ad
374 1302 435 1330 pag.
455 1295 507 1322 ΞΠ
521 1304 625 1324 versam
645 1298 777 1331 excurrit,
791 1299 948 1326 encomium

158 1340 269 1372 Joanni,
282 1340 521 1369 Thessalonicensi
537 1344 756 1379 archiepiscopo,
771 1349 846 1372 recte
860 1345 948 1372 ascri-

158 1386 244 1419 l-itur,
265 1387 301 1414 uti
322 1391 349 1414 et
369 1387 499 1422 Josepho.
525 1389 768 1418 Thessalonicensi
788 1391 884 1418 itidem
902 1399 948 1418 ar-

158 1431 346 1467 chiepiscopo,
362 1434 434 1460 aliud
447 1434 540 1461 Sancti
557 1436 726 1469 encomium,
737 1437 809 1471 quod
823 1438 948 1465 eneomio

158 1486 222 1506 mox
237 1479 310 1506 dicto
325 1482 449 1514 proxime
472 1481 659 1516 subjungitur,
675 1483 815 1517 quodque,
830 1483 883 1511 line
898 1492 947 1512 ex-

158 1526 258 1554 sistens
274 1527 410 1558 mutilum,
429 1535 445 1554 a
464 1536 525 1562 pag.
550 1528 601 1555 247
620 1537 698 1556 vorsa
720 1538 807 1564 usque
834 1531 868 1557 ad
885 1538 946 1566 pag.

157 1580 266 1599 versam
280 1573 342 1605 255,
357 1573 462 1601 codicis
477 1574 627 1609 smpissime
641 1575 696 1610 jam
723 1576 838 1608 laudati,
861 1585 876 1603 e
892 1584 947 1611 quo

158 1619 264 1653 aliquot
294 1618 338 1645 hic
356 1619 420 1645 folia
451 1619 541 1646 excisa
565 1625 647 1651 sunt,
670 1621 792 1647 ultimam
816 1621 948 1649 duntaxat

157 1664 327 1691 extenditur.
342 1665 430 1698 Atque
447 1665 484 1691 ita
505 1665 586 1692 simul
606 1673 638 1692 ex
657 1665 755 1692 eodem
779 1666 831 1693 hoc
852 1667 948 1694 codice

159 1715 214 1738 tres
232 1715 363 1746 pra-terea
376 1711 454 1743 alias,
467 1719 528 1746 quze
541 1712 583 1738 vel
599 1712 748 1747 ipsummet
761 1712 892 1741 Sanctum
904 1714 948 1741 vel

158 1761 264 1791 patrata
281 1757 360 1784 abeo
376 1757 507 1784 miracula
526 1758 679 1790 celebrant,
693 1764 774 1794 atque
789 1760 835 1787 hic
850 1768 947 1788 recen-

157 1803 251 1830 senda:
269 1803 359 1830 adhuc
377 1804 529 1835 restabant,
552 1804 761 1833 lucubrationes
781 1814 864 1842 supra
880 1815 948 1834 enu-

158 1851 273 1877 meratis
301 1850 442 1878 addendos
473 1851 617 1880 habemus.
647 1853 807 1880 Proximum
832 1860 894 1887 est,
919 1859 949 1882 ut

157 1898 302 1931 opuscula,
315 1898 418 1932 quibus
431 1899 518 1926 sancti
532 1899 661 1927 Demetrii
683 1909 731 1928 seu
743 1901 798 1929 vita
813 1909 860 1929 seu
875 1909 948 1928 mar-

159 1944 262 1978 tyrium
281 1945 439 1979 exponitur,
459 1946 540 1972 modo
556 1947 640 1974 etiam
657 1955 860 1975 rccenscamus.
874 1948 948 1975 Alla-

161 1990 215 2016 tius
228 1989 268 2016 De
296 1989 452 2017 Simeotmm
471 1993 576 2026 scriptis
595 1993 648 2019 duo
672 1993 779 2019 diversa
793 2013 801 2026 ,
830 2002 947 2028 quorum

163 2039 219 2062 tam
234 2043 340 2068 unum,
357 2044 439 2070 quam
455 2036 529 2063 aliud
542 2056 550 2069 ,
565 2038 652 2064 sancti
673 2037 802 2064 Demetrii
819 2039 949 2066 inscribit.

159 2081 333 2115 martyrium,
347 2088 408 2116 pag.
422 2082 472 2109 125
485 2087 512 2109 et
524 2090 584 2117 pag.
600 2083 650 2109 liti
664 2088 797 2110 recenset.
810 2084 946 2116 Primum,

158 2125 233 2160 quod
260 2125 333 2152 inter
356 2131 515 2153 sanctorum
536 2127 622 2160 Vitas,
646 2135 660 2155 a
686 2128 871 2163 Sletaphraste
891 2137 947 2156 non

159 2171 342 2204 conscriptas,
364 2172 458 2205 refert,
486 2174 543 2200 haec
560 2174 655 2205 verba.
672 2175 738 2201 Ὅτε
760 2176 916 2211 Μαξιμῖνος
934 2177 947 2202 ὸ

161 2218 291 2253 βασιλεὺς
306 2220 335 2245 ἐν
352 2221 385 2254 τῇ
404 2220 626 2248 Θεσπαλονικέωι
639 2221 716 2256 διῆγε
731 2223 827 2256 πόλει,
847 2231 945 2250 secun-

998 277 1069 310 plar,
1092 275 1240 302 Bollandus
1255 281 1359 308 noster,
1377 276 1528 304 Laurentio
1546 276 1656 304 Coccho
1673 279 1786 309 rogante

999 327 1179 357 sumptusque
1194 322 1433 354 sulnninistrante,
1447 331 1519 350 anno
1534 323 1601 349 l655
1611 322 1681 357 typis
1695 321 1785 348 Meur-

999 368 1087 395 sianis
1104 368 1294 395 excudendam
1312 369 1436 400 curavit;
1457 369 1529 404 quod
1553 375 1644 396 autem
1662 368 1694 395 ad
1710 368 1784 403 prio-

1001 422 1058 441 rem
1077 419 1192 449 spectat,
1211 415 1280 441 hanc
1294 423 1352 442 esse
1367 420 1434 450 puto
1447 416 1520 442 illam
1540 417 1643 450 ipsam,
1659 423 1719 450 qute
1744 415 1785 442 la-

1001 460 1108 487 tinitate
1126 460 1160 487 ab
1182 460 1328 488 Anastasio
1344 461 1560 488 Bibliothecario
1576 461 1676 488 donata
1699 461 1786 496 piari--

1001 505 1108 540 busque
1127 506 1206 533 libris
1229 514 1294 534 mss.
1323 507 1440 542 aliisque
1464 507 1562 534 deinde
1585 508 1687 534 inserta
1712 508 1788 535 hisce

1001 552 1149 578 inchoatur
1164 552 1276 580 verbis:
1293 563 1302 575 π
1322 554 1389 580 Cum
1406 553 1556 588 imperator
1567 553 1746 580 Maximianus
1759 553 1786 580 in

1001 597 1290 626 Thessalonicensium
1319 599 1428 634 degeret
1458 600 1580 626 civitate.
1607 609 1616 625 ›
1645 601 1682 626 lia
1711 599 1789 626 sedet

1001 645 1151 677 sententia,
1167 645 1240 680 quod
1263 646 1303 673 sic
1329 655 1414 673 unum
1440 647 1566 682 idemque
1587 647 1733 681 utriusque
1752 647 1789 674 sit

1001 690 1121 717 initium.
1148 691 1205 718 Nec
1227 692 1322 723 refert,
1349 692 1422 726 quod
1439 693 1533 720 Graece
1556 692 1628 727 apud
1656 692 1787 719 Allatium

1001 736 1165 771 Μαξιμτνος,
1189 737 1287 765 Latine
1308 739 1380 773 apud
1407 739 1582 766 Anastasiurn
1605 738 1789 767 Maximianus

1001 783 1150 810 scribatur.
1160 783 1346 818 Praeterquam
1361 785 1436 811 enim
1446 785 1519 820 quod
1530 785 1625 812 Graece
1635 785 1790 820 Μαξιμῖνος

1001 835 1051 862 pro
1067 828 1249 863 Μαξιμιανὸς,
1266 831 1308 857 vel
1325 835 1430 862 contra,
1450 839 1505 858 non
1522 838 1585 858 raro
1601 835 1734 865 scriptum
1749 831 1790 858 in-

1001 875 1138 906 veniatur,
1153 875 1469 904 FabricinsBibliothccm
1482 877 1581 904 Cra’cw
1594 881 1661 905 tom.
1673 877 1716 909 IX,
1725 885 1788 913 pag.

966 922 986 950 Β
1002 921 1046 953 7'2,
1069 921 1163 949 laudat
1178 923 1204 949 in
1219 923 1386 950 bibliotheca
1403 924 1572 951 Coisliniana
1597 929 1708 952 exstans
1735 933 1788 951 ms.

1001 966 1068 993 Vitae
1081 974 1128 994 seu
1146 967 1284 995 Passionis
1297 969 1384 996 sancti
1397 969 1536 1000 Demetrii,
1547 969 1642 996 Latine
1658 977 1706 1004 per
1717 971 1789 996 Ana-

1000 1013 1115 1040 stasium
1131 1013 1374 1042 Bibliotheearium
1398 1015 1513 1042 redditae
1525 1035 1532 1047 ,
1554 1015 1677 1043 Graecum
1694 1024 1787 1042 exem-

1001 1060 1070 1094 plar,
1086 1061 1112 1087 in
1128 1069 1182 1097 quo
1206 1070 1261 1089 non
1277 1063 1441 1097 Μαξιμῖνος,
1457 1063 1505 1090 sed
1521 1054 1693 1097 Maittttctvb;
1704 1063 1788 1090 cﬂ'er-

1000 1111 1054 1134 tur.
1068 1108 1123 1135 Nec
1142 1109 1223 1136 aliter
1239 1109 1290 1136 hoc
1310 1117 1410 1136 nomen
1426 1111 1594 1137 exaraturi“
1610 1110 1713 1141 Cra-ca,
1726 1118 1787 1144 quas

1001 1158 1031 1181 et
1046 1155 1073 1181 in
1093 1155 1247 1183 substantia
1266 1161 1294 1184 et
1313 1164 1340 1183 In
1358 1157 1494 1192 adjunctis
1509 1157 1566 1184 fere
1581 1157 1710 1184 omnibus
1723 1164 1786 1184 cum

1001 1200 1192 1229 lucubratione
1205 1202 1396 1235 Anastasiana,
1414 1203 1505 1230 verbis
1524 1203 1588 1230 licet
1606 1203 1640 1230 ab
1655 1203 1705 1230 hac
1718 1203 1788 1229 mul-

1002 1251 1058 1273 tum
1076 1247 1196 1280 diversa,
1213 1250 1336 1283 apprime
1351 1250 1490 1284 congruit,
1508 1250 1639 1277 Demetrii
1656 1250 1786 1277 Passione

1001 1292 1064 1323 alia,
1083 1300 1097 1320 a
1116 1293 1214 1321 Photio
1239 1294 1266 1321 in
1291 1294 1456 1322 bibliotheca
1480 1295 1573 1323 codice
1586 1296 1640 1323 255
1654 1296 1788 1323 exhibita.

1000 1338 1101 1366 Adhzec
1114 1339 1140 1366 in
1154 1341 1284 1368 omnibus
1298 1349 1408 1375 prorsus
1420 1341 1538 1374 Latinis,
1550 1349 1609 1377 qua:
1621 1342 1731 1377 quidem
1747 1342 1786 1368 vi-

1001 1383 1068 1410 dere
1081 1384 1147 1411 mihi
1163 1385 1253 1418 licuit,
1269 1386 1336 1414 Vitta
1346 1395 1395 1421 per
1408 1387 1580 1414 Anastasium
1596 1395 1681 1414 versat
1691 1395 1786 1415 exem-

1001 1429 1125 1464 plaribus
1135 1431 1327 1464 Maximianus,
1343 1440 1397 1460 non
1416 1433 1590 1463 Maximinus.
1607 1433 1750 1460 scribitur.

1036 1476 1063 1502 8.
1082 1475 1134 1503 Sed
1150 1477 1184 1504 de
1203 1485 1231 1504 re
1246 1478 1297 1505 hac
1310 1479 1365 1513 iam
1385 1480 1463 1506 satis.
1478 1480 1580 1506 Praeter
1594 1479 1663 1507 duas
1676 1487 1724 1507 seu
1740 1487 1788 1514 po-

1003 1523 1058 1550 tius
1074 1528 1140 1557 tres,
1153 1532 1184 1552 ea
1201 1525 1318 1558 scilicet,
1329 1534 1410 1560 quant
1427 1535 1441 1554 a
1462 1527 1560 1554 Photio
1587 1528 1711 1555 exhiberi
1726 1536 1788 1556 mox

1001 1571 1106 1603 monui,
1126 1572 1436 1604 annumerata,Gra:cas
1455 1574 1549 1602 Sancti
1564 1575 1638 1601 Vitas
1653 1583 1700 1602 seu
1722 1574 1788 1602 Pas-

1001 1617 1093 1644 siones
1112 1618 1197 1645 altera
1223 1619 1313 1646 adhuc
1329 1619 1422 1647 Grrcea
1448 1621 1542 1647 itidem
1562 1621 1687 1648 inchoata
1711 1621 1788 1649 hisce

999 1662 1103 1695 verbis,
1119 1664 1290 1697 Μαξιμιανὺς
1306 1666 1319 1690 ὀ
1330 1666 1377 1691 καὶ
1393 1665 1550 1696 Ἐρκοὺλιθς
1568 1666 1702 1698 ὑποτάξας
1721 1667 1786 1693 Γάτ-

1001 1709 1075 1743 θους,
1091 1707 1274 1738 bibliothecae
1303 1711 1403 1739 Graecae
1420 1718 1486 1739 tom.
1502 1713 1537 1740 lX
1551 1721 1565 1740 a
1582 1713 1720 1745 Fabricio,
1738 1713 1786 1748 qui

999 1755 1102 1783 ibidem
1114 1757 1181 1784 duas
1191 1758 1298 1792 priores
1311 1766 1342 1785 ex
1352 1759 1452 1785 Allatio
1461 1760 1515 1794 jam
1529 1764 1693 1787 memoratas
1702 1761 1785 1787 etiam

999 1809 1138 1835 recenset.
1161 1812 1222 1839 pag.
1242 1805 1275 1831 72
1292 1805 1436 1838 laudatur,
1457 1805 1615 1841 integraque
1638 1806 1734 1833 eadem
1759 1807 1785 1834 in

999 1849 1094 1876 codice
1110 1849 1173 1876 olim
1188 1850 1360 1882 Mazarinazo,
1379 1851 1479 1886 saepius
1491 1859 1572 1886 supra
1588 1852 1681 1880 citato,
1695 1860 1709 1878 a
1724 1859 1785 1886 pag.

1001 1895 1012 1921 l
1034 1903 1120 1930 usque
1138 1896 1170 1923 ad
1184 1904 1246 1931 pag.
1262 1897 1295 1923 lO
1309 1905 1414 1924 versam
1432 1898 1588 1930 exhibetur,
1606 1898 1644 1925 uti
1657 1903 1684 1924 et
1701 1899 1726 1925 in
1741 1907 1787 1925 co-

999 1942 1060 1970 dice
1075 1948 1169 1970 noslro
1183 1944 1291 1978 signato
1310 1947 1338 1975 )3
1359 1951 1410 1971 ms.
1431 1944 1480 1971 t93
1497 1952 1511 1971 a
1529 1953 1588 1979 pag.
1604 1945 1638 1971 58
1652 1952 1737 1979 usque
1753 1945 1787 1972 ad

1000 1997 1050 2023 pag
1069 1989 1113 2017 42.
1130 1990 1264 2017 (Σίνιδι-ατη
1290 1995 1319 2017 ut
1336 1991 1520 2018 contractiora
1540 1991 1633 2018 Sancti
1647 1991 1744 2026 elogia.
1759 1991 1786 2019 in

999 2035 1190 2062 commentarii
1209 2035 1342 2062 duntaxat
1357 2036 1475 2063 decursu
1488 2057 1494 2067 ,
1511 2037 1532 2063 si
1549 2036 1614 2070 quid
1630 2041 1724 2063 nolatu
1745 2036 1786 2063 di-

999 2089 1082 2116 gnum
1109 2081 1288 2114 contineant,
1316 2082 1359 2109 vel
1390 2083 1596 2110 transcribenda
1623 2083 1663 2110 vel
1688 2083 1785 2110 saltent

999 2128 1250 2157 commemoranda.
1264 2128 1407 2156 brevitatis
1421 2136 1486 2163 ergo
1499 2133 1672 2163 praeteream,
1685 2129 1787 2157 Graecis

1000 2172 1130 2200 Demetrii
1148 2173 1217 2201 Vitis
1235 2174 1291 2209 jam
1314 2175 1483 2202 enumeratis
1498 2175 1621 2202 addenda
1642 2175 1731 2203 adhuc
1746 2180 1787 2203 cst

1001 2219 1134 2254 prolixior
1146 2219 1204 2246 Vita
1220 2219 1315 2247 Latina
1331 2229 1378 2247 scil
1394 2221 1482 2255 potius
1495 2221 1560 2248 Vitre
1576 2221 1686 2253 Grzccze,
1705 2230 1785 2256 quam

160 2265 226 2292 dum
250 2270 355 2299 autem,
381 2266 453 2301 quod
473 2267 550 2294 Actis
569 2274 617 2294 seu
629 2267 712 2299 Vitis,
733 2276 746 2295 a
765 2269 947 2303 Metaphraste
962 2275 987 2305 ι)
1000 2265 1097 2300 priori,
1116 2265 1296 2300 alteriusque,
1311 2274 1392 2301 quam
1409 2268 1553 2302 posteriori
1573 2269 1633 2295 loco
1649 2269 1786 2301 τορνιιευί,

160 2312 307 2345 contextis,
324 2317 459 2345 accenset,
476 2313 620 2348 sequentia
645 2314 749 2345 isthaac.
765 2314 828 2350 Εἶχε
848 2315 897 2350 μὲν
914 2315 948 2341 τὰ

166 2357 312 2391 Ῥωμαίων
329 2358 460 2394 σκῆπτρα
481 2359 653 2394 Μαξιμιανὸς
674 2359 687 2386 ὁ
717 2360 886 2396 Ἐρκούλιος,
899 2369 948 2395 pro

163 2403 245 2431 initio
258 2404 353 2432 habet.

197 2450 224 2476 7.
242 2451 330 2485 Atque
353 2452 423 2479 hanc
440 2452 551 2486 quidem
570 2453 752 2488 posteriorem
777 2453 951 2481 lucubratio-

162 2502 237 2526 ncm,
252 2503 323 2529 quae,
341 2504 355 2523 a
374 2496 524 2531 Lipomano
546 2498 574 2524 in
599 2498 718 2532 linguam
743 2499 868 2526 Latinam
893 2498 949 2534 pri-

162 2547 237 2569 mum
252 2549 395 2574 conversa,
419 2548 496 2570 sexto
517 2544 654 2576 ‘Vitarum,
680 2544 829 2572 Latinitate
849 2546 883 2572 ab
915 2553 950 2573 eo

162 2587 338 2619 donatarum,
358 2594 432 2615 tomo
444 2588 478 2615 ad
497 2589 531 2616 26
551 2589 677 2618 Octobris
688 2591 772 2622 diem,
788 2596 882 2618 sancto
896 2591 949 2618 De-

163 2635 262 2662 metrio
284 2635 356 2670 apud
381 2635 490 2662 Graecos
507 2642 628 2667 sacrum,
645 2636 697 2662 fuit
720 2638 834 2669 inserta,
850 2637 950 2666 Surius

163 2681 302 2708 deindein
317 2681 450 2712 Vitarum,
465 2689 545 2716 quam
562 2682 730 2716 compilavit,
745 2683 948 2717 collectionem,

163 2727 239 2753 nulla
255 2727 369 2754 omnino
386 2727 412 2754 in
430 2726 572 2761 Lipomani
590 2727 846 2762 interpretationem
860 2735 949 2757 Inula-

165 2772 237 2800 tioue
258 2774 375 2805 invecta,
391 2773 424 2800 ad
444 2773 460 2800 8
478 2773 607 2800 Octobris
631 2774 714 2806 diam,
739 2774 829 2802 eidem
844 2775 947 2804 Sancto

165 2819 236 2852 apud
251 2819 363 2847 Latinos
375 2819 509 2852 dicatum,
528 2819 632 2851 intulit,
648 2825 794 2855 denuoque
814 2821 848 2848 ad
863 2822 952 2850 Medi-

166 2872 249 2891 czeum
281 2866 455 2893 bibliotheca:
477 2865 703 2894 Christianissimi
727 2875 799 2902 regis
823 2868 948 2896 Graecum

166 2912 305 2946 exemplar
329 2911 492 2942 reccnsitam
508 2912 600 2940 Grtccc
623 2913 705 2941 simul
722 2918 749 2941 ct
765 2913 861 2943 Latine
884 2921 951 2948 opu-

1000 2311 1187 2346 paraphrasis,
1201 2311 1227 2338 in
1244 2317 1400 2339 sanctorum
1413 2313 1543 2345 l’olonim,
1562 2313 1714 2348 llungariat,
1734 2313 1787 2339 lio-

1000 2358 1108 2389 ltemim,
1131 2359 1267 2390 Moravim,
1284 2360 1400 2386 Prussiaa
1426 2365 1453 2386 et
1477 2359 1581 2386 Silesia:
1606 2364 1786 2394 patronorum

999 2404 1178 2439 chendam,
1205 2413 1219 2432 a
1247 2405 1352 2433 Joanne
1378 2405 1512 2441 Longino,
1538 2407 1606 2433 alias
1633 2406 1786 2438 Duglossio,

1000 2458 1073 2477 anno
1091 2451 1202 2478 circiter
1218 2451 1296 2484 H70,
1315 2453 1352 2479 uti
1375 2460 1425 2479 ms.
1449 2452 1591 2479 atlnotatio
1618 2452 1643 2479 ei
1679 2451 1787 2486 praeﬁxa

1000 2498 1092 2531 docet,
1109 2499 1320 2531 concinnatam,
1346 2499 1540 2533 Crarovizeque
1576 2506 1649 2526 anno
1673 2499 1786 2526 demum

1001 2545 1067 2572 lSll
1085 2553 1225 2576 cxcusam,
1251 2545 1335 2576 illata.
1361 2550 1442 2580 atque
1457 2553 1471 2572 a
1488 2545 1615 2572 Pelbarto
1632 2546 1788 2573 Temcswa-

1001 2592 1096 2622 riensi,
1116 2592 1162 2626 qui
1189 2592 1291 2619 saaculo
1319 2592 1415 2626 quinto
1440 2592 1547 2619 decimo
1574 2596 1734 2619 senescente
1759 2592 1787 2619 in

1001 2637 1099 2664 ordine
1115 2637 1249 2664 Minorum
1266 2636 1369 2669 ﬂoruit,
1396 2637 1420 2663 in
1443 2636 1605 2663 Sermonum
1622 2635 1656 2662 de
1684 2635 1788 2662 sanctis

1002 2683 1128 2711 Pomerio
1146 2688 1216 2718 part.
1233 2692 1261 2716 n,
1276 2691 1404 2711 sermone
1419 2683 1452 2710 79
1468 2682 1785 2717 compendioexhibita.

1000 2729 1091 2764 Atque
1105 2731 1140 2757 ita
1152 2731 1264 2765 scripta,
1277 2739 1338 2766 qua:
1351 2731 1383 2757 de
1395 2736 1492 2758 sancto
1506 2729 1646 2757 Demetrio
1657 2733 1786 2760 tractant.

1002 2775 1103 2810 llicque
1119 2783 1262 2802 recensere
1281 2780 1443 2805 statueram,
1463 2777 1518 2810 jam
1541 2775 1687 2807 recensui;
1703 2782 1786 2809 quam

1002 2825 1092 2848 autem
1111 2829 1225 2856 quaeque
1243 2821 1324 2848 tidem
1353 2826 1528 2853 mereantur,
1557 2821 1706 2856 simulque,
1729 2829 1790 2853 qua:

1002 2875 1035 2894 ex
1055 2867 1151 2894 iisdem
1165 2867 1271 2894 edenda
1287 2867 1354 2899 sint,
1369 2868 1381 2902 ᾗ
1397 2868 1536 2902 sequenti,
1551 2875 1566 2895 a
1577 2867 1646 2896 Vitis
1662 2875 1709 2895 seu
1725 2867 1790 2895 Pas-

1002 2913 1129 2942 sionibus
1147 2914 1229 2942 ducto
1250 2914 1340 2947 initio,
1357 2922 1502 2947 exponam.
