2049 3151
245 131 306 162 1087

894 124 1222 157 SUPPLEMENTUM.

1800 119 1870 153 10³8

241 187 301 218 till.
319 187 448 218 Oummm
471 195 485 213 ε
499 186 614 222 scriptis,
645 185 659 222 ᾗ
686 185 844 221 praecedenti
869 185 1005 212 recensitis
1019 203 1026 215 ,
1041 182 1145 217 Adum
1163 180 1317 216 praemittit,
1333 180 1459 208 oratione
1482 188 1543 216 pag.
1568 180 1600 207 l7
1625 178 1738 215 (codicis
1764 178 1873 206 scilicet

272 223 373 284 idenda
390 223 455 253 sint,
469 226 494 249 et
508 220 560 257 qua
576 220 630 255 ﬁde
649 220 842 248 auctoritates:
852 228 960 256 quicque
981 228 1029 247 va—

284 262 356 284 eam.

284 262 356 284 eam.

271 325 300 353 9.
319 324 501 356 Lucubratio,
513 325 527 361 §
539 325 708 360 praecedenti
726 329 867 360 postremo
880 323 1029 354 recensita.

239 376 279 398 est
291 378 368 402 sane.
383 371 456 406 quod
468 371 502 398 ab
514 376 628 399 auctore
642 372 777 399 duntaxat
791 371 956 401 recentiore.
971 371 1030 398 sive

240 417 262 445 is
274 418 384 445 interim
396 418 559 452 Duglossius
571 419 687 453 ipsemet
696 418 743 451 sit,
753 419 822 447 sive.
838 418 911 453 quod
927 417 1031 444 verosi-

239 465 331 492 tullius
348 472 422 497 reor,
437 465 509 492 alius
528 465 563 492 ab
581 465 632 492 hoc
642 465 803 494 distinctus.
817 465 948 499 primitus
961 472 1029 491 con-

238 512 341 546 scripta
363 512 410 544 sit,
428 513 578 547 variisque.
594 520 656 546 quae
672 512 737 539 alibi
755 520 810 539 non
831 511 964 546 reperias.
980 511 1031 538 ad-

239 558 354 592 iunctis,
378 565 428 584 seu
454 558 556 591 potius,
572 565 634 592 qua:
655 557 681 584 in
700 557 776 584 nullo
798 565 913 591 prorsus
929 564 1026 583 nuntu-

238 606 331 628 mt'nto
346 601 413 628 satis
430 601 545 636 antiquo
555 602 719 633 fundantur,
737 602 901 629 commentis
917 607 1027 634 ornata.

237 648 367 676 sublesta
390 648 539 676 admodum
564 648 638 680 ﬁdei,
660 654 871 683 proptereaque,
894 649 946 676 etsi
967 649 1031 683 qui-

238 693 301 721 dem
318 695 436 722 subinde
450 715 458 728 ,
476 696 595 722 maxime
619 703 683 722 cum
706 695 872 723 confutanda
892 695 1029 722 submini-

239 741 348 772 strabit,
375 741 401 768 in
431 741 483 769 hoc
510 741 712 769 Commentario
738 742 847 769 citanda
873 742 1030 777 partimque

239 787 322 814 etiam
339 787 522 814 describenda
539 787 604 820 erit,
622 788 692 823 typis
705 793 796 816 tamen
811 788 915 823 integra
934 789 1029 816 recudi

241 841 295 860 non
327 838 458 865 meretur,
481 841 564 869 reque
589 836 671 862 etiam
698 835 755 870 ipsa
777 843 832 862 non
870 835 1027 863 rccudetur.

241 880 316 913 Quod
341 885 432 907 autem
457 881 490 907 ad
514 881 588 908 Vitas
611 889 660 908 seu
684 881 830 909 Passiones
847 882 956 909 Gnccas
975 882 1030 915 jam

241 930 355 959 spectat.
391 933 453 959 utne
478 926 659 961 Metaphrasti
683 926 718 953 ab
738 927 837 954 Allatio
861 926 923 954 loco
946 935 1030 961 supra

242 971 287 998 cit.
300 971 457 1004 ascribitur,
473 980 557 1007 reque
572 973 654 999 etiam
670 973 727 1007 ipsa
743 973 888 1007 scriptoris
900 973 974 1000 illius
989 973 1030 1000 fe-

241 1022 284 1044 tus
297 1023 348 1049 est,
372 1019 406 1046 ab
430 1019 560 1046 omnibus
583 1027 697 1054 prorsus
715 1019 782 1047 artis
805 1019 908 1047 critica:
932 1021 1030 1055 peritis

242 1064 338 1100 exiguo
359 1064 386 1091 in
411 1066 499 1099 pretio
523 1066 605 1094 modo
631 1066 759 1098 habetur,
783 1067 864 1102 eique
888 1072 944 1094 tum
973 1068 1030 1098 illa,

241 1119 300 1146 quae
315 1120 330 1138 e
346 1112 437 1146 lingua
453 1113 546 1140 Graeca
573 1113 601 1140 in
626 1113 752 1140 Latinam
771 1114 805 1140 ab
824 1114 972 1141 Anastasio
987 1114 1032 1141 Bi-

241 1158 421 1186 bliotht-eario
439 1160 490 1187 fuit
505 1167 651 1191 Conversa.
670 1165 729 1188 tum
743 1161 842 1192 altera,
857 1169 918 1196 quae
929 1169 944 1188 a
958 1161 1031 1188 Pho-

241 1205 278 1232 tio
293 1205 320 1232 in
337 1205 510 1233 Bibliotheca
522 1207 585 1233 cod.
597 1207 645 1234 cit.
657 1207 862 1242 suppeditatur,
871 1207 1031 1242 longissime

241 1250 401 1284 praefertur,
428 1256 456 1278 et
481 1259 547 1278 sane
572 1259 627 1278 non
655 1252 793 1279 immerito
817 1259 825 1278 :
848 1256 1031 1287 praeterquam

241 1297 312 1323 enim
334 1297 418 1331 quod,
436 1305 496 1331 qua:
509 1297 571 1324 fidei
585 1297 750 1325 Christiana:
763 1298 913 1331 sanctitati,
933 1299 971 1325 uti
988 1299 1031 1325 in-

241 1343 280 1370 ira
298 1344 332 1370 de
349 1343 400 1370 hoc
422 1351 584 1378 argumento
598 1343 762 1378 disputanda
785 1344 939 1371 luculenter
956 1344 1034 1371 erin-

241 1395 314 1422 cent,
330 1390 444 1417 omnino
461 1390 642 1418 adversantur
655 1411 662 1423 ,
678 1396 776 1418 sancto
792 1391 931 1418 Demetrio
948 1398 975 1418 et
990 1391 1034 1425 ju-

241 1437 303 1463 veni
318 1437 446 1469 cuidam,
465 1438 576 1464 nomine
599 1437 726 1469 Nestori,
750 1445 830 1472 quem
857 1437 939 1464 etiam
957 1438 1034 1464 velut

242 1486 388 1518 martyrem
403 1484 542 1517 proponit,
558 1483 702 1515 attribuat,
721 1483 843 1518 prodigia
855 1483 937 1510 etiam
954 1491 1031 1511 com-

241 1530 380 1565 plectitur,
395 1538 466 1565 quee,
479 1531 604 1565 quamvis
627 1531 738 1565 quidem
758 1538 793 1557 eo
816 1531 875 1557 solo
886 1538 919 1558 ex
932 1531 1031 1564 capite,

241 1575 314 1610 quod
331 1576 453 1610 prodigia
473 1576 538 1607 sint,
552 1575 624 1602 haud
641 1576 740 1602 merito
755 1575 876 1610 rcjicias,
895 1576 976 1602 fidem
994 1580 1033 1602 ta-

242 1629 317 1653 men,
333 1621 384 1648 nisi
402 1630 434 1648 ex
449 1623 612 1648 auctoribus
629 1623 851 1649 monumentisvc
873 1627 921 1649 aut
938 1630 1032 1657 atqua-

243 1671 317 1697 libus
336 1676 383 1697 aut
399 1671 616 1705 subl-qualibus,
632 1671 705 1705 quod
720 1677 854 1704 quantum
872 1670 904 1697 ad
922 1675 1032 1697 narrata

242 1717 269 1743 in
287 1717 510 1749 Metapbrastica,
529 1717 562 1743 de
576 1725 629 1751 qua
647 1717 702 1747 hic,
719 1717 812 1743 Sancti
827 1716 888 1743 Vita
903 1724 951 1743 seu
966 1715 1032 1743 Pas~

243 1765 320 1791 sione
341 1768 415 1790 certe
442 1764 532 1790 locum
560 1771 614 1790 non
640 1763 741 1795 habet,
763 1764 902 1789 memoria:
925 1762 1032 1797 prodita

243 1810 375 1837 haustarc
407 1817 468 1836 esse
496 1813 656 1840 noscantur,
682 1808 755 1842 apud
784 1808 916 1839 criticos.
941 1808 1032 1835 minus

241 1858 326 1884 etiam
339 1863 463 1887 severos,
479 1855 552 1882 hattd
568 1855 647 1882 facile
661 1855 824 1887 inveniunt;
840 1860 870 1881 ut
889 1855 1032 1882 enimvero

243 1902 462 1936 MetaphrasticaI
481 1901 574 1929 Sancti
594 1901 717 1928 Passieni
732 1908 780 1928 seu
798 1900 873 1928 Actis
894 1900 964 1926 facta
982 1899 1032 1926 im-

242 1948 393 1984 probabilia
412 1955 472 1975 essc
489 1948 621 1978 immista.
635 1947 840 1978 'I‘illemontius,
854 1951 920 1974 tom.
935 1947 954 1973 V
970 1946 1032 1973 Mo-

243 1999 449 2026 numeulorum,
471 2002 532 2029 pag.
562 1994 613 2021 H9
638 1999 711 2021 recte
734 1998 907 2029 pronuntat.
930 1992 1030 2020 Verum

242 2049 313 2068 anne
335 2041 391 2068 haec
405 2048 456 2075 pro
469 2041 644 2071 commentis,
660 2048 721 2075 quae
734 2040 834 2067 sacculo
849 2039 957 2066 decimo
974 2039 1034 2074 pri-

243 2094 317 2114 mum
330 2087 373 2114 vel
385 2087 419 2113 ab
436 2088 495 2121 ipso
508 2087 693 2120 Metaphrastc
705 2087 748 2113 vel
762 2094 775 2113 a
787 2086 922 2120 scriptore
934 2086 1032 2118 altero,

242 2134 318 2160 hunc
339 2140 500 2168 praegresso,
519 2133 620 2160 fuerint
634 2133 762 2166 conﬁcta,
776 2137 851 2161 recte
862 2133 945 2160 etiam
960 2132 1033 2160 idem

242 2184 340 2206 auctor
359 2180 459 2206 habet?

282 2226 324 2252 10.
347 2226 400 2252 lies
419 2225 561 2252 enimvero
587 2233 668 2253 secus
692 2225 795 2253 habere
821 2225 888 2252 mihi
912 2225 1031 2254 videtur.
1050 2240 1072 2269 ο

242 2272 319 2307 Quod
337 2272 412 2298 enim
438 2271 599 2299 nominatim
615 2273 647 2299 ad
673 2272 886 2307 Metaphrastem
901 2273 1031 2307 pertinet,

242 2326 313 2345 nova
332 2318 376 2344 hic
393 2318 526 2351 prodigia.
545 2317 708 2351 ailjum-tave
732 2325 800 2344 vero
823 2317 958 2344 absimilia
971 2337 978 2349 ,
1005 2322 1034 2344 ut

242 2365 360 2398 majores
369 2364 454 2392 nostri
465 2364 633 2399 experientia
642 2365 697 2398 jam
709 2364 813 2391 dudum
824 2364 957 2396 didicere,
968 2372 1032 2392 nos-

241 2420 296 2447 que
316 2411 365 2446 ipsi
383 2412 478 2439 eadem
497 2412 626 2446 magistra
636 2411 760 2446 quotidie
776 2411 956 2443 discimus,in
969 2419 1033 2439 san-

240 2465 350 2487 ctorum
366 2459 442 2487 Acta.
461 2467 522 2494 qua:
539 2459 608 2494 stylo
625 2466 677 2485 suo
694 2459 837 2493 expolivit,
856 2467 911 2487 non
926 2459 1030 2490 intulit,

241 2507 289 2534 sed
308 2511 414 2534 tantum
427 2526 435 2537 ,
449 2514 510 2540 qum
527 2507 561 2533 ab
578 2506 640 2533 aliis
654 2506 680 2532 in
697 2506 804 2533 litteras
818 2506 872 2540 iam
888 2506 973 2534 missa
990 2506 1032 2533 in-

240 2553 335 2584 venit,
353 2553 528 2586 transaripsit
543 2559 575 2579 ac
597 2552 758 2587 adoptavit;
776 2557 806 2579 ut
823 2558 913 2580 autem
928 2573 935 2584 ,
958 2553 1031 2580 unde

239 2599 334 2630 etiam,
351 2607 365 2626 a
381 2599 458 2626 nullo
473 2599 526 2626 alio
543 2599 635 2626 saeculi
652 2598 752 2626 decimi
776 2598 911 2633 scriptore
929 2598 1033 2633 impro-

240 2645 341 2673 babilia
359 2645 416 2676 illa.
433 2653 494 2680 qua:
518 2645 544 2672 in
561 2645 773 2681 Metaphrastica
789 2644 883 2672 Sancti
906 2645 966 2673 Vita
985 2653 1031 2672 oc.-

239 2697 368 2724 currunt,
382 2692 547 2719 factaiuisse
560 2692 686 2724 conficta,
701 2697 825 2727 apparet,
835 2692 890 2727 jam
905 2693 1030 2726 aﬂ'eram,

238 2738 368 2770 Joannes,
395 2739 622 2773 archiepiscopus
650 2738 928 2772 Thessalonicensis,
960 2740 1028 2774 qui,

241 2784 473 2818 quemadmodum
495 2784 565 2812 infra
582 2784 697 2817 docebo,
722 2785 823 2812 saeculo
847 2785 964 2820 septimo
980 2785 1031 2813 ﬂo-

242 2828 308 2860 ruit,
322 2829 349 2855 in
367 2836 449 2863 supra
464 2834 614 2857 memorata
631 2830 806 2866 panegyrica,
819 2837 900 2865 quam
920 2831 1032 2866 scriptis

243 2882 258 2906 ει
275 2883 304 2904 se
325 2875 412 2903 sancti
430 2876 561 2904 Demetrii
583 2877 720 2905 miraculis
737 2877 907 2909 praefationis
923 2878 951 2906 in
969 2884 1030 2907 mo-

1081 229 1147 256 olim
1165 227 1320 256 Masariuai
1341 227 1441 262 saepius
1462 228 1516 263 jam
1536 226 1650 261 laudati)
1667 225 1704 252 ita
1722 225 1847 260 loquitur
1865 234 1871 252 :

1088 275 1170 302 Ἀλλὰ
1195 275 1226 301 τὸ
1241 275 1291 310 μὲν
1321 273 1474 309 μνησθῆναι
1501 273 1612 300 πάντων
1636 271 1691 298 τῶν
1713 270 1874 306 θαυμασίων

1081 322 1178 354 αὐτοῦ,
1194 320 1232 349 ὧν
1249 321 1390 357 ἐποίησεν,
1403 321 1453 347 οὐκ
1468 319 1591 351 εὔκολον,
1610 320 1650 347 ὅτι
1666 320 1715 346 καὶ
1731 318 1872 345 ἀδύνατον.

1083 370 1156 396 Ἰστε
1171 369 1226 404 γὰρ
1243 368 1274 394 τὸ
1289 368 1486 404 γεγραμμένον
1499 368 1529 394 ὲν
1544 367 1583 402 τῷ
1599 366 1677 402 ὕμνῳ
1693 367 1741 400 τῆς
1756 374 1875 400 παμμα-

1082 415 1214 450 καρίστου
1234 415 1318 441 αὑτοῦ
1342 415 1494 449 ἀθλήσεως,
1512 414 1550 446 ὼς
1584 414 1616 440 ὲκ
1644 413 1698 439 τῶν
1726 412 1824 446 λόγων,
1842 412 1874 437 οὐ

1084 462 1191 497 μικρῶν
1205 463 1359 495 δυνάμεων,
1371 462 1567 496 συνθημάτων,
1582 460 1680 487 ἰάσεών
1692 469 1721 486 τε
1733 460 1780 486 καὶ
1795 468 1875 495 χαρι-

1083 508 1195 543 σμάτων
1214 508 1378 543 περιϐοήτου
1391 507 1581 542 γεγενημένης
1603 509 1652 542 τῆς
1670 506 1811 541 ἐνεργείας
1826 505 1874 531 τοῦ

1084 555 1235 590 μάρτυρος.
1259 555 1317 581 οὐχ
1343 555 1436 580 ἐκεῖνα
1453 553 1518 588 γοῦν
1534 555 1567 580 τὰ
1580 553 1733 588 παμπληθῆ
1760 552 1808 578 καὶ
1823 560 1876 577 πα-

1081 600 1211 634 λαιότερα
1228 599 1384 635 διηγεῖσθαι
1404 601 1582 636 προῄρημαι·
1599 607 1662 634 qua:
1679 599 1764 626 verba
1777 597 1875 625 Latine

1083 646 1123 673 sic
1137 650 1237 673 sonant
1255 654 1261 672 ε
1284 655 1292 671 ι
1309 646 1362 673 Sed
1377 646 1576 673 miraculorum
1592 646 1726 676 omnium,
1741 653 1802 679 qua:
1816 645 1876 677 ipse

1083 699 1208 727 (sanctus
1221 693 1329 721 scilicet
1346 693 1514 728 Demetrius)
1530 693 1606 725 fecit,
1620 693 1789 721 meminisse.
1802 692 1875 718 haud

1081 740 1172 772 facile,
1188 740 1253 775 quia
1264 744 1292 767 et
1313 740 1494 775 impossibile.
1511 740 1594 767 Scitis
1608 741 1693 772 enim,
1709 744 1804 771 utpote
1818 739 1876 766 vir-

1082 791 1172 814 tutum
1189 787 1260 814 haud
1273 787 1466 819 mediocrium,
1478 787 1631 822 signorum,
1645 787 1876 820 sanationuutque

1082 836 1110 859 et
1126 832 1276 868 gratiarum
1295 833 1424 867 tnarlyris
1438 832 1559 860 efﬁcacia
1580 833 1685 860 celebri
1705 840 1720 860 c
1740 832 1878 860 sermoni-

1048 873 1070 904 Β
1085 880 1135 906 bus
1149 879 1259 911 eﬂ‘et'la,
1276 880 1303 906 in
1318 879 1470 907 beatissimi
1483 879 1607 915 ejusdem
1624 879 1763 906 Passionis
1777 879 1876 906 lauda-

1083 925 1157 952 tione
1177 925 1312 960 scriptum
1327 925 1394 960 quid
1408 926 1456 953 sit.
1479 925 1540 952 Non
1557 925 1603 952 illa
1619 925 1712 960 itaque
1736 926 1876 960 permulta

1081 978 1113 997 ac
1129 971 1285 1003 antiquiora
1303 978 1417 997 narrare
1432 971 1577 1006 proposui.

1120 1017 1161 1044 il.
1172 1016 1234 1044 Fuit
1246 1024 1321 1052 ergo,
1333 1017 1371 1044 uti
1382 1025 1416 1045 ex
1432 1017 1485 1045 hoc
1495 1022 1570 1045 textu
1586 1023 1709 1052 apparet,
1720 1018 1775 1053 jam
1785 1018 1849 1045 inde
1860 1026 1875 1045 n

1081 1062 1206 1095 Joannis,
1218 1062 1472 1090 Thessalonicensis
1500 1063 1714 1099 archiepiscopi,
1735 1069 1812 1091 aetate
1825 1072 1876 1092 seu

1082 1109 1184 1136 saeculo
1204 1109 1321 1144 septimo
1337 1109 1503 1141 lucubratio,
1521 1118 1576 1145 qua
1601 1119 1655 1138 non
1674 1118 1762 1145 pauca
1783 1111 1874 1139 sancti

1082 1155 1213 1183 Demetrii
1224 1156 1377 1191 patrocinio
1387 1161 1494 1190 patrata
1507 1156 1638 1184 miracula
1648 1157 1874 1185 recensebantur.

1083 1201 1154 1235 Quid
1173 1203 1195 1229 si
1214 1208 1306 1230 autem
1325 1203 1383 1233 haec
1395 1202 1481 1230 fuerit
1501 1203 1544 1229 illa
1563 1203 1620 1238 ipsa
1633 1223 1640 1235 ,
1662 1202 1740 1237 cujus
1767 1203 1876 1231 init-ium

1082 1255 1124 1277 est
1138 1248 1312 1284 Μαειμιανὺς
1323 1249 1338 1275 ὁ
1350 1250 1396 1276 καὶ
1414 1249 1574 1284 Ἐρκούλιος
1591 1250 1729 1283 ὑποτάξας
1745 1251 1876 1283 rarae-4;,

1084 1295 1178 1324 Gra-ca
1193 1297 1281 1324 sancti
1302 1296 1430 1324 Demetrii
1447 1296 1508 1324 Vita
1524 1303 1573 1323 seu
1589 1297 1685 1324 Passio
1697 1319 1706 1331 ,
1722 1305 1804 1332 supra
1820 1306 1877 1325 me—

1085 1347 1192 1370 morata
1205 1347 1288 1378 atque
1302 1343 1337 1370 ab
1350 1350 1487 1379 anonymo
1498 1343 1654 1378 conscripta
1665 1343 1677 1369 ?
1688 1344 1716 1371 Id
1728 1352 1795 1372 sane
1807 1345 1875 1372 mihi

1085 1396 1152 1416 vero
1169 1388 1242 1416 haud
1259 1393 1375 1423 apparet
1399 1396 1513 1424 prorsus
1530 1389 1666 1417 absimile.
1692 1389 1789 1418 Isthzec
1803 1392 1875 1419 enim

1086 1442 1135 1462 seu
1149 1434 1209 1461 Vita
1223 1442 1270 1462 seu
1286 1434 1382 1462 Passio
1395 1443 1450 1462 non
1464 1443 1550 1469 pauca
1563 1436 1645 1462 etiam
1661 1436 1793 1464 miracula
1803 1445 1877 1464 eom-

1084 1481 1223 1516 plectitur.
1243 1481 1345 1507 Adhzec
1360 1481 1462 1515 quibus
1476 1482 1568 1508 verbis
1584 1482 1610 1508 in
1626 1487 1714 1515 textu,
1728 1483 1785 1518 jam
1803 1492 1876 1511 nunc

1085 1528 1160 1560 dato,
1176 1527 1308 1561 Joannes,
1324 1528 1578 1556 Thessalonicensis
1590 1529 1827 1564 archiepiscopus,
1842 1531 1875 1558 de

1048 1560 1069 1589 Ε
1088 1574 1284 1601 miraculorum
1301 1582 1315 1601 a
1337 1579 1433 1602 sancto
1451 1574 1591 1602 Demetrio
1613 1581 1786 1610 patratorum
1803 1577 1875 1604 ecle-

1085 1621 1186 1648 britate
1201 1621 1334 1656 loquitur,
1351 1621 1408 1648 fere
1423 1621 1508 1648 etiam
1522 1621 1616 1648 iisdem
1631 1621 1664 1649 de
1679 1623 1730 1649 hac
1747 1631 1838 1650 sermo
1848 1629 1876 1651 et

1084 1668 1110 1694 in
1124 1668 1169 1694 illa
1191 1667 1231 1699 fit,
1241 1671 1271 1694 ut
1282 1666 1392 1698 Joanni.
1401 1667 1642 1695 Thessalonicensi
1655 1669 1874 1704 archiepiscopo,

1085 1713 1244 1748 pncluxisse
1261 1713 1398 1740 videatur.
1414 1713 1486 1748 Ipsa,
1503 1722 1564 1749 quae
1581 1714 1634 1741 huc
1660 1715 1785 1749 faciunt,
1809 1716 1876 1743 Vita:

1083 1760 1205 1795 ejusdem
1222 1768 1271 1787 seu
1291 1760 1430 1788 Passionis
1442 1760 1537 1792 verba,
1554 1765 1593 1793 ut,
1612 1761 1682 1788 facta
1698 1761 1796 1789 horum
1811 1770 1874 1790 cum

1085 1807 1207 1833 recitatis
1217 1806 1332 1834 Joannis
1342 1806 1599 1834 Thessalonicensis
1612 1806 1702 1834 verbis
1717 1808 1874 1840 collatione,

1085 1851 1119 1878 de
1135 1859 1163 1878 re
1176 1851 1303 1886 judicare
1319 1852 1461 1880 studiosus
1477 1852 1564 1879 lector
1583 1857 1675 1887 queat,
1693 1853 1747 1881 huc
1768 1855 1852 1881 etiam
1868 1876 1874 1887 ,

1087 1897 1185 1924 Latina
1215 1897 1442 1932 interpretatione
1470 1898 1618 1932 adjuncta,
1646 1899 1811 1926 transcribo.
1832 1902 1878 1928 διε

1084 1945 1189 1972 habent
1204 1954 1209 1972 ε
1232 1945 1357 1980 Σημείων
1370 1953 1399 1971 τε
1415 1944 1522 1971 πολλῶν
1539 1946 1586 1971 καὶ
1602 1945 1700 1972 ἰάσεων
1721 1947 1878 1981 γενομένω-ι

1084 1992 1114 2018 ὲν
1128 1991 1167 2026 τῷ
1177 1991 1263 2026 τόπῳ,
1277 1993 1324 2018 καὶ
1337 1991 1417 2017 θείων
1434 1991 1616 2026 χαρισμάτων
1641 1992 1800 2026 φοιτώντων
1821 1995 1878 2024 τοῖς

1085 2039 1177 2065 πιπτει
1187 2039 1421 2074 προσερχομένοις
1435 2039 1464 2064 ὲν
1478 2039 1564 2073 αὐτῷ,
1578 2057 1585 2064 .
1604 2058 1611 2066 .
1627 2058 1634 2065 .
1656 2039 1821 2074 περιὼήτου
1833 2040 1878 2066 διὰ

1085 2086 1176 2120 πάσης
1192 2085 1366 2117 Μακεδονίας
1381 2086 1430 2111 καὶ
1440 2085 1589 2116 Θετταλίας
1605 2086 1754 2121 γενομένης
1766 2086 1816 2120 τῆς
1829 2087 1877 2113 τθῦ

1087 2133 1226 2168 μάρτυρος
1241 2131 1453 2166 Θαυματουργοῦ
1478 2131 1622 2166 ἐνεργείας
1640 2151 1647 2159 .
1663 2153 1669 2159 .
1682 2152 1688 2158 .
1700 2133 1838 2163 Λεόντιος.
1849 2151 1857 2159 .
1869 2153 1876 2159 .

1085 2182 1127 2212 τὶς
1142 2181 1212 2216 ἀνὴρ
1222 2200 1230 2207 .
1241 2201 1248 2208 .
1260 2200 1266 2208 .
1295 2180 1366 2214 νόσῳ
1389 2179 1495 2214 ἀνιάτω
1515 2178 1629 2213 ληφθεὶς
1642 2199 1649 2206 .
1660 2199 1667 2206 .
1680 2199 1686 2206 .
1701 2180 1804 2212 εὐθέως
1827 2181 1878 2215 τῆς

1086 2227 1191 2260 ὑγιείας
1213 2227 1360 2261 ἐπέτυχεν.
1384 2235 1392 2252 ι
1406 2227 1556 2261 Postquam
1572 2226 1666 2253 multis
1682 2226 1709 2253 in
1725 2227 1786 2254 loco
1803 2229 1878 2262 (quo

1084 2273 1191 2300 scilicet
1207 2273 1325 2301 Sanctus
1341 2277 1423 2301 terrm
1439 2273 1530 2300 fuerat
1556 2273 1712 2308 mandatus)
1728 2275 1876 2309 signisque

1084 2326 1112 2347 et
1127 2319 1317 2347 sanationibus
1333 2320 1422 2351 factis,
1435 2320 1535 2355 iisque,
1547 2321 1593 2352 qui
1606 2327 1668 2347 cum
1684 2320 1737 2348 title
1749 2321 1781 2348 ad
1799 2321 1878 2348 illum

1084 2367 1274 2398 acvedebant,
1293 2367 1388 2402 gratiis
1414 2367 1518 2394 divinis
1545 2367 1769 2402 frequentissime
1787 2369 1876 2396 colla-

1085 2412 1130 2442 tis,
1211 2412 1350 2448 martyris,
1366 2412 1501 2439 mirncula
1519 2412 1658 2445 facientis,
1684 2413 1805 2441 efﬁcacia
1828 2422 1879 2449 per

1084 2465 1195 2486 omnem
1210 2458 1412 2491 Macedoniam,
1427 2466 1459 2487 ac
1473 2459 1648 2487 Thessaliam
1662 2461 1781 2489 celebris
1803 2466 1878 2489 esset

1083 2505 1229 2535 eercta....
1244 2505 1412 2533 Leontius...
1428 2506 1471 2533 vir
1486 2507 1645 2541 quidam...
1665 2508 1763 2536 morbo
1777 2509 1876 2535 imme-

1084 2551 1195 2578 dicabili
1221 2557 1402 2587 correptus...
1419 2553 1565 2581 sanitatem
1583 2554 1677 2582 statim
1700 2554 1820 2589 (positus
1835 2556 1880 2582 ni-

1085 2598 1183 2625 mirum
1213 2606 1295 2634 supra
1323 2598 1415 2626 Sancti
1442 2601 1592 2636 tumulum)
1614 2601 1747 2628 obtinuit.
1775 2612 1785 2628 ι
1822 2602 1877 2631 Ubi

1083 2644 1136 2672 (ἔπι
1146 2653 1177 2672 ca
1194 2645 1251 2673 haec
1265 2645 1347 2673 verba
1358 2666 1365 2677 ,
1384 2646 1552 2681 περιϐοήτάυ
1565 2666 1571 2673 .
1587 2665 1595 2674 .
1607 2667 1615 2675 ,
1628 2667 1634 2675 .
1653 2649 1807 2683 γενομένης
1826 2650 1878 2683 τῆς

1083 2693 1131 2719 τοῦ
1157 2694 1298 2728 μάρτυρος
1321 2693 1532 2728 θαυματουργοῦ
1560 2695 1715 2730 ἐνεργείας,
1752 2697 1876 2724 notanda

1085 2741 1224 2775 principue
1238 2746 1314 2772 sunt,
1329 2739 1553 2774 conferendaqnc
1566 2748 1629 2767 cum
1643 2749 1727 2776 supra
1741 2742 1876 2774 recitatis,

1084 2787 1187 2822 quibus
1206 2787 1383 2822 respondent,
1397 2786 1500 2814 Graecis
1515 2787 1613 2814 itidem
1623 2787 1740 2815 Joannis
1757 2788 1879 2816 Thcssa-

1086 2834 1235 2862 lonicensis
1253 2834 1357 2863 verbis.

1122 2881 1166 2910 £2.
1182 2880 1259 2911 Quod
1275 2881 1297 2909 si
1315 2887 1418 2913 autem.
1434 2882 1579 2910 collatione
1595 2882 1644 2910 hac
1664 2882 1744 2915 facta,
1757 2882 1879 2911 antistiti
