2049 3151
144 261 211 288 huic
225 257 376 294 praefatam,
390 257 423 286 de
435 264 489 292 qua
502 255 556 288 hic,
571 255 702 291 anonymi
714 255 937 283 lucubrationem

144 307 306 342 prteluxisse
335 304 458 332 nondum
486 303 640 335 existimes,
656 303 711 331 erit
733 303 864 338 equidem
889 303 938 330 ad-

147 353 212 385 huc,
226 361 274 380 cur
290 360 324 380 ex
342 352 393 379 hac
405 351 646 386 Mt-taphrastieam
666 350 759 378 Sancti
773 351 861 378 Vitam
877 358 941 385 pro-

146 407 274 427 manasse
299 403 443 433 appareat.
458 398 526 425 Cum
543 398 618 425 enim
634 397 739 430 omnia,
758 397 780 424 si
795 405 880 424 unum
901 402 940 424 ta-

146 454 223 478 mcn,
239 446 273 473 de
288 453 344 480 quo
357 453 430 476 mox,
454 445 609 478 exceperis,
638 449 696 470 tum
722 443 861 478 prodigia,
885 448 941 470 tum

145 491 231 522 facta,
246 496 386 525 utcunque
409 495 506 518 nolam
525 489 618 523 digna,
633 497 695 523 quae
707 488 733 514 in
748 487 944 522 Metaphrastis

145 534 297 570 Opus‘Culo,
311 535 415 570 pariter
431 535 458 561 in
487 533 615 569 anonytni
633 532 826 560 lucubratione
844 540 943 559 occur-

147 585 223 612 rant,
235 582 301 616 quin
321 581 361 608 vel
380 582 436 607 iure
449 588 482 607 ex
497 580 555 611 illo,
572 579 615 606 vel
632 579 698 605 illud
713 586 747 605 ex
762 578 813 605 hac
831 584 943 612 prema-

147 627 225 654 narit
243 646 250 657 .
272 627 468 662 ambigendum
494 627 538 654 vix
562 631 622 658 est;
649 629 817 660 postremum
846 629 937 651 autem

145 673 327 700 astruendum
339 673 458 705 videtur,
469 673 507 700 uti
515 673 569 706 jam
581 680 653 699 nunc
660 671 777 698 dicenda
785 671 942 698 ostendent.

145 719 286 747 Leontius
299 721 423 754 quidam,
438 719 537 754 Illyrici
555 718 712 753 praefectos,
728 725 791 745 cum
805 718 839 744 ab
857 725 943 751 appa-

145 770 229 792 rente
245 771 343 792 sancto
357 765 495 792 Demetrio
521 763 555 791 ad
579 764 706 792 fiduciam
722 764 861 791 animatus
876 763 943 790 fuis-

146 815 203 842 set,
231 815 399 838 commotum
426 811 578 845 procellosa
609 814 791 844 tempestate,
812 809 945 844 niveoque

145 864 202 884 suo
217 864 357 891 egressum
371 857 538 888 Danubium,
562 865 571 882 ‹
591 855 698 883 fluento
717 856 798 883 tacite
813 856 946 882 receden-

147 909 188 935 te,
207 908 236 930 et
253 903 369 930 cedente
386 903 500 929 nutibus
514 923 520 934 ,
538 901 585 937 qui
601 910 656 929 non
681 902 783 930 cadunt
800 902 851 929 sub
867 909 946 936 aspe-

149 953 239 980 ctum,
264 958 273 975 ›
292 957 376 976 curru
392 949 520 977 innoxius
533 948 672 984 traiecisse
686 948 712 975 in
731 948 945 983 Metapbrastica

150 994 246 1022 Sancti
263 995 322 1023 V‘ita
338 995 390 1022 sub
407 995 488 1022 linem
518 1001 646 1022 narratur
661 1003 668 1027 ;
688 995 715 1021 in
732 995 820 1022 altera
840 1000 945 1027 autem.

150 1041 186 1069 ab
199 1050 338 1076 anonymo
357 1046 484 1069 contexta
498 1062 504 1071 ,
519 1041 571 1068 etsi
588 1041 699 1076 quidem
716 1041 806 1068 oblata
830 1041 946 1069 Leontio

151 1088 242 1115 sancti
258 1087 388 1114 Demetrii
405 1087 543 1122 apparitio
561 1087 588 1114 in
602 1088 654 1115 line
671 1093 851 1120 metueretur.
870 1088 947 1115 nulla

151 1139 245 1162 tamen
261 1135 375 1161 omnino
391 1133 498 1165 ﬂuenti,
513 1134 585 1168 quod
603 1134 684 1162 tacite
697 1135 854 1166 recesserit,
871 1135 947 1161 nuti-

151 1182 271 1215 busque,
289 1179 335 1214 qui
355 1180 406 1206 sub
421 1184 563 1213 aspectum
590 1187 644 1207 non
669 1180 782 1212 cadunt,
805 1181 942 1212 cesserit,

151 1226 260 1252 mentio
278 1225 308 1253 lit
326 1233 340 1252 a
359 1219 523 1260 scriptionis
537 1225 619 1253 istius
633 1232 757 1257 auctore,
772 1227 819 1260 qui
843 1231 946 1258 tamen,

151 1276 249 1308 utpote
262 1273 408 1299 narrandis
420 1272 557 1307 prodigiis
571 1272 721 1300 admodum
734 1273 871 1305 addictus,
884 1273 947 1300 nul-

151 1319 269 1352 luntque
294 1326 408 1354 prorsus
429 1327 462 1346 ex
487 1319 560 1349 aliis.
590 1327 605 1346 a
629 1319 814 1354 Metaphraste
840 1320 945 1353 relatis,

151 1367 296 1399 omittens,
311 1367 418 1402 insigne
443 1367 510 1394 illud
533 1366 707 1402 maximeque
731 1367 942 1394 memorandum

151 1413 327 1450 prodigium,
342 1414 365 1440 si
391 1413 536 1448 scriptoris
557 1414 640 1449 hujus
655 1413 874 1441 lucubrationem
892 1421 948 1448 pra

151 1459 243 1487 oculis
256 1459 412 1491 habuisset,
425 1467 558 1493 suamque
573 1467 607 1486 ex
616 1466 647 1486 ca
661 1460 860 1495 cpntcxuisset,
873 1467 949 1486 com-

150 1513 308 1534 memorare
325 1505 398 1532 haud
417 1505 648 1540 praetermisisset.
668 1505 722 1532 Nec
738 1510 793 1538 est,
807 1506 881 1540 quod
902 1513 947 1532 rc-

151 1559 251 1588 ponas,
279 1551 444 1578 miraculum
469 1551 566 1578 saltem
591 1551 618 1577 in
644 1550 706 1578 lstri
731 1559 781 1585 per
800 1551 947 1579 Leontium

152 1600 270 1634 trajectu
288 1598 392 1626 factum
409 1597 506 1630 fuisse,
527 1598 562 1626 ab
581 1605 720 1633 anonymo
737 1598 854 1625 indicari
872 1608 879 1625 :
894 1599 945 1626 etsi

151 1645 230 1673 enim
250 1644 278 1671 id
294 1644 330 1671 ita
348 1644 394 1677 sit,
409 1651 462 1671 nec
475 1644 541 1671 hinc
551 1649 642 1671 tamen
655 1644 806 1679 quidquam
819 1645 948 1678 habetur,

154 1691 229 1718 unde
250 1695 402 1725 utcunque,
426 1690 500 1724 quod
515 1695 607 1717 tamen
624 1689 695 1717 foret
708 1698 867 1723 necessum,
882 1699 950 1718 ann-

153 1745 239 1774 nymo
257 1736 481 1771 Hctaphrastem,
494 1744 548 1763 non
566 1736 630 1763 huic
650 1736 738 1770 illum,
753 1737 950 1765 lucubratione

153 1791 201 1812 sua
224 1784 398 1819 praeluxisse,
413 1783 577 1810 concludas.

192 1831 238 1858 15.
261 1830 295 1858 Ut
308 1838 352 1857 res
367 1830 512 1857 manifesta
527 1829 638 1860 evadat.
651 1829 798 1865 quidquid,
809 1831 883 1865 quod
896 1830 951 1858 huc

153 1877 232 1911 facit,
257 1885 412 1913 anonymus
432 1876 602 1911 suppeditat,
625 1876 721 1905 Latine
749 1877 794 1905 hic
819 1877 949 1905 exhibeo.

155 1924 308 1959 Postquam
325 1929 430 1958 itaque,
447 1923 613 1954 Danubium,
631 1924 695 1950 dum
717 1924 839 1951 adhunc
861 1923 952 1951 Leonv

157 1971 212 1999 tius
225 1971 355 2003 accessit,
372 1970 451 1997 alveo
463 1978 515 1998 suo
538 1970 587 2002 ita,
604 1975 633 1997 ut
651 1977 703 1997 nec
718 1970 836 1998 navibus
861 1970 951 2005 trajici

157 2021 263 2052 posset,
279 2017 364 2044 fuisse
391 2023 546 2051 egressum,
569 2016 742 2051 Leontioque
758 2017 951 2048 nihilominus,

159 2068 190 2090 ut
207 2071 273 2091 eum
288 2063 356 2090 citra
372 2062 571 2089 haesitationem
586 2062 736 2096 trajiceret,
755 2068 880 2090 sanctum
900 2063 953 2090 De—

159 2110 305 2140 metrium,
326 2109 352 2135 in
373 2109 480 2137 somnis
500 2108 525 2136 ei
552 2113 731 2143 apparentem
744 2128 752 2142 ,
777 2109 927 2144 imperasse
943 2130 952 2144 ,

159 2155 294 2187 narravit,
310 2163 371 2182 tnox
383 2155 416 2182 de
429 2154 547 2182 Leontio
562 2154 704 2190 subiungit
717 2164 723 2182 :
739 2155 833 2183 «line
845 2156 952 2190 itaque,

159 2210 316 2230 conscenso
329 2209 428 2234 curru,
444 2203 630 2229 venerandam
657 2205 722 2236 (qua
736 2202 843 2229 scilicet
867 2210 952 2230 sacrae

160 2250 250 2279 sancti
266 2249 396 2277 Demetrii
410 2249 534 2284 reliquiae
545 2249 770 2284 continebantur)
784 2250 954 2284 Iipsanothe-

161 2306 221 2325 cam
239 2297 368 2325 manibus
382 2301 479 2324 tenens
499 2296 602 2323 flumen
621 2296 750 2323 innoxius
775 2296 918 2330 transivit;
940 2305 950 2322 ι

160 2345 266 2380 quibus
282 2352 347 2371 sane
362 2343 702 2375 verbis,determinatam,
714 2343 787 2378 quod
798 2343 954 2378 Metaphra-

161 2395 219 2418 stes
243 2390 338 2423 refert,
372 2389 550 2421 miraculum,
575 2389 627 2417 etsi
651 2389 759 2417 interim
780 2390 833 2417 hoc
852 2398 885 2417 ex
903 2391 958 2418 illis

162 2437 372 2464 vorosimillime
386 2437 408 2463 is
422 2437 541 2471 scriptor
555 2441 672 2469 eruerit,
688 2436 715 2463 in
730 2437 791 2464 lstri
806 2445 854 2472 per
867 2437 956 2464 Leon-

165 2483 234 2510 tium
254 2484 369 2518 trajectu
385 2483 488 2510 factum
508 2483 602 2516 fuisse,
620 2485 782 2518 neutiquam
803 2484 952 2512 indicatur.

163 2529 236 2563 Quid
251 2530 273 2556 si
289 2529 362 2556 enirn
376 2528 520 2561 Leontius,
535 2530 614 2564 aquis
623 2530 735 2564 quidem
748 2537 813 2562 non,
824 2535 854 2557 ut
867 2530 956 2558 Israe—

164 2576 232 2608 litis,
250 2584 325 2603 mare
338 2576 464 2603 Rubrum
482 2576 700 2608 transeuntibus,
715 2577 818 2608 evenit,
831 2585 845 2604 a
859 2577 955 2604 dextra

165 2623 288 2657 lrevaque
306 2621 511 2654 recedentibus,
537 2621 585 2649 sed
607 2626 725 2655 tantum,
744 2627 775 2649 ut
791 2622 903 2650 Christo
926 2627 955 2650 et

165 2670 248 2698 Petro
262 2670 335 2704 apud
353 2669 521 2700 Mattiueum,
539 2676 601 2704 cap.
619 2677 673 2700 xlv.
690 2669 803 2701 factum,
820 2677 874 2696 non
890 2670 955 2697 sub-

165 2716 335 2747 sidentibus,
351 2715 508 2743 Danubium
531 2715 661 2743 innoxius
681 2715 841 2750 trajecerit?
857 2715 952 2743 Enim-

166 2771 232 2791 vero
245 2764 329 2792 etiam
345 2763 388 2791 vel
405 2762 444 2790 sic
459 2762 561 2790 factum
577 2762 661 2789 fuerit
684 2762 847 2790 miraculum
871 2763 954 2798 plane

167 2809 284 2845 insigne,
300 2817 352 2838 nec
367 2809 442 2837 aliud
456 2809 528 2837 forte
544 2809 696 2837 indicatum
714 2809 833 2838 voluerit
844 2818 946 2847 anony-

168 2863 239 2883 mns.
257 2857 356 2885 Verum
372 2856 469 2884 demus
486 2857 569 2884 etiam
593 2857 739 2891 tantisper,
756 2856 822 2884 illud
840 2857 931 2893 ipsum
945 2880 952 2891 ,

167 2903 241 2937 quod
253 2903 452 2939 Hetaphrastes
468 2909 575 2936 narrat,
591 2904 754 2931 miraculum
767 2904 861 2932 verbis
883 2905 954 2933 reci-

169 2951 232 2978 tatis
253 2951 366 2981 indicari
382 2953 416 2980 ab
434 2959 582 2986 anonymo,
597 2951 664 2979 illud
682 2950 809 2985 equidem
827 2952 871 2979 hic
883 2951 953 2980 scri-

661 198 693 228 S.
713 197 905 228 DEMETRII
926 197 1127 228 MARTYIUS
1148 198 1258 230 ACTA.

1719 195 1785 228 1090

953 260 976 288 Α
993 262 1064 292 ptor,
1084 261 1180 292 utpote
1202 256 1309 292 reliqua
1335 255 1427 283 omnia
1448 263 1463 283 a
1487 255 1673 290 Metaphraste
1700 255 1786 284 relata

990 303 1127 331 miracula
1142 303 1263 330 dilucide
1279 311 1430 338 exponens,
1451 311 1506 330 non
1523 303 1695 330 subobscure
1713 302 1785 330 dun-

996 358 1081 385 taxat,
1096 352 1119 380 si
1135 353 1210 380 hunc
1235 351 1289 379 sibi
1318 352 1514 386 prmlucentem
1535 352 1690 385 habuisset,
1711 351 1786 379 indi—

995 405 1094 431 casset,
1112 399 1160 426 sed
1176 398 1297 426 dilucide
1315 399 1427 432 pariter.
1449 406 1504 424 non
1521 406 1602 425 secus
1615 406 1646 425 ac
1662 399 1720 431 ille,
1735 406 1784 425 ex-

995 447 1149 481 posuisset;
1168 452 1231 472 cum
1262 451 1354 471 autem
1372 444 1399 471 id
1427 449 1502 471 certe
1519 444 1593 471 haud
1617 445 1710 476 faciat,
1730 453 1785 472 non

996 494 1093 528 utique
1111 500 1265 528 anonymns
1294 491 1521 526 Metaphrastem,
1533 491 1579 519 sed
1597 491 1642 518 hic
1656 492 1787 522 illum,ut

995 541 1047 574 iam
1063 539 1131 571 dixi,
1145 539 1343 574 prmlucentem
1357 537 1494 568 habuerit,
1506 545 1540 564 ex
1557 544 1646 572 eoque
1659 537 1786 564 liberiori

996 584 1225 619 interpretatione
1238 583 1376 610 intellecto
1388 582 1616 613 determinatum,
1627 590 1681 617 quo
1698 582 1787 610 Leon-

997 632 1063 661 tium
1091 632 1230 666 trajecisse
1254 630 1353 657 Istrum
1382 629 1477 662 refert,
1502 629 1666 656 miraculum
1693 633 1786 656 astru-

994 681 1080 708 xerit.

1031 730 1075 756 il.
1095 727 1183 761 Atque
1207 727 1242 754 ita
1266 727 1350 754 etiam
1367 735 1399 754 ex
1412 728 1467 762 jam
1494 726 1577 754 dictis
1594 723 1788 759 consequitur,

997 779 1025 801 ut
1043 782 1109 801 sane
1123 773 1335 808 Metaphrastes,
1349 781 1410 808 qua:
1427 774 1454 800 in
1469 774 1633 800 concinnata
1649 780 1663 799 a
1678 779 1707 799 se
1719 771 1789 799 San-

996 821 1102 849 ctiVita
1116 820 1210 853 refert,
1223 826 1280 849 tum
1293 821 1428 856 prodigia,
1442 825 1498 847 tum
1512 821 1582 847 facta
1595 818 1789 854 improbabilia

996 867 1112 902 ipsemet
1129 866 1201 893 haud
1220 867 1395 896 confinxerit,
1407 867 1455 894 sed
1470 875 1502 894 ex
1516 867 1628 901 pnefato
1640 873 1788 901 anonymo,

997 915 1045 949 qui
1057 914 1153 941 eadem
1167 914 1271 944 omnia,
1286 913 1308 940 si
1326 921 1410 940 untttn
1427 918 1518 940 tamen
1534 914 1588 948 jam
1602 918 1788 940 memoratum

997 959 1152 993 exceperis,
1171 960 1198 986 in
1216 959 1354 986 contextis
1371 967 1385 985 a
1401 966 1430 985 se
1451 959 1582 985 Demetrii
1597 959 1675 986 Actis
1694 965 1790 985 recen-

998 1010 1051 1037 set,
1069 1006 1276 1033 verosimillime
1291 1004 1440 1039 acceperit.
1456 1005 1555 1031 Verum
1573 1012 1635 1031 cum
1649 1004 1675 1030 id
1692 1004 1729 1030 ita
1742 1004 1789 1035 sit,

997 1061 1064 1080 num
1077 1060 1142 1087 ergo
1159 1060 1174 1079 α
1191 1051 1343 1085 posteriore
1362 1052 1413 1078 hoc
1437 1050 1573 1084 scriptore
1594 1050 1718 1085 prodigia
1743 1050 1790 1076 illa

997 1099 1093 1126 omnia
1109 1098 1236 1132 factaque
1259 1097 1453 1131 improbabilia
1479 1097 1599 1131 primum
1625 1096 1702 1124 fuere
1724 1104 1788 1123 eum

998 1144 1082 1171 llotai
1097 1144 1252 1178 Antequam
1268 1143 1334 1178 qttid
1352 1143 1386 1169 de
1407 1151 1435 1170 re
1449 1143 1500 1170 hac
1512 1151 1642 1170 censeam
1670 1142 1789 1175 edicam,

999 1192 1132 1219 nonnulla
1157 1192 1190 1218 de
1209 1191 1302 1219 Sancti
1331 1199 1413 1226 supra
1444 1195 1595 1217 memorata
1623 1190 1718 1218 Grmca
1742 1198 1790 1217 seu

1000 1237 1060 1265 Vita
1078 1245 1126 1265 seu
1143 1238 1286 1270 Passione,
1299 1238 1327 1265 in
1344 1238 1465 1271 linguam
1481 1236 1607 1263 Latinam
1625 1236 1659 1263 ab
1674 1236 1788 1264 Anasta-

999 1285 1041 1312 sio
1066 1285 1282 1312 Bibliotliecario
1303 1292 1453 1315 conversa,
1480 1283 1674 1317 praemittenda
1702 1282 1791 1310 adhuc

998 1336 1076 1358 sunt.
1092 1330 1178 1360 Hanc.
1194 1338 1256 1365 quae
1270 1330 1412 1364 paululum
1424 1333 1565 1357 contracta
1582 1329 1652 1363 apud
1671 1329 1791 1356 Vincen-

998 1377 1066 1404 tium
1078 1377 1300 1404 Bellovacensem
1313 1375 1421 1411 Specnfi
1436 1376 1582 1403 histor-falis
1605 1375 1654 1402 lib.
1667 1383 1717 1406 λιι,
1730 1383 1792 1410 cap.

1003 1424 1064 1456 150,
1083 1427 1107 1451 et
1125 1423 1197 1458 apud
1215 1423 1400 1450 Mombritium
1416 1428 1481 1449 tom.
1507 1422 1515 1449 Ι
1534 1422 1654 1448 i‘itarnm
1675 1423 1730 1457 jam
1745 1429 1792 1449 ex-

1001 1470 1102 1501 stabat,
1118 1470 1251 1505 integrant
1269 1469 1378 1496 tandem
1393 1476 1456 1496 cum
1472 1468 1589 1503 Prologo
1603 1469 1636 1495 ab
1651 1468 1794 1495 Anastasio

1003 1516 1028 1542 ei
1042 1516 1196 1550 praemisso,
1221 1515 1418 1549 miraculisque
1442 1515 1474 1541 ad
1497 1515 1601 1541 calcem
1619 1514 1746 1550 adjectis,
1764 1514 1793 1543 itt

1004 1561 1129 1588 Veterum
1141 1561 1332 1589 Analectorum
1350 1566 1415 1587 tom.
1442 1561 1451 1587 l
1475 1561 1653 1588 Mahillonios
1677 1560 1792 1593 intulit,

962 1614 983 1642 (ι
1001 1608 1181 1642 eamdemque
1194 1609 1276 1635 etiam
1294 1615 1358 1638 τηε..
1368 1608 1413 1641 qui
1428 1607 1459 1634 ad
1471 1607 1631 1634 Cornelium
1644 1607 1793 1643 Duynoiim

1000 1654 1148 1688 spectavit,
1165 1661 1197 1680 ac
1216 1656 1244 1685 Et
1263 1661 1314 1680 ms.
1330 1653 1365 1680 85
1382 1653 1517 1687 signatur,
1529 1654 1615 1680 codex
1633 1658 1726 1680 noster
1745 1661 1794 1680 cx-

999 1701 1089 1731 hibet.
1106 1701 1145 1728 uti
1162 1705 1190 1728 et
1204 1700 1271 1732 duo,
1290 1708 1407 1735 quorum
1422 1700 1539 1727 alterum
1554 1708 1568 1726 e
1582 1699 1792 1730 [iubere-Vallis,

1000 1746 1119 1773 alterunt
1137 1753 1152 1772 e
1166 1745 1324 1773 Trevirensi
1356 1745 1444 1772 sancti
1466 1745 1606 1772 Maximini
1624 1744 1720 1771 codice
1744 1751 1795 1771 no-

1002 1796 1076 1819 tatur
1091 1792 1278 1826 desnmptum,
1293 1792 1320 1818 in
1334 1791 1511 1818 collectaneis
1528 1791 1630 1817 nostris
1655 1791 1795 1817 exstantia

1001 1846 1079 1870 ωδε..
1097 1838 1134 1865 ita
1154 1843 1244 1865 tamen
1260 1843 1290 1865 ut
1306 1838 1405 1865 borum
1419 1842 1590 1872 postremum
1609 1842 1701 1864 careat
1712 1837 1794 1865 simul

1002 1889 1030 1912 et
1045 1885 1198 1916 ntiraculis,
1214 1889 1242 1910 et
1258 1883 1394 1911 Anastasii
1412 1883 1530 1918 Prologo
1541 1891 1589 1910 seu
1608 1882 1792 1914 dedicatione,

1002 1931 1103 1958 Carolo
1120 1930 1281 1965 imperatori
1296 1929 1376 1961 facta,
1393 1929 1494 1964 quibus
1512 1930 1593 1956 etiam
1606 1949 1612 1961 ,
1631 1930 1654 1956 si
1674 1929 1795 1956 miracu-

1002 1976 1071 2007 lum,
1088 1976 1162 2011 quod
1180 1975 1214 2003 de
1231 1975 1354 2002 Mariano
1369 1979 1422 2006 est,
1436 1973 1593 2008 exceperis,
1617 1973 1795 2008 suppeditata

1003 2029 1018 2049 a
1034 2021 1222 2049 Bellomcensi
1241 2026 1270 2049 et
1281 2020 1440 2048 Mombritio
1456 2020 1619 2055 compendia
1634 2019 1792 2046 destituun-

1006 2073 1064 2096 tur.

1041 2116 1084 2143 15.
1098 2116 1184 2143 Porro
1197 2114 1359 2142 Anastasius
1370 2113 1612 2144 Bibliothecarius,
1626 2113 1660 2140 de
1671 2121 1726 2148 quo
1739 2112 1797 2139 Ma-

1006 2161 1139 2189 billonius
1168 2160 1293 2188 Veterum
1319 2159 1507 2186 Analectorum
1527 2163 1601 2185 tonio
1623 2157 1632 2184 I
1663 2157 1796 2192 praafato,

1006 2217 1068 2245 pag.
1084 2209 1130 2241 96,
1147 2208 1234 2235 videri
1249 2208 1332 2234 etiam
1357 2211 1458 2242 potest,
1473 2205 1574 2233 dictam
1589 2203 1682 2231 Sancti
1706 2203 1797 2230 Vitam

1007 2264 1055 2284 seu
1072 2255 1244 2286 Passionem,
1263 2253 1398 2281 latinitate
1414 2260 1429 2279 a
1446 2260 1476 2279 se
1496 2251 1638 2282 donaiam,
1657 2249 1690 2277 ad
1710 2250 1797 2276 Caro-

1007 2303 1064 2331 lum
1081 2302 1291 2337 imperatorem,
1315 2299 1355 2326 uti
1371 2299 1507 2334 Prologus
1523 2297 1614 2325 eidem
1639 2297 1707 2324 Vita:
1728 2303 1799 2331 pne-

1009 2350 1078 2377 fixus
1094 2349 1174 2376 fidem
1193 2348 1269 2379 facit,
1281 2346 1452 2379 transmisit;
1469 2353 1566 2380 quare,
1577 2352 1638 2372 cum
1656 2344 1701 2370 hic
1716 2343 1798 2374 alius,

1007 2403 1088 2430 quam
1110 2395 1155 2421 ille
1174 2394 1242 2428 ipse,
1256 2393 1301 2420 cui
1316 2392 1389 2419 idem
1401 2391 1562 2419 Anastasius
1576 2390 1631 2426 (adi
1647 2389 1680 2416 ad
1696 2395 1798 2416 annum

1006 2441 1069 2471 876.
1086 2448 1164 2467 num.
1185 2439 1229 2472 η,
1240 2438 1353 2474 Pagium
1370 2438 1397 2465 in
1411 2437 1531 2471 Crilicis)
1546 2435 1642 2464 Latine
1659 2443 1673 2462 a
1689 2442 1717 2462 se
1737 2434 1785 2461 red

1006 2487 1091 2514 (illam
1109 2485 1196 2514 sancti
1211 2485 1333 2520 Dionysii
1353 2483 1525 2519 Areopagitae
1541 2483 1630 2510 Vitam
1656 2489 1730 2508 anno
1747 2479 1800 2508 876

1007 2534 1092 2563 misit.
1106 2533 1256 2567 imperator
1275 2531 1392 2559 Carolus
1417 2530 1529 2562 Calvus,
1546 2537 1618 2557 anno
1634 2528 1688 2555 875
1703 2527 1800 2554 diade-

1009 2585 1082 2607 mate
1096 2579 1231 2615 imperiali
1248 2579 1342 2606 Romae
1357 2578 1476 2612 primunt
1500 2581 1649 2604 coronatus
1671 2581 1799 2609 annoque

1009 2627 1058 2655 877
1069 2635 1084 2654 e
1098 2626 1168 2654 vivis
1178 2626 1315 2658 sublatus,
1325 2625 1410 2653 fuissa
1425 2632 1479 2651 non
1492 2623 1628 2654 videatur,
1641 2620 1798 2648 lucubratio

1005 2673 1057 2700 ista
1072 2672 1281 2700 verosimillime
1297 2679 1352 2699 non
1371 2671 1472 2702 serius,
1487 2677 1569 2704 quam
1584 2669 1636 2696 hoc
1650 2669 1710 2702 ipso
1724 2674 1797 2693 anno

1005 2720 1040 2747 ab
1058 2719 1204 2747 Anastasio
1220 2718 1305 2746 fuerit
1321 2718 1348 2744 in
1362 2718 1485 2752 linguam
1501 2715 1627 2742 Latinam
1650 2719 1797 2745 conversa,

1005 2773 1148 2801 certeque,
1163 2772 1225 2793 eum
1241 2765 1287 2793 hic
1298 2765 1417 2800 scriptor
1431 2767 1495 2790 ante
1508 2769 1610 2789 annum
1624 2760 1685 2792 882,
1699 2764 1729 2786 ut
1740 2759 1800 2786 Mu-

1007 2812 1130 2840 ratorius
1147 2813 1173 2839 in
1193 2804 1368 2843 Praelatione,
1385 2815 1452 2838 tom.
1469 2809 1553 2837 tertio
1573 2806 1740 2842 Scriptorum
1755 2814 1799 2833 re-

1007 2868 1066 2887 rum
1086 2858 1244 2887 Italicarum
1268 2857 1420 2893 praemissa,
1438 2856 1539 2888 docet,
1560 2863 1575 2882 e
1597 2854 1666 2882 vivis
1686 2853 1797 2886 abierit,

1004 2910 1163 2934 contextam
1178 2913 1193 2932 a
1210 2904 1412 2940 Metaphraste,
1435 2902 1527 2932 seculi
1545 2901 1680 2929 duntaxat
1696 2899 1797 2927 decimi

1003 2953 1150 2985 scriptore,
1168 2952 1259 2981 Vitam
1282 2951 1449 2986 antiquitate
1472 2953 1628 2984 exsuperat.
1646 2947 1713 2980 Nec,
1725 2945 1794 2980 quin

966 2325 992 2354 D
