2049 3151
229 170 295 201 1091

871 172 918 202 SU
925 173 1045 202 PPI.EM
1052 172 1195 204 ENTUM.

1792 174 1862 206 1092

225 226 308 254 etiam
323 233 405 261 supra
421 229 611 260 memoratam,
626 233 698 262 quae,
714 229 743 252 ut
755 226 849 260 docui,
861 227 1017 262 Metapbra-
1034 231 1056 260 Α
1071 229 1196 261 Photius,
1210 230 1255 265 qui
1271 230 1372 258 sacculo
1386 238 1412 258 Ix
1425 230 1527 262 ﬂoruit,
1543 238 1605 258 sese
1616 238 1677 259 eam
1696 238 1752 258 non
1768 238 1864 259 eonte-

227 271 261 297 sti
278 266 569 304 praeluxisse'videtnr,
587 271 701 300 alteram
718 273 849 302 Demetrii
863 273 954 302 Vitam
974 283 1022 303 ve-

229 323 330 346 tustate
349 318 452 352 vincat,
475 320 659 348 dubitandum
684 327 807 357 apparet.
835 323 945 350 Etenim
965 332 1021 350 non

230 369 334 391 tantum
349 365 410 392 Vita
426 365 488 399 ista,
505 375 565 401 quae
580 367 762 402 llletaphrasti
778 369 917 402 prteluxil,
933 370 1020 397 multo

228 416 270 438 cst
290 411 412 444 brevior,
432 413 637 446 verumvetiatn,
665 422 726 448 quae
742 415 768 441 in
788 415 838 442 hac
852 422 1022 447 occurrunt.

230 461 287 483 tum
304 457 438 492 prodigia,
454 463 511 485 tum
526 458 596 486 facta
611 459 803 494 improbabilia
815 461 887 488 haud
900 463 1021 497 comple-

229 503 329 536 ctitur;
347 504 417 531 solet
434 510 526 532 autem
547 505 604 536 illa,
618 514 678 540 qua:
691 514 705 533 e
726 506 834 535 duabus
851 507 934 535 unius
948 509 1023 541 ejus-

230 548 349 584 demque
364 549 457 578 Sancti
469 552 538 578 Vitis
551 552 623 580 binis
639 553 693 580 iiiis
704 554 913 581 characteribus
926 554 1024 582 distin-

229 597 332 630 guitur,
352 597 388 624 ab
403 598 532 626 omnibus
546 599 626 626 modo
640 600 813 634 antiquitatis
827 600 961 628 studmsis
978 610 1024 628 ar-

231 642 320 677 tisque
335 643 438 671 criticm
449 645 546 679 peritis
562 646 647 673 altera
664 646 758 674 haberi
768 655 823 674 non
840 651 949 676 tantum
966 648 1025 676 sin-

230 689 330 723 cerior,
348 691 395 718 sed
414 693 497 719 etiam
511 695 662 728 antiquior.

269 737 310 764 16.
321 737 407 775 Porro
420 747 483 766 cum
498 739 523 766 id
536 740 572 768 ita
585 741 631 774 sit,
648 742 776 778 idemque
790 749 924 778 praeterea
939 744 1024 778 ordo,

232 791 263 810 ac
283 785 397 819 phrases
412 786 494 814 etiam
516 789 573 815 fere
591 797 688 817 omnes
705 791 827 823 eaedem,
854 791 956 826 quibus
971 792 1024 819 De-

232 830 323 857 metrii
343 834 504 866 martyrium
531 834 669 870 hujusque
689 837 777 864 series
793 837 820 864 in
839 837 959 864 breviori
977 837 1023 865 illa

231 883 279 903 seu
293 877 352 904 Vita
374 886 420 905 seu
436 879 577 912 Passione,
589 881 624 909 ab
638 889 776 918 anonymo
791 883 960 918 conscripta,
978 891 1025 911 ex—

233 923 355 957 ponitur,
375 926 479 960 pariter
505 928 531 954 in
548 927 607 955 Vita
620 948 626 960 ,
645 929 678 956 ab
696 937 834 965 anonymo
852 931 938 957 altero
957 938 1027 957 con-

234 972 315 1002 texta,
332 979 391 1005 quae
402 972 580 1007 Metaphrasti
598 974 735 1008 praeluxit,
749 980 904 1008 serventur,
921 976 979 1003 haec
990 984 1024 1003 ex

234 1016 280 1044 ila
298 1018 514 1051 verosimillimc,
533 1028 567 1047 ne
582 1021 671 1048 dicant
696 1022 822 1055 indubie,
841 1022 923 1050 fuerit
938 1023 1026 1050 ador-

232 1068 308 1094 nata,
325 1069 406 1099 atquc
424 1065 449 1092 id
463 1066 499 1093 ita
522 1066 646 1102 quidem,
664 1072 693 1094 ut
707 1073 804 1096 auctor
828 1077 992 1104 anonymus.
1008 1077 1024 1097 a

232 1119 287 1146 quo
306 1111 372 1138 illud
389 1112 490 1140 fat-tum
505 1134 511 1145 ,
531 1114 642 1142 inventa
659 1123 674 1142 a
691 1123 751 1143 sese
767 1117 794 1143 in
812 1116 883 1143 dicta
904 1117 1026 1144 breviori

232 1164 281 1184 seu
299 1156 356 1185 Vita
376 1167 423 1186 seu
439 1160 571 1188 Passione
597 1161 667 1188 facta
681 1183 688 1195 ,
713 1162 866 1190 intcrsertis
886 1163 1003 1190 subinde
1017 1182 1024 1195 ,

233 1212 294 1238 quae
309 1205 334 1231 in
353 1205 397 1231 illa
416 1211 520 1239 narrat,
536 1207 669 1241 prodigiis
684 1208 820 1243 factisque
833 1209 1025 1243 improbabili-

235 1250 297 1283 bus,
318 1253 540 1287 paraphrastiee,
556 1254 594 1281 uti
612 1262 644 1281 ex
663 1256 806 1290 utriusque
823 1256 1025 1283 lucubrationis

234 1297 382 1325 collatione
400 1303 532 1333 patescat,
549 1300 712 1334 explanarit.
725 1303 815 1336 Atque
829 1302 873 1329 illa
891 1302 1002 1336 quidem
1017 1321 1024 1334 ,

237 1347 277 1376 ul,
289 1343 354 1378 quid
371 1343 405 1370 de
421 1345 556 1378 scriptore
574 1345 619 1371 illo
637 1346 767 1378 sentiam,
781 1347 891 1374 tandem
907 1348 1027 1379 edicam,

235 1389 258 1415 ai
275 1397 328 1416 non
350 1389 464 1423 ipsemet
479 1390 630 1419 confinxit.
654 1399 687 1418 ex
711 1391 794 1418 inﬁda
810 1393 1027 1424 tverosimillime

237 1435 310 1470 Vulgi
328 1435 398 1462 fama
415 1428 575 1471 popularivc
593 1437 742 1464 traditione
756 1439 896 1473 acceperit
916 1448 922 1465 :
944 1440 1027 1467 tnodo

237 1481 329 1508 adhuc
346 1501 352 1511 ,
377 1487 486 1516 quantre
511 1483 623 1517 quidem
652 1484 825 1519 antiquitatis
850 1485 960 1513 brevior
983 1487 1027 1514 illa

238 1527 331 1554 Sancti
347 1528 434 1554 nostri
451 1527 510 1555 Vita
526 1528 662 1558 videatur.
679 1538 798 1564 expono.
812 1531 890 1564 Quod
909 1532 931 1558 si
951 1540 1026 1564 vere,

1074 277 1176 308 xuisse,
1193 277 1240 303 sed
1251 277 1308 311 jam
1325 278 1359 304 ab
1376 278 1429 304 alio
1441 282 1600 304 contextam
1620 278 1646 304 in
1661 277 1864 306 bibliothecam

1076 330 1152 350 suam
1167 323 1304 353 intulisse.
1318 323 1398 351 initio
1413 324 1519 355 innuat,
1536 324 1609 358 paris
1624 323 1695 351 forte
1711 324 1864 358 antiquita-

1075 367 1110 395 tis
1126 373 1176 396 est.
1193 367 1262 395 lluic
1276 377 1356 404 porro
1376 369 1496 396 breviori
1510 377 1556 404 per
1572 376 1740 404 anonymum
1755 371 1866 404 scripta:

1076 413 1168 441 Sancti
1196 414 1260 442 Vita:
1284 414 1352 442 duas
1380 415 1470 442 adhuc
1498 422 1579 450 supra
1603 415 1659 449 jam
1686 421 1864 448 memoratas,

1074 467 1190 493 quarum
1208 461 1294 487 altera
1320 461 1401 487 etiam
1419 461 1453 488 ab
1466 469 1616 497 anonymo,
1642 461 1729 488 altera
1747 470 1760 489 a
1781 462 1867 489 Meta-

1075 505 1186 540 phraste
1203 505 1253 533 fuit
1268 506 1446 538 concinnata,
1459 507 1605 534 Passiones
1617 515 1665 534 seu
1677 507 1752 536 Vitas
1767 509 1867 535 Deme-

1076 551 1120 577 trii
1137 551 1204 578 alias
1218 571 1226 583 ,
1249 556 1306 579 tum
1332 553 1405 587 quod
1435 553 1547 588 prolixae
1565 553 1711 580 admodum
1728 562 1782 581 non
1798 555 1866 586 sint,

1076 598 1201 633 typisquc
1213 598 1356 630 hactenus,
1372 606 1452 634 quam
1468 607 1621 635 anonymus
1633 600 1789 630 contexuit,
1802 601 1865 627 vul—

1077 648 1139 680 gata
1157 645 1230 672 haud
1247 645 1340 678 fuerit,
1355 651 1412 672 tum
1428 646 1499 680 quod
1516 646 1541 673 id
1558 645 1684 674 studioso
1699 647 1805 679 lectori,
1818 647 1865 682 qui

1078 692 1118 719 sic
1136 699 1196 726 quae
1213 690 1247 720 de
1264 693 1419 726 ambarum,
1442 697 1471 719 ut
1487 694 1523 719 ita
1550 693 1650 725 dicam,
1669 694 1762 728 genesi
1783 701 1866 728 Supra

1076 739 1232 772 docuimus,
1258 739 1416 766 examinare
1434 739 1577 767 commode
1603 741 1714 774 poterit,
1743 740 1868 767 futurum

1078 790 1170 819 putem
1192 793 1246 812 non
1263 786 1409 820 ingratum,
1428 785 1522 813 Graece
1543 786 1625 813 simul
1638 791 1665 813 et
1681 786 1777 813 Latine
1800 787 1868 814 sub-

1075 831 1203 866 jungam,
1218 832 1338 865 priorem
1362 831 1472 866 quidem
1497 839 1512 858 e
1529 833 1633 859 codicis
1661 834 1747 860 nostri
1768 836 1797 864 ᾖ(
1814 841 1867 860 ms.

1080 878 1131 905 195
1143 886 1195 904 ms.
1206 878 1312 911 Grzeco,
1323 879 1395 913 quod
1408 886 1422 905 e
1437 879 1609 907 bibliotheca:
1621 879 1759 907 Vaticana
1774 881 1870 908 codice

1078 923 1127 951 821
1150 923 1325 958 desumptum
1339 929 1461 957 notatur,
1472 925 1601 960 quodque
1616 925 1733 960 ipsemet
1750 934 1765 953 e
1778 927 1870 961 lingua

1078 969 1171 997 Grmca
1191 971 1216 996 in
1241 970 1367 997 Latinam
1389 971 1533 1003 converti;
1563 973 1745 1006 posteriorem
1772 980 1839 999 vero
1855 981 1871 1001 e

1079 1024 1162 1051 supra
1173 1023 1323 1044 memorata
1340 1017 1461 1045 Bollandi
1477 1020 1563 1045 nostri
1581 1019 1701 1046 editione
1716 1027 1763 1046 sett
1777 1021 1871 1054 potius

1080 1071 1094 1091 ε
1110 1063 1339 1090 Christianissimi
1354 1065 1424 1099 regis
1442 1065 1623 1092 bibliotheca‘
1635 1065 1772 1097 Mediam,
1786 1074 1801 1091 ε
1816 1073 1872 1100 quo

1079 1110 1213 1137 adornata
1227 1111 1284 1137 hmo
1301 1110 1362 1142 fuit,
1383 1112 1452 1138 codii
1463 1120 1488 1142 ο,
1502 1120 1563 1139 eum
1579 1111 1721 1146 Lipomani
1746 1118 1774 1139 et
1799 1111 1872 1140 Surii

1080 1156 1250 1184 editionibns
1262 1157 1370 1183 collato.
1381 1158 1468 1190 Atque
1482 1158 1517 1184 ita
1531 1159 1622 1190 modo,
1634 1158 1728 1192 quanti
1743 1166 1872 1192 qumque,

1080 1211 1142 1238 quae
1158 1203 1348 1236 inveniuntur,
1367 1203 1459 1230 Sancti
1477 1202 1544 1230 Vita.-
1562 1204 1680 1236 valcant,
1703 1209 1730 1232 ct
1745 1213 1871 1239 quaenam

1080 1258 1111 1277 ex
1126 1250 1200 1277 h'sce
1215 1251 1413 1278 commentario
1429 1251 1491 1276 huic
1506 1250 1656 1277 subulendte
1676 1251 1807 1285 sintLjam
1823 1254 1874 1277 ex;

1080 1296 1159 1330 posui
1173 1304 1180 1328 ;
1196 1297 1245 1322 etsi
1260 1300 1361 1328 autem,
1376 1300 1403 1322 ut
1415 1295 1518 1326 monui,
1535 1295 1693 1323 Passionem
1717 1303 1765 1322 seu
1785 1295 1873 1322 Vitam

1081 1342 1175 1369 Sancti
1205 1343 1381 1374 breviorem,
1417 1343 1452 1369 ab
1489 1343 1636 1370 Anastasio
1659 1343 1874 1371 Bibliothecario

1083 1388 1181 1416 Latine
1206 1389 1350 1422 redditam,
1373 1397 1387 1416 ρ
1407 1389 1556 1416 Mabillonii
1580 1390 1704 1417 editione
1721 1398 1873 1418 recusurus

1082 1435 1146 1467 sim,
1165 1436 1412 1467 miraeuiatamen,
1430 1442 1491 1462 utut
1512 1435 1669 1463 \‘itaeilli'in
1688 1437 1739 1464 hac
1751 1438 1873 1472 proxime

1083 1482 1216 1511 subnexa.
1247 1483 1368 1509 nonnisi
1390 1483 1422 1509 ad
1450 1483 1567 1509 duarum
1589 1483 1718 1515 aliarum,
1757 1484 1872 1518 pariter,

1083 1534 1113 1556 ut
1140 1529 1196 1564 jam
1214 1529 1282 1561 dixi,
1308 1530 1491 1560 edendarum,
1510 1529 1613 1556 calcent
1638 1530 1776 1564 adjiciam,
1792 1529 1874 1564 idque

239 1573 278 1601 uti
294 1573 364 1602 forte
381 1574 510 1615 cx_dictis
529 1574 642 1605 factum.
657 1576 790 1610 [ποΙαίοΓ
806 1578 935 1613 anonymi
954 1579 1031 1606 lucu.
1046 1585 1067 1615 ο
1085 1583 1139 1602 non
1161 1583 1194 1602 ex
1221 1583 1317 1602 eorum
1335 1575 1440 1601 edttore
1461 1574 1616 1602 Mabillonio
1634 1576 1814 1602 Auastasiove
1830 1575 1875 1601 in-

237 1621 338 1653 bratio,
355 1611 607 1656 quze‘liletaphrasti
628 1622 766 1657 praeluxit,
783 1611 894 1657 Joanni,
910 1625 1030 1653 Thessa-

237 1670 369 1698 lonicensi
384 1671 484 1698 saeculo
495 1671 618 1706 septimo
636 1672 767 1704 antistiti.
780 1673 883 1707 pariter
895 1675 1030 1708 prazluxc-

239 1717 286 1748 rit,
305 1717 426 1749 brevior,
443 1717 477 1744 de
499 1726 551 1751 qua
571 1718 627 1748 hic,
654 1718 748 1745 Sancti
768 1719 829 1746 Vita
854 1727 902 1746 seu
926 1720 1031 1751 Passio,

239 1766 334 1796 utpote
350 1762 412 1792 hac.
428 1763 521 1796 utjant
534 1762 627 1794 docui,
639 1764 790 1798 antiquior,
801 1765 857 1798 jam
875 1764 938 1792 inde
947 1766 1030 1792 etiam

239 1807 273 1834 ab
287 1807 384 1833 eodem
407 1807 509 1834 smculo
537 1808 667 1842 septimo,
691 1809 746 1836 imo
767 1809 837 1837 forte
860 1810 916 1844 jam
937 1810 998 1838 inde
1017 1819 1032 1838 a

239 1851 340 1879 smculo
354 1856 433 1879 sexto
450 1856 497 1878 aut
512 1852 584 1880 forte
603 1853 695 1881 adhuc
708 1854 791 1881 cilius
807 1855 891 1893 fuerit
909 1856 1034 1883 conscri-

239 1903 297 1933 pta.
313 1899 347 1926 Et
371 1906 449 1932 vero,
462 1907 524 1926 cum
543 1900 708 1928 Anastasius
724 1900 968 1935 Bibliotheearius,
984 1910 1035 1929 sae-

240 1945 295 1972 culi
316 1945 381 1972 noni
408 1946 541 1980 scriptor,
564 1954 624 1974 sese
638 1947 712 1974 illam
743 1955 799 1974 non
821 1953 887 1975 tune
912 1949 1031 1983 primum

240 1992 430 2024 concinnasse,
444 1993 491 2019 sed
506 1997 614 2020 tantum
638 1993 694 2029 jam
706 1994 900 2022 concinnatam
914 2002 928 2020 e
941 1995 1035 2030 lingua

241 2037 334 2065 Gra‘ca
351 2039 378 2065 in
396 2038 522 2065 Latinam
542 2040 736 2073 transtulisse,
761 2040 788 2067 in
816 2041 932 2076 Prologo
949 2041 1036 2076 dicat,

241 2084 310 2111 nihil
331 2093 407 2118 sane,
432 2086 583 2120 quominus
601 2090 655 2113 tam
673 2087 729 2114 cito
750 2091 863 2114 exarata
886 2092 1034 2120 statuatur,

242 2130 376 2166 impedire
397 2131 517 2163 videtur,
533 2133 632 2168 vixque
649 2133 743 2164 etiam,
761 2134 827 2168 quin
853 2134 950 2175 saltem
970 2139 1036 2162 ante

242 2177 373 2204 saeculum
390 2186 495 2205 nonutn
510 2179 613 2207 litteris
627 2180 713 2209 fuerit
731 2180 936 2213 commendata,
953 2181 1037 2209 dubi-

244 2224 358 2251 tandum
374 2231 501 2259 apparet.

279 2270 324 2297 17.
344 2270 421 2297 Hauc
433 2271 526 2306 itaque
544 2271 702 2299 breviorem
718 2272 851 2308 anonymi
867 2272 1039 2301 lucubratio-

244 2324 319 2347 nem.
336 2325 397 2352 qua:
414 2322 558 2352 praeterea,
578 2319 706 2353 quamvis
718 2319 842 2354 quidem,
855 2319 929 2354 quod
943 2328 958 2347 e
969 2321 1039 2348 SCll-

244 2364 373 2399 ptoribus
391 2365 616 2393 monumentisve
632 2366 785 2400 aequalibus
807 2370 854 2393 aut
871 2367 1039 2402 subthuali-

245 2411 298 2438 bus
316 2411 414 2438 hausta
430 2419 485 2438 non
511 2412 626 2446 sciatur,
647 2412 734 2445 tidem
760 2412 943 2440 indubitatam
968 2414 1041 2441 haud

245 2462 396 2491 mereatur,
411 2458 480 2486 nihil
496 2465 588 2486 tamen
606 2459 720 2486 oumino
733 2467 747 2486 a
760 2459 878 2486 veritate
893 2464 969 2487 certo
988 2460 1036 2487 ab-

246 2506 364 2533 horrens
388 2513 488 2532 verove
513 2505 596 2532 etiam
621 2505 748 2532 absimile
771 2505 983 2540 complectitur,
1007 2505 1041 2533 ad

246 2554 440 2581 commentarii
457 2553 559 2580 calcem
584 2553 672 2587 primo
697 2553 770 2585 loco,
792 2553 867 2587 quod
884 2557 912 2580 et
936 2553 1007 2584 Vita,
1027 2561 1041 2580 a

247 2602 433 2636 Metaphraste
453 2605 593 2632 contexta,
609 2605 638 2627 et
656 2600 755 2631 altera,
772 2608 833 2634 qua":
855 2600 921 2627 huic
938 2600 1040 2634 praelu-

251 2649 302 2680 sit,
327 2647 349 2675 si
372 2647 526 2682 antiquior,
552 2646 682 2674 recudam
701 2654 717 2674 θ
735 2646 885 2674 Mabillonii
909 2646 1043 2679 editione,

249 2701 311 2721 cum
331 2693 534 2722 [iubete-Vallis
551 2701 604 2720 ms.
629 2693 746 2728 aliisque
766 2701 850 2727 supra
874 2693 1044 2725 memoratis,

252 2749 311 2776 qum
329 2741 364 2768 ad
388 2747 499 2767 manum
522 2745 604 2773 sunt,
623 2731 680 2767 tum
696 2739 816 2770 excusis,
832 2744 901 2766 tum.
921 2747 987 2766 mss.
1001 2740 1046 2767 lu-

252 2788 425 2818 cubrationis
441 2788 565 2824 ejusdem
589 2788 795 2822 exemplaribus
815 2787 912 2814 collata
925 2808 931 2817 ,
955 2786 997 2814 uti
1020 2790 1048 2813 et

252 2841 316 2860 cum
331 2834 464 2861 Photiana
482 2834 576 2861 Sancti
592 2834 664 2866 Vita,
682 2842 742 2868 quae
764 2841 826 2860 cum
842 2833 895 2860 hac
918 2841 971 2860 non
992 2838 1050 2858 tan-

255 2885 325 2911 tum,
340 2884 371 2907 ut
386 2887 470 2914 supra
485 2880 591 2908 dictum
603 2899 610 2911 ,
630 2881 657 2908 in
679 2879 834 2907 substantia
855 2879 1049 2913 adjunctisque

255 2929 314 2961 tere
334 2926 463 2954 omnibus
475 2927 599 2957 apprime
613 2926 750 2966 construit.
766 2933 860 2953 verum
877 2926 972 2956 etiam,
987 2933 1049 2953 cum

1084 1625 1214 1655 terprete,
1232 1621 1279 1648 Sed
1295 1629 1327 1648 ex
1343 1621 1420 1655 ipsis,
1433 1630 1448 1647 e
1461 1621 1562 1656 quibus
1574 1621 1700 1656 primitus
1717 1626 1873 1653 manarunt,

1084 1667 1205 1698 fontibus
1219 1667 1332 1694 Graecis.
1554 1679 1565 1683 ~
1643 1671 1654 1679 ’-

1119 1713 1163 1740 48.
1181 1713 1297 1746 Quinam
1315 1714 1341 1740 hi
1357 1714 1420 1745 sint,
1442 1721 1561 1749 expono.
1580 1713 1608 1740 In
1623 1714 1716 1742 codice
1730 1714 1795 1741 olim
1822 1715 1876 1742 Ma-

1085 1761 1201 1787 zarinreo
1210 1769 1291 1795 supra
1305 1761 1455 1795 saepissime
1474 1766 1625 1788 memorato
1639 1766 1694 1788 tres
1706 1761 1821 1788 diversae
1831 1769 1877 1788 su-

1085 1815 1134 1842 pra
1152 1808 1252 1842 pariter
1267 1813 1427 1836 memoratae
1450 1811 1560 1835 exstant
1574 1809 1607 1835 de
1623 1807 1737 1842 patratis
1752 1815 1766 1834 a
1782 1813 1877 1835 sancto

1086 1855 1224 1882 Demetrio
1239 1855 1376 1882 miraculis
1389 1855 1605 1886 lucubrationes,
1627 1862 1742 1889 quarum
1760 1854 1876 1889 p’rimam

1086 1900 1237 1927 elaboravit
1261 1900 1392 1932 Joannes,
1412 1896 1635 1935 archiepiscopus
1654 1901 1878 1928 Thessalonicen-

1087 1945 1136 1977 sis,
1160 1946 1308 1972 secundum
1322 1953 1487 1980 attonymus,
1498 1946 1545 1980 qui
1560 1947 1641 1979 hujus
1656 1946 1878 1973 iueubrationcm

1087 1991 1270 2023 continuavit.
1286 1999 1318 2018 ac
1339 1992 1446 2019 tertiam
1474 1992 1593 2026 denique
1620 2000 1772 2028 anonymus
1797 1993 1878 2023 alter,

1087 2039 1146 2073 qui,
1163 2039 1396 2074 quemadmodum
1413 2040 1441 2066 in
1470 2039 1540 2074 ipso,
1567 2046 1649 2073 quem
1671 2039 1728 2066 hinc
1756 2039 1879 2074 prmfcrt,

1088 2085 1168 2112 titulo
1185 2085 1333 2116 indicatur,
1361 2085 1470 2112 diversa
1497 2085 1615 2112 diversis
1649 2086 1821 2120 temporibus
1848 2094 1880 2113 ac

1092 2132 1160 2159 locis
1181 2132 1250 2159 facta
1266 2139 1281 2158 a
1303 2136 1400 2159 sancto
1429 2132 1568 2159 Demetrio
1583 2132 1715 2158 miracula
1735 2132 1761 2158 in
1775 2133 1881 2159 litteras

1089 2180 1173 2206 misit.
1188 2179 1259 2212 Quin
1270 2187 1284 2206 e
1298 2179 1447 2211 miraculis,
1464 2179 1506 2206 vel
1535 2179 1563 2206 in
1578 2178 1693 2206 Joannis
1703 2178 1881 2206 Thessaloni-

1089 2228 1194 2258 censis;
1209 2226 1249 2253 vel
1264 2226 1291 2252 in
1307 2226 1434 2260 auonymi
1449 2225 1550 2260 prioris
1569 2225 1758 2253 lucubratione
1783 2233 1881 2253 occur-

1091 2273 1225 2305 rentibus,
1242 2272 1373 2300 miracula
1390 2272 1507 2307 singula,
1521 2279 1581 2306 quae
1595 2271 1754 2299 Anastasius
1782 2272 1879 2298 biblio-

1095 2318 1233 2345 thecarius
1246 2317 1342 2344 Latine
1357 2318 1488 2350 reddidit,
1501 2317 1732 2351 Mabilloniusque
1748 2317 1883 2351 vulgavit,

1094 2364 1222 2399 primitus
1249 2365 1347 2391 hausta
1375 2364 1443 2395 sint,
1470 2364 1652 2391 dubitandum
1682 2366 1726 2390 vix
1753 2369 1884 2398 apparet,

1094 2419 1156 2438 eum
1177 2411 1235 2438 inec
1251 2411 1372 2442 illorum,
1397 2411 1499 2445 quibus
1525 2411 1704 2445 respondent.
1723 2412 1884 2445 compen'it-a

1094 2457 1226 2484 duntaxat
1260 2457 1326 2488 sint,
1351 2457 1552 2491 Ana=tasi0que
1575 2456 1695 2484 Joannes
1709 2457 1884 2484 Thessaloni-

1095 2503 1184 2530 censis
1195 2511 1226 2530 ac
1243 2503 1325 2537 hujus
1339 2503 1516 2530 continuator
1530 2510 1684 2538 anonymus
1708 2503 1885 2538 antiquitate,

1096 2550 1134 2576 uti
1151 2557 1185 2576 ex
1204 2550 1273 2576 infra
1294 2549 1421 2576 dicendis
1445 2549 1591 2584 intelliges,
1622 2550 1792 2583 praecellant.
1816 2549 1885 2584 Snp~

1096 2596 1215 2628 pellitata
1246 2595 1337 2629 itaque
1362 2594 1437 2629 apud
1466 2594 1653 2621 Mabitlonium
1683 2594 1717 2621 ab
1740 2594 1886 2621 Anastasio

1099 2641 1312 2669 Bibliotheeario
1337 2641 1469 2668 miracula
1487 2648 1503 2667 e
1523 2641 1596 2668 binis
1622 2641 1677 2668 illis
1704 2641 1886 2675 scriptoribus

1098 2690 1132 2717 ad
1152 2689 1272 2717 Vitarum
1291 2690 1372 2716 trium
1386 2697 1435 2716 seu
1467 2689 1628 2716 Passionum
1645 2689 1815 2716 edendorum
1831 2687 1885 2714 cal-

1098 2745 1158 2764 cem
1174 2738 1330 2772 adjungam.
1354 2736 1392 2763 ita
1409 2735 1490 2763 modo
1513 2743 1607 2763 eorum
1625 2735 1831 2762 lucubrationes
1842 2742 1886 2761 sse

1101 2784 1210 2818 potius,
1229 2790 1288 2817 quae
1315 2783 1391 2809 hisce
1412 2783 1602 2815 continentur,
1631 2781 1763 2809 miracula
1782 2781 1886 2811 omnia,

1102 2839 1153 2857 una
1183 2838 1246 2857 eum
1276 2830 1415 2864 anonymi,
1445 2830 1503 2862 qui,
1534 2833 1564 2855 nt
1593 2828 1649 2864 jam
1678 2828 1746 2859 dixi,
1783 2827 1855 2854 facta
1876 2834 1886 2852 ρ

1104 2880 1198 2902 sancto
1222 2874 1359 2902 Demetrio
1383 2875 1493 2901 diversa
1522 2874 1642 2900 diversis
1667 2872 1840 2907 temporibus
1860 2878 1888 2897 ac

1103 2921 1170 2948 locis
1187 2920 1318 2948 miracula
1333 2920 1431 2948 litteris
1442 2919 1591 2950 mandavit,
1608 2918 1800 2950 iucubratione
1819 2916 1888 2952 typis
