2049 3151
148 151 222 183 Ῑῦΰζὶ⁶

659 150 689 180 S.
714 148 905 178 DEMETRII
928 146 1129 177 MAllTYRIS
1150 147 1252 178 ACTA.

1709 151 1741 181 10
1748 151 1777 182 il

148 209 266 244 primum
284 208 385 243 (neque
401 208 476 235 enim
492 208 639 239 hactenus,
658 206 730 241 quod
743 207 839 238 sciam,
859 205 938 233 editae
954 206 976 234 Δ
990 202 1105 231 Joannis
1122 204 1319 240 archiepiscopi
1349 206 1480 234 industria
1508 207 1616 243 egregie
1634 207 1776 242 incumbit,

150 255 270 289 fuerunt)
304 255 399 282 Grzece
432 255 515 282 simul
553 259 581 281 et
614 253 710 280 Latine
748 253 936 288 subjecturus.

149 302 225 334 Quod
246 306 275 328 ttt
291 301 324 328 ad
343 309 447 328 morem
479 306 602 328 nostrum
621 300 730 329 faciam.
747 307 817 334 opus
851 304 938 326 totunt

149 348 175 374 in
208 353 255 380 tot,
274 353 341 383 quot
369 348 578 375 lucubrationes
598 352 673 379 sunt,
695 347 782 373 libros
802 346 937 378 diversos,

148 394 192 427 qui
214 401 241 420 et
257 394 309 428 ipsi
329 395 355 420 in
373 394 463 428 capita
480 401 513 420 ac
539 400 670 420 numeros
691 392 773 419 divisi
799 391 865 422 sint,
883 389 940 417 dis-

150 439 282 474 tinguant,
295 440 577 473 anuotationibusque
589 439 682 470 ctiatn,
696 438 740 466 ubi
752 437 777 464 id
787 443 938 471 congruum

150 486 394 521 necessariumque
405 486 575 521 judicavero,
594 485 627 512 ad
640 485 806 520 singulorum
818 483 939 518 capitum

148 532 229 559 tinem
247 533 375 566 adjectis,
397 533 550 560 illustrabo.

187 579 230 605 t9.
248 578 347 605 Verum
365 586 428 606 cum
446 586 495 613 per
516 578 599 605 breve
626 582 744 613 tempus,
770 584 825 612 quo
852 577 938 604 codex

146 625 212 651 olim
228 625 407 657 lilazarin'atus
421 632 504 658 supra
520 624 672 658 szepissimc
687 623 813 650 laudatus
829 623 862 650 ad
881 630 940 649 ma—

148 679 218 697 ttuttt
233 671 294 702 fuit,
312 679 327 698 e
346 670 497 702 miraculis,
517 678 577 703 qua:
597 669 683 696 tribus
698 669 752 696 illis
771 668 940 696 luuthratio-

146 717 233 743 nibus
249 716 535 751 comprehenduntur,
550 715 673 750 quaedam
690 715 824 742 duntaxat
835 714 940 749 integra

148 771 204 789 una
234 770 296 789 cutn
321 762 425 797 aliquot
458 762 573 788 aliorum
591 761 762 796 fragmentis,
782 761 941 787 narratione

149 809 256 844 reliqua
285 809 311 836 itt
340 809 537 844 compendium
567 812 720 838 contracta,
737 807 894 834 describere
908 814 942 833 ex

151 855 203 883 hoc
220 856 340 888 licuerit,
353 863 406 890 qua
424 856 530 882 ratione
549 854 700 882 editionetn
717 855 790 881 illam
817 853 941 880 adorna—

149 902 309 934 turussim,
329 902 524 935 exponendum
542 901 632 927 adltttc
651 906 702 928 cst.
722 900 863 932 Miracula,
880 907 939 934 qua:
959 915 979 942 Β

149 955 164 975 e
180 949 275 976 codice
287 948 448 974 Mazarina-o
462 947 568 982 integra
580 947 721 979 habemus,
739 947 845 982 integra
857 947 940 974 etiam

151 1002 184 1022 ex
210 995 262 1021 ltoe
285 994 423 1021 dabimus.
449 994 524 1021 ldettt
553 993 635 1020 etiant
659 998 793 1028 quantum
823 994 856 1020 ad
887 993 942 1020 fra-

149 1045 272 1077 gmenta,
301 1048 361 1075 qua:
391 1048 476 1075 penes
501 1048 552 1068 nos
586 1047 620 1067 ex
646 1041 742 1067 eodem
770 1040 865 1068 codice
891 1041 939 1067 de-

149 1088 252 1122 scripta
267 1091 388 1118 exstant,
404 1094 501 1114 sumus
518 1087 614 1114 facturi
629 1095 636 1119 ;
649 1088 684 1114 ita
696 1091 799 1118 tamen,
813 1091 852 1119 ut,
868 1089 940 1121 quod

149 1133 184 1160 ab
201 1133 290 1166 hisce,
309 1137 476 1167 punctorum
495 1133 720 1167 interpositione,
745 1141 807 1167 qua:
837 1133 941 1159 hiatum

150 1180 252 1214 signet,
268 1185 414 1214 propterea
431 1180 549 1207 subinde
567 1180 781 1214 distinguendis,
797 1187 812 1207 e
838 1180 942 1215 reliqua

150 1227 310 1253 narratione
323 1226 413 1258 abest,
427 1234 542 1262 nosque,
562 1231 591 1254 ut
603 1227 657 1262 jam
673 1227 760 1258 innui,
777 1229 943 1262 contpettdio

151 1271 342 1303 habeuiuspin
373 1271 605 1300 Adnotationibus
619 1272 750 1299 lectorem
766 1273 816 1299 sint
832 1273 944 1300 edoctu-

151 1323 211 1343 rus.
229 1316 306 1349 Quod
335 1323 426 1344 autem
442 1317 475 1344 ad
489 1318 552 1349 alia,
583 1325 643 1351 qua:
660 1318 747 1344 tribus
758 1325 840 1352 supra
861 1318 943 1345 dictis

151 1361 391 1389 ktcubratiouibus
435 1363 622 1394 continentur,
655 1363 786 1390 miracula
827 1368 942 1398 spectat,

153 1415 238 1434 unum
254 1415 286 1435 ex
303 1408 346 1435 his
361 1416 375 1434 e
390 1408 566 1440 Contbctisio,
584 1409 628 1444 qui
646 1409 672 1435 id
691 1409 717 1435 in
746 1408 873 1437 Historirr
889 1410 944 1445 By-

150 1455 267 1481 zantium
293 1460 354 1489 post
377 1454 573 1490 Theophanem
593 1456 784 1491 scriptoribus,
803 1465 863 1492 pag.
891 1458 944 1484 5M

151 1506 177 1526 et
195 1499 268 1526 binis
284 1507 360 1535 seqq.
374 1509 388 1526 c
401 1501 495 1528 codice
511 1501 673 1528 Mazarinmo
691 1509 773 1536 supra
791 1502 943 1536 smpissime

151 1546 263 1573 laudato
291 1551 427 1578 recenset,
448 1546 575 1582 vulgabo,
603 1547 708 1581 reliqua
725 1554 790 1574 vero
818 1547 943 1575 ecodice

992 252 1042 278 etsi
1071 259 1125 277 non
1153 252 1254 278 desunt
1282 253 1410 287 utrinque
1440 254 1779 290 stratagctttata,l..wllique

991 296 1112 324 facinora
1132 297 1264 332 praeclare
1280 298 1364 330 edita,
1381 307 1441 332 qua:
1457 299 1526 326 forte
1539 301 1630 327 omnia
1647 300 1697 327 alia
1712 308 1780 327 ante

991 343 1136 369 occasione
1152 347 1235 370 erunt
1255 343 1445 378 producenda,
1458 349 1487 371 ut
1502 349 1529 371 et
1545 345 1639 373 ultima
1654 346 1778 381 ejusdem

991 390 1068 418 urbis
1085 391 1264 427 expugnatio,
1281 399 1296 418 a
1310 391 1417 419 Joanne
1431 393 1588 428 Anagnosta
1604 395 1712 429 egregie
1728 395 1778 422 de-

991 436 1102 471 scripta.
1124 447 1133 463 ›

1026 481 1073 508 2t.
1098 491 1107 507 ι
1125 481 1173 508 llic
1189 490 1253 510 vero
1271 483 1440 517 parcendum
1454 483 1518 511 moli
1535 484 1608 517 libri,
1626 491 1780 519 perquam,

992 535 1026 555 ne
1046 532 1123 556 extra
1138 534 1223 556 metas
1237 530 1387 564 quidquam
1411 537 1586 558 excurrerem
1599 551 1607 563 ,
1631 530 1699 558 mihi
1724 531 1781 566 ipse

991 574 1077 609 legent
1096 574 1225 609 imposui,
1241 580 1268 603 et
1282 580 1312 602 ut
1329 583 1413 603 unum
1431 576 1563 604 duntaxat
1583 585 1616 603 cx
1631 577 1720 612 spisso
1736 577 1782 604 ilio

991 627 1074 656 opere
1094 621 1268 655 (Mazariumo
1291 630 1391 657 nempe
1404 630 1486 657 supra
1505 623 1624 655 laudato,
1639 624 1684 658 qui
1708 628 1782 650 totus

992 667 1026 694 de
1040 672 1134 695 sancto
1150 667 1288 695 Demetrio
1302 673 1354 701 est,
1373 669 1468 696 codice
1482 669 1545 703 ms.)
1563 674 1645 705 caput
1659 670 1784 705 prrcliba-

992 722 1062 746 rem,
1077 714 1149 748 quod
1172 715 1243 742 ltanc
1265 715 1351 749 ipsam
1367 716 1465 743 exeism
1481 716 1557 743 urbis
1580 715 1783 744 Thessalonicae

993 759 1140 788 Historiam
1156 766 1280 789 extremo
1296 762 1382 789 limite
1399 762 1518 796 attingit.
1538 762 1593 790 Cur
1606 771 1670 790 vero
1686 764 1784 790 Deme.

993 807 1072 839 trius,
1084 812 1123 834 tot
1139 809 1226 835 modis
1243 809 1380 843 tantisque
1396 809 1521 836 hostibus
1533 810 1597 836 olint
1612 815 1721 837 servata
1733 817 1783 837 sua

993 853 1114 886 civitate,
1133 855 1217 881 semel
1234 860 1260 882 ct
1281 855 1381 882 iterum
1403 863 1418 882 a
1433 855 1535 883 Christi
1552 856 1676 883 hostibus
1702 856 1783 891 diripi

994 899 1099 932 siverit,
1114 907 1264 934 eorumque
1282 905 1421 935 postremo
1437 902 1515 928 ﬁrma
1530 902 1704 936 possessione
1716 902 1786 935 juris

995 946 1063 978 ﬁeri,
1081 946 1133 973 alta
1154 946 1200 974 Dei
1213 946 1315 981 judicia
1330 952 1407 978 sunt,
1428 955 1442 974 a
1459 948 1558 982 quibus
1575 952 1602 974 et
1627 948 1706 975 nobis
1729 956 1786 975 me-

995 994 1048 1020 rito
1065 993 1216 1020 timendum
1233 994 1277 1021 sit.
1297 1003 1306 1018 ι
1333 993 1373 1020 Ita
1387 998 1446 1024 'est,
1460 994 1558 1020 eximia
1576 994 1666 1029 plane,
1685 995 1723 1021 uti
1742 995 1786 1022 hic

993 1039 1174 1067 Conthefisius
1189 1041 1290 1072 innuit,
1305 1044 1415 1066 narrata
1434 1047 1448 1066 a
1466 1039 1582 1072 Joanne,
1604 1039 1786 1068 Thessaloni—

994 1088 1069 1114 censi
1084 1087 1299 1122 archiepiscopo,
1317 1086 1508 1121 scriptoreque
1532 1094 1669 1122 anonymo
1683 1088 1784 1122 priore,

993 1137 1074 1160 antea
1086 1134 1141 1167 jam
1157 1141 1170 1159 a
1181 1133 1260 1159 nobis
1275 1133 1396 1165 laudato,
1409 1133 1454 1167 qtti
1470 1132 1553 1167 hujus
1565 1134 1785 1160 lucttbrationetn

994 1179 1182 1211 continuavit,
1217 1179 1302 1206 sancti
1338 1178 1480 1212 Demetrii,
1511 1180 1605 1214 majori
1634 1180 1729 1207 saltem
1753 1187 1787 1207 ex

994 1229 1082 1259 parte,
1099 1230 1163 1252 sttut
1185 1225 1330 1256 miracula,
1354 1226 1542 1260 nonnullaque
1560 1228 1641 1253 etiam
1660 1233 1691 1253 ea
1716 1226 1788 1252 inter

993 1274 1154 1301 οεουιτιιιιι,
1166 1278 1237 1304 quin,
1250 1278 1312 1297 cunt
1329 1275 1456 1297 S‘HICIUHI
1473 1270 1639 1298 Dentctrium
1655 1272 1786 1303 Avarum,

995 1316 1154 1343 Sclavorum
1168 1317 1340 1351 aliorumque
1355 1317 1532 1344 barbarorum
1550 1317 1693 1345 obsidione
1703 1318 1789 1345 Thcs-

994 1364 1143 1391 salouicam
1172 1364 1267 1390 urbem
1291 1371 1367 1390 suant
1398 1363 1516 1390 natalem
1544 1364 1674 1391 liberasse
1697 1365 1788 1400 periti-

995 1411 1088 1444 beant,
1104 1410 1137 1438 ad
1154 1412 1275 1445 gentium
1290 1411 1387 1437 harum
1399 1410 1552 1442 historiam,
1564 1418 1611 1438 seu
1626 1419 1668 1438 res
1679 1411 1789 1439 Graecos

995 1460 1068 1484 Inter
1084 1462 1111 1484 et
1129 1457 1189 1484 illas
1204 1462 1295 1492 gestas
1321 1457 1507 1490 illustraudas,
1524 1463 1664 1493 utcunque
1686 1460 1790 1486 condu-

995 1509 1076 1537 cunt;
1094 1512 1154 1539 quae
1177 1511 1243 1531 sane
1267 1504 1337 1535 sola,
1357 1504 1407 1530 etsi
1427 1505 1549 1539 reliquie,
1574 1514 1634 1539 qua:
1657 1514 1672 1532 a
1695 1506 1788 1533 Sancti

995 1550 1079 1585 gloria
1098 1554 1240 1584 petuntur,
1255 1545 1376 1577 rationes
1390 1550 1572 1582 dccssent,ad
1591 1552 1721 1578 miracula
1743 1553 1787 1579 illa

151 1597 247 1618 nostro
264 1591 371 1626 signato
388 1594 418 1623 r14
444 1598 496 1618 ms.
517 1592 579 1624 193,
598 1592 624 1618 in
641 1599 706 1627 quo,
734 1599 881 1627 suppresso
900 1600 949 1620 au-
963 1597 984 1626 C
1001 1596 1062 1622 luce
1077 1595 1197 1630 publica,
1214 1603 1266 1629 qua
1285 1595 1417 1622 hactenus
1433 1601 1591 1629 caruerunt,
1604 1599 1731 1624 donanda
1743 1598 1788 1625 vix

151 1638 248 1670 ctoris,
266 1640 310 1672 qui
342 1635 461 1664 Joannes
475 1636 732 1665 Thessalonicensis
749 1642 800 1669 est.
820 1638 945 1672 nomine,

151 1685 289 1712 habentur
316 1683 414 1718 partim
443 1683 551 1718 integra
577 1683 714 1718 descripta
731 1685 944 1720 desumptaqne,

151 1736 181 1757 ut
211 1733 332 1762 notatur,
361 1736 376 1756 e
403 1729 498 1756 codice
527 1729 700 1757 bibliothecae
719 1729 857 1758 Vaticana:
882 1731 945 1765 821,

151 1777 251 1812 partim
269 1776 296 1803 in
319 1776 514 1810 compendium
544 1783 558 1803 a
585 1776 691 1804 Joanne
721 1777 866 1804 Stauracio
897 1786 947 1813 per

150 1823 307 1850 orationem
348 1821 419 1848 infra
455 1821 621 1848 laudandam
665 1827 944 1860 contracta,atque,

150 1871 190 1896 uti
208 1870 236 1896 in
255 1868 377 1903 margine
393 1868 528 1903 signatur,
544 1876 560 1895 e
588 1868 688 1896 Leonis
705 1869 795 1896 Allatii
812 1877 883 1898 mss.
899 1878 947 1898 ac-

151 1920 242 1951 cepta.
296 1926 297 1929 π
343 1920 345 1922 ·
416 1924 426 1927 ν’

187 1965 236 1992 20.
252 1964 289 1992 Ut
303 1971 397 1999 porro,
412 1971 472 1998 qua
490 1971 544 1989 non
559 1971 669 1998 parum,
691 1968 720 1990 ut
748 1963 878 1990 miracula
902 1963 947 1991 illa

151 2010 276 2041 ederem,
314 2010 489 2042 contulerint,
524 2009 655 2035 lectorem
685 2008 766 2035 modo
802 2009 945 2041 edoceam,

151 2055 338 2085 Combeﬁsius
361 2055 451 2089 operis
470 2062 533 2081 mox
544 2054 620 2082 citati
638 2062 700 2089 pag.
718 2054 780 2082 3M.
797 2055 824 2080 iit
846 2054 947 2082 Praafa-

153 2103 239 2134 tione,
255 2108 336 2136 quam
362 2100 476 2127 Joannis
505 2099 671 2127 Canteuiata»:
688 2099 721 2126 de
743 2099 947 2127 Thessalonica

153 2156 204 2185 per
224 2147 365 2182 Agarenos
380 2154 453 2173 attito
477 2147 529 2173 904
559 2146 670 2173 excidio
696 2145 852 2173 Narratioui
878 2154 949 2182 pra:-

152 2195 251 2226 tnitt't,
270 2197 430 2227 sequentem
458 2192 484 2218 in
510 2190 633 2223 modum,
650 2191 711 2218 aliis
726 2196 791 2218 ante
807 2191 947 2219 nonnullis

154 2239 295 2269 adductis,
315 2238 453 2273 loquitur:
474 2247 483 2263 ι
503 2237 569 2264 Erat
598 2237 683 2269 aliud,
708 2237 780 2272 quod
798 2244 946 2264 succurre-

152 2287 201 2315 bat
234 2287 263 2313 itt
292 2285 499 2315 Thessalonica,
531 2283 638 2318 imperii
666 2290 716 2317 per
736 2283 793 2310 lucc
811 2274 986 2317 tempora,D

154 2335 272 2369 ipsaque
305 2331 442 2359 anteriora
467 2330 566 2363 ocello,
594 2329 777 2365 secundaeque
806 2329 948 2364 dignitatis

154 2381 269 2408 civitate
288 2380 320 2406 ab
337 2380 394 2414 ipsa
410 2379 583 2413 imperante;
603 2382 633 2405 ut
647 2378 779 2404 nimirum
798 2381 872 2404 tanta
902 2376 948 2403 illa

155 2427 244 2455 sancti
272 2426 396 2458 Joannis,
429 2424 688 2452 Thessalonicensis
729 2422 947 2458 archiepiscopi,

154 2473 316 2502 Justiniano
339 2471 437 2504 Magno
463 2471 650 2505 Mauricioque
677 2469 903 2505 imperatoribus,
922 2470 948 2495 in

156 2528 208 2547 suo
244 2518 382 2545 Demetrio
413 2516 580 2551 proferrem,
613 2516 798 2550 deincepsque
825 2515 876 2542 alia
904 2522 948 2542 se-

156 2564 230 2593 cutis
261 2563 431 2598 tcntpnribus
451 2561 504 2588 alio
530 2566 644 2588 auclore
671 2563 816 2596 producta,
847 2561 949 2595 quibus

157 2619 211 2638 noti
225 2610 311 2636 semel
321 2612 424 2636 tentata
438 2608 546 2639 civitas,
563 2607 622 2642 ipso
631 2607 796 2641 quandoque
806 2605 947 2642 Chagano,

157 2657 209 2691 ipsi
229 2655 362 2683 Mauricio
378 2653 642 2681 formidolosissimo
653 2652 744 2684 ltoste,
757 2652 832 2678 omtti
847 2656 947 2678 conatu

155 2702 379 2735 auxiliorumque
411 2699 489 2734 copia
529 2698 683 2731 obsidente,
721 2698 813 2725 divina
844 2698 946 2732 potius,

155 2757 237 2784 quam
258 2747 378 2774 humana
397 2754 449 2782 ope
467 2746 579 2773 liberata
591 2750 644 2777 est,
660 2744 763 2780 apertis
783 2743 871 2779 Magni
895 2743 946 2770 De-

157 2794 250 2823 tuctrii
272 2794 411 2821 miraculis
436 2794 494 2828 ejus
519 2792 649 2827 generis;
676 2795 705 2818 ut
721 2798 771 2818 nec
784 2791 949 2826 pervicacis-

159 2842 221 2868 simi
241 2840 413 2875 maximeque
443 2838 576 2866 increduli
606 2838 686 2865 tidem
717 2837 795 2864 facile
826 2837 949 2864 abnuere

160 2886 286 2922 possint;
313 2894 395 2922 quam
423 2888 450 2914 in
477 2894 533 2913 rem
565 2885 666 2912 laudati
699 2884 753 2912 viri
782 2883 948 2911 sanctissimi

999 1648 1053 1667 non
1071 1647 1114 1667 me
1138 1640 1311 1672 movissent,
1332 1640 1383 1667 etsi
1410 1641 1519 1668 interim
1547 1643 1677 1670 nonnulla
1706 1644 1788 1670 etiam

998 1687 1091 1713 minus
1106 1686 1220 1714 illustria
1237 1686 1287 1714 sibi
1305 1686 1421 1714 habeant
1438 1687 1570 1714 adntista.
1589 1689 1623 1715 At
1636 1697 1701 1715 vero
1717 1690 1790 1724 quod

997 1737 1102 1768 spectat
1118 1732 1149 1760 ad
1167 1734 1253 1760 sancti
1267 1733 1489 1768 sanctissimique
1503 1734 1552 1760 viri
1573 1735 1676 1767 titulos,
1689 1736 1790 1770 quibus

996 1779 1142 1813 Joannem,
1160 1779 1432 1808 Thessalonicensem
1449 1781 1695 1816 archiepiscopum,
1709 1782 1791 1810 Cont-

997 1826 1110 1854 belisius
1128 1827 1187 1854 loco
1201 1827 1366 1861 transcripta
1382 1829 1557 1859 condecorat,
1574 1828 1646 1856 hunc
1657 1836 1708 1864 ego
1721 1837 1791 1863 prm-

997 1873 1086 1899 sulem
1102 1873 1184 1899 nullis
1206 1880 1319 1907 prorsus
1336 1872 1416 1900 fastis
1441 1875 1526 1901 sacris
1545 1874 1718 1909 inscriptum,
1733 1876 1790 1902 cul-

998 1924 1062 1946 ture
1081 1919 1268 1946 ecclesiastico
1292 1921 1350 1946 sive
1368 1927 1382 1946 a
1400 1919 1501 1947 Grtecis
1513 1921 1570 1948 sive
1588 1928 1601 1947 a
1619 1921 1724 1947 Latinis
1741 1921 1790 1948 lto-

998 1969 1124 1992 noratum
1138 1964 1260 1992 invenio.
1280 1964 1371 1997 Quare
1387 1972 1449 2000 ego,
1469 1966 1521 1992 etsi
1536 1965 1618 1992 etiam
1635 1973 1710 1992 more
1725 1965 1788 1992 olim

997 2015 1110 2045 recepto
1125 2010 1270 2045 episcopos
1291 2018 1398 2041 omnes,
1423 2015 1478 2037 tum
1503 2010 1667 2043 defunctos,
1686 2016 1741 2038 tum
1762 2012 1788 2038 in

997 2057 1067 2084 vivis
1083 2057 1174 2084 adhuc
1188 2056 1361 2088 superstites,
1376 2057 1487 2084 honoris
1499 2065 1580 2084 causa
1595 2066 1642 2085 seu
1656 2066 1704 2092 per
1718 2059 1788 2085 tituli

998 2103 1138 2131 honorarii
1159 2103 1269 2130 modum
1292 2109 1403 2130 sanctos
1425 2104 1510 2131 fuisse
1531 2105 1691 2139 appellatos,
1716 2112 1790 2131 com-

997 2155 1107 2185 pertutn
1119 2150 1246 2182 habeam,
1259 2149 1371 2184 ipseque
1386 2150 1478 2181 etiam,
1490 2150 1522 2177 de
1537 2158 1591 2184 quo
1602 2150 1656 2179 hic.
1669 2150 1790 2177 Joannes

997 2195 1250 2224 Thessalonicensis
1267 2197 1294 2222 in
1311 2196 1464 2230 titulis,qui
1482 2196 1718 2224 lucubrationibus
1731 2198 1790 2232 ejus

998 2241 1024 2268 in
1044 2242 1137 2269 codice
1155 2242 1220 2269 olim
1246 2241 1407 2269 Mazarinaao
1422 2243 1635 2277 praemittuntur,
1651 2245 1738 2271 sancti
1755 2245 1789 2271 ti-

1000 2289 1057 2316 tulo
1073 2289 1134 2324 plus
1156 2289 1241 2316 semel
1267 2288 1411 2320 atliciatur,
1433 2288 1466 2315 ad
1495 2288 1652 2316 Combetisii
1680 2295 1788 2322 tamen,

1001 2333 1046 2367 qui
1072 2329 1177 2359 tnoren‘t
1206 2332 1281 2359 illum
1305 2332 1405 2359 ibidem
1422 2338 1562 2367 spectasse
1589 2341 1645 2360 non
1672 2334 1789 2367 videtur,

999 2380 1155 2413 exemplum
1172 2377 1270 2406 Joanni
1290 2378 1531 2406 'fttessalonicensi
1559 2380 1710 2408 attribucrc
1727 2388 1791 2407 san-

1001 2425 1037 2452 cti
1054 2424 1256 2452 sanctissiutive
1270 2424 1320 2450 viri
1338 2424 1445 2451 titulum
1464 2432 1517 2451 non
1534 2425 1633 2452 ausim.

1037 2471 1081 2498 22.
1100 2470 1211 2503 \‘eruin,
1232 2471 1283 2497 etsi
1299 2478 1343 2497 res
1365 2471 1400 2497 ita
1422 2471 1530 2502 habeat,
1548 2479 1561 2498 a
1579 2471 1680 2498 virtute
1698 2476 1790 2498 tamen

1003 2517 1119 2552 vitaeque
1135 2516 1270 2552 probitate
1284 2517 1432 2550 plurimum
1453 2517 1496 2543 hic
1513 2516 1630 2551 scriptor
1647 2525 1789 2544 commcn-

1002 2564 1094 2596 d.itur,
1109 2568 1136 2590 nt
1153 2571 1218 2590 sane
1236 2563 1262 2589 itt
1278 2563 1421 2590 narrandis
1437 2562 1469 2589 iis
1487 2570 1547 2596 quae
1560 2567 1640 2589 :etate
1653 2570 1701 2589 Sita
1715 2568 1790 2597 gesta

1002 2613 1076 2639 sunt,
1093 2615 1208 2642 quaeque
1223 2608 1264 2634 vel
1283 2608 1399 2642 ipsotnet
1416 2607 1492 2639 vidit,
1509 2608 1550 2634 vel
1571 2615 1587 2635 e
1599 2608 1666 2634 viris
1679 2608 1730 2635 fide
1749 2609 1791 2635 di-

1002 2654 1073 2689 guis,
1083 2654 1181 2688 quibus
1199 2654 1323 2688 apprime
1336 2658 1476 2688 comperta
1493 2659 1582 2687 erant,
1595 2654 1699 2686 didicit,
1711 2655 1790 2681 [idem

1001 2700 1135 2734 integrann
1163 2704 1318 2732 mereatur,
1348 2700 1384 2727 ita
1401 2706 1503 2732 autent,
1528 2700 1579 2727 etsi
1607 2708 1661 2727 non
1687 2701 1789 2732 omnia,

1005 2746 1135 2781 pleraque
1149 2750 1250 2777 tatnen,
1263 2753 1323 2780 quzc
1337 2746 1423 2773 sancti
1439 2746 1676 2774 Dentetriivirtule
1686 2750 1792 2781 patrata

1006 2793 1100 2824 refert,
1113 2792 1243 2819 miracula
1258 2792 1397 2826 explorata
1411 2785 1515 2819 imbuit.
1525 2793 1606 2825 Audi,
1619 2793 1666 2828 qui
1676 2793 1792 2828 ipsemet

1005 2838 1032 2864 in
1046 2845 1126 2872 supra
1144 2838 1204 2871 plus
1221 2838 1305 2864 semel
1322 2843 1482 2870 memorata,
1497 2846 1579 2873 qttam
1602 2839 1741 2866 miraculis
1752 2859 1759 2871 ,
1777 2846 1792 2865 a

1009 2893 1038 2913 se
1057 2884 1185 2917 narratis,
1203 2883 1333 2919 pramtislt
1347 2903 1354 2917 ,
1374 2885 1498 2912 oratione
1515 2886 1677 2923 panegyrica
1689 2891 1797 2920 oppor:
