2049 3151
268 149 336 181 1C95

924 149 1252 182 SUPPLEMENTUM.

1819 153 1888 186 1096

268 211 333 234 tune
354 206 387 233 ad
403 205 561 234 institutum
583 213 706 241 praesens
720 206 747 234 in
771 207 866 236 codice
882 207 945 235 olim
965 208 1053 235 Maza-
1067 211 1091 241 Α
1105 216 1172 240 sura,
1188 208 1214 234 in
1227 207 1322 236 codice
1334 208 1398 236 olim
1413 209 1575 238 lllazarinaao
1587 210 1631 238 hic
1644 211 1757 245 mutilat,
1770 212 1830 240 loco
1845 214 1891 242 ul-

268 252 350 280 rina-o
366 260 425 287 pag.
446 252 489 284 l7,
508 253 629 287 proxime
645 258 706 288 post
718 253 800 281 verba
813 262 889 282 nom.
903 254 934 281 l0
944 255 1055 282 recitata

267 299 301 326 de
319 299 470 330 miraculis,
487 307 546 333 ψιειι
563 300 660 328 litteris
676 302 916 329 commendaturus
938 307 991 332 est,
1013 302 1054 328 lo-

267 350 380 380 quatur.
398 345 477 372 Ἀλλὰ
489 346 581 378 καθὼς
595 347 608 372 ὸ
630 347 764 382 παρθένος
777 349 926 379 ἀπόστολος
943 348 1055 383 ἔφησεν,

269 392 298 417 Ἀ
311 391 496 425 ἀκηκόαμεν.
516 392 596 424 δῆλον
610 393 638 419 δὲ
655 393 696 419 ὃτι
712 394 787 428 παρὰ
801 394 853 420 τῶν
868 394 950 429 πείρᾳ.
960 403 1055 429 παρει-

267 438 402 472 ληφότων,
413 439 429 473 ἣ
440 439 566 474 ἀκριϐείᾳ
578 439 786 473 μεμαθηκότων,
800 440 872 466 καὶᾶ
902 442 979 466 avito!
1005 442 1055 467 ἐω-

267 485 400 520 ράκαμεν
420 486 482 518 τοῖς
512 487 679 520 ὀφθαλμοῖς
708 487 802 520 ἡμῶν,
816 486 835 514 ἂ
857 487 1054 522 ἐθεασάμεθα,

268 533 316 558 καὶ
338 534 368 559 αι
394 533 491 566 χεῖρες
507 533 593 567 ἡμῶν
615 534 833 568 ἐψηλάφησαν,
853 534 937 560 ταῦτα
950 535 993 561 διὰ
1008 536 1055 570 τῆς

267 579 351 605 αὑτοῦ
377 581 531 613 συνὰρσ;ως
555 579 762 614 ἀπαγγελοῦμεν
793 581 867 614 ὑμῖν.
895 590 904 606 1
928 580 980 607 Sed
997 602 1004 611 ,
1026 586 1055 608 ut

269 624 344 659 virgo
361 625 500 657 apostolus
515 625 582 651 dixit
599 633 605 650 :
624 625 690 657 Qua:
704 625 862 656 audivimus,
881 627 1010 652 nimirum
1022 634 1054 653 ex

269 669 313 701 iis,
331 670 376 703 qui
393 671 561 703 experientia
577 675 788 705 compererant,
812 671 853 698 vel
869 671 992 706 diligenti
1012 672 1055 698 in-

268 716 416 750 quisitione
431 717 594 748 didicerant,
607 722 634 744 et
651 725 711 751 quae
722 718 831 752 ipsimet
857 718 970 744 vidimus
992 726 1056 744 ocu-

269 762 301 789 ιη
317 763 424 793 nostris,
442 770 501 798 quae
515 763 706 797 perspeximus,
728 767 752 790 et
775 772 867 790 manus
882 768 978 790 nostra:
992 772 1056 790 tou-

269 813 458 841 trertarerunt,
487 817 519 836 ea
548 810 671 843 ejusdem
698 810 800 837 auxilio
830 810 1055 837 annuntiabimus

270 855 357 880 vobis.
379 863 389 879 ι

1109 254 1175 281 timo
1199 259 1333 285 recenset,
1362 256 1530 290 temporibus
1554 257 1611 283 suis
1648 263 1754 293 gestum
1790 251 1891 290 innuit.

1107 300 1165 328 Jani
1183 308 1258 332 vero,
1273 308 1334 328 cum
1350 300 1407 327 hmc
1423 301 1458 328 ita
1472 302 1598 334 habeant,
1614 311 1708 338 eaque,
1725 313 1786 339 quae
1804 307 1893 334 tribus

1107 347 1245 381 prioribus
1265 355 1345 382 capp.
1372 347 1473 380 refert,
1502 350 1601 376 saeculo
1622 351 1748 384 septimo,
1777 352 1892 387 ipsaque

1107 392 1189 419 etiam
1211 391 1336 423 Joannis,
1355 391 1608 421 Thessalonicensis
1624 395 1824 430 archiepiscopi
1838 404 1891 424 sae-

1109 438 1220 472 pissime
1233 439 1290 473 jam
1307 438 1406 465 laudati
1427 439 1600 472 potissimum
1615 445 1704 473 aetate,
1721 442 1759 468 uti
1773 442 1892 476 ipsemet

1107 485 1197 518 docet,
1208 489 1282 519 gesta
1296 485 1359 516 sint,
1371 485 1449 511 [idem
1465 493 1530 512 sane
1543 485 1570 512 in
1589 487 1732 514 narrandis
1744 487 1786 520 iis,
1797 493 1891 522 utpote

1107 538 1121 557 a
1138 535 1261 565 tempore
1277 539 1330 565 quo
1346 530 1437 557 ﬂoruit
1453 531 1566 558 nimium
1584 532 1706 563 remotis,
1722 534 1834 561 omnino
1851 534 1893 560 in-

1108 577 1257 603 dubitatam
1285 585 1339 603 non
1369 583 1501 607 meretur.
1528 578 1645 604 maxime
1670 579 1741 612 quod
1761 584 1890 612 praeterea

1107 623 1270 657 quibusnam
1285 629 1301 650 e
1317 623 1436 649 fontibus
1448 631 1497 649 sua
1514 623 1556 650 illa
1570 628 1678 651 narrata
1693 624 1826 657 hauserit,
1840 632 1892 652 nec

1108 668 1223 702 ipsemet
1241 667 1345 703 uspiam
1366 669 1464 700 edicat,
1480 677 1530 696 nec
1543 669 1652 696 aliunde
1671 670 1802 698 habeatur
1817 679 1892 698 com-

1107 720 1228 750 pertuli».

1142 761 1187 788 25.
1206 761 1283 793 Quod
1303 762 1384 788 modo
1397 761 1430 788 ad
1449 761 1576 794 alterum,
1592 762 1672 797 cujus
1684 763 1848 796 lucubratio,
1861 770 1892 791 ut

1108 813 1172 834 ante
1186 808 1253 839 dixi,
1271 808 1462 835 miraculorum
1479 809 1649 836 edendorum
1668 810 1766 837 librum
1781 812 1892 838 tertium

1108 854 1267 886 constituet,
1293 855 1455 889 scriptorem
1483 863 1648 890 anonymum
1677 861 1793 891 spectat,
1814 864 1893 884 certo

304 901 349 928 E3.
367 900 402 928 Ut
429 907 510 934 porro
534 907 589 927 non
606 904 723 932 tantum,
738 907 820 934 quam
832 900 953 928 Joannes
969 901 1056 928 Thes—
1075 892 1094 919 Β
1110 899 1164 931 hic,
1177 908 1239 926 cum
1263 901 1368 927 editum
1399 908 1412 927 a
1436 900 1599 928 Combetisio
1630 902 1689 929 loco
1707 910 1789 937 supra
1808 904 1893 930 citam

269 947 448 974 salonico-nsis
462 947 541 973 [idem
556 951 704 975 mereatur.
716 947 764 974 sed
780 947 874 978 etiam,
885 955 937 982 qua
949 948 1058 975 circiter

268 998 348 1021 atate
371 992 504 1024 ﬂoruerit,
533 993 652 1025 edicam,
678 993 871 1020 miraculorum
888 993 1056 1020 edendorum

269 1039 317 1067 lib.
327 1048 344 1072 ι,
356 1047 415 1074 cap.
432 1040 448 1066 5
457 1040 579 1070 Eusebii,
587 1040 784 1074 archiepiscopi
795 1039 1056 1073 Thessalonicensis,

269 1089 314 1120 qui
328 1089 379 1114 sub
391 1087 516 1114 Mauritio
531 1091 694 1121 imperatore
713 1087 870 1113 cathedram
888 1087 957 1113 hanc
974 1095 1056 1114 occu-

269 1139 348 1169 parit,
371 1134 536 1160 ιιιεηιὶοηιιηι
561 1132 643 1164 facit,
662 1131 843 1166 sequentiqne
867 1132 967 1159 deinde
981 1140 1056 1167 cap.,

269 1186 341 1209 sese,
358 1178 430 1213 quod
452 1178 552 1204 Ibidem
574 1181 677 1208 narrat,
696 1177 857 1204 miraculum
870 1184 902 1203 ex
918 1184 982 1204 ante
997 1184 1056 1204 me-

269 1230 373 1252 morato
388 1224 597 1257 archiepiscopo
611 1231 642 1250 ac
658 1222 734 1256 proin
753 1223 828 1249 dicto
844 1222 962 1249 Eusebio
978 1222 1057 1249 audi-

269 1272 352 1302 visse,
370 1270 501 1301 afﬁrmat;
516 1277 600 1303 quare
613 1288 620 1300 ,
636 1277 696 1295 cum
715 1268 860 1299 Eusebius,
878 1267 1054 1295 Thessaloni-

269 1316 360 1344 censis
384 1318 435 1342 sub
460 1315 587 1340 Mauritio
618 1314 786 1348 imperatore
814 1313 1055 1348 archiepiscopus,

269 1363 349 1393 alius,
370 1369 450 1395 quam
466 1360 513 1394 qui
530 1360 626 1387 ordine
647 1359 769 1385 decimus
785 1364 898 1386 octavus
912 1358 1004 1386 sedem
1024 1359 1057 1386 il-

269 1407 322 1434 lam
339 1406 504 1440 occupavit,
525 1409 656 1438 certoque
679 1409 742 1431 ante
765 1412 866 1430 annum
881 1403 944 1437 διε),
964 1409 1057 1438 utpote

269 1461 324 1487 quo
344 1453 399 1486 jam
413 1453 472 1486 ejus
495 1459 651 1481 successor,
666 1451 766 1477 Paulus
787 1451 940 1481 luereticus,
963 1451 1001 1477 uti
1023 1450 1055 1478 ad

270 1499 344 1525 hunc
359 1506 460 1524 auntun
474 1498 546 1532 apud
560 1497 672 1531 Pagium
685 1497 710 1522 iu
727 1497 831 1523 Criticia
848 1500 875 1524 et
888 1497 1055 1531 Lequienum

269 1545 296 1572 in
312 1544 417 1571 Orienle
436 1552 522 1575 sacro,
541 1548 607 1570 tum.
623 1542 762 1573 ll,col.40
777 1543 867 1570 videre
881 1543 954 1575 licet,
971 1542 1056 1570 eccle—
1071 1559 1091 1585 α

268 1592 337 1619 siam
355 1590 627 1618 Tln-ssalonicensem
644 1590 861 1621 administrarit,
877 1589 948 1617 diem
963 1594 1054 1616 extre-

269 1645 343 1664 mum
359 1637 467 1666 clausil,
493 1645 547 1663 non
567 1642 709 1668 noscatur,
734 1643 847 1662 necesse
864 1635 978 1663 omnino
1000 1638 1053 1667 est,

268 1683 440 1714 utJoanncs,
454 1681 709 1709 Thessalonicensis
725 1687 819 1715 postea
834 1685 861 1708 et
877 1681 935 1714 ipse
950 1680 1056 1707 archie-

268 1730 408 1765 piscopus,
426 1729 545 1755 Eusebio
563 1728 604 1755 isti
622 1735 654 1754 ex
672 1727 753 1755 dictis
767 1727 883 1757 locutus,
900 1726 1054 1760 litterisque

268 1776 355 1803 sancti
369 1775 497 1801 Demetrii
509 1774 640 1800 miracula
652 1774 820 1807 complexus,
830 1773 927 1799 sarculo
939 1774 1054 1806 septimo

267 1821 400 1852 ﬂoruerit,
416 1821 539 1854 aliusque
555 1819 668 1854 proinde
683 1820 785 1853 (neque
805 1819 878 1845 enim
894 1818 989 1844 eodem
1008 1817 1054 1844 illo

268 1867 369 1894 satculo
387 1867 456 1893 duos
473 1866 594 1892 diversos
608 1886 615 1897 ,
633 1865 734 1898 quibus
749 1872 848 1891 nomen
866 1863 978 1891 Joannis
993 1863 1054 1889 fuc-

269 1913 313 1943 rit,
337 1911 556 1945 archiepiscopus
568 1910 828 1938 Thessalonicenses
850 1910 970 1944 invenio)
993 1916 1054 1936 esse

268 1966 322 1985 non
338 1958 432 1992 possit,
449 1965 529 1990 quam
543 1956 662 1983 Joannes
678 1955 934 1982 Thessalonicensis
947 1955 1055 1982 archie-

268 2007 397 2040 piscopus
419 2004 535 2030 concilio
560 2004 679 2038 generali
705 2008 793 2035 sexto,
814 2002 1053 2037 Constantinopoli

267 2059 340 2078 anno
361 2050 407 2077 681
427 2050 572 2080 celebrato,
599 2049 625 2075 iu
649 2050 828 2076 conciliorum
845 2049 1054 2077 collectionibus

267 2097 338 2131 apud
355 2097 493 2122 Labbeum
512 2100 539 2121 et
557 2094 728 2121 Harduinum
745 2095 929 2129 subscriptus.

301 2142 346 2168 '24.
365 2141 443 2168 Nunc.
458 2141 491 2168 de
508 2141 653 2175 anonytui,
670 2141 714 2175 qui
738 2140 852 2167 Joannis
876 2140 1053 2169 Thessaloni-

267 2189 358 2216 censis
374 2187 600 2217 Iucubrationem.
616 2192 642 2214 ut
657 2187 769 2218 dictum.
790 2187 970 2220 continuavit,
984 2189 1054 2215 alte-

1109 945 1288 977 miraculuiu,
1314 946 1386 980 quod
1418 954 1477 981 cap.
1493 947 1510 973 3
1534 947 1627 978 rel‘ert,
1656 955 1727 975 anno
1743 949 1804 981 905,
1820 955 1849 975 ut
1864 951 1892 976 in

1109 990 1255 1018 Adnotatis
1283 992 1307 1018 ei
1331 992 1528 1026 subjungcndis
1544 993 1658 1025 docebo,
1685 995 1818 1025 evenerit,
1835 1002 1891 1021 non

1109 1037 1202 1070 citius,
1221 1045 1301 1072 quam
1320 1037 1419 1064 saeculo
1432 1045 1516 1070 nono,
1532 1039 1587 1065 imo
1598 1046 1673 1070 vero,
1690 1046 1752 1065 cum
1772 1039 1894 1067 civitatis

1109 1083 1365 1110 Thessalonicensis
1391 1091 1438 1117 per
1464 1084 1604 1116 Agarenos
1633 1083 1708 1112 dicto
1737 1093 1810 1113 anno
1839 1085 1893 1113 9M

1109 1130 1160 1157 sub
1179 1129 1268 1156 Leone
1281 1130 1448 1164 imperature
1463 1131 1599 1157 excidium
1617 1131 1742 1168 pluribus
1765 1131 1820 1166 jam
1839 1139 1889 1158 an-

1109 1175 1152 1202 nis
1167 1175 1260 1207 fuisse,
1278 1176 1487 1208 cuuisr'riberet,
1502 1177 1681 1210 praeteritum,
1707 1184 1762 1204 non
1775 1177 1892 1204 obscure

1109 1221 1261 1253 innuat,ne
1282 1222 1391 1256 quidem
1404 1226 1466 1248 ante
1480 1221 1609 1249 satculum
1630 1221 1766 1249 decimum
1794 1223 1890 1250 fortas-

1109 1268 1147 1294 sis
1170 1267 1305 1294 ﬂoruerit.
1329 1267 1421 1300 Aliud,
1456 1275 1510 1302 quo
1551 1272 1659 1295 aetatem
1688 1268 1748 1302 ejus
1778 1270 1892 1303 propius

1107 1313 1246 1344 deﬁniam,
1272 1320 1326 1340 non
1354 1314 1509 1346 succurrit;
1537 1321 1644 1346 verum,
1679 1322 1742 1342 cum
1783 1315 1891 1341 diversa

1107 1359 1224 1386 diversis
1243 1359 1422 1393 temporibus,
1449 1365 1477 1385 ut
1498 1360 1593 1386 titulus
1611 1360 1793 1388 lucubrationi
1820 1361 1893 1388 illius

1109 1414 1155 1440 pra
1165 1404 1234 1432 ﬁxus
1248 1405 1338 1436 docet,
1357 1409 1460 1439 patrata
1473 1412 1488 1432 a
1501 1410 1595 1432 sancto
1610 1406 1746 1433 Demetrio
1761 1407 1891 1434 miracula

1110 1452 1218 1483 relcrat,
1240 1450 1359 1477 dubitari
1386 1451 1511 1487 equidem
1538 1459 1591 1478 non
1624 1452 1761 1480 immerito
1792 1457 1890 1486 potest,

1108 1505 1142 1524 an
1159 1497 1192 1524 ab
1206 1497 1318 1531 aliquot,
1330 1504 1390 1530 quae
1400 1502 1501 1529 narrat,
1513 1497 1651 1525 miraculis
1673 1499 1806 1525 remotius
1821 1499 1891 1525 haud

1109 1543 1218 1575 vixerit,
1232 1550 1311 1577 quam
1337 1547 1365 1569 ut
1377 1553 1382 1566 ι
1392 1547 1480 1570 crtam
1493 1550 1574 1578 atque
1586 1544 1696 1571 omnino
1712 1545 1891 1572 indubitatam

1108 1589 1228 1615 narratis
1261 1589 1318 1615 suis
1347 1588 1425 1615 tidem
1455 1589 1604 1616 conciliare
1629 1593 1721 1624 queat.
1748 1589 1814 1617 Utut
1843 1591 1890 1619 sit.

1109 1634 1214 1661 nullum
1229 1635 1354 1669 equidem
1379 1642 1412 1661 ex
1440 1634 1476 1662 iis
1493 1643 1553 1669 qua:
1572 1635 1665 1667 refert,
1694 1636 1892 1666 indubitanter.

1109 1680 1183 1708 velut
1208 1685 1283 1708 certo
1303 1680 1401 1707 falsum
1427 1689 1459 1708 ac
1486 1680 1623 1712 ﬁctilium,
1653 1682 1738 1708 ausim
1767 1683 1892 1716 rejiccre.

1108 1726 1196 1760 Atque
1211 1726 1258 1758 ita,
1281 1732 1384 1760 quanto
1409 1727 1521 1762 singula:
1535 1732 1591 1754 tres
1610 1727 1644 1754 de
1658 1728 1746 1754 sancti
1762 1727 1891 1755 Demetrii

1109 1772 1248 1800 miraculis
1261 1771 1375 1800 edendae
1392 1773 1595 1800 lueiibrationes
1614 1773 1641 1800 iu
1656 1775 1742 1809 pretio
1759 1775 1893 1802 habenda:

1108 1819 1173 1850 sint,
1187 1819 1267 1846 tnodo
1275 1821 1356 1846 etiam
1373 1821 1500 1854 exposui.

1142 1865 1188 1892 26.
1226 1865 1327 1892 llarum
1359 1873 1441 1900 porro
1471 1865 1586 1893 editioni
1619 1867 1780 1894 subuectant
1817 1871 1892 1894 varia

1108 1910 1188 1937 etiam
1218 1915 1273 1938 tum
1292 1911 1325 1937 de
1353 1911 1518 1946 prodigioso.
1533 1912 1604 1946 quod
1623 1919 1638 1938 e
1666 1911 1759 1938 Sancti
1776 1913 1890 1943 tumulo,

1108 1961 1165 1988 aut,
1186 1962 1215 1983 ut
1228 1957 1273 1984 alii
1293 1957 1427 1989 scribunt,
1444 1965 1560 1990 corpore
1572 1957 1774 1985 Thessalonica:
1796 1958 1890 1990 stillat,

1109 2003 1207 2029 olimve
1224 2007 1296 2029 certe
1313 2002 1434 2033 stillavit,
1454 2010 1592 2037 unguento
1607 2011 1655 2030 seu
1670 2004 1743 2035 oleo,
1759 2008 1815 2030 tum
1831 2004 1893 2030 aliis

1107 2048 1257 2078 nonnullis,
1275 2056 1335 2082 qua:
1349 2055 1363 2074 a
1379 2048 1467 2075 tribus
1485 2049 1567 2076 dictis
1582 2049 1819 2077 lucubrationibus
1840 2050 1892 2077 ub-

1107 2100 1181 2127 sunt,
1196 2095 1282 2122 sancti
1299 2094 1429 2122 Demetrii
1443 2095 1584 2123 miraculis
1602 2096 1736 2128 analecta,
1761 2096 1861 2130 partim
1876 2105 1891 2124 e

1107 2140 1296 2174 scriptoribus,
1307 2145 1431 2175 typorum
1443 2141 1574 2169 bt‘nei‘icio
1585 2142 1640 2175 jam
1653 2141 1777 2174 vulgatis.
1791 2143 1890 2175 partim

1107 2195 1123 2215 e
1142 2187 1257 2215 Joannis
1273 2187 1408 2214 Stanracii
1432 2195 1465 2214 ac
1481 2187 1611 2214 Demetrii
1627 2187 1799 2222 Cbrysolone
1815 2189 1892 2216 lucu-

267 2233 379 2268 riusque
392 2234 457 2259 item
475 2233 614 2267 anonymi,
629 2233 675 2267 qui
693 2233 800 2259 diversa
816 2233 929 2260 diversis
946 2239 1050 2269 tetnpo-
1067 2236 1089 2264 D
1104 2234 1276 2260 brationibus
1294 2233 1415 2260 nondum
1432 2233 1516 2260 editis
1531 2239 1653 2268 accepta.
1677 2233 1709 2261 Et
1725 2234 1847 2269 quidem,
1868 2234 1891 2262 si

268 2279 343 2305 ribus
366 2284 440 2313 gesta
461 2278 547 2305 sancti
564 2278 692 2304 Demetrii
710 2279 840 2305 miracula
861 2279 958 2306 litteris
974 2288 1050 2307 com-

266 2325 415 2355 mendavit,
432 2329 511 2351 aetate
527 2324 606 2351 simul
622 2332 654 2351 ac
671 2324 721 2351 [ide
737 2325 867 2351 nonnulla
884 2330 948 2352 sunt
962 2328 1053 2360 prole-

266 2371 360 2397 reuda.
376 2371 466 2401 Prior,
481 2370 559 2404 cujus
578 2370 743 2401 lucubratio,
760 2376 788 2397 ut
804 2370 860 2405 jam
888 2372 993 2403 monui,
1014 2380 1056 2400 se-

266 2417 385 2444 cundum
397 2418 589 2444 miraculorum
606 2417 772 2443 edendormn
786 2416 883 2443 librum
894 2418 1051 2451 constituet,

265 2471 326 2498 cap.
347 2463 365 2489 4
381 2469 477 2489 narrat
491 2462 667 2495 miraculum,
682 2462 766 2496 quod,
783 2464 1010 2496 quemadmodum
1026 2465 1050 2491 in

264 2509 410 2536 Adnotatis
439 2509 463 2536 ei
480 2509 639 2539 subdendis,
657 2508 772 2540 docebo,
788 2509 838 2536 sub
855 2510 946 2536 saeculi
964 2513 1051 2538 octavi

266 2555 347 2581 linem
362 2556 466 2586 evenit,
486 2559 515 2581 ut
527 2559 601 2582 certe
617 2562 670 2588 non
684 2555 775 2587 citius,
788 2563 867 2589 quam
881 2556 979 2582 smculo
998 2558 1051 2583 hoc

265 2606 428 2628 senescente
458 2600 591 2628 ﬂoruerit.
621 2599 676 2628 Nec
700 2600 769 2627 ultra
794 2601 923 2628 saeculum
947 2609 1049 2629 nouum

264 2653 330 2676 aetas
343 2649 403 2683 ejus
415 2647 566 2675 diﬂcrenda
583 2647 692 2674 videtur
707 2653 714 2673 :
738 2647 862 2673 ultimum
879 2647 952 2674 enim
970 2655 984 2674 ε
997 2647 1051 2674 mi—

265 2696 364 2722 raculis
377 2716 383 2727 ,
400 2702 460 2730 quae
478 2694 640 2721 Anastasius
661 2693 898 2725 Bililiotln'carius,
921 2698 986 2720 ante
1000 2702 1051 2720 an-

265 2749 330 2768 num
355 2741 408 2769 882
428 2749 444 2768 θ
465 2741 544 2773 vivis,
568 2744 598 2767 ut
618 2748 699 2775 supra
718 2741 810 2769 docui.
835 2745 957 2774 ereptus.
980 2741 1052 2776 apud

265 2787 454 2815 Mabillonium
475 2786 564 2814 lom.|
583 2785 705 2813 Veterum
732 2786 917 2813 Anulectorum
941 2791 1052 2818 narrat,

267 2832 371 2866 primus
400 2832 523 2859 omnium
549 2837 595 2859 aut
613 2827 708 2860 saltem
737 2837 800 2859 ante
822 2833 997 2859 Anastasium
1026 2833 1052 2859 in

266 2877 372 2904 litteras
389 2876 496 2904 misisse
516 2877 635 2908 videtur.
659 2877 749 2908 idque.
763 2878 834 2908 quod
854 2877 1051 2905 lucubrationis

1106 2287 1166 2315 quae
1183 2280 1216 2307 de
1236 2279 1428 2313 scriptoribus,
1455 2284 1580 2314 typorum
1611 2280 1743 2307 beneﬁcio
1767 2281 1891 2307 nondum

1106 2326 1234 2361 vulgatis,
1260 2333 1323 2359 quo,
1344 2333 1426 2359 quam
1451 2325 1531 2353 [idem
1558 2330 1728 2359 mereantur,
1747 2328 1889 2359 edoceam,

1105 2372 1261 2398 adnotanda
1290 2371 1426 2406 jttdicaro,
1448 2371 1474 2398 id
1498 2376 1565 2404 tum,
1593 2379 1655 2398 cum
1683 2379 1778 2398 eorum
1807 2373 1891 2398 verba

1105 2417 1328 2444 testimoniunn'e
1349 2417 1447 2444 adduci
1467 2418 1618 2451 oportebit,
1650 2418 1794 2452 praestabo.
1810 2417 1889 2450 Quod

1103 2467 1195 2490 autem
1227 2463 1261 2490 ad
1293 2462 1426 2489 Joannem
1458 2462 1631 2490 Stuuracium
1661 2467 1689 2490 et
1721 2463 1890 2490 Demetrium

1105 2508 1297 2542 Chrysoloram
1324 2513 1439 2543 spectat,
1469 2517 1524 2543 quo
1550 2509 1577 2536 in
1590 2509 1690 2543 pretio,
1715 2517 1775 2544 qua:
1791 2509 1847 2536 bini
1862 2508 1888 2535 lii

1103 2557 1251 2589 seriptores
1271 2554 1391 2581 nondum
1420 2555 1485 2582 editi
1502 2555 1528 2581 in
1552 2555 1659 2582 litteras
1679 2555 1821 2585 miserunt,
1839 2555 1889 2582 ba-

1104 2600 1192 2628 bcnda
1226 2600 1292 2631 sint,
1314 2601 1366 2628 hoc
1393 2600 1455 2627 loco
1489 2601 1565 2628 lubet
1590 2609 1739 2635 exponere.
1770 2600 1891 2628 Joannes

1103 2645 1263 2672 Stauracius
1288 2646 1420 2680 prolixam
1454 2646 1615 2676 admodum.
1647 2654 1708 2681 qua:
1737 2647 1762 2672 in
1793 2646 1891 2673 codice

1104 2696 1197 2719 nostro
1206 2694 1236 2723 ᾖ(
1253 2699 1304 2719 ms.
1318 2692 1368 2719 195
1377 2700 1391 2718 a
1403 2700 1463 2727 pag.
1475 2691 1509 2719 66
1526 2692 1651 2727 usquead
1665 2700 1724 2727 pag.
1737 2692 1770 2719 99
1783 2699 1890 2719 versam

1103 2746 1117 2765 e
1137 2737 1236 2766 Leonis
1261 2738 1365 2771 Allatii.
1383 2739 1422 2766 uti
1446 2739 1474 2766 in
1501 2740 1624 2774 margine
1646 2740 1806 2771 ascribitur,
1835 2746 1888 2765 ms.

1105 2785 1268 2819 deprompta
1296 2789 1396 2816 exstat,
1426 2785 1579 2812 orationem
1599 2787 1632 2812 de
1655 2785 1743 2812 sancti
1760 2784 1891 2812 Demetrii

1105 2831 1247 2858 miraculis
1262 2831 1413 2859 contexuit.
1428 2831 1588 2859 Guilielmus
1602 2831 1708 2860 Caveas
1719 2831 1746 2858 in
1770 2829 1891 2866 Scripto-

1105 2885 1164 2904 rum
1190 2877 1425 2905 eccleaiuuicorum
1445 2877 1575 2909 Historia,
1589 2882 1660 2911 part.
1679 2884 1698 2904 tt
1716 2876 1891 2905 dissertatiw
