2049 3151
172 135 236 167 1097

686 135 717 165 S.
733 133 923 164 DEMETRH
944 132 1143 162 MARTYRIS
1163 133 1267 162 ACTA.

1717 129 1782 162 1099

171 202 244 226 nunt,
264 193 296 220 ad
311 192 391 227 hujus
406 192 505 218 calcent
520 191 688 226 adjt-ctat‘um
709 191 796 226 prima
829 198 889 226 pag.
908 191 951 224 10,
967 200 988 228 Α
1004 190 1075 222 aliis,
1094 197 1154 224 quae
1178 190 1219 216 vel
1237 190 1265 215 in
1284 189 1345 223 ipso
1362 189 1442 222 hujus
1460 189 1655 218 Commentarii
1668 191 1783 218 decursu

170 249 229 269 sese
239 241 376 273 dubitare,
392 247 426 266 an
444 238 600 265 lucubratio
616 237 660 264 illa
683 238 754 264 edita
773 245 826 264 non
840 238 887 270 sit,
905 238 952 263 de-

169 285 264 316 clarat,
281 291 314 310 eo
334 282 538 310 verosimillime
554 282 699 315 adductus,
716 283 789 317 quod
805 283 865 316 ejus
893 289 954 316 par-

170 337 223 358 tem
241 338 254 357 a
270 330 361 356 Leone
377 329 476 356 Allatio'
492 329 519 354 in
535 328 614 356 Notis
627 328 661 355 ad
679 328 844 363 Acropolitae
860 328 952 355 llisto-

169 377 236 402 riam
246 376 344 402 editattt
358 375 478 410 legisset,
492 374 661 409 couinseque
675 374 807 401 duntaxat
823 374 860 401 rei
872 374 953 408 hujus

169 421 351 448 meminisset.
373 421 454 448 Certe
469 428 518 456 ego
547 420 617 447 istud
638 421 801 454 opusculum
826 419 895 454 typis
913 420 954 445 in-

169 472 275 502 tegrum
289 468 391 494 editum
409 467 505 497 fuisse,
524 466 644 492 nondttm
662 465 803 498 comperi;
822 465 892 499 quod
911 464 953 490 hic

168 518 279 540 notasse
292 512 417 539 sttilieiat.
436 512 502 546 Ejus
521 517 616 538 auctor
634 511 732 538 sa-culo
747 511 827 537 tertio
846 510 953 536 decimo

167 558 375 586 verosiutillime
402 558 503 585 ﬂoruit.
533 557 641 585 Etenim
676 564 731 582 tton
760 561 864 583 tantum
897 556 953 582 fere

167 606 275 636 omnia,
303 611 363 637 quae
394 602 515 629 Joannes
538 601 793 628 Thessalonicensis
819 601 955 634 archiepi-

167 657 282 685 scopus,
298 651 406 685 duoque
423 650 568 683 scriptorcs
587 649 727 683 anonynti,
759 648 839 682 typis,
857 651 886 673 ut
913 647 954 673 di-

164 702 253 726 ctum.
268 697 375 728 edendi,
403 695 539 722 memorite
558 696 685 729 produnt,
700 694 827 721 miracula
859 693 952 726 refert,

165 750 262 768 \‘cruut
273 742 354 768 etiam
368 742 419 767 alia
429 740 570 772 nonnulla,
589 745 618 766 ut
632 740 732 767 litteris
746 738 952 768 commendare,

163 788 301 822 quidquid
317 787 510 813 miraculorum
526 786 558 813 ad
588 794 664 812 suam
692 793 779 820 usque
800 789 908 811 aetatem
938 791 952 810 a

163 839 264 861 sancto
279 833 416 860 Demetrio
434 839 539 868 gestum
565 832 671 864 fuisset,
690 839 789 865 scopus
812 831 873 864 ejus
903 838 952 856 ex-

166 879 274 906 stitisse
291 878 428 904 videatur.
445 877 628 911 Quapropter,
653 884 714 903 cum
733 876 862 902 miracula
878 883 955 909 ιιι-οῖς

169 934 216 951 διις
233 924 317 956 nulla,
330 924 429 950 saeculo
441 923 520 949 tertio
533 923 638 950 decimo
651 922 814 956 posteriora,
835 928 955 947 comme-

168 975 266 1002 ntort-t,
283 969 326 996 vix
345 974 396 1001 est,
415 970 479 1002 quin
499 969 550 995 hoc
574 969 669 995 eodem
697 969 795 994 stcculo
821 967 954 997 ﬂoruerit,

169 1024 268 1050 caque,
291 1024 351 1051 qua:
390 1019 493 1047 nat-rat,
513 1014 540 1041 in
558 1014 662 1041 litteras
679 1014 796 1045 miserit,
814 1013 954 1047 ambigen-

168 1063 186 1089 d
192 1071 206 1088 ιι
211 1071 236 1088 ιιι
242 1081 249 1088 .

207 1109 252 1135 '27.
268 1107 344 1134 Licet
357 1115 451 1142 porro,
468 1111 498 1133 ut
512 1107 546 1134 de
564 1106 708 1141 scriptoris
727 1105 840 1140 fidejatn
855 1104 956 1135 dicant,

170 1154 199 1180 itt
222 1153 364 1180 narrandis
382 1152 415 1179 iis
434 1160 494 1186 quae
520 1151 615 1186 procul
640 1151 786 1178 admodum
813 1150 847 1176 ab
878 1154 957 1175 tctale

171 1207 222 1226 sua
243 1205 318 1234 gesta
331 1203 406 1230 sunt,
437 1197 517 1225 (idem
534 1203 636 1224 certant
655 1201 738 1231 atque
764 1196 957 1227 indubitatam,

172 1246 293 1272 maxime
307 1252 367 1271 cum
383 1254 396 1270 a
411 1244 527 1276 Joanne,
564 1242 803 1269 Tltessalotticensi
824 1241 958 1275 archiepi-

172 1297 270 1324 scopo,
309 1290 424 1324 aliisque
452 1289 634 1323 scriptoribus
667 1288 879 1322 antiquioribus.
920 1288 958 1313 uti

171 1336 290 1363 subinde
317 1336 356 1368 ﬁt,
385 1336 517 1368 dissonat,
549 1335 604 1362 sola
633 1343 680 1361 sua
712 1334 875 1360 auctoritate
903 1341 957 1360 non

171 1387 325 1413 mereatur,
349 1390 403 1408 tton
421 1387 463 1408 est.
481 1387 583 1412 tamen,
612 1389 660 1407 cur
675 1380 701 1406 in
717 1380 750 1406 iis
766 1387 826 1414 qua:
842 1379 883 1406 vel
903 1379 958 1411 ipsa

172 1429 234 1462 ejus
250 1432 330 1454 aetate
345 1427 387 1453 vel
403 1427 496 1453 minus
511 1426 546 1452 ab
559 1426 609 1452 bac
627 1430 731 1451 remote
747 1432 874 1455 evenere,
894 1424 960 1450 (idos

173 1474 211 1504 ei,
228 1472 279 1499 nisi
301 1472 371 1499 ratio
397 1471 509 1498 aliuttde
535 1471 618 1506 petita
642 1470 667 1497 id
694 1470 820 1502 suadeat,
840 1469 959 1504 denege—

175 1524 232 1550 lur,
249 1519 402 1552 praesertim
420 1518 441 1544 si
458 1525 490 1543 ea
501 1525 561 1551 qua:
578 1520 711 1543 memorat
724 1516 778 1542 sint
791 1515 958 1548 httjustuodi,

173 1619 190 1638 e
205 1610 295 1638 sancti
313 1609 443 1636 Demetrii
466 1616 513 1635 seu
540 1607 646 1634 tttntulo
672 1614 720 1634 seu
736 1614 850 1641 corpore
868 1611 959 1633 scatu-

173 1658 267 1684 riente
286 1655 377 1686 tradit,
393 1655 533 1689 potuerint
559 1660 619 1680 esse
635 1658 788 1687 perspecta.
806 1652 846 1678 Ad
865 1653 960 1678 Dente-

172 1703 260 1731 triutn
277 1702 467 1736 Cltrysoloram
483 1700 537 1734 jam
557 1699 648 1725 venio.
675 1698 724 1725 llic
751 1698 878 1732 scriptor,
905 1698 962 1731 qui,

171 1747 405 1784 quemadmodum
425 1746 450 1772 itt
468 1745 573 1780 adjecta
590 1746 622 1772 ad
636 1744 798 1779 Scriptorum
811 1743 964 1770 ecclesias“;

171 1802 269 1822 eorum
282 1793 406 1819 Historiae
418 1799 523 1827 partem
541 1800 548 1818 ι
563 1791 721 1826 Appendice
735 1799 795 1826 pag.
810 1791 838 1817 7i
851 1790 964 1817 Gutlicl-

172 1849 237 1868 Inus
249 1841 357 1867 Caveus
371 1840 461 1870 docet,
472 1838 542 1865 circa
554 1846 656 1864 anitum
669 1837 738 1864 1450
748 1838 964 1872 claruit,pra:ter

171 1887 322 1922 opuscula.
345 1886 448 1913 ibidem
468 1893 482 1911 a
497 1885 587 1912 Caveo
606 1885 703 1919 partim
718 1885 866 1916 recensita,
895 1884 962 1911 scri-

172 1934 232 1970 psit
258 1933 342 1959 etiaut
373 1932 502 1958 idiontate
530 1931 626 1957 Graeco
646 1930 680 1957 de
706 1934 803 1956 sancto
828 1929 965 1955 Demetrio

171 1980 342 2008 orationem.
362 1976 614 2004 Lucubratiuncula
632 1976 698 2008 haec,
715 1983 775 2010 quae
791 1975 965 2002 bibliotheca:

173 2026 315 2054 Medica-te
334 2025 420 2052 sancti
448 2023 587 2050 Laurentii
614 2022 705 2056 pluteo
730 2022 847 2053 decimo,
872 2021 966 2048 codice

173 2073 210 2100 l5
229 2080 244 2098 a
260 2071 308 2098 fol.
333 2070 362 2097 Μ
383 2070 489 2104 integra
504 2069 662 2100 exhibetur,
687 2068 754 2095 duas
771 2073 863 2102 partes
889 2075 966 2094 cotu-

174 2118 320 2153 plectitur,
338 2124 454 2151 quaruttt
471 2115 555 2142 altera
575 2114 769 2141 cncomiastice
784 2113 876 2140 Sancti
894 2121 966 2139 inar-

174 2163 282 2199 tyriutn
300 2162 414 2196 ejusque
445 2162 572 2192 adjuncta
602 2164 787 2194 exponuntur,
821 2159 906 2185 altera
933 2159 966 2186 de

1004 227 1063 262 υέυί
1077 239 1214 268 utcuttquc
1228 239 1320 267 erunt,
1335 235 1378 261 vel
1392 239 1466 262 certe
1481 235 1551 262 inter
1573 244 1656 270 supra
1672 245 1782 264 enume-

1003 286 1077 308 ratas
1105 281 1138 307 de
1166 285 1261 307 sancto
1282 280 1422 307 Demetrio
1453 282 1580 308 variis-e
1609 283 1784 311 bibiiotltccis

1003 327 1198 354 auctoribusve
1225 326 1429 353 lucubrationes
1445 333 1631 359 recensentur,
1654 330 1785 356 nonnulla

1004 373 1094 400 adhuc
1107 372 1254 406 proferant.
1269 371 1417 403 Orationis,
1430 373 1653 407 LeoniSapiettti,
1663 380 1690 402 ut
1704 384 1784 410 supra

1003 417 1094 448 docui,
1111 417 1300 449 attribuendae,
1318 417 1395 451 cujtts
1414 418 1519 444 ittitiunt
1535 419 1681 453 cst,'Ev;r,6
1697 422 1786 455 σωτή-

1006 472 1060 498 ριος
1076 463 1164 496 λόγος,
1175 471 1237 497 pars
1264 464 1410 497 qumpiam,
1431 471 1446 490 e
1463 464 1558 491 codice
1584 465 1646 490 olim
1674 465 1786 492 Max-ari-

1004 517 1063 536 ιιιεο
1079 509 1225 543 descripta,
1241 517 1324 543 penes
1337 516 1386 534 nos
1402 514 1501 540 exstat,
1522 511 1634 544 hzecque
1648 520 1700 538 una
1725 521 1785 539 cttut

1005 554 1093 584 titulo,
1123 561 1204 587 quem
1236 554 1473 580 iucubratiuncula
1501 555 1551 582 ista
1579 556 1697 590 prmfert,
1728 559 1787 584 usui

1004 599 1186 633 qualicunque
1214 599 1240 625 iit
1261 601 1457 626 (lommctttarii
1477 601 1593 627 decursu
1610 603 1672 630 erit.
1699 604 1737 630 uti
1760 609 1788 631 ct

1007 644 1163 671 inchoatum
1177 645 1251 671 hisce
1262 645 1360 675 verbis.
1369 646 1485 680 Μνήμην
1495 646 1618 679 δικαίων,
1627 648 1696 681 quod
1707 650 1788 675 etiam

1004 690 1135 721 Joannes,
1164 691 1418 718 'I‘heSsaionicrusis
1446 693 1672 728 archiepiscopus
1697 697 1788 730 sa‘pis.

1005 735 1073 762 sitne
1090 737 1223 769 laudatus,
1241 739 1393 768 contexuit.
1407 739 1493 765 sancti
1511 738 1639 767 Demetrii
1655 742 1786 775 elogium,

1004 782 1084 815 cujus
1098 782 1200 816 aliquot
1225 791 1309 816 νειμ-5
1336 792 1384 809 nos
1400 786 1481 810 etiam
1500 791 1608 812 exstant
1627 787 1787 822 fragmenta,

1007 835 1040 853 ex
1057 828 1151 854 eodem
1165 829 1260 855 codice
1276 829 1340 855 olittt
1352 829 1513 856 Mazarinmo
1525 833 1787 869 parilcrdcscripta.

973 879 993 905 Β
1008 874 1108 901 Adhaec
1124 875 1149 900 in
1166 875 1258 902 codice
1271 881 1365 902 nostro
1387 876 1405 910 ’ξ-
1425 884 1475 902 nts.
1495 878 1544 903 193
1560 879 1699 911 diﬂ'usum.
1717 882 1788 915 quod

1008 920 1139 954 Gregorio
1152 921 1267 948 diacono
1282 930 1312 948 ac
1330 923 1513 949 rcierendario
1526 925 1682 956 ascribitur,
1698 928 1788 954 Sancti

1008 966 1180 999 Encontiunt,
1203 975 1257 993 non
1276 973 1380 994 tantum
1395 977 1426 994 ex
1445 974 1530 1002 parte,
1551 971 1598 997 sed
1623 971 1758 1006 integrum
1776 984 1790 1000 a

1008 1021 1068 1047 pag.
1099 1014 1148 1040 100
1180 1013 1312 1047 usquead
1344 1022 1404 1048 pag.
1435 1015 1486 1041 106
1503 1024 1606 1042 versant
1636 1018 1790 1046 exhibetur.

1010 1058 1108 1085 \‘erunt
1139 1059 1293 1087 lucubratio
1322 1060 1417 1086 istlta-c
1434 1061 1499 1086 nulli
1517 1070 1628 1096 prorsus
1645 1066 1706 1091 usui
1731 1073 1791 1092 esse

1009 1111 1109 1138 potest,
1128 1105 1228 1139 edique
1247 1106 1360 1140 proinde
1379 1115 1432 1133 non
1452 1114 1579 1135 uteretur.
1598 1109 1696 1136 l‘r.rtcr
1715 1112 1788 1137 enim

1009 1151 1080 1184 quod
1096 1150 1334 1185 Metapitrasticant
1352 1152 1446 1179 Sancti
1466 1154 1552 1180 Vitam
1566 1161 1613 1181 seu
1631 1154 1790 1183 Passionent

1009 1197 1203 1223 encomiastice
1234 1197 1367 1224 duntaxat
1397 1204 1525 1232 exponat,
1546 1206 1640 1226 auctor
1665 1208 1791 1229 sanctum

1011 1242 1176 1269 Demetrium
1194 1244 1325 1270 adversus
1354 1245 1503 1277 Agarenos,
1533 1248 1577 1280 qui
1607 1255 1712 1282 captant
1731 1257 1745 1275 a
1765 1258 1794 1276 se

1011 1288 1236 1314 Tltcssalouitaut
1252 1295 1402 1321 vastarent,
1417 1291 1532 1324 fusoque
1547 1292 1645 1320 civium
1663 1297 1794 1329 sanguine

1012 1335 1156 1366 ftetiaraut,
1174 1335 1201 1361 iit
1221 1335 1273 1362 [itte
1289 1336 1407 1362 invocat.
1424 1337 1513 1369 Quare
1525 1346 1585 1364 cuttt
1613 1340 1647 1366 ab
1663 1341 1796 1374 Agarcnis

1011 1390 1065 1408 noti
1083 1382 1164 1408 citius
1179 1390 1259 1415 quatit
1277 1390 1349 1408 attito
1365 1382 1416 1409 904
1431 1383 1626 1411 Thessalonica
1641 1391 1719 1420 capta
1735 1388 1795 1414 l‘ue-

1012 1428 1055 1459 rit,
1070 1428 1092 1454 is
1109 1428 1311 1454 verosituillimc
1328 1429 1426 1454 szeculo
1440 1429 1557 1462 decitno,
1581 1438 1710 1466 certeque
1742 1442 1795 1462 non

1012 1472 1092 1498 citius
1110 1472 1222 1504 ﬂoruit;
1255 1477 1295 1502 ut.
1314 1474 1446 1506 quidquid
1476 1475 1508 1501 de
1537 1481 1632 1502 sancto
1662 1477 1798 1505 Demetrio

987 1545 994 1552 ι
1012 1523 1217 1550 commemoret,
1248 1519 1351 1545 nullum
1381 1520 1493 1547 omnino
1518 1520 1738 1555 Metaphrasticis
1762 1525 1796 1552 de

173 1569 206 1591 ut
220 1563 346 1599 apprime
361 1563 398 1594 ei,
414 1562 503 1597 qualia
520 1569 585 1589 sane
604 1565 679 1592 sunt,
695 1569 755 1594 qua:
772 1561 805 1587 de
820 1566 960 1594 unguento
974 1560 994 1570 “

1015 1565 1065 1592 hoc
1078 1567 1191 1592 assertis
1204 1567 1309 1600 pondus
1326 1567 1468 1602 adjuttgat.

1049 1612 1092 1638 ΞΩ.
1112 1612 1187 1644 Quod
1205 1620 1284 1645 porro
1298 1612 1329 1638 ad
1343 1613 1409 1639 duas
1427 1621 1508 1647 supra
1524 1615 1604 1642 etiam
1621 1625 1797 1652 memoratas,

1014 1666 1128 1692 quarunt
1146 1658 1231 1684 altera
1242 1658 1296 1690 (adi
1311 1658 1464 1685 Fabricium
1482 1660 1507 1686 iit
1522 1660 1681 1689 Bibliotheca
1693 1663 1797 1698 Greca,

1016 1707 1081 1728 tottt.
1099 1702 1143 1735 ιιι,
1158 1711 1215 1738 pag.
1231 1704 1259 1730 71
1271 1707 1297 1730 ct
1310 1709 1379 1736 seq.)
1397 1706 1573 1737 sequentibus
1590 1707 1801 1739 ltisce,81u:;¢-

1017 1749 1078 1779 στὰς
1106 1750 1118 1773 ὁ
1133 1748 1198 1779 Θεός
1214 1769 1220 1779 ,
1240 1749 1324 1775 altera
1341 1749 1411 1781 istis,
1438 1751 1520 1777 Οὐδὲν
1547 1751 1628 1786 cura),
1654 1738 1800 1784 inchoatur

1017 1794 1118 1825 verbis,
1135 1793 1233 1821 Leonis
1255 1794 1428 1828 imperatoris
1443 1797 1476 1822 de
1494 1796 1630 1824 Dentctrio
1647 1801 1800 1833 orationes.

1016 1839 1148 1872 aliusque,
1166 1840 1199 1865 de
1215 1840 1316 1873 quibus
1333 1848 1416 1874 pauca
1436 1841 1524 1868 adhuc
1542 1843 1584 1869 ltic
1597 1844 1688 1871 dicere
1701 1855 1802 1880 propo-

1017 1883 1242 1918 sui,scriptorunt
1257 1885 1383 1915 aliorum,
1397 1885 1665 1915 videlicetPltiluthei
1683 1891 1802 1923 patriar-

1017 1930 1075 1956 citte
1096 1929 1412 1964 Constantiuopolitani,
1433 1933 1660 1968 aequantiumque
1682 1941 1801 1969 quatuor

1018 1976 1285 2010 archiepiscoporum
1329 1975 1637 2012 Tltessaionicensiutn,
1676 1980 1800 2016 Iosephi.

1019 2021 1142 2056 Gregorii
1159 2021 1286 2053 Palatium,
1304 2021 1410 2048 Nicolai
1424 2023 1557 2050 (labasilze
1581 2031 1608 2051 et
1631 2026 1740 2059 Nicetw,
1762 2029 1803 2055 lit--

1019 2068 1193 2094 cultizttioues
1215 2073 1331 2102 spectat,
1358 2070 1488 2102 opuscula
1506 2070 1610 2104 istincc,
1633 2073 1675 2099 vel
1699 2073 1802 2102 idcirco

1019 2113 1086 2140 adeo
1110 2121 1164 2140 non
1187 2114 1302 2144 edenda,
1320 2121 1353 2139 tte
1376 2121 1407 2140 ex
1432 2121 1506 2148 parte
1524 2116 1632 2149 quidem
1657 2117 1800 2150 habemus.

1020 2167 1070 2186 nec
1087 2160 1155 2191 scio,
1173 2167 1205 2185 an
1225 2160 1339 2187 tuultutn
1362 2161 1513 2194 expetenda
1535 2161 1599 2188 sint.
1624 2163 1731 2191 Etenim
1750 2166 1804 2192 nisi

171 2207 348 2245 prodigiose,
361 2206 433 2240 quod
446 2214 461 2232 e
472 2206 578 2233 tumulo
588 2206 647 2239 ejus
659 2205 754 2236 stillat,
765 2212 812 2231 seu
829 2209 967 2238 unguento
984 2208 1005 2236 Ι)
1021 2206 1101 2237 forte,
1132 2206 1202 2240 quod
1230 2206 1307 2233 facile
1333 2207 1442 2233 interim
1469 2214 1548 2234 secus
1574 2208 1673 2240 habere
1700 2216 1802 2244 potest,

172 2263 225 2282 seu
235 2254 298 2281 oleo
309 2257 452 2279 tractatur.
466 2251 660 2284 Posteriorent,
671 2259 732 2285 qua:
740 2259 795 2277 non
810 2251 873 2282 alia,
885 2258 965 2286 quatit

174 2309 241 2336 qua:
258 2304 353 2327 auctor
366 2300 471 2335 optime
485 2298 626 2332 explorata
639 2297 846 2324 verosintillinte
861 2298 967 2329 habuit,

172 2346 348 2382 suppeditat,
367 2347 510 2380 locumque
540 2344 654 2379 proinde
683 2344 754 2371 ittter
784 2344 924 2376 Analecta,
953 2352 968 2371 a

171 2393 273 2422 nobis,
289 2396 319 2418 ut
335 2392 448 2423 dictum,
465 2391 583 2422 edenda,
614 2394 764 2419 merentur.
791 2398 806 2417 e
831 2390 904 2417 dicto
924 2390 967 2416 bi-

173 2438 327 2466 bliotheca:
354 2436 489 2464 Medicam:
515 2437 609 2463 codice
638 2436 803 2470 descriptam
824 2436 968 2462 habemus.

173 2485 308 2513 Priorem
344 2487 434 2509 autent
465 2490 520 2509 tton
552 2483 638 2514 item;
674 2490 762 2517 neque
791 2489 866 2514 vero,
894 2490 967 2513 cunt,

174 2534 307 2567 spectata
324 2537 377 2564 qua
393 2534 488 2555 auctor
504 2527 596 2555 ﬂoruit
612 2532 702 2560 aetate,
722 2528 826 2555 ttulluttt
857 2535 969 2562 prorsus

175 2578 278 2606 rebus,
311 2583 378 2609 quas
413 2575 447 2601 de
473 2574 609 2600 Demetrio
632 2579 839 2604 commemorat,
864 2575 970 2608 pondus

176 2629 266 2661 queat
293 2622 454 2656 adjuttgere,
473 2622 650 2648 vehementer
673 2621 747 2646 illam
763 2616 969 2650 .desiderantus.

215 2671 266 2699 28.
292 2671 381 2703 Atque
400 2669 436 2694 ita
454 2668 543 2698 modo,
568 2675 622 2693 nott
645 2671 750 2693 tantum
767 2674 827 2701 quae
845 2667 970 2701 integrae.

177 2725 282 2748 verum
297 2716 379 2742 etiam
405 2723 465 2749 qua:
490 2722 521 2740 ex
538 2718 614 2748 parte
632 2719 749 2744 tantum,
769 2718 917 2739 tractantes
937 2714 971 2740 de

177 2769 283 2794 Sancto
295 2761 434 2788 Demetrio
453 2759 547 2793 ejusve
565 2758 702 2785 miraculis
715 2758 920 2785 lucubrationes
937 2758 971 2784 ad

178 2807 383 2839 (lonttnetttarii
403 2806 485 2840 hujus
502 2805 605 2832 calcem
631 2804 744 2831 edendae
768 2804 834 2836 sint,
853 2804 907 2838 jam
924 2812 972 2831 cx-

178 2857 276 2894 posni.
307 2855 448 2889 Superest,
480 2857 510 2880 ut
542 2852 575 2879 de
604 2852 842 2880 lueitbrationibus
868 2852 973 2887 aliquot
993 2890 1001 2895 _

348 2904 485 2933 ΡΑτιιοι.
501 2902 558 2933 Gtt.
576 2901 683 2933 CXVI.

1020 2251 1158 2286 quidpiam
1175 2252 1215 2278 vel
1232 2252 1265 2278 de
1281 2253 1373 2278 Sancti
1395 2252 1468 2278 cultu
1484 2271 1492 2282 ,
1515 2254 1555 2280 vel
1578 2254 1611 2281 de
1634 2256 1801 2291 prodigioso.

1021 2298 1093 2332 quod
1107 2306 1138 2324 cx
1153 2299 1212 2332 ejus
1229 2306 1276 2324 seu
1293 2298 1397 2325 tutuulo
1413 2306 1460 2325 seu
1474 2307 1589 2333 corpore
1603 2300 1805 2330 Thessalonica:

1021 2344 1114 2375 stillat,
1132 2349 1269 2379 unguento
1292 2351 1340 2370 seu
1363 2345 1422 2371 oleo
1442 2345 1662 2378 subtttittistrent,
1680 2353 1806 2376 auctores

1021 2398 1116 2417 eorum
1133 2396 1252 2424 spectata
1264 2398 1317 2424 qtta
1330 2390 1483 2417 ﬂoruerunt
1510 2397 1601 2425 aetate,
1624 2394 1804 2426 illustrandis,

1022 2445 1082 2472 quae
1098 2437 1131 2463 ad
1148 2437 1277 2464 Sanctum
1301 2442 1426 2464 nostrum
1449 2444 1584 2472 spectant,
1608 2440 1689 2467 rebus
1712 2449 1807 2475 parum

1022 2483 1168 2511 adntodutn
1189 2484 1317 2510 videntur
1337 2483 1445 2510 idonei.
1463 2484 1496 2511 Ut
1515 2492 1558 2511 res
1574 2486 1717 2512 manifesta
1743 2494 1807 2513 eva—

1023 2532 1078 2560 dat,
1100 2538 1154 2564 quo
1179 2530 1283 2564 quique
1306 2530 1415 2557 circiter
1438 2535 1558 2564 tempore
1575 2530 1728 2563 ﬂoruerint,
1745 2532 1810 2558 sub-

1021 2577 1114 2612 jungo.
1130 2576 1184 2602 Leo
1202 2576 1316 2610 Sapiens
1332 2576 1366 2602 ab
1382 2583 1454 2602 anno
1473 2577 1523 2603 870
1538 2577 1570 2603 ad
1594 2585 1694 2603 annum
1722 2585 1809 2611 usque

1024 2622 1072 2649 951
1103 2622 1210 2656 imperii
1240 2622 1380 2649 orientalis
1405 2622 1526 2649 habenas
1552 2623 1603 2649 l'uit
1628 2623 1808 2654 moderatus,

1024 2667 1185 2694 Philotheus
1212 2667 1245 2693 ad
1271 2667 1362 2693 sedent
1390 2666 1719 2700 Constantinopolitanam
1746 2667 1809 2701 (adi

1024 2714 1056 2741 ch
1062 2714 1243 2747 rouologiCant
1258 2713 1473 2748 patriarcharum
1487 2712 1810 2746 Constitittittopolitano-

1026 2767 1085 2786 rum
1105 2758 1261 2790 Historiam,
1284 2759 1375 2793 opetis
1401 2758 1488 2785 n0stri
1502 2763 1568 2784 tottt.
1584 2758 1720 2793 [Augusti
1739 2767 1810 2793 pra--

1026 2807 1117 2840 lixam)
1141 2814 1213 2832 attno
1234 2806 1302 2832 l554
1327 2805 1376 2832 fuit
1405 2809 1528 2836 evectus,
1546 2812 1671 2838 annoque
1699 2805 1811 2831 circtter

1027 2852 1095 2880 1376
1112 2851 1227 2879 excessit
1241 2859 1255 2879 c
1271 2851 1348 2879 vivis.
1369 2850 1518 2885 Gregorius
1531 2849 1663 2881 Palatinas,
1679 2850 1812 2885 huiusque

1606 2896 1642 2927 35
