2049 3151
289 161 357 191 tim

940 158 1266 190 SUPPLEMENTUM.

1844 162 1914 194 1200

285 223 427 244 successor
449 213 580 241 Nicoiaus
599 213 739 241 Cabasilas
757 213 855 239 scet'ttlo
871 220 925 244 λιν,
945 214 982 239 ιιιί
999 213 1072 247 apud
1088 221 1109 247 Α
1124 214 1224 245 timeri,
1241 221 1276 240 ne
1293 213 1434 248 quidquid,
1449 213 1520 248 quod
1536 213 1569 240 de
1591 212 1687 240 illustri
1701 213 1795 242 Sancti
1812 223 1914 250 genere.

285 263 454 298 Lequieuum
474 261 502 288 in
519 259 629 288 Oriente
643 267 731 290 latro.
759 264 824 286 tom.
846 259 883 290 ll,
906 264 933 286 et
950 259 1069 286 Caveum

285 310 311 336 in
326 308 491 343 Scriptorum
502 306 742 333 ecclesiasticarum
757 305 874 332 Historia
891 305 984 332 videre
996 305 1070 337 licet,

283 354 558 383 Thessalonicensem
576 352 735 380 cathedram
752 351 905 386 occupavit.
924 350 1000 384 Quod
1023 359 1072 378 au-

283 404 337 428 tem
353 401 386 428 ad
403 399 526 427 Nicetam
546 399 681 434 pertinet,
699 398 754 425 duo
770 398 880 425 fuerunt
898 397 1071 425 Thessaloni-

283 455 380 476 censes
393 445 604 481 archiepiscopi,
617 444 728 471 nomine
746 443 846 471 Nicetae
855 444 988 474 distincti,
1003 452 1071 478 quo-

284 502 344 520 rum
368 494 448 524 alter.
472 493 511 519 uti
534 491 692 526 Lequienus
713 491 772 518 loco
789 492 835 518 cit.
858 491 947 522 docet,
971 491 1071 518 szerulo

283 541 457 573 duodecimo,
479 539 548 566 alter
567 539 657 566 adhuc
677 538 766 565 serius
781 538 882 564 floruit.

283 598 296 633 §
312 597 356 625 lll.
375 596 467 624 Sancti
481 594 699 633 imperterritnuin
718 594 890 633 medicande
905 592 1004 618 Christi
1019 592 1071 626 ﬁde

319 633 458 667 furtitndo.
476 635 500 657 ct
519 631 582 665 quid
602 630 633 655 de
655 630 688 655 iis
702 637 760 663 qua:
777 630 808 654 de
826 630 1003 667 ejusgencre,
1019 636 1069 662 pa-

318 664 382 699 tria,
400 664 598 699 tutrditt’oneque
614 670 771 696 narrantur,
785 664 952 690 censendum.

318 728 362 754 30.
385 724 484 752 lllustri
503 723 698 757 senatorioque
718 729 818 756 genere
832 725 920 747 ortum
932 719 1070 747 esseSau-

282 779 355 798 ctum
377 776 500 798 nostrum
525 767 585 795 Vita
610 768 669 801 ejus
695 775 742 793 scn
767 766 859 793 Passio
871 768 990 792 secundo
1009 765 1071 792 loco

282 818 399 849 edenda,
413 825 472 851 qua‘
491 823 656 850 anonymum
670 814 751 841 habet
765 819 916 844 auctorem,
931 812 1070 839 memoriae

284 866 384 899 prodit,
393 863 565 890 necmultum
577 862 610 888 ah
623 869 654 887 ea
666 861 693 887 in
705 861 835 894 pra-claro
849 859 997 885 astruendo
1008 858 1069 892 ejus

283 921 298 943 κ
309 918 382 937 more
394 909 506 938 abludit,
515 915 575 942 qutc
587 907 666 933 tertio
678 907 736 932 loco
747 906 851 935 ρλΙι-ίιιτ,
863 913 876 930 a
890 903 1071 937 Metaphraste

283 960 426 985 contexta.
444 957 540 988 utpote
562 952 641 979 initio
659 951 698 978 sic
715 950 821 977 habens
839 958 845 975 :
868 958 877 974 α
897 948 1021 981 Quod....
1039 947 1071 973 ad

285 1007 410 1037 parentes
423 1001 530 1031 attinet,
545 1003 604 1026 erat
615 997 728 1032 insignis
740 1001 767 1024 et
779 1003 881 1031 genere
893 993 1072 1025 clarissimus,

283 1050 374 1083 ipsum
392 1047 515 1074 referens
543 1046 575 1072 ad
600 1045 729 1078 antiquos
752 1042 923 1070 Maccdoncs.
945 1050 953 1067 ι
971 1039 1072 1067 lllustri

285 1105 366 1131 porro
383 1095 574 1127 scnatorioqne
599 1099 699 1127 genere
716 1090 865 1117 oriundum
890 1095 950 1115 esse
973 1086 1073 1113 Demc—

284 1144 384 1175 trium,
407 1141 500 1168 Latina
524 1139 584 1174 ejus
605 1137 676 1169 Vita,
694 1145 770 1164 num.
790 1137 806 1163 8
823 1135 931 1162 laudata
953 1138 1034 1168 atque
1059 1139 1072 1158 a

283 1189 425 1226 Duglossio
447 1191 585 1218 contexta,
613 1193 667 1213 non
697 1189 801 1211 tantum
827 1182 953 1213 atﬁrmat,
980 1187 1073 1207 verum

283 1238 365 1263 etiam
381 1239 535 1270 parentum,
548 1241 562 1260 a
574 1233 674 1267 quibus
690 1231 772 1258 fuerit
788 1229 959 1265 progenitus,
974 1234 1073 1254 nomen

284 1283 384 1318 prodit.
401 1281 488 1307 Verba
499 1300 506 1311 ,
522 1279 620 1313 quibus
636 1278 662 1304 id
681 1277 743 1304 facit
757 1296 764 1309 ,
780 1277 838 1303 haec
851 1279 916 1302 sunt
932 1283 939 1302 :
960 1283 969 1298 ι
989 1273 1074 1307 Cujus

285 1327 425 1362 (Demetrii
454 1324 597 1353 nimirum)
636 1327 766 1358 parentes
793 1326 872 1348 erant
900 1328 954 1347 non
983 1319 1073 1346 solum

283 1373 439 1402 Christiana
454 1371 587 1404 dignitate
604 1369 748 1402 adornati,
764 1375 859 1394 verum
881 1366 962 1394 etiam
983 1373 1016 1392 ex
1033 1365 1074 1391 in-

284 1421 354 1455 clyta
372 1419 503 1454 progenie
517 1421 677 1444 senatorum
693 1414 823 1442 nobiliter
835 1413 900 1444 orti,
917 1417 996 1447 pater
1013 1411 1074 1446 ejus

285 1469 432 1499 Adrianus,
451 1471 538 1493 mater
556 1472 619 1491 vero
638 1463 786 1497 Thcogona
801 1460 970 1489 lreatissimis
985 1459 1073 1486 notui-

286 1516 367 1542 nibus
395 1513 573 1541 vocabantur.
592 1521 601 1537 ι
619 1510 717 1537 Verum
737 1516 833 1537 omnes
857 1515 981 1543 prorsus,
1005 1513 1073 1540 quos

285 1560 394 1594 quidem
413 1559 479 1586 mihi
493 1557 585 1585 videre
602 1557 733 1582 hactenus
747 1554 835 1583 licuit.
855 1554 1001 1587 scriptorcs
1016 1556 1072 1578 tum

285 1608 384 1638 Graeci,
406 1611 462 1632 tum
480 1603 580 1634 Latini.
608 1602 629 1630 si
655 1610 737 1629 unum
751 1621 757 1632 ,
775 1600 820 1635 qui
854 1608 913 1633 qute
932 1598 1028 1626 scribit
1059 1606 1073 1624 c

286 1653 345 1680 Vita
365 1650 539 1687 Duglosﬁana
565 1648 664 1678 hausit.
683 1647 838 1674 Pelbartum
855 1644 1074 1672 Temcswarien-

285 1705 342 1726 seut
357 1698 383 1724 it:
400 1704 450 1724 suo
461 1716 468 1725 .
484 1695 557 1729 quod
577 1701 651 1720 num.
668 1693 685 1719 8
702 1691 807 1719 laudavi
825 1711 831 1723 ,
846 1695 1004 1717 sanctorum
1024 1689 1075 1715 l'o-

286 1742 372 1770 tncrio
385 1740 518 1775 excipias.
531 1739 664 1766 altissimo
677 1738 787 1765 silentio
797 1737 939 1763 involvunt
950 1736 1072 1766 nomina,

285 1787 386 1821 quibus
400 1784 530 1812 Demetrii
546 1789 674 1818 parentes
687 1784 774 1809 vocati
792 1782 905 1808 iuerint.
922 1781 1000 1814 Quod
1009 1788 1072 1807 cum

288 1835 324 1860 ita
337 1832 381 1864 sit.
395 1831 456 1866 quis
471 1830 565 1857 isthtec
578 1828 694 1861 primum
707 1828 831 1863 prudenti
843 1827 996 1862 Duglos~io.
1009 1827 1073 1853 scri-

287 1877 357 1912 ptori
374 1884 388 1903 a
415 1875 496 1902 rebus
512 1882 579 1909 qua~
597 1878 688 1900 narrat
711 1873 805 1900 multis
823 1872 928 1898 sa-culis
956 1876 1072 1904 remoto,

287 1923 335 1958 qni
357 1921 428 1949 unde
438 1929 498 1956 quae
511 1921 603 1952 tradit,
621 1924 700 1953 atque
713 1919 747 1945 ah
761 1918 959 1952 antiquioribus
978 1926 1075 1944 monuo

287 1968 387 1996 mentis
400 1968 509 1997 absunt,
531 1965 663 1996 hauserit,
680 1964 814 1994 nescitur.
832 1963 912 1990 tidem
930 1963 1072 1990 adhibeat?

287 2012 351 2039 Mihi
366 2019 432 2039 sane
445 2016 492 2037 aut
506 2012 528 2037 is
548 2014 594 2036 aut
609 2013 684 2036 certe
699 2009 816 2043 scriptor
833 2008 912 2041 alter,
928 2017 1008 2043 quem
1022 2009 1073 2036 sibi

287 2058 331 2084 ille
348 2057 540 2091 przclucentem
555 2055 693 2088 habuerit,
708 2055 819 2081 nomina
837 2054 887 2082 ista
903 2062 951 2090 pro
960 2055 1073 2082 arbitrio

286 2103 405 2138 primum
423 2103 508 2129 fuisse
521 2105 695 2128 commentus
712 2101 832 2128 videtur.

321 2149 367 2177 5|.
383 2148 440 2176 Nec
457 2149 537 2174 modo
553 2147 638 2174 multo
656 2146 802 2174 faventiori
817 2147 852 2174 de
870 2147 969 2175 illustri
981 2147 1072 2175 Sancti

286 2203 396 2231 genere,
413 2195 485 2230 quod
499 2202 552 2221 non
567 2198 672 2221 tantum
691 2193 717 2220 in
733 2194 909 2229 Duglossiana
925 2195 985 2229 ejus
1002 2195 1073 2226 Vita,

1122 259 1194 294 apud
1213 259 1336 287 laudatos
1348 259 1430 294 hujus
1443 259 1606 294 hiographos
1617 261 1756 287 memoria:
1771 261 1912 295 proditum

1123 306 1271 338 invenitur,
1291 313 1367 333 suam
1381 306 1460 333 unice
1479 307 1611 340 originem
1627 307 1726 334 debeat
1740 307 1861 341 ﬁngendi
1879 307 1894 333 li

1122 351 1229 384 centius.
1247 353 1290 379 cui
1307 353 1388 380 etiam
1403 352 1478 378 omni
1495 352 1578 379 dubio
1594 353 1689 387 procul
1704 353 1806 380 debent
1831 354 1912 380 attri-

1123 399 1179 431 bui,
1197 406 1258 434 quas
1280 399 1307 426 in
1323 399 1497 434 I)uglossiana
1513 397 1604 426 Sancti
1625 399 1685 426 Vita
1704 407 1754 426 seu
1773 399 1906 426 Passionc

1122 446 1299 480 sequentibus
1315 446 1390 473 hisce
1405 452 1592 472 memorantur
1608 445 1697 473 verbis
1714 453 1722 472 :
1740 455 1750 471 ε
1770 445 1834 483 Erat
1860 455 1908 473 an-

1123 499 1177 520 tem
1193 493 1362 526 (Demetrius
1387 494 1545 528 nempe)....
1562 494 1712 528 sceptriger
1734 484 1912 528 imperatoris

1122 546 1148 568 (-t
1163 541 1217 567 dux
1232 540 1444 567 Bcllademcnsis
1456 540 1569 574 (nescio,
1583 548 1618 567 an
1635 545 1732 568 auctor
1746 541 1912 576 Belgrade-n-

1122 587 1169 618 εἰς,
1193 591 1274 620 prout
1299 587 1370 620 apud
1395 586 1549 613 Pelbarlum
1573 591 1627 617 est,
1653 594 1707 614 non
1733 587 1849 614 voluerit
1863 595 1913 613 er-

1123 632 1258 666 pressnm)
1274 636 1300 658 ct
1317 631 1575 659 Laccdzemoneusis
1589 637 1615 658 et
1630 631 1726 659 consul
1742 631 1809 658 aula:
1822 631 1912 666 impe-

1123 678 1208 705 rialis.
1232 687 1241 703 ι

1159 726 1204 752 5:2.
1222 726 1277 753 Nec
1290 730 1395 753 tantum
1410 725 1477 756 haec.
1492 733 1551 759 quzc
1571 724 1646 751 omni
1663 731 1776 758 prorsus
1787 723 1911 757 antiqui-

1123 773 1184 799 tatis
1200 773 1355 799 testimonio
1371 773 1569 801 destituuntur,
1589 779 1621 798 ex
1632 771 1858 798 comminisccndi
1877 771 1912 797 li—

1121 819 1212 845 bidine
1228 818 1371 845 licentiam
1386 824 1449 846 nata
1469 819 1606 849 existimo,
1624 826 1717 845 verum
1734 819 1815 845 etiam
1829 839 1835 849 ,
1850 825 1913 850 quas

1122 865 1155 891 de
1171 865 1230 891 lucu
1261 863 1352 891 Sancti
1373 865 1456 890 natali
1475 864 1501 890 in
1527 864 1622 890 eadem
1649 863 1825 898 Duglosstana
1850 864 1913 895 eius

1089 907 1108 933 Β
1127 910 1182 936 Vita
1200 918 1246 936 seu
1262 910 1391 937 Passione
1408 911 1543 945 leguntur.
1563 910 1600 936 Ita
1619 910 1691 936 enim
1708 909 1827 936 habent:
1847 909 1913 936 ’Νε-

1127 960 1170 982 tus
1185 961 1221 982 est
1249 955 1317 982 inira
1343 955 1512 982 Pannoniam
1535 954 1710 981 beatissimus
1726 962 1794 988 puer
1813 953 1913 980 Demc-

1126 1002 1227 1028 Irius...
1247 1002 1271 1027 in
1291 1001 1400 1028 civitate
1416 1000 1535 1036 Syrmio.
1552 1010 1562 1025 ι
1583 1000 1650 1033 Quis
1661 1008 1725 1027 vero
1739 1000 1783 1027 hic
1798 999 1914 1036 Duglos-

1126 1048 1175 1074 sio.
1193 1047 1238 1081 qui
1252 1047 1417 1073 Demetrium
1436 1047 1547 1073 natione
1564 1046 1734 1077 Pannonem,
1748 1046 1833 1080 patria
1851 1046 1913 1072 Sir-

1125 1094 1257 1120 tuiensvnt
1277 1094 1350 1124 facit,
1373 1094 1476 1128 absque
1488 1093 1629 1126 scriptoris
1643 1093 1805 1126 antiquioris
1818 1098 1913 1120 aucto—

1127 1140 1205 1166 ritate
1227 1139 1419 1166 testimoniovc
1445 1144 1504 1166 tuto
1529 1139 1695 1166 credendum
1722 1139 1817 1174 puti-t7
1840 1141 1913 1165 Sane

1125 1193 1175 1220 ego
1191 1185 1323 1220 quidquid
1339 1185 1386 1212 abs
1403 1185 1448 1212 illo
1462 1185 1495 1212 de
1516 1184 1610 1212 Sancti
1634 1186 1720 1212 nostri
1738 1185 1848 1212 natione
1863 1193 1913 1219 pa-

1128 1232 1212 1257 triuve
1230 1231 1372 1263 asseritur,
1386 1231 1420 1257 ab
1434 1235 1556 1263 auctore,
1573 1231 1619 1266 qui
1641 1237 1810 1266 praepostero
1822 1231 1848 1257 in
1864 1239 1914 1258 na-

1127 1276 1178 1302 tale
1192 1276 1279 1303 solum
1294 1283 1387 1303 amere
1403 1276 1543 1311 abreptus,
1566 1276 1684 1303 alienum
1703 1276 1766 1303 huic
1780 1277 1912 1304 Sanctum

1125 1323 1253 1358 attingere
1269 1323 1340 1350 haud
1360 1323 1492 1354 timuerit,
1516 1323 1644 1354 primitus
1669 1323 1816 1350 confictum
1839 1331 1914 1356 reor.

1127 1368 1208 1401 idque
1224 1376 1278 1395 non
1305 1373 1410 1395 tantum
1432 1368 1505 1402 quod
1528 1367 1555 1394 in
1579 1368 1654 1395 nullo
1680 1376 1792 1403 prorsus
1816 1376 1914 1394 monu-

1127 1419 1219 1441 mento
1240 1415 1407 1450 scriptorcve
1431 1415 1544 1450 antiquo
1569 1415 1603 1442 sit
1625 1414 1789 1446 fundatum.
1805 1416 1852 1442 sed
1870 1415 1914 1442 vel

1127 1461 1255 1492 maxime,
1272 1461 1344 1496 quod
1369 1466 1396 1488 et
1418 1469 1479 1488 cum
1495 1461 1586 1489 Sancti
1604 1460 1664 1487 Vita
1676 1469 1738 1488 euut
1758 1461 1914 1496 Mctaphra-

1127 1507 1205 1538 stica,
1216 1507 1364 1533 tumultcra
1375 1507 1409 1533 ab
1422 1514 1562 1542 anonymo
1574 1509 1741 1541 conscripta,
1754 1515 1814 1541 qurc
1827 1507 1913 1534 ambae

1129 1552 1293 1580 Demetrium
1311 1552 1585 1580 Thessalonicensem
1605 1554 1779 1588 apertissime
1796 1553 1912 1585 faciunt.

1126 1600 1268 1627 manifeste
1291 1603 1404 1634 pugnet.
1428 1599 1483 1626 Nec
1500 1603 1559 1630 est,
1578 1599 1650 1633 quod
1676 1607 1802 1634 reponas,
1826 1599 1914 1626 leta-

1126 1645 1265 1680 phrastem
1286 1653 1508 1680 anonymumquc
1532 1645 1577 1680 qui
1591 1645 1655 1672 huic
1674 1645 1799 1679 praluxit
1819 1645 1913 1672 Sancti

1126 1692 1308 1727 hiographum
1324 1691 1392 1719 tanti
1410 1699 1442 1718 ex
1459 1691 1539 1718 dictis
1556 1691 1698 1718 iaciendos
1726 1699 1780 1718 non
1795 1698 1868 1722 esse,
1885 1696 1914 1718 ut

1127 1739 1257 1766 Sanctum
1279 1746 1329 1765 ncc
1347 1739 1373 1764 in
1390 1738 1541 1770 Pannonia,
1559 1745 1609 1765 nec
1632 1737 1725 1764 Sirmii
1743 1741 1837 1763 natum
1853 1745 1914 1764 esse

1125 1785 1181 1812 sola
1198 1793 1245 1811 sua
1263 1785 1426 1811 auctoritate
1452 1788 1558 1811 certum
1580 1783 1686 1817 possint
1708 1782 1828 1810 cliicere.
1856 1782 1912 1809 Ειςί

1125 1832 1198 1858 εη”ιιι
1215 1831 1240 1857 id
1258 1831 1292 1857 ita
1310 1831 1355 1861 sit.
1373 1837 1425 1857 nec
1443 1830 1537 1857 Sancti
1552 1829 1666 1864 patriam
1683 1830 1807 1856 solumve
1823 1829 1914 1856 natale

1127 1877 1192 1904 Vitae
1207 1877 1276 1911 ejus,
1289 1885 1302 1902 a
1319 1875 1417 1903 i‘hotio
1430 1876 1629 1909 Anastasioque
1643 1874 1855 1902 Bibliothecario
1867 1883 1916 1901 ex-

1127 1923 1230 1954 ltibita-,
1243 1927 1339 1948 notent
1351 1943 1358 1954 ,
1375 1921 1506 1948 Sanctum
1528 1927 1617 1948 tamen
1634 1922 1720 1955 patria
1735 1921 1914 1948 'l'heSsaloni—

1126 1977 1233 1996 censent
1258 1969 1341 1995 fuisse
1358 1969 1403 1995 lib.
1431 1976 1448 1995 ιι
1467 1967 1665 1999 Miraculorum,
1683 1975 1744 2001 cap.
1762 1967 1786 2000 Ι,
1803 1968 1821 1994 2
1837 1972 1863 1994 et
1883 1967 1910 1998 4,

1126 2017 1242 2050 Scriptor
1257 2022 1409 2050 anunyutus
1430 2015 1476 2049 qui
1503 2014 1560 2040 h.cc
1588 2014 1614 2040 in
1641 2013 1746 2040 litteras
1769 2014 1844 2040 ntisit
1859 2022 1913 2040 non

1126 2063 1243 2090 obscure
1261 2061 1361 2096 prodit.

1162 2109 1205 2136 53.
1227 2108 1313 2135 Priori
1336 2107 1410 2134 enim
1431 2107 1502 2137 loco,
1531 2114 1584 2141 quo
1600 2106 1822 2133 Thessalonicam
1849 2106 1913 2132 [Zar-

1126 2157 1253 2184 barorum
1271 2154 1426 2186 obsidione,
1455 2158 1553 2188 agente
1571 2158 1666 2180 sancto
1681 2152 1830 2184 Demetrio,
1849 2161 1912 2187 pro-

1126 2202 1231 2236 digiOse
1244 2201 1386 2228 liberatam
1415 2204 1518 2231 narrat,
1535 2199 1665 2227 Sanctum
1694 2198 1870 2233 φιλόπατριν,
1887 2199 1911 2224 id

286 2243 334 2270 sed
352 2247 380 2270 et
395 2241 422 2268 in
444 2241 664 2275 Metaphrastica,
691 2241 829 2275 alti-raque
844 2248 904 2275 qua:
920 2240 1072 2275 Metaphra-

1127 2253 1178 2279 cst,
1187 2245 1516 2280 putritthessalonicam
1531 2245 1581 2270 hac
1589 2243 1748 2279 designans.
1759 2249 1894 2270 amantem
1903 2265 1911 2276 ,

285 2289 319 2315 sti
346 2287 473 2324 prmluxit
504 2287 539 2314 ab
565 2294 702 2322 anonymo
727 2287 892 2314 concinnata
929 2288 1073 2319 astruitur,

285 2333 452 2369 loquendum
481 2332 611 2359 arbitror.
636 2331 745 2359 Etenim
774 2340 809 2359 ne
831 2333 943 2360 verbum
964 2334 1074 2368 quidem

286 2381 372 2407 ullum
387 2379 428 2406 vel
445 2379 472 2405 in
490 2378 670 2405 Anastasiana
686 2378 728 2404 vel
745 2379 770 2404 in
787 2377 920 2405 Photiana
945 2379 1073 2407 Demetrii

285 2434 332 2454 seu
351 2425 412 2452 Vita
428 2433 476 2452 seu
492 2424 623 2451 Passione
638 2424 725 2451 aliove
741 2425 823 2451 ctiam
839 2431 1017 2453 monumento
1034 2434 1076 2452 sa-

286 2476 321 2500 tis
335 2472 449 2507 antiquo
469 2470 599 2503 occurrit,
622 2470 694 2504 quod
720 2470 817 2497 illustri
840 2471 958 2499 nohilive
975 2480 1075 2506 genere

285 2527 347 2546 cum
365 2525 427 2545 esse
443 2521 607 2552 prognatum
631 2515 673 2542 vel
697 2515 814 2543 obscure
842 2516 949 2543 innuat.
969 2516 1072 2550 Quare,

286 2573 347 2593 cum
375 2571 430 2590 non
452 2562 534 2589 modo
552 2561 723 2597 Duglossius,
740 2561 794 2588 sed
816 2566 844 2588 et
867 2561 1073 2597 Melaphrasles,

285 2611 407 2645 alterque
427 2610 472 2644 qui
489 2608 553 2635 huic
579 2607 703 2642 pra-luxit
731 2607 898 2643 hiographus
909 2615 1073 2643 anonymus,

285 2659 406 2691 spectata
419 2654 461 2681 vel
482 2653 551 2686 sola,
567 2661 620 2688 qua
635 2652 795 2685 ﬂoruerunt,
811 2657 903 2684 atate.
930 2654 1010 2681 fidem
1029 2655 1073 2681 in-

284 2702 436 2729 dubitatam
452 2699 510 2727 suis
532 2698 566 2726 de
590 2699 691 2725 Sancto
714 2699 826 2725 assertis
852 2699 999 2726 conciliare
1017 2699 1073 2728 nati

285 2749 358 2776 haud
382 2749 448 2780 sint,
480 2753 546 2777 sane
568 2754 621 2773 non
642 2746 795 2777 immerito,
813 2753 847 2773 an
871 2754 934 2773 vero
957 2746 1075 2774 Sanctus

286 2799 392 2826 noster,
406 2795 445 2821 uti
463 2794 498 2821 ab
510 2794 584 2821 hisce
599 2793 701 2828 absque
720 2793 774 2819 ullo
797 2801 843 2820 seu
865 2793 1008 2828 scriptoris
1026 2801 1073 2821 seu

287 2840 457 2866 monumenti
484 2839 553 2866 satis
569 2839 674 2873 antiqui
692 2839 852 2866 testimonio
867 2840 1007 2869 astruitur.
1027 2849 1074 2875 ge-

287 2890 352 2911 nere
366 2883 462 2910 illustri
476 2885 511 2912 sit
528 2885 674 2916 oriundus,
687 2884 741 2911 dub
754 2884 803 2911 lari
822 2890 920 2917 potest,
939 2886 994 2913 into
1009 2895 1073 2913 \‘ero

1127 2291 1255 2319 secunda:
1273 2294 1364 2317 autem
1381 2298 1412 2316 ac
1429 2289 1520 2321 tertio,
1536 2297 1590 2323 quo
1607 2289 1812 2315 Thessalonicae
1832 2297 1912 2323 opem

1126 2346 1141 2365 a
1158 2338 1298 2364 Demetrio
1315 2336 1418 2371 pariter
1432 2336 1518 2362 fuisse
1532 2335 1642 2362 allatam
1667 2335 1768 2369 prodit,
1782 2334 1912 2361 Sanctutn

1125 2385 1200 2411 hunc
1227 2383 1407 2416 σωσίπατριν,
1437 2382 1463 2408 id
1480 2385 1533 2412 est,
1562 2381 1670 2412 patrim.
1687 2380 1913 2407 Thessalonich

1127 2431 1221 2464 otique
1236 2430 1287 2456 hac
1303 2429 1401 2455 iterum
1415 2427 1573 2462 designans,
1586 2432 1758 2455 seruatorem.
1782 2427 1912 2460 appellat.

1125 2476 1226 2503 Adhatc
1249 2474 1382 2506 Joannes,
1398 2473 1622 2507 archiepiscopus
1649 2471 1915 2502 Thessalonicensis,

1126 2521 1172 2554 qui
1194 2520 1293 2547 saeculo
1314 2520 1432 2553 septimo
1458 2517 1561 2548 ﬂoruit,
1580 2517 1732 2550 l’hotioque
1758 2518 1872 2550 proinde
1887 2521 1915 2542 et

1127 2565 1270 2592 Anastasio
1284 2564 1496 2591 Bibliothccztrio
1510 2563 1596 2590 ntulto
1613 2566 1656 2589 est
1669 2562 1812 2597 antiquior
1827 2563 1854 2589 in
1872 2562 1913 2588 in-

1126 2613 1225 2639 clmato
1253 2613 1328 2638 hisce
1358 2611 1459 2641 verbis,
1478 2611 1597 2644 Μνήμην
1621 2609 1746 2640 δικαίων,
1775 2610 1914 2639 εηςοιιιό,

1126 2659 1186 2693 ejus
1202 2666 1284 2693 supra
1302 2657 1361 2692 plus
1371 2657 1455 2684 semei
1469 2655 1806 2688 memini,Thcss.iouic:c
1819 2661 1914 2682 natum

1126 2713 1186 2732 esse
1215 2709 1339 2732 sancttnn
1378 2703 1546 2730 Demetrium
1588 2710 1642 2729 non
1672 2702 1789 2729 obscure
1820 2703 1912 2729 docet.

1126 2751 1234 2777 Etenim
1248 2750 1274 2777 in
1286 2749 1475 2776 lucubratione
1490 2749 1540 2775 ista
1557 2748 1590 2775 de
1607 2748 1758 2779 beneﬁciis,
1779 2756 1793 2774 a
1812 2747 1914 2774 Sancto

1127 2797 1184 2824 ttrbi
1200 2795 1437 2824 Thessalonicensi
1457 2795 1596 2826 exhibitis.
1625 2802 1781 2822 sermonem
1796 2794 1914 2827 iaciens,

1125 2842 1227 2869 eudicis
1240 2842 1304 2868 olim
1320 2841 1472 2868 Mazarinzei
1488 2848 1550 2876 pag.
1563 2840 1612 2868 227
1629 2847 1706 2867 versa
1722 2841 1758 2866 ita
1771 2840 1891 2875 loquitur
1906 2850 1913 2867 :

1127 2888 1180 2914 lla-3
1197 2888 1286 2913 τοξνυν
1298 2887 1312 2913 ὁ
1327 2886 1405 2918 λόγος
1420 2886 1523 2916 Βιδίσει
1537 2895 1545 2920 ;
1562 2886 1625 2913 Ἐπὶ
1639 2887 1689 2922 τὴν
1708 2886 1847 2921 εὑςςημίαν
1866 2886 1915 2913 καὶ
