2049 3151
149 134 215 164 1101

662 136 693 166 S.
713 135 905 166 DEMETRH
926 135 1123 166 MARTYRIS
1142 136 1245 166 ACTA.

1708 135 1776 168 “(l2

151 194 235 228 μόνην
247 192 294 219 τοῦ
316 192 464 228 μάρτυρος.
482 193 537 219 Καὶ
553 193 610 224 πῶς
628 193 660 220 ἂν
679 194 780 227 μᾶλλον
795 194 937 228 ἐγκωμιά-

1003 202 1050 227 tua:
1066 194 1103 232 de_
1112 193 1213 220 Sancto
1230 193 1369 220 memoriae.
1380 193 1482 228 prodit,
1496 193 1677 228 deprompsit,
1692 194 1719 220 in
1732 202 1776 225 ea.

150 247 194 264 σαι
209 246 250 269 τις
275 238 380 269 τινῦτον,
408 238 424 263 ἢ
443 238 492 269 τὰς
514 239 577 273 περὶ
603 238 653 273 τὴν
668 239 787 273 πατρίδα
810 238 937 273 βοηθείας

149 284 233 310 αὐτοῦ
263 285 312 311 καὶ
341 284 470 318 προνοίας
495 285 749 320 ἁπαριῠμοὺμενος,
768 286 792 311 εἰ
819 285 938 311 καὶτῶν

150 329 351 364 ἀκαταλήπτων
377 329 408 355 τὸ
436 329 622 364 ὲπιχείρημα;
647 327 731 356 Abte:
757 330 812 364 γὰρ
833 330 870 363 τῷ
889 329 939 364 μὲν

988 245 1049 271 quae
1062 237 1240 268 Demetrium,
1251 237 1356 270 Sirinii,
1369 242 1397 264 ιιι
1407 238 1462 264 vult
1476 244 1579 269 natum.
1591 237 1682 264 S.rmii
1693 238 1775 265 etiam

988 284 1134 310 educatum
1145 282 1239 312 fuisse.
1251 283 1356 315 statuit,
1366 283 1496 317 opinione
1510 284 1593 311 fuisse
1608 284 1725 318 videtur,
1740 284 1776 310 ita

990 334 1080 356 tamen
1099 333 1126 356 ut
1146 336 1208 355 eum
1225 329 1324 355 deinde
1337 329 1485 356 dialectica:
1502 330 1699 364 rhetoricaquc
1711 338 1778 364 ope—

149 375 260 410 ἁριομῷ
275 375 324 406 τὰς
350 376 496 410 οὑρανῐθυς
519 376 643 409 νιφάδας,
658 378 690 411 τῇ
711 376 739 402 δὲ
763 376 950 410 λαμπρότητι

1005 383 1047 400 ani
1080 375 1107 401 in
1135 375 1201 401 urbe
1219 373 1460 402 Tliessali-niccnsi
1493 375 1600 402 dedisse
1620 376 1777 403 crediderit.

151 423 198 448 καὶ
225 422 289 454 τοὺς
307 423 428 457 ἀστέρας
444 424 675 458 ὑπερηκόντισαν.
706 423 738 448 Ti
757 423 812 456 γὰρ
840 423 873 449 ἄν
898 431 940 453 τις

150 467 223 494 εἴποι
250 469 296 495 καὶ
315 468 434 503 πρῶτον,
462 470 536 494 ποῖον
560 469 587 494 δὲ
606 470 652 494 καὶ
678 468 827 503 παροφθὲν,
844 468 875 494 οὐ
892 467 940 501 ζη-

151 513 250 548 μιώσει
268 514 302 540 τὰ
328 515 464 548 pirum;
485 515 560 541 Εἴπω
575 515 620 540 τὶν
638 514 790 548 σύνδεςμον
806 514 855 547 τῆς
870 514 940 547 ἁγά-

151 568 207 595 πης
223 561 270 586 καὶ
295 561 344 594 τῆς
362 561 488 595 ὁμονοξσς
505 563 555 595 τῆς
570 561 672 591 πόλεως
692 561 774 586 αὑτοῦ
795 562 839 586 καὶ
860 561 939 594 μόνω)

150 607 340 640 πεφοιτηχότα
357 606 543 640 κατόρθωμας
567 615 626 640 qua:
655 606 748 634 Gratia
768 606 849 632 verba
868 606 942 633 hunc

151 652 178 678 in
196 653 306 679 inodum
333 652 417 679 reddo
439 651 535 679 Latin:
556 662 565 677 i
585 652 645 683 Quo
668 653 748 686 igitur
775 660 836 679 sese
855 656 942 678 vertet

149 698 260 724 oratio?
275 699 313 724 Ad
332 699 438 725 laudem
451 706 567 732 eamque
586 699 672 725 solum
688 700 815 734 martyris
830 708 836 726 :
852 704 877 725 et
890 706 941 732 qua

152 745 261 771 ratione
277 745 353 771 illum
371 745 464 779 potius
476 747 537 779 quis
553 745 656 777 laudet,
671 753 752 779 quam
768 746 828 776 eius
842 745 868 770 in
895 753 941 778 pa-

151 791 235 817 triam
253 798 328 817 suam
343 791 443 817 auxilia
465 799 497 817 ac
514 799 606 821 curas,
633 791 739 818 etiamsi
758 799 814 817 veni
839 791 941 817 incom-

151 837 369 872 prehensibilein
391 839 426 863 sit
447 837 548 867 moliri,
575 836 786 862 enumerando?
810 834 845 861 Ea
869 835 941 861 cnim

152 889 273 907 numero
292 881 403 915 quidem
421 881 481 908 HE“
498 881 611 912 imbres,
628 881 775 915 splendore
791 888 855 906 vero
871 885 942 907 astra

155 932 334 961 exsuperant.
349 927 420 958 Quid
431 927 504 953 enim
525 932 550 954 et
569 927 687 961 primum
704 927 765 961 quis
781 927 864 958 dicat,
880 934 945 961 qua-

157 973 219 1000 leve
241 973 324 999 etiam
350 973 505 1006 neglectum
527 973 654 999 maximis
680 972 752 999 haud
782 971 946 1007 derogabit?

155 1018 309 1046 Cliai'itatis
324 1019 485 1046 continuum
511 1019 720 1052 cuiicordiieque
749 1018 870 1045 civitatis
888 1018 947 1044 viii-

159 1065 252 1092 culum
265 1065 351 1099 ipsius
359 1066 453 1092 dixero
466 1070 493 1092 et
503 1065 612 1098 quidem
627 1064 713 1091 solius
727 1062 913 1090 beneﬁci-im?
935 1073 943 1088 ο

157 1112 286 1144 Accedit,
305 1112 376 1138 inter
388 1112 538 1146 sei-iptores
553 1115 608 1137 tum
624 1110 735 1136 Latinos
762 1114 818 1136 tum
838 1109 948 1136 Graecos

157 1159 265 1185 nullum
292 1166 417 1193 prorsus,
436 1166 451 1185 a
474 1157 617 1192 Duglossio
645 1156 826 1190 Pelbartoqne
846 1155 946 1181 distin-

155 1207 246 1236 ctum,
260 1202 389 1234 inveniri,
407 1203 472 1236 quin
489 1202 631 1233 Sanctum.
652 1201 674 1228 si
695 1201 729 1228 de
743 1201 800 1227 solo
822 1201 882 1234 ejus
899 1207 946 1226 na—

157 1248 208 1275 tali
238 1248 374 1282 loquatur,
403 1247 682 1275 Thessalonicensem
714 1247 814 1277 faciat;
849 1246 948 1279 quibus

158 1295 290 1322 omnibus
306 1295 443 1330 expensis,
463 1301 526 1321 vere
541 1294 567 1320 in
584 1293 693 1320 civitate
709 1291 947 1319 Thessalonicensi

159 1346 255 1368 natum
274 1349 335 1368 esse
349 1341 516 1368 Demetrium
532 1341 558 1366 in
572 1340 694 1366 animum
711 1338 823 1365 induco.

197 1387 246 1414 54.
274 1387 330 1415 Nec
359 1387 412 1414 hoc
442 1392 547 1414 tantum
572 1385 673 1416 verbis,
700 1392 760 1419 quae
790 1385 845 1419 jam
876 1384 949 1415 dedi,

155 1435 292 1465 Joannes.
323 1432 575 1460 Thessalonicensis
597 1431 830 1466 archiepiscopus,
859 1431 948 1460 docet,

159 1487 258 1506 verum
287 1478 369 1505 etiam
398 1478 499 1505 ibidem
526 1476 672 1504 educatum
699 1475 784 1502 fuisse
816 1477 949 1502 Sanctum

991 420 1099 446 Etenim
1123 424 1266 454 postquam
1282 420 1413 446 Sanctum
1431 420 1523 447 Sirniii
1540 427 1634 447 iiiituiii
1651 429 1711 448 esse
1728 429 1776 455 per

991 466 1072 492 verba
1086 474 1168 499 supra
1185 467 1298 493 recitata
1311 466 1438 497 asseruit,
1454 467 1702 500 paucisdnutaxat.
1720 467 1780 500 qui-

992 511 1053 541 bus.
1067 519 1126 545 qua:
1141 511 1245 538 fuerint
1257 511 1317 546 ejus
1329 511 1490 544 parentibus
1503 513 1626 544 numina,
1643 519 1692 547 pro
1704 513 1779 539 arbi-

993 558 1046 584 trio
1059 558 1169 589 astruit,
1197 557 1379 591 interpositis,
1404 558 1566 592 subjungit:
1585 567 1593 583 ι
1607 558 1781 586 Gloriosissi.

993 612 1089 632 mus...
1110 605 1268 631 Demetrius
1287 605 1448 632 liberalibus
1479 606 1578 632 studiis
1595 607 1711 633 traditus
1729 612 1780 639 est,

992 654 1030 680 et.
1060 658 1121 676 cum
1152 656 1226 677 esset
1254 650 1356 685 Spiritu
1386 656 1481 678 sancto
1510 651 1616 685 plenus,
1654 652 1781 680 humanm

993 696 1148 730 dudumque
1164 696 1271 732 Pagina:
1290 697 1405 724 scientia
1429 697 1561 731 pra'ditus
1586 698 1682 725 urbem
1697 699 1782 726 subiit

994 742 1282 775 Thessalonicensem,
1311 745 1355 770 tibi
1372 744 1534 771 dialecticus
1561 751 1658 772 acutus
1675 745 1783 772 rhetor-

995 797 1049 823 qne
1064 789 1278 816 iucundissimus
1296 790 1410 817 emat-tus
1428 797 1480 817 est.
1501 800 1510 816 ι
1539 791 1578 818 lia
1604 791 1659 818 ille.
1676 791 1778 818 Verum

995 844 1055 870 quae
1072 837 1145 863 hisce
1164 837 1253 863 verbis
1281 837 1373 869 tradit,
1387 841 1567 871 praeterquam
1582 838 1654 871 quod
1685 838 1783 872 partim

995 883 1093 910 .loanni
1111 883 1350 910 Tliessalonicensi
1368 883 1505 910 adversari
1533 883 1689 915 videantur,
1707 885 1783 911 nullo

997 938 1110 965 prorsus
1126 930 1299 964 antiquitatis
1319 930 1477 956 testimonio
1495 930 1633 960 nituntur,
1663 931 1783 965 hincque

997 985 1083 1012 parvo
1107 976 1255 1003 admodum
1271 976 1298 1002 in
1326 977 1425 1010 pretio,
1452 983 1487 1003 ne
1514 976 1578 1009 quid
1592 977 1670 1009 pejus
1683 977 1784 1008 dii-am,

998 1024 1124 1051 habenda
1140 1029 1216 1057 sunt,
1233 1024 1350 1050 maxime
1361 1023 1433 1057 quod
1446 1027 1541 1050 auctor
1551 1023 1678 1050 sublesta:
1691 1024 1784 1055 etiam,

998 1070 1037 1096 uti
1051 1077 1083 1096 ex
1101 1070 1157 1103 jam
1174 1069 1252 1096 dictis
1269 1069 1366 1102 liquet.
1385 1069 1504 1096 sithdei.
1520 1069 1578 1096 Nec
1592 1068 1680 1095 multo
1700 1069 1786 1102 pluris

997 1115 1189 1142 mstiniandum
1208 1119 1259 1146 est,
1276 1115 1349 1148 quod
1367 1114 1401 1141 de
1422 1114 1512 1148 posito
1537 1122 1550 1140 a
1569 1114 1682 1146 Sancto,
1702 1115 1788 1142 virilis

999 1161 1153 1195 aetatisjam
1173 1161 1257 1193 facio,
1284 1161 1312 1187 in
1339 1166 1398 1187 arte
1416 1160 1528 1187 militari
1550 1161 1641 1187 studio
1671 1168 1789 1195 ρι-οοιιιιο

999 1208 1121 1242 sulisqiie
1144 1206 1267 1238 Graeciae,
1295 1207 1328 1233 ad
1345 1214 1426 1240 quam
1446 1206 1546 1232 deinde
1570 1207 1604 1233 ab
1622 1205 1788 1240 imperatore

1000 1254 1164 1281 Maximiano
1180 1257 1291 1280 evectus
1317 1252 1409 1283 fuerit,
1431 1251 1566 1286 dignitate
1588 1251 1789 1286 Metaphrastes

1001 1301 1094 1330 simul.
1119 1305 1146 1326 et
1170 1306 1324 1334 anonymus
1349 1298 1394 1332 qui
1424 1298 1487 1324 huic
1512 1298 1637 1332 pra‘luxit
1660 1297 1789 1324 Demetrii

1002 1346 1167 1381 biograplins
1179 1344 1437 1376 asseverant,ainbo
1449 1344 1552 1377 ab'ejus
1561 1348 1641 1371 aetate
1657 1344 1790 1371 remotio-

1002 1401 1056 1423 res,
1073 1399 1155 1426 quam
1170 1396 1200 1418 ut
1220 1391 1261 1418 vel
1276 1391 1327 1417 ista
1340 1390 1382 1416 vel
1397 1390 1460 1423 alia,
1474 1396 1534 1424 quae
1547 1389 1629 1416 etiam
1646 1389 1680 1416 de
1694 1389 1789 1416 eodem

1002 1441 1106 1473 absque
1134 1437 1276 1472 scriptoris
1297 1436 1460 1471 antiquioris
1485 1436 1643 1463 testimonio
1667 1436 1790 1466 tradunt,

1003 1490 1078 1513 certa
1091 1490 1172 1519 atque
1185 1483 1338 1510 indubitata
1354 1484 1462 1517 possint
1475 1482 1592 1510 allicere.
1608 1484 1644 1510 At
1655 1491 1731 1515 vero,
1746 1485 1790 1510 in-

157 1525 256 1553 vcrbis
270 1525 330 1552 aliis
349 1532 409 1559 qua:
435 1523 523 1550 subdo
543 1524 569 1549 in
593 1523 688 1549 codice
705 1523 769 1548 olim
788 1520 949 1546 Mazarinueo

1003 1533 1089 1567 quies.
1103 1530 1290 1557 Miraruloruni
1301 1530 1469 1556 edendorum
1483 1529 1529 1556 lib.
1547 1537 1562 1556 ι.
1579 1537 1641 1564 cap.
1655 1530 1680 1561 5,
1693 1530 1790 1557 Deme-

158 1579 226 1607 pag.
254 1571 307 1598 227
325 1578 402 1597 vei-sa
430 1569 521 1596 tradit.
556 1568 687 1603 Ἐτράφη,
716 1567 914 1601 ἰιιιμιίι,τοίνυν
937 1566 951 1590 ὁ

161 1619 273 1654 μάρτυς
291 1618 355 1652 παρ’
384 1617 450 1651 ἡμῖν
467 1617 522 1646 τοῖς
539 1615 714 1648 λειπομένας
724 1614 821 1640 τούτου
838 1613 909 1640 κατὰ
924 1613 954 1638 τὸ

160 1666 295 1699 ἄπειρον.
322 1664 404 1698 Τόκῳ
433 1663 486 1697 γὰρ
513 1661 726 1696 συνετράφημεν
742 1660 827 1694 αὐτῷ,
844 1660 874 1684 οὐ
894 1659 954 1685 κατ’

159 1712 308 1746 ὲνὲργὲιαν
318 1710 487 1745 ὁμοιότητος.
504 1709 568 1740 Qua:
586 1708 668 1734 verba
684 1708 720 1733 ita
738 1706 822 1733 reddo
837 1706 933 1732 Latine
947 1714 953 1732 :

162 1770 172 1786 σ
185 1759 292 1793 Martyr
305 1756 545 1792 ei'gotDenietrius
557 1754 751 1789 scilicet)apud
766 1761 814 1781 nos
828 1753 955 1788 (Thessa-

159 1807 323 1833 liiniecnses
350 1803 489 1837 nimirum)
515 1807 572 1829 toto
600 1802 671 1829 uelo
698 1802 733 1828 ab
752 1808 785 1827 eo
815 1800 951 1830 diversos,

160 1853 302 1880 educatus
322 1849 384 1876 fuit.
400 1848 557 1876 Secundum
574 1847 664 1874 locum
680 1847 755 1873 enim
771 1845 877 1872 educati
893 1852 953 1871 ('lllll

161 1898 225 1932 ipso
247 1903 415 1926 suiniis,non
426 1894 576 1921 secundum
587 1891 922 1919 siinilitiitlinisetl‘i-ctlini.
943 1899 952 1914 i

160 1944 236 1971 Tres
255 1941 364 1976 quidem
383 1940 450 1966 Vitie
465 1947 514 1965 seu
532 1938 679 1964 Passienus
695 1936 820 1965 edendae.
839 1936 956 1968 aliaque,

162 1996 252 2024 quam
270 1988 296 2014 iii
312 1986 500 2012 Bibfi'atliecam
511 1983 626 2011 Pliotius
640 1982 742 2013 intulit,
756 1980 957 2008 Thessalonicae

163 2037 316 2064 educatum
339 2032 422 2059 fuisse
437 2029 568 2057 Sanctum
597 2029 669 2056 haud
696 2029 830 2059 edicunt;
861 2034 955 2054 verum

164 2089 221 2109 nec
237 2079 300 2110 loci,
317 2087 370 2113 quo
387 2077 498 2104 educari
519 2084 581 2103 eum
611 2075 767 2110 contigerit.
797 2074 955 2101 meminere.

163 2128 226 2154 luto
243 2132 308 2152 vero
322 2123 388 2150 Vitae
410 2123 471 2150 dua:
485 2122 666 2156 antiquiores,
682 2120 816 2147 l‘liotiana
828 2119 957 2146 nimirum

162 2182 199 2201 ac
218 2171 401 2199 Anastasiana
417 2190 424 2201 ,
444 2177 479 2195 ne
499 2169 644 2195 obscuram
671 2167 780 2201 quidem
801 2166 842 2192 vel
860 2166 959 2200 ipsius-

1005 1575 1075 1602 triiis
1105 1574 1198 1609 pallio,
1229 1582 1282 1600 non
1311 1581 1392 1600 secus
1408 1581 1439 1600 ac
1459 1574 1565 1602 consul.
1582 1574 1694 1601 indutus
1710 1583 1791 1609 appa-

1005 1622 1093 1648 ruisse
1119 1620 1442 1653 iiarratur;eorumdein
1470 1624 1561 1646 autem
1595 1619 1791 1647 Miraculurum

1006 1668 1051 1695 lib.
1070 1675 1169 1702 incap;
1183 1668 1209 1698 6,
1221 1668 1272 1694 sub
1288 1666 1400 1693 militari
1428 1666 1522 1693 habitu
1539 1667 1716 1701 spectandum
1731 1674 1793 1694 sesi:

1007 1713 1147 1747 Stephano
1156 1714 1286 1747 episcopo
1293 1712 1431 1742 Africano.
1441 1721 1454 1738 a
1465 1712 1569 1739 Sclavis
1579 1713 1793 1746 eapto,dedisse.

1006 1758 1156 1792 eodemque
1173 1758 1262 1789 modo,
1283 1757 1320 1784 uti
1336 1765 1396 1791 quae
1412 1757 1558 1791 posteriori
1585 1757 1647 1784 loco
1662 1763 1794 1792 praeterea

1006 1809 1168 1835 occurrunt.
1186 1805 1265 1830 iidem
1283 1803 1398 1835 iaciunt,
1415 1805 1442 1830 in
1458 1803 1588 1838 imagine,
1601 1812 1662 1838 quae
1676 1804 1750 1830 illum
1767 1805 1793 1831 in

1008 1849 1186 1876 Demctriano
1213 1850 1417 1876 'l‘hessalonicae
1433 1851 1535 1884 tempto
1552 1850 1731 1884 exprimebat,
1749 1849 1796 1877 de-

1010 1895 1104 1929 pii-tiis
1118 1894 1308 1921 exhibebatur.

1043 1941 1088 1967 56.
1106 1941 1213 1969 Fateor.
1224 1941 1264 1966 sic
1281 1940 1372 1970 habet,
1386 1944 1505 1971 suntque
1517 1944 1649 1973 prmterea
1661 1939 1687 1966 in
1699 1939 1794 1966 iisdem

1009 1987 1121 2014 edendis
1140 1985 1278 2012 :lliraculi'i
1293 1986 1345 2012 loci
1364 1985 1422 2017 alii,
1445 1985 1543 2019 quibus
1561 1985 1661 2019 pariter
1676 1985 1727 2011 sub
1744 1985 1795 2012 nii-

1010 2033 1080 2060 litari
1098 2032 1190 2059 habitu
1207 2032 1362 2058 Demetrius
1383 2032 1544 2066 apparuisse
1560 2036 1607 2058 aut
1622 2031 1724 2058 diserte
1741 2036 1795 2058 trav

1009 2079 1095 2109 ditur,
1109 2082 1155 2104 aut
1179 2082 1254 2103 certe
1271 2081 1410 2111 utcunque
1426 2076 1558 2102 inm-itur.
1580 2077 1677 2102 Verum
1697 2077 1794 2103 Sancti

1011 2132 1064 2151 non
1081 2131 1189 2158 semper
1199 2123 1250 2150 sub
1268 2123 1428 2149 indumento
1438 2130 1487 2149 seu
1502 2122 1606 2154 habitu,
1625 2122 1742 2149 ofﬁcium
1757 2124 1796 2149 di-

1011 2172 1186 2205 gnitatemve,
1199 2170 1287 2204 cujus,
1299 2177 1360 2195 cum
1377 2169 1403 2195 in
1416 2168 1484 2195 vivis
1497 2173 1599 2200 essent,
1615 2168 1735 2201 fuerunt,
1749 2177 1798 2196 ex-

165 2223 227 2248 met
241 2216 425 2246 educationis.
443 2223 524 2250 quam
540 2215 657 2241 Sanctus
672 2213 818 2248 acceperit,
843 2213 960 2240 meiitio-
973 2216 999 2246 Ι)
1013 2217 1160 2250 primeiite.
1177 2215 1223 2242 sed
1238 2215 1320 2242 etiam
1332 2214 1385 2241 sub
1407 2214 1470 2245 alio,
1493 2214 1514 2240 si
1531 2214 1646 2241 consilio
1659 2222 1708 2240 suo
1725 2215 1798 2242 hunc

165 2272 235 2293 nem
256 2262 372 2290 faciunt.
389 2260 445 2288 Nec
468 2260 505 2291 id,
525 2259 726 2286 cuinbinarum
753 2258 859 2284 illarum
878 2258 958 2284 lucu-

164 2309 410 2339 bratiuiicularuin
432 2298 558 2334 auctores
581 2306 719 2340 anonyiui,
737 2304 891 2336 occasione,
907 2310 960 2337 qua

167 2356 331 2385 Demetrius
346 2354 460 2382 subierit
485 2352 656 2387 martyrium,
673 2354 794 2382 narrata,
821 2350 912 2377 statim
927 2349 959 2376 ad

165 2405 224 2431 hoc
247 2401 350 2434 ipsum,
364 2400 426 2427 aliis
440 2399 533 2431 etiam,
549 2406 610 2433 quae
625 2398 659 2424 de
678 2396 779 2424 Sancto
795 2402 962 2423 commemo-

166 2455 235 2476 rare
266 2446 431 2479 potuissent,
462 2445 581 2476 omissis,
608 2443 777 2470 narrandum
806 2441 961 2477 prosiliant,

166 2495 277 2522 mirum
301 2491 429 2524 cuiquam
454 2490 534 2516 debet
553 2489 649 2516 videri.
675 2489 843 2516 Demetrium
871 2488 963 2521 itaque

165 2537 379 2567 TheSsalnnieae
404 2535 548 2562 educatum
576 2534 662 2562 fuisse
692 2533 789 2561 Joaniii
815 2533 963 2560 Thessalo-

165 2582 285 2613 niceiisi
313 2581 367 2615 (adi
399 2581 459 2615 ejus
488 2580 569 2607 verba
593 2579 716 2614 proxime
736 2580 808 2613 data)
827 2579 961 2606 asserenti

167 2629 271 2659 credo.
306 2627 427 2653 maxime
452 2625 524 2660 quod
554 2629 582 2651 et
611 2625 638 2651 id
659 2625 820 2659 scriptorem
850 2625 923 2651 hunc
947 2632 962 2650 c

167 2679 359 2706 monumento
391 2671 536 2705 antiquiori
563 2670 702 2702 didicisse,
730 2675 758 2697 et
785 2669 963 2697 Sanctumeo

166 2724 246 2752 loco.
270 2719 317 2753 qui
340 2719 365 2746 ei
391 2717 489 2745 natalis
508 2717 614 2751 obtigit,
630 2718 732 2750 quique
756 2721 785 2743 ut
806 2717 860 2750 jam
882 2717 963 2743 docui

166 2765 375 2796 Thessalonica
407 2764 470 2795 fuit,
502 2763 648 2790 educatum
682 2762 967 2794 fuisse,verosiuiilli-

166 2821 248 2843 mum
261 2817 401 2846 appareat.

207 2859 255 2886 55.
276 2857 435 2893 Diiglossins
446 2865 493 2884 seu
507 2856 678 2892 quiscunque
702 2854 781 2887 alter,
799 2863 813 2883 e
830 2863 884 2890 quo
906 2855 960 2889 hic,

1013 2269 1097 2294 magis
1115 2261 1222 2287 videant
1238 2261 1378 2290 idoneum,
1393 2259 1509 2286 subinde
1527 2265 1666 2293 apparent.
1681 2259 1716 2286 Ut
1733 2261 1798 2290 alio,

1012 2313 1067 2340 quo
1086 2305 1111 2332 id
1131 2305 1274 2340 probatum
1297 2305 1370 2336 dem,
1392 2304 1588 2330 recurrenduui
1616 2311 1670 2330 non
1696 2304 1741 2336 sit,
1759 2306 1800 2331 ta-

1014 2352 1089 2378 ciunt
1106 2351 1163 2386 ipsa
1174 2350 1280 2378 edenda
1292 2350 1383 2377 Sancti
1398 2349 1539 2376 miracula.
1554 2349 1653 2376 Horum
1665 2350 1738 2377 enim
1748 2349 1798 2377 lib.

1014 2405 1034 2428 i,
1043 2405 1103 2432 cap.
1115 2397 1140 2428 1,
1153 2396 1225 2431 quod
1237 2396 1270 2423 de
1280 2395 1402 2422 Mariano
1413 2395 1510 2430 Illyrici
1524 2395 1661 2429 praefecto.
1679 2403 1693 2422 a
1704 2396 1798 2423 morbo

1015 2442 1207 2469 iiiiiuedirabili
1223 2450 1271 2477 per
1291 2441 1420 2468 Sanctum
1437 2446 1532 2468 sanato
1547 2445 1654 2477 tractat.
1677 2441 1799 2468 Mariano

1013 2488 1059 2515 hic
1074 2487 1124 2514 sub
1147 2487 1248 2522 specie.
1266 2494 1321 2514 non
1343 2488 1464 2520 propria.
1483 2485 1530 2512 sed
1549 2486 1638 2518 amici,
1656 2494 1736 2520 quem
1755 2486 1800 2512 ille

1015 2534 1109 2561 intima
1131 2533 1181 2560 sibi
1194 2533 1357 2559 necessitate
1368 2533 1546 2567 conjunctum
1558 2532 1798 2568 Constantinopoli

1016 2579 1143 2609 habebat.
1159 2579 1337 2613 spectandum
1353 2586 1413 2605 sese
1431 2579 1457 2604 iii
1477 2586 1573 2606 somno
1585 2579 1693 2606 dedisse
1708 2587 1801 2606 narra-

1016 2631 1071 2652 tur.
1089 2625 1156 2653 Cum
1171 2633 1248 2659 ergo,
1266 2626 1304 2651 uti
1329 2625 1390 2651 hinc
1413 2625 1515 2659 liquet,
1536 2625 1617 2652 etiam
1642 2626 1692 2652 sub
1715 2625 1801 2652 forma

1016 2680 1065 2698 seu
1080 2671 1182 2706 specie,
1205 2671 1313 2698 diversa
1336 2670 1370 2697 ab
1389 2678 1432 2703 ea,
1453 2679 1505 2705 qua
1531 2671 1558 2698 in
1585 2671 1654 2698 vivis
1680 2671 1800 2704 fuerunt,

1017 2719 1109 2745 Sancti
1124 2725 1256 2752 apparere
1269 2721 1381 2750 queant,
1406 2718 1500 2750 quidni
1525 2722 1552 2744 et
1570 2719 1621 2744 sub
1645 2717 1803 2745 indumento

1017 2772 1064 2791 seu
1081 2765 1187 2794 habitu,
1210 2763 1327 2789 Ollit'illllt
1349 2763 1555 2798 dignitatemve.
1583 2764 1662 2797 cujus
1683 2764 1709 2790 in
1735 2764 1803 2791 vivis

1018 2810 1180 2843 superstites
1195 2809 1315 2840 fuerunt,
1333 2817 1387 2835 non
1406 2810 1585 2843 exprimente,
1598 2810 1688 2836 facere
1703 2810 1726 2836 id
1742 2818 1803 2843 pos-

1020 2856 1087 2889 sint,
1106 2864 1189 2891 reuue
1201 2857 1282 2883 etiam
1300 2856 1358 2891 ipsa
1371 2857 1487 2884 subinde
1505 2856 1626 2884 faciant?
1642 2857 1754 2888 Adha‘c,
1776 2862 1802 2883 ut
