2049 3151
153 183 220 214 tibi;

679 189 706 218 S.
727 188 917 218 DEME'IRH
942 187 1137 218 MARTYRIS
1159 188 1264 218 ACTA.

1707 185 1772 217 Lm

151 251 217 268 cans
239 247 356 276 {oportet
371 243 454 276 enim,
473 252 599 272 sermone
619 246 650 272 ad
676 247 728 274 ltoc
745 247 866 282 delapso,
886 247 935 272 mi-
954 249 973 275 Α
990 255 1068 273 suum
1102 246 1245 273 consilium
1279 245 1350 272 felici
1387 253 1517 272 successu
1550 244 1708 279 perliceret,
1739 243 1773 270 ad

153 288 243 314 randa:
259 290 433 321 narrationis,
460 299 541 323 quant
558 299 573 317 e
591 292 740 325 majotibus
765 293 872 325 audivi,
895 300 938 319 me

153 333 321 365 meminisse)
340 338 411 360 recta
429 334 553 361 doctrina
570 336 708 363 civitatem
726 337 859 370 implevit,
873 344 939 363 con-

153 377 291 411 trariaque
306 379 456 405 sentientes
470 380 666 414 compressit...
681 381 729 407 Ast
750 389 873 415 quaenam
892 383 936 408 illa

152 427 192 447 est
210 423 349 450 narratio?

187 467 230 493 4οι
251 478 259 493 ι
279 469 318 494 Ab
339 468 407 498 iis...
425 470 471 504 qui
494 471 584 497 divina
603 472 753 506 prudenter
770 478 937 504 scrutantur,

152 514 337 546 quterebatur,
352 515 398 548 qui
414 515 446 542 de
463 515 509 542 illo
524 516 641 543 civitatis
660 523 768 544 amante
796 523 940 545 coronato-

152 566 207 592 que
220 567 233 585 a
248 558 303 585 Deo
319 566 437 594 martyre
462 561 533 587 fama
551 567 604 589 tam
624 564 676 589 latc
691 570 764 590 esset
780 564 890 597 diffusa,
910 570 940 592 ut

154 604 230 631 illius
244 609 331 632 auctae
348 605 450 633 invidia
466 608 606 635 stimulare
623 614 687 637 tunc
701 610 876 642 dominantis,
892 612 939 645 qui

153 650 211 677 illic
223 651 382 686 (incivitate
393 652 629 682 Thessalonicensi
645 656 754 690 nempe)
771 658 938 689 versabatur.

153 704 237 723 aures
259 698 387 731 potuerit.
406 700 445 726 Ac
462 700 678 734 respondebatur
696 710 703 728 :
720 701 779 730 Non
797 707 851 730 tam
865 711 881 730 e
896 711 941 730 sa—

153 742 230 769 natis
244 751 292 776 per
312 745 464 771 orationem
483 747 655 780 corporibus,
677 756 758 782 quam
781 756 815 775 ex
838 749 941 776 anima-

153 788 206 815 bus
229 797 277 823 per
287 789 436 817 doctrinam
448 792 602 819 mundatis:
613 794 722 826 quando
734 795 805 821 enim
817 803 830 821 a
843 803 940 823 somno

154 833 292 864 excitavit.
310 839 392 868 atque
406 843 419 861 a
438 836 496 863 luto
515 838 688 872 elpurgavit,
707 847 760 873 quo
780 840 805 865 in
826 840 940 867 idolola-

155 879 214 906 triae
232 879 290 906 lacu
306 879 392 907 fetore
409 889 440 907 ac
461 881 579 917 caligine
594 884 799 916 detinebantur,
823 887 938 918 animas,

154 925 449 959 spiritttalemOrientis
463 927 578 961 plagam.
597 928 770 963 cmlestisque
780 930 849 964 signi
867 931 940 957 stilli-

157 975 278 998 tnentum
296 971 446 1004 Christum,
468 980 562 999 verum
582 973 667 1001 Deum
684 980 806 1002 nostrum
822 995 829 1007 ,
848 977 939 1003 cordi-

157 1017 208 1043 bus
224 1025 320 1044 eorum
336 1018 471 1049 inserens.
489 1024 583 1046 sanata
600 1019 709 1053 quidem
735 1028 847 1055 corpora
861 1041 867 1053 ,
888 1024 939 1049 etsi

157 1064 239 1090 etiam
264 1068 292 1090 et
312 1064 468 1097 hujusmodi
501 1066 615 1099 gratim,
634 1067 784 1094 secundum
815 1069 940 1096 meritum

157 1109 236 1140 datze,
254 1116 307 1135 non
324 1116 436 1143 parvum
462 1117 557 1137 eorum
572 1111 618 1145 qui
632 1118 679 1138 eas
695 1111 830 1147 recipiunt
847 1113 873 1140 in
890 1114 943 1140 vir-

157 1159 216 1181 tute
236 1162 411 1190 progressum
436 1160 572 1190 arguant,
591 1158 740 1190 gratuitum
768 1158 815 1186 Dei
841 1159 941 1187 donum

156 1199 342 1227 manifestam.
360 1201 561 1228 Conversorum
573 1210 636 1229 vero
651 1204 683 1230 ad
702 1204 829 1237 pietatem
845 1205 943 1232 anima:

156 1246 299 1272 immotum
313 1246 579 1282 imperterritumque
596 1249 624 1275 in
642 1249 767 1276 docendo
786 1257 817 1277 ac
835 1251 943 1285 pericu-

157 1291 213 1318 losa
224 1292 418 1325 prmdicatione
434 1293 566 1326 animum,
581 1301 785 1329 generososque
799 1295 943 1329 ipsiusmet

157 1336 268 1371 gloriosi
288 1337 398 1364 athletae
415 1338 530 1366 sudores
545 1339 685 1374 detegunt,
703 1348 756 1367 non
777 1341 821 1368 hic
835 1341 921 1368 solntn
936 1361 942 1373 ,

156 1383 203 1408 sed
223 1383 322 1418 ubique
343 1384 450 1410 virtutis
466 1385 526 1418 ejus
548 1385 744 1412 sublimitatem
768 1387 941 1414 manifestam

157 1428 329 1456 reddentes.»
348 1429 412 1456 ΙΙωο
427 1428 548 1457 Joannes
562 1430 827 1465 Thessalonicensis,
843 1433 953 1468 quibus

156 1481 234 1504 sane,
258 1473 386 1501 Sanctqu
402 1475 505 1503 Christi
520 1476 600 1502 fidem
617 1484 678 1503 cutn
698 1477 786 1504 fructu
805 1478 884 1512 plane
899 1479 941 1505 in-

156 1519 225 1554 signi
250 1520 331 1546 etiam
358 1520 429 1547 inter
448 1521 522 1555 ipsos
538 1521 807 1554 Thessalonicenses,
834 1524 884 1549 etsi
902 1523 943 1550 in-

989 298 1114 320 salictum
1134 292 1301 318 Demetrium
1332 291 1382 318 sibi
1408 296 1514 321 ttotum,
1531 291 1564 318 de
1580 290 1658 325 cujus
1675 290 1702 316 in
1725 298 1773 324 pa-

991 339 1097 365 trandis
1114 338 1253 364 miraculis
1271 337 1370 363 virtute
1398 338 1451 363 inat
1463 337 1561 367 dictat,
1578 344 1638 363 sese
1653 335 1770 365 confert.

989 384 1053 419 quid
1076 384 1128 410 sibi
1157 384 1191 410 sit
1220 384 1399 417 propositum,
1430 383 1561 414 declarat,
1589 389 1716 416 eumque,
1743 387 1772 408 nt

990 430 1116 464 precibus
1131 429 1187 455 suis
1201 429 1253 455 sibi
1269 429 1348 461 adsit,
1370 429 1448 455 enixe
1476 433 1561 462 rogat.
1578 436 1586 452 ι
1609 427 1772 456 Demetrius.

992 480 1020 501 ut
1034 475 1071 501 ait
1084 475 1295 509 Metaphrastes,
1309 473 1424 508 perinde
1439 481 1470 501 ac
1495 473 1517 499 si
1550 473 1608 506 ipse
1639 476 1772 506 rogasset,

991 529 1044 548 non
1066 525 1157 548 autem
1185 521 1282 547 fuisset
1299 524 1422 554 rogatus,
1440 518 1615 553 exsequendo
1629 524 1774 552 propemo-

991 566 1054 592 dum
1073 565 1205 600 prtevcnit
1221 565 1392 599 petitionem,
1409 569 1437 591 et
1452 564 1476 592 ei
1495 564 1624 591 velociter
1647 563 1775 597 imposito

991 619 1033 642 eo.
1049 610 1121 646 quod
1134 616 1176 638 est
1190 611 1217 638 ln
1241 611 1363 649 Christo,
1390 611 1531 645 signaculo
1547 614 1601 636 tam
1628 609 1654 635 in
1675 608 1775 638 fronte,

990 665 1070 692 quam
1087 657 1113 683 in
1141 657 1234 690 corde,
1249 665 1310 684 eum
1327 657 1441 684 dimittit
1470 657 1581 683 dicens:
1610 655 1639 682 Et
1666 654 1774 689 Lyaeum

992 704 1096 736 vinces,
1129 707 1157 730 et
1183 703 1240 730 eris
1268 707 1371 738 martyr
1392 702 1506 729 Christi.
1528 712 1536 727 ι
1562 700 1669 732 Nestor,
1701 700 1775 726 hisce

992 749 1086 776 Sancti
1100 748 1191 775 verbis
1208 748 1365 780 roboratus,
1381 748 1408 774 in
1429 747 1546 774 stadium
1567 746 1642 773 illico
1656 745 1774 779 prosilit,

991 802 1075 829 seque
1087 794 1120 821 ad
1132 793 1268 829 singulare
1281 801 1343 821 cum
1352 793 1430 829 Lyaeo
1439 798 1576 820 certamen
1590 792 1677 827 palam
1684 790 1773 823 oﬂcrt,

992 840 1121 867 omnibus
1137 837 1279 866 andaciain
1296 840 1354 874 ejus
1368 838 1579 866 admirantibus.

1028 886 1073 912 η.
1084 887 1233 920 Imperator
1248 885 1389 920 juvenem,
1404 886 1460 912 sola
1475 887 1635 919 pattpertatc
1647 883 1775 918 adigente

993 933 1166 966 desperatum
1179 931 1204 958 id
1215 932 1319 966 cepisse
1327 931 1470 958 consilium
1481 931 1619 964 opinatus,
1631 929 1772 964 pecuniam

994 979 1025 1006 ad
1039 986 1100 1005 sese
1116 978 1246 1005 arcessito
1259 982 1355 1012 sponte
1379 976 1468 1007 offert,
1494 983 1610 1010 eutnqne
1629 983 1662 1002 nc
1679 982 1776 1010 pugnat

994 1031 1054 1051 cum
1068 1024 1136 1056 viro,
1153 1023 1196 1050 cui
1221 1023 1337 1050 multum
1354 1022 1458 1048 viribus
1472 1026 1545 1048 esset
1560 1020 1683 1052 inferior,
1703 1019 1776 1054 peri-

993 1070 1054 1097 culo
1075 1077 1135 1095 sese
1150 1069 1334 1095 committeret
1354 1068 1523 1094 adhortatur.
1546 1067 1644 1093 Verum
1668 1065 1776 1096 Nestor,

994 1113 1108 1148 pecunia
1129 1112 1285 1148 repudiata,
1314 1112 1394 1139 unice
1411 1119 1471 1138 sese
1490 1111 1601 1145 gloriam
1630 1109 1776 1144 superandi

995 1159 1101 1194 Lyaeum
1132 1158 1231 1186 sectari
1260 1158 1424 1184 declarabat.
1453 1157 1573 1192 Pugnatn
1602 1157 1714 1188 itaque,-
1732 1161 1778 1179 an—

994 1211 1095 1232 nucnte
1112 1206 1290 1239 imperatore,
1307 1212 1368 1231 cum
1390 1204 1470 1238 Lyaeo
1495 1203 1545 1230 init
1568 1209 1696 1236 eumque,
1723 1201 1778 1227 Deo

996 1252 1121 1278 Demetrii
1140 1251 1274 1282 invocato,
1296 1251 1349 1278 ictu
1371 1251 1507 1283 extemplo
1522 1249 1548 1275 in
1565 1248 1647 1275 corde
1665 1253 1777 1281 pcrcns~

995 1305 1053 1324 sum
1071 1297 1144 1324 httmi
1164 1302 1300 1324 mortuum
1338 1295 1498 1330 prosternit.
1528 1294 1680 1328 Imperator
1711 1291 1775 1317 hinc

995 1346 1081 1370 iratus
1095 1351 1126 1370 ac
1141 1347 1266 1375 maestus,
1282 1342 1432 1377 magimquc
1447 1348 1502 1367 rem
1519 1340 1668 1367 ascribcns.
1681 1337 1777 1365 Nesto-

996 1395 1051 1414 rem
1069 1388 1102 1414 de
1120 1387 1171 1414 hac
1182 1387 1343 1421 interrogat,
1356 1386 1454 1420 hicque
1465 1385 1649 1412 Christianum
1675 1383 1777 1410 nullum

996 1433 1083 1467 magia
1098 1433 1147 1463 uti.
1161 1440 1245 1467 seque
1264 1440 1278 1458 a
1296 1432 1425 1459 Demetrii
1447 1431 1625 1464 omniumque
1643 1429 1777 1456 Christia-

995 1486 1092 1505 norum
1113 1477 1169 1505 Deo
1187 1478 1310 1512 adjutum
1337 1478 1370 1505 de
1391 1477 1469 1513 Lyao
1495 1478 1622 1505 retulisse
1636 1477 1778 1504 victoriam

995 1523 1152 1556 respondet.
1168 1522 1246 1554 Quod
1276 1529 1337 1549 cum
1367 1522 1516 1557 imperator
1545 1522 1696 1549 audivisset
1727 1521 1779 1548 Nc-

158 1565 237 1592 teritn
257 1566 340 1592 hosce
357 1574 453 1594 omnes
472 1568 520 1594 abs
539 1568 586 1594 illo
608 1568 691 1594 fuisse
714 1575 860 1595 conversos
890 1577 942 1596 non
957 1579 978 1609 C
995 1574 1096 1595 storem
1113 1576 1146 1595 eo
1162 1570 1231 1602 ipso,
1257 1575 1309 1602 quo
1334 1568 1379 1595 hic
1395 1568 1500 1603 Lyaeum
1513 1568 1662 1599 occiderat,
1688 1566 1782 1601 gladio

156 1611 238 1643 dicat.
259 1612 355 1644 relato,
369 1613 529 1647 praedicasse
546 1613 672 1640 affirmat.
699 1613 753 1640 Nec
772 1614 822 1641 hoc
836 1620 941 1641 tantum

157 1657 247 1684 verbis
268 1658 389 1684 recitatis
405 1658 524 1685 Joannes
543 1660 649 1691 astruit,
666 1666 762 1686 verum
783 1660 863 1686 ctiatn
879 1661 943 1687 inde

156 1703 253 1736 magis,
269 1711 350 1738 quam
370 1712 386 1730 e
408 1704 548 1731 miraculis
560 1725 566 1735 ,
583 1705 682 1739 quibus
706 1713 769 1732 cum
792 1706 873 1732 ctiam
886 1705 942 1732 cla-

155 1748 245 1775 ruisse
263 1748 363 1781 innuit,
387 1749 487 1776 factum
510 1757 580 1782 esse,
605 1755 634 1776 ut
657 1750 841 1784 imperatoris.
863 1750 943 1784 cujus

155 1793 231 1823 iussn
253 1793 303 1820 fuit
315 1795 432 1825 occisus.
447 1794 660 1830 indignationem
675 1795 830 1822 incurrerit.
843 1794 942 1822 Verum

155 1840 189 1867 de
205 1840 362 1872 occasione,
387 1848 438 1875 qua
456 1842 571 1868 Sanctus
591 1841 650 1869 neci
667 1841 746 1869 datus
760 1841 854 1872 fuerit.
870 1849 944 1869 com-

155 1886 265 1912 modius
284 1887 454 1919 tractabitur,
477 1891 619 1921 postquam
641 1887 654 1922 §
670 1889 793 1922 sequenti
807 1908 814 1920 ,
833 1895 893 1922 qua:
910 1888 944 1914 de

155 1930 272 1957 Nestore
289 1930 457 1965 Sancteque,
475 1932 520 1965 qui
537 1933 601 1959 huic
612 1953 618 1964 ,
646 1933 778 1968 singulari
794 1934 943 1960 certamine

156 1983 218 2002 cum
233 1976 312 2010 Lyzeo
332 1977 481 2017 gladiatore
501 1986 693 2012 congressuro,
711 1979 893 2010 benedixerit,
915 1979 943 2006 in

158 2022 216 2048 Vita
229 2030 244 2048 a
261 2022 441 2056 Metaphraste
458 2028 584 2050 contexta
597 2043 604 2056 ,
622 2024 728 2058 aliaque
753 2025 879 2059 anonymi
897 2025 943 2059 qui

158 2069 223 2095 huic
240 2069 365 2101 prteluxit
384 2069 539 2101 traduntur,
557 2070 724 2096 examinaro.

156 2126 170 2160 ᾗ
184 2125 238 2165 ιν..
255 2124 324 2165 Quid
344 2127 375 2152 (le
392 2127 423 2165 iis
439 2135 505 2165 qua;
521 2135 537 2152 a
558 2126 737 2165 Metilii/trante
764 2135 944 2165 (tironi/imque

192 2161 238 2195 qui
253 2162 316 2197 rlmic
339 2162 462 2196 prnrluxit
487 2161 579 2188 Sancti
609 2161 751 2197 biographo
781 2162 812 2188 de
834 2161 945 2189 Nestore

195 2196 340 2222 truduntur
355 2197 388 2223 sit
409 2197 580 2224 censendum.

195 2254 240 2280 Μ.
258 2252 435 2288 Suppeditata
457 2260 472 2279 a
486 2252 671 2287 Metaphraste
693 2260 884 2288 anonymoque
899 2252 944 2286 qui
963 2246 983 2272 b

161 2299 224 2327 huic
246 2299 372 2334 praelusit
394 2298 485 2326 Sancti
511 2298 597 2325 nostri
615 2299 765 2333 biograplto
781 2299 815 2325 de
830 2298 944 2326 Nestore

159 2346 288 2381 quodam,
319 2354 378 2380 qute
407 2346 451 2372 hic
466 2345 648 2372 examinanda
664 2346 749 2376 venit,
775 2347 896 2372 narratio
916 2344 942 2372 in

159 2393 352 2426 compendium
377 2396 529 2423 contracta,
553 2399 586 2419 eo
602 2392 658 2419 fere
673 2391 788 2418 recidit:
805 2390 944 2418 Gladiator

159 2441 229 2463 erat.
253 2436 348 2471 Lyteus
374 2438 542 2469 nominatus,
567 2438 677 2464 natione
704 2437 865 2470 Wandalus,
883 2437 942 2472 qui,

160 2489 222 2508 cum
246 2483 372 2516 corporis
384 2483 482 2510 robore
493 2484 611 2511 maxime
641 2488 783 2518 prmstaret
803 2491 942 2518 quoscun-

159 2535 212 2561 quc
237 2534 331 2554 secum
353 2526 485 2562 singulari
500 2530 652 2556 certamine
669 2537 767 2556 manus
795 2537 943 2556 conseren-

162 2580 202 2600 tcs
218 2572 296 2600 facile
310 2574 467 2608 superabat,
477 2573 594 2608 hincque
605 2582 704 2609 magno
716 2576 742 2601 in
756 2583 846 2602 amore
861 2575 942 2602 simul

159 2624 186 2645 et
209 2618 393 2646 aestimatione
416 2620 489 2653 apud
527 2619 721 2653 imperatorem
750 2621 941 2648 Maximianum

160 2669 227 2692 erat.
244 2664 360 2696 Accidit,
378 2669 409 2692 ut
423 2665 673 2693 bicThessalonicm
686 2666 827 2693 exhiberet
840 2667 942 2701 gladia-

161 2714 247 2736 torum
274 2711 473 2745 spectaculum,
500 2719 618 2746 cumque
654 2711 748 2746 Lydus
777 2712 942 2746 gladiatores

159 2760 271 2782 caeteros
289 2761 449 2790 provocaret
464 2757 496 2784 ad
513 2762 663 2788 certamen,
678 2757 858 2792 omnibusque
870 2765 943 2786 esset

162 2802 267 2833 terrori,
291 2803 400 2836 quidam
430 2808 519 2830 tamen
548 2803 665 2838 juvenis.
694 2803 804 2831 nomine
831 2804 941 2836 Nestor,

162 2845 229 2880 Lyci
248 2849 402 2882 superbiam
418 2850 657 2885 arrogantiamque
673 2850 745 2877 haud
772 2850 872 2884 ferens,
893 2860 942 2887 pu-

162 2900 219 2927 ειη·
234 2902 292 2921 cum
312 2904 342 2923 eo
358 2897 445 2923 aleam
464 2897 556 2924 subire
580 2898 710 2925 decrevit.
728 2896 818 2930 Quare
835 2903 862 2925 ut
890 2899 940 2927 hoc

995 1613 1071 1647 jubet
1091 1612 1338 1645 interfici,sicque,
1355 1613 1444 1646 inquit
1473 1612 1680 1646 Metaphrastes.
1699 1620 1707 1636 ‹
1725 1610 1778 1637 Ne-

994 1664 1053 1686 stor
1072 1658 1267 1697 transmittitur
1282 1658 1314 1684 ad
1332 1658 1484 1690 Christum,
1502 1666 1582 1692 quem
1597 1658 1703 1689 dilexit,
1720 1661 1746 1683 et
1764 1664 1779 1683 a

995 1711 1049 1738 quo
1079 1708 1138 1730 crat
1153 1708 1316 1738 accepturus
1342 1710 1458 1730 coronas
1476 1703 1595 1737 duplicis
1613 1701 1746 1728 vietorite.
1766 1710 1775 1724 ι

995 1750 1069 1777 Talia
1084 1754 1148 1777 sunt
1170 1749 1335 1783 compendio
1352 1749 1395 1776 hic
1422 1749 1477 1782 jam
1505 1749 1638 1781 exhibita,
1658 1756 1719 1782 quae
1751 1747 1778 1773 in

996 1795 1201 1830 Metaphrastica
1219 1795 1313 1822 Sancti
1330 1795 1388 1822 Vita
1400 1815 1408 1827 ,
1423 1795 1530 1829 aliaque
1545 1794 1683 1829 anonymi,
1697 1801 1712 1820 c
1725 1800 1778 1827 qua

997 1843 1064 1874 htcc,
1081 1843 1120 1869 uti
1134 1849 1167 1869 ex
1184 1849 1268 1876 supra
1299 1842 1426 1869 adductis
1455 1846 1577 1876 apparet,
1595 1839 1777 1875 promanavit,

995 1889 1028 1916 de
1043 1889 1155 1922 juvene,
1171 1888 1283 1915 nomine
1299 1888 1424 1921 Nestore,
1450 1892 1528 1923 parte
1541 1887 1623 1914 etiam
1641 1887 1667 1913 in
1681 1893 1777 1913 narra-

997 1935 1031 1962 tis
1048 1938 1143 1961 sancto
1161 1933 1300 1961 Demetrio
1316 1934 1428 1966 tributa,
1443 1934 1609 1961 referuntur.

1031 1979 1075 2006 45.
1094 1978 1196 2005 Verum
1211 1979 1285 2009 audi,
1301 1979 1346 2013 qui
1363 1978 1556 2005 Tillemontius
1572 1983 1638 2004 tom.
1655 1977 1674 2004 V
1685 1976 1779 2003 Monu-

997 2029 1144 2050 mentarum
1168 2023 1418 2054 ecclesiasticarum,
1435 2030 1496 2056 pag.
1520 2022 1570 2048 659
1593 2021 1778 2048 narrationem

996 2070 1068 2097 illam
1085 2069 1247 2103 compendio
1260 2069 1341 2095 etiam
1358 2068 1460 2095 ibidem
1473 2075 1487 2094 a
1499 2076 1560 2094 sese
1576 2067 1723 2094 exbibitam
1735 2075 1780 2093 ex-

996 2116 1079 2150 cipit:
1097 2115 1223 2142 tDiﬂicile
1241 2120 1292 2146 est,
1311 2115 1410 2148 inquit,
1428 2114 1530 2148 (verbis
1547 2113 1666 2146 Gallicis,
1685 2113 1780 2140 Latine

998 2162 1041 2188 hic
1070 2170 1084 2188 a
1114 2169 1157 2188 me
1180 2161 1304 2195 redditis)
1334 2160 1456 2187 fabulosa
1475 2160 1519 2186 illa
1548 2160 1719 2190 narratione,
1751 2159 1778 2186 in

997 2216 1074 2242 qua,
1107 2207 1179 2242 quod
1212 2207 1331 2233 maxime
1374 2207 1540 2233 horrendum
1579 2206 1781 2241 Evangelioquo

999 2251 1155 2286 oppositutn
1169 2255 1221 2283 est,
1238 2259 1288 2286 pro
1313 2251 1415 2278 Sancto
1432 2252 1559 2282 habetur,
1575 2252 1713 2286 quidpiam
1740 2252 1782 2277 (th

999 2298 1114 2325 fcnsioni
1137 2297 1286 2332 pra’bendae
1307 2297 1391 2331 magis
1420 2303 1511 2332 aptutn
1545 2298 1684 2332 magisque
1703 2297 1781 2324 Chri-

999 2344 1087 2370 stiano
1104 2343 1214 2370 homine
1225 2343 1364 2377 indignum
1381 2343 1515 2370 invenire.
1532 2343 1692 2371 Fabulosam
1709 2343 1780 2368 illam

998 2389 1176 2424 appellamus,
1202 2389 1265 2422 quia
1297 2389 1357 2416 talis
1388 2394 1428 2417 est
1457 2391 1483 2416 in
1509 2390 1645 2424 adjunctis
1685 2394 1780 2416 notatn

998 2436 1114 2462 maxime
1133 2435 1231 2470 dignis.
1260 2434 1374 2462 Photins
1403 2436 1476 2462 cnim
1504 2440 1542 2462 ct'
1561 2435 1720 2462 Anastasius
1747 2436 1780 2462 de

998 2482 1120 2510 Nestoris
1133 2488 1228 2510 contra
1252 2481 1360 2516 Lymum
1387 2482 1536 2509 certamine
1550 2482 1716 2516 loquuntur;
1733 2490 1780 2508 ve-

1000 2536 1060 2555 rum
1083 2536 1098 2555 τι
1126 2528 1240 2556 Nestore
1254 2527 1411 2555 Christiano
1421 2528 1581 2560 asserendo,
1603 2528 1660 2555 sive
1681 2528 1780 2563 (certa-

999 2575 1063 2601 mini
1079 2575 1195 2608 scilicet)
1211 2578 1305 2601 sancto
1321 2573 1460 2601 Demetrio
1481 2574 1658 2601 admiscendo
1683 2574 1781 2600 scdulo

998 2621 1146 2648 abstinent.
1177 2621 1233 2647 lmo
1259 2629 1294 2647 ne
1319 2620 1429 2655 quidem
1459 2620 1654 2647 Maximianum
1683 2627 1779 2647 necem

997 2667 1105 2693 Nestori
1135 2666 1228 2693 inferri
1251 2667 1366 2701 jussisse
1399 2671 1569 2699 asseverant,
1596 2666 1643 2693 sed
1675 2671 1779 2693 tantttm

998 2712 1130 2747 promissa
1156 2713 1350 2747 gladiatoribus
1376 2713 1533 2740 victoriosis
1551 2713 1661 2747 praemia
1681 2713 1704 2739 ei
1721 2720 1779 2739 non

998 2759 1116 2786 dedisse.
1152 2759 1326 2785 Manifestum
1356 2759 1449 2792 itaque
1483 2764 1525 2786 est
1553 2759 1657 2793 reliqua
1687 2759 1780 2785 omnia

999 2804 1106 2831 veritati
1129 2805 1212 2832 fuisse
1235 2804 1352 2839 adjecta,
1380 2805 1462 2839 idque
1496 2805 1691 2832 verosimiliter
1719 2808 1782 2839 post

998 2850 1124 2877 secutum
1146 2858 1259 2880 nonum,
1276 2850 1309 2876 ab
1332 2850 1488 2878 hominibus
1517 2851 1636 2878 historia:
1660 2858 1734 2885 teque
1750 2857 1781 2877 ac

998 2897 1127 2923 dot-trino
1159 2896 1327 2931 Evangelicze
1345 2897 1457 2930 ignaris.
1476 2907 1484 2923 ›
1502 2897 1539 2925 Ita
1562 2898 1693 2925 hactenus
1723 2897 1778 2929 ille,
