2049 3151
261 178 329 210 ιιυτ

905 179 1229 211 SUPPLEMENTUM.

1813 173 1885 206 1108

257 237 285 258 et
299 239 366 259 sane
377 232 449 259 haud
465 232 612 261 immerito.
627 234 754 262 Attamen
782 234 855 269 quod
870 234 904 260 de
920 235 964 266 iis,
981 243 1041 269 quae
1057 242 1078 267 Α
1094 236 1199 263 fortans
1216 243 1344 263 coronam
1359 235 1443 269 capiti
1457 233 1517 268 ejus
1540 231 1680 267 imposuit.
1699 231 1801 257 Verum
1816 231 1883 257 dum

258 276 369 304 veritati
391 284 406 303 a
423 277 524 304 Photio
539 281 568 304 et
582 278 727 305 Anastasio
758 278 849 305 relatae
876 283 939 312 post
955 286 1042 305 saec-i-

258 322 313 348 lum
330 329 434 348 nonum
450 322 560 349 tandem
577 322 680 350 fuerint
696 322 814 356 adjecta.
830 322 956 352 allirmat.
977 323 1042 349 mihi

257 367 466 402 haudquaquam
515 373 621 395 certum
663 373 784 403 apparet.
827 368 927 395 Eadem
969 369 1042 394 enim

257 413 348 440 omnia
364 414 446 440 etiam
465 413 491 440 in
523 412 595 444 Vita,
624 415 745 440 secundo
765 414 824 441 loco
842 414 958 444 edenda,
983 421 1043 446 quze

257 467 424 494 anonymum
444 459 525 487 habet
538 465 691 492 auctorem,
703 463 864 490 occurrunt,
883 460 993 493 btccque
1008 466 1043 485 ex

256 512 339 540 supra
355 506 436 533 dictis
455 506 554 533 saeculo
574 513 648 532 nono
665 505 869 536 verosimiliter,
897 505 952 532 imo
973 504 1042 531 forte

256 551 339 578 etiam
367 551 466 578 sta-culo
482 559 530 578 vni
547 555 594 577 aut
606 559 643 578 vn
673 555 716 577 est
739 551 889 584 antiquior.
914 550 969 576 Nec
987 554 1040 582 est,

256 597 328 631 quod
344 605 472 631 reponas.
488 605 518 624 ea
529 598 620 624 omnia
635 605 648 624 a
661 597 766 624 Joanne
790 595 1042 627 Thessalonicensi,

256 643 347 670 saeculi
365 651 402 670 vn
418 643 562 677 scriptore,
591 651 673 677 supra
697 642 846 677 saepissime
865 642 973 669 laudato
1001 642 1044 668 in-

257 689 354 723 fraque
381 689 530 721 laudando,
556 697 611 716 non
627 688 849 716 commemorari.
876 687 943 715 Cum
969 688 1042 714 enim

257 733 302 760 hic
329 734 451 768 martyril
485 742 500 761 a
528 733 630 760 Sancto
656 733 763 760 tolerati
791 741 825 759 ne
861 733 1041 759 substantiam

256 779 368 813 quidem
396 781 504 814 uspiam
532 784 635 810 narret.
658 779 766 806 silentio
783 779 832 805 abs
847 778 902 808 illo.
919 786 980 812 qum.
994 787 1043 812 pro

257 825 339 860 hujus
349 827 480 853 duntaxat
492 825 629 860 adjunctis
640 825 735 852 haberi
749 825 869 859 possent,
879 824 962 851 fuisse
976 832 1043 858 pra:-

261 871 342 898 terita
362 871 461 898 mirum
487 879 543 898 non
559 876 611 898 est.

1099 283 1246 316 imperator
1265 281 1398 316 cogitaret
1423 279 1590 306 Demetrium
1610 285 1672 304 cum
1691 276 1776 302 Libeo
1796 283 1883 310 expe-

1098 327 1162 356 riri.
1186 326 1284 352 Nestor
1307 325 1417 359 quidam
1438 323 1610 351 Christianus
1631 329 1661 349 se
1682 326 1764 347 nocte
1787 325 1883 346 sancto

1099 372 1236 399 Demetrio
1255 371 1352 398 obtulit
1368 371 1471 401 dicens,
1487 369 1558 403 quod
1579 373 1717 395 certamen
1736 366 1787 393 hoc
1801 374 1884 393 assu—

1097 425 1172 444 mere
1196 417 1391 446 deliberasset,
1406 422 1514 448 rogans,
1534 418 1562 440 ut
1580 417 1690 438 sanctus
1709 416 1810 445 martyr
1832 418 1885 444 pro

1097 471 1126 490 se
1142 463 1284 489 Dominum
1300 466 1400 488 oraret.
1418 460 1468 493 Qui
1484 460 1518 486 ab
1539 467 1571 486 eo
1588 457 1758 485 confortatus
1774 457 1818 482 die
1836 463 1883 482 se-

1097 510 1191 544 quenti
1202 508 1356 543 imperatori
1368 515 1397 534 se
1410 505 1684 541 przesentavit,seqne
1693 503 1883 530 Christianum

1097 555 1225 587 asseruit,
1241 555 1362 581 oll'erens
1379 561 1409 580 se
1435 560 1496 579 cum
1514 551 1595 578 Libeo
1615 550 1759 581 dimicare,
1782 553 1810 576 et
1831 557 1884 583 pro

1098 601 1235 628 Demetrio
1252 605 1389 627 certamen
1407 604 1557 625 assumere.
1575 595 1643 621 Dutn
1662 600 1751 621 autem
1768 595 1885 620 imitera~

1096 652 1140 675 tor
1160 647 1235 673 illum
1261 645 1388 680 precibus
1412 644 1553 670 retrahere
1573 649 1626 668 non
1648 646 1757 675 posset,
1785 639 1884 666 victuri

1097 701 1210 721 munera
1225 692 1359 727 promisit.
1377 691 1473 718 Nestor
1490 690 1572 724 igitur
1596 688 1716 714 duellum
1745 688 1886 719 ingressus

1096 740 1208 767 Libcum
1228 739 1261 765 ad
1278 744 1377 765 terram
1396 736 1542 771 prostravit
1554 739 1758 768 etprostratum
1770 732 1884 758 occidit.

1096 784 1246 819 Imperator
1258 788 1348 810 autent
1366 783 1418 808 hoc
1430 781 1536 810 videns.
1553 785 1577 806 et
1593 780 1738 814 gigantem,
1751 778 1887 804 Christia-

1097 838 1193 857 norntn
1216 830 1343 859 ultorem,
1359 827 1483 854 amisisse
1499 827 1596 853 dolens
1609 829 1706 851 contra
1722 824 1783 856 ejus
1799 831 1886 856 spon-

1097 876 1202 902 sionem
1219 875 1360 901 Nestorem
1377 881 1391 899 a
1408 872 1504 898 militia
1520 871 1600 898 solvit
1618 875 1645 897 et
1655 870 1688 896 de
1704 869 1813 895 civitate
1826 868 1887 902 eje-

293 916 466 949 44-νετυῐῐιι
494 921 558 944 “illi
586 924 629 944 res
650 917 759 949 habeat.
777 925 809 944 ea
836 916 962 952 equidem
987 920 1082 951 ηυᾶἳΒ
1099 921 1150 951 cit;
1181 919 1347 947 Demetrium
1379 925 1496 952 quoque,
1522 917 1568 950 qui
1600 917 1660 949 ejus
1683 915 1886 942 interfectiunis

257 968 388 996 quantum
405 964 437 990 ad
450 963 591 990 Nestorem
610 971 624 990 a
641 963 729 990 Photii
744 968 773 990 et
788 963 923 990 Anastasii
950 970 1044 990 narra-

259 1011 333 1036 tione
347 1010 456 1040 absnnt.
467 1010 585 1044 ideoque
596 1009 670 1036 velut
686 1009 812 1044 ligtnenta
822 1011 912 1036 verbls
925 1008 1045 1036 recitatis

258 1053 449 1082 Tillemontius
466 1055 566 1089 rejicit,
583 1055 671 1090 reipsa
681 1055 763 1081 etiam
775 1062 836 1082 esse
849 1055 976 1089 ﬁgmenta
986 1054 1046 1081 exi-

257 1100 352 1128 stimo.
370 1102 407 1127 Ac
434 1100 521 1135 primo
537 1101 658 1135 quidem,
676 1105 716 1133 ut,
732 1108 781 1128 cur
799 1101 856 1129 lucc
870 1101 935 1127 mihi
953 1100 1046 1127 sedeat

258 1146 406 1178 sententia,
421 1145 501 1172 modo
515 1153 663 1181 exponam,
679 1154 738 1181 quae
753 1147 827 1181 justa
842 1145 949 1173 Nestori
962 1154 1044 1173 causa

258 1199 318 1219 esse
329 1193 427 1226 potuit,
437 1197 465 1219 ut
475 1192 616 1219 certamini
627 1193 757 1227 singulari
767 1200 827 1219 sese
834 1198 928 1220 contra
937 1193 1044 1227 Lyaeum

258 1238 465 1265 committeret?
481 1237 579 1272 Hujus,
610 1243 638 1264 nt
653 1239 740 1269 aiunt,
763 1238 899 1272 superbia:
916 1246 1045 1272 arrogan-

258 1284 356 1318 titeqne
375 1284 532 1318 frangendae
549 1284 704 1311 consilium.
722 1283 822 1311 Verum
845 1284 906 1318 quis
924 1284 966 1310 vel
986 1284 1045 1310 solo

257 1330 312 1357 hoc
326 1338 360 1357 ex
390 1330 479 1364 capite
497 1329 605 1356 facinus
628 1329 796 1363 hujusmodi.
814 1329 905 1356 divina
925 1329 984 1364 lege
999 1337 1045 1356 se-

257 1375 400 1402 verissime
423 1374 549 1405 vetitum,
565 1382 578 1400 a
594 1382 649 1408 quo
672 1379 699 1400 et
719 1374 878 1405 Christiani,
912 1375 950 1401 uti
974 1374 1044 1402 infra

257 1420 375 1450 docebo.
406 1419 525 1446 tnaxime
559 1419 758 1448 abhorrebant.
787 1420 856 1445 satis
885 1425 1044 1447 excusatum

258 1468 340 1498 atque
355 1472 369 1490 a
384 1471 455 1490 noxa
474 1465 596 1490 immune
613 1464 794 1498 pronuntiet?
810 1463 956 1490 Enimvero
964 1464 1045 1500 longe

258 1513 348 1544 aliter,
364 1513 420 1546 qui,
435 1512 507 1547 quod
520 1513 590 1546 apud
606 1511 716 1538 Petrum
737 1512 770 1538 de
791 1511 985 1538 Natalibuslib.
1005 1519 1042 1543 ix,

258 1567 319 1593 cap.
337 1559 389 1585 llo
407 1558 613 1589 exstat.Sancti
629 1558 716 1585 nostri
731 1558 860 1593 elogium.
877 1557 933 1584 sive
957 1558 981 1584 is
1000 1557 1042 1583 in-

258 1605 336 1632 terim
373 1605 489 1639 ipsemet
525 1604 631 1636 Petrus.
677 1604 734 1631 sive
769 1604 840 1631 alius
872 1604 1044 1639 quiscmque

258 1651 429 1685 scriptorsit,
443 1652 562 1685 primum
572 1650 725 1680 contexuit,
738 1650 911 1676 existimasse
926 1649 1042 1675 videtur.

258 1698 364 1724 Etenim
384 1696 505 1730 suscepti
532 1703 547 1722 a
563 1695 679 1722 Nestore
706 1701 799 1722 contra
819 1694 926 1728 Lyaeum
952 1694 1045 1728 singu-

258 1742 327 1768 laris
342 1740 501 1767 certaminis
517 1747 638 1771 causam,
654 1746 715 1772 qua:
733 1739 848 1765 multum
869 1746 884 1764 a
898 1738 953 1772 jam
972 1737 1044 1764 dicta

259 1786 361 1817 differt,
379 1786 486 1819 allegat.
511 1784 566 1811 Rea
586 1785 704 1819 elogium
724 1784 798 1816 illud,
819 1784 846 1810 in
871 1791 924 1818 quo
950 1783 1045 1818 Lyaeus

259 1838 370 1866 semper
382 1830 483 1857 Libens
500 1834 623 1859 vocatur.
635 1829 790 1862 inspicienti
803 1834 924 1863 patescat
938 1837 946 1862 ;
960 1829 1044 1863 quod,

261 1878 324 1912 quia
339 1877 389 1904 hac
406 1877 432 1903 in
446 1882 524 1911 parte
541 1876 621 1910 plane
635 1875 774 1910 singulare
791 1875 941 1910 seduloque
953 1876 1046 1902 discu-

260 1922 383 1949 tiendum
401 1927 454 1954 est,
468 1922 603 1956 integrant
624 1922 691 1952 fere.
705 1921 815 1948 omissis
827 1921 971 1953 duntaxat,
984 1930 1044 1956 quae

259 1971 291 1997 ad
301 1970 538 2002 vem-rationem,a
549 1969 675 1999 Leontio,
687 1967 783 2002 lllyrici
795 1968 1044 2002 prmfecto,Sancto

259 2017 409 2043 exbibitam
426 2020 560 2050 Spectant,
593 2015 645 2042 huc
671 2015 834 2042 transcribo.
860 2014 1045 2048 Sequentibus

259 2062 334 2089 hisce
351 2062 441 2089 verbis
455 2062 610 2096 concipitur
626 2070 633 2088 :
655 2071 663 2087 I
682 2061 838 2088 Demetrius
853 2066 957 2095 martyr
971 2061 1043 2095 apud

258 2107 482 2134 Thessalonicam
495 2108 633 2135 civitatem
653 2114 750 2142 passus
765 2112 807 2134 est
821 2107 1044 2134 snblllaximiano

259 2154 437 2188 imperatore.
456 2153 505 2180 Hic
516 2161 530 2181 a
545 2161 592 2180 sua
604 2153 747 2188 inventute
758 2152 934 2179 Christianus
950 2157 977 2179 et
991 2153 1044 2179 lleo

258 2199 381 2226 serviens
415 2199 516 2226 nobilis
545 2198 598 2226 fuit
630 2199 698 2225 civis
725 2198 812 2231 ipsius
841 2197 1044 2225 Thessalonicae

1097 974 1178 993 causa
1194 965 1282 992 fuerat
1295 986 1302 998 ,
1326 964 1408 999 jussit
1428 965 1454 990 iu
1473 970 1582 989 carcere
1601 962 1700 989 occidi.
1718 961 1816 988 llilitcs
1834 969 1887 987 au-

1098 1016 1150 1038 tent
1167 1011 1199 1038 ad
1215 1018 1354 1038 carcerem
1377 1014 1524 1040 venerunt,
1544 1013 1571 1034 et
1584 1007 1703 1045 gladium
1721 1007 1747 1033 in
1762 1007 1822 1039 ejus
1839 1014 1887 1039 pe.

1096 1062 1172 1084 ctore
1188 1056 1390 1083 demerserunt.
1415 1055 1514 1088 Sicque
1535 1061 1617 1080 orans
1640 1060 1702 1079 cum
1719 1052 1808 1087 palma
1830 1051 1885 1078 mi-

1097 1102 1189 1138 gravit
1213 1102 1246 1128 ad
1270 1101 1426 1128 Dominum.
1446 1101 1530 1132 Cujus
1554 1106 1654 1133 corpus
1679 1107 1693 1124 a
1719 1097 1885 1124 Christianis

1096 1147 1262 1175 occultatum
1279 1151 1320 1173 est
1334 1151 1445 1180 propter
1462 1145 1586 1171 timorem
1599 1151 1779 1178 paganorum.
1791 1143 1817 1168 in
1831 1150 1886 1176 quo

1096 1193 1156 1220 loco
1183 1192 1254 1219 Deus
1278 1191 1414 1218 mirabilia
1439 1190 1616 1224 operabatur,
1643 1189 1689 1216 ubi
1720 1194 1885 1216 cunctorum

1096 1238 1270 1273 aegritudines
1286 1237 1465 1264 sanabantur.
1486 1245 1494 1260 ι

1131 1284 1176 1311 ιϐ.
1191 1283 1244 1316 Qui
1263 1283 1357 1318 itaque
1373 1283 1424 1309 hoc
1443 1281 1529 1308 sancti
1551 1280 1680 1307 Demetrii
1701 1280 1819 1315 elogium
1835 1287 1885 1306 seu

1095 1329 1261 1360 encotnium,
1280 1335 1295 1354 ι
1310 1326 1521 1361 Metaphrastica
1539 1326 1600 1360 ejus
1616 1325 1676 1352 Vita
1696 1326 1723 1352 in
1744 1325 1886 1352 nonnullis

1096 1379 1228 1408 przeterea
1240 1373 1312 1404 aliis,
1330 1373 1374 1400 hic
1391 1377 1493 1404 tamen,
1510 1371 1583 1406 quod
1600 1371 1633 1398 ad
1659 1379 1780 1405 praesens
1805 1371 1886 1398 iusti—

1097 1423 1183 1446 tutum
1199 1427 1252 1446 non
1267 1418 1377 1449 faciant,
1394 1426 1448 1445 non
1463 1417 1664 1449 examinandis,
1681 1417 1820 1451 adjunctis
1830 1417 1885 1443 dis-

1095 1472 1207 1496 sonans,
1220 1464 1370 1496 contexuit,
1385 1464 1528 1490 Nestorem
1541 1469 1635 1490 contra
1650 1462 1769 1498 Lyaeum.
1786 1470 1841 1488 non
1855 1466 1884 1488 ut

1096 1511 1178 1545 hujus
1195 1510 1337 1536 audaciam
1353 1510 1544 1544 superbiamve
1559 1509 1706 1541 frangeret.
1723 1507 1770 1534 sed
1785 1513 1814 1534 ut
1832 1513 1859 1534 et
1870 1516 1885 1534 a

1097 1557 1249 1591 periculoso
1270 1556 1348 1583 hoste
1367 1556 1550 1586 Christianos.
1565 1563 1682 1590 quorum
1700 1555 1756 1588 jam
1770 1554 1884 1585 multos.

1096 1604 1226 1639 singulari
1234 1611 1297 1631 cum
1310 1603 1349 1629 eis
1363 1602 1621 1637 imperatorisjussu
1638 1601 1706 1627 inito
1721 1605 1884 1632 certamine,

1097 1651 1119 1677 is
1136 1651 1284 1682 occiderat,
1302 1650 1446 1680 liberaret;
1463 1653 1489 1675 et
1513 1655 1576 1674 cum
1598 1647 1695 1674 eodem
1719 1646 1883 1672 decertandi

1097 1697 1260 1723 necessitate
1283 1695 1451 1722 Demetrium
1476 1694 1631 1725 eximeret,
1657 1693 1788 1726 singulari
1822 1699 1883 1718 sese

1096 1741 1238 1768 certamini
1253 1740 1432 1769 cotmnisissc.
1453 1739 1541 1765 verbis
1557 1738 1690 1769 recitatis,
1705 1744 1733 1764 ut
1747 1737 1806 1765 hac
1818 1744 1885 1764 con-

1096 1786 1225 1812 sideranti
1243 1790 1373 1820 patescet,
1388 1784 1526 1810 memoria:
1543 1784 1643 1817 prodit.
1665 1783 1764 1809 Verum
1778 1784 1813 1809 sit
1833 1783 1882 1813 ita.

1095 1832 1220 1865 equidem
1241 1839 1291 1858 nec
1307 1831 1346 1857 sic
1359 1830 1456 1856 Nestor
1469 1831 1571 1864 absque
1589 1837 1657 1855 noxa
1674 1829 1804 1862 singulari
1822 1836 1884 1854 sese

1097 1881 1190 1903 contra
1212 1876 1319 1911 Lyteuut
1336 1875 1480 1902 certamini
1494 1876 1666 1901 committere
1679 1876 1812 1908 potuerit.
1842 1873 1884 1900 Et.-

1096 1924 1168 1950 enim
1190 1928 1218 1950 ιιι
1236 1922 1408 1949 Christianus
1433 1921 1548 1955 quisque
1573 1922 1614 1946 vel
1637 1921 1721 1954 ipsos,
1745 1927 1759 1946 a
1783 1920 1884 1954 quibus

1096 1970 1156 1996 nilei
1173 1977 1252 1996 causa
1268 1968 1482 2002 persecutionem
1501 1967 1594 1994 tidi-les
1615 1968 1766 2001 patiuntur,
1790 1972 1884 2001 tyran—

1096 2023 1146 2042 nos
1167 2015 1206 2042 vel
1231 2016 1328 2040 bcrnm
1356 2015 1437 2040 etiam
1457 2014 1589 2040 duntaxat
1609 2013 1779 2041 crudelitatis
1800 2014 1883 2039 mini-

1096 2068 1167 2089 stros
1183 2061 1331 2091 interimat,
1346 2060 1596 2092 interimcrcvcmli
1609 2061 1769 2087 lticintlttbie
1785 2060 1884 2087 Nestor

1097 2108 1203 2139 fecerit,
1230 2107 1363 2138 intendat,
1392 2107 1531 2141 religionis
1550 2106 1712 2134 Christiana:
1744 2107 1883 2133 sanctitati

1097 2157 1237 2187 repugnat.
1262 2160 1311 2179 nec
1329 2152 1489 2186 quidquam,
1512 2161 1566 2186 quo
1587 2152 1612 2179 id
1630 2160 1691 2178 cmn
1705 2153 1762 2187 lege
1778 2152 1882 2183 divina,

1097 2199 1274 2226 homicidium
1288 2204 1405 2228 velante,
1421 2199 1546 2232 componi
1572 2203 1708 2233 ulcunque
1729 2203 1822 2232 queat.
1836 2206 1883 2226 oc-

259 2245 378 2271 i-ivitatis
404 2249 432 2272 et
458 2245 537 2271 miles
566 2250 708 2271 strenuus.
737 2243 781 2277 qui
799 2249 889 2270 tamen
903 2244 1042 2271 Christum
1061 2248 1081 2274 ῐ)
1095 2246 1190 2272 currit.
1210 2245 1311 2271 Adhaec
1326 2252 1387 2271 cum
1401 2244 1540 2278 equidem,
1554 2244 1632 2279 [ιγωο
1645 2245 1747 2275 occiso,
1767 2245 1883 2270 faculta-

258 2290 402 2316 lloziinum
418 2290 583 2324 praedicabat
601 2295 627 2316 ct
642 2290 740 2316 multos
755 2291 787 2316 ad
804 2289 882 2316 fiderit
901 2295 1042 2316 converte-

258 2336 303 2362 bat
345 2335 487 2370 Ingressus
514 2341 604 2362 autern
629 2335 780 2370 imperator
807 2334 1042 2365 Thessalonicam.

256 2382 372 2408 audiens
387 2382 420 2408 de
436 2381 590 2412 Demetrio,
611 2381 700 2416 ipsum
726 2381 924 2416 comprehendi
941 2380 1005 2408 fecit
1016 2385 1044 2408 et

257 2430 284 2454 in
301 2435 441 2454 carcerem
456 2428 551 2454 mittit.

290 2474 335 2501 45.
354 2473 417 2500 Erat
431 2478 521 2500 autem
533 2480 594 2499 cum
608 2472 772 2507 imperatore
786 2473 861 2508 gigas
873 2472 1041 2500 fortissimus

256 2526 282 2548 et
300 2525 413 2555 aspectui
430 2520 578 2550 terribilis,
594 2521 704 2546 nomine
720 2519 829 2551 Libens,
847 2519 892 2553 qui
913 2520 946 2546 tle
964 2527 1041 2545 mau-

256 2569 318 2595 dalo
332 2566 445 2602 Augusti
457 2573 519 2593 cum
532 2565 696 2593 Christianis
705 2565 851 2596 dimicans,
862 2573 908 2591 eos
922 2565 1041 2592 brachiis

256 2613 287 2639 ad
306 2620 335 2639 se
353 2612 546 2646 constringens
560 2610 593 2637 ad
611 2613 710 2636 terram
733 2609 872 2640 allidebat,
897 2609 1043 2644 statimque

256 2659 381 2692 spiritum
397 2658 572 2685 exhalabant.
588 2655 665 2683 Multi
681 2656 762 2683 etiam
778 2655 820 2682 alii
832 2656 866 2682 ab
879 2656 1042 2690 imperatore

255 2705 369 2731 diversis
386 2704 474 2738 pcettis
492 2702 688 2737 amigcbantur.
701 2701 769 2729 Cum
791 2707 880 2729 auteut
891 2702 1042 2729 Demetrius

256 2756 326 2777 e~set
352 2751 378 2777 in
395 2758 508 2778 carcere
530 2751 648 2785 positus.
665 2749 838 2784 Scorpionem
861 2749 939 2784 juxta
958 2751 1041 2784 pedes

257 2803 319 2822 suos
336 2797 422 2822 cauda
437 2804 499 2823 eum
515 2801 658 2830 percutere
674 2798 841 2829 satageutem
861 2795 938 2827 vidit,
958 2804 1039 2830 quem

257 2841 328 2866 edito
346 2841 435 2868 erucis
455 2842 596 2875 signaculo
613 2841 704 2868 statim
722 2840 863 2868 exstinxit.
882 2841 932 2868 Cui
951 2843 1040 2869 oranti

258 2886 402 2916 confestim
419 2887 531 2922 angelus
547 2887 684 2921 apparuit,
702 2891 786 2922 atque
802 2895 828 2914 ιιι
844 2887 954 2915 Clit-isto
973 2896 1041 2916 con-

1098 2295 1139 2317 tes
1163 2291 1232 2320 aliae.
1255 2291 1354 2324 quibus
1372 2290 1541 2317 Christianos
1563 2290 1744 2321 excruciaret,
1765 2291 1884 2324 neeique

1098 2337 1178 2362 etiam
1194 2337 1271 2363 daret
1285 2334 1443 2370 imperator,
1461 2336 1593 2362 defuturae
1605 2337 1763 2370 neutiquam
1778 2340 1884 2368 essent,

1098 2381 1195 2408 Nestor
1206 2383 1273 2416 singi
1286 2382 1333 2408 lari
1346 2381 1454 2416 Lyaeum
1470 2381 1653 2416 aggredieudo
1667 2382 1816 2408 certamine
1828 2389 1884 2408 non

1097 2431 1152 2453 tam
1167 2427 1261 2461 iniquo
1274 2428 1351 2454 hoste
1367 2427 1538 2454 Christianos
1551 2427 1677 2459 liberare,
1692 2435 1774 2461 quant
1793 2428 1827 2454 dc
1843 2428 1871 2454 in

1094 2474 1176 2508 juriis
1189 2473 1361 2507 damnisque,
1379 2473 1479 2507 quibus
1495 2473 1545 2499 ltos
1559 2473 1602 2500 ille
1617 2473 1757 2505 affecerat,
1773 2481 1884 2501 sumere

1098 2519 1245 2545 vindictam
1261 2519 1431 2553 propositum
1459 2518 1586 2545 habuisse
1598 2519 1688 2546 debet.
1706 2519 1777 2546 Ncce
1789 2525 1883 2546 autem

1096 2565 1246 2599 cujuspiam
1273 2573 1325 2591 non
1353 2569 1406 2592 tam
1436 2565 1624 2592 liberationem
1652 2573 1666 2592 a
1692 2565 1774 2597 malo,
1800 2574 1883 2599 quam

1098 2611 1244 2638 vindictam
1260 2612 1402 2639 intendere
1415 2612 1464 2647 legi
1483 2612 1583 2638 divinae
1597 2619 1676 2646 atque
1692 2619 1724 2639 ac
1740 2613 1884 2647 religionis

1096 2657 1259 2685 Christiana:
1273 2658 1408 2684 sanctitati
1426 2659 1587 2689 adversum,
1609 2667 1691 2686 nemo
1718 2659 1814 2694 utique
1838 2664 1884 2686 cat

1097 2704 1211 2731 inficias.
1229 2703 1293 2736 Quo
1316 2711 1360 2730 rcs
1375 2705 1447 2731 cum'
1460 2704 1496 2730 ita
1514 2705 1622 2734 habeat.
1637 2705 1792 2734 enimvero,
1809 2705 1883 2739 quod

1097 2750 1224 2785 singulari
1238 2756 1332 2778 contra
1351 2749 1455 2785 Lya‘um
1473 2751 1540 2777 inito
1559 2751 1708 2777 certamine
1723 2750 1821 2778 Nestor
1838 2759 1883 2785 pa-

1098 2797 1187 2825 travit.
1207 2797 1330 2828 facinus,
1349 2796 1420 2823 haud
1451 2805 1524 2823 rccie
1551 2797 1623 2823 velut
1642 2802 1766 2823 sanctum
1801 2802 1883 2831 atque

1096 2845 1130 2870 ab
1146 2844 1203 2878 ipso
1218 2843 1354 2870 Demetrio
1369 2844 1560 2878 approbatum,
1576 2844 1601 2869 in
1620 2844 1701 2877 li-tjns
1724 2849 1779 2869 tum
1798 2851 1884 2870 cnco-

1097 2889 1152 2916 mio
1167 2890 1290 2921 proxime
1305 2888 1379 2920 dato,
1394 2892 1450 2915 tum
1467 2887 1536 2916 Vitis
1551 2896 1599 2916 seu
1618 2888 1795 2915 l‘assionibus
1812 2889 1884 2916 binis
