2049 3151
174 164 247 195 110')

701 168 721 197 S
756 166 942 197 DEMEil'llll
962 165 1154 194 MARTYRIS
1168 165 1270 195 ACTA.

1732 158 1798 191 liii)

172 230 226 256 pra
235 223 321 250 sentis
335 221 349 257 §
363 223 442 250 initio
460 223 577 251 laudatis
600 225 769 259 proponitur.
796 224 824 250 bl
849 228 938 250 autem
951 244 957 254 ,
977 225 995 249 Α
1012 222 1123 255 pellunt,
1141 222 1310 256 perhibetur,
1330 222 1460 256 promissa
1485 219 1681 256 gladiatoribus
1708 219 1796 245 victo-

172 278 260 303 qnant
279 278 372 297 verum
391 271 438 302 sit,
454 279 485 299 ex
502 272 545 303 iis,
563 280 623 306 qua:
638 272 672 300 de
686 271 902 299 Christianorum
920 272 966 298 Dc-

172 316 269 343 ntetrii
287 321 365 343 atate
378 317 501 345 moribus
515 318 568 353 jam
586 326 657 345 nunc
672 318 771 349 dicant,
791 317 906 351 amplius
919 318 964 343 ad—

173 362 232 389 huc
249 368 378 397 patescet.

211 410 257 436 47.
272 410 442 437 Christianos
458 415 513 438 tres
523 410 679 438 Palaestinos
695 410 896 440 Diocletianum,
910 418 961 443 qua

170 455 261 481 etiam
273 463 305 482 ex
318 455 442 482 dicendis
453 455 607 482 Demetrius
623 456 761 487 occubuit,
772 456 962 490 persecutione

170 501 319 532 saeviente,
335 501 368 528 ad
389 502 524 536 pugilatus
542 502 702 532 certamina,
718 509 776 532 seu.
797 506 825 528 ut
839 508 899 528 Sese
910 501 960 526 arti

168 547 343 580 gladiatoria:
359 547 529 579 addicerent,
545 547 579 574 ab
597 547 719 578 Urbano,
739 547 889 573 suavissimo
908 547 960 572 ι’..-

169 591 288 618 Ιειδιίιιςιε
304 592 430 626 prteside,
446 592 528 620 fuisse
549 593 756 624 eottdemnatos,
772 592 908 619 Eusebius
929 592 960 618 de

172 637 333 664 Putwau'na:
351 639 511 673 martyribus
535 639 664 665 editionis
691 638 842 665 Valesianze
864 646 926 672 cap.
943 638 958 664 7

169 688 279 710 narrat.
297 683 428 718 Sequenti
441 688 532 710 autem
554 684 653 718 capite,
678 683 711 710 de
725 684 828 718 aliquot
853 683 958 710 Christi

167 729 395 760 contessoribus,
423 738 513 757 varios
545 734 605 765 post
630 730 769 758 cruciatus
791 730 824 757 ad
850 730 958 767 metalla

167 775 322 806 damnatis,
342 776 459 809 loeutus,
480 777 546 811 quid
571 776 652 803 iidettt
670 781 725 803 tres
739 776 889 803 Christiani
906 776 957 804 Pa-

167 821 282 854 laeslitti,
301 822 353 849 lata
370 822 414 849 illa
433 822 461 849 in
475 830 504 850 se
536 823 569 849 ab
586 822 696 850 Urbano
712 823 828 857 przeside
845 828 958 850 senten-

168 868 220 900 tia,
237 869 345 903 egerint
373 869 495 903 exponit.
520 878 528 894 I
546 868 602 895 Nec
614 877 689 902 vero,
707 868 806 903 inquit,
823 869 872 896 hos
884 869 957 896 solos

167 913 356 948 (contessores
369 914 473 942 scilicet
484 914 583 941 ibidem
598 919 662 941 ante
675 915 851 950 memoratos)
864 915 955 949 hujus-

166 960 245 987 ntodi
259 960 393 994 supplicia
411 967 554 994 perpessos
570 960 702 993 vidimus;
719 969 812 988 verum
828 961 910 988 etiam
923 969 956 988 ex

166 1006 323 1033 Palaestinis
338 1006 408 1037 illos,
423 1014 493 1040 quos
507 1006 541 1033 ad
565 1006 701 1041 pugilatus
719 1008 868 1034 certamina
887 1016 954 1034 cou-

165 1052 316 1078 demnatos
343 1052 425 1086 paulo
444 1056 508 1078 ante
533 1052 689 1085 retulimus,
705 1059 738 1080 eo
751 1053 824 1087 quod
849 1053 956 1081 scilicet

165 1105 222 1124 nec
241 1105 378 1124 annonam
404 1105 438 1124 ex
462 1097 593 1132 principis
615 1098 713 1125 agraria
739 1099 882 1134 accipere,
904 1107 956 1128 nec

165 1147 304 1170 consueto
318 1143 454 1177 pugilibus
465 1151 539 1170 tuore
550 1143 716 1178 quotidianis
729 1145 863 1179 proludiis
877 1153 955 1173 exer-

164 1188 226 1216 ceri
242 1188 420 1216 sustinerent.
439 1188 524 1221 Quain
545 1189 580 1215 ob
596 1197 703 1217 causam
722 1198 777 1217 tton
795 1191 883 1218 solum
896 1200 956 1227 pro-

165 1234 359 1265 curatoribus,
377 1235 422 1262 Sed
446 1235 495 1269 ipsi
520 1235 601 1262 etiam
620 1235 765 1263 Maximino
785 1238 954 1272 (imperatori

166 1279 311 1318 nimirum,
330 1280 355 1307 in
372 1279 446 1315 Syria
459 1285 485 1307 et
502 1280 642 1308 l'almstina
653 1286 716 1310 tunc
731 1284 892 1318 dominanti)
907 1293 956 1311 ex-

164 1317 249 1351 hibiti
262 1344 270 1356 ,
288 1333 349 1352 cum
366 1325 494 1353 invictam
520 1326 546 1353 in
569 1326 668 1354 Christi
695 1327 868 1355 confessione
885 1317 955 1357 icon.

164 1371 299 1398 stantiam
316 1371 395 1398 fatuis
408 1376 434 1398 et
448 1371 591 1406 ﬂagrorum
603 1373 745 1401 tolerantia
760 1374 955 1408 declarassem.

165 1416 266 1443 eadem
280 1424 341 1444 cum
359 1417 423 1449 illis,
441 1417 475 1444 de
489 1418 586 1452 quibus
601 1418 728 1446 diximus.
743 1420 922 1450 pertulerunt.
943 1431 952 1447 t

164 1463 238 1490 Cum
256 1469 331 1497 ergo,
352 1463 390 1490 uti
408 1471 439 1490 ex
459 1464 532 1491 hisce
550 1464 658 1492 Eusebii
676 1465 767 1492 verbis
783 1466 952 1501 intelligitur,

167 1514 226 1534 tres
252 1507 290 1534 illi
312 1506 462 1536 Christiani
482 1509 618 1537 Palaestini
642 1510 676 1538 ab
699 1516 756 1538 arte
776 1511 953 1546 gladiatoria,

1017 269 1097 294 riosis
1119 269 1241 301 ptmtnia,
1258 267 1424 301 imperatore
1451 267 1531 298 irato,
1544 274 1597 293 non
1616 264 1743 292 retulisse
1757 264 1796 290 vi-

1016 319 1134 347 tamque,
1145 321 1206 340 cum
1221 313 1315 339 militia
1325 313 1430 340 solutus
1441 313 1561 346 urbequc
1573 312 1666 339 luisset
1679 312 1794 345 ejectus,

1013 361 1200 387 cnztt‘wssorutn
1216 367 1301 389 more,
1322 360 1371 391 uti,
1385 359 1429 393 qui
1440 367 1520 393 supra
1531 359 1584 385 huc
1599 358 1792 392 transcriptum

1014 415 1027 433 ε·
1049 407 1131 432 l’ctro
1150 407 1182 433 de
1196 406 1500 434 Natalibuscucmnium
1513 405 1662 434 contunit,
1675 404 1792 430 sensisse

1015 453 1133 483 videtur,
1166 452 1191 479 itt
1210 459 1276 486 pare
1307 452 1480 479 terminasse.
1507 451 1540 477 At
1569 459 1644 483 vero,
1675 451 1791 484 inquies,

1012 498 1097 525 Cra-ci
1126 498 1267 525 Nestorem
1299 497 1545 532 μεγαλομάρτυρος
1575 497 1663 528 titulo,
1691 497 1793 531 elogiu-

1011 552 1075 578 quc,
1091 545 1116 570 itt
1136 551 1189 578 quo
1204 544 1321 578 Lyteutu,
1351 543 1481 578 singulari
1501 543 1650 570 certamine
1679 551 1793 577 supera-

1012 595 1080 621 tum,
1104 590 1239 617 occidisse
1270 596 1410 621 narratur,
1438 590 1668 620 condecoratutu.
1699 590 1732 616 ad
1759 590 1792 615 '27

1011 635 1148 667 Octobris,
1173 636 1256 668 diem,
1280 637 1419 671 praecipuo
1445 644 1495 663 suo
1512 635 1611 668 cilicio,
1642 635 1679 662 illi
1710 636 1792 663 etiam

1012 685 1076 710 tunc
1093 687 1263 713 coiisccrato,
1285 683 1436 714 celebrant,
1452 683 1632 717 eamdemque
1658 681 1793 709 Baronius

1009 729 1042 756 ad
1057 729 1131 756 hunc
1142 729 1213 756 diem
1227 729 1242 756 8
1256 728 1392 761 Octobris,
1406 729 1489 763 quod,
1508 737 1568 763 qua:
1584 736 1618 756 ue
1633 736 1665 755 eo
1679 736 1793 755 narran-

1010 778 1064 806 tur,
1092 775 1178 801 sant'ti
1208 775 1351 806 Demetrii.
1379 780 1444 802 tuuc
1473 783 1487 802 a
1515 775 1619 802 Latinis
1649 774 1790 806 celebrati,

1009 820 1131 848 Passieni
1158 828 1204 847 seu
1220 821 1306 852 Actis,
1323 820 1542 855 Metaphrasticis
1572 821 1714 852 nitttirum,
1735 820 1792 847 sint

1008 866 1124 897 intexta,
1142 867 1169 893 itt
1201 866 1424 902 Martyrologium
1454 867 1606 894 Romanum
1636 867 1737 898 intulit,
1764 866 1791 893 itt

1007 913 1249 943 Adnotatiouibus,
1267 913 1368 946 quibus
1387 913 1437 939 hoc
1450 912 1608 944 illustravit,
1636 912 1791 939 Graecorum

1010 957 1173 993 Mcnologio,
1201 957 1349 984 Sirletiauo
1377 956 1514 986 videlicet,
1547 964 1600 982 una
1632 963 1694 982 cum
1711 955 1792 982 Nice-

1009 1005 1095 1040 phoro
1108 1003 1219 1031 Callisto
1246 1003 1380 1037 dictisque
1397 1002 1486 1029 sancti
1512 1001 1641 1028 Demetrii
1658 1001 1735 1028 Actis
1763 1000 1790 1027 irt

1009 1058 1066 1077 rem
1081 1057 1156 1076 suam
1173 1049 1291 1076 laudato.

1043 1095 1088 1122 49.
1107 1095 1216 1127 Fateor,
1229 1095 1269 1122 sic
1292 1094 1385 1126 habet,
1416 1095 1563 1129 plures1ue
1591 1093 1684 1124 etiam,
1708 1099 1789 1127 quam

1006 1142 1061 1177 jam
1078 1141 1211 1168 nominati
1228 1141 1291 1172 sint,
1308 1141 1380 1168 Fasti
1391 1140 1541 1168 Ct‘u‘curum
1555 1140 1624 1166 sacri
1648 1139 1788 1166 Nestorem

1008 1187 1041 1214 ad
1057 1187 1091 1214 29
1103 1186 1228 1213 Octobris
1243 1186 1313 1213 diem
1329 1187 1431 1214 sanctis
1441 1191 1597 1214 acrensent.
1613 1185 1711 1212 Verum
1724 1184 1790 1219 quid

1010 1233 1088 1260 tum?
1104 1232 1134 1258 lli
1149 1240 1256 1265 omnes,
1289 1232 1328 1259 uti
1344 1233 1458 1260 eruditis
1478 1232 1557 1259 utodo
1574 1232 1676 1266 passim
1696 1235 1789 1258 notum

1008 1282 1061 1309 est.
1081 1278 1196 1305 subinde
1212 1279 1294 1304 etiam
1325 1285 1374 1312 rro
1393 1278 1494 1304 sanctis
1522 1277 1624 1304 habent
1654 1277 1788 1312 indignos.

1009 1323 1085 1357 Quod
1100 1329 1191 1350 autem
1208 1323 1240 1350 ad
1256 1323 1438 1357 Nicephorum
1455 1323 1609 1354 Callistum,
1624 1322 1669 1357 qui
1695 1322 1789 1349 cadent

1010 1369 1066 1396 fere
1092 1369 1125 1395 de
1143 1368 1268 1400 Nestore,
1291 1377 1351 1403 qua!
1379 1376 1394 1395 a
1425 1368 1607 1403 Metapltrasm
1631 1373 1788 1399 narrantur,

1009 1416 1131 1444 Ilittiriaa
1157 1415 1341 1442 ecclesiastica:
1370 1423 1384 1441 a
1403 1422 1433 1442 se
1461 1415 1652 1443 contextaelib.
1667 1422 1789 1450 vtt.eap.

1010 1463 1043 1490 15
1071 1466 1207 1493 recenset,
1234 1461 1446 1496 Baroniumque.
1478 1461 1536 1495 qui,
1557 1461 1666 1488 laudato
1697 1468 1746 1496 pro
1761 1469 1790 1489 se

1010 1508 1174 1541 Niecphoro,
1196 1506 1385 1542 Martyrologio
1411 1507 1533 1534 Romano
1546 1507 1686 1535 Nestorem
1714 1508 1789 1535 inse-

166 1559 215 1580 aut
232 1553 255 1581 si
282 1554 378 1586 mavis,
395 1555 580 1589 singularibus
603 1555 739 1590 pugilatus
757 1557 953 1584 certaminibus
966 1558 988 1588 ρ
1006 1555 1070 1584 ruit,
1085 1554 1139 1587 jam
1157 1557 1273 1587 spectat,
1287 1553 1399 1580 duorum
1418 1553 1516 1579 ltorum
1530 1554 1696 1588 scriptorum
1713 1553 1789 1588 prior

166 1605 314 1635 tantopere
330 1601 536 1634 abhorruerint,
554 1605 583 1628 ut
602 1601 712 1631 famem.
734 1601 826 1636 ﬂagra,
848 1603 954 1638 aliaque

165 1651 291 1673 extrema
302 1647 434 1681 supplicia
446 1647 570 1680 suﬂerre,
583 1656 665 1682 quam
678 1648 719 1674 vel
731 1648 795 1675 solis
805 1648 873 1676 artis
887 1649 954 1676 adeo

165 1691 337 1718 detestandae
351 1691 485 1726 proludiis
500 1698 561 1718 sese
577 1691 679 1718 dedere
702 1699 874 1718 annonamve
896 1692 954 1726 gla-

164 1735 322 1763 diatoribus
351 1741 481 1763 statutam
509 1736 642 1771 recipere,
677 1736 842 1769 maluerint,
874 1737 953 1771 quis,

164 1789 275 1816 quaeso,
293 1782 402 1813 tredat,
423 1782 465 1809 vel
488 1782 579 1817 plures
599 1782 802 1811 Thessalonicae
823 1783 954 1811 Christ'a-

166 1836 231 1859 nos,
253 1827 290 1854 uti
315 1829 433 1855 encontii
451 1829 572 1863 proxime
591 1829 645 1856 huc
660 1829 817 1864 transcripti
834 1830 954 1857 narratio

166 1875 264 1909 exigit.
281 1875 409 1910 singulari
432 1876 583 1902 certamine
606 1883 668 1902 cum
685 1875 764 1910 Lymo
786 1875 871 1903 fuisse
889 1884 955 1902 con-

166 1928 288 1955 gressos,
303 1922 344 1948 vel
358 1922 429 1955 quod
440 1926 535 1948 contra
551 1921 623 1948 hunc
636 1920 733 1948 Nestor
747 1921 848 1952 inierit,
863 1929 876 1948 a
890 1930 954 1948 san-

166 1971 212 1994 cto
224 1967 372 1998 Demetrio,
388 1967 426 1993 uti
442 1971 469 1993 et
484 1966 509 1992 itt
526 1967 621 1993 eodem
637 1966 762 1993 encoutio
772 1967 837 1993 etin
848 1967 953 1994 duabus

167 2012 264 2040 Sancti
288 2011 353 2038 Vitis
377 2019 425 2038 seu
451 2011 649 2043 l’assionibus,
677 2012 800 2045 proxime
827 2011 950 2044 laudatis,

166 2057 318 2089 indicatur,
335 2056 420 2083 fuisse
434 2056 600 2091 probatum?

203 2102 251 2129 ιδ.
276 2102 304 2129 Id
327 2102 455 2136 equidem
475 2102 540 2129 ntilti
561 2106 618 2129 tum
631 2102 716 2133 hisce,
735 2106 791 2128 tant
806 2102 878 2134 aliis,
892 2110 952 2137 qtae

168 2157 254 2185 supra
279 2149 307 2177 itt
334 2150 456 2177 mediuut
481 2150 593 2182 adduxi,
624 2150 761 2183 expensis,
797 2150 951 2176 verosituilc

168 2196 328 2230 neutiquam
346 2200 469 2230 apparet.
498 2203 586 2230 eaque
613 2195 729 2230 proinde
758 2196 861 2227 omttia,
891 2203 950 2229 qnze

1008 1609 1055 1627 seu
1071 1599 1241 1632 Nicephorus
1256 1603 1410 1625 commenta
1423 1607 1476 1625 ttott
1489 1607 1550 1625 raro
1566 1600 1682 1634 fideique
1696 1600 1789 1627 admo-

1007 1647 1071 1671 dum
1089 1644 1217 1671 sublesta:
1243 1644 1416 1670 narrationes
1430 1645 1575 1679 adnptasse
1600 1653 1731 1680 suamque
1760 1646 1788 1672 in

1008 1690 1154 1717 Historiam
1174 1690 1379 1724 transcripsisse
1408 1691 1539 1718 noscitur.
1562 1690 1699 1718 Posterior
1724 1699 1788 1719 vero

1007 1744 1054 1764 seu
1070 1736 1202 1763 Baronius
1227 1743 1280 1763 non
1307 1741 1371 1767 tant,
1401 1742 1572 1772 quantopere
1599 1737 1665 1767 sint.
1681 1745 1741 1771 qua:
1756 1738 1788 1764 de

1005 1783 1119 1810 Nestore
1137 1783 1342 1818 approbatoquc
1361 1783 1440 1817 hujus
1457 1791 1505 1817 per
1522 1784 1686 1810 Demetrium
1718 1784 1787 1811 factu

1006 1837 1021 1857 a
1036 1829 1387 1864 Metaphrastettarrautur,
1402 1830 1462 1856 tidei
1474 1829 1636 1857 Christiana:
1648 1830 1787 1857 sanctitati

1006 1876 1141 1909 opposita,
1157 1875 1356 1907 considerasse,
1374 1884 1454 1910 quatn
1470 1875 1612 1910 llcnologii
1636 1875 1786 1907 Sirletiani,

1006 1929 1020 1948 e
1036 1929 1089 1956 quo
1102 1927 1210 1949 sanctos
1225 1929 1280 1948 non
1296 1929 1397 1956 paucos
1409 1923 1435 1948 in
1453 1921 1675 1957 Martyrologium
1689 1922 1788 1948 itoma-

1005 1974 1070 1994 num
1100 1967 1202 1998 intulit,
1218 1975 1266 1994 seu
1289 1968 1369 1994 fidem
1399 1976 1446 1994 seu
1469 1969 1671 1998 atn-toritatem.
1701 1967 1787 2002 pluris

1005 2016 1097 2043 etiam.
1127 2021 1208 2047 quant
1237 2004 1284 2048 par
1316 2015 1361 2044 sit,
1391 2015 1425 2040 ab
1454 2021 1487 2041 eo
1511 2015 1610 2041 factata
1647 2019 1786 2048 spectasse

1005 2060 1122 2087 videtur.
1139 2060 1216 2092 Quod
1233 2060 1322 2086 sihtec
1335 2059 1507 2093 displiceant,
1518 2060 1648 2094 quidnam
1664 2059 1784 2092 tandem,

1003 2113 1057 2140 quo
1071 2105 1216 2133 Baronium
1245 2105 1418 2140 Graecosque,
1436 2105 1481 2139 qui
1499 2113 1547 2140 pro
1573 2110 1669 2132 sancto
1688 2105 1786 2132 Nesto-

992 2159 1060 2178 ‘rem
1086 2152 1188 2184 colunt,
1210 2153 1341 2179 adversus
1369 2151 1493 2186 Decaiogi
1527 2152 1707 2179 homicidium
1739 2160 1786 2179 vc<

1004 2197 1087 2224 tantis
1104 2197 1293 2225 auctoritatent
1319 2197 1602 2231 Christianorumque,
1624 2197 1670 2232 qui
1700 2199 1785 2225 sancti

167 2243 349 2277 suppeditata:
363 2250 378 2269 a
404 2241 502 2269 Pltotio
529 2242 726 2276 Anastasioque
743 2241 950 2268 ltibliothecario
968 2236 990 2265 ο
1005 2243 1132 2270 Demetrii
1153 2248 1231 2270 aelate
1252 2243 1372 2274 fuerunt,
1387 2243 1571 2278 agladiatoria
1596 2248 1653 2270 arte
1664 2244 1785 2278 singula-

166 2290 201 2316 de
215 2289 330 2316 Nestore
358 2289 507 2315 narrationi
526 2289 551 2317 in
583 2287 793 2322 Metaphrastica
824 2288 950 2315 Demetrii

167 2335 241 2366 Vita,
269 2336 377 2369 aliaquo
411 2334 553 2370 anonymi,
578 2342 592 2361 e
608 2342 660 2368 qua
686 2335 742 2362 ltrec
773 2342 950 2368 promanasse

169 2381 291 2410 videtur.
308 2382 539 2414 superadduntur,
556 2388 605 2415 pro
635 2381 781 2416 ﬁgmentis.
798 2386 856 2408 utut
881 2382 950 2414 forte

166 2427 261 2456 citius,
279 2434 360 2460 quant
384 2427 484 2454 sar-culo
499 2434 573 2454 nono
590 2427 643 2462 (adi
661 2435 737 2454 num.
756 2427 801 2461 45)
818 2429 948 2461 inventis,

167 2479 229 2499 cum
258 2470 442 2504 Titiemontio,
459 2474 496 2500 uti
514 2474 569 2507 jam
595 2481 679 2508 supra
705 2473 794 2506 inuui,
825 2475 949 2502 habenda

166 2526 240 2545 reor.
259 2517 347 2552 Atque
362 2518 424 2545 ltinc
437 2519 516 2545 etiam
530 2527 581 2546 nec
595 2519 681 2552 illum,
703 2521 748 2555 qui
763 2521 880 2556 Lyaeum,
909 2522 948 2548 uti

167 2563 193 2589 iu
209 2563 339 2590 omnibus
359 2570 472 2597 prorsus
493 2563 622 2590 Demetrii
652 2564 718 2592 Vitis
744 2572 790 2592 seu
810 2565 947 2593 Passioni-

168 2609 218 2635 hus
236 2609 361 2641 traditur,
386 2609 519 2643 singulari
542 2610 695 2636 certamine
711 2610 820 2643 occidit,
851 2610 949 2638 Nesto~

135 2686 138 2689 .
166 2661 223 2680 rent
239 2661 385 2680 accensere
400 2653 507 2680 Sanctis
533 2655 633 2686 ausint,
652 2655 709 2682 sive
727 2656 837 2683 interitu
864 2657 948 2688 hunc,

134 2697 138 2710 ⁵
167 2707 228 2727 eum
253 2700 361 2735 Lyaeum
381 2700 577 2731 interfecisset,
607 2701 780 2736 imperatoris
808 2702 948 2736 jussu,nti

166 2753 182 2772 a
210 2745 405 2781 Metapltraste,
433 2753 622 2781 auouymoque
649 2747 695 2782 qui
724 2748 786 2775 huic
824 2748 949 2783 prmluxit

168 2792 307 2824 asset-itur,
325 2793 385 2819 neci
404 2793 495 2819 dattttn
511 2793 604 2824 fuisse,
620 2799 819 2828 martyretnque
836 2794 946 2827 obiisso,

169 2837 243 2868 velis,
261 2838 317 2864 sive
347 2838 485 2869 duntaXat,
516 2839 553 2865 uti
582 2848 595 2866 a
622 2839 717 2878 Pho'tio
736 2844 763 2866 et
791 2840 946 2871 Anastasio,

169 2881 214 2916 qui
231 2891 263 2909 uc
279 2885 389 2918 quidem
416 2885 556 2913 Nestorem
573 2886 755 2913 (Zhrisﬁanunt
775 2886 879 2921 uspiam
900 2894 946 2920 ap.

1005 2288 1142 2322 ribusque,
1160 2297 1220 2322 qute
1236 2289 1316 2323 hujus
1326 2289 1456 2316 exercitia
1472 2288 1568 2315 acludi
1582 2288 1784 2322 quodammodo

1003 2337 1091 2366 erant,
1112 2335 1253 2361 horrorem
1272 2335 1383 2366 tuearis,
1401 2334 1427 2361 itt
1443 2334 1562 2361 nteditttu
1578 2334 1715 2361 adduces?

1038 2379 1081 2406 50.
1116 2381 1157 2406 An
1191 2381 1261 2407 forte
1292 2381 1324 2408 ad
1354 2381 1519 2416 singularem
1550 2380 1667 2415 Spiritus
1696 2381 1783 2407 sancti

1002 2425 1162 2453 instinctum
1177 2434 1312 2458 recurres,
1325 2434 1421 2460 eoque.
1439 2434 1492 2460 quo
1506 2426 1570 2453 olim
1580 2427 1672 2460 plures
1683 2431 1783 2453 sancta»

1002 2472 1122 2508 virgines
1154 2472 1278 2507 impulsae
1296 2480 1391 2500 necent
1410 2473 1587 2508 sibimetipsis
1618 2473 1784 2500 conscivisse

1001 2518 1138 2554 leguntur.
1156 2518 1299 2546 Nestorem
1313 2527 1343 2546 ac
1362 2519 1529 2546 Demetrium
1561 2519 1662 2554 pariter
1685 2519 1784 2553 impul-

1001 2572 1057 2596 sos,
1086 2565 1200 2592 alterunt
1222 2565 1332 2600 quidem
1351 2565 1482 2598 singulari
1506 2565 1657 2592 certamine
1687 2572 1781 2592 necent

1001 2612 1126 2639 intulisse
1142 2611 1232 2646 Lyaeo,
1251 2612 1367 2638 alterunt
1387 2611 1486 2639 factum
1519 2611 1588 2638 istud
1617 2612 1783 2646 approbasse

963 2643 1194 2685 ﬁ.tsscvcrabis?
1211 2658 1321 2690 Verum,
1337 2663 1398 2685 utut
1413 2658 1543 2693 singulari
1562 2658 1608 2686 Dei
1628 2658 1781 2691 instinctui,

999 2704 1070 2737 quod
1086 2709 1176 2730 tamen
1187 2704 1276 2731 vocari
1292 2704 1318 2730 in
1335 2703 1446 2730 dubium
1463 2711 1541 2738 posse
1554 2704 1672 2736 videtttr,
1692 2705 1782 2731 locttm

1001 2750 1046 2777 ltic
1063 2757 1122 2777 esse
1149 2750 1269 2784 potttisse
1297 2751 1381 2785 gratis
1396 2750 1478 2777 etiam
1493 2749 1659 2783 dederimus,
1680 2759 1713 2778 ne
1740 2755 1780 2778 ta-

1000 2804 1063 2823 men
1084 2796 1173 2827 facile,
1191 2805 1252 2831 quze
1270 2801 1365 2824 contra
1390 2796 1436 2824 Dei
1453 2796 1539 2831 legem
1569 2802 1630 2824 sunt
1662 2800 1780 2832 patrata,

1000 2843 1103 2876 absque
1119 2843 1219 2870 delicto
1249 2847 1354 2877 patrata
1382 2842 1563 2869 adutitlantur
1589 2851 1695 2877 autumn
1720 2850 1780 2869 esse

1001 2888 1118 2920 \idctur,
1140 2889 1224 2915 thcl
1245 2896 1286 2917 eo,
1306 2888 1347 2915 \‘el
1363 2887 1444 2914 etiam
1457 2886 1490 2914 ob
1509 2887 1621 2915 rationis
1634 2888 1776 2922 raritatem
