2049 3151
254 168 320 201 llil

920 174 1240 209 SUPPLEMENTUM.

1817 179 1884 213 1.12

254 225 287 251 ad
316 225 499 260 ignorantiam
518 225 703 254 invincibilem
730 228 884 263 bonantquc
900 229 980 257 ﬁdem
996 239 1043 258 co-
1059 241 1079 266 Α
1096 233 1182 264 illum,
1197 239 1227 261 ut
1243 243 1323 268 sttpra
1337 235 1492 266 docuimus,
1508 234 1540 261 ad
1558 234 1620 262 lidei
1638 234 1780 262 veritatem
1795 237 1884 263 addu-

255 278 327 302 rum,
342 270 388 304 qui
417 278 477 305 qua:
505 272 630 298 excusari
654 280 724 307 opus
741 274 845 301 habent
860 275 1041 307 admiserunt,

254 323 308 342 non
326 321 493 348 recurratur,
518 318 572 344 nisi
588 325 649 346 cum
665 319 745 346 simul
759 325 786 347 et
815 321 848 348 de
868 321 944 354 facti,
969 323 1042 356 quod

253 363 431 390 excusatione
464 364 576 400 indiget,
609 366 736 399 veritate,
756 372 784 395 et
812 368 845 395 de
867 369 928 400 viri,
943 369 987 396 cui
1015 370 1043 396 id

253 409 424 441 attribuitur,
449 412 598 438 sanctitate
626 413 809 448 undequaque
837 419 955 442 constat.
984 415 1042 442 Etsi

252 460 344 482 autem
361 456 395 484 de
411 457 541 484 Demetrii
567 459 678 493 quidem
706 461 862 490 sanctitate.
888 461 922 488 de
937 465 1041 488 asserta

255 507 357 535 tamen,
387 511 440 538 qua
457 505 607 532 ineundum
636 505 780 534 aNestOre
809 512 904 534 contra
933 507 1041 542 Lyaeum

254 547 392 582 singulare
407 554 548 576 certamen
569 555 657 577 ratum
675 550 812 583 habuerit,
831 552 1042 586 approbatione,

255 594 327 626 quod
356 594 413 620 haec
439 595 464 621 in
484 594 705 630 Metaphrnsticis
730 597 867 629 sublestae,
899 603 930 624 ut
960 606 1042 633 supra

255 640 348 671 docui,
367 641 428 668 fidei
446 642 524 673 actis,
543 643 656 677 aliisque
672 643 812 678 anonymi,
825 652 839 670 e
867 645 967 679 quibus
986 645 1043 672 hzcc

255 692 463 721 promanarunt,
484 688 595 715 fundata
614 690 803 716 tantummodo
819 690 865 721 sit,
884 683 1058 725 neutiquam.

255 737 372 764 constat,
390 733 428 760 uti
448 741 498 761 nec
527 735 560 761 de
576 734 712 762 Nestoris.
730 744 790 770 qua:
814 737 979 764 certioribus
993 738 1043 764 do-

255 779 393 805 cumentis
409 779 481 806 haud
498 780 607 810 nititur.
628 782 784 809 sanctitate.

291 824 337 851 5|.
349 824 428 856 Quod
444 826 467 852 si
481 827 661 854 nihilominus
678 833 810 863 quantum
827 829 861 856 ad
874 831 924 857 hoc
939 835 1044 865 postre-

257 878 330 897 mum
347 879 380 898 ex
406 871 507 907 insigni
532 874 612 907 plane
628 875 712 906 cultu,
732 884 797 910 qtto,
825 881 855 903 ut
870 877 986 907 dictum,
1009 877 1042 904 ad

255 917 290 943 27
308 917 434 945 Octobris
460 919 532 946 diem
561 921 633 955 apud
663 921 774 949 Grazcos
803 923 901 950 Nestor
932 924 1044 958 gaudet.

256 963 391 997 quispiam
408 965 498 992 adbttc
514 974 593 993 secus
623 968 733 1000 sentiat,
752 975 812 999 nec,
831 973 859 995 ιιι
885 970 1042 1004 opinionem

258 1015 356 1042 mutet,
375 1018 406 1037 ex
427 1011 459 1038 iis
486 1020 546 1046 qua:
563 1013 596 1039 de
616 1013 690 1040 cultu
722 1015 911 1041 ecclesiastico
929 1016 1044 1043 subinde

256 1056 339 1082 etiam
370 1057 489 1091 indignis
505 1058 577 1093 apud
606 1058 716 1086 Gnaeos
745 1060 836 1087 delato
865 1069 946 1096 supra
975 1061 1042 1094 dixi,

257 1106 412 1134 moveatur,
428 1103 584 1130 meminisse
597 1104 673 1130 illum
685 1104 777 1135 velim,
791 1106 849 1132 ﬁeri
861 1106 938 1132 facile
951 1114 1042 1140 posse,

259 1152 288 1173 ut
303 1147 403 1174 Nestor
416 1148 562 1183 quispiam,
579 1157 593 1176 a
607 1149 731 1182 Nestore,
750 1151 796 1186 qui
813 1151 921 1187 Lyzeum
950 1153 1044 1188 singu-

259 1193 307 1219 lari
323 1195 476 1221 certamine
504 1195 653 1228 interfecit,
683 1197 841 1230 distinctus,
860 1198 1012 1232 antiquitus
1030 1206 1044 1224 a

257 1239 360 1266 Grtecis
377 1241 468 1267 cultus
488 1241 580 1273 fuerit,
605 1247 689 1276 utque
710 1243 821 1275 deinde,
837 1251 898 1270 cum
923 1245 984 1278 quis
1001 1245 1045 1271 ille

258 1291 333 1312 esset
361 1287 431 1313 haud
456 1288 523 1314 satis
550 1287 697 1314 haberetur
722 1293 905 1323 compertum,
924 1290 948 1316 ei
969 1290 1044 1324 lapsu

260 1333 405 1366 temporis,
421 1341 482 1366 qua:
513 1333 539 1359 in
558 1334 690 1372 Photiana
721 1340 748 1361 et
764 1336 942 1362 Anastasiana
958 1337 1045 1363 sancti

260 1378 392 1405 Demetrii
406 1378 476 1405 Vitis
503 1387 550 1406 seu
568 1379 747 1407 Passionibus
766 1381 903 1414 leguntur,
922 1382 1046 1409 Nestoris

261 1423 420 1456 gladiatoris
435 1424 514 1457 Acta,
529 1424 666 1458 adjunctis
691 1426 901 1458 commentitiis,
915 1427 1004 1461 qualia
1018 1427 1044 1454 iu

261 1467 473 1503 Mctapbrastica
493 1469 585 1496 Sancti
601 1470 687 1498 nostri
704 1470 774 1503 Vita,
786 1471 894 1506 aliaque
907 1473 1044 1507 anonymi,

260 1523 275 1539 e
293 1522 345 1548 qua
373 1514 431 1542 ha-c
452 1515 504 1542 fuit
535 1520 674 1548 contexta,
706 1517 893 1552 reperiuntur,
912 1523 1003 1550 aucta,
1030 1526 1045 1545 a

258 1561 372 1592 Graecis,
404 1561 557 1588 fabularum
589 1563 758 1596 amantibus,
800 1564 937 1598 simulque
965 1573 1083 1600 quem;

260 1607 399 1634 Nestorem
414 1608 538 1636 colerent
564 1614 701 1644 utcunque
730 1610 866 1644 explicare
894 1611 1048 1638 volentibus

260 1653 362 1680 fuerint
378 1654 476 1681 ailicta.
497 1655 568 1682 Sane
585 1662 638 1682 non
650 1653 760 1690 'paucos
783 1657 865 1682 etiam
884 1657 955 1690 apud
973 1656 1047 1683 Lati-

260 1708 309 1726 nos
337 1701 464 1727 invenire
479 1706 522 1728 est
551 1707 673 1733 sanctos,
699 1709 815 1736 quorum
840 1703 971 1729 sanctitas
988 1703 1048 1737 qui-

261 1747 322 1771 dem
345 1746 462 1772 habetur
490 1751 642 1780 comperta,
658 1748 726 1774 Acta
741 1752 834 1774 autem
851 1749 930 1782 plane
943 1749 1047 1775 incerta

261 1795 336 1822 sunt,
354 1791 508 1825 fabulisque
534 1799 693 1825 conspersa.
720 1793 777 1820 Etsi
796 1793 887 1827 itaque
904 1793 1046 1821 Nestorem

261 1835 383 1869 quidem,
396 1837 441 1870 qui
467 1837 493 1862 in
512 1837 645 1864 Photiana
662 1843 690 1864 et
707 1838 885 1866 Anastasiana
916 1840 1046 1868 Demetrii

262 1881 440 1909 i’assionibus
469 1881 577 1918 Lyaeum
609 1884 739 1919 singulari
763 1886 913 1912 certamine
937 1895 1049 1920 supcra-

262 1933 330 1960 tum,
348 1928 484 1955 occidisse
504 1935 640 1962 narratur,
656 1938 705 1964 pro
735 1937 832 1958 sancto
860 1932 961 1959 habere
993 1941 1047 1960 non

261 1974 359 2004 ausim.
376 1973 517 2002 Nestorem
538 1979 640 2007 tamen,
658 1977 705 2010 qui
724 1985 738 2003 Α
757 1977 858 2004 Graecis
889 1978 921 2005 ad
938 1979 972 2005 27
996 1979 1048 2006 Oc-

263 2020 348 2046 tobris
363 2020 462 2055 insigni
482 2021 556 2048 cultu
574 2021 701 2055 aﬂicitur,
720 2030 734 2050 c
750 2028 906 2051 sanctorum
932 2033 1048 2053 numero

261 2070 336 2092 certo
366 2065 578 2101 expungendum
606 2076 659 2094 non
702 2069 816 2102 aflirmo,
846 2070 895 2096 etsi
928 2071 1047 2102 interim,

261 2111 386 2143 quisnam
412 2111 457 2138 ille
482 2112 577 2144 fuerit,
595 2114 716 2147 rejectis,
741 2115 842 2149 quibus
859 2117 959 2144 ibidem
975 2118 1047 2144 cele-

265 2162 371 2189 bratur,
387 2158 462 2185 Actis
489 2159 598 2186 edicere
615 2161 685 2187 haud
703 2169 811 2195 queam.

259 2216 272 2249 ς
338 2215 486 2253 Demetrius
498 2217 612 2251 capilur,
627 2219 808 2253 martyrioque
822 2220 944 2253 alﬁcilur.
961 2220 1049 2252 Quan-

293 2251 389 2289 dortam
451 2252 562 2285 factum,
573 2287 576 2289 Δ
588 2258 611 2278 el
628 2254 683 2287 quis
701 2251 798 2288 Lupus,
815 2251 859 2289 qui
883 2251 977 2281 servus?
991 2257 1048 2289 ejus

294 2286 374 2319 fuisse
389 2286 498 2318 dicitur.
511 2287 651 2316 exuit-rit.

295 2344 341 2372 52.
359 2344 497 2372 Miraeulis
509 2346 602 2373 multis
613 2351 739 2374 sanetum
753 2348 930 2382 Demetrium,
945 2357 1005 2377 eum
1020 2350 1046 2376 in

261 2390 330 2416 vivis
347 2391 436 2418 adhuc
451 2395 524 2418 esset
544 2399 694 2427 superstes,
714 2393 887 2425 inclaruisse,
901 2400 928 2421 et
942 2399 1047 2426 tamen,

259 2440 289 2462 ut
304 2437 463 2471 imperatori
479 2437 652 2470 Maximiano,
671 2440 748 2474 cujus
765 2441 842 2476 jussu
860 2445 974 2468 necatus
987 2441 1047 2473 fuit,

258 2483 322 2510 odio
337 2484 483 2516 exstiterit,
501 2493 554 2512 non
575 2490 628 2512 tam
649 2494 682 2513 ex
708 2486 759 2517 bis,
779 2495 858 2521 quam
875 2495 907 2514 ex
923 2488 1049 2514 ethnico-

260 2538 330 2562 rum,
344 2538 414 2565 quos
429 2531 461 2558 ad
482 2531 562 2559 fidem
583 2532 766 2559 ChriSIianam
783 2533 943 2565 adduxerat,
959 2535 1049 2560 multi-

259 2577 354 2604 tudiue
370 2577 469 2605 factum
495 2586 566 2611 esse,
589 2586 665 2605 num.
686 2580 720 2606 58
737 2584 763 2606 et
785 2588 861 2614 seqq.
878 2581 1047 2615 transcriptis

258 2624 376 2651 cucomii
394 2623 494 2651 ibidem
508 2624 619 2657 laudati,
635 2633 688 2658 quo
702 2625 868 2653 Demetrium
886 2627 1045 2659 celebravit,

257 2670 348 2696 verbis
373 2678 426 2697 non
452 2672 568 2698 obscure
592 2671 694 2699 indicat
713 2671 850 2703 Joannes,
868 2672 1046 2701 Thessaloni-

257 2717 346 2743 censis
372 2716 606 2752 archiepiscopus.
635 2718 667 2744 Et
690 2726 755 2745 vero
781 2727 842 2746 cum
868 2719 1046 2747 Maximianus

257 2771 364 2790 summo
385 2772 452 2791 sane
465 2765 528 2792 odio
545 2765 703 2800 religionem
719 2765 902 2793 Christianam
920 2767 1044 2798 babcrct,

258 2809 331 2835 nullo
349 2817 460 2843 prorsus
476 2819 508 2838 et
523 2812 622 2846 capite,
640 2812 771 2847 quidquid
787 2813 895 2839 interim
910 2813 943 2843 de
956 2817 1047 2847 patra—

258 2854 290 2880 tis
304 2863 317 2880 a
333 2855 434 2882 Sancto
443 2857 532 2884 adhuc
544 2857 651 2886 vivente
668 2859 805 2887 miraculis
821 2859 865 2891 sit,
879 2859 1043 2887 Demetrium

257 2900 352 2937 magis,
374 2908 455 2935 quam
472 2906 504 2930 cx’
522 2904 622 2940 insigni
640 2905 812 2933 ethnicorum
833 2907 866 2933 ab
889 2915 982 2933 L‘l‘l'ttl‘t.’
1000 2914 1046 2941 per

1096 285 1139 306 cta
1157 280 1333 306 multitudine
1354 279 1511 314 imperatori
1535 280 1578 306 isti
1597 279 1788 314 displicuisse.
1805 281 1885 309 facile

1095 327 1211 360 quisque
1231 327 1258 353 in
1276 327 1398 353 animum
1420 326 1542 353 inducet.
1564 326 1618 353 Nec
1636 326 1797 361 quidquam,
1813 328 1885 354 unde

1095 372 1262 399 contrarium
1278 372 1402 407 colligas,
1418 373 1464 406 qtti
1481 372 1572 399 Sancti
1589 380 1636 399 seu
1651 371 1739 400 Vitam
1757 379 1805 398 seu
1820 373 1886 400 Pas-

1094 419 1200 445 sioncm
1226 419 1252 445 in
1279 419 1383 446 litteras
1409 419 1554 451 miserunt,
1576 418 1766 453 suppeditant.
1792 419 1886 446 Solius

1094 466 1225 501 anonymi
1237 486 1243 497 ,
1257 466 1291 493 ab
1307 466 1452 493 Anastasio
1468 465 1682 493 Bibliothecario
1705 464 1803 492 Latine
1825 465 1886 491 red-

1093 512 1142 539 diti
1156 532 1162 541 .
1181 512 1213 538 ad
1232 520 1290 539 rem
1310 513 1380 539 hanc
1400 517 1537 545 utcunque
1553 510 1679 538 facientia
1696 510 1789 540 verba.
1807 517 1881 544 qur.

1095 558 1177 585 simul
1199 566 1250 592 qua
1265 558 1412 586 occasione
1437 556 1591 585 Demetrius
1619 561 1716 590 captus
1740 560 1822 588 atque
1848 556 1882 581 ad

1094 604 1288 631 Maximianum
1301 605 1383 632 fuerit
1399 605 1544 635 adductus,
1557 607 1709 636 exponunt,
1720 602 1887 635 citaudaque

1096 651 1165 678 infra
1187 652 1276 678 adhuc
1304 657 1386 679 sttnt.
1408 652 1462 678 ltuc
1493 650 1656 677 transcribo.
1682 648 1727 676 Sic
1751 648 1855 675 habent
1877 655 1884 673 :

1098 707 1107 722 ‹
1126 687 1198 724 Cum.
1210 698 1357 732 imperator
1366 697 1547 724 Maximianus
1559 697 1584 722 in
1596 694 1886 722 Tltessalonicensium

1096 744 1207 779 degeret
1222 744 1343 775 civitate,
1358 744 1439 770 homo
1455 743 1663 776 superstitiosus
1679 742 1730 776 piae
1746 741 1888 776 religionis

1096 791 1237 816 auditores
1253 789 1477 824 persequebatur.
1495 793 1522 815 et
1534 788 1772 815 interficiebantur
1784 788 1819 814 ab
1836 794 1886 813 ω’

1097 837 1172 863 inter
1189 843 1257 870 quos
1273 840 1333 862 erat
1355 836 1451 862 beatus
1467 834 1631 865 Demetrius,
1648 833 1824 860 manifestum
1846 832 1887 859 fa-

1098 884 1173 909 r-iens
1193 881 1368 916 scmelipsttm
1383 881 1488 915 absque
1502 882 1557 908 ullo
1575 881 1684 912 timore,
1695 881 1741 914 qui
1757 888 1770 906 a
1791 880 1889 914 juven-

1062 920 1082 947 Β
1100 932 1156 954 tute
1173 931 1200 954 et
1216 927 1286 954 bona
1301 931 1394 961 egerat
1410 934 1505 960 opera,
1521 930 1549 953 et
1565 925 1632 952 alios
1643 925 1786 953 docuerat.
1803 925 1887 951 Doce-

1100 974 1147 1001 bat
1163 974 1246 1006 enim,
1267 973 1383 1008 qualiter
1400 973 1490 999 divina
1507 973 1647 1007 Sapientia
1663 971 1836 998 descenderit
1852 971 1885 996 ad

1100 1024 1200 1046 terram
1217 1019 1250 1046 de
1266 1019 1345 1051 cutio,
1362 1024 1391 1045 ut
1405 1019 1554 1049 hominem,
1570 1019 1616 1052 qui
1643 1023 1769 1044 mortuus
1795 1017 1885 1043 fuerat

1101 1070 1224 1100 peccato,
1242 1065 1391 1092 viviﬁcaret
1406 1066 1539 1099 sanguine
1561 1066 1682 1098 proprio.
1696 1063 1763 1091 Cum
1786 1064 1844 1090 hsce
1859 1068 1887 1089 et

1101 1113 1152 1138 alia
1167 1113 1249 1139 multa
1263 1111 1551 1146 prardicaret,qvtidam
1566 1111 1683 1138 ministri
1699 1110 1884 1144 imperatoris.

1100 1159 1145 1193 qui
1163 1159 1194 1184 ad
1215 1158 1363 1192 capiendos
1379 1158 1552 1184 Christianos
1566 1157 1677 1184 fuerant
1694 1157 1828 1191 deputati,
1847 1161 1889 1182 te-

1100 1210 1195 1232 nentes
1211 1210 1335 1232 sanctutn
1350 1205 1514 1231 Demetrium
1540 1203 1699 1238 imperatori
1728 1203 1887 1229 obtulerunt

1100 1251 1275 1278 Maximiano.
1296 1261 1305 1276 ›

1135 1298 1178 1324 55.
1199 1297 1235 1324 ita
1268 1297 1400 1324 hactenus
1424 1303 1575 1332 anonymus
1597 1296 1688 1323 Sancti
1718 1295 1887 1330 biographus

1101 1344 1232 1370 laudatus.
1253 1342 1353 1370 Verum
1372 1343 1435 1377 qttid
1451 1343 1484 1370 de
1501 1342 1647 1374 Demetrio,
1664 1349 1725 1369 cum
1745 1342 1778 1368 ad
1802 1341 1888 1368 Maxi-

1101 1389 1220 1415 miauttm
1237 1389 1361 1422 captivus
1375 1388 1471 1415 fuisset
1485 1387 1630 1418 adductus,
1646 1387 1764 1422 primum
1785 1386 1808 1413 is
1824 1394 1888 1420 ege-

1103 1436 1147 1468 rit,
1171 1444 1223 1462 non
1249 1436 1379 1469 exponit;
1396 1435 1509 1470 exponit
1523 1439 1624 1465 tamen,
1643 1442 1703 1470 qua;
1725 1434 1797 1468 apud
1816 1432 1887 1459 Pho-

1102 1483 1168 1509 tium
1189 1486 1289 1514 exstat,
1306 1482 1398 1509 Sancti
1415 1482 1511 1509 Passio
1529 1489 1576 1508 seu
1589 1481 1660 1508 Vita.
1675 1480 1774 1512 Verba,
1789 1480 1889 1513 quibus

1101 1529 1126 1556 id
1144 1528 1220 1559 facit.
1238 1529 1296 1556 haec
1312 1533 1397 1554 sunt:
1415 1537 1424 1553 ‹
1445 1528 1502 1554 Ibat
1516 1535 1580 1554 vero
1593 1533 1724 1563 tyrannus
1738 1525 1889 1561 (Maximia-

1102 1584 1154 1602 nus
1172 1575 1313 1609 nimirum)
1328 1575 1359 1601 ad
1372 1575 1555 1609 spectaculum
1570 1567 1761 1610 gladiatorum,
1772 1577 1801 1600 et
1814 1579 1888 1600 mar-
1927 1580 1930 1581 '

1103 1629 1143 1657 tyr
1159 1622 1265 1649 vinctus
1285 1622 1319 1648 ad
1342 1621 1406 1648 illud
1422 1621 1551 1652 stadium,
1569 1621 1642 1655 quod
1658 1618 1744 1655 prope
1763 1623 1832 1652 erat,
1854 1618 1890 1645 ab

1102 1667 1193 1702 itnpiis
1218 1666 1350 1693 ministris
1371 1671 1500 1700 tanquam
1515 1666 1688 1694 Christianus
1703 1665 1758 1692 vita
1782 1672 1814 1691 ac
1840 1664 1888 1691 do-

1099 1714 1188 1740 ctrina
1217 1713 1370 1740 adducitur.
1405 1713 1451 1740 llle
1475 1714 1508 1740 ad
1540 1712 1727 1748 spectaculum
1755 1710 1890 1738 festinans

1099 1764 1224 1786 sanctum
1245 1759 1332 1786 virum
1347 1759 1429 1793 jussit
1447 1767 1532 1793 prope
1548 1759 1674 1789 stadium,
1689 1757 1734 1784 cui
1749 1757 1886 1792 publicum

1101 1806 1226 1832 balneum
1245 1806 1367 1832 vicinum
1389 1811 1458 1836 erat,
1480 1806 1506 1832 in
1530 1805 1636 1832 fornice
1658 1803 1802 1831 custodiri.
1828 1812 1837 1828 ι
1858 1803 1888 1830 In

1100 1851 1307 1885 Metaphrastica
1334 1849 1426 1877 Sancti
1450 1850 1526 1882 Vita,
1544 1851 1650 1885 aliaque
1673 1849 1811 1884 anonymi,
1828 1856 1889 1883 qua:

1100 1906 1131 1924 ex
1148 1898 1198 1924 hac
1213 1903 1254 1924 est
1271 1902 1407 1929 contexta,
1423 1897 1552 1924 nonnulla
1565 1897 1759 1924 Maximianum
1777 1897 1850 1922 inter
1862 1900 1888 1921 ct

1100 1949 1222 1971 sanctum
1240 1944 1404 1970 Demetrium
1425 1944 1517 1973 verba.
1544 1944 1615 1971 ultro
1638 1944 1772 1977 citroque,
1799 1942 1889 1975 prius-

1100 1997 1180 2023 quam
1203 1989 1246 2016 hic
1264 1989 1336 2016 illius
1351 1989 1429 2024 jussu
1447 1989 1545 2017 fornici
1566 1989 1769 2019 includeretur.
1795 1987 1887 2014 habita

1102 2036 1267 2061 referuntur.
1283 2034 1381 2061 Verum
1397 2039 1453 2061 tttm
1468 2035 1527 2062 haec
1555 2040 1610 2061 tttm
1626 2035 1688 2065 alia,
1701 2042 1760 2069 quae
1775 2034 1801 2060 in
1818 2033 1888 2059 binis

1101 2079 1152 2107 illis
1178 2079 1414 2107 lucubrationibus
1437 2085 1602 2112 occurrunt,
1629 2085 1709 2114 atque
1725 2079 1757 2105 ah
1773 2079 1888 2105 Anasta-

1101 2127 1177 2152 siana
1195 2131 1223 2153 et
1245 2126 1376 2153 Photiana
1393 2125 1485 2152 Sancti
1503 2126 1571 2153 Vitis
1588 2126 1698 2158 absunt,
1720 2125 1799 2152 fidem
1815 2126 1887 2151 inte-

1102 2180 1188 2205 gram,
1203 2177 1264 2200 utut
1279 2173 1361 2200 etiam
1380 2180 1430 2199 nec
1446 2172 1558 2204 absona,
1585 2180 1637 2199 nec
1661 2179 1726 2198 vero
1752 2170 1887 2197 absimilia

1067 2213 1088 2240 ι)
1107 2219 1192 2246 videri
1209 2223 1321 2254 queant,
1337 2227 1391 2246 non
1407 2223 1561 2250 merentur,
1583 2223 1677 2253 utpote
1691 2219 1757 2244 satis
1771 2217 1887 2251 antiquo

1101 2266 1172 2300 quod
1193 2273 1255 2292 eum
1287 2266 1313 2292 in
1344 2266 1425 2292 linem
1449 2266 1636 2299 requireretur
1658 2264 1816 2291 testimonio
1838 2263 1886 2289 de-

1102 2313 1208 2340 stituta.
1225 2312 1308 2339 Porro
1324 2313 1368 2346 qui
1391 2313 1498 2339 tandem
1517 2312 1617 2339 factum
1635 2312 1680 2344 sit,
1696 2317 1725 2338 ut
1750 2311 1882 2340 Sanetus.

1102 2365 1183 2391 queui
1202 2357 1392 2388 Maximianus,
1412 2365 1472 2384 cttm
1492 2358 1526 2384 ad
1544 2357 1732 2392 spectaculum
1755 2364 1889 2391 propera-

1103 2408 1154 2434 ret,
1170 2403 1267 2429 fornici
1293 2403 1325 2430 ad
1349 2408 1456 2437 tempus
1478 2403 1597 2437 iusserat
1623 2402 1739 2434 includi,
1765 2402 1889 2436 martyrii

1103 2445 1220 2480 palmam
1247 2444 1349 2471 lanceis
1372 2444 1517 2472 confossus
1538 2444 1672 2476 retulerit,
1703 2445 1731 2471 in
1755 2444 1890 2471 Pltoliana

1104 2489 1231 2516 Demetrii
1248 2497 1295 2516 seu
1313 2489 1371 2516 Vita
1388 2496 1434 2516 seu
1451 2489 1581 2516 Passione
1593 2489 1667 2517 hisee
1684 2493 1815 2516 narratur
1829 2497 1879 2516 ver

1103 2535 1145 2563 bis
1163 2544 1170 2562 :
1196 2544 1204 2561 ε
1222 2535 1270 2563 His
1284 2535 1375 2566 dictis,
1391 2536 1418 2562 in
1435 2543 1545 2562 arenam
1562 2534 1671 2570 (Nestor
1685 2535 1827 2567 nimirum)
1843 2535 1891 2562 de‘

1103 2581 1236 2609 scendens
1245 2581 1388 2608 confestim
1402 2589 1463 2608 eum
1478 2582 1523 2616 qui
1533 2581 1656 2608 omnium
1667 2581 1773 2616 judicio
1786 2581 1891 2615 primas

1102 2627 1217 2658 ferebat,
1235 2633 1401 2661 prostratum
1419 2627 1542 2660 necavit;
1561 2627 1607 2654 sed
1632 2627 1700 2654 nihil
1725 2631 1891 2654 consecutus

1102 2679 1144 2702 est
1157 2682 1251 2702 eorum
1264 2683 1322 2709 qurc
1332 2674 1480 2701 victoribus
1495 2675 1633 2709 proposita
1649 2679 1744 2706 erant;
1760 2674 1891 2701 intolera-

1102 2722 1148 2748 bili
1166 2728 1230 2748 vero
1243 2721 1335 2748 dolore
1349 2725 1375 2748 et
1395 2721 1434 2748 ira
1449 2726 1593 2756 tyrannum
1611 2721 1769 2755 complevit,
1781 2725 1809 2747 et
1826 2728 1890 2747 sur-

1102 2775 1168 2803 gens
1186 2776 1201 2795 e
1217 2768 1356 2800 cathedra,
1374 2768 1411 2794 ira
1428 2768 1558 2795 incensus
1575 2767 1649 2794 illinc
1665 2767 1765 2802 impius
1777 2767 1890 2794 domum

1103 2815 1227 2842 discedit.
1245 2815 1313 2841 Cum
1327 2823 1391 2842 vero
1408 2815 1444 2841 illi
1461 2815 1570 2848 quidam
1586 2823 1600 2840 a
1616 2814 1754 2842 Demetrio
1771 2818 1891 2848 martyre

1103 2860 1262 2888 nuntiarent
1279 2869 1431 2894 sermones,
1447 2861 1524 2896 quasi
1542 2860 1636 2888 furore
1653 2864 1735 2894 atque
1749 2860 1891 2894 impietate

1104 2907 1208 2941 ebrius,
1232 2907 1367 2942 simulque
1382 2912 1458 2935 ratus
1474 2915 1555 2935 omen
1575 2906 1725 2934 infattstutn
1743 2906 1870 2933 oblatum
1882 2926 1890 2939 ,
