2049 3151
194 191 260 224 1113

718 194 746 222 S.
764 193 952 222 DEMETRII
973 194 1167 223 M.\llTYHlS
1189 194 1291 222 ACTA.

1749 190 1815 222 illi

191 256 252 273 Clltll
264 246 379 272 Sanctus
395 246 419 273 ei
441 246 473 272 ad
490 247 604 274 stadium
622 249 780 281 properanti
800 248 973 279 occurrisset,
989 252 1011 277 Λ
1026 255 1086 281 qnze
1103 256 1155 274 non
1171 252 1246 279 sunt,
1265 246 1342 281 quasi
1359 246 1413 273 sint
1428 267 1434 277 ,
1454 247 1605 280 iterumque
1619 265 1626 275 .
1649 253 1709 280 quas
1735 253 1814 277 sunt,

191 291 276 318 hastis
293 299 325 317 eo
339 299 392 326 quo
407 292 622 319 concludebalur
637 293 696 319 loco
708 293 790 327 jubet
816 294 941 320 interﬁci.
963 303 971 318 ι

226 337 270 364 54.
287 337 355 363 Iluic
375 337 513 364 Photiana:
531 338 596 365 Vita:
621 339 772 365 narrationi
796 340 862 365 satis
879 346 976 364 conso-

190 389 248 413 nat,
268 391 349 417 quam
364 385 542 411 Anastasiana
557 385 725 418 suppeditat,
740 393 790 411 nec
809 385 922 411 multum
942 385 976 411 ab

189 436 233 460 ea,
245 430 267 456 si
287 434 396 457 narrata
410 430 443 456 de
459 430 572 457 Nestore
588 438 672 464 supra
697 430 817 458 discussa
845 430 975 464 excipias.

190 475 294 502 abludit
313 475 524 510 Metaphrastica
543 476 637 504 Sancti
658 476 731 508 Vita,
755 477 895 506 alteraque
909 484 976 503 ano-

194 521 278 556 nymi.
293 529 363 556 quze.
390 527 419 548 ut
443 530 526 557 supra
547 523 640 554 docui,
664 530 695 550 ex
723 523 771 550 hac
801 530 975 558 promanasse

194 567 311 594 videtur.
335 568 392 594 Jam
411 576 486 600 vero,
502 577 563 596 cum
581 570 606 597 id
621 571 655 596 ita
669 570 722 600 sit,
736 577 785 597 nec
800 573 974 596 monumenta

193 614 305 648 antiqua
321 615 383 647 alia,
401 623 460 650 qua:
478 615 530 642 illis
545 615 637 642 Sancti
655 616 721 642 Vitis
740 616 789 642 hac
805 616 831 641 in
850 622 880 642 re
895 622 976 648 repu-

191 665 285 693 gnem.
303 661 477 689 inveniantur
499 662 631 697 martyrii,
650 662 721 696 quod
746 661 864 688 Sanctus
894 661 977 688 subiit

188 713 277 738 genus
295 706 426 733 habemus
441 713 622 741 compertum.
642 707 753 739 Verum,
768 707 831 741 quid
853 707 886 734 de
907 712 975 732 tem—

187 759 266 785 pore,
295 759 349 786 quo
377 753 402 779 id
425 754 536 784 accidit.
567 753 820 787 pronuntiandum?
845 753 923 786 Quod
953 754 974 780 si

184 796 304 829 Joanne,
331 797 570 826 Thessalonicensi
595 799 802 833 archiepiscopo
828 798 976 833 sarpissime

182 843 243 877 jam
262 842 371 871 laudato
386 863 393 875 ,
419 844 547 871 standum
567 845 622 876 sit,
647 844 672 871 id
692 849 768 870 certe
791 848 854 871 ante
874 852 974 871 annutn

184 888 242 915 δη
266 889 338 916 haud
356 889 488 916 evenerit.
508 889 655 924 Scriptoris
678 889 777 924 huius.
797 897 812 916 e
832 890 932 924 quibus
949 890 975 916 id

182 934 296 969 colligo,
307 934 401 961 Graeca
418 935 499 962 verba
515 936 630 962 encomii
643 935 676 962 ab
689 935 740 962 hoc
748 936 868 962 contexti
886 936 974 963 verbis

185 989 265 1008 num.
278 981 313 1008 59
331 981 454 1009 recitatis
469 982 590 1016 proxime
607 983 728 1016 subjecta
740 1003 746 1014 ,
773 986 801 1008 ut
823 982 953 1017 quidquid
966 1003 973 1014 ,

187 1028 261 1062 quod
275 1028 376 1055 litteris
401 1028 435 1055 ab
460 1036 492 1055 eo
516 1028 673 1055 mandatum
697 1029 839 1060 habemus,
858 1037 919 1055 cum
937 1029 975 1055 le-

188 1078 264 1100 ctore
292 1073 504 1105 communicem,
531 1081 583 1100 una
610 1081 670 1100 cum
696 1073 823 1108 adjuncta
849 1074 975 1101 versione

187 1118 284 1145 Latina
310 1119 363 1145 huc
388 1119 553 1146 transcribo.
590 1119 635 1146 Sic
662 1119 792 1146 habent:
816 1118 897 1149 Εἰκὸς
925 1118 974 1152 μὲν

187 1161 234 1190 οὖν
261 1164 308 1190 καὶ
333 1163 420 1190 ταῦτα
443 1164 586 1198 διαϐόητον
609 1164 691 1190 αὑτὸν
709 1165 808 1198 κομιδῆ
831 1164 972 1198 καθιστᾷν,

187 1209 218 1234 τὸ
229 1209 257 1235 δὲ
277 1209 378 1244 μᾶλλον
392 1210 475 1236 αὑτοῦ
496 1210 545 1244 τὴν
571 1211 666 1244 φήμην
687 1210 815 1244 ὑψῶσαν,
832 1213 878 1236 καὶ
900 1211 975 1245 παρὰ

187 1255 248 1285 ταῐς
275 1255 370 1286 ἄλλαις
399 1256 512 1290 πατρίσι
534 1257 613 1282 τοῦτο
643 1257 784 1289 γεγονέναι
806 1256 974 1291 φημίζεται.

194 1299 364 1334 Ἑπέστησαν
389 1300 474 1332 αὑτῶ,
496 1300 574 1334 φασὶ,
604 1300 772 1333 διδάσκοντι,
796 1299 833 1331 ὡς
861 1301 908 1326 καὶ
935 1300 974 1334 τῷ

188 1345 283 1378 Κυρίῳ
306 1345 366 1380 Θεῷ
381 1346 458 1381 ἡμῶν
490 1347 577 1381 Ἰησοῦ
596 1347 620 1372 οι
642 1347 786 1380 πειρασταὶ
810 1346 973 1373 Σαδδουκαῖ-

187 1399 258 1418 οι....
283 1391 354 1418 οὕτω
375 1393 421 1418 καὶ
438 1393 475 1427 τῷ
496 1393 603 1427 μαθητῇ
624 1392 672 1419 τοῦ
697 1393 816 1427 Χριστοῦ
832 1392 872 1427 τῷ
900 1401 972 1418 παν-

186 1435 285 1470 ινδόξῳ
325 1437 468 1472 μάρτυρι,
507 1438 642 1472 Ἕλληνες
682 1438 712 1470 ἐξ
755 1438 895 1472 Ἀθηνῶν,
927 1439 973 1465 καὶ

192 1481 314 1508 Ἰουδαῖοι
330 1483 360 1514 ἐξ
391 1483 586 1518 Ιεροσολύμων,
611 1485 658 1510 καὶ
672 1484 818 1518 Μανιχαϊοι
839 1485 870 1510 ὲκ
888 1484 975 1511 Μεσο-

185 1527 334 1561 ποταμίας,
364 1529 411 1555 καὶ
435 1528 488 1554 ἀπὺ
519 1529 726 1564 Ἀλεξανδρείας
748 1529 883 1564 ’Δρειανοὶ
907 1531 972 1564 (προ

991 917 1014 947 Β

1027 294 1102 328 quasi
1125 301 1177 319 IIOI'I
1202 293 1268 325 sint,
1295 298 1448 319 monstrare
1487 297 1640 322 OSICNMHS,
1667 297 1814 327 martyrem

1029 338 1141 373 rogavit,
1157 339 1203 373 qui
1223 339 1255 366 de
1279 337 1335 366 Deo
1354 339 1479 370 sentiret,
1501 346 1616 371 euntque
1644 339 1687 364 hic
1705 347 1816 372 respou-

1027 385 1124 416 disset,
1141 393 1202 412 sese
1217 393 1302 412 unum
1325 385 1408 411 Deum
1436 385 1586 411 increatum
1611 391 1641 411 ac
1663 389 1793 411 atternum
1807 405 1814 417 ,

1028 438 1118 458 rerum
1134 430 1259 457 omnium
1273 430 1420 456 visibilium
1435 436 1466 456 ac
1483 429 1658 456 invisibilium
1672 430 1814 461 factorem.

1027 477 1141 511 ideoque
1154 481 1180 503 et
1197 476 1341 512 Dominum
1369 481 1396 502 et
1420 476 1588 509 provisorem
1613 475 1748 502 cantiteri.
1782 477 1814 503 Et

1027 530 1088 557 ego.
1102 522 1170 549 dixit
1185 522 1324 553 ethnicus.
1344 522 1380 548 ita
1400 521 1507 553 sentio;
1523 521 1655 548 doctrinae
1677 523 1748 549 enim
1766 522 1815 549 So-

1027 570 1120 598 cratis,
1150 575 1204 594 non
1231 567 1353 601 Epicuri,
1370 572 1398 594 et
1417 574 1512 593 eorum
1530 567 1575 601 qui
1595 575 1656 593 cum
1683 568 1733 594 hoc
1753 575 1815 593 scn-

1028 615 1099 641 tiunt
1115 619 1233 640 sectator
1247 621 1318 640 sum.
1339 622 1349 639 ι

1062 660 1106 687 56.
1122 659 1202 686 Hisce
1221 667 1303 694 porro
1322 659 1414 685 verbis
1430 659 1504 685 dicto
1521 658 1646 684 encomio
1664 658 1734 685 bene
1751 666 1814 692 pro-

1027 706 1092 736 lixo,
1109 714 1164 740 quo
1185 710 1311 733 sanctum
1336 705 1506 732 Demetrium
1525 711 1539 730 a
1556 704 1679 731 doctrina
1704 704 1815 738 potissi-

1028 759 1103 779 mum
1125 752 1229 783 laudat,
1254 752 1306 778 alia
1323 751 1450 786 plurima,
1478 750 1579 785 quibus
1607 749 1735 782 Sanctus,
1753 757 1814 777 cum

1027 798 1149 830 ethnieo,
1172 797 1331 828 Manichaao,
1341 796 1435 824 Judaeo
1452 799 1479 824 et
1489 795 1590 823 Ariano
1605 796 1677 822 ultro
1688 797 1814 830 citroque

1027 843 1141 874 habitis,
1157 842 1254 869 horum
1267 841 1499 869 heterodoxorum
1513 841 1637 876 singulos
1652 841 1812 873 confutarit,

1029 889 1171 922 victasque
1201 887 1309 914 tandem
1336 887 1388 914 sibi
1419 887 1484 914 dare
1511 895 1608 914 manus
1638 887 1813 922 compulerit,

1030 934 1139 965 intexit,
1151 934 1340 968 plurimosque
1359 933 1440 960 simul
1450 937 1506 960 tttm
1520 933 1659 960 exstitisse
1685 934 1813 965 Arianos,

1027 980 1257 1012 luculentissime,
1289 983 1328 1007 utl
1363 980 1520 1007 encomium
1557 979 1623 1006 illud
1659 980 1814 1007 consulenti

1027 1031 1160 1060 patescet,
1186 1026 1245 1052 loco
1265 1033 1319 1052 non
1338 1033 1394 1053 uno
1424 1025 1536 1053 indicat.
1568 1025 1627 1052 Jam
1644 1033 1721 1056 vero,
1752 1033 1815 1052 cum

1027 1072 1084 1098 hac
1100 1072 1137 1098 ita
1151 1071 1280 1100 habeant.
1300 1079 1413 1098 necesse
1429 1075 1482 1103 est,
1499 1076 1528 1098 ut
1544 1071 1672 1098 Arianam
1687 1072 1814 1098 haeresim

1025 1118 1080 1151 jam
1095 1123 1163 1149 tum,
1180 1125 1242 1144 cum
1259 1117 1377 1144 Sanctus
1393 1122 1486 1144 noster
1503 1118 1529 1143 in
1547 1117 1615 1144 vivis
1638 1121 1711 1144 esset
1724 1116 1815 1144 adhuc

1026 1169 1178 1197 superstes,
1189 1162 1274 1189 fuisse
1293 1166 1415 1189 exortam
1432 1169 1464 1189 ac
1479 1161 1668 1197 pervulgatam
1680 1161 1812 1193 Joannes,

1027 1208 1278 1235 Thessalonicensis
1308 1208 1545 1243 archiepiscopus,
1574 1208 1754 1239 existimarit,
1783 1216 1815 1235 ac

1026 1254 1104 1289 proin
1124 1259 1250 1281 sanctum
1268 1253 1436 1282 Demetrium
1451 1260 1514 1282 ante
1527 1262 1629 1281 annum
1641 1255 1704 1286 5H,
1722 1259 1815 1290 utpote

1025 1306 1089 1328 ante
1107 1308 1189 1335 quem
1206 1306 1282 1328 certe
1297 1307 1398 1327 annum
1426 1299 1480 1331 (adi
1499 1299 1677 1328 Franciscum
1703 1299 1814 1335 Pagium

1026 1347 1053 1373 in
1079 1346 1234 1380 pontiﬁcum
1252 1345 1434 1372 Romanorum
1450 1345 1598 1376 Breviario.
1619 1351 1685 1373 tom.
1703 1346 1724 1376 l.
1752 1353 1814 1381 pag.

1026 1391 1072 1425 75)
1089 1391 1172 1426 impia
1190 1392 1234 1418 illa
1247 1395 1322 1418 secta
1336 1391 1443 1417 initium
1461 1390 1534 1418 haud
1547 1391 1664 1425 accepit,
1680 1391 1814 1426 martyrio

1026 1445 1079 1463 non
1096 1437 1181 1464 fuisse
1197 1441 1370 1464 coronatum.
1388 1435 1489 1463 Verum
1506 1435 1567 1463 haec
1577 1436 1721 1471 scriptoris
1741 1437 1814 1464 illius

1025 1483 1119 1516 opinio
1137 1483 1296 1517 neutiquam
1314 1487 1406 1517 potest
1421 1482 1547 1515 admitti;
1564 1482 1719 1509 Demetrius
1739 1483 1814 1509 enim

1025 1528 1242 1558 Thessalonicae.
1272 1529 1309 1554 uti
1339 1529 1411 1555 inter
1431 1536 1528 1555 omnes
1559 1529 1700 1560 convertit,
1730 1529 1816 1555 subiit

186 1572 286 1598 ⁸πολλοῦ
305 1575 359 1608 γὰρ
373 1574 422 1607 τῆς
439 1574 529 1600 αὐτῶν
541 1574 728 1609 καθαιρέσεως
743 1574 793 1608 τὴν
808 1574 971 1609 οἰκουμένην

1025 1574 1196 1609 martyrium.
1233 1573 1418 1600 Macedoniam
1444 1579 1535 1601 autem
1563 1578 1661 1604 totam.
1685 1582 1716 1600 ac
1730 1574 1813 1608 proin

185 1618 337 1653 ἐτάραττον
350 1620 398 1646 καὶ
410 1619 504 1652 ἁπλῶς
518 1621 609 1654 πάσης
625 1621 718 1654 σχεδὸν
733 1621 866 1654 αἱρέσεως
885 1629 973 1654 παρα-

188 1664 317 1698 γιγόνασι
349 1666 546 1699 πρόμαχοι)....
564 1665 705 1700 μαϐιῖν....
721 1666 891 1698 θέλοντες....
907 1667 974 1701 μᾶλ-

184 1707 230 1734 λον
248 1708 277 1734 δὲ
299 1709 329 1735 οὐ
348 1708 444 1742 μαθεῖν
472 1709 602 1744 (πονηρία
627 1709 681 1745 γὰρ
707 1710 833 1745 ἁνορεξία
851 1711 974 1745 πέφυκεν

184 1753 313 1790 ἀγαθοῦ),
326 1754 394 1782 ἀλλὰ
409 1755 540 1789 πειράσαι
556 1755 602 1781 καὶ
613 1755 774 1791 διαπρέψαι
790 1757 839 1791 τῆς
855 1757 973 1789 πίστεως

183 1800 234 1835 sitv
247 1801 394 1835 εὐθύτητα.

221 1846 267 1873 55.
286 1848 341 1873 Καὶ
357 1849 371 1874 6
390 1849 440 1882 μὲν
461 1849 562 1883 Ἕλλην
578 1850 668 1885 ᾑρέμα
694 1859 751 1882 πως
769 1851 815 1876 καὶ
830 1851 973 1885 εξρωνευὸ-

187 1899 280 1924 μενος,
296 1892 344 1919 ἇτε
369 1893 400 1928 δὴ
427 1896 487 1925 ταῖς
521 1895 739 1928 συλλογιστικαῖς
763 1896 971 1930 ἑπικομπάζων,

184 1938 232 1963 καὶ
246 1939 280 1964 τὰ
295 1939 332 1972 μὴ
347 1939 410 1966 ὂντα
424 1940 461 1971 ὡς
477 1941 542 1966 ὄντα
555 1941 711 1972 δεικνύναι,
728 1943 775 1968 καὶ
793 1943 826 1968 τὰ
839 1942 904 1968 ὂντα
920 1943 973 1968 πά-

184 1982 227 2008 'I.tv
252 1983 289 2013 ὡς
311 1984 348 2017 μὴ
364 1984 534 2019 ὑπάρχοντα,
557 1985 651 2019 ἠρώτα
663 1986 708 2012 τὸν
735 1986 872 2021 μάρτυρα,
899 1987 972 2018 ὅπως

183 2029 312 2062 περὶτοῦ
337 2029 410 2054 θείου
433 2029 554 2062 δοξάζον
573 2031 619 2056 τὸν
643 2031 672 2057 δὲ
695 2031 896 2065 ἀποκρίνασθαι
925 2034 972 2058 ἕνα.

184 2073 252 2098 υεδν
272 2075 414 2108 ὁμολογεῖν
441 2075 570 2102 ᾶκτιατον
592 2076 638 2102 καὶ
662 2076 760 2107 ἀΐδιον,
775 2078 890 2112 ποιητὴν
904 2080 971 2104 πάν-

182 2125 244 2144 των
261 2119 368 2152 ὁρατῶν
380 2121 426 2145 καὶ
441 2121 576 2155 ἀοράτων,
592 2123 639 2148 καὶ
651 2122 696 2148 διὰ
714 2122 791 2148 τοῦτο
807 2124 854 2149 καὶ
868 2125 971 2150 Δεσπό-

183 2164 234 2198 τὴν
251 2165 297 2191 καὶ
325 2168 491 2202 προνοητήν.
521 2167 617 2200 Κάγὼ,
650 2168 703 2202 ἔφη
724 2169 738 2194 ὁ
763 2168 873 2204 Ἕλλην,
901 2170 973 2196 οὕτω

182 2209 287 2242 φρονῶ*
314 2210 363 2244 τῆς
396 2210 450 2245 γὰρ
482 2211 642 2246 Σωκράτους
665 2213 723 2247 εἰμὶ
752 2214 912 2249 διατριϐῆς,
941 2215 972 2241 οὺ

1027 1620 1109 1647 etiam
1140 1619 1220 1646 sitam
1249 1619 1274 1646 in
1295 1620 1345 1646 hac
1371 1618 1595 1646 Thessalonicam
1610 1619 1666 1653 jam
1693 1619 1756 1646 inde
1780 1620 1814 1646 ab

1026 1673 1098 1692 anno
1119 1666 1182 1697 5M,
1199 1665 1238 1692 uti
1254 1665 1557 1699 apudtTillemontittm,
1572 1665 1599 1692 in
1616 1664 1813 1699 Imperatorum

1026 1711 1206 1739 Romanorum
1222 1712 1353 1742 Historia.
1371 1715 1438 1738 tom.
1453 1711 1497 1743 IV,
1511 1719 1536 1747 p.
1556 1710 1617 1742 £62,
1629 1711 1724 1738 videre
1739 1711 1811 1742 licet,

1025 1758 1224 1786 Constantinus
1242 1757 1365 1792 Magnus,
1377 1757 1428 1784 sub
1446 1765 1500 1792 quo
1515 1765 1580 1784 sane
1596 1757 1726 1784 Sanctum
1740 1764 1812 1783 mar-

1027 1804 1097 1839 tyrio
1115 1803 1244 1830 aﬂectum
1273 1810 1355 1830 nemo
1369 1802 1479 1835 dixerit,
1501 1803 1527 1829 in
1546 1807 1681 1837 potestate
1695 1810 1743 1828 sua
1761 1803 1810 1828 lia-

1025 1851 1093 1879 buit.
1109 1849 1297 1883 deincepsque
1313 1849 1346 1876 ad
1373 1856 1476 1875 annum
1496 1855 1582 1883 usque
1601 1849 1663 1880 537,
1678 1848 1702 1874 ei
1719 1853 1812 1874 emor-

1027 1896 1138 1926 tualem.
1156 1896 1189 1922 ad
1199 1904 1279 1929 quem
1292 1903 1378 1929 usque
1395 1894 1523 1921 Demetrii
1537 1893 1811 1929 martyriumdiﬂerri

1024 1941 1180 1968 certissime
1196 1948 1249 1967 non
1269 1945 1370 1974 potest,
1394 1939 1495 1967 habere
1511 1940 1642 1974 perrexit.

1059 1986 1104 2013 57.
1119 1986 1220 2013 Adluec
1236 1985 1400 2015 Demetrius,
1415 1986 1452 2012 uti
1464 1986 1519 2019 jam
1539 1992 1614 2012 nunc
1630 1985 1745 2016 docebo.
1759 1986 1812 2013 sub

1025 2033 1198 2066 imperatore.
1227 2032 1270 2058 cui
1290 2031 1454 2058 Maximiano
1472 2039 1571 2058 nomen
1591 2035 1676 2065 esset,
1708 2037 1811 2066 marty-

1025 2076 1094 2102 rium
1130 2076 1231 2108 subiit;
1260 2076 1353 2102 nullus
1381 2080 1472 2102 autem
1508 2076 1667 2110 imperator,
1699 2077 1812 2103 nomine

1024 2121 1213 2153 Maximianus,
1232 2126 1294 2156 post
1313 2129 1416 2148 annum
1432 2122 1495 2152 ΞΗ.
1512 2130 1566 2156 quo
1591 2122 1716 2149 Galerius
1729 2122 1812 2149 Maxi-

1024 2168 1142 2198 mianus.
1164 2169 1204 2195 uti
1228 2169 1262 2195 ad
1287 2169 1362 2195 hunc
1390 2175 1494 2195 annum
1520 2168 1619 2203 Pagius
1643 2169 1669 2195 in
1688 2168 1808 2201 Crititis,

1024 2213 1214 2241 Tillemontius
1244 2214 1369 2241 Historia:
1392 2214 1582 2248 imperatorum
1602 2219 1668 2241 tom.
1685 2213 1731 2246 1V,
1748 2222 1808 2249 pag.

181 2256 231 2289 τῆς
252 2256 416 2290 Ἐπικούρου
439 2258 486 2283 καὶ
505 2257 559 2284 τῶν
585 2259 644 2284 κατ’
658 2259 749 2287 αὐτόν.
767 2269 776 2285 ι
797 2260 830 2287 lit
849 2261 906 2288 hac
921 2261 971 2288 ita-

1025 2259 1085 2291 HG,
1103 2259 1204 2293 aliique
1223 2259 1324 2294 passim
1339 2259 1450 2290 docent,
1467 2258 1540 2286 diem
1558 2263 1714 2286 extremum
1736 2259 1810 2286 elau-

181 2308 236 2334 que
250 2302 323 2328 illum
345 2310 410 2330 sane
427 2304 562 2330 celebrem
576 2304 725 2335 edicerent.
749 2314 797 2333 seu
823 2308 913 2340 potius
929 2307 970 2334 fa~

182 2355 255 2374 mam
282 2350 342 2383 ejus
379 2350 541 2377 extollerent
564 2352 724 2386 oportebat,
751 2353 833 2388 idque
860 2354 886 2380 in
910 2354 969 2381 aliis

180 2393 264 2420 etiam
282 2395 438 2429 regionibus
454 2396 554 2424 factum
568 2402 704 2424 narratur.
721 2398 968 2432 Quemadmodum,

183 2437 271 2470 aiunt,
299 2440 507 2468 insurrexerunt
531 2443 557 2469 in
588 2443 728 2472 Dominum
753 2445 856 2473 .Iesum.
883 2446 967 2473 Deum

181 2485 319 2515 nostrum,
337 2489 488 2511 tentatores
503 2486 671 2519 Saduca'i,...
685 2489 718 2515 ita
735 2489 815 2516 etiatn
828 2490 853 2515 in
866 2489 968 2517 Christi

180 2525 364 2562 discipulum,
390 2529 615 2562 gloriosissimum
633 2539 789 2569 martyrem,
811 2536 912 2562 ethnici
935 2543 968 2562 ex

178 2572 306 2606 Athenis,
330 2579 358 2602 et
377 2575 463 2602 Judmi
480 2584 512 2604 ex
528 2576 678 2606 Jerusalem
692 2599 698 2611 ,
726 2584 753 2606 et
777 2580 916 2608 Manichaei
935 2589 966 2608 ex

180 2615 387 2652 Mesopotamia,
408 2624 436 2646 el.
452 2620 543 2647 Ariani
567 2629 599 2648 ex
622 2623 784 2650 Alexandria
799 2625 855 2658 (diu
872 2627 944 2653 enim
959 2647 966 2657 .

179 2667 326 2698 antequam
344 2666 579 2700 exstirparentur,
602 2669 734 2696 mundum
761 2671 918 2699 universum
938 2674 964 2700 lli

180 2709 338 2743 turbavere,
355 2713 501 2747 omnisque
516 2713 573 2741 fere
600 2715 736 2742 haereseos
750 2725 965 2752 propugnatores

178 2753 304 2791 fuere)...
320 2758 426 2785 discere
442 2759 598 2792 volcntes,..
615 2768 662 2788 seu
681 2761 771 2796 potius
785 2771 838 2790 non
858 2764 965 2793 discere

178 2798 292 2831 (malitia
306 2804 379 2831 enim
401 2804 501 2832 bonum
519 2805 643 2842 fastidit),
660 2808 707 2835 sed
726 2813 831 2836 tentare
846 2810 964 2846 ﬁdeique

178 2846 372 2888 rectitudinem
391 2855 556 2883 pervertere.
574 2851 612 2878 Ac
627 2851 754 2879 ethnicus
767 2853 876 2887 quidem
892 2862 962 2888 quo-

178 2887 324 2922 dammodo
353 2895 529 2924 dissimulans
559 2897 723 2932 syllogistice
756 2899 857 2935 quippe
880 2887 961 2934 sese,

1024 2305 1070 2336 sit,
1101 2305 1304 2332 Thessalonicae
1332 2305 1489 2332 dominatus
1516 2310 1580 2338 est;
1606 2309 1636 2332 ut
1656 2306 1810 2337 enimvero,

1025 2351 1165 2382 omnibus,
1191 2359 1250 2384 qua:
1265 2351 1320 2384 jam
1336 2351 1407 2378 dicta
1422 2355 1496 2383 sunt,
1517 2351 1709 2384 consideratis,
1726 2351 1810 2379 Joan-
1841 2379 1843 2382 ,

1024 2405 1086 2429 nes,
1105 2397 1360 2424 Thessalonicensis
1389 2397 1625 2432 archiepiscopus,
1648 2402 1694 2423 aut
1720 2405 1810 2424 veram

1024 2443 1158 2479 martyrii,
1187 2450 1202 2470 ιι
1229 2442 1364 2469 Demetrio
1389 2443 1506 2473 tolerati,
1539 2442 1670 2476 epocham
1700 2443 1810 2478 penitus

1024 2490 1167 2525 ignorarit.
1183 2494 1230 2516 aut
1247 2494 1321 2516 certe
1346 2495 1407 2515 eam
1423 2488 1521 2520 serius,
1548 2497 1628 2523 quam
1656 2489 1693 2515 rei
1710 2488 1810 2515 veritas

1024 2536 1153 2570 patiatur,
1168 2534 1330 2566 traditione,
1363 2541 1444 2568 quam
1460 2533 1570 2566 allegat,
1589 2533 1720 2568 deceptus
1730 2533 1794 2560 diﬂ‘e

1024 2581 1136 2608 rendam
1165 2580 1279 2614 putarit.
1297 2579 1396 2606 Verum
1414 2579 1553 2612 quodnam
1579 2578 1688 2606 tandem
1702 2583 1809 2613 tempus

1022 2626 1132 2654 et-cntui
1146 2626 1189 2652 isti
1209 2626 1405 2660 assignandum
1422 2625 1433 2652 Τ
1453 2625 1617 2652 Maximiano
1643 2626 1808 2660 imperatore

1024 2673 1050 2698 in
1073 2672 1139 2698 urbe
1165 2671 1404 2698 Tltessaloniccnsi
1420 2671 1547 2705 degente,
1565 2675 1689 2698 sanctum
1711 2670 1804 2697 Deme.

1022 2719 1104 2746 trium
1131 2724 1240 2752 captum
1267 2725 1299 2744 ac
1316 2722 1441 2744 necatum
1467 2717 1550 2744 fuisse
1586 2715 1646 2743 Vita
1673 2716 1733 2751 ejus
1760 2724 1806 2743 sru

1022 2763 1116 2790 Passio
1156 2768 1212 2790 tttm
1243 2762 1426 2790 Anastasiana
1460 2766 1516 2788 tum
1547 2762 1678 2789 Photiana
1715 2763 1805 2791 docet.

1022 2810 1101 2836 llisce
1120 2809 1202 2836 etiam
1219 2808 1271 2836 hac
1288 2809 1315 2835 in
1332 2816 1361 2836 re
1376 2811 1530 2835 consonant
1547 2809 1605 2835 alia.-
1629 2809 1688 2836 dua:
1713 2809 1805 2836 Sancti

1022 2855 1099 2887 Vitae,
1120 2855 1327 2888 Metapbrastiea
1359 2854 1497 2885 videlicet,
1531 2854 1681 2888 alteraque,
1705 2863 1720 2880 ρ
1751 2862 1804 2888 qua

1020 2903 1076 2930 [nec
1089 2901 1270 2937 promat-evil,
1287 2901 1320 2927 ab
1338 2908 1473 2936 anonymo
1491 2905 1628 2928 contexta.
1647 2899 1743 2927 Verum
1763 2900 1804 2926 inc
