2049 3151
259 175 328 207 1115

907 174 1233 206 SUPPLEMENTUM.

1819 167 1885 198 iliﬂ

258 231 465 266 Maximinum,
481 234 534 262 sub
547 241 601 268 quo
615 234 708 262 Sancti
728 236 890 272 martyrium
900 237 1046 267 collocant,
1061 237 1085 266 Α
1099 232 1274 268 Metaphrasti
1289 231 1422 267 prmiuxit,
1442 230 1573 258 Sanctum
1586 233 1709 256 nostrum
1720 232 1798 257 tunc.
1811 235 1884 257 cum.

260 281 418 308 Herculium
432 281 514 308 etiam
532 287 658 309 vocatum
678 281 762 309 fuisse
778 291 921 318 perperam
935 291 1046 310 asseve-

260 332 332 355 rant.
350 327 455 354 Etenim
471 327 651 355 Maximianus
667 329 810 357 Herculius
829 329 1044 361 Thessalonice,

261 373 299 400 uti
315 381 348 400 ex
367 373 400 400 iis
415 381 475 407 qua:
490 374 525 401 de
550 374 602 401 hoc
627 375 792 408 imperatore
812 375 1004 402 Tilletnoutius
1019 377 1046 403 in

260 418 455 452 Imperatorum
473 419 652 446 Romanorum
667 420 786 448 Historia
803 426 870 447 tom.
886 421 929 450 IV.
940 421 1046 452 Scribit,

217 468 219 470 '
262 465 350 497 palam
370 465 409 496 iit,
427 465 585 492 dominatus
602 475 749 500 numquam
762 471 825 498 est;
843 473 871 494 ut
889 468 958 494 adeo
986 475 1048 494 cum

262 509 379 537 Sanctus
395 516 470 538 certo
486 512 585 538 ibidem
603 520 699 547 passus
711 514 757 545 sit,
773 514 798 541 id
817 522 882 542 sane
900 514 951 541 sub
964 514 1049 540 Maxi-

263 557 353 583 miano
375 556 504 584 Herculio
522 558 593 585 haud
610 560 744 586 evenerit.
769 559 824 586 Nec
843 560 935 587 Graeca
953 561 1048 588 Sancti

264 601 323 629 Vita
351 610 365 629 e
383 602 472 628 Leone
483 603 582 630 Allatio
593 611 674 638 supra
694 605 801 632 laudata
816 606 913 640 hisque
924 607 1048 633 inchoata

264 648 372 674 verbis:
385 649 449 674 ’Ὸιε
467 649 620 683 Μαξιμῖνος
636 652 648 676 ὀ
663 651 788 684 βασιλεὺς
801 653 830 677 ὲν
843 654 872 686 τῇ
889 653 1050 678 Θεσσαλονι-

264 695 333 719 κέων
353 694 429 727 διῆγε
446 695 534 727 πόλει,
555 695 652 722 melius
668 696 693 723 id
710 697 760 723 sub
779 697 926 724 Maximino
949 697 1049 724 iactant

265 739 371 770 statuit,
388 740 468 774 idque
484 742 542 768 sive
560 741 689 776 primum,
707 743 765 770 sive
787 743 939 771 secundum
968 744 1051 779 hujus

265 786 384 813 nominis
402 787 592 821 imperatorem
609 789 804 822 intelligamus.

301 831 345 858 58.
375 832 540 860 Maximinus
577 835 650 860 cnim
682 835 762 869 hujus
792 836 912 862 nominis
947 836 1052 870 primus

266 878 477 909 Thessalonice.
511 886 655 915 postquam
678 883 786 916 imperii
815 883 935 910 habenas
960 892 1052 911 susce-

1099 280 1196 307 Gotltis
1213 278 1400 312 Sarmatisque
1415 276 1528 305 devictis
1540 297 1548 308 ,
1565 275 1744 301 Maximianus
1757 293 1764 304 ,
1781 272 1826 307 qui
1844 277 1886 298 ta-

1100 332 1163 351 men
1190 329 1218 351 ut
1242 324 1298 358 jam
1314 323 1407 354 docui,
1426 322 1453 348 in
1474 321 1546 348 binis
1571 320 1624 346 illis
1648 318 1886 345 lucubrationibus

1101 370 1245 397 Herculius
1260 376 1402 404 perperam
1422 372 1547 399 vocatur,
1560 365 1783 392 Thessalonicam
1797 364 1886 391 venis-

1100 422 1152 448 sct,
1164 415 1293 450 martyrio
1309 414 1394 441 fuisse
1407 414 1534 440 ati‘ectum
1554 420 1608 438 non
1624 412 1741 438 obscure
1757 411 1885 437 traditur.

1101 462 1156 489 Etsi
1175 467 1268 489 autem
1287 461 1486 496 Metaphrastes
1501 465 1722 494 anonymusque,
1747 465 1762 484 e
1787 464 1842 491 quo
1864 457 1886 483 is

1100 517 1147 536 sua
1160 509 1305 543 decerpsit,
1318 508 1397 535 [idem
1414 507 1607 537 indubitatam,
1631 505 1670 532 uti
1687 512 1720 531 ex
1733 504 1788 537 jam
1803 510 1886 537 supra

1101 555 1182 582 dictis
1202 562 1322 589 pronum
1338 558 1380 581 est
1392 561 1489 580 eruere
1501 573 1508 584 ,
1526 552 1642 579 minime
1659 551 1703 577 hic
1718 555 1886 578 mereantur,

1101 609 1155 628 non
1169 605 1212 628 est
1229 605 1330 631 tamen,
1341 608 1389 626 cur
1400 599 1471 633 quod
1486 599 1531 626 hic
1545 606 1594 632 pro
1608 604 1738 632 tempore.
1753 603 1807 630 quo
1819 595 1888 622 San-

1102 653 1162 674 ctus
1179 647 1260 674 subiit
1277 646 1436 681 martyrium
1449 667 1455 677 ,
1471 645 1583 679 propius
1599 642 1807 670 determinando
1823 649 1888 672 sun—

1103 695 1234 729 peditant,
1246 700 1294 727 pro
1309 691 1459 719 vero~imili
1475 692 1571 718 s-iltem
1591 698 1644 716 non
1661 690 1806 717 habeatur.
1819 687 1888 714 Cum

1102 747 1167 774 ergo
1184 738 1334 765 secundum
1354 737 1414 764 illos
1429 736 1544 763 Sanctus
1562 744 1594 763 eo
1610 739 1743 769 tempore,
1756 742 1811 768 quo
1829 732 1888 759 Ma-

1105 785 1250 815 ximianus,
1270 784 1367 811 Gothis
1384 783 1573 817 Sarmatisque
1598 781 1728 811 devictis,
1743 779 1892 806 Thessalo-

1105 831 1193 857 nicam
1213 831 1286 857 venit
1299 851 1306 862 ,
1328 829 1461 864 martyrio
1485 829 1567 855 fuerit
1595 832 1753 857 coronatus,
1771 833 1889 860 quonam

1105 878 1148 904 ille
1164 883 1284 911 tempore
1301 875 1405 903 Gothos
1422 875 1616 910 Sat-tutatasque
1632 873 1774 906 devicerit,
1789 873 1892 899 emini-

266 926 361 960 pisset.
380 928 595 959 terosimillinte,
615 929 653 955 uti
675 936 706 955 ex
724 929 756 956 iis
772 937 832 962 qua:
847 931 881 957 de
897 938 930 958 eo
950 938 1052 957 memo-
1070 924 1090 951 Β
1106 931 1212 950 “fmus-

266 973 313 998 riae
327 973 434 1007 prodita
451 973 642 1006 inveniuntur,
652 975 732 1002 facile
746 976 894 1009 intelliges.
910 984 1051 1011 nunquam

266 1018 327 1044 fuit.
344 1018 434 1050 Quare
444 1027 505 1048 cum
524 1020 645 1048 Sanctus
663 1022 866 1048 Thessalonica:
880 1023 1050 1058 martyrium,

265 1063 330 1090 dum
344 1064 366 1090 is
381 1065 426 1098 qui
445 1064 595 1099 imperator
607 1071 668 1093 erat
686 1066 712 1093 in
741 1068 808 1094 urbe
824 1068 869 1094 illa
885 1073 1052 1099 versaretur,

265 1117 298 1136 ex
316 1110 438 1137 omnium
467 1119 590 1145 prorsus,
615 1113 662 1147 qui
677 1116 710 1140 de
727 1122 756 1140 re
776 1113 826 1140 hac
842 1118 970 1147 tractant,
984 1115 1053 1141 scri—

268 1160 375 1190 ptorutn
408 1158 571 1184 testimonio
611 1159 738 1191 subierit,
769 1159 796 1186 id
836 1160 978 1188 enimvero
1003 1161 1053 1188 sub

267 1202 417 1230 Maximino
445 1204 527 1239 hujus
557 1205 679 1232 nominis
709 1206 797 1238 primo
830 1207 966 1234 accidisse
998 1215 1053 1233 non

267 1253 379 1283 potest;
395 1250 468 1283 quod
484 1256 618 1284 praetcrea
636 1259 670 1278 ne
688 1257 837 1283 astruatur,
857 1253 971 1287 impedit
987 1261 1056 1280 una-

268 1296 350 1323 nimis
359 1296 528 1323 eruditorum
538 1297 661 1324 omnium
679 1298 782 1331 opinio,
796 1306 856 1332 quae
868 1299 957 1325 serius
972 1305 1054 1332 quam

267 1349 341 1369 anno
354 1342 417 1375 240,
433 1350 488 1377 quo
506 1342 681 1376 Maximinus,
706 1344 786 1378 hujus
803 1344 923 1370 nominis
938 1344 1054 1378 primus,

268 1396 283 1416 e
298 1388 368 1415 vivis
384 1390 514 1422 excessit,
532 1389 713 1421 Demetrium,
731 1390 792 1416 fuso
805 1398 854 1424 pro
867 1390 977 1417 Christo
992 1398 1056 1416 san-

268 1434 361 1469 guine,
388 1434 515 1462 retulisse
542 1434 664 1470 martyrii
695 1435 814 1470 palmam
840 1437 946 1463 statuit.
977 1436 1055 1468 Quod

268 1482 359 1506 autem
375 1479 407 1506 ad
423 1479 598 1506 Maximinum
616 1480 697 1515 hujus
708 1480 827 1508 nominis
841 1481 990 1507 secundum
1001 1481 1055 1514 jam

269 1530 384 1558 spectat,
401 1533 455 1553 non
468 1526 554 1560 magis
570 1527 602 1554 ad
621 1527 704 1560 hunc,
721 1534 801 1560 quam
814 1527 847 1553 ad
861 1526 1055 1554 Maximianum

270 1571 443 1606 Herculium,
459 1571 652 1600 Thessalonica
671 1581 791 1607 unquam
809 1573 953 1608 spectavit,
971 1573 1009 1600 uti
1024 1581 1057 1600 ex

269 1619 303 1645 iis
335 1627 396 1653 qum
427 1620 510 1647 deeo
535 1621 606 1654 apud
635 1620 853 1653 Tillemontium,
882 1621 944 1655 plus
971 1621 1056 1648 semel

267 1667 323 1700 jatn
347 1666 498 1698 laudatum.
529 1668 556 1694 in
582 1668 774 1701 imperatorum
801 1668 981 1694 Romanorum
1009 1667 1058 1695 Ili-

269 1712 349 1739 uorirt
367 1713 488 1745 tomJV,
502 1713 626 1748 aliasque
640 1713 789 1747 scriptores
800 1714 938 1740 memoriae
952 1713 1059 1748 prodita

271 1759 372 1792 passim
401 1764 562 1791 occurrunt,
583 1760 762 1787 manifestum
792 1765 845 1786 est.
884 1760 1059 1795 Quapropter

272 1811 323 1830 ncc
353 1805 404 1830 sub
429 1805 486 1837 illo,
513 1805 551 1831 uti
573 1814 606 1833 ex
635 1805 690 1839 jam
712 1805 794 1832 dictis
825 1806 905 1833 facile
936 1807 1059 1840 colliges,

273 1847 366 1875 Sancti
396 1850 482 1877 nostri
502 1850 582 1877 statui
607 1855 701 1885 poti-st
716 1852 890 1886 martyrium.
920 1852 958 1878 Ex
985 1852 1060 1880 hisce

272 1902 355 1926 porro
380 1895 510 1923 omnibus
532 1896 587 1931 jam
609 1896 678 1929 ﬂuit,
703 1897 793 1931 pritno
821 1897 944 1930 quidem,
975 1903 1004 1925 ut
1032 1899 1060 1925 in

273 1942 382 1969 laudata
396 1950 410 1969 a
430 1942 525 1970 Leone
552 1944 651 1970 Allatio
667 1944 760 1972 Grteca
789 1944 919 1972 Demetrii
943 1944 1000 1972 Vita
1012 1954 1060 1973 seu

272 1987 404 2016 Passione
414 1996 448 2016 ex
465 1994 557 2016 errato
571 1990 672 2018 Graecis
684 1991 831 2018 admodum
846 1992 995 2023 communi,
1007 2000 1061 2026 quo

273 2034 413 2062 Maximini
437 2041 465 2063 et
484 2035 640 2064 Maximiani
667 2037 778 2064 nomina
801 2038 892 2065 solent
915 2038 1060 2071 confundi,

274 2081 415 2116 Μιξιμῐνος
444 2091 493 2118 pro
507 2083 679 2118 Μαειμιανὺς
694 2091 839 2119 perperam
857 2085 1004 2116 scribatur,
1023 2085 1061 2112 uti

271 2128 356 2155 etiam
370 2136 402 2155 ex
421 2129 454 2156 iis
480 2137 541 2164 qua:
558 2138 636 2157 nttm.
654 2131 669 2157 ⁵1
694 2130 721 2156 in
737 2129 858 2157 mediutn
876 2130 976 2157 adduxi
994 2131 1061 2158 satis

273 2174 379 2208 liquet;
403 2175 505 2202 deinde
531 2183 596 2202 vero
620 2180 649 2202 ut
668 2175 760 2203 Sancti
781 2177 868 2202 nostri
900 2177 1061 2212 martyrium

272 2222 324 2247 sub
341 2220 504 2249 Maximiano
519 2222 637 2255 Galerio,
654 2223 700 2257 qui
712 2223 762 2250 sub
780 2231 852 2250 anno
864 2223 928 2256 305,
941 2224 1062 2250 utiinter

274 2266 397 2294 eruditos
415 2267 495 2295 modo
513 2268 652 2300 convenit,
672 2269 705 2296 ad
735 2276 837 2295 annum
852 2276 938 2303 usque
952 2269 1015 2312 5H,
1036 2270 1061 2297 ei
1079 2274 1101 2304 ο

272 2315 467 2346 emortualem,
487 2314 680 2348 imperatorem
711 2315 776 2350 egit,
794 2320 905 2350 totoque
922 2315 968 2342 illo
991 2320 1020 2344 te
1031 2323 1063 2341 n-

276 2367 341 2393 pore
370 2360 556 2388 Macedoniam
575 2369 607 2388 ac
629 2362 710 2396 proin
749 2362 841 2391 etiam,
874 2369 933 2397 quae
954 2362 1004 2389 sila
1036 2363 1062 2389 in

276 2406 329 2433 hac
352 2411 406 2438 est.
436 2407 659 2434 Thessalonicam
680 2408 708 2434 in
725 2412 860 2442 potestate
890 2416 938 2435 sua
957 2408 1063 2442 habuit,

275 2452 450 2478 statuendum
467 2452 513 2479 sit.
532 2452 629 2479 Verum
642 2461 696 2487 quo
710 2453 811 2480 Christi
827 2454 924 2480 anno?

313 2498 358 2526 59.
375 2498 442 2526 Cum
461 2498 642 2527 Maximianus
655 2500 781 2526 Galerius
798 2508 872 2526 anno
889 2500 936 2526 511
958 2500 1012 2535 (adi
1029 2499 1062 2526 ad

276 2545 350 2573 hunc
369 2553 483 2577 annum,
500 2554 576 2574 ttutn.
599 2546 643 2578 15,
660 2546 770 2582 Pagium
785 2547 810 2573 in
829 2546 942 2579 Critic.‘s)
960 2553 975 2573 e
994 2546 1062 2573 vivis

275 2592 435 2624 excesserit,
460 2592 588 2619 Demetrii
610 2593 770 2626 martyrium
788 2593 856 2619 ultra
876 2592 1002 2618 eumdem
1015 2599 1064 2618 an-

275 2646 341 2665 num
357 2638 451 2672 nequit
468 2639 572 2666 differri
585 2659 592 2671 ,
611 2640 666 2666 imo
684 2647 759 2669 vero,
778 2647 840 2665 cum
857 2639 927 2665 idem
945 2639 1064 2673 impera—

277 2691 320 2712 tor
345 2691 403 2713 toto
426 2694 499 2713 anno
521 2687 574 2713 510
600 2687 762 2721 gravissimo
793 2685 889 2712 morbo
911 2685 1062 2716 laburarit.

278 2735 409 2765 tuncque,
437 2740 498 2759 cum
528 2733 657 2759 Sanctum
682 2733 766 2767 jussit
789 2732 889 2763 occidi,
909 2731 1065 2758 valetudine

278 2777 378 2811 optima
406 2785 472 2803 usus
497 2777 552 2809 sit.
579 2778 786 2805 verosimillime
807 2782 887 2803 ctum
910 2783 972 2803 ante
993 2777 1066 2804 hunc

279 2829 380 2849 annum
395 2824 687 2857 statuidebet:qu:mto
702 2828 791 2851 autem
807 2829 929 2858 tempore
943 2823 1064 2853 circiter,

278 2867 334 2901 jam
348 2875 420 2895 nunc
434 2869 547 2896 dicenda
559 2870 713 2897 verosimile
730 2875 868 2904 utcunque
882 2870 1009 2896 eiiicisnt.
1037 2868 1063 2894 lu

280 2913 488 2943 Metanbrastica
504 2915 597 2943 Sancti
618 2915 686 2944 Vita.
701 2915 839 2944 alteraque
852 2915 989 2942 anonvmi.
1007 2921 1066 2941 tum:

1140 969 1184 996 60.
1203 970 1266 996 Belli
1280 969 1413 996 adversus
1429 967 1578 997 Sarmatas.
1592 967 1694 1001 quibus
1709 965 1790 994 Gothi
1801 965 1891 1000 juncti

1103 1022 1165 1042 esse
1185 1015 1344 1049 potuerint,
1365 1023 1380 1041 a
1396 1014 1560 1040 Maximiano
1575 1012 1686 1040 Galerio
1701 1012 1781 1047 gesti,
1800 1011 1889 1038 victo-

1104 1061 1206 1093 riarque
1221 1061 1269 1087 abs
1289 1061 1340 1087 hoc
1358 1059 1391 1087 dc
1421 1059 1475 1086 illis
1495 1060 1587 1087 relata:
1610 1057 1800 1085 Tillemontius
1822 1062 1890 1084 toni.

1106 1106 1139 1134 ιν
1158 1106 1279 1133 [Ιίειονίαι
1293 1107 1492 1140 imperatorum,
1512 1113 1573 1140 pag.
1588 1105 1633 1137 89,
1650 1104 1784 1135 meminit,
1799 1103 1892 1130 addit-

1105 1161 1157 1188 que
1173 1153 1272 1180 bellutn
1288 1153 1364 1184 illud,
1386 1153 1465 1186 cujus
1477 1152 1552 1183 alibi,
1563 1159 1646 1186 quam
1665 1151 1736 1185 apud
1753 1150 1890 1177 Zonaram

1104 1205 1130 1226 et
1151 1199 1322 1226 Ammianum
1349 1197 1548 1230 Marcellinum,
1571 1205 1642 1229 quos
1670 1197 1772 1223 ibidem
1799 1197 1887 1227 citat,

1107 1245 1236 1272 memoria
1248 1253 1303 1272 non
1321 1244 1488 1276 inveniatur,
1507 1243 1548 1270 vel
1564 1251 1636 1270 anno
1650 1242 1703 1270 505
1719 1243 1759 1269 vel
1776 1249 1894 1276 sequen-

1108 1291 1143 1319 tis
1159 1291 1236 1318 iuitio
1261 1299 1322 1318 esse
1345 1291 1518 1325 aﬂigemlum.
1543 1290 1604 1317 1am
1626 1298 1689 1316 vero
1707 1297 1770 1316 cum
1791 1293 1893 1324 pra'ter

1107 1338 1219 1369 bellum,
1245 1345 1260 1364 a
1284 1337 1460 1364 Tillemontio
1486 1337 1531 1364 hic
1561 1340 1762 1368 memoratum,
1792 1334 1892 1362 bellum

1108 1384 1192 1416 aliud.
1209 1393 1264 1418 quo
1290 1384 1415 1412 Galerius
1439 1384 1631 1414 Maximianus,
1653 1382 1710 1416 jam
1739 1381 1870 1408 ninirnm
1885 1401 1892 1411 ,

1108 1436 1172 1458 ante
1186 1430 1258 1463 quod
1275 1435 1348 1457 certe
1359 1435 1467 1465 tempus
1481 1429 1647 1456 Demetrium
1666 1428 1738 1455 haud
1753 1427 1834 1461 jussit
1848 1435 1894 1454 oc-

1108 1477 1173 1507 cidi.
1191 1477 1340 1510 imperator
1355 1480 1475 1508 creatus,
1489 1475 1594 1503 Gothos
1612 1474 1807 1508 Sat-malasque
1823 1473 1895 1500 vice-

1109 1523 1154 1552 rit.
1170 1529 1263 1548 revera
1283 1526 1378 1548 notum
1393 1528 1447 1548 non
1465 1521 1516 1554 sit,
1529 1520 1718 1554 scriptoreque
1731 1519 1789 1549 illo,
1805 1526 1895 1552 quan-

1111 1571 1167 1594 tutn
1181 1566 1215 1594 ad
1229 1572 1411 1601 tempus.quo
1425 1566 1534 1595 bellum,
1551 1564 1630 1599 cujus
1641 1563 1775 1593 meminit,
1786 1566 1893 1597 gestum

1110 1613 1214 1645 scribit,
1232 1613 1360 1640 stantium
1375 1612 1510 1641 videatur.
1525 1611 1658 1638 Sanctum
1673 1613 1805 1638 nostrum,
1819 1607 1893 1642 quod

1109 1667 1171 1688 eum
1193 1664 1253 1694 post
1267 1664 1373 1692 gestum
1391 1666 1405 1684 a
1425 1657 1534 1685 Galerio
1551 1656 1715 1683 Maximiano
1731 1659 1825 1682 contra
1841 1652 1897 1680 Go-

1109 1706 1172 1733 thos
1190 1705 1385 1740 Sarmatasque
1403 1704 1504 1731 bellum
1524 1711 1573 1737 pro
1595 1702 1708 1731 Christo
1723 1700 1894 1731 occubuisse,

1110 1751 1306 1786 Metaphrastes
1320 1751 1411 1783 simul,
1427 1754 1457 1777 ut
1478 1750 1534 1784 jatn
1551 1749 1666 1779 dictum,
1693 1753 1722 1775 et
1742 1753 1896 1782 anonytnus

1111 1798 1157 1833 qui
1172 1798 1196 1824 ei
1213 1798 1338 1832 praelutit
1362 1796 1516 1823 luculenter
1532 1795 1670 1826 indicent,
1699 1793 1821 1828 martyrii
1839 1792 1898 1825 pal-

1112 1852 1182 1870 tnatn
1199 1851 1272 1870 anno
1296 1843 1406 1870 circiter
1426 1842 1478 1869 506
1495 1841 1622 1869 retulisse
1635 1840 1790 1868 verosimile
1803 1838 1899 1865 existi~

1112 1897 1167 1921 tuo,
1180 1889 1298 1923 hincque
1312 1897 1394 1923 supra
1405 1890 1431 1915 in
1444 1889 1565 1923 margine
1574 1895 1674 1914 annum
1689 1887 1762 1913 illum
1773 1885 1897 1920 ascripti.

1147 1936 1191 1963 6i.
1207 1935 1286 1963 Nunc
1302 1935 1383 1962 etiam
1406 1935 1440 1962 de
1461 1935 1515 1965 die.
1532 1942 1586 1969 quo
1609 1934 1737 1963 Sanctus.
1764 1933 1824 1959 fuso
1850 1939 1899 1966 pro

1113 1981 1165 2008 [ide
1177 1981 1335 2009 Christiana
1347 1981 1493 2016 sanguine,
1510 1986 1614 2015 martyr
1624 1979 1800 2010 occubuerit,
1813 1985 1901 2013 pauca

1112 2026 1245 2053 dicamus.
1275 2026 1377 2061 Elogio,
1399 2034 1453 2060 quo
1478 2027 1505 2053 in
1529 2025 1640 2053 Met-ais
1664 2025 1698 2052 ad
1721 2024 1755 2051 26
1773 2023 1901 2051 Octobris

1112 2071 1184 2099 diem
1200 2077 1324 2105 ornatur,
1341 2077 1489 2106 sequentes
1505 2073 1542 2104 hi,
1559 2072 1586 2099 in
1600 2072 1702 2106 quibus
1718 2071 1750 2098 ad
1767 2070 1900 2105 martyrii,

1112 2119 1185 2153 quod
1204 2119 1298 2152 subiit,
1317 2127 1404 2154 genus
1416 2139 1423 2151 ,
1440 2127 1502 2147 cum
1527 2119 1656 2153 passione
1681 2118 1774 2144 lateris
1798 2116 1901 2144 Christi

1113 2165 1320 2192 similitudinem
1347 2165 1507 2200 quampiam
1529 2165 1647 2198 habens,
1672 2163 1814 2194 slluditur,
1831 2171 1903 2198 prae-

1114 2211 1264 2238 mittuntur
1278 2211 1405 2238 versiculi
1424 2220 1430 2237 :

1114 2259 1271 2292 Δημήτριον
1287 2257 1414 2284 νύττουπι
1437 2258 1545 2292 λόγχαι,
1564 2257 1666 2292 Χριστέ
1685 2265 1747 2292 μοι),

1115 2291 1254 2327 lateam:
1271 2293 1392 2326 πλευρᾶς
1413 2291 1596 2328 λογχονύκτού
1619 2292 1668 2326 σῆς
1681 2291 1795 2322 πάθους.

1115 2328 1232 2363 Εἰκοστῇ
1252 2328 1345 2361 μελίαι
1362 2329 1519 2363 Δημήτριον
1540 2328 1609 2364 ἕκτῃ
1623 2328 1740 2354 ἀνεῖλον.

1115 2373 1227 2401 Priores
1242 2374 1295 2401 duo
1312 2381 1326 2401 e
1344 2374 1482 2407 versione,
1498 2381 1581 2407 quam
1607 2373 1674 2407 ipsis
1693 2372 1831 2405 adaptavi.
1845 2375 1904 2398 ter-

1116 2420 1225 2452 tiusuue
1235 2428 1267 2446 ex
1277 2419 1404 2454 adaptata
1417 2420 1441 2446 ei
1457 2427 1472 2446 a
1482 2419 1670 2453 Papebrochio
1680 2419 1705 2444 iu
1720 2417 1904 2453 Ephemeridi-

1116 2466 1163 2493 bus
1174 2466 1375 2494 erco-Mosci:
1388 2465 1617 2500 interpretatione
1629 2464 1725 2491 Latine
1738 2465 1772 2489 ita
1787 2466 1901 2490 smnant:

1119 2512 1278 2539 Demetrium
1292 2512 1389 2538 lancem
1404 2512 1567 2546 confodiunt,
1582 2510 1686 2538 Christe
1702 2510 1747 2539 uti.

1117 2547 1269 2574 Pttssionem
1283 2547 1374 2573 lateris
1391 2547 1440 2577 tui,
1455 2544 1547 2572 lancea
1570 2546 1695 2580 confossi,
1721 2544 1904 2571 awnuluntem.

1122 2582 1218 2609 Vicena
1232 2587 1255 2609 et
1273 2587 1346 2609 sexta
1364 2582 1515 2609 Demem'un
1529 2581 1606 2608 hasta
1620 2581 1737 2614 peremit.

1118 2629 1234 2656 Sanctus
1251 2629 1344 2663 itaque
1361 2628 1489 2655 vicesima
1509 2632 1585 2654 sexta
1601 2626 1727 2654 Octobris
1744 2625 1788 2652 die
1801 2629 1904 2660 marty-

1118 2676 1188 2702 rium
1210 2675 1329 2703 subiisse
1360 2675 1387 2701 in
1415 2674 1527 2701 Mena‘is
1548 2673 1693 2700 aswritur.
1726 2671 1782 2699 Etsi
1811 2675 1904 2698 autem

1118 2721 1219 2749 Meua'a
1235 2722 1313 2749 iidem
1331 2725 1434 2748 certam
1449 2739 1456 2751 ,
1473 2720 1511 2746 uti
1525 2719 1593 2747 satis
1609 2723 1702 2746 notum
1715 2723 1768 2749 est,
1787 2718 1812 2744 in
1827 2717 1905 2744 sitni—

1117 2768 1189 2796 libtts
1214 2769 1284 2794 haud
1309 2772 1476 2798 mereantur,
1497 2767 1541 2792 ilia
1559 2770 1650 2792 tamen
1672 2764 1717 2792 hic
1736 2769 1812 2792 ccrto
1837 2763 1905 2790 falsa

1118 2822 1179 2843 esse
1194 2822 1352 2842 asseverare
1368 2822 1422 2841 non
1445 2813 1543 2840 ausint.
1557 2812 1610 2838 Nec
1620 2815 1673 2842 est,
1685 2810 1756 2845 quod
1775 2817 1905 2844 reponas,

1120 2862 1284 2889 Demetrium
1303 2861 1329 2888 in
1352 2859 1545 2895 Mattyrologio
1562 2858 1704 2888 Romanu,
1724 2862 1780 2883 tum
1810 2857 1904 2887 vctcti.

1120 2914 1175 2936 tum
1192 2908 1324 2935 hodierno
1340 2908 1371 2933 ad
1389 2907 1403 2933 S
1419 2906 1545 2933 Octobris
1561 2905 1631 2931 diem
1657 2903 1788 2930 celebrari
1802 2925 1808 2936 ,
1825 2903 1905 2937 idque
