2049 3151
184 142 252 173 ΗΠ

705 145 733 176 S.
756 145 944 176 DEMETRII
968 145 1165 175 MAHTYRIS
1185 145 1287 175 ACTA.

1740 141 1809 173 1118

183 198 265 223 etiam
282 198 308 224 in
324 197 385 224 aliis
398 198 537 231 omnibus,
555 198 602 233 qui
621 198 749 226 Demetrii
765 199 947 226 meminerunt
963 221 971 232 ,
987 203 1007 230 Α
1024 200 1111 227 Solide
1137 201 1302 227 conlirmare
1324 206 1435 234 queam.
1455 198 1547 231 Quare
1578 197 1670 228 illam,
1691 197 1810 224 maxime

184 244 343 270 Latinorum
363 243 453 271 Fastis
470 246 556 272 sacris
570 245 639 272 ﬁeri.
658 245 714 273 Etsi
739 246 810 272 enim
825 246 851 272 id
870 245 906 272 ita
924 246 968 277 sit,

186 289 211 315 hi
231 295 352 320 sanctos,
368 289 406 315 uti
423 290 552 317 omnibus
569 290 684 317 eruditis
697 295 866 324 compertum
887 291 970 317 Ital-ic-

186 341 240 366 tur,
256 343 308 362 non
322 344 432 370 semper
444 337 478 363 iis
494 337 602 369 diebus,
619 338 719 372 quibus
733 338 806 364 felici
822 339 900 365 obitu
923 338 973 364 mi-

185 388 302 416 grat-unt
318 382 350 409 ad
366 383 522 414 Domimun,
540 385 679 411 celebrare
696 385 794 414 solent,
810 392 862 411 nec
876 386 922 419 qui
940 392 972 411 ex

186 428 241 455 illis
258 432 382 455 sanctum
401 429 567 456 Demetrium
583 434 679 456 octava
695 429 822 457 Octobris
836 430 880 457 dic
899 438 975 457 reco—

186 474 255 506 lunt,
274 476 323 500 hac
337 473 412 500 illum
429 475 560 509 martyrio
578 474 662 502 fuisse
678 481 839 502 coronatum
866 475 972 509 uspiam

185 525 360 547 asseverant.
386 519 515 547 Sanctum
534 521 623 555 itaque
640 529 690 556 pro
705 520 816 548 Christo
834 521 870 548 26
893 521 974 547 Octo-

187 566 247 593 bris
261 566 306 593 die
322 566 410 600 reipsa
428 567 609 599 occubuisse,
626 567 699 594 omni
716 575 828 601 prorsus
846 566 975 601 probabi-

188 611 264 640 litate
289 620 384 640 carere
410 620 462 639 nun
489 613 604 645 videtur,
622 613 672 640 etsi
697 614 806 640 interim
834 622 882 646 pro
899 619 975 640 certo

188 658 345 691 neutiquam
364 657 452 692 possit
467 657 571 690 haberi,
589 657 662 692 quod
681 658 707 684 in
725 658 885 685 sufﬁcientis
902 658 974 685 anti-

188 704 303 738 quitatis
320 704 435 737 ﬁdeique
450 703 623 730 documentis
643 704 786 730 fundatum
806 712 860 731 non
876 704 922 731 sit.

224 749 268 775 6‘2.
283 748 417 775 thterum
435 749 487 775 alia
503 757 558 775 non
576 753 736 784 suppetunt,
748 750 848 783 quibus
873 757 975 776 annum

185 801 220 820 ac
237 794 323 826 dicm,
348 801 403 828 quo
423 794 541 821 Sanctus
558 795 679 830 martyrii
697 795 813 828 palmam
840 795 975 827 retulerit,

186 841 380 869 determinem.
399 841 438 868 Ad
456 841 492 872 id,
511 841 584 876 quod
603 841 808 868 discutiendum
827 841 918 869 adhuc
933 842 977 868 hic

187 891 241 917 cst.
260 888 313 920 iam
330 887 500 921 progredior.
516 887 544 913 In
558 886 776 921 Iletaphrasticis
789 888 881 915 Sancti
892 888 976 920 Actis,

189 933 309 966 quibus,
338 940 398 966 quae
425 940 589 967 anonymus,
618 932 804 967 Metaphraste
828 934 978 968 antiquior,

190 978 377 1007 concinnavit.
394 982 569 1010 consonant,
587 978 709 1013 martyrii
732 985 746 1004 a
766 978 866 1005 Sancto
886 983 979 1006 nostro

192 1024 298 1051 tolerati
313 1023 464 1050 narrationi
480 1024 623 1058 sequentia
639 1024 794 1051 subduntur
809 1032 815 1050 :
837 1034 846 1050 ι
862 1023 980 1057 Quidam

191 1079 224 1098 ex
241 1070 333 1097 Sancti
358 1070 498 1105 (Demetrii
516 1070 625 1104 nempe)
658 1070 767 1098 famulis
793 1075 870 1098 stans
895 1079 980 1105 prope

191 1124 267 1148 eum,
286 1117 395 1150 quando
410 1116 516 1142 beatam
534 1116 606 1142 illam
623 1116 708 1143 subiit
729 1117 844 1147 caedem,
858 1125 932 1148 cum,
951 1121 981 1144 ut

193 1162 295 1198 potuit,
313 1162 435 1189 divinum
449 1162 526 1189 illum
543 1161 705 1196 sanguinem
722 1162 876 1197 collegisset
893 1163 919 1189 in
937 1170 981 1190 sa-

191 1217 240 1237 cro
258 1208 385 1244 martyris
406 1208 637 1247 superhumerali,
654 1213 682 1235 et
698 1216 778 1243 quem
797 1216 877 1235 manu
893 1215 982 1243 gesta—

192 1255 251 1288 bat,
267 1255 398 1282 annulum
415 1254 578 1289 accepisset,
592 1259 620 1281 et
634 1254 761 1289 martyris
776 1255 909 1287 sanguine
925 1256 980 1282 tin-

193 1301 290 1333 xisset,
313 1308 361 1334 per
374 1300 431 1334 ipsa
452 1300 568 1327 iaciebat
592 1300 709 1334 plurima
728 1300 870 1327 miracula.
886 1300 981 1335 Neque

192 1351 252 1372 crat
270 1346 342 1374 ullus
359 1346 482 1377 morbus,
496 1353 584 1380 neque
600 1346 688 1373 malus
701 1345 808 1373 daamon
821 1350 876 1372 tam
890 1346 980 1379 fortis,

191 1393 262 1429 quin
271 1394 379 1424 statim,
396 1392 419 1419 si
434 1392 508 1419 illius
517 1391 630 1419 fecisset
649 1392 813 1426 periculum,
825 1396 981 1427 superaret,

192 1441 262 1467 adeo
281 1443 310 1466 ut
327 1439 372 1466 tali
392 1440 462 1465 fatua
476 1439 671 1467 miraculorum
691 1439 858 1467 incoleretur
875 1444 930 1467 tota
942 1440 982 1466 ci-

194 1486 265 1513 vitas
285 1484 586 1512 Tbessalonicensium.
611 1485 746 1517 Quocirca
763 1493 813 1512 nec
836 1491 895 1512 erat
912 1493 981 1512 cou-

191 1535 358 1559 sentaneum
371 1538 402 1557 ea
416 1531 501 1557 latere
514 1530 708 1558 Maximianum
721 1551 728 1564 ,
747 1539 797 1557 nec
812 1530 884 1558 ferre
903 1538 983 1565 posse
996 1537 1018 1568 ο

191 1577 325 1604 invidiam
338 1584 346 1609 ;
366 1581 393 1604 et
412 1576 473 1604 ideo
486 1578 594 1612 capitur
606 1578 730 1612 protinus
742 1577 872 1608 fatuulus,
887 1577 983 1604 horum

192 1625 330 1651 bonorum
345 1628 515 1658 procurator,
527 1629 552 1650 et
564 1624 737 1652 interficitur.
752 1624 885 1651 Tribunal
897 1624 983 1656 locus,

190 1671 221 1699 in
239 1678 295 1705 quo
309 1670 360 1697 fuit
375 1670 502 1702 occisus;
519 1670 610 1705 Lupus
626 1676 718 1698 autem
736 1671 886 1698 vocabatur
903 1678 984 1705 egre-

190 1715 256 1752 gius
273 1715 318 1741 ille
332 1714 461 1741 famulus.
483 1723 492 1740 ι

228 1761 277 1788 63.
293 1761 409 1795 Maiores
426 1762 513 1788 nostri
525 1761 559 1789 ad
576 1762 650 1789 diem
663 1761 698 1789 25
716 1762 841 1797 Augusti,
854 1769 908 1795 quo
923 1769 986 1788 san-

191 1815 260 1837 ctus
280 1807 374 1842 Lupus
391 1816 439 1835 seu
461 1809 572 1843 Luppus
587 1814 706 1843 martyr,
725 1808 918 1844 Martyrolugio
932 1807 986 1834 ηο-

193 1864 291 1888 unmo,
310 1855 596 1883 Meua‘is-Grazcorum
612 1855 723 1882 excusis
737 1875 743 1887 ,
762 1854 916 1890 Menologio
929 1855 987 1882 Sir—

191 1903 309 1934 letiano,
326 1902 442 1936 aliisque
456 1909 510 1928 non
539 1901 620 1928 modo
643 1901 801 1928 Gracorum
828 1909 858 1928 ac
875 1902 987 1929 Latino-

191 1957 269 1980 rum,
286 1948 333 1975 sed
349 1951 375 1975 et
394 1947 508 1974 aliarum
528 1948 668 1974 nationum
684 1945 774 1975 Fastis
789 1947 874 1974 sacris
888 1947 986 1974 inscri-

192 1996 283 2025 bitur,
300 2001 364 2019 num
383 1997 494 2019 sanctus
511 1992 554 2019 hic
569 1996 670 2026 martyr
686 2000 748 2019 cum
766 1992 842 2026 Lupo
855 1993 882 2018 in
897 1990 986 2020 sancti

192 2039 328 2067 Demetrii
347 2039 423 2066 Actis
436 2046 483 2072 per
498 2038 579 2065 verba
593 2038 649 2072 iant
667 2046 740 2065 nunc
757 2039 869 2065 recitata
881 2047 987 2066 memo-

193 2090 258 2113 rato
277 2092 350 2111 unus
381 2084 511 2119 idemque
539 2084 573 2110 sit
595 2084 775 2119 inquisivere.
792 2085 831 2112 Ac
852 2085 988 2112 verisimi-

193 2133 251 2158 lius
276 2130 385 2164 quidem
403 2130 470 2164 ipsis
493 2130 582 2157 visum
600 2135 661 2163 est,
685 2130 791 2165 Lupum
818 2136 986 2166 martyrem,

192 2178 287 2206 Fastis
304 2176 390 2204 sacris
407 2176 440 2203 ad
455 2176 558 2203 dictum
577 2177 650 2203 diem
673 2177 818 2208 insertum.
834 2185 896 2205 cum
912 2177 989 2212 Lupo

1021 247 1094 283 quod
1116 246 1248 273 ambobus
1263 245 1317 272 illis
1332 245 1441 272 Sanctis
1464 243 1606 271 famularis
1631 250 1679 270 seu
1702 242 1809 270 servilis

1022 293 1154 323 conditio,
1164 292 1261 318 titulus
1276 290 1409 326 martyrii,
1423 297 1590 323 nomenque,
1602 297 1656 323 quo
1679 293 1811 315 vocantur

1023 339 1077 366 sint
1094 339 1260 369 communia,
1277 347 1327 366 nec
1345 339 1506 373 quidquam,
1523 337 1595 372 quod
1613 345 1661 364 eos
1678 342 1753 363 certo
1769 336 1811 363 di-

1023 386 1202 420 stinguendos
1215 386 1335 417 sitadeat,
1347 386 1452 419 uspiam
1464 388 1602 415 occurrat,
1613 383 1808 412 verosimilem.

1027 430 1225 465 imo‘opposita
1243 430 1478 460 verosimilinrem,
1493 436 1554 455 cum
1565 428 1646 455 dictis
1662 426 1811 460 maioribus

1026 478 1127 505 nostris
1143 477 1321 511 pronuntiare
1333 481 1480 504 contentus
1491 474 1505 510 ς
1515 475 1581 502 huic
1594 475 1675 500 tinem
1689 474 1809 507 impono.

1026 534 1039 570 ς
1056 534 1096 560 VI.
1117 535 1210 560 Sancti
1224 534 1350 560 mmoria
1370 531 1614 570 iannstirusacris,
1631 528 1811 570 cultus‘ercle—

1062 570 1200 599 liasticus,
1223 577 1273 602 quo
1298 569 1439 594 universim
1463 567 1588 601 hodieque
1608 565 1679 599 apud
1709 564 1812 591 (ἐπανίοι

1061 606 1167 640 gaudet,
1181 609 1259 638 atque
1279 603 1341 629 olim
1361 603 1409 637 fuit
1427 603 1544 637 gauisus.

1061 662 1105 689 64.
1115 662 1170 688 Etsi
1184 662 1292 691 quidem
1305 660 1397 686 Sancti
1412 667 1464 686 non
1478 659 1568 694 pauci,
1578 659 1679 693 quibus
1687 657 1813 684 Demetrii

1026 716 1125 736 nomen
1139 709 1231 738 fuerit,
1243 712 1298 733 tum
1317 708 1342 733 in
1361 706 1513 738 Iunior-ibus
1522 706 1592 739 apud
1603 704 1813 734 Florentinium,

1028 759 1085 781 tum
1104 754 1130 780 in
1149 753 1301 780 minoribus
1317 760 1364 778 seu
1379 750 1620 781 contractioribus,
1640 757 1699 784 quae
1712 749 1746 776 ab
1763 750 1815 775 hoc

1029 799 1145 833 aliisque
1170 799 1277 833 vulgata
1299 802 1363 824 sunt
1377 817 1384 829 ,
1411 796 1630 831 lltcronymianis
1651 795 1815 829 apographis

1029 847 1153 880 inscripti
1176 845 1209 871 ad
1234 845 1356 872 diversos
1382 844 1446 870 anni
1466 844 1523 870 dies
1547 845 1702 873 occurrant,
1726 841 1817 867 nullus

1031 897 1119 918 tamen
1134 898 1180 916 eos
1193 890 1264 916 inter
1276 893 1329 920 est,
1348 889 1394 923 qui
1410 889 1450 915 vel
1467 889 1499 914 ad
1515 888 1588 914 hunc
1605 888 1689 918 diem,
1712 886 1816 913 Sancto

1029 942 1128 964 nostro
1142 937 1213 970 apud
1229 936 1340 963 Latinos
1362 942 1471 962 sacrum
1485 955 1492 967 ,
1506 934 1547 961 vel
1564 933 1598 960 ad
1620 933 1655 960 26
1679 931 1816 963 Octobris,

1030 983 1118 1011 eidem
1135 982 1204 1016 apud
1222 981 1330 1009 Graecos
1341 981 1473 1012 dicatum,
1484 979 1649 1011 celebretur,
1662 983 1709 1005 aut
1719 978 1814 1005 saltem

1031 1038 1102 1057 unus
1120 1029 1247 1063 idemque
1261 1035 1276 1054 θ
1301 1027 1506 1054 cnaracteribus
1524 1026 1624 1060 quibus
1643 1024 1819 1058 distinguitur

1031 1084 1094 1104 cum
1114 1075 1252 1102 Demetrio
1277 1079 1370 1101 nostro
1394 1078 1453 1100 tuto
1478 1074 1564 1107 possit
1582 1072 1678 1099 statui.
1692 1071 1794 1098 .Verum
1808 1090 1815 1101 ,

1031 1121 1156 1156 quamvis
1174 1121 1261 1150 forte.
1282 1120 1320 1146 uti
1347 1118 1410 1145 inde.
1432 1117 1624 1151 consequitur,
1651 1115 1740 1142 Fastis
1766 1115 1819 1141 illis

1032 1168 1130 1198 sacris,
1142 1167 1187 1201 qui
1206 1166 1319 1200 reliquis
1332 1165 1461 1191 omnibus
1477 1163 1649 1198 antiquiores
1668 1161 1818 1191 habentur.

1033 1214 1151 1241 Sanetus
1168 1217 1263 1239 noster
1283 1210 1408 1244 uuspiam
1431 1209 1467 1236 sit
1493 1209 1611 1236 insertus
1623 1228 1630 1240 ,
1649 1215 1711 1235 eum
1729 1213 1819 1233 tamen

1032 1268 1082 1295 pro
1119 1259 1220 1286 Sancto
1244 1256 1397 1291 antiquitus
1426 1255 1547 1282 habitum
1575 1254 1658 1280 fuisse
1685 1253 1820 1286 hodieque

1033 1305 1125 1332 haberi
1141 1305 1182 1331 vel
1197 1303 1363 1338 multiplices
1380 1303 1462 1329 etiam
1480 1301 1644 1332 ostendunt,
1676 1301 1704 1326 in
1719 1299 1820 1333 quibus

1033 1352 1198 1382 celebratur,
1224 1351 1362 1378 variarum
1390 1348 1544 1378 nati-iitum,
1565 1347 1613 1382 qui
1634 1347 1668 1373 ab
1684 1345 1821 1380 Hierony-

1034 1397 1133 1424 mianis
1147 1401 1213 1424 sunt
1229 1395 1363 1425 distincti,
1379 1393 1451 1420 Fasti
1474 1393 1545 1420 sacri
1560 1397 1616 1419 tum
1639 1391 1821 1426 antiquiores,

1034 1451 1085 1470 nec
1113 1443 1228 1470 multum
1249 1441 1412 1476 antiquitate
1437 1438 1659 1475 Hieronymianis
1678 1437 1822 1468 cedentes,

1034 1493 1091 1516 tum
1107 1489 1189 1515 etiam
1207 1488 1297 1515 minus
1313 1487 1428 1521 antiqui.

1071 1535 1115 1562 65.
1143 1535 1182 1561 Ac
1205 1533 1294 1567 primo
1320 1532 1442 1566 quidem,
1459 1537 1488 1558 ut
1512 1539 1526 1558 a
1545 1529 1634 1558 Fastis
1662 1529 1822 1556 Latinotuu

1035 1580 1123 1608 sacris
1142 1578 1338 1607 enumerandis
1365 1578 1463 1604 ducam
1483 1577 1604 1607 initium,
1623 1574 1780 1602 Demetrius
1796 1574 1823 1600 in

1036 1625 1229 1662 Martyrologio
1245 1624 1368 1651 Romano
1385 1632 1469 1657 parvo
1483 1630 1530 1650 seu
1548 1622 1644 1652 veteri,
1662 1621 1735 1656 quod
1751 1620 1825 1655 paris

1035 1670 1094 1697 fere
1108 1677 1169 1696 cum
1188 1668 1389 1704 lllartyrologio,
1405 1668 1477 1702 quod
1497 1667 1585 1694 sancti
1601 1665 1759 1701 Hieronymi
1778 1673 1826 1692 no-

1037 1716 1110 1743 mine
1123 1714 1328 1744 circumfertur.
1364 1713 1509 1740 vetustatis
1523 1717 1663 1740 censetur.
1678 1712 1758 1738 hodie
1773 1719 1825 1737 an-

1037 1763 1178 1790 nuntiatur
1193 1760 1372 1796 paucishisee
1385 1761 1492 1787 verbis:
1512 1768 1520 1784 I
1541 1758 1756 1788 Thessalonicae.
1773 1757 1826 1784 De-

1037 1809 1126 1836 tnctrii
1147 1807 1284 1842 martyris.
1307 1815 1315 1832 I
1336 1806 1467 1833 Sanctqu
1498 1813 1589 1839 porro,
1606 1813 1622 1831 e
1641 1804 1826 1831 vetustissimo

1038 1855 1092 1882 isto
1101 1853 1295 1888 Martyrolosio
1310 1857 1466 1885 acceptum.
1479 1851 1538 1878 Ado
1554 1850 1672 1884 primum
1682 1857 1714 1876 ac
1727 1849 1827 1877 deinde

1037 1909 1070 1927 ex
1099 1901 1151 1927 hoc
1180 1899 1323 1926 Usuardus
1349 1902 1377 1924 et
1404 1897 1557 1926 Notkerus,
1594 1895 1726 1929 antiquis,
1757 1902 1828 1929 quos

1038 1946 1166 1974 classicos
1195 1951 1334 1974 vocamus.
1365 1942 1552 1977 Martyrologis
1568 1941 1699 1968 accensiti
1719 1947 1826 1972 omnes,

1039 1992 1066 2019 in
1083 1990 1273 2026 Martyrologia
1294 1997 1309 2016 a
1329 1997 1358 2016 se
1378 1989 1540 2016 concinnata
1567 1988 1600 2014 ad
1628 1987 1701 2014 hunc
1723 1987 1827 2020 pariter

1039 2043 1166 2065 octavuln
1186 2036 1313 2064 Octobris
1347 2035 1420 2062 diem
1454 2035 1619 2065 intulerunt,
1648 2033 1828 2068 quodetiam,

1039 2084 1090 2111 etsi
1110 2083 1229 2114 interim,
1261 2090 1315 2117 quo
1330 2081 1514 2108 determinato
1532 2080 1602 2107 duce
1619 2087 1686 2106 usus
1712 2079 1757 2106 hic
1782 2079 1828 2109 sit.

1041 2129 1112 2156 haud
1129 2129 1241 2161 sciatur,
1270 2127 1482 2154 Wandelbcrtus
1500 2125 1574 2157 fecit,
1594 2125 1622 2152 in
1641 2125 1754 2152 tnetrico
1779 2132 1831 2152 suo

1042 2175 1234 2210 Martyrologio
1261 2174 1431 2201 Demetrium
1463 2171 1546 2200 hodie
1561 2171 1598 2198 ita
1611 2171 1755 2198 celebrans
1768 2178 1775 2197 :

192 2222 287 2251 sancti
306 2221 433 2249 Demetrii
449 2221 562 2253 famulo,
579 2222 624 2257 qui
639 2222 665 2249 in
680 2222 762 2253 huius
776 2223 852 2250 Actis
869 2231 982 2250 colume-

1077 2235 1173 2262 Octnvo
1187 2238 1248 2259 ante
1266 2231 1341 2261 Idus.
1374 2230 1490 2257 Demetri
1506 2232 1606 2260 sancte,
1623 2227 1720 2256 bearis.

192 2274 333 2300 moratur,
357 2275 440 2294 unum
459 2275 519 2294 esse
537 2271 618 2302 atque
637 2267 775 2296 eumdem.
801 2268 902 2295 Verum
925 2276 987 2296 cum

191 2315 278 2345 nihil,
297 2322 352 2350 qua
368 2315 439 2341 hanc
453 2322 530 2341 suam
548 2314 705 2348 opinionem
731 2318 773 2341 sat
796 2315 912 2342 tirmiter
932 2320 990 2342 sta-

191 2363 320 2392 bllircnt,
335 2366 502 2396 suppeteret,
520 2368 576 2387 rem
593 2360 750 2388 accuratius
763 2361 797 2387 ad
816 2361 888 2387 hunc
905 2361 988 2392 diem,

191 2411 215 2435 si
242 2407 308 2441 quid
332 2407 435 2432 interea
454 2406 523 2433 lueis
539 2407 691 2442 alTulgeret,
717 2406 928 2434 examinandam
946 2415 990 2433 rc-

192 2456 311 2483 miserc.
321 2452 355 2480 Ut
374 2452 475 2487 itaque,
486 2453 558 2487 quod
570 2453 724 2480 faciendum
738 2453 774 2480 illi
788 2453 990 2488 quodammodo

192 2499 395 2538 promiserant.
415 2503 591 2533 praestarem,
618 2499 725 2526 diversa
750 2507 809 2534 qua:
825 2499 858 2526 ad
879 2507 988 2526 manum

191 2550 265 2576 sunt
296 2546 383 2572 sancti
402 2544 530 2572 Demetrii
543 2544 622 2575 Acta,
639 2551 869 2580 monumentaque
887 2546 958 2578 alia,
976 2553 990 2572 e

192 2592 303 2629 quibus
322 2591 390 2618 forte
409 2591 473 2626 quid
491 2591 565 2618 lucis
587 2591 719 2626 aﬂ'ulgere
744 2600 824 2626 posse
840 2592 989 2627 putabam,

193 2638 298 2669 sedulo
322 2638 450 2669 discussi,
477 2638 514 2664 uti
549 2638 630 2664 etiam
658 2645 826 2673 qurecunque
852 2639 885 2665 de
914 2638 991 2672 Lupo

195 2690 333 2720 martyre,
344 2684 431 2711 Fastis
446 2685 532 2711 sacris
543 2685 576 2711 ad
587 2685 660 2711 diem
672 2684 707 2711 25
717 2685 831 2719 Augusti
847 2685 990 2720 inscripto,

194 2731 301 2761 litt-eris
317 2731 477 2765 consignata
494 2733 598 2765 uspiam
620 2731 719 2765 reperi.
735 2731 831 2757 Verum
850 2731 916 2757 nihil
934 2739 992 2757 om-

194 2780 266 2807 niuo
284 2777 407 2804 invenire
424 2777 549 2811 contigit,
566 2777 637 2803 unde
653 2777 822 2811 opinionem,
836 2786 896 2812 quae
910 2780 991 2805 Acto-

194 2832 260 2851 rum
288 2822 376 2849 Sancti
404 2821 529 2848 Demetrii
554 2821 660 2856 Lupum
695 2822 876 2856 alterumque.
903 2822 992 2850 Fastis

194 2870 288 2899 sacris
301 2869 376 2896 ειίίἳὸ
387 2869 498 2903 Augusti
509 2869 579 2895 dictu
592 2870 735 2902 inscrtum,
746 2869 842 2896 statuit
852 2869 977 2896 conuictu

1077 2269 1191 2296 Nomine
1203 2276 1251 2303 pro
1267 2266 1364 2294 Christi
1383 2270 1496 2292 tortores
1513 2272 1606 2299 passus
1622 2263 1740 2297 iniquos.

1076 2314 1262 2350 Martyrologis
1274 2313 1396 2340 classicis
1410 2319 1458 2338 seu
1484 2309 1695 2344 antiquioribus.
1709 2307 1830 2341 equibus

1041 2362 1151 2389 interim
1169 2361 1297 2388 Rabanus
1325 2363 1363 2388 et.
1394 2358 1441 2392 qui
1458 2363 1532 2385 tomo
1548 2357 1569 2384 ΙΙ
1595 2355 1684 2382 Martii
1705 2355 1831 2390 prastixus

1042 2408 1113 2443 apud
1128 2415 1179 2434 nos
1194 2410 1297 2436 exstat,
1316 2405 1455 2440 genuinus
1481 2403 1551 2430 forte
1579 2402 1661 2433 Beda,
1680 2409 1734 2428 non
1751 2408 1832 2427 secus

1042 2462 1073 2480 ac
1100 2452 1309 2486 Hieronymiana
1327 2449 1494 2484 apographa,
1524 2447 1692 2474 Demetrium
1716 2450 1831 2480 pra‘ter-

1041 2505 1122 2528 eunt.
1141 2497 1310 2525 recentiores
1324 2500 1456 2531 pra-terea
1472 2493 1602 2521 Ecclesiae
1618 2492 1723 2519 Latinae
1739 2491 1832 2526 hagio-

1042 2547 1094 2582 logi
1116 2553 1169 2572 non
1189 2543 1268 2579 pauci
1297 2549 1356 2570 sese
1382 2541 1546 2574 adiunxere,
1563 2539 1674 2565 Belinus
1694 2537 1831 2569 videlicet,

1044 2592 1227 2626 Maurolycus,
1239 2588 1407 2620 Galesittius,
1423 2587 1547 2614 Molanus
1560 2585 1672 2619 aliique,
1683 2591 1753 2618 quos
1769 2590 1832 2610 eum

1042 2647 1139 2667 onmes
1166 2639 1211 2665 hic
1237 2642 1414 2667 emunerare,
1435 2638 1481 2661 aut
1511 2633 1592 2660 etiam
1609 2639 1677 2666 quas
1703 2629 1832 2665 suppedi-

1045 2691 1103 2713 tant
1131 2683 1358 2712 annuntiationes
1379 2679 1575 2711 transcribere,
1602 2684 1692 2712 opera:
1713 2676 1833 2711 pretium

1044 2740 1099 2759 non
1116 2731 1162 2762 sit,
1181 2731 1214 2757 iis
1228 2728 1383 2764 prateritis,
1400 2726 1491 2753 adhuc
1510 2724 1592 2752 verba
1616 2724 1760 2754 duntaxat,
1773 2721 1834 2756 qui-

1047 2779 1098 2806 bus
1115 2777 1195 2804 hodie
1205 2783 1314 2810 quoque
1336 2771 1556 2808 Martyrologium
1572 2769 1724 2796 ltoutanutn
1739 2767 1837 2793 Deme-

1048 2824 1130 2850 trium
1141 2822 1272 2853 celebrat,
1284 2820 1348 2847 huic
1360 2817 1510 2845 transl’cro.
1519 2815 1691 2842 Sichabent:
1704 2812 1837 2840 «Thessa-

1046 2869 1141 2897 Ionica:
1158 2868 1244 2896 sancti
1264 2865 1394 2894 Demetrii
1406 2863 1591 2897 proconsulis,
1610 2862 1669 2895 qui,
1689 2868 1751 2889 cum
1770 2858 1834 2892 plu-
