2049 3151
228 173 295 205 ιηη

228 277 403 312 imperatoris
429 278 509 312 jussu
545 278 649 305 lanceis
677 278 820 306 confossus
858 281 1017 314 martyrium

227 322 442 350 consummavit.
464 333 472 347 ι

262 369 306 396 liti.
319 369 396 402 Quod
408 369 464 403 jatn
477 369 511 396 ad
527 376 622 396 sacros
638 370 751 396 aliarum
769 371 910 398 nationum
925 370 1020 398 Fusios

227 420 342 449 spectat,
365 423 417 442 non
437 416 525 442 solum
542 417 613 450 apud
627 415 747 449 Gnaeos,
760 425 775 443 e
795 426 909 452 quorum
925 418 1021 452 Ilagio-

227 462 308 496 logiis
325 463 368 489 vix
398 462 493 492 ullum,
513 462 586 496 quod
616 463 746 490 Demetrii
773 472 826 491 non
855 466 1020 498 meminerit,

227 507 363 539 invenias,
379 506 474 534 Sancti
501 507 588 534 nostri
618 509 748 536 memoria
766 510 905 542 recolitur,
926 519 1020 538 verum

227 555 310 582 etiam
331 555 405 589 apud
425 553 584 589 AZthiopcs,
608 554 712 582 [iussos
727 563 774 582 seu
790 555 906 587 Moscos,
925 557 1020 591 Copti-

230 607 271 628 tas
286 609 317 627 ac
335 601 437 636 Syros:
455 603 525 636 apud
542 602 685 636 Ethiopes
696 603 807 637 quidem
825 603 851 630 in
861 603 1023 630 Caiendario

228 648 389 682 [Etliiopico
405 649 477 682 apud
496 648 594 675 Jobum
625 649 812 684 Ludolphum.
829 652 900 685 apud
920 650 1023 677 Russos

227 700 319 721 autem
338 702 386 721 seu
404 694 508 722 Moscos
535 695 561 721 in
581 695 806 728 Sluvo-Rnssico,
840 697 911 730 quod
929 696 1024 723 Latine

227 748 242 767 a
264 747 294 767 se
326 740 462 766 redditum
486 740 673 768 nobilissimus
697 742 764 769 baro
789 741 823 768 de
843 741 1026 775 Sparwenfelt

231 786 378 812 uobiscum
406 787 633 819 communicavit,
663 786 824 820 Menologio,
851 788 878 814 in
906 788 1025 822 praefixis

227 833 321 866 operis
338 832 433 863 _nostri
453 837 519 859 tom.
541 833 548 859 I
572 833 632 859 Maii
654 833 884 868 Ephemeridibus
911 833 1022 861 (ἓτερο-

233 878 342 909 Moscis,
368 879 408 905 uti
437 883 464 906 et
496 879 522 905 in
547 878 702 907 Ruthenico
734 881 806 915 apttd
842 882 1020 919 Possgvinum

230 923 405 957 Kalendario,
456 924 669 960 Ruthenicoqne
702 926 781 957 item.
815 927 887 960 quod
913 927 1019 953 Moscua

229 978 303 997 anno
327 970 396 997 1688
411 970 543 1006 Georgius
573 972 668 1005 David,
695 972 845 1000 Societatis
860 979 960 1000 noslrre
977 981 1021 1000 sa-

229 1016 337 1049 cerdos,
357 1017 391 1044 ad
422 1025 473 1044 nos
490 1018 573 1049 misit.
604 1017 768 1053 Synalario.
797 1018 876 1051 Quod
908 1027 972 1046 vero
987 1019 1020 1046 ad

229 1062 353 1096 Coptitas
372 1070 404 1090 ac
421 1062 506 1097 Syros
523 1064 651 1097 pertinet,
671 1064 741 1097 apud
761 1064 845 1091 hosce
863 1064 975 1098 quidem
995 1065 1019 1090 in

229 1108 342 1144 Syriaco
360 1117 408 1136 seu
433 1109 593 1143 Chaldaico,
612 1110 681 1145 typis
696 1110 827 1138 Romanis
854 1119 926 1138 anno
953 1111 1022 1138 1624

230 1155 351 1189 vulgato,
369 1156 442 1189 quod
458 1155 553 1182 Latine
567 1156 630 1183 dein
646 1156 784 1183 redditum
800 1164 885 1190 penes
903 1165 953 1183 nos
969 1165 1020 1184 ms.

229 1205 330 1233 exstat,
356 1200 548 1230 Kalendario:
576 1202 646 1236 apud
673 1202 733 1229 illos
762 1210 827 1229 vero
844 1203 871 1229 in
895 1203 1019 1237 Coptica.

228 1246 300 1279 quod
319 1247 466 1279 habemus,
494 1247 624 1281 quodque
655 1256 669 1274 a
698 1248 844 1281 Kirchero,
875 1249 1022 1275 Societatis

229 1297 331 1317 nostra:
345 1292 499 1325 sacerdote,
519 1293 546 1319 in
573 1292 695 1327 linguam
711 1293 837 1320 Latinam
853 1294 938 1320 fuisse
954 1301 1020 1320 ron-

230 1346 338 1365 versum
366 1339 551 1373 suspicamur,
568 1339 734 1366 Kalendario
749 1348 798 1366 ms.
815 1339 908 1366 Sancti
935 1341 1021 1366 nostri

230 1392 330 1411 nomen
360 1389 541 1411 memoratur.
568 1385 607 1411 Ac
637 1385 663 1411 in
681 1385 733 1411 illis
749 1386 860 1420 quidem
891 1386 1020 1412 omnibus

230 1431 396 1456 enumeratis
422 1430 511 1457 Fastis
549 1431 636 1457 sacris
672 1430 828 1465 Aithiores,
865 1431 945 1458 [iussi
972 1439 1019 1458 seu

231 1475 324 1506 Mosci.
339 1475 456 1510 C-xptitze
473 1476 571 1510 acSyri
589 1484 654 1507 non,
672 1477 904 1511 quemadmodum
919 1477 1019 1510 Latini,

229 1523 262 1548 ad
272 1522 298 1553 ὃ,
312 1522 359 1548 sed
371 1521 404 1548 ad
413 1521 448 1548 ‘26
461 1521 587 1550 Octobris
599 1523 670 1550 diem
684 1523 851 1551 Demetrium
865 1524 1017 1556 celebrant,

229 1567 339 1594 Graecos
367 1568 582 1597 verosimillime.
599 1576 633 1596 ne
660 1569 748 1596 dicam
767 1569 890 1603 indubia,
910 1571 1019 1603 imitati,
1036 1585 1058 1615 α

229 1614 275 1649 qui
288 1613 321 1640 ad
340 1614 469 1641 eumdem
488 1615 591 1648 pariter
619 1615 654 1642 9.6
679 1615 807 1643 Octobris
823 1617 906 1648 diem,
923 1621 1018 1643 contra

229 1666 261 1686 ac
280 1658 368 1686 Latini
384 1659 499 1690 faciunt,
518 1659 544 1686 in
561 1660 690 1687 omnibus
706 1668 829 1695 prorsus,
858 1661 904 1695 qui
922 1661 1020 1688 Demc-

231 1706 275 1732 trii
291 1706 488 1739 meminerunt,
507 1706 595 1734 Fastis
621 1708 717 1738 sacris,
736 1708 833 1734 usitali
852 1708 922 1741 apud
947 1708 1020 1741 ipsos

231 1751 331 1784 solitis,
349 1751 481 1777 Sanctum
498 1758 728 1778 commemorant.

264 1796 309 1822 67.
329 1795 428 1822 Verum
448 1796 557 1830 utquid
574 1796 628 1822 alio
648 1797 692 1824 die
711 1797 808 1825 Grrcci.
826 1798 880 1823 alio
893 1797 979 1824 Latini
993 1798 1018 1824 in

231 1841 317 1868 saeris
338 1840 466 1868 Ecclesia:
481 1849 536 1868 suae
548 1843 609 1868 usui
628 1842 773 1869 destinatis
790 1842 877 1870 Fastis
890 1843 1018 1870 Sanctum

230 1887 414 1921 consignant?
431 1887 489 1914 Non
516 1896 578 1915 raro
594 1889 666 1922 apud
685 1888 796 1915 Latinos
814 1890 853 1921 fit,
871 1894 900 1916 ut
915 1890 1019 1921 Sancti.

231 1941 284 1959 non
301 1933 336 1960 iis
354 1933 461 1965 diebus,
481 1934 580 1967 quibus
597 1933 686 1961 Vitam
702 1941 764 1961 eum
788 1940 877 1962 morte
895 1943 1018 1962 commn-

232 1982 336 2009 tarunt,
357 1979 404 2005 sed
433 1979 506 2011 aliis,
537 1980 582 2014 qui
613 1979 778 2006 Sanctorum
808 1981 923 2007 aliorum
945 1981 1019 2008 cultu

231 2024 353 2059 impediti
369 2033 423 2052 non
439 2030 513 2057 sunt,
541 2027 721 2054 veneratione
747 2027 933 2054 et'clesiastica
963 2028 1021 2053 aliis

231 2071 349 2098 ciantur.
372 2072 444 2104 Quid
465 2073 487 2100 si
502 2080 568 2107 ergo
580 2073 698 2101 Sanctus
711 2074 775 2099 olim
802 2075 873 2108 apud
895 2074 1018 2105 Latinos,

231 2125 287 2144 non
305 2118 359 2148 die,
377 2118 423 2152 qui
436 2118 460 2145 ei
479 2119 640 2146 emortualis
653 2119 799 2153 obtigerat.
810 2122 856 2146 sed
874 2119 937 2151 alio,
953 2127 1019 2153 quo,

233 2163 326 2190 Sancti
348 2164 461 2191 alterius
478 2165 658 2192 veneratione
683 2165 754 2192 haud
782 2165 923 2199 impedito,
945 2165 1019 2191 culto

232 2210 426 2237 ecclesiastico
451 2210 522 2244 apud
548 2210 789 2242 cosaiIieicbatur,
808 2211 895 2238 sacris
912 2218 1021 2245 quoque

233 2255 321 2282 Fastis
336 2263 384 2290 per
401 2256 513 2283 eosdem
543 2257 627 2283 fuerit
657 2257 816 2291 inscriptus,
846 2257 925 2291 idque
951 2257 1021 2291 apud

233 2299 342 2327 Gnaeos
367 2308 400 2326 eo
429 2300 498 2334 ipso,
525 2302 571 2334 qui
588 2301 611 2327 ei
628 2302 792 2328 emortualis
809 2302 915 2333 fuisset,
932 2303 975 2328 die
989 2302 1023 2328 26

233 2346 361 2373 Octobris
379 2346 438 2373 fieri
464 2347 630 2382 contigerit?
655 2347 801 2374 Enimvero
818 2347 882 2374 hinc
908 2348 1021 2377 factum.

234 2397 263 2419 ut
287 2393 414 2420 Demetrii
434 2401 534 2421 nomen
562 2393 688 2421 Octobris
705 2395 748 2421 die
764 2395 780 2420 8
800 2395 870 2429 apud
897 2395 1022 2427 Latinos,

232 2439 268 2465 26
283 2447 348 2465 vero
363 2440 433 2473 apud
447 2439 558 2467 Grmcos
569 2440 659 2467 Fastis
681 2441 766 2468 sacris
786 2441 869 2468 fuerit
890 2442 1021 2469 insertum

234 2486 300 2514 mihi
317 2487 388 2514 haud
408 2495 521 2522 prorsus
536 2495 600 2513 vero
621 2493 734 2522 apparet
749 2488 885 2519 absimile,
903 2489 1023 2515 maxime

233 2542 293 2561 cum
324 2534 454 2561 Sanctum
472 2533 507 2560 26
525 2533 653 2561 Octobris
679 2535 723 2561 die
752 2535 875 2570 martyrii
905 2535 1022 2569 palmam

233 2580 359 2607 retulisse
391 2580 477 2607 Gnaei
507 2579 532 2606 in
553 2580 675 2610 Menaeis.
694 2585 723 2607 ut
753 2588 834 2614 supra
852 2581 944 2613 docui,
974 2589 1023 2608 ex-

234 2635 328 2661 presse
342 2628 487 2659 aiiirment,
503 2634 586 2660 reque
597 2627 679 2654 etiam
692 2627 750 2661 ipsa
769 2627 837 2653 forte
851 2627 884 2659 is,
898 2632 924 2653 ut
940 2635 1020 2662 supra

234 2671 337 2705 pariter
351 2673 443 2705 docui,
459 2672 503 2699 die
519 2672 564 2699 illa
589 2672 622 2698 ad
641 2672 786 2699 Dominum
802 2673 936 2706 migrarit.
955 2673 1023 2700 Ulut

233 2719 279 2749 sit,
296 2717 414 2745 Sanctus
439 2718 577 2753 equidem.
595 2718 633 2745 uti
650 2726 682 2745 ex
697 2718 752 2752 jam
779 2719 859 2746 dictis
880 2719 974 2754 liquet.
995 2721 1021 2746 itt

235 2762 392 2791 Latinorum
412 2772 490 2798 atque
507 2772 538 2791 ac
555 2764 712 2791 Graacornin
730 2763 820 2791 Fastis
839 2766 926 2792 sacris
951 2765 1023 2792 cclc—

235 2808 337 2835 brutnr.
359 2809 494 2841 Quortiam
511 2815 602 2836 autem
619 2810 652 2836 dc.
672 2810 748 2836 cultu
761 2811 962 2841 etrelesiastitto,
975 2812 1020 2845 qui

234 2855 258 2879 ei
283 2855 367 2880 fuerit
378 2855 494 2886 delatus.
511 2864 602 2883 si-rmo
618 2857 674 2891 jam
696 2856 800 2888 incidit,
823 2858 860 2883 rci
877 2865 1021 2891 argenteu—

239 2904 296 2926 tum
311 2905 414 2933 monet,
434 2906 462 2928 ut
478 2903 512 2929 de
527 2909 560 2929 co
575 2903 630 2937 jam
647 2910 800 2930 sermonum
825 2904 965 2931 fat-ianuis.

875 177 1204 207 SUPPIEMENTFM.

227 234 312 259 ritnos
342 232 374 258 ad
408 230 511 258 Christi
543 231 622 258 fidem
655 233 827 266 perdurctet.
860 233 1015 260 Maximiani
1036 239 1053 263 Α

1795 176 1861 206 1120

1105 233 1150 259 68.
1165 233 1242 264 Quod
1257 238 1285 258 ut
1304 232 1390 265 magis
1409 231 1534 257 ordinato
1555 231 1666 261 faciam,
1696 233 1784 265 pr‘tno
1798 233 1860 266 qui-

1071 280 1131 305 dem
1151 279 1184 305 de
1201 279 1274 304 cultu
1289 278 1486 307 e-clesiaslieo,
1508 285 1561 310 quo
1580 277 1735 303 Demetrius
1751 279 1861 304 univer-

1072 325 1122 351 siot
1150 323 1220 359 apud
1253 324 1362 350 Graecos
1391 323 1528 356 hodieque
1555 323 1665 356 gaudet,
1685 328 1768 358 atque
1794 325 1860 351 olim

1073 371 1123 396 fuit
1152 369 1281 404 gavisus;
1311 369 1411 395 deinde
1438 377 1502 395 vero
1519 369 1552 395 de
1572 377 1614 399 eo.
1633 377 1688 403 qoo
1699 370 1860 396 nominatim

1073 422 1130 442 tum
1147 415 1361 447 Thessalonice,
1392 421 1448 442 lmn
1477 415 1718 450 Constantinopoli
1747 417 1781 443 ab
1799 417 1866 451 ipsis

1074 463 1154 490 etiam
1168 462 1291 489 Orientis
1308 462 1521 496 imperatoribus
1546 469 1698 495 eorumque
1727 462 1787 488 aula
1815 462 1867 488 fuit

1075 509 1237 538 honoratus,
1256 508 1391 537 tractabo,
1409 515 1440 534 ac
1456 507 1567 535 tandem
1581 507 1780 539 venerationis,
1806 515 1867 542 qua:

1077 555 1180 580 Sancto
1201 553 1264 580 alibi
1282 553 1376 585 etiam,
1395 560 1475 586 quam
1489 553 1560 587 apud
1581 553 1702 585 Grmeos,
1720 557 1766 579 aut
1783 554 1865 579 modo

1075 602 1165 626 adhuc
1183 598 1306 626 defertur
1320 604 1365 626 aut
1381 605 1455 626 certe
1469 600 1533 626 olint
1549 599 1601 626 fuit
1615 600 1715 630 delata,
1734 600 1864 633 explana-

1077 647 1151 672 tione
1184 645 1419 674 Commentarium
1465 646 1537 672 hunc
1583 646 1748 672 terminabo.
1779 646 1865 673 Grmci

1077 692 1166 727 ipsum
1183 700 1262 719 suum
1277 692 1352 718 ad‘26
1367 690 1496 718 Octobris
1516 691 1590 718 diem
1607 692 1639 717 de
1655 697 1751 718 sancto
1765 692 1866 718 Deme-

1077 739 1140 771 trio,
1159 739 1235 765 brevi
1261 739 1404 769 duntaxat,
1435 745 1517 772 quam
1549 743 1626 768 tunc,
1643 743 1673 764 ut
1700 745 1772 772 sa-pe
1787 738 1867 768 alias.

1078 785 1235 815 instituunt,
1254 785 1371 812 aliorum
1388 785 1493 818 aliquot
1510 789 1669 811 sanctorum
1699 792 1866 811 commemo-

1078 832 1184 859 ratione
1216 831 1356 866 atljunt‘ta.
1392 832 1497 857 faciunt
1514 830 1643 857 ofﬁcium.
1676 830 1798 865 Quisque
1831 831 1867 856 ita

1080 887 1134 905 rent
1168 879 1268 905 habere
1295 878 1458 911 compcriet,
1498 878 1544 912 qui
1578 885 1674 911 magna
1708 877 1867 904 Graecorum

1075 926 1175 953 idenm
1192 934 1301 954 excusa.
1313 926 1458 960 Typicntn,
1491 926 1578 952 sancti
1596 924 1675 951 Saba:
1691 925 1803 951 nomine
1824 925 1868 950 in-

1075 972 1217 1006 signitum.
1233 972 1479 1006 novissimumque.
1493 972 1564 1006 quod
1579 978 1652 998 anno
1672 971 1741 997 l738
1752 971 1868 1004 impres-

1075 1027 1135 1046 snm
1149 1024 1271 1050 notatur,
1289 1018 1482 1052 Authologium
1499 1017 1531 1044 ad
1547 1017 1650 1044 dictum
1670 1017 1705 1044 26
1738 1017 1866 1044 Octobris

1076 1065 1147 1092 d'em
1163 1064 1323 1098 inspexerit.
1342 1063 1444 1090 Verum
1461 1071 1475 1090 a
1490 1071 1544 1098 quo
1562 1069 1685 1096 tempore
1701 1064 1869 1090 ecclesiasti-

1076 1118 1124 1137 cus
1141 1110 1186 1137 ille
1204 1110 1295 1136 cultus
1310 1114 1407 1136 sancto
1421 1109 1557 1135 Demetrio
1577 1116 1590 1134 a
1614 1108 1716 1135 Grazcis
1731 1109 1776 1142 qui
1803 1115 1867 1134 eum

1077 1162 1206 1190 [iratiores
1230 1155 1519 1182 honorificentissimis
1530 1155 1776 1190 μεγαλομάρτυρος
1785 1160 1868 1188 atque

1077 1204 1110 1229 ab
1137 1203 1275 1229 rationem
1306 1201 1376 1228 infra
1402 1201 1547 1228 dicendam
1575 1201 1745 1236 μυροόλὺτου
1775 1201 1869 1227 titulis

1075 1249 1272 1278 condecet-ant.
1287 1249 1371 1282 erepit
1399 1247 1501 1274 deferri
1516 1247 1527 1274 3
1543 1247 1612 1275 Cum
1627 1248 1653 1274 in
1670 1249 1784 1281 pratrato
1813 1255 1868 1280 quo

1077 1296 1102 1320 in
1121 1295 1231 1320 .\lcna~is
1244 1294 1362 1320 Sanctus
1382 1293 1547 1324 celebratur,
1567 1293 1755 1320 ecclesiastico
1770 1293 1867 1320 Olﬁco

1076 1341 1302 1367 commemoratio
1315 1345 1394 1366 terra:
1410 1346 1511 1369 monts.
1529 1340 1574 1373 qui
1591 1340 1640 1366 sub
1663 1339 1756 1366 Leone
1775 1339 1867 1366 [samo

1076 1387 1180 1415 evertit.
1192 1386 1363 1415 instituatur,
1374 1385 1472 1420 hicqne
1486 1386 1635 1419 imperator
1644 1385 1745 1411 sarculo
1756 1390 1866 1413 octavo.

1076 1433 1109 1459 ad
1126 1432 1244 1458 mediam
1272 1432 1328 1458 fere
1351 1431 1393 1458 sui
1413 1435 1515 1466 partem
1534 1435 1674 1465 provecto,
1701 1431 1813 1461 abierit.
1841 1431 1867 1458 id

1075 1485 1142 1505 sane
1155 1481 1288 1511 quantum
1301 1476 1335 1503 ad
1352 1476 1645 1504 commemorationem
1671 1476 1744 1502 illam
1773 1476 1870 1510 nequit

1075 1531 1135 1551 esse
1153 1524 1203 1550 hoc
1217 1523 1320 1550 sseculo
1347 1523 1500 1556 antiquius.
1526 1523 1634 1557 eritque
1659 1523 1795 1554 fortassis,
1821 1522 1868 1557 qui

1075 1570 1165 1597 eidem
1181 1569 1222 1596 vel
1241 1573 1386 1604 propterea
1401 1576 1452 1596 nec
1461 1574 1594 1603 quantum
1611 1569 1644 1596 ad
1660 1568 1765 1602 reliqua
1782 1569 1870 1602 majo-

1073 1623 1130 1643 rem
1149 1616 1343 1650 antiquitatem
1361 1615 1502 1642 attribuat.
1527 1615 1638 1646 Verum.
1655 1618 1797 1649 utcunque
1822 1622 1868 1642 res

1072 1663 1130 1690 hinc
1160 1663 1271 1694 habeat.
1300 1662 1432 1690 Sanctum
1469 1663 1596 1698 equidem
1625 1663 1673 1690 diu
1695 1663 1779 1690 etiam
1805 1668 1870 1690 ante

1072 1711 1202 1737 saeculum
1219 1714 1347 1736 octavum
1373 1709 1463 1736 oﬂicio
1497 1709 1690 1736 ecclesiastico
1717 1709 1868 1736 universim

1071 1764 1085 1783 a
1103 1756 1205 1784 Graecis
1223 1756 1329 1782 cultum
1345 1756 1497 1790 quotannis
1516 1755 1615 1788 fuisse,
1631 1755 1869 1782 verosimillimum

1072 1803 1137 1828 mihi
1153 1807 1276 1837 apparet.
1291 1807 1348 1828 tum
1362 1809 1394 1828 ex
1410 1801 1455 1833 iis,
1469 1810 1530 1836 quae
1546 1806 1680 1836 quantum
1694 1801 1727 1828 ad
1745 1802 1806 1835 eius
1820 1809 1871 1827 an-

1073 1848 1257 1882 tiquissimum
1269 1847 1558 1881 Thessaloniczejuxta
1577 1856 1608 1875 ac
1624 1848 1866 1881 Constantinopoli

1072 1894 1175 1923 cultum
1192 1894 1263 1920 infra
1278 1894 1378 1921 dicturi
1390 1902 1497 1925 sumus,
1511 1899 1567 1921 tum
1580 1895 1621 1920 vel
1635 1894 1752 1920 maxime
1764 1902 1796 1921 ex
1811 1894 1869 1920 sin-

1072 1942 1171 1976 gulari.
1189 1948 1241 1975 qua
1263 1942 1364 1967 saeculo
1385 1941 1440 1970 illo.
1465 1942 1520 1966 imo
1535 1941 1617 1967 etiam
1643 1941 1688 1967 diu
1706 1945 1780 1971 ante,
1796 1940 1868 1974 apud

1072 1988 1180 2014 Grtccos
1198 1987 1308 2020 gavisus
1325 1987 1389 2019 fuit,
1403 1987 1582 2014 veneratione
1609 1987 1691 2013 simul
1708 1991 1734 2012 et
1746 1986 1867 2013 nominis

1073 2026 1230 2060 celebritate
1245 2041 1253 2064 ς
1271 2041 1353 2067 quam
1371 2038 1516 2067 utramque
1532 2032 1620 2059 sancti
1639 2033 1726 2059 nostri
1740 2032 1868 2066 martyris

1075 2081 1282 2114 pratrogativam
1293 2080 1434 2114 probatam
1447 2087 1522 2106 nunc
1532 2079 1578 2106 do.

1110 2126 1154 2154 69.
1186 2127 1306 2153 Sanctus
1339 2125 1502 2152 Theodorus
1531 2125 1648 2157 Studita,
1683 2126 1730 2160 qui
1765 2125 1866 2152 steculo

1073 2178 1171 2199 octavo
1187 2177 1353 2199 senescente
1369 2172 1567 2206 sequentisque
1581 2172 1660 2198 initio
1678 2171 1780 2201 ﬂoruit.
1794 2171 1865 2204 apud

1073 2217 1249 2244 Sirmoudum
1279 2216 1393 2252 Operam
1418 2217 1552 2244 variorum
1575 2221 1642 2243 tom.
1673 2215 1704 2247 V,
1732 2223 1795 2250 pag.
1813 2215 1867 2242 208

1076 2264 1102 2289 in
1122 2263 1248 2297 cpistola,
1264 2270 1344 2297 qnam
1363 2263 1396 2289 ad
1411 2263 1545 2289 Joannem
1575 2262 1751 2297 Spatharium
1770 2264 1864 2296 dedit,

1075 2309 1112 2336 ita
1129 2309 1223 2335 scribit
1239 2318 1244 2334 :
1266 2318 1274 2334 ι
1295 2307 1421 2335 Divinum
1439 2309 1576 2342 quoddam
1594 2308 1700 2336 facinus
1715 2317 1728 2335 a
1744 2310 1868 2336 domina-

1075 2354 1148 2381 tione
1169 2359 1214 2381 tua
1233 2355 1334 2381 factum
1353 2355 1496 2381 audientes
1510 2375 1517 2386 ,
1534 2354 1625 2382 mirati
1643 2363 1740 2382 sumus
1756 2356 1791 2382 ob
1809 2364 1866 2382 ma—

1074 2409 1154 2435 gnam
1168 2409 1261 2427 revera
1279 2401 1357 2427 fidem
1378 2405 1463 2433 tuam,
1477 2401 1558 2427 homo
1575 2401 1634 2428 Dei.
1651 2401 1773 2428 Aﬂirmat
1792 2403 1865 2428 enim

1074 2448 1119 2481 qui
1142 2446 1236 2474 retulit
1252 2468 1258 2477 ,
1282 2452 1308 2473 te
1329 2454 1434 2473 sacram
1461 2448 1551 2481 magni
1579 2448 1705 2482 martyris
1737 2447 1867 2474 Demetrii

1075 2492 1220 2527 imaginem
1239 2492 1410 2525 susceptoris
1435 2493 1579 2527 cujusdam
1606 2493 1667 2520 loco
1685 2493 1846 2520 adhibuisse
1859 2514 1866 2524 .

1075 2543 1156 2573 atque
1175 2539 1209 2565 ita
1227 2538 1272 2565 lilii
1289 2538 1326 2565 tui
1343 2546 1357 2564 a
1377 2541 1432 2565 Deo
1455 2538 1584 2566 custoditi
1605 2538 1770 2573 baptismum
1788 2547 1867 2571 pere-

1075 2593 1156 2619 gisse.
1171 2585 1203 2611 Et
1214 2593 1230 2612 ο
1245 2585 1371 2612 fiduciam
1388 2585 1478 2612 tuam!
1495 2585 1554 2611 Non
1569 2585 1656 2611 ῖηινιιηὶ
1670 2589 1773 2611 tantam
1787 2585 1865 2618 ﬁdem

1075 2631 1101 2656 in
1134 2629 1219 2656 Israel
1241 2638 1294 2657 non
1322 2630 1409 2657 solum
1440 2630 1595 2657 centurioni
1621 2635 1686 2657 tmte
1715 2637 1728 2656 a
1756 2631 1866 2657 Christo

1075 2677 1177 2703 dictum
1195 2677 1324 2707 arbitror,
1340 2677 1386 2703 sed
1403 2684 1475 2703 nunc
1491 2677 1572 2703 etiam
1589 2677 1636 2702 tibi
1651 2677 1696 2711 qui
1711 2676 1762 2703 fide
1775 2681 1866 2703 certas

1075 2731 1136 2750 cum
1155 2723 1209 2749 illo.
1226 2722 1332 2750 Invenit
1347 2731 1412 2756 ergo
1429 2722 1472 2749 ille
1489 2723 1559 2755 quod
1574 2723 1732 2756 quzerebat;
1751 2723 1867 2756 adeptus

1075 2775 1143 2796 eset
1159 2769 1216 2802 ipse
1232 2769 1304 2803 quod
1334 2769 1459 2802 sperasti.
1491 2769 1529 2795 lhi
1558 2769 1680 2795 divinum
1707 2770 1865 2795 mandatum

1077 2823 1124 2849 pro
1143 2815 1274 2848 corporali
1293 2815 1437 2848 prmscnlia
1457 2825 1462 2841 :
1481 2815 1524 2841 hic
1544 2822 1673 2848 corporea
1698 2815 1787 2847 imago
1806 2815 1866 2841 \icc

1077 2862 1222 2895 prototypi.
1241 2861 1277 2887 lbi
1293 2861 1364 2886 cnim
1383 2862 1472 2887 verbis
1487 2862 1580 2888 adorat
1595 2868 1720 2894 magnum
1733 2860 1864 2889 Verbum.

1077 2907 1219 2934 diiinttate
1241 2915 1288 2934 sua
1307 2907 1429 2934 niirabiie
1451 2908 1576 2934 ranitatis
1595 2915 1663 2936 opus
1690 2907 1865 2934 invisibiliter
