2049 3151
207 142 272 176 ῙΙΞῘ

727 142 754 173 S.
774 141 963 172 DEMETBII
987 141 1180 172 lllAliTYRlS
1201 143 1306 173 ACTA.

1761 146 1829 179 113’?

205 200 350 234 perliciens
363 209 369 232 ;
382 203 409 226 et
431 199 474 226 bic
497 199 598 233 pariter
618 205 733 233 magnus
755 205 857 234 martyr
881 198 990 233 imagini
1011 209 1027 228 Α
1044 199 1174 226 saeculum
1193 204 1418 231 octavum,»certe
1432 206 1494 228 ante
1511 201 1639 228 sasculum
1657 202 1767 229 tertium
1781 202 1822 230 de-

205 254 260 272 sine
277 246 373 280 spiritu
391 253 509 280 praesens
523 250 592 277 erat,
609 245 743 272 infantem
761 245 924 280 suscipiens.
941 245 991 271 Ve-

206 297 264 316 rum
288 291 346 317 inec
370 290 491 324 profanis
511 291 620 324 quidem
657 290 768 319 auribus
792 295 819 317 et
844 291 993 318 incredulis

205 337 345 364 mentibus
376 336 488 364 minime
511 336 678 370 recipienda,
696 341 823 371 tanquam
845 336 992 363 incredibi‘

206 383 252 413 ira,
271 382 410 415 videntur,
430 383 546 409 maxime
570 382 773 414 iconomacltis;
804 382 899 417 pietati
927 390 992 409 vero

207 433 260 455 tute
291 428 433 455 manifesta
460 433 619 463 argumenta
649 432 676 455 et
702 429 825 463 exempla
857 428 992 463 patefacta

204 480 279 501 sunt.
301 475 371 507 Quid
394 475 467 502 enim
488 480 529 502 est
544 476 614 510 quod
634 476 705 503 Deus
727 480 855 510 praestare
876 476 992 502 creden-

205 521 279 547 tibus
302 528 356 547 non
382 521 486 556 possit?
509 523 563 548 Aut
581 522 718 556 quomodo
739 522 766 548 ιιι
793 522 912 557 imagine
937 530 991 548 non

205 567 368 602 liomonyme
388 568 509 595 cernitur
535 573 562 594 et
578 568 667 595 inesse
684 567 805 595 creditur
830 569 875 602 qui
893 577 990 602 reprae-

203 613 346 640 sentatur?
362 613 506 648 tltnaginis
520 614 653 648 siquidem
669 614 767 644 honor.
781 620 808 641 ut
829 622 943 649 magnus
955 616 993 641 ait

204 658 331 691 Basilius,
345 660 442 686 transit
455 660 486 686 ad
503 664 704 694 protmypum.»
715 660 804 692 Quare
815 660 988 687 manifestum

203 711 247 731 est
269 711 412 740 martyrem
438 705 540 737 fuisse,
561 707 606 740 qui
633 706 764 733 infantem
790 714 837 740 per
853 707 991 740 pmpriam

204 752 352 785 imaginem
367 751 545 785 suscipiebat.
562 757 696 786 quatenus
717 752 753 778 ita
768 752 920 778 credidisti.
938 752 991 778 Sed

205 806 222 824 ο
238 798 466 832 magnificentiam
493 802 567 824 tuam
582 818 588 828 ,
606 798 653 831 qui
669 798 749 824 talem
764 806 795 824 ac
810 802 913 824 tantum
930 806 992 832 syn-

205 849 327 875 tecnum,
352 847 380 869 ut
400 848 508 874 vocant,
528 844 640 870 sortitus
658 851 699 874 es,
718 851 772 870 non
792 844 863 870 hunc
885 844 925 870 vel
954 843 991 869 il-

203 889 261 916 lunt
294 889 443 923 principem
470 893 533 922 puta
562 890 602 915 vel
637 889 797 924 dynastam,
831 894 877 915 aut
904 890 992 923 ipsum

209 935 290 961 etiam
307 935 351 968 qui
380 935 533 961 diademate
558 935 702 962 redimitus
726 939 780 962 est.
807 934 893 968 Major
919 936 992 961 enim

208 981 342 1015 longeque
355 981 480 1015 superior
493 986 535 1007 est
551 989 630 1015 quem
645 981 780 1014 reperisti.

249 1025 292 1052 70.
310 1034 318 1050 ι
333 1026 477 1061 Martyrum
490 1027 591 1060 quippe
609 1026 774 1053 fortissimus
785 1046 792 1056 ,
818 1025 993 1052 mirificarum

205 1072 384 1102 clarissimus,
406 1080 551 1106 germanus
564 1072 668 1098 Christi
696 1073 812 1104 anticus,
834 1073 992 1106 angelorum

205 1117 275 1144 civis
291 1125 298 1143 :
313 1117 359 1151 qui
378 1122 417 1144 tot
430 1122 560 1151 tantaque
575 1118 601 1144 in
617 1119 698 1145 terris
709 1126 818 1152 semper
833 1119 921 1152 potuit
947 1127 994 1153 po-

207 1167 329 1196 testque.
348 1167 376 1189 ut
403 1163 430 1189 in
451 1164 579 1190 omnibus
590 1164 648 1191 oris
666 1164 862 1191 miraculorum
881 1172 992 1190 suorum

207 1208 270 1234 tuba
294 1211 456 1236 celebretur.
485 1210 582 1236 Beatus
610 1211 701 1244 rcipsa
729 1219 775 1243 es,
793 1211 835 1238 vir
858 1211 992 1245 piissime,

205 1253 277 1286 quod
299 1253 377 1280 talem
395 1259 490 1280 nactus
511 1255 548 1281 sis
568 1260 754 1289 susceptorem
772 1265 778 1282 :
798 1261 839 1283 ter
856 1257 952 1283 beatus
967 1261 993 1284 et

207 1300 278 1326 filius
295 1304 368 1331 tuus,
384 1300 430 1334 qui
447 1309 462 1326 a
479 1305 552 1327 tanta
568 1301 653 1335 gloria
676 1306 703 1328 et
729 1302 849 1335 potentia
876 1302 990 1337 prasdito

209 1352 354 1378 susceptus
369 1348 412 1373 sit.
432 1346 516 1374 Nobis
531 1355 595 1373 vero
613 1347 706 1374 videre
723 1348 804 1374 liceat
822 1348 894 1374 hunc
907 1348 992 1375 lilium

208 1395 282 1417 tuum
300 1393 388 1419 sancti
405 1392 534 1419 Demetrii
552 1393 754 1427 cognominem,
770 1394 792 1419 si
808 1395 908 1421 annuis
923 1402 930 1420 :
946 1399 992 1425 ut,

209 1441 338 1470 tanquam
364 1438 450 1471 ipsius
472 1438 556 1464 ﬁlium
581 1438 788 1472 amplecteules,
809 1444 837 1466 et
865 1441 994 1474 congruis

210 1483 262 1517 ipsi
280 1483 379 1514 verbis,
406 1490 434 1510 ut
463 1490 629 1518 peccatores,
651 1485 854 1517 cotnpellcmus,
882 1490 909 1512 et
936 1493 991 1512 rem

207 1536 310 1566 gestam
327 1531 361 1558 ad
385 1531 452 1558 alios
470 1539 578 1566 quoqtte
596 1532 821 1558 transmittamus.
839 1532 894 1558 Nec
919 1533 992 1559 enim

206 1585 251 1603 res
270 1577 398 1611 pulchras
411 1577 483 1603 sileri
501 1577 639 1607 convenit,
655 1577 702 1603 sed
727 1577 787 1603 aliis
803 1577 835 1603 ad
862 1577 911 1610 piae
931 1578 991 1604 tidei

205 1624 278 1651 clara
307 1625 469 1650 documenta
497 1624 621 1657 proponi.
644 1633 652 1647 ι
674 1623 818 1649 Enimvero
843 1628 870 1649 et
891 1623 992 1650 factum

206 1670 286 1704 plane
307 1670 454 1704 singulare,
468 1670 538 1704 quod
561 1670 604 1696 hic
624 1669 757 1700 laudatur,
774 1674 800 1696 et
819 1670 911 1700 verba.
934 1671 994 1704 qui—

207 1718 258 1744 bus
290 1716 315 1743 id
338 1725 352 1743 a
375 1716 519 1743 Theodoro
544 1716 649 1742 Studita
669 1716 858 1747 sit,eximiant
883 1725 994 1750 prorsus

205 1770 270 1797 erga
290 1767 412 1789 sanctum
439 1763 601 1789 Demetrium
626 1767 682 1788 tum
698 1762 810 1788 Joannis
835 1762 972 1795 Spatharii
986 1783 992 1792 .

205 1808 252 1841 qui
272 1807 340 1833 forte
359 1815 419 1834 cum
434 1806 538 1834 Joanne
555 1807 778 1841 Protospatltario
789 1812 815 1834 et
833 1807 938 1842 Bajulo,
959 1808 993 1834 ab

207 1855 287 1880 lrene
304 1854 392 1881 electo
417 1860 499 1887 attue
521 1854 592 1887 apud
615 1853 811 1888 Theophanem
834 1854 868 1880 ad
891 1862 992 1881 annum

205 1903 389 1937 imperati-iris
402 1905 482 1938 hujus
496 1905 630 1931 decimum
650 1908 810 1934 memorato,
826 1910 897 1929 untts
909 1903 995 1930 idem-

205 1955 259 1982 que
275 1954 326 1980 cst,
342 1953 398 1974 tum
414 1949 554 1982 ipsiusmet
580 1947 714 1974 Theodori
739 1948 854 1974 Studium
882 1956 994 1975 venera-

208 1995 310 2020 tionem
326 1999 454 2028 arguunt.
471 1994 570 2021 Adltxc
587 2002 648 2020 cum
663 1994 706 2020 ltic
731 1999 843 2020 sanctus
860 1994 992 2028 scriptor.

206 2041 263 2074 qui,
280 2040 507 2074 quemadmodum
522 2039 576 2073 jam
601 2039 692 2068 docui.
714 2039 813 2066 saeculo
831 2043 928 2066 octavo
947 2048 991 2066 se-

205 2089 334 2110 nescente
350 2084 545 2118 sequentisque
562 2084 640 2110 initio
662 2084 762 2114 floruit,
789 2088 829 2110 tot
857 2089 992 2118 tantaque

208 2131 234 2157 in
244 2133 324 2157 terris
333 2131 498 2158 Demetrium
510 2139 617 2166 semper
629 2131 750 2165 potuisse
761 2138 793 2157 ac
807 2139 886 2165 porro
900 2139 990 2165 posse,

207 2185 256 2211 per
273 2178 354 2204 verba
373 2178 486 2204 recitata
502 2177 627 2209 afﬁrmet,
643 2183 673 2204 ut
686 2177 711 2204 in
727 2177 856 2204 omnibus
870 2178 926 2203 oris
944 2178 993 2203 tui-

1045 245 1146 272 cimum
1175 244 1224 271 fuit
1251 245 1410 272 honoratus.
1432 246 1529 280 Liquet
1557 247 1582 274 id
1610 255 1641 274 ex
1667 248 1730 274 data
1758 256 1828 275 anno

1046 292 1138 318 mundi
1154 291 1305 318 secundum
1320 291 1428 318 Graecos
1444 292 1522 323 667i,
1543 293 1568 320 id
1591 298 1643 324 est,
1668 301 1728 320 atra:
1747 293 1826 320 thri-

1045 338 1138 365 stianai
1150 337 1228 367 H66.
1244 345 1293 372 per
1307 337 1510 365 Emmanuelem
1522 339 1691 366 Coninenum
1705 340 1826 375 impera-

1045 388 1131 410 torem
1149 383 1183 410 de
1197 383 1303 414 diebus.
1327 384 1426 417 quibus
1441 389 1486 410 aut
1505 384 1618 410 omnino
1634 389 1680 411 aut
1701 392 1734 411 ex
1750 390 1825 418 parte

1045 430 1228 457 tribunalibus
1248 429 1413 460 feriandum,
1429 437 1476 456 seti
1501 437 1516 455 a
1533 429 1597 463 jure
1612 430 1727 456 dicendo
1743 431 1827 457 absti-

1046 476 1165 503 nendum
1184 480 1268 508 esset,
1284 475 1404 502 NOvella.
1421 475 1450 502 In
1468 476 1518 502 hac
1538 475 1611 502 enim
1625 497 1632 507 ,
1647 483 1708 510 qum
1725 477 1750 502 in
1765 477 1828 503 Jure

1043 522 1286 554 Graeco-Romano,
1299 529 1347 557 per
1361 521 1556 549 Leuttclaviunt
1573 530 1646 549 anno
1663 523 1731 549 £596
1744 523 1828 550 Fran-

1044 569 1143 596 cofurti
1157 569 1276 602 vulgato,
1298 577 1358 603 pag.
1382 568 1441 599 £60,
1457 574 1482 595 et
1505 569 1574 602 apud
1590 567 1715 595 Pltotium
1735 569 1760 594 in
1774 569 1827 595 No-

1044 623 1192 642 mocanonc
1207 615 1287 642 titulo
1305 615 1432 650 septimo,
1453 623 1502 649 pag
1527 615 1560 642 58
1576 620 1604 642 et
1621 624 1699 650 seqq.
1722 620 1827 645 existat.

1044 661 1191 695 imperator
1202 661 1292 688 verbis
1306 663 1495 695 sequentibus,
1508 670 1521 688 a
1535 662 1698 688 LCUtlt'iaVIO
1710 670 1723 688 e
1737 653 1826 696 lingua

1044 707 1136 734 Graeca
1152 707 1178 733 in
1197 706 1321 734 Latinam
1336 708 1487 738 conversis,
1503 708 1538 734 ita
1555 708 1672 742 primum
1689 707 1826 742 loquitur:

1047 762 1055 778 ι
1080 752 1233 784 Sancimus,
1249 757 1279 779 ut
1294 753 1331 780 illi
1347 754 1405 780 dies
1425 753 1513 780 feriati
1531 753 1586 780 sint
1598 774 1604 784 ,
1620 761 1688 788 quos
1709 755 1735 780 in
1759 762 1828 788 prae-

1044 798 1113 824 senti
1128 798 1323 824 constitutione
1336 798 1496 825 nominatim
1512 799 1744 830 enumerabimtts;
1761 804 1787 826 et
1802 805 1830 826 ut

1044 843 1088 870 alii
1101 844 1209 878 quidem
1226 852 1320 870 eorum
1336 843 1416 870 ferias
1432 845 1458 870 in
1478 846 1636 872 universum
1655 845 1784 878 habeant,
1800 852 1830 871 ut

1045 896 1227 922 nequaquam,
1247 893 1304 915 loto
1322 889 1444 923 ipsorum
1463 889 1579 916 durante
1603 891 1713 925 spatio,
1726 891 1830 917 consti-

1045 934 1082 960 tui
1107 934 1238 968 judieium
1257 934 1355 967 possit,
1382 934 1434 960 nisi
1463 934 1587 960 fortassis
1612 934 1760 967 imperator
1782 942 1831 968 per

1044 979 1258 1012 dispensationis
1288 980 1410 1010 modum,
1438 980 1480 1006 vel
1507 979 1542 1006 ob
1572 981 1762 1007 neCessitatem
1789 982 1831 1013 (ut

1045 1027 1128 1052 ntttlta
1145 1033 1330 1060 saepenumero
1346 1025 1436 1051 subita
1454 1025 1577 1058 qumdatn
1595 1033 1687 1052 rerum
1712 1026 1832 1052 varietas

1045 1072 1172 1098 licentius
1183 1079 1285 1098 novare
1296 1071 1375 1105 solet)
1385 1071 1411 1097 in
1423 1071 1456 1098 iis
1467 1079 1574 1105 quoque
1583 1072 1713 1106 judicium
1723 1072 1827 1098 cousti-

1045 1122 1121 1144 tuere
1135 1117 1268 1149 voluerit;
1282 1117 1325 1143 alii
1341 1125 1406 1143 vero
1420 1125 1452 1143 ex
1467 1121 1543 1150 parte
1561 1125 1574 1143 a
1591 1117 1703 1151 jndiciis
1720 1123 1828 1148 vacent,

1045 1169 1073 1190 ιιι
1092 1171 1122 1190 ca
1150 1163 1276 1190 videlicet
1300 1169 1482 1189 exerceantur
1507 1171 1520 1189 a
1546 1163 1679 1189 matutino
1704 1168 1828 1197 tempore

1046 1215 1130 1242 usque
1152 1209 1185 1234 ad
1211 1213 1317 1241 tempus
1344 1207 1414 1234 saeri
1432 1208 1523 1234 cultus
1539 1215 1587 1234 seu
1604 1207 1696 1241 potius
1723 1207 1828 1241 (Graece

1044 1255 1115 1281 enim
1131 1254 1246 1280 habetur
1260 1252 1446 1287 λειτουργίας)
1459 1254 1545 1279 mina
1559 1253 1686 1286 mcriﬁrii
1696 1271 1704 1282 ,
1720 1259 1773 1285 quo
1787 1253 1831 1286 ju-

1044 1300 1150 1327 dicibus
1175 1304 1227 1325 tam
1254 1299 1415 1333 precationi,
1439 1306 1519 1332 quam
1538 1298 1717 1324 celebrationi
1744 1298 1829 1324 divini

1043 1346 1170 1373 Numinis
1186 1346 1298 1372 intentis
1317 1353 1377 1372 esse
1394 1345 1487 1375 liceat,
1512 1352 1543 1370 ac
1561 1349 1672 1378 peracto
1695 1351 1772 1371 sacro
1787 1344 1832 1378 ju-

1044 1393 1124 1419 stitize
1139 1399 1230 1418 curam
1249 1395 1355 1425 gerant,
1368 1395 1396 1417 et
1413 1390 1529 1424 injurias
1547 1390 1685 1424 perpessis
1697 1390 1774 1424 juxta
1791 1390 1832 1416 vi-

1044 1446 1138 1473 gorem
1157 1438 1245 1472 legum
1265 1443 1436 1463 succurrant.

1081 1483 1125 1508 7'2.
1149 1481 1202 1509 Sed
1222 1487 1311 1508 tatnen
1336 1482 1352 1507 ii
1374 1482 1474 1515 quibus
1499 1481 1524 1508 in
1544 1481 1616 1508 hunc
1642 1482 1751 1508 modum
1772 1486 1832 1515 pos:

1045 1528 1146 1554 cultum
1165 1535 1272 1554 sacrtttu
1288 1527 1333 1560 jus
1346 1527 1436 1553 dicere
1453 1527 1614 1560 permissum
1627 1532 1680 1558 est,
1703 1527 1729 1553 in
1746 1529 1833 1554 conli-

1045 1574 1151 1601 ciendis
1168 1573 1217 1600 abs
1240 1580 1269 1599 se
1285 1573 1472 1600 natationibus
1488 1580 1520 1599 ac
1547 1573 1739 1599 instrumentis
1756 1581 1831 1599 men-

1046 1621 1146 1648 tionem
1164 1620 1298 1653 lt‘tttpttris
1316 1619 1426 1650 faciant,
1443 1627 1498 1652 quo
1513 1619 1636 1646 confecta
1655 1620 1736 1645 εἰιιι.ι
1754 1618 1834 1645 llisce

1045 1665 1300 1700 porropratmissis,
1323 1664 1411 1698 primo
1435 1664 1494 1690 dies
1520 1663 1634 1691 omnino
1656 1664 1766 1690 feriatos
1783 1672 1831 1691 seu

1044 1713 1146 1747 quibus
1156 1714 1221 1740 totis
1235 1720 1248 1739 a
1262 1712 1378 1739 dicendo
1389 1712 1450 1746 jure
1464 1711 1613 1738 vacandum
1626 1712 1833 1742 sit.enumerat,

1045 1767 1076 1786 ac
1095 1759 1193 1786 deinde
1204 1758 1243 1785 ad
1258 1764 1306 1785 eos
1321 1757 1420 1792 quibus
1437 1765 1469 1783 ex
1494 1762 1568 1792 parte
1589 1762 1693 1784 tantum
1711 1758 1833 1784 vacatio-

1046 1814 1107 1832 nem
1123 1805 1240 1831 tt‘ibunal
1254 1804 1344 1836 habet,
1360 1803 1543 1838 progreditur,
1557 1804 1645 1837 iisque
1657 1803 1690 1830 26
1703 1803 1832 1830 Octobris

1044 1852 1128 1882 diem.
1148 1861 1156 1877 ‹
1176 1851 1246 1885 quod
1265 1851 1287 1877 is
1300 1858 1409 1883 magno,
1429 1855 1459 1877 ut
1475 1850 1523 1880 ait,
1538 1854 1566 1876 et
1584 1849 1730 1883 unguentis
1743 1854 1833 1875 scatu-

1046 1897 1125 1923 rienti
1139 1897 1275 1922 Demetrio
1284 1896 1369 1922 festus
1381 1892 1502 1929 agatur”
1514 1894 1726 1926 accenset.Quin
1742 1895 1833 1928 itaque

1046 1941 1199 1968 lletnetrius
1215 1941 1285 1967 festo
1301 1948 1404 1972 annuo,
1419 1941 1496 1975 cujus
1519 1945 1594 1974 parte
1618 1940 1708 1974 aliqua
1732 1948 1746 1966 a
1771 1940 1832 1973 jure

1045 1989 1160 2014 dicendo
1175 1987 1325 2014 vacandum
1346 1991 1429 2017 esset,
1450 1995 1463 2013 a
1485 1986 1587 2013 Graecis
1607 1990 1670 2012 ante
1697 1986 1829 2012 sarculum

1046 2035 1155 2060 tertium
1180 2033 1315 2059 decimum
1342 2032 1493 2059 honoratus
1518 2032 1609 2063 fuerit,
1634 2031 1830 2066 ambigendum

1046 2088 1098 2107 non
1118 2085 1170 2106 est.
1188 2080 1271 2106 Porro
1295 2079 1377 2106 fuisse
1393 2085 1504 2113 quoque
1522 2085 1569 2112 per
1587 2077 1648 2104 festi
1675 2077 1747 2103 illius
1769 2086 1831 2110 par-

1046 2132 1098 2153 tem
1115 2127 1148 2153 ει)
1163 2126 1292 2160 ope-ribus
1308 2125 1451 2152 servilibus
1477 2123 1668 2150 abstinendum
1690 2122 1830 2153 Bailletus,

1044 2177 1112 2199 tom.
1128 2171 1160 2199 lll
1180 2171 1296 2198 l’itarum
1316 2170 1369 2197 col.
1388 2170 1437 2196 H5
1447 2171 1480 2196 ad
1499 2169 1515 2196 8
1527 2169 1654 2196 Octobris
1671 2169 1742 2195 diem
1759 2169 1831 2196 afIir-

205 2223 359 2250 ι-υευιυτηιη
374 2224 433 2258 eius
450 2223 513 2250 Iuba
531 2224 697 2255 celebretur,
710 2223 813 2257 prabet
829 2231 904 2257 sane,
919 2224 990 2250 unde
1008 2222 1030 2250 ί)
1045 2222 1110 2243 tnat.
1129 2218 1216 2249 Atque
1231 2216 1255 2242 id
1271 2216 1394 2250 quidem,
1405 2219 1465 2241 utut
1481 2215 1508 2240 in
1522 2214 1628 2240 laudata
1645 2214 1831 2240 Etmnanuelis

205 2277 260 2294 non
290 2270 439 2300 immerito,
468 2269 600 2296 Sanctum
637 2273 760 2295 nostrtttn
793 2268 892 2302 insigni
919 2269 989 2301 apud

204 2314 314 2341 Cra-cos
337 2315 455 2342 nominis
474 2315 632 2342 celebritate
650 2315 723 2348 iuxta
740 2321 770 2340 ac
789 2314 853 2340 hinc
869 2319 926 2340 orta
945 2322 989 2341 ve-

206 2361 347 2387 neratione
365 2360 410 2387 ditt
436 2362 517 2387 etiam
544 2366 607 2388 ante
630 2360 760 2387 sacculum
780 2364 906 2386 octavum
933 2360 990 2386 eni-

205 2407 290 2434 tuisse
303 2407 478 2434 arbitremur.

240 2453 285 2479 71.
302 2452 379 2485 Quod
394 2460 454 2480 cum
473 2453 508 2479 ita
530 2453 582 2483 sit,
601 2453 666 2486 quin
690 2453 738 2479 abs
759 2452 800 2479 liis
815 2453 859 2479 ille
875 2453 988 2485 pariter,

204 2507 260 2526 non
281 2507 360 2526 secus
373 2507 405 2525 ac
420 2498 550 2526 clariores
575 2498 661 2525 sancti
680 2498 735 2530 alii,
751 2497 839 2524 otIicio
854 2498 988 2524 ecclesia-

205 2544 274 2571 stico
295 2544 446 2570 honoratus
467 2543 522 2578 jam
548 2547 604 2569 tum
631 2543 724 2576 fuerit,
742 2543 784 2569 vix
808 2543 988 2570 dubitandum

201 2594 328 2623 apparet,
342 2589 459 2616 maxime
477 2596 537 2615 cum
555 2588 678 2615 festivam
695 2589 754 2622 ejus
769 2589 856 2615 lucem
871 2588 990 2615 Thessa-

204 2635 299 2662 lonica:
321 2637 375 2669 jam
403 2635 466 2662 inde
492 2644 505 2661 a
523 2635 621 2662 smeulo
635 2640 712 2662 sexto
729 2635 989 2670 verosimillimeque

205 2683 287 2708 etiam
298 2682 378 2709 citius
391 2681 539 2715 quotannis
550 2680 680 2707 celebrari
698 2681 854 2714 contigerit,
867 2681 905 2707 uti
920 2681 989 2707 infra

205 2727 359 2754 ostendam.
377 2726 462 2754 Porro
478 2726 551 2751 Demt
563 2726 629 2752 trius
653 2732 706 2751 non
722 2729 827 2752 tantttm
840 2724 927 2752 cilicio
942 2733 988 2752 ec—

206 2773 368 2803 clesiastico,
395 2779 487 2798 verum
512 2771 594 2797 etiam
621 2771 689 2797 festo
715 2778 818 2802 annuo,
843 2778 895 2805 quo
919 2772 988 2798 sacri

207 2818 297 2845 cultus
323 2826 370 2846 seu
398 2818 564 2846 sacrosancti
600 2817 688 2843 Missm
715 2817 841 2843 sacrificii
868 2821 989 2851 tempore

207 2861 251 2896 jus
271 2864 359 2892 dicere
375 2865 452 2892 nefas
474 2868 554 2895 esset,
571 2863 640 2897 apud
663 2863 786 2893 (ἐι-πως,
813 2862 834 2888 si
854 2869 907 2888 non
924 2867 989 2890 ante

1043 2263 1175 2290 Comncni
1203 2262 1376 2296 imperatoris
1393 2260 1503 2286 Novella
1529 2267 1658 2293 expresse
1671 2267 1725 2286 ιιοιι
1741 2267 1831 2286 asser-

1044 2314 1111 2340 tum,
1130 2307 1366 2335 verosimillituum
1384 2310 1508 2340 apparet.
1539 2297 1640 2331 Verum
1667 2305 1689 2331 is
1712 2305 1831 2339 scriptor

1042 2355 1075 2381 de
1090 2354 1160 2380 festo
1178 2354 1235 2384 illo,
1254 2352 1326 2387 quod
1342 2357 1498 2386 comparate
1515 2351 1548 2378 ad
1563 2351 1630 2378 festa
1652 2351 1703 2377 alia
1718 2351 1831 2378 ontnino

1042 2400 1140 2426 feriata
1164 2399 1293 2426 secundae
1316 2400 1451 2425 duntaxat
1470 2397 1567 2424 classis
1585 2397 1684 2424 festum
1709 2396 1828 2430 primum

1043 2446 1135 2475 fuerit.
1150 2445 1206 2471 lucc
1222 2449 1352 2479 pneterea
1366 2443 1467 2470 ibidem
1487 2443 1562 2469 addit
1579 2451 1585 2468 :
1604 2453 1613 2468 ι
1630 2443 1706 2469 Α‹Ιεο
1723 2441 1831 2469 celebre

1042 2496 1103 2524 post
1116 2490 1216 2517 factum
1233 2494 1284 2521 est,
1307 2493 1335 2516 ut
1356 2489 1430 2516 haud
1455 2488 1619 2520 minoribus,
1636 2496 1718 2522 quam
1737 2488 1832 2522 prima:

1042 2537 1138 2564 classis
1154 2537 1233 2566 festa.
1250 2536 1419 2563 caeremoniis
1440 2535 1608 2562 celebratum
1627 2535 1719 2566 fuerit,
1735 2539 1832 2568 estque

1042 2582 1075 2609 de
1091 2586 1228 2616 praecepto
1248 2589 1295 2614 per
1312 2587 1398 2607 totum
1421 2581 1493 2608 diem
1522 2581 1658 2613 hodieque
1679 2580 1831 2606 observan-

1041 2629 1118 2655 dutn.
1136 2638 1144 2653 ι
1163 2628 1200 2654 lta
1223 2627 1277 2658 ille,
1303 2627 1329 2653 in
1356 2627 1490 2661 margine.
1512 2634 1572 2660 quae
1595 2626 1696 2653 Smitlt.
1722 2625 1831 2652 Summi

1041 2673 1139 2701 ercw
1147 2673 1280 2704 Erclesia',
1299 2679 1360 2706 pag.
1374 2671 1417 2702 l2,
1435 2672 1545 2703 habent,
1563 2679 1611 2706 pro
1626 2679 1655 2698 se
1669 2671 1765 2698 citans.
1779 2669 1833 2697 Ve-

1042 2729 1114 2750 rum,
1138 2728 1199 2746 cum
1221 2726 1292 2754 opus
1320 2718 1373 2745 hoc
1400 2718 1433 2745 ad
1471 2726 1581 2745 manum
1602 2725 1657 2745 non
1682 2718 1728 2750 sit,
1749 2717 1829 2744 fidem

1041 2771 1171 2801 quantum
1201 2765 1226 2791 id
1255 2764 1327 2799 quod
1357 2764 1448 2790 verbis
1474 2764 1595 2791 recitatis
1622 2763 1720 2794 docet,
1745 2769 1831 2797 penes

1041 2814 1128 2848 ipsum
1146 2816 1218 2840 stare
1233 2812 1304 2843 volo,
1323 2816 1349 2838 et
1373 2811 1404 2838 ad
1425 2811 1474 2837 alia
1499 2811 1589 2842 modo,
1609 2818 1669 2845 qua:
1686 2809 1719 2837 ad
1733 2808 1828 2836 Saneti

1041 2859 1144 2886 cultum
1162 2862 1296 2892 spectant,
1315 2856 1428 2892 gradum
1448 2857 1528 2884 facio.
