2049 3151
225 158 292 186 1123

877 151 1199 181 SUPPLEMENTUM.

1779 150 1845 182 “25

224 212 307 248 §\’|l.
341 211 428 248 Dicam
452 210 564 236 (.rFmius
588 209 778 248 Thessalonica:
798 209 1005 248 rtufnu‘Sartclo
1021 211 1041 237 Α
1058 209 1242 235 monumentis
1270 209 1386 243 antiquis
1419 217 1473 236 non
1506 214 1643 240 occurrat,
1675 217 1780 236 sacram
1811 210 1846 236 de

259 248 337 282 fuerit
355 246 470 274 delatus,
486 249 510 271 et
523 253 602 280 quam
623 245 726 279 quidem
744 247 870 278 antiquus
892 245 913 271 is
926 245 971 271 sit.

259 303 302 330 75.
323 301 426 328 Exin-ia
453 301 531 335 plano
545 301 721 328 veneratione
736 301 865 334 cultuque
883 302 1011 328 ecrlesia-

227 349 296 375 stico
309 347 511 374 Thessalonica
520 346 773 378 Joannis,civitatis
783 347 863 380 huius
875 348 1011 382 archiepi-

224 393 309 424 scopi,
317 392 527 426 saepissimeij
536 400 618 426 supra
627 393 728 418 laudati
737 392 861 426 infraque
869 393 1007 425 laudandi,

223 444 302 466 aetate
317 446 365 465 seu
383 439 483 465 saeculo
507 439 623 472 septimo
637 438 759 472 gavisum
785 437 870 464 fuisse
885 443 1008 465 sanctum

226 485 406 515 Demetrium,
430 484 472 510 vel
488 492 503 510 e
519 484 594 512 solis.
623 484 725 517 quibus
741 484 813 510 hunc
828 485 947 518 scriptor
965 484 1010 511 ille

225 529 420 557 Miracularum
433 530 593 556 edendorum
608 530 656 556 lib.
672 537 679 555 ι
707 529 929 563 fr--quenti~sime
942 538 1009 556 con-

224 578 347 607 decorat,
364 577 662 607 honorilicentissimis,
682 577 769 611 iisque
795 581 938 610 duntaxat,
963 579 1008 612 qui

226 631 278 657 pro
291 623 394 650 sanctis
408 624 547 654 coluntur,
565 624 622 650 dari
642 624 731 650 solitis
758 624 844 650 titulis
862 624 933 650 battd
951 631 1008 650 om-

226 671 292 696 nino
312 670 405 704 inepte
421 670 563 704 coniicias.
586 670 686 696 Verrini
707 677 739 695 ne
765 670 931 703 C(tltje’t'lllris
949 674 1010 695 tan-

227 717 367 742 tummodo
383 718 514 743 utendum
527 717 578 743 hac
589 718 615 742 in
631 724 659 743 re
675 716 721 746 sit,
734 716 756 742 is
770 716 828 749 ipse
841 717 922 742 ctiam
940 716 1008 742 seri-

226 768 289 797 Διιοι
319 763 394 789 facit.
431 763 539 789 Etenim
569 763 724 789 cncomiuru
751 764 806 796 jam
835 771 916 797 supra
949 762 1009 797 plus

225 810 309 835 semel
339 810 451 835 citatum
486 809 608 842 binisque
636 809 711 835 hisce
746 809 866 843 Μνήμην
895 809 1008 835 δικλῐων

226 855 317 880 verbis
346 854 516 885 inchoatum,
544 855 614 887 qnod
632 854 664 880 ad
690 853 950 881 ThessaIOnicenses
974 854 1008 880 de

1063 263 1114 289 qua
1133 255 1176 281 hic
1204 255 1290 282 aedem
1315 254 1416 282 Sancto
1434 261 1526 282 nostro
1542 255 1745 282 Thessalonica
1761 254 1846 282 fuisse

1060 301 1116 333 jam
1133 301 1195 328 inde
1209 309 1222 327 a
1239 301 1330 327 saeculi
1345 301 1435 335 quiuli
1453 301 1530 328 initio
1546 305 1676 331 erectam,
1691 301 1846 327 verosimile

1062 355 1131 373 salte
1152 352 1277 380 apparet,
1307 347 1357 374 etsi
1387 347 1508 378 interim,
1538 347 1610 380 quod
1638 346 1728 372 forsan
1757 346 1845 380 reipsa

1064 392 1204 422 Leontius,
1222 400 1236 419 a
1255 393 1357 419 codicis
1372 393 1556 419 Theodosiani
1580 393 1694 419 Leontio
1709 392 1845 424 diversus,

1063 446 1112 464 nec
1132 443 1222 464 tamen
1252 438 1279 464 in
1307 439 1576 466 monuuientis’ullis
1603 439 1722 472 antiquis
1741 447 1844 465 metuo-

1062 491 1148 514 ratus,
1175 485 1311 519 lllyricum
1337 486 1426 512 serius
1443 484 1564 519 praefecti
1597 493 1710 511 munere
1729 484 1848 512 admini-

1061 531 1166 559 strarit.
1185 538 1228 556 res
1243 530 1424 564 undequaun
1441 535 1515 557 certa
1532 538 1586 557 non
1603 531 1648 557 sit.
1672 529 1785 559 Venuli.
1803 535 1848 556 ul—

1062 584 1170 610 cunque
1195 576 1241 606 sit,
1269 584 1373 603 sacram
1402 576 1528 610 equidem
1551 575 1688 602 Demetrio
1701 576 1798 605 autem.
1816 581 1845 602 et

1061 623 1172 657 quidem
1201 632 1262 657 quae
1290 632 1343 650 non
1363 631 1451 658 parvae
1476 623 1609 650 duntaxat
1638 623 1728 653 mulis,
1746 623 1784 649 uti
1813 630 1846 649 ex

1061 669 1238 696 Anastasiana
1267 669 1359 696 Sancti
1392 669 1461 699 Vita,
1492 670 1586 703 inqua
1601 668 1755 695 Oratorium
1784 676 1846 694 tan-

1061 715 1202 741 tummodo
1220 720 1341 746 vocatur,
1363 723 1416 741 non
1436 722 1514 740 nemo
1530 714 1600 740 forte
1613 714 1732 748 colligat,
1759 713 1846 739 adifi-

1060 760 1130 786 citnn
1159 764 1240 791 esset,
1259 761 1305 786 sed
1323 760 1428 794 insigne
1446 760 1524 794 plane
1539 759 1680 794 templum,
1699 759 1846 785 Thessalo—

1060 805 1127 832 nicm
1151 806 1206 838 jam
1234 806 1278 831 diu
1294 812 1356 832 ante
1379 805 1494 832 Joannis
1519 804 1774 831 Thessalonicensis
1800 811 1845 829 ar-

1060 851 1238 885 chiepiscopi,
1255 852 1313 885 qui,
1342 856 1369 877 ut
1385 858 1468 884 supra
1485 851 1578 883 docui,
1596 850 1695 876 seculo
1725 851 1843 884 septimo

226 904 321 926 sancto
348 899 487 926 Demetrio
515 900 595 931 dixit,
625 907 685 926 sese
717 905 790 931 tunc,
816 908 877 926 cmn
910 901 1007 927 festiva
1025 897 1160 928 llﬂuruil.
1177 903 1283 924 mutem
1309 898 1446 924 exsﬁtisse
1479 904 1510 923 ex
1532 897 1565 923 iis
1584 905 1644 931 quin
1668 896 1712 923 bic
1726 896 1845 930 scriptor

226 947 286 979 eius
314 946 358 972 lux
384 951 522 980 ageretur,
537 946 638 973 dixis~e
653 947 686 972 ah
700 947 759 977 ipso
778 947 867 973 statim
883 947 945 973 dicti
962 955 1010 973 en-

229 992 309 1018 comii
325 992 402 1018 initio
420 992 533 1021 iudicat,
552 993 588 1019 ita
606 992 670 1018 illud
690 1000 821 1018 exorsus:
842 993 958 1026 Μνήμην
971 992 1010 1018 δι-

227 1037 312 1063 καίων
323 1037 380 1070 μετ’
391 1038 534 1070 ἐγκωμίων
547 1038 680 1063 ποιεῖσθαι
693 1038 823 1072 Salapia»:
833 1038 1010 1064 συνεδθὺλευ-

228 1092 284 1113 σεν,
300 1083 326 1109 id
342 1088 395 1114 est,
408 1093 416 1108 ι
440 1084 600 1110 Sanctorum
624 1085 783 1110 memoriam
800 1092 862 1111 cum
877 1085 1011 1111 ein-oniiis

228 1129 377 1159 celebrare.
407 1130 535 1156 Salomon
569 1129 668 1156 suasit.
687 1139 695 1154 ι
714 1130 814 1156 Adluee
840 1130 937 1156 ciborii
963 1138 1011 1156 seu

227 1175 321 1202 altaris
350 1176 501 1203 umbraculi
523 1177 690 1206 incendium,
721 1176 790 1210 quod
810 1176 1010 1202 Miracularum

228 1222 275 1248 lib.
294 1230 312 1253 ι,
336 1230 397 1256 cap.
419 1223 460 1251 l2,
488 1221 581 1252 refert,
597 1222 737 1256 aliquanto
756 1223 886 1254 temporis
902 1223 1002 1256 spatio,

235 1272 381 1301 antequam
402 1268 426 1294 id
444 1268 540 1294 litteris
560 1268 660 1294 ibidem
678 1268 828 1299 mandaret,
850 1269 906 1302 ipsa
935 1275 1011 1295 saera

231 1314 320 1340 sancti
347 1313 476 1340 Demetrii
497 1313 568 1344 luce.
597 1314 758 1348 quotannis,
783 1319 811 1340 ut
831 1314 877 1346 ait,
901 1314 946 1340 die
975 1314 1011 1340 26

226 1357 352 1386 Octobris
370 1359 499 1386 Celebrari
531 1364 589 1386 tum
610 1359 700 1389 solita,
728 1360 854 1386 evertisse
881 1360 1011 1391 declarat,

228 1411 314 1438 eaque
330 1405 426 1431 eodem
441 1404 501 1431 loco
517 1405 650 1438 adiungit,
675 1413 689 1431 e
713 1406 811 1438 quibus
827 1405 918 1432 Sancti
936 1406 1012 1433 festi-

227 1450 340 1476 vitatem
360 1457 413 1475 non
435 1457 489 1475 uno
519 1450 650 1476 duntaxat
675 1451 718 1476 die
731 1449 931 1477 Thessalonica:
948 1457 1011 1479 ItlllC

226 1495 340 1522 durasse
366 1495 549 1529 intelligitur;
565 1501 593 1521 ιιι
605 1503 682 1527 sane,
696 1496 760 1530 quin
787 1496 903 1524 Sanctus
927 1497 1009 1523 Joan-

227 1540 271 1567 nis
299 1541 552 1568 'l‘hcssalonicensis
573 1546 655 1567 arlale
674 1549 720 1568 seu
752 1542 853 1568 saeculo
881 1543 1009 1577 septimo,

227 1586 283 1613 imo
294 1586 387 1616 etiam,
406 1593 468 1612 cum
501 1586 604 1612 dictum
623 1585 780 1612 incendium
807 1586 907 1613 eteculo
933 1591 1010 1612 sexto

225 1639 272 1658 aut
285 1631 424 1666 sequentis
437 1631 527 1664 initio,
540 1633 578 1658 uti
592 1632 618 1657 in
636 1632 780 1658 Adnotatis
790 1640 850 1666 cap.
862 1640 923 1658 mox
939 1633 974 1658 dir
985 1637 1012 1658 to

226 1677 376 1704 subdendis
388 1678 504 1709 docebo,
519 1677 653 1707 everterit,
673 1677 772 1704 saeculo
789 1683 866 1703 sexto
881 1678 954 1704 cultu
967 1686 1012 1703 ec-

225 1723 381 1750 clesiastico
401 1723 481 1756 plane
505 1722 608 1756 insigni
626 1721 707 1748 fuerit
728 1722 852 1750 affectus.
873 1724 945 1748 nulla
967 1731 1011 1749 ra.

225 1769 302 1796 tione
322 1768 513 1802 ambigendum
538 1768 584 1793 sit.

263 1811 308 1836 74.
325 1810 424 1837 Verum
439 1819 529 1837 nonne
540 1811 621 1837 etiam
635 1816 698 1838 ante
710 1811 839 1838 sarculum
853 1817 957 1838 scxtum
975 1812 1010 1839 ita

227 1855 347 1883 Sanctus
375 1857 402 1882 in
432 1857 544 1883 civitate
574 1865 622 1884 sua
651 1858 736 1884 natali
763 1859 891 1884 honorari
911 1859 1011 1892 coepit?

225 1902 390 1936 Antequam,
407 1910 466 1936 qum
484 1910 543 1929 mea
560 1903 610 1930 bac
632 1904 665 1930 de
679 1912 706 1930 rc
724 1905 759 1930 sit
776 1904 877 1938 opinio,
894 1905 1010 1938 edicam,

225 1948 358 1973 nonnulla
372 1947 572 1981 adhucjuverit
589 1949 764 1982 praemisisse.
783 1949 878 1975 .IEdt-m
903 1957 1008 1975 sacram

224 1999 320 2019 sancto
346 1993 483 2020 Demetrio
504 1993 718 2025 Thessalonicae,
735 2003 796 2021 ctnn
816 2003 923 2021 sacrum
951 1996 1010 2029 ejus

226 2045 326 2071 corpus
343 2041 394 2066 sub
411 2044 483 2066 terra
501 2040 660 2074 aliquandiu
677 2040 821 2074 jacuisset,
844 2049 857 2066 a
887 2041 1008 2071 Leontio,

225 2083 322 2118 lllynci
344 2085 481 2118 pnefccto,
499 2094 532 2112 eo
562 2086 621 2120 ipso
645 2094 698 2120 quo
730 2091 807 2113 terra:
828 2086 916 2113 fuerat
933 2096 1009 2113 man-

225 2131 316 2157 datum
349 2133 408 2158 loco
433 2132 516 2160 fuisse
536 2139 712 2166 exstructam,
731 2134 909 2160 Anastasiaua
929 2135 1010 2160 simul

225 2180 253 2201 et
267 2175 399 2203 Photiaua
419 2178 511 2205 Sancti
530 2179 622 2206 Passio
638 2180 852 2206 lu-statumfavit.
873 2180 1009 2207 Po~terio-

1061 945 1198 972 meruerim
1219 944 1306 978 prodit
1321 944 1501 970 indubitatum
1522 949 1573 970 est.

1097 989 1142 1016 75.
1158 989 1270 1015 Etenim
1285 989 1312 1015 in
1334 989 1509 1023 panegyrica,
1529 995 1610 1022 quarti
1630 987 1802 1014 Prmfationis
1816 987 1844 1013 in

1062 1035 1170 1062 modum
1189 1035 1244 1067 (adi
1271 1043 1347 1062 num.
1363 1035 1389 1069 4)
1406 1035 1521 1061 narratis
1537 1042 1551 1060 a
1577 1042 1605 1060 se
1623 1033 1761 1060 miraculis
1776 1040 1844 1067 pra:-

1063 1082 1156 1113 mittit,
1186 1082 1312 1108 oratione
1331 1082 1364 1108 dc
1384 1082 1483 1116 primo,
1498 1081 1571 1115 quod
1581 1081 1692 1115 iamiam
1710 1080 1846 1106 relaturus

1062 1133 1113 1159 est.
1141 1128 1273 1154 miraculo
1303 1128 1330 1154 in
1360 1128 1454 1154 codice
1476 1127 1539 1153 olitn
1558 1126 1732 1157 Mazarinzeo,
1762 1133 1845 1160 supra

1062 1175 1211 1209 smpissime
1224 1175 1344 1206 laudato,
1358 1182 1419 1208 pag.
1434 1175 1465 1200 Π
1481 1181 1557 1200 versa
1571 1178 1598 1200 et
1613 1180 1688 1206 seqq.
1708 1172 1743 1198 ita
1756 1172 1846 1205 loqui-

1065 1227 1125 1249 tur:
1147 1222 1173 1247 ’Λ
1179 1221 1323 1255 κούσωμεν
1331 1220 1432 1251 τοίνυν,
1444 1221 1468 1246 εξ
1477 1220 1560 1248 δοκεῖ,
1574 1219 1642 1253 μετὰ
1651 1218 1791 1248 συντονίας
1799 1218 1846 1243 καὶ

1062 1267 1235 1299 κατανύξεως
1259 1267 1368 1301 πρώτου
1396 1265 1472 1292 τοῦδε
1500 1265 1546 1290 τοῦ
1572 1265 1726 1299 θαύματος,
1754 1264 1768 1290 ὅ
1792 1264 1846 1301 καὶ

1063 1313 1178 1343 πολλοὺ;
1204 1311 1282 1347 ὑμῶν
1306 1313 1457 1345 πέπεισμαι
1472 1311 1510 1346 μὴ
1526 1312 1633 1344 ἀγνοεῖν
1653 1311 1698 1336 διὰ
1716 1310 1747 1336 τὺ
1768 1309 1846 1344 περε-

1063 1367 1163 1391 φαντον
1178 1359 1206 1384 ὲν
1230 1358 1279 1393 ὅλῃ
1303 1359 1336 1392 τῇ
1360 1357 1514 1392 Μακεδονίᾳ
1536 1357 1583 1382 καὶ
1606 1358 1639 1390 τῇ
1664 1356 1847 1390 βασιλευούσῃ

1064 1404 1140 1429 πόλει
1158 1404 1310 1437 γεγονέναι,
1335 1404 1382 1428 καὶ
1405 1403 1485 1438 μέχρι
1508 1402 1556 1428 νῦν
1572 1402 1682 1437 ᾄδεσθαι
1698 1403 1774 1436 παρὰ
1790 1402 1846 1431 toi;

1062 1450 1190 1476 ἁπάντων
1210 1448 1326 1482 στόμασι
1350 1448 1452 1475 παίδων
1475 1449 1507 1474 ὲκ
1534 1448 1660 1482 πατέρων
1675 1447 1847 1482 παρειληφό-

1062 1503 1116 1520 των
1130 1494 1179 1526 τὴν
1195 1494 1297 1528 ἐναργῆ
1329 1494 1375 1519 τοῦ
1407 1493 1544 1528 μάρτυρος
1571 1495 1616 1519 καὶ
1641 1493 1846 1525 ἀπροσδόκητον

1064 1539 1296 1574 θαυματουργίαν.
1307 1539 1372 1570 Quae
1389 1539 1481 1566 Graeca
1492 1539 1573 1566 verba
1582 1539 1617 1566 ita
1629 1544 1726 1566 sonant
1737 1538 1844 1565 Latine:

1066 1595 1074 1610 ι
1091 1585 1239 1612 Audiamus
1257 1586 1350 1620 igitur,
1362 1585 1383 1611 si
1400 1585 1495 1619 placet,
1513 1593 1574 1611 cum
1592 1584 1675 1610 animi
1693 1584 1845 1610 attentione

1063 1629 1143 1655 simul
1162 1633 1189 1655 et
1215 1633 1426 1663 compuncttonc
1450 1628 1567 1662 primum
1585 1629 1649 1655 illud
1673 1629 1845 1660 miraculum,

1063 1674 1136 1707 quod
1156 1679 1276 1700 vestrum
1294 1674 1404 1704 multos.
1424 1674 1469 1708 qui
1484 1675 1511 1700 in
1537 1679 1590 1701 tota
1616 1674 1772 1701 Macedonia
1794 1675 1846 1700 im-

1065 1724 1230 1753 perantequc
1247 1720 1358 1746 civitate
1374 1720 1420 1753 (ita
1435 1720 1521 1746 (ἓν.ρεί
1548 1720 1697 1754 scriptores
1711 1721 1845 1746 Constan-

1064 1765 1206 1799 tinopolim
1235 1766 1335 1798 passim
1356 1766 1504 1800 appellant)
1521 1767 1693 1793 notissimum
1713 1771 1765 1797 est.
1785 1775 1844 1793 om-

1064 1811 1194 1844 niumque
1211 1819 1268 1842 ore,
1296 1819 1310 1838 c
1331 1812 1453 1846 patribus
1482 1821 1529 1847 per
1546 1813 1614 1839 filios
1629 1812 1747 1839 evidenti
1769 1813 1846 1839 inex-

1063 1861 1238 1890 spectataque
1255 1857 1382 1891 martyris
1396 1858 1535 1891 (Demetrii
1553 1858 1689 1893 videlicet)
1721 1858 1844 1885 miraculi

1063 1903 1216 1936 patratione
1232 1902 1336 1934 audita,
1355 1903 1379 1928 in
1398 1911 1518 1937 praesens
1539 1912 1624 1938 usque
1642 1911 1749 1938 tempus
1770 1904 1844 1931 cele-

1062 1949 1165 1978 bratur.
1184 1956 1236 1975 non
1266 1949 1390 1982 ignorare
1406 1950 1544 1976 existimo.
1570 1960 1579 1975 ι
1600 1950 1628 1976 ln
1646 1950 1730 1984 hujus
1753 1955 1844 1977 autem

1063 1995 1197 2025 miraculi,
1213 1995 1283 2028 quod
1300 1995 1488 2021 Hiraculorum
1502 1996 1660 2022 edendorum
1677 1996 1724 2023 lib.
1748 2005 1766 2026 l,
1780 2005 1844 2030 cap.

1064 2041 1075 2067 1
1095 2041 1187 2071 refert,
1200 2042 1325 2075 quodque
1344 2041 1377 2067 de
1400 2042 1548 2075 de.perat:n
1564 2042 1688 2068 sanitatis
1705 2042 1843 2076 praefecto,

1063 2086 1183 2113 Mariano
1219 2095 1327 2121 nempe.
1354 2087 1447 2114 Grmce
1464 2087 1529 2121 περὶ
1560 2088 1606 2114 τοῦ
1625 2090 1843 2119 ἀπελπισθέντας

1062 2134 1183 2167 ἐπάρχου
1200 2133 1336 2165 inscribit,
1353 2134 1513 2161 narratione
1532 2135 1647 2169 insignis
1675 2136 1755 2170 plane
1775 2141 1845 2162 tem-

1062 2178 1196 2212 pli,quod
1226 2178 1436 2210 Thessalonica},
1464 2179 1527 2206 dmn
1556 2185 1695 2207 narratum
1714 2182 1746 2207 ab
1771 2182 1843 2207 eoin

226 2221 264 2247 ris
277 2222 359 2257 hujus
371 2223 626 2257 lncubratiuncnlm,
641 2233 655 2252 a
666 2233 719 2259 qua
733 2226 806 2260 prior
818 2226 844 2251 in
858 2225 1010 2252 substantia
1028 2234 1048 2260 [ι
1064 2223 1185 2250 Mariano
1213 2225 1342 2258 praefecto
1370 2229 1524 2259 patrare-tur
1554 2227 1728 2259 miraculum,
1749 2231 1844 2253 sancto

225 2267 296 2294 baud
326 2269 458 2300 dis-sonat,
489 2271 572 2297 verba
602 2271 655 2298 huc
679 2271 830 2305 spei-tantia
847 2271 903 2298 haec
923 2277 1004 2298 sunt:

226 2323 236 2338 ί
251 2314 366 2347 Quidam
386 2323 450 2342 vero
465 2315 595 2342 Leontius
613 2317 654 2343 vir
671 2317 742 2351 pius,
759 2321 852 2350 postea
867 2317 1009 2350 praefectu-

224 2367 293 2388 ram.
312 2368 363 2393 qua
380 2360 515 2396 Illyricum
548 2363 760 2392 administravit,
780 2363 903 2396 adeptus.
920 2363 1008 2390 locum

223 2406 348 2439 expiatis,
362 2406 388 2432 in
405 2415 459 2440 quo
493 2408 582 2434 sancti
600 2409 727 2442 martyris
740 2409 861 2442 reliquia:
877 2409 1009 2443 conquie-

223 2457 331 2482 verant,
361 2457 388 2479 et
403 2454 550 2487 ampliaus,
581 2455 710 2481 excitavit
738 2455 869 2488 templum
887 2462 922 2481 eo
948 2455 1008 2482 loco

224 2500 347 2534 martyri,
373 2490 520 2526 dommune
545 2501 762 2535 propitiatorinm
789 2506 816 2528 et
844 2502 1006 2536 perfugiunt,

223 2552 278 2572 non
289 2545 491 2574 Thessalonicae
502 2547 600 2580 solum,
611 2548 658 2574 sed
671 2552 698 2574 et
707 2549 834 2575 omnibus
845 2549 978 2576 finitimis.
997 2558 1006 2574 ι

222 2591 336 2623 Verum,
367 2597 397 2619 ut
420 2601 474 2627 quo
503 2597 627 2627 tempore
659 2594 685 2620 id
704 2594 805 2620 factum
829 2595 1009 2621 verosimilius

222 2634 305 2662 fuerit
333 2637 506 2669 deliniamus,
541 2638 568 2664 in
598 2638 693 2666 codice
722 2638 925 2669 Theodosiano,
947 2647 1007 2665 cum

223 2678 385 2708 Gothofredi
398 2682 612 2709 Commentariis
624 2691 696 2710 anno
707 2683 774 2710 1665
788 2683 912 2717 Lugduni
923 2684 1006 2715 edito,

223 2729 290 2753 tom.
312 2726 353 2758 Vl,
372 2735 432 2762 pag.
452 2729 503 2757 569
520 2729 660 2762 Leontius,
679 2730 725 2764 qui
743 2737 815 2756 anno
835 2730 887 2756 «ll?
914 2735 940 2756 et
958 2730 1009 2756 415

223 2769 323 2805 Illyrici
353 2774 498 2807 praefectus
517 2774 579 2807 fuit,
598 2780 775 2802 memoratur.
808 2775 909 2807 Quare.
946 2783 1008 2801 cum

225 2814 356 2846 Leontius
369 2819 449 2851 alter,
477 2819 577 2855 lllyrici
595 2820 751 2854 praefectus,
780 2820 836 2851 cui,
852 2820 925 2854 quod
940 2821 1008 2846 rcci-

225 2861 290 2888 tatis
315 2863 403 2890 Photii
421 2865 512 2893 verbis
546 2871 683 2899 narratur,
703 2866 849 2894 convenire
867 2866 962 2899 possit,
981 2865 1006 2892 in

1063 2270 1200 2296 Demetrio
1215 2278 1323 2297 sacrum
1338 2271 1483 2301 exstiterit.
1499 2272 1558 2298 loco
1584 2279 1638 2298 non
1658 2280 1711 2297 uno
1725 2272 1842 2298 mentio-

1061 2323 1123 2342 nem
1143 2315 1216 2342 facit.
1234 2315 1324 2348 Quare
1341 2324 1403 2343 cum
1431 2318 1593 2343 miraculum
1619 2318 1691 2344 istud
1708 2318 1753 2343 ditt
1781 2322 1843 2343 ante

1061 2366 1170 2388 aetatem
1191 2369 1268 2388 suam
1299 2363 1429 2389 accidisse
1457 2371 1505 2397 per
1534 2364 1615 2390 verba
1634 2364 1757 2398 proxime
1776 2365 1845 2390 rer-i-

1062 2412 1116 2434 tata
1153 2407 1280 2440 Joannes,
1319 2408 1571 2436 Thessalonicensis
1608 2410 1843 2444 archiepiscopus,

1061 2454 1277 2481 luculentissime
1293 2454 1399 2486 doceat,
1424 2456 1624 2483 consectarium
1642 2461 1694 2486 est.
1712 2462 1740 2483 ut
1755 2462 1782 2483 et
1797 2457 1843 2483 diu

1061 2504 1123 2525 ante
1145 2500 1214 2526 hanc
1232 2508 1262 2526 ac
1277 2500 1355 2533 proin
1380 2505 1444 2527 ante
1459 2501 1590 2528 smculnm
1607 2510 1653 2530 vtt.
1679 2510 1733 2536 quo
1751 2511 1781 2528 ex
1800 2503 1843 2528 di-

1061 2546 1112 2571 ctis
1128 2545 1150 2571 is
1165 2553 1188 2571 S(
1196 2545 1280 2579 riptor
1295 2546 1397 2576 lloruit,
1426 2546 1628 2574 Thessalouiem
1649 2548 1755 2582 ingens,
1772 2547 1843 2579 quod

1061 2597 1155 2617 sancto
1172 2591 1309 2617 [tcinetrio
1324 2599 1433 2618 sacrum
1449 2599 1533 2626 esset,
1552 2594 1683 2628 templum
1694 2595 1749 2628 jam
1763 2593 1844 2620 fuerit

1061 2641 1240 2663 exstructum.

1096 2681 1138 2707 76.
1153 2681 1186 2708 At
1196 2689 1270 2713 vero,
1281 2681 1397 2716 inquies,
1412 2683 1582 2715 miraculum,
1598 2685 1625 2711 in
1639 2684 1760 2711 Mariano
1776 2693 1843 2719 prm-

1062 2726 1132 2754 fccto
1148 2729 1233 2754 sancti
1258 2729 1386 2755 Demetrii
1412 2731 1565 2763 patrocinio
1590 2736 1744 2764 patratum,
1771 2731 1843 2765 apud

1062 2773 1259 2805 Mabillouium,
1280 2774 1376 2801 tom.l
1406 2775 1592 2802 Analeclorum
1616 2783 1752 2808 veterum,
1780 2785 1843 2811 pag.

1061 2819 1090 2844 71
1106 2824 1133 2845 et
1147 2819 1220 2846 binis
1231 2828 1306 2854 seqq.
1320 2822 1401 2847 etiam
1416 2827 1507 2848 narrat
1521 2822 1680 2849 Anastasius
1694 2822 1844 2849 Bibliothe-

1061 2865 1160 2898 carius,
1173 2869 1296 2900 tumque,
1323 2874 1384 2894 cum
1399 2867 1465 2895 illud
1483 2868 1584 2901 evenit,
1607 2869 1711 2902 insigne
1726 2868 1843 2896 Thcssa-
