2049 3151
181 159 250 192 1125

659 157 688 187 S.
708 156 904 187 DEMETRII
918 157 1119 187 MARTYRIS
1138 157 1245 188 ACTA.

1740 156 1808 190 1126

179 218 275 246 Ionica:
299 215 431 250 templum
458 218 555 242 sancto
577 214 717 242 Demetrio
740 214 862 242 nondum
880 214 965 242 fuisse
980 217 1002 246 Α
1017 215 1122 246 scribit.
1139 215 1274 242 ciboriutn
1291 223 1339 244 seu
1358 217 1410 251 (adi
1433 218 1465 244 ad
1484 218 1556 245 hanc
1574 225 1667 245 vocem
1685 219 1712 244 in
1729 218 1808 246 ειυς.

179 266 359 293 exstructum.
376 269 430 287 non
446 261 564 288 obscure
582 261 686 288 innuit.
701 261 808 291 Fateor.
825 261 864 288 sic
877 260 969 287 habet.

180 309 288 336 Etenim
313 307 475 334 Anastasius
502 307 563 334 loco
581 307 669 334 citato
694 307 731 334 ita
756 306 875 334 scribit:
897 316 906 332 (
924 306 972 333 llis

179 355 260 382 dictis
274 353 420 381 confestim
445 353 606 388 (Marianus)
623 361 722 380 somno
744 352 892 387 corripitur
916 360 971 386 pra:

180 401 275 428 dolore
293 404 319 427 et
336 400 468 432 tristitia;
483 400 528 434 qui
546 407 607 427 cum
624 399 822 430 obdormisset,
846 398 971 433 apparuit

180 447 206 474 ei
221 447 316 473 beatus
339 445 496 473 Demetrius
511 446 606 473 dicens
625 455 630 472 :
647 444 735 479 Surge
759 449 785 472 ct
807 445 893 472 servis
914 446 970 472 tuis

179 494 297 528 impera,
311 493 384 528 quod
401 491 568 520 te‘deferant
583 495 609 519 in
624 492 733 519 domum
752 491 891 523 Demetrii;
908 499 969 518 nam

179 538 230 568 ibi.
247 539 361 572 juvaute
378 538 444 570 Deo,
461 537 578 572 recipies
591 537 747 564 sanitatem.
769 536 894 571 Cumque
914 536 967 563 evi-

178 584 269 620 gilans
285 592 299 611 a
314 584 554 611 circumstantibus
570 583 681 610 domum
701 583 828 610 Demetrii
843 583 969 618 martyris

179 630 345 663 requireret,
362 629 402 656 ait
414 629 522 664 quidam
538 638 544 656 :
564 628 612 655 Esi.
628 628 724 655 domus
738 628 869 655 vilissima
886 636 969 663 prope

179 675 313 708 stadium,
335 677 362 702 in
383 682 435 710 qua
451 675 546 702 dicunt
558 675 649 709 jacere
665 674 842 706 Demetrium,
859 675 905 709 qui
917 675 968 701 du-

176 720 245 748 dum
264 722 365 749 lanceis
384 721 544 748 interfectus
560 727 602 748 est
614 721 691 757 jussu
707 721 863 748 Maximiani
881 722 969 755 impe-

177 767 291 794 ratoris.
307 767 376 794 Tum
396 767 439 794 ille
454 776 460 794 :
478 767 546 794 llluc
563 775 605 794 tne
628 766 697 794 ferte
708 788 714 799 ,
731 767 795 801 quia
811 767 837 793 in
851 767 910 794 visu
926 766 969 793 di-

177 817 254 838 ctum
271 817 311 839 est
329 812 408 845 mihi,
427 813 481 840 illic
497 813 643 840 sanitatem
664 820 707 839 me
729 819 809 846 posse
831 812 966 846 recip-are.

176 858 257 885 Tunc
281 858 373 884 famuli
398 858 519 885 tulcrttnt
537 859 677 885 dominum
708 866 801 890 suum,
827 857 873 884 ubi
897 857 967 892 jussi

1023 261 1097 288 sario
1115 261 1259 295 Cangium)
1284 262 1412 288 eductum
1433 263 1460 289 in
1484 263 1648 298 fastigiatam
1672 263 1807 295 formam,

1023 307 1074 334 sub
1091 315 1145 341 quo
1160 307 1248 334 sancti
1265 307 1395 334 Demetrii
1413 316 1512 342 corpus
1530 310 1702 336 reconditum
1717 312 1808 341 jacere

1022 353 1196 385 credebatur,
1212 353 1305 380 altaris
1322 354 1514 388 umbrticulum
1537 362 1567 382 ex
1583 360 1697 390 argento
1710 355 1807 383 confe-

1022 405 1096 426 ctum
1123 399 1261 426 exstitisse
1282 399 1385 426 scribit.
1401 399 1468 432 Quis
1483 407 1548 425 vero
1559 401 1708 432 existimet,
1723 401 1764 427 vel
1778 401 1807 427 in

1022 445 1262 472 Thessalonicensi
1295 445 1370 474 aede.
1403 453 1495 472 sacras
1521 445 1649 472 Demetrii
1679 447 1808 481 reliquias

1021 493 1192 524 continente,
1210 491 1238 519 in
1258 499 1339 526 quam
1356 492 1492 518 Marianos
1508 493 1598 519 illatus
1622 493 1683 525 fuit,
1705 495 1807 528 pretiu-

1021 545 1082 565 sum
1096 539 1250 574 huiusmodi
1262 544 1454 565 ornamentum
1472 538 1591 565 futurum
1607 539 1701 570 fuisse.
1717 540 1758 566 vel
1773 540 1805 566 de

1020 591 1051 611 ea
1062 583 1195 610 Joannem
1208 583 1481 611 Thessalonicensem
1494 589 1546 610 tam
1559 584 1712 618 magnifice,
1726 586 1762 616 nu
1772 592 1806 611 ex

1021 630 1100 656 dictis
1116 630 1188 661 facit,
1203 630 1369 661 locuturum,
1383 630 1405 656 si
1426 630 1488 657 vilis
1501 631 1644 659 duntaxat.
1659 630 1714 657 imo
1731 631 1808 657 vilis-

1020 676 1099 706 sima,
1115 676 1205 710 qualis
1223 676 1362 702 exstitisse
1379 676 1413 702 ab
1429 675 1574 703 Anastasio
1593 676 1732 708 innuitur,
1759 677 1804 704 do-

1021 729 1082 749 mus
1098 721 1214 749 fuisset?
1229 722 1288 749 Jam
1303 729 1369 749 vero
1385 729 1448 748 cum
1465 721 1522 749 haec
1536 722 1572 748 ita
1593 722 1724 754 habeant,
1741 724 1807 757 quin

1018 767 1073 802 jam
1094 772 1168 799 tum.
1191 775 1253 794 cum
1284 773 1421 802 patratum
1450 768 1477 794 in
1504 767 1625 795 Mariano
1647 769 1806 795 miraculum

1019 812 1128 845 accidit,
1144 812 1249 847 insigne
1266 812 1409 847 templum,
1426 818 1521 839 sancto
1532 813 1670 840 Demetrio
1699 821 1806 840 sacrum

1019 858 1220 885 Thessalonica:
1235 858 1379 888 exstiterit,
1396 858 1576 885 dubitandum
1593 866 1648 885 non
1666 864 1718 886 est.

178 906 298 936 fuerant,
320 909 348 931 et.
369 904 452 939 jussit
469 912 498 932 se
515 912 618 939 ponere
644 905 816 932 solummodo
838 905 864 931 in
891 904 964 939 pavi
984 913 1004 940 Β
1053 905 1098 932 78.
1116 905 1142 932 Id
1155 913 1236 940 porro
1249 905 1378 932 eJoanne
1393 905 1546 937 Stauracio,
1571 904 1807 933 'l'ltessaloniccnsi

177 956 282 978 mento.
299 951 423 985 Cumque
437 951 552 984 jaceret,
567 959 664 978 somno
681 952 771 979 subito
784 952 926 986 arripitur,
940 956 968 978 et

178 1005 245 1025 ecce
264 998 359 1024 beatus
386 998 541 1024 Demetrius
555 999 653 1024 iterum
668 998 793 1033 apparuit
810 999 834 1025 ei
850 998 967 1025 dicens:

179 1043 230 1070 Per
245 1050 287 1069 me
307 1043 398 1070 sanari
419 1048 507 1078 potes,
523 1044 569 1071 sed
587 1044 661 1075 time,
681 1052 715 1071 ne
733 1044 803 1071 forte
819 1049 879 1078 post
895 1044 969 1071 sani-

178 1093 263 1116 tatetn
280 1089 353 1116 curis
371 1089 454 1124 hujus
471 1090 565 1117 mundi
579 1095 604 1117 te
617 1090 751 1125 implices.
764 1090 797 1117 At
811 1090 946 1117 Marianus
960 1098 966 1116 :

177 1135 220 1162 Tu
241 1136 309 1167 scis,
333 1135 456 1168 domine,
486 1136 549 1171 quia
583 1144 721 1171 nunquam
742 1137 795 1164 hoc
824 1137 887 1172 egi,
916 1144 968 1163 nec

177 1189 260 1216 agere
276 1182 367 1216 cupio.
384 1183 417 1209 Et
433 1183 476 1210 ille
495 1183 642 1211 :Christus
666 1189 691 1211 te
711 1190 800 1215 sanat,
824 1184 869 1218 qui
887 1183 968 1218 erigit

179 1228 274 1255 elisos.
291 1229 466 1264 l-Ztevigilans
485 1230 622 1258 Mariauus
645 1232 728 1266 coepit
747 1239 859 1258 narrare
877 1231 968 1258 visio-

179 1283 254 1305 nem.
275 1283 391 1310 cumque
407 1276 439 1302 ad
456 1276 508 1303 hoc
524 1281 638 1303 ventum
659 1277 773 1310 fuisset,
800 1277 845 1304 ubi
867 1282 968 1313 martyr

179 1321 248 1347 dixit
263 1329 270 1348 :
285 1321 411 1349 Christus
427 1327 452 1349 te
473 1327 568 1355 sanat,
591 1323 636 1358 qui
657 1323 739 1358 erigit
758 1323 858 1356 elisos,
885 1331 968 1350 sanus

178 1361 300 1394 surrexi?
319 1369 419 1402 gratias
430 1376 514 1403 agens
536 1368 590 1396 Deo
606 1376 667 1396 cum
690 1369 829 1401 omnibus,
846 1369 891 1403 qui
913 1370 968 1397 illic

177 1413 304 1439 aderant.
326 1423 335 1438 ι
359 1413 426 1441 Cum
441 1418 531 1442 alitem
550 1415 678 1442 Demetrii
696 1415 824 1451 martyris
840 1416 966 1448 domum,

177 1458 206 1485 in
223 1466 275 1493 qua
293 1459 386 1486 Sancti
402 1461 486 1487 nostri
504 1468 614 1494 corpus,
634 1469 695 1488 cum
719 1462 827 1489 delatus
843 1463 875 1488 ad
894 1462 966 1489 illam

176 1504 316 1532 Marianus
333 1508 480 1533 sanitatem
498 1506 580 1540 hujus
605 1508 755 1540 patrocinio
773 1509 964 1543 recuperavit,

174 1550 285 1585 jaccbat
310 1552 494 1583 recomlitutn,
522 1550 679 1580 vilissimum
695 1553 739 1580 hic
759 1553 893 1587 appellet,
913 1560 963 1580 nec
977 1570 998 1598 ο

177 1601 234 1622 tum
257 1595 461 1625 Thessalonicae
491 1598 589 1625 domus
615 1599 677 1630 alia.
708 1603 803 1626 sancto
826 1599 963 1626 Demetrio

175 1643 290 1678 martyri
309 1650 399 1676 sacra,
413 1651 495 1678 quam
514 1644 540 1671 in
556 1652 608 1679 qua
634 1652 741 1672 sacrum
763 1645 844 1680 hujus
864 1653 965 1679 corpus

173 1688 283 1723 iacebat.
297 1690 480 1724 reconditum,
497 1691 643 1723 exstiterit,
671 1691 776 1726 insigne
800 1699 867 1718 sane
893 1698 965 1718 tem-

173 1736 264 1770 ΡΙυηῖν
278 1737 351 1771 quod
365 1737 503 1766 Demetrio
523 1746 630 1766 sacrum
652 1743 724 1766 es~et
736 1759 743 1771 ,
761 1738 966 1766 Thessalonica:

174 1785 300 1812 rondum
314 1785 397 1813 fuisse
413 1792 478 1813 tunc
494 1792 677 1818 exstructum,
694 1787 721 1813 in
738 1787 895 1814 narratione
911 1786 965 1813 huc

175 1830 351 1865 transcripta,
369 1830 394 1857 in
410 1838 462 1865 qua
480 1837 620 1866 pra'tcrea,
635 1840 715 1866 quam
731 1831 809 1866 longa
827 1836 878 1863 cst,
898 1831 964 1857 nihil

174 1877 258 1911 plane
277 1877 351 1904 unde
365 1877 439 1904 aliud
455 1878 595 1912 suspicere
606 1877 774 1912 suppeditat,
792 1878 857 1904 satis
870 1882 963 1912 aperte

174 1923 292 1951 indicat.

209 1970 257 1996 77.
283 1968 385 1996 Verum
407 1970 524 2004 ipsemet
552 1969 683 2001 Joannes,
707 1969 964 1998 Thessalonicensis

173 2023 212 2042 ar-
224 2014 410 2049 hicpiscopus,
426 2015 471 2048 qui
490 2015 650 2040 miraculum
663 2014 734 2041 istud
750 2015 847 2042 litteris
859 2016 963 2050 primus

175 2061 326 2091 mandavit,
345 2060 536 2087 Miraculorum
558 2061 716 2087 edendorum
741 2061 787 2087 lib.
807 2068 832 2090 I.
854 2069 914 2095 cap.
936 2061 963 2093 l,

175 2102 449 2133 Thessalonicensem
476 2106 564 2133 sancti
580 2105 708 2133 Demetrii
722 2106 820 2138 autem,
839 2107 903 2133 dum
916 2106 961 2141 qui

174 2153 201 2178 in
221 2152 295 2178 hunc
316 2152 466 2178 Marianum
482 2153 635 2188 patrocinio
651 2153 736 2180 sancti
755 2153 881 2179 Demetrii
893 2172 900 2184 ,
916 2153 962 2188 qui

173 2199 196 2225 ci
225 2199 252 2225 in
281 2199 385 2225 somnis
411 2204 585 2233 apparuerat.
617 2199 727 2226 sanitati
759 2200 961 2226 restituendum

1018 951 1240 986 chartophylace,
1269 951 1316 985 qui
1345 951 1519 985 quandonam
1561 951 1693 984 ﬂoruerit,
1724 961 1807 987 supra

1019 995 1133 1025 edocui.
1163 1000 1302 1029 utcunque
1318 995 1506 1024 confirmatur.
1523 996 1629 1024 Etenim
1650 1002 1678 1024 et
1694 997 1738 1025 hic
1756 998 1808 1024 mi-

1019 1041 1140 1069 raculum
1157 1042 1184 1068 in
1200 1041 1321 1068 Mariano
1336 1046 1471 1077 patratum
1491 1042 1517 1069 in
1548 1051 1625 1070 suam
1643 1051 1725 1078 supra
1753 1052 1809 1071 me-

1020 1093 1153 1116 moratam
1170 1089 1203 1116 de
1223 1088 1310 1115 sancti
1332 1088 1460 1116 Demetrii
1483 1089 1623 1115 miraculis
1642 1090 1809 1117 lucubratio-

1020 1143 1081 1163 nem
1096 1135 1201 1167 intulit,
1219 1135 1377 1170 ibidemque
1396 1135 1422 1162 in
1441 1136 1538 1162 codice
1553 1141 1648 1163 nostro
1667 1137 1774 1170 signato
1789 1136 1809 1171 -ἶ-

1020 1190 1072 1209 ms.
1090 1182 1141 1209 195
1155 1183 1242 1210 sancti
1260 1182 1388 1210 Demetrii
1405 1183 1503 1215 tentem,
1521 1183 1548 1209 in
1562 1190 1644 1217 quam
1657 1182 1807 1214 Marianos,

1018 1229 1127 1256 sanitati
1144 1229 1339 1262 restituendus,
1358 1229 1409 1256 fuit
1421 1229 1538 1258 delatus.
1553 1228 1709 1264 ἀνάκτορον
1725 1230 1808 1257 adem

1019 1275 1119 1310 regiam
1138 1283 1185 1302 seu
1203 1275 1343 1302 basilicam
1357 1272 1485 1310 appellat.
1511 1274 1566 1302 Nec
1584 1280 1635 1308 est,
1658 1276 1730 1310 quod
1756 1284 1808 1303 nos

1021 1322 1062 1349 his
1078 1322 1192 1349 multum
1211 1327 1319 1350 moveat
1335 1321 1472 1349 Anastasii
1491 1321 1696 1350 Bibliotltecarii
1711 1328 1805 1350 aucto-

1019 1369 1096 1395 ritas.
1116 1369 1223 1395 Etenim
1238 1369 1438 1403 interpretatio,
1452 1376 1505 1403 qua
1517 1369 1549 1402 is,
1563 1375 1624 1403 qua
1637 1369 1671 1396 ad
1682 1375 1808 1397 sanctum

1021 1414 1186 1442 Demetrium
1201 1416 1273 1450 apud
1286 1415 1471 1442 Mabillonium
1489 1419 1555 1442 tom.
1570 1415 1581 1443 Ι
1605 1415 1726 1443 Veterum
1738 1424 1808 1443 ana-

1020 1462 1156 1494 lectorum,
1173 1469 1232 1496 pag.
1247 1462 1281 1488 65
1293 1467 1320 1488 et
1333 1461 1458 1496 pluribus
1471 1470 1561 1497 seqq..
1577 1467 1712 1497 spectant,
1727 1471 1742 1490 e
1754 1463 1807 1490 lin~

1019 1517 1070 1543 gua
1090 1507 1182 1535 Grzcca
1205 1509 1231 1534 in
1257 1507 1383 1535 Latinam
1411 1509 1559 1541 convertit.
1589 1509 1663 1536 omni
1694 1517 1809 1544 prorsus

1020 1554 1129 1583 mendo.
1145 1553 1202 1580 sive
1215 1554 1324 1580 interim
1340 1554 1365 1581 id
1383 1554 1498 1581 incuriae
1514 1555 1692 1589 imperitiaave
1709 1555 1794 1588 ipsius

1017 1603 1074 1625 met
1092 1599 1173 1632 hujus
1193 1599 1346 1634 scriptoris,
1362 1599 1419 1626 sive
1433 1599 1531 1632 Graeci,
1548 1600 1621 1634 quod
1634 1600 1698 1627 huic
1712 1600 1809 1634 praelu-

1017 1645 1097 1676 xcrit,
1113 1645 1276 1679 exemplaris
1293 1645 1412 1672 defectui
1429 1645 1622 1672 ascribcndum
1647 1646 1693 1677 sit,
1712 1653 1808 1673 carere

1017 1698 1071 1718 non
1089 1691 1207 1717 videtur.
1227 1689 1293 1717 Rem
1314 1698 1369 1717 uno
1389 1691 1509 1718 alterove
1523 1691 1649 1725 exemplo
1665 1691 1804 1726 probatam

1017 1738 1061 1764 do.
1079 1737 1184 1764 Auctor
1200 1744 1363 1772 anonymus.
1379 1738 1423 1772 qui
1441 1737 1533 1764 Sancti
1550 1738 1635 1764 nostri
1656 1737 1741 1764 Vitam
1756 1745 1804 1765 seu

1017 1783 1186 1815 Passionem,
1205 1783 1326 1810 secundo
1343 1783 1402 1810 loco
1417 1791 1431 1809 a
1446 1783 1525 1810 nobis
1536 1783 1683 1816 edendam,
1694 1784 1807 1811 concin-

1015 1829 1102 1861 navit,
1117 1832 1228 1856 narrato
1245 1828 1377 1856 Demetrii
1399 1829 1539 1864 martyrio,
1557 1828 1641 1856 fuisse
1664 1829 1741 1856 illum
1754 1831 1806 1856 sub

1016 1878 1124 1910 aggesta
1138 1874 1221 1901 humo
1233 1881 1248 1900 a
1263 1874 1428 1901 Christianis
1447 1874 1612 1908 quibusdam
1641 1875 1803 1902 tumulatum

1016 1920 1143 1952 affirmat,
1160 1928 1191 1947 ac
1204 1919 1302 1946 deinde
1317 1919 1475 1954 subjungit:
1495 1920 1592 1946 Οὐδενὶ
1608 1920 1636 1946 δὲ
1652 1920 1722 1954 μετά
1739 1921 1805 1946 ταῦ-

1015 1975 1049 1993 τπ.
1080 1967 1190 2001 φροντὶς
1218 1965 1326 1999 ἐγένετο
1357 1967 1532 2000 μετενεγκεῖν
1569 1965 1601 1992 τὸ
1633 1967 1712 2001 σῶμα
1755 1967 1803 1993 τοῦ

1015 2011 1104 2044 ἁγίου,
1119 2010 1177 2036 ἀλλ’
1191 2010 1298 2044 ἔμεινεν
1307 2010 1352 2036 ἐπὶ
1364 2011 1514 2044 σχήματος.
1530 2009 1610 2037 Hisce
1624 2015 1715 2037 autem
1728 2010 1803 2038 Grie-

1015 2058 1055 2084 cis
1070 2057 1160 2084 verbis
1173 2058 1318 2091 sequentia
1336 2057 1431 2083 isthtec
1447 2057 1518 2091 apud
1533 2056 1719 2084 Mabillonium
1735 2063 1803 2085 tom.

1014 2103 1204 2130 Analcc/orum
1227 2108 1341 2129 veterum
1354 2104 1401 2130 cit.
1419 2111 1480 2137 pag.
1497 2103 1541 2136 70,
1558 2103 1584 2129 in
1609 2104 1699 2130 Sancti
1717 2104 1803 2130 nostri

1016 2149 1074 2177 Vita
1100 2157 1148 2177 seu
1172 2149 1315 2180 Passionc,
1336 2148 1370 2175 ab
1389 2148 1535 2176 Anastasio
1555 2148 1653 2176 Latine
1671 2150 1776 2176 reddita
1792 2170 1800 2182 ,

1014 2195 1182 2230 respondent
1206 2203 1213 2221 :
1241 2203 1250 2219 ε
1270 2194 1341 2221 Nulli
1370 2200 1462 2221 autem
1488 2201 1549 2229 post
1571 2195 1630 2221 hazc
1655 2202 1729 2221 curm
1752 2195 1803 2222 fuit

173 2245 245 2272 servi
267 2245 421 2275 intulerint.
440 2246 577 2272 nictnoi'ize
595 2245 694 2280 prodit,
714 2245 873 2272 Πάνσεπτω
887 2247 961 2279 ναὸν,
979 2241 1000 2268 D
1016 2241 1164 2268 transferre
1186 2241 1377 2275 corpusculum
1405 2240 1510 2272 Sancti,
1537 2241 1585 2267 sed
1608 2242 1736 2268 manebat
1751 2241 1803 2268 sub

177 2301 185 2316 ι
203 2292 333 2325 templum
351 2290 469 2318 maxime
481 2292 683 2318 vertet-audiuit)
698 2293 829 2326 appellat,
845 2300 962 2327 moxque

173 2337 326 2372 sequentia,
337 2345 397 2371 qua:
412 2338 505 2364 addita
517 2337 741 2372 interpretatione
751 2338 857 2371 Latina,
872 2345 960 2366 trans-

174 2385 275 2415 scrilio,
292 2384 373 2411 verba
391 2384 529 2418 subiungit
546 2393 551 2411 :
577 2383 608 2410 '0
624 2384 651 2410 δὲ
669 2384 810 2417 εἰσελθὼν,
835 2385 882 2411 καὶ
900 2385 962 2412 ἰδὼν

173 2433 222 2462 τὴν
240 2432 409 2467 εὓπρέπειαν
429 2432 476 2458 τοῦ
504 2432 580 2458 οἴκου
597 2432 644 2458 καὶ
661 2431 710 2467 τὴν
732 2434 761 2459 ἐν
778 2433 853 2467 αὐτῷ
878 2442 961 2459 πνευ-

174 2477 293 2512 ματικὴν
306 2477 432 2509 εὐωδίαν,
445 2477 494 2511 τὴν
510 2478 663 2511 τρέφουσαν
678 2479 727 2509 τὰς
743 2478 832 2513 ψυχὰς
848 2478 902 2504 τῶν
918 2488 961 2505 πι-

174 2525 255 2555 στῶν,
284 2523 348 2554 ὡςό
374 2522 538 2558 παράδεισος
564 2522 610 2548 τοῦ
629 2523 707 2555 Θεοῦ,
736 2521 797 2550 εἷπε
831 2526 887 2554 τοῖς
914 2525 961 2559 β)-

173 2571 320 2601 βτάζνιυσιν
336 2569 417 2596 αὑτὸν
428 2570 559 2600 οἰκέταις,
580 2569 692 2603 ’νίψαιτὲ
712 2578 744 2604 με
759 2570 863 2596 πλωτὸν
878 2571 916 2601 εἰς
931 2570 961 2596 τὸ

173 2615 282 2649 ἔδαφος.
303 2625 312 2641 ι
332 2615 380 2642 llic
405 2620 494 2642 autem
514 2615 664 2650 (.‘ilariauus
685 2617 795 2650 nempe)
818 2624 879 2643 cum
898 2617 959 2651 (De-

174 2663 262 2689 mctrii
277 2662 420 2696 templum)
434 2662 572 2696 ingressus
588 2666 670 2692 esset.
695 2662 816 2696 aedisque
831 2667 959 2689 ornatum

173 2715 203 2734 ac
220 2707 389 2742 spiritualem
403 2707 484 2737 illius.
501 2706 547 2741 qui
564 2706 682 2733 fidelium
697 2707 812 2739 animas,
828 2707 901 2733 velut
913 2706 958 2734 Dei

174 2754 326 2787 paradisus.
356 2753 406 2780 alit
421 2752 534 2780 odorem
549 2753 740 2786 comperisset,
761 2753 793 2779 iis
818 2753 862 2787 qui
884 2753 958 2780 illum

174 2799 297 2827 ferebant
323 2799 481 2826 domesticis
495 2799 564 2825 dixit
580 2807 586 2825 :
604 2798 632 2825 lu
652 2798 725 2825 nudo
742 2799 898 2833 pavimento
915 2807 959 2826 mc

175 2845 312 2880 deponite.
332 2855 341 2872 ι
357 2845 457 2872 Adhaec
474 2845 499 2871 in
523 2844 651 2871 Demetrii
669 2845 727 2871 aede
738 2865 745 2876 ,
762 2844 788 2871 in
805 2853 886 2878 quam
904 2845 959 2872 Ma-

176 2892 292 2923 rianum.
323 2892 432 2920 sanitati
460 2891 672 2925 restituendum,
696 2900 711 2918 a
741 2892 827 2920 servis
853 2892 957 2920 illatum

1014 2287 1104 2323 signo.
1125 2296 1134 2313 ι
1153 2288 1186 2314 At
1200 2294 1275 2318 vero,
1288 2294 1350 2314 cum
1366 2286 1410 2313 hic
1424 2286 1557 2313 duntaxat
1572 2286 1664 2313 Sancti
1689 2294 1802 2319 corpus.

1013 2333 1085 2368 quod
1105 2333 1156 2360 sub
1173 2338 1280 2368 aggesta
1304 2333 1388 2360 humo
1410 2332 1573 2359 tumulatutn
1594 2331 1703 2363 fuerat,
1721 2340 1802 2359 mau-

1013 2381 1081 2407 sisse
1109 2380 1160 2407 sub
1183 2379 1233 2406 hac
1251 2379 1387 2413 sepultum
1414 2378 1560 2414 significari
1582 2386 1596 2405 e
1620 2385 1716 2405 sensus
1733 2385 1802 2404 con-

1013 2432 1086 2453 textu
1114 2431 1244 2461 patescat,
1260 2426 1321 2453 voci
1337 2426 1452 2458 ultimae,
1468 2433 1528 2460 quae
1544 2425 1571 2452 in
1588 2424 1710 2451 recitatis
1726 2424 1802 2450 Ana-

1013 2473 1088 2499 stasii
1109 2473 1200 2499 verbis
1213 2472 1342 2503 occurrit,
1362 2472 1526 2498 vocabulum
1553 2475 1622 2497 terra
1649 2477 1696 2496 seu
1721 2471 1803 2495 humo

1013 2519 1244 2549 stthstituendumt
1262 2523 1338 2553 puto.
1359 2518 1416 2546 Vox
1441 2517 1550 2551 quidem
1576 2517 1726 2550 σχήματος,
1741 2522 1803 2548 qua)

1014 2565 1109 2592 Latine
1125 2566 1215 2592 forsan
1243 2573 1291 2600 per
1311 2572 1403 2592 vocem
1426 2565 1529 2598 signum
1545 2571 1599 2590 non
1618 2563 1708 2597 inepte
1725 2561 1802 2589 reddi

1013 2616 1113 2647 potest,
1131 2613 1157 2638 in
1174 2611 1296 2646 proxime
1310 2611 1432 2638 recitatis
1447 2609 1587 2645 hiographi
1603 2608 1803 2644 anonymiver-

1011 2659 1054 2687 bis
1071 2659 1190 2694 ponitur.
1211 2657 1310 2684 Verum
1329 2658 1364 2684 ob
1384 2657 1439 2692 jam
1460 2657 1579 2689 dictam,
1595 2663 1655 2690 quae
1670 2663 1684 2682 a
1702 2662 1803 2681 sensus

1012 2710 1140 2732 contextu
1160 2706 1303 2740 repetitur,
1323 2711 1432 2730 causam
1451 2710 1592 2737 perperam
1610 2701 1681 2728 illam
1697 2701 1734 2727 ibi
1749 2708 1801 2735 pro

1011 2759 1078 2779 voce
1092 2751 1229 2786 χώματος,
1249 2757 1308 2784 qua:
1325 2749 1434 2776 humum
1450 2756 1498 2776 seu
1514 2748 1597 2775 etiam
1616 2746 1745 2773 tumulum
1760 2746 1799 2773 si—

1010 2798 1137 2834 gniﬁcat,
1153 2796 1367 2824 describentium
1384 2795 1488 2822 incuria
1510 2793 1686 2822 oscitantiave
1703 2800 1800 2819 exara-

1012 2850 1066 2872 tam
1097 2843 1241 2876 cxistimo;
1266 2847 1314 2875 ut,
1338 2842 1463 2877 quamvis
1485 2840 1594 2876 quidem
1613 2844 1733 2867 erratum
1755 2838 1801 2865 hic

1012 2891 1104 2924 cubet,
1121 2890 1147 2918 id
1165 2895 1255 2918 tamen
1281 2897 1335 2917 non
1348 2888 1504 2922 Anastasio,
1521 2887 1568 2915 sed
1583 2887 1688 2920 Graeci),
1700 2893 1754 2922 quo
1766 2885 1798 2912 ad
