2049 3151
255 146 321 178 1127

897 144 1219 175 SIlPPLEME‘lTUM.

1802 144 1870 177 1198

252 205 404 231 versionem
423 210 498 230 suam
513 201 697 229 adornandam
714 209 779 228 usus
795 201 838 227 hic
855 203 970 235 scriptor
982 208 1034 232 cst,
1052 208 1070 231 Α
1089 210 1169 236 porro
1192 201 1429 229 l‘hessalonicense
1445 201 1535 229 Sancti
1568 201 1698 236 tetnplum
1727 202 1799 228 inter
1824 211 1870 228 or-

253 250 414 278 amanuensi
431 249 532 276 debeat
549 248 675 275 attribui.

289 296 331 323 79.
347 293 447 321 Verum
470 301 503 320 en
527 301 600 320 ttunc
623 293 722 325 etiam,
737 293 810 328 quod
832 293 1039 321 verosimillime

252 349 307 369 non
319 341 352 368 ab
364 340 428 371 alio,
442 347 522 373 quam
538 340 574 366 ob
587 339 638 366 hoc
656 338 809 373 profectum
820 344 872 370 est,
885 346 1037 366 occurrens

251 388 278 414 in
299 387 424 414 versione
444 385 539 413 Latina
556 386 697 413 mendum.
709 386 841 418 Joannes,
855 387 1039 420 archiepisco-

252 441 304 468 pus
315 431 781 464 Thessalonicensis,'Miraculoi-um
787 432 946 459 edendorum
957 432 1004 459 lib.
1019 441 1037 464 t,

251 486 312 513 cap.
330 479 357 510 5,
376 478 507 505 visionem
520 499 527 510 ,
549 486 601 512 qua
631 483 744 506 sanctus
763 478 917 508 Demetrius
935 478 1038 506 civitati

252 524 503 556 Thessalonicensi,
521 524 592 551 fame
613 532 695 558 quam
712 524 829 551 maxime
844 532 957 558 pressae,
974 532 1039 552 suc-

253 579 395 602 cursurus,
414 571 474 597 viro
499 571 606 597 cuidam
630 570 714 604 probo
730 570 758 597 in
775 571 862 597 insula
887 571 954 598 Chio
977 578 1039 599 sese

253 617 432 652 spectandum
449 617 564 649 dederit,
576 622 698 650 enarrat,
714 625 745 644 ac
761 617 860 645 deinde
873 618 1014 653 subiungit
1030 627 1036 645 :

260 665 289 689 ὐ
314 664 343 689 δὲ
379 663 525 694 διαναστὰς
558 663 605 689 καὶ
643 663 787 697 πορευθεὶς
810 663 856 689 ἐπὶ
883 663 912 690 τδ
941 664 1039 698 μαρτύ-

256 719 313 745 ριον
337 708 384 736 τοῦ
408 709 563 736 καλλινίκου
586 709 725 744 μάρτυρῡς
751 709 898 743 Ίσιδὼρου,
923 710 1038 744 ὀφείλων

253 755 449 790 ἀκριϐέστερον
477 755 647 788 καταμαθεῖν
674 755 728 781 ἀπὸ
747 755 802 781 τῶν
834 756 974 790 ἐγχωρίων
997 757 1039 788 τίς

253 802 266 827 ὁ
281 803 436 836 Δημήτριος
451 798 538 832 οὗτος.
553 801 632 828 Hisce
644 806 734 827 autent
747 801 847 827 Graecis
859 802 953 828 verbis
967 802 1039 836 apud

254 847 441 874 Mabillonium
455 851 521 873 tom.
534 846 721 872 Analectontm
734 846 832 879 saepius
844 847 903 879 cit.,
921 854 978 881 pag.
993 847 1037 878 8i,

254 892 394 927 sequentia
412 893 507 919 isthmc
530 892 708 919 Anastasiana
732 892 898 926 respondent
921 901 927 919 :
953 902 962 918 t
988 893 1038 926 Qui

254 937 308 971 (vir
325 938 443 968 scilicet.
458 938 503 964 cui
525 938 551 964 in
574 937 662 964 insula
678 937 745 964 Chio
763 942 875 964 sanctus
887 938 1040 966 Demetrius

254 985 426 1018 apparuerat)
439 991 554 1019 surgens
570 984 691 1018 perrexit
705 984 739 1010 ad
760 984 903 1011 ecclesiam
922 988 1034 1011 sancto-

255 1039 313 1057 rum
336 1031 452 1058 Victoris
476 1035 503 1058 et
524 1030 631 1062 lsidori,
650 1031 744 1057 volens
760 1030 866 1058 discere
880 1039 895 1057 a
920 1031 1038 1064 rusticis,

254 1077 316 1112 quis
331 1077 393 1108 iste,
408 1077 453 1110 qui
471 1076 496 1103 ei
514 1076 644 1103 nimirum
659 1083 835 1110 apparuerat,
852 1081 927 1104 esset
942 1077 1039 1104 Deme-

255 1123 331 1149 trius.
354 1131 363 1147 ι
383 1122 503 1149 Ecclesia
520 1130 594 1156 ergo,
616 1122 649 1148 ad
669 1129 760 1156 quam,
779 1123 822 1149 cui
849 1128 961 1149 sanctus
985 1122 1039 1150 De-

255 1170 367 1196 metrius
380 1169 406 1195 in
422 1169 510 1196 insula
535 1168 604 1195 Chio
615 1174 787 1203 apparuerat,
801 1169 842 1196 vir
855 1170 956 1204 probus
968 1177 1038 1202 sese,

253 1222 308 1249 quo
328 1215 400 1249 quis,
417 1215 462 1249 qui
479 1215 504 1241 ei
523 1214 702 1249 apparuiSset,
722 1215 874 1242 Demetrius
900 1220 974 1242 esset
990 1215 1039 1241 in-

254 1260 398 1294 telligeret,
412 1259 538 1289 contulit,
557 1259 628 1285 binis
642 1259 754 1289 sanctis,
773 1258 875 1285 Victori
887 1259 993 1286 scilicet
1010 1264 1039 1286 et

254 1305 369 1337 Isidoro,
382 1304 533 1332 secundum
546 1304 681 1331 Anastasii
699 1305 951 1338 interpretationem
964 1312 1040 1331 sacra

255 1357 325 1380 erat.
345 1351 445 1379 Verum
462 1351 585 1386 proxime
607 1351 731 1382 recitata,
747 1358 762 1377 e
784 1351 901 1385 quibus.
916 1352 988 1385 quod
1007 1352 1040 1378 de

255 1398 370 1425 ecclesia
392 1398 434 1423 illa
457 1397 527 1430 apud
550 1397 723 1423 Anastasiutn
749 1396 894 1429 reperitur,
915 1397 1040 1430 primitus

256 1444 384 1470 haustum
396 1448 448 1473 est,
459 1442 573 1469 Joannis
582 1441 832 1469 Thessalonicensis
841 1442 933 1470 Graeca
946 1443 1039 1475 verba,

257 1497 311 1516 non
325 1488 406 1519 binis,
428 1489 475 1517 sel
493 1489 538 1515 uni
554 1489 686 1515 duntaxat
706 1493 800 1515 sancto
818 1488 921 1516 lsidoro
947 1490 1039 1517 eccle-

255 1535 336 1566 siam,
352 1535 384 1561 ad
403 1543 494 1571 quam,
508 1535 552 1562 cui
572 1539 683 1562 sanctus
696 1534 850 1563 Demetrius
867 1542 1038 1570 apparuerat,
1052 1544 1074 1575 ρ

257 1580 297 1607 vir
319 1580 421 1614 probus
435 1587 494 1607 sese
510 1581 637 1612 contulit,
651 1584 840 1608 consecratam
863 1581 948 1609 fuisse
977 1590 1039 1616 pro-

255 1624 335 1651 dunt.
351 1623 469 1656 Etenim,
484 1625 555 1659 quod
569 1625 597 1651 in
613 1624 714 1652 Graecis
729 1625 843 1652 Joannis
860 1627 1039 1654 Thessaloni-

255 1671 345 1696 censis
361 1671 450 1697 verbis
462 1671 584 1704 proxime
598 1671 723 1699 recitatis
733 1680 801 1699 occu
808 1673 852 1699 rril
881 1674 1039 1700 vocabulum

257 1716 410 1746 καλλίνικος
425 1716 582 1750 neutiquam
594 1722 646 1749 est,
661 1717 715 1748 cui,
729 1719 1043 1752 quemadtnodutn,Ana-

257 1761 356 1787 stasius
377 1761 551 1792 existimavit,
574 1770 675 1789 nomen
693 1763 820 1790 Latinum
843 1765 981 1798 proprium
996 1764 1041 1792 Vi-

256 1812 315 1833 ctor
334 1806 508 1840 respondeat,
521 1815 621 1834 nomen
640 1807 732 1835 Sancti
746 1810 896 1842 proprium,
916 1802 962 1838 sed
979 1815 1042 1838 tan.

258 1856 333 1883 tum,
366 1852 437 1885 quod
467 1858 593 1880 sanctum
619 1853 757 1880 lsidorum
778 1860 921 1889 martyrem
949 1857 1041 1890 allicit,

255 1897 434 1931 adjectivum,
450 1892 529 1924 idem
553 1898 657 1930 Graece,
677 1900 749 1933 quod
766 1899 872 1932 Latine,
893 1911 902 1926 ι
921 1902 1042 1936 pulchris

256 1943 378 1970 victoriis
395 1949 519 1976 ornatus,
539 1953 548 1970 ι
568 1944 743 1979 significans,
770 1946 807 1973 uti
831 1949 931 1981 passim
959 1949 1041 1976 modo

255 1989 354 2024 lingua:
367 1989 467 2017 Graeca:
482 1991 575 2025 peritis
592 1996 687 2018 notum
704 1997 757 2019 est.

290 2036 335 2063 ΒΟ.
352 2035 491 2070 Quidquid
509 2037 601 2072 itaque
616 2037 779 2065 Anastasius
790 2039 818 2065 in
834 2039 970 2071 miraculi,
985 2048 1041 2075 quo

256 2082 365 2109 sanitati
379 2081 518 2110 Marianus
529 2084 670 2110 restitutus
679 2084 740 2118 fuit,
756 2086 914 2113 narratione
925 2091 1040 2120 astruat,

255 2127 322 2161 qttin
340 2133 432 2154 tamen
447 2127 501 2161 jam
519 2134 588 2162 tum,
602 2137 665 2156 cum
680 2130 706 2156 id
730 2135 897 2164 patraretur,
913 2139 944 2158 ac
961 2132 1040 2166 proin

256 2174 304 2201 diu
317 2175 399 2201 etiatn
424 2180 488 2202 ante
512 2175 626 2202 Joannis
653 2176 910 2204 Thessalonicensis
934 2183 1039 2204 :etatem

1093 252 1217 275 namenta
1239 255 1287 274 sua
1303 255 1357 274 non
1373 251 1478 274 tantum
1495 247 1567 281 quod
1580 247 1637 281 jam
1664 255 1747 282 supra
1767 255 1872 274 memo-

1091 293 1148 320 ravi
1174 293 1309 320 ciboriutn
1325 301 1373 320 seu
1391 293 1485 320 forma:
1499 292 1642 326 fastigiata:
1654 293 1749 321 altaris
1762 294 1873 320 umbra-

1090 340 1194 372 culum,
1207 347 1240 367 ex
1254 344 1365 374 argento
1374 339 1541 371 confectum,
1552 343 1618 366 tunc
1630 339 1873 374 complectebatur,

1091 392 1184 412 verum
1196 385 1277 412 etiam
1292 384 1415 412 fortassis
1435 384 1577 416 thronum,
1593 392 1627 412 ex
1639 385 1736 412 eodem
1762 385 1874 412 metallo

1091 436 1291 458 constructum.
1322 431 1377 458 Iloe
1402 437 1475 459 certe
1492 435 1653 458 ornamento
1667 439 1775 458 sacrum
1800 431 1873 458 istud

1090 477 1238 504 aedilicium
1260 477 1315 511 jam
1333 477 1396 504 inde
1412 486 1427 504 a
1452 477 1552 504 sa:culo
1575 482 1652 504 sexto
1676 482 1724 504 aut
1743 478 1839 504 saltem
1859 486 1874 504 a

1091 522 1230 556 sequentis
1258 522 1337 548 initio
1353 522 1467 548 dilatum
1495 521 1589 552 fuisse,
1607 521 1687 548 (idem
1707 521 1772 548 facit
1789 522 1875 548 Miru-

1091 568 1209 593 culorum
1228 567 1389 593 edendorum
1404 567 1452 594 lib.
1464 576 1482 598 I,
1496 574 1555 601 cap
1566 567 1592 594 6.
1608 567 1644 594 lbi
1656 567 1728 593 enim
1741 566 1872 598 Joannes,

1091 613 1344 640 Thessalonicensis
1360 614 1592 648 archiepiscopus,
1617 613 1810 640 miraculosam
1841 615 1874 640 dc

1091 664 1185 686 sancto
1196 659 1332 686 Demetrio
1346 660 1542 691 narrationem,
1560 667 1620 693 qua:
1635 660 1667 686 ad
1685 659 1808 689 Eusebii,
1822 661 1874 686 sub

1090 704 1217 732 lilauritio
1242 705 1406 739 imperatore
1434 712 1506 732 anno
1533 705 1586 731 602
1611 713 1626 731 e
1657 706 1726 732 vivis
1765 710 1874 740 erepto,

1092 749 1344 777 Thessalonicensis
1373 751 1571 785 archiepiscopi
1603 756 1710 778 aetatem
1754 756 1874 786 spectat,

1093 796 1266 830 suppeditat,
1297 796 1471 831 argenteique
1500 797 1611 827 throni,
1647 797 1694 830 qui
1734 798 1874 831 archiepi-

1092 848 1176 875 scopo
1206 842 1256 869 hoc
1279 842 1388 869 vivente
1425 843 1453 869 in
1477 843 1713 871 Thessalonicensi
1744 844 1874 871 Demetrii

1093 886 1207 912 ecclesia
1234 886 1379 919 exstiterit,
1407 887 1574 914 mentionem
1601 888 1676 915 facit.
1703 888 1792 922 Atque
1816 889 1876 915 haec

1091 931 1201 965 quidem
1230 937 1402 965 ornamenta,
1424 933 1523 967 quibus
1541 933 1633 960 Sancti
1649 934 1805 965 ecclesiam,
1818 935 1874 961 imo

1091 976 1161 1003 forte
1177 977 1212 1003 ob
1228 977 1296 1004 infra
1308 977 1423 1005 dicenda
1433 980 1529 1005 horum
1540 979 1636 1011 altero,
1650 979 1754 1007 ciborio
1765 988 1873 1014 nempe,

1092 1023 1174 1050 etiam
1192 1024 1325 1051 tumulum
1351 1032 1460 1052 ornare.
1480 1023 1774 1053 Thessalunicensibus
1803 1034 1875 1053 cura

1091 1069 1151 1101 fuit,
1170 1070 1299 1097 eximiam
1317 1078 1442 1106 prorsus,
1459 1079 1512 1106 qua
1532 1071 1559 1098 hi
1578 1073 1605 1098 in
1633 1072 1707 1099 illum
1725 1073 1876 1107 antiquitus

1092 1113 1213 1147 fuerunt,
1223 1116 1427 1142 venerationem
1450 1121 1589 1152 utcunque
1606 1122 1730 1144 testatatn
1748 1118 1874 1150 faciunt;

1091 1161 1167 1188 Hanc
1189 1170 1271 1196 porro
1293 1163 1411 1197 amplius
1426 1163 1525 1196 adhuc,
1541 1171 1600 1198 qua:
1612 1165 1667 1198 jam
1686 1173 1758 1192 nunc
1774 1166 1874 1197 subdo,

1092 1208 1250 1235 ostendent.

1127 1252 1172 1279 8l.
1200 1253 1319 1290 Contigit
1343 1261 1383 1288 ut,
1408 1257 1634 1290 quemadmodum
1666 1257 1725 1284 loco
1748 1258 1874 1292 proxime

1092 1298 1139 1324 cit.
1155 1298 1276 1328 Joannes
1292 1300 1549 1330 Thessalonicensis
1569 1304 1661 1337 refert,
1675 1305 1808 1332 ciborium
1825 1313 1874 1332 seu

1093 1345 1119 1371 in
1141 1345 1303 1381 fastigiatam
1319 1348 1433 1375 formam
1454 1340 1660 1381 eductumfsub
1675 1358 1740 1385 quo,
1760 1355 1788 1377 οι
1803 1353 1874 1378 mul-

1094 1391 1128 1417 tis
1146 1392 1318 1425 credebatur,
1336 1393 1430 1421 Sancti
1451 1403 1550 1429 corpus
1566 1396 1674 1430 jacebat
1689 1397 1873 1428 reconditum,

1092 1437 1185 1464 altaris
1197 1439 1384 1467 umbraculutn
1395 1446 1474 1468 nocte
1495 1442 1697 1475 incenderetur,
1717 1450 1872 1479 argentum-

1092 1491 1158 1517 que,
1187 1491 1202 1511 e
1222 1493 1275 1519 qtto
1296 1487 1332 1517 id,
1363 1492 1393 1513 ut
1426 1488 1494 1520 dixi,
1515 1493 1574 1516 erat
1594 1489 1764 1522 confectum,
1791 1491 1874 1517 vehe-

1094 1530 1175 1557 menti
1192 1531 1261 1565 ignis
1274 1532 1364 1559 calore
1393 1532 1484 1560 fusum
1514 1536 1660 1562 maximam
1677 1541 1782 1570 partem
1801 1537 1876 1570 peri-

1095 1582 1145 1602 ret.
1172 1576 1316 1609 Eusebius,
1338 1578 1600 1612 Thessalonicensis,
1619 1589 1700 1615 quem
1728 1583 1782 1615 jam
1812 1591 1876 1610 mox

1094 1621 1211 1652 laudavi.
1233 1624 1466 1659 archiepiscopus,
1479 1634 1542 1653 casu
1566 1627 1752 1661 inexspectato
1769 1630 1876 1662 percul-

1093 1674 1150 1699 sus,
1176 1668 1210 1694 de
1233 1676 1304 1696 novo
1325 1671 1536 1705 quamprimum,
1562 1680 1614 1706 qua
1642 1681 1708 1700 sane
1722 1682 1750 1701 re
1775 1675 1875 1702 eximia

1094 1713 1153 1747 ejus
1170 1721 1232 1748 erga
1258 1714 1388 1742 Sanctum
1405 1719 1545 1745 veneratio
1577 1718 1673 1751 eluxit,
1703 1722 1874 1748 exstruendo

1092 1758 1194 1785 ciborio
1222 1761 1292 1786 serio
1322 1762 1469 1796 cogitabat,
1491 1771 1608 1798 cumque
1639 1765 1711 1792 hunc
1727 1766 1755 1792 in
1779 1767 1873 1799 tinem,

1093 1811 1147 1830 non
1176 1805 1281 1832 modica
1311 1808 1434 1841 argenti,
1464 1816 1480 1835 e
1504 1817 1557 1844 quo
1584 1812 1758 1838 combustum
1793 1814 1874 1839 cibo-

1093 1851 1159 1877 rium
1187 1851 1274 1878 fuerat
1299 1853 1465 1889 confectum,
1494 1860 1571 1889 parte
1596 1857 1709 1890 amissa,
1739 1865 1871 1886 necessa-

1094 1897 1160 1923 riam
1174 1897 1226 1924 sibi
1242 1898 1336 1926 deesse
1352 1901 1507 1933 materiam,
1520 1907 1656 1934 cerneret,
1674 1903 1873 1938 ciboriumque,

1093 1943 1164 1976 quod
1181 1951 1272 1971 sacras
1291 1943 1382 1973 Sancti
1408 1946 1537 1981 reliquias
1565 1948 1708 1976 continere
1738 1950 1764 1976 id
1781 1951 1876 1978 existi-

1094 1994 1223 2022 maretur,
1258 1992 1441 2019 necessariam
1475 1994 1571 2028 magis,
1593 2003 1675 2029 quam
1717 2002 1874 2030 argenteus,

1093 2035 1170 2069 cujus
1190 2044 1253 2063 mox
1272 2038 1456 2070 meminimus,
1483 2040 1600 2067 thronus
1617 2046 1702 2074 esset,
1717 2044 1876 2077 supellecti-

1093 2080 1144 2106 letn
1159 2086 1279 2115 putaret,
1299 2083 1428 2109 thronum
1449 2084 1530 2111 istum
1546 2085 1687 2113 destruere
1716 2093 1876 2122 acceptum-

1093 2133 1146 2158 qtte
1172 2134 1204 2152 ex
1232 2134 1265 2154 eo
1294 2134 1438 2162 argentum
1457 2130 1490 2157 ad
1504 2131 1567 2157 novi
1585 2131 1680 2159 ciborii
1707 2138 1873 2161 structuram

1093 2172 1224 2199 adhibere
1238 2175 1431 2202 meditabatur.
1444 2177 1556 2209 Verum,
1571 2186 1606 2205 ne
1618 2178 1642 2205 id
1658 2179 1744 2211 ﬁeret,
1760 2181 1875 2214 ipsemet

256 2220 363 2255 insigne
383 2220 461 2254 plane
478 2221 620 2254 templum,
637 2227 733 2248 sancto
752 2222 892 2250 Demetrio
920 2230 1039 2255 sacrum,

1095 2223 1205 2245 sanctus
1235 2219 1398 2252 Demetrius,
1422 2229 1471 2256 per
1497 2224 1696 2259 presbyterum,
1714 2226 1758 2252 cui
1778 2228 1875 2257 semel,

257 2265 460 2293 Thessalonica:
484 2268 632 2299 exstiterit,
660 2268 695 2294 ob
710 2269 812 2299 omnia,
845 2277 906 2302 quae
927 2270 983 2302 jam
1014 2270 1041 2296 in

256 2312 377 2339 medium
407 2312 520 2343 adduxi,
536 2313 717 2341 dubitandum
734 2322 790 2341 non
806 2319 858 2341 est.
873 2315 962 2349 Atque
979 2316 1042 2342 hinc

253 2358 308 2391 jam
336 2357 405 2389 fluit,
432 2362 462 2384 ut
490 2358 670 2385 dubitandum
690 2360 791 2393 pariter
819 2367 874 2387 non
905 2361 949 2392 sit,
976 2361 1041 2395 quin

257 2403 376 2429 Sanctus
390 2403 437 2430 diu
454 2404 536 2430 etiam
553 2408 617 2431 ante
633 2404 659 2431 id
686 2409 794 2439 tempus
811 2407 885 2432 cultu
904 2406 982 2439 plane
997 2408 1041 2434 in-

256 2448 327 2483 signi
356 2447 558 2475 Thessalonicae
589 2449 739 2476 honoratus
767 2450 859 2478 fuerit.
889 2451 946 2478 [mo
966 2460 1041 2484 vero,

257 2501 319 2521 cum
348 2501 380 2520 ex
410 2502 489 2528 supra
505 2494 586 2521 dictis
605 2496 733 2530 templum
763 2497 845 2524 etiam
862 2497 978 2533 insigne,
992 2507 1039 2525 no-

259 2539 325 2565 mini
341 2547 392 2566 suo
421 2545 614 2566 consecratum
638 2542 844 2569 verosiltillitne
859 2543 914 2576 jam
934 2544 997 2571 inde
1026 2554 1040 2571 a

258 2586 358 2612 saeculo
379 2594 394 2613 v
424 2586 525 2614 ibidem
550 2587 687 2621 habuerit,
704 2596 767 2615 eum
785 2590 867 2616 etiam
898 2590 953 2623 jam
984 2595 1041 2617 tum

257 2637 305 2658 aut
321 2633 417 2659 saltent
433 2639 496 2660 ante
523 2635 653 2661 saeculum
682 2643 708 2661 vt
728 2635 878 2663 festivitate
895 2645 984 2664 annua
1013 2638 1039 2664 in

257 2677 302 2705 illa
331 2679 442 2706 civitate
458 2687 508 2707 sua
525 2681 609 2708 natali
637 2681 739 2708 cultum
755 2681 840 2709 fuisse
870 2683 1042 2710 verositnilli—

258 2731 333 2751 mum
345 2731 470 2759 apparet,
488 2727 605 2753 maxime
633 2735 694 2754 cotn
718 2727 775 2761 jam
790 2727 854 2754 inde
872 2728 906 2755 ab
923 2729 975 2755 hoc
992 2737 1042 2756 sa-

259 2767 321 2793 culo
334 2775 382 2802 pro
399 2774 515 2802 patrono
536 2770 618 2797 etiam
642 2771 772 2804 pritnario
786 2781 800 2798 a
815 2771 1042 2801 Thessalonicen-

263 2809 337 2837 sihus
365 2811 475 2841 habitus
503 2815 708 2842 verositnillime
725 2815 817 2849 fuerit,
840 2818 877 2843 uti
896 2818 921 2843 in
939 2818 1038 2846 Adnot.

261 2853 308 2882 lib.
320 2863 328 2882 ι
340 2856 531 2886 Mtraculorum
543 2868 602 2896 cap.
615 2861 633 2888 εὶ
643 2861 792 2889 subdendis
804 2863 917 2891 tioCCbJ.
932 2864 1038 2892 Dictum

1096 2263 1194 2290 iterum
1210 2272 1242 2291 ac
1259 2266 1339 2292 tertio
1360 2268 1496 2301 apparuit,
1520 2269 1637 2297 Eusebio
1657 2271 1877 2307 archiepiscopo,

1095 2308 1243 2336 voluntatis
1256 2317 1311 2337 sua:
1332 2311 1396 2338 illttd
1413 2320 1468 2350 non
1491 2320 1551 2340 esse
1565 2314 1722 2347 declarans,
1741 2316 1875 2351 impediit.

1095 2353 1189 2388 Neque
1209 2363 1273 2382 vero
1296 2357 1438 2390 prxfututn
1466 2359 1607 2392 thronum,
1635 2365 1664 2387 ut
1680 2369 1780 2388 novum
1799 2363 1878 2390 cibo-

1097 2399 1167 2427 rium
1185 2401 1375 2434 conficeretur,
1402 2403 1505 2431 destrui
1525 2405 1577 2431 fuit
1593 2414 1714 2434 necesse.
1733 2407 1879 2436 TheSsalo-

1097 2446 1225 2473 uiccnses
1253 2449 1326 2475 enim
1342 2449 1416 2476 cives
1446 2459 1498 2479 nec
1521 2453 1618 2479 moniti
1638 2453 1742 2480 affatim
1761 2457 1877 2490 argenti,

1098 2497 1128 2518 ut
1145 2500 1246 2519 novum
1264 2499 1453 2523 exstrueretur
1475 2497 1618 2532 ciborium,
1636 2499 1668 2526 ad
1694 2501 1880 2535 archiepisco-

1098 2545 1160 2571 pum
1172 2546 1250 2565 suum
1263 2541 1394 2568 tulerunt.
1404 2542 1516 2570 Joannis
1524 2544 1774 2574 'l'hessaloniccnsis
1785 2550 1879 2581 verba,

1098 2583 1196 2616 quibus
1216 2584 1268 2611 hoc
1283 2591 1452 2620 postremum
1470 2588 1529 2616 loco
1546 2597 1628 2624 supra
1643 2591 1691 2618 cit.
1721 2595 1878 2628 exponitur,

1097 2630 1125 2656 in
1146 2632 1339 2665 compendium
1370 2635 1404 2660 ab
1428 2636 1572 2663 Anastasio
1588 2637 1801 2666 Bibliothecario
1816 2648 1879 2667 con-

1095 2682 1191 2710 tracta,
1222 2684 1302 2712 prout
1330 2682 1402 2715 apud
1421 2681 1607 2710 Mabilloniutn
1636 2686 1731 2712 tont.l
1760 2686 1880 2713 Veterum

1096 2724 1295 2756 Analectorum,
1317 2735 1344 2761 p.
1361 2728 1406 2760 77,
1423 2734 1541 2760 exstant,
1559 2730 1603 2757 hic
1626 2732 1754 2760 exhibeo.
1770 2733 1816 2760 Sic
1829 2734 1879 2760 ha-

1095 2769 1160 2797 bent
1175 2780 1180 2797 :
1200 2781 1209 2797 t
1227 2771 1294 2799 Dum
1312 2773 1401 2801 adhuc
1416 2775 1592 2810 (presbyter,
1611 2778 1654 2804 cui
1672 2786 1733 2805 sese
1751 2785 1880 2812 spectan‘

1096 2816 1160 2842 dum
1178 2824 1287 2845 sant-tus
1305 2819 1459 2848 Demetrius
1485 2822 1607 2855 dederat,
1625 2828 1652 2850 et
1680 2823 1814 2852 Eusebius
1830 2833 1880 2852 ar-

1097 2863 1298 2901 chiepiscopus)
1333 2867 1366 2894 de
1403 2868 1444 2895 luis
1472 2869 1650 2903 loquerentur
1680 2871 1713 2897 ad
1748 2872 1878 2905 invicem,
