2049 3151
238 147 302 180 ll‘tl

897 148 1223 180 SUPPLEMENTUH.

1805 149 1874 183 “82

285 206 332 234 85.
348 206 404 234 Nec
419 209 524 234 tantum
534 203 782 232 Thessalonicensis
795 203 886 231 Sancti
897 204 1038 239 templum,
1052 207 1078 236 Α
1092 204 1187 232 lumen
1202 211 1348 232 concessus
1360 211 1400 238 es,
1409 204 1532 240 adqucm
1544 204 1811 240 quotidiesupplices
1825 214 1875 240 pro

244 252 407 289 priusquam
428 250 562 283 civitatis,
578 250 605 277 in
623 258 676 285 qua
692 250 743 277 hoc
759 249 842 277 situm
858 254 910 283 est,
929 257 1033 278 memo-

241 304 333 327 ratum
350 302 442 330 antea.
458 297 532 332 quod
544 305 559 324 a
571 296 844 325 JoanucCarneniata
855 297 1031 331 describitur,

237 345 375 374 excidium
392 343 524 377 eveniret,
543 343 641 371 eximia
661 350 775 378 prorsus
787 342 868 370 officii
884 343 968 370 divini
984 351 1032 371 so-

239 390 395 421 lemnitate,
409 396 557 424 annuaque
579 388 643 415 festi
666 387 844 421 Demetriani,
860 395 920 423 quze
941 389 1031 415 maxi-

237 444 292 469 ma.
306 436 346 463 uti
367 443 382 463 e
395 436 451 471 jam
464 434 587 462 recitatis
605 434 774 462 Cameniatm
789 433 881 462 verbis
902 434 1033 470 intelligi-

233 487 296 514 tur,
314 489 414 518 pompa
437 480 632 517 peragebatur.
648 481 836 509 celebratione
854 480 971 508 maxime
990 479 1032 508 ef-

232 528 316 556 .fulsit
327 548 335 561 .
349 535 444 555 verum
457 527 490 555 id
506 534 561 556 non
577 534 660 555 secus
674 534 709 555 ac
726 527 868 562 antiquum
883 534 899 553 a
917 525 1032 554 Leontio

240 579 434 607 eastructum,
465 573 540 610 quod
569 572 688 602 ﬂammis
716 572 807 601 fuerat
835 572 1031 607 absumptum,

239 620 486 649 Thessalonicen”
508 619 564 656 (adi
582 619 726 648 Photiante
740 618 807 646 Vitae
829 618 910 646 verba
923 639 930 651 ,
954 626 1030 645 num.

238 668 273 697 74
293 667 419 701 recitata)
446 667 544 694 Sancti
567 666 655 693 nostri
677 665 810 700 templum
826 685 834 698 ,
854 674 863 690 ι
885 672 1032 693 conunune

236 714 459 750 propitiatorium
476 719 504 741 et
525 713 680 748 perfugium
700 722 709 739 ι
727 712 797 745 fuit.
813 713 850 742 ad
873 714 948 748 quod
973 720 1031 741 tum

239 760 335 788 lldeles
352 759 410 792 alii,
433 763 491 787 tum
514 759 557 786 vel
580 759 699 786 maxime
713 758 986 791 Tliessaloniecnses.
1003 764 1031 787 ut

238 815 319 842 opem
330 806 425 834 Sancti
442 806 469 833 in
482 805 695 834 necessitatibus
707 806 764 834 suis
779 805 967 840 implorarent.
977 813 1031 833 non

239 861 302 881 raro
333 856 519 880 recurrerent.
540 851 627 885 Quam
649 859 744 879 verum
775 851 800 878 id
832 851 878 882 sit.
909 851 951 878 vol
974 851 1031 878 sola

239 907 255 926 ι
267 898 372 927 Joanne
389 898 548 926 Cameniata
562 917 569 930 .
589 898 654 925 dum
665 918 673 931 ,
690 905 751 932 qua:
773 897 1033 925 Tliessalonicenses

239 945 382 980 aliosque,
406 952 470 972 cum
494 943 610 980 Agaroni
635 951 709 970 anno
730 942 784 970 904
808 942 1032 976 Thessalonica,

238 991 321 1027 paulo
338 995 401 1026 post
417 990 452 1018 ab
468 989 543 1017 hisce
569 990 652 1016 etiam
678 992 841 1024 etpugnatte
865 989 1033 1023 excisaeque,

239 1037 424 1069 imminerent,
443 1035 552 1068 iecisse,
569 1035 596 1062 in
614 1043 697 1069 supra
713 1035 773 1067 cit.,
790 1043 851 1070 quae
865 1035 892 1062 in
909 1034 1035 1062 Historia:

239 1081 394 1118 Bysantinc
428 1085 486 1116 post
517 1080 700 1115 Theophanem
727 1080 898 1114 scriptoribus
926 1084 1033 1113 exstat,

239 1126 443 1159 lucubratione,
454 1134 516 1162 pag.
525 1126 587 1157 335.
601 1126 739 1154 memoriae
752 1126 853 1161 prodit.
863 1126 1034 1160 suppeditata

240 1173 323 1201 verba
340 1178 503 1209 argumento
524 1177 605 1206 sunt;
623 1177 688 1199 sunt
705 1177 797 1200 autent
812 1172 870 1200 hzec
890 1181 898 1199 :
920 1181 930 1198 ‹
949 1173 1035 1200 Cate-

240 1226 301 1246 rum
321 1218 404 1247 variis
422 1217 636 1253 cogitationibus
661 1218 786 1245 distracti
801 1225 834 1245 ac
860 1217 1012 1246 titubantes
1026 1237 1034 1250 ,

241 1273 290 1301 per
307 1264 427 1299 reliquos
450 1263 628 1298 insequentes
649 1263 719 1294 dies,
741 1264 814 1298 quod
839 1263 948 1291 miseris
973 1263 1036 1291 reli-

240 1318 325 1347 quum
342 1314 396 1342 ost,
416 1310 470 1336 boe
490 1316 541 1336 nos
558 1308 610 1343 ipsi
628 1309 685 1343 jam
704 1309 855 1341 enitimur;
871 1314 900 1336 ut
917 1309 1035 1341 scilicet,

241 1365 303 1393 qua
319 1364 400 1384 nemo
419 1355 513 1382 dicere
536 1355 642 1389 valeat.
663 1354 763 1382 divinae
787 1354 975 1381 miserationis
994 1354 1035 1381 vi-

243 1410 331 1436 scera,
351 1406 567 1434 sanctorumque
583 1399 747 1435 patrocinia,
770 1399 841 1427 votis
863 1399 1034 1428 invocemus.

241 1449 351 1483 Quippe
368 1447 511 1475 venientes
536 1446 570 1474 ad
595 1453 679 1481 supra
705 1451 885 1474 memoratam
904 1447 1036 1481 praclaro

243 1495 342 1522 decore
358 1492 613 1528 splendidissimam
628 1491 819 1528 gioriosissimi
841 1491 968 1527 martyris
982 1491 1036 1520 De-

243 1540 335 1568 metrii
350 1539 447 1571 aedem.
465 1544 522 1567 tum
541 1546 636 1566 omnes
656 1538 777 1567 civitatis
793 1538 893 1566 accola:
904 1559 912 1568 .
927 1543 984 1566 tum
1001 1546 1034 1566 ex

243 1586 326 1614 variis
337 1586 466 1622 gentibus
479 1584 608 1616 advenas,
622 1584 714 1613 omnis
729 1583 847 1619 dignitas
862 1590 943 1618 atque
960 1588 1036 1617 aetas,

243 1631 467 1665 latnentabilique
485 1630 570 1656 choro
583 1628 751 1664 composito,
769 1628 877 1656 sublato
887 1628 922 1655 ad
938 1632 1038 1663 marty-

245 1686 302 1707 rem
327 1678 458 1708 clauiore.
485 1681 630 1711 patronum
653 1675 733 1703 nobis
758 1675 816 1703 fore
839 1675 971 1703 adversus
993 1677 1036 1702 in-

244 1728 387 1758 gruentem
408 1722 587 1750 barbarorum
600 1721 700 1748 minaci
723 1722 763 1748 ira
779 1721 919 1748 interitutn
934 1729 966 1748 ac
983 1729 1037 1748 cte-

244 1770 306 1797 dcm
318 1788 326 1799 .
348 1767 521 1803 rogabamus.
536 1767 698 1797 Ostendi-eli.
713 1766 884 1799 dicebamus,
904 1773 1037 1801 generose

245 1819 357 1850 martyr,
370 1812 540 1840 defensionis
555 1817 606 1839 tua:
617 1817 772 1846 promptam
789 1811 942 1846 ardoreque
951 1812 1036 1839 animi

245 1859 465 1896 opitulationem,
482 1859 508 1885 in
528 1858 620 1887 multis
634 1857 707 1885 haud
732 1865 795 1885 raro
817 1858 959 1893 periculis.
977 1866 1038 1894 quae

245 1913 319 1935 tuam
335 1906 478 1942 appetiere
493 1905 589 1932 urbem
603 1925 610 1936 ,
626 1904 790 1939 cunctisque
817 1904 1035 1932 adversariorum

246 1952 386 1981 dissolutis
405 1951 525 1982 insidiis,
542 1950 576 1978 ab
586 1950 662 1978 omni
680 1950 830 1977 immunem
851 1957 925 1977 noxa
941 1958 973 1977 ac
993 1951 1036 1978 in-

246 2001 328 2028 teritu
342 1995 522 2026 conservasti.
539 1996 662 2023 Ostende
677 2003 752 2023 nunc
771 2003 891 2031 quoque.
903 1995 1036 2022 miseran-

246 2046 362 2076 tissime.
388 2048 461 2072 tuam
485 2050 548 2078 erga
570 2049 621 2070 nos
644 2042 807 2070 immensam
833 2049 942 2074 curam;
960 2046 988 2068 et
1003 2049 1038 2069 ne

245 2092 398 2129 glorientur
415 2090 562 2120 adversum
577 2097 628 2117 nos
644 2094 741 2124 gentes
757 2089 882 2116 barbarae
897 2093 925 2116 et
937 2088 1038 2118 alieni-

245 2146 332 2173 genae.
352 2144 414 2172 qua:
429 2135 514 2164 Deum
531 2136 668 2171 ignorant.

280 2185 325 2212 86.
347 2193 356 2209 ‹
377 2182 472 2217 Neque
493 2189 561 2209 vero
583 2180 694 2208 dederis
717 2180 828 2208 domum
854 2181 937 2213 hanc.
955 2189 1037 2216 quam

246 2231 321 2258 orbis
336 2229 482 2257 universus
502 2235 602 2256 novam
621 2227 780 2255 morborum
796 2227 932 2255 olllcinam
949 2228 1037 2255 medi-

246 2285 306 2304 cam
329 2280 509 2310 paratumque
525 2273 661 2308 refugium
679 2274 772 2304 habet.
793 2274 828 2300 ab
853 2273 969 2308 impuris
986 2274 1037 2301 im-

247 2323 354 2360 piisque
368 2321 529 2350 hominibus
544 2319 683 2355 profanari
694 2339 702 2352 ,
718 2320 763 2354 qui
785 2323 907 2347 nostram
921 2320 1038 2349 subsan»

247 2376 315 2400 naut
339 2370 430 2402 fidem,
451 2369 611 2403 cultumque
635 2372 771 2402 spernunt
797 2375 830 2395 ac
857 2367 1036 2403 religionem:

247 2423 329 2453 atque
343 2417 396 2444 boe
412 2423 497 2444 unum
511 2414 591 2442 nobis
603 2414 709 2442 crimen
727 2414 884 2448 impingunt
897 2434 904 2446 .
921 2422 974 2449 qua
990 2422 1038 2442 su-

248 2472 310 2492 mus
324 2463 352 2493 in
369 2462 466 2496 Deum,
493 2462 638 2496 pietatem;
664 2465 836 2494 mortemque
862 2460 1037 2487 immaturam

248 2510 454 2539 comminantur
467 2513 495 2536 et
511 2508 634 2535 exitium.
651 2506 727 2534 Licet
740 2507 813 2534 enim
828 2506 984 2535 innumeris
998 2506 1039 2534 di-

249 2557 296 2593 gni
317 2564 413 2585 sumus
431 2554 584 2590 suppliciis,
597 2554 632 2581 ob
654 2561 685 2581 ca
709 2553 824 2586 scelera,
841 2561 902 2588 qua
922 2553 949 2580 in
966 2557 1040 2580 terra

248 2603 448 2634 cornmisimus,
469 2602 589 2636 buicque
612 2600 664 2636 ipsi
676 2620 684 2632 .
700 2607 760 2635 qua:
776 2600 899 2635 ingruit,
917 2600 1039 2627 vastitati

248 2655 279 2674 ac
291 2647 363 2674 cladi
381 2653 476 2674 sumus
491 2645 612 2678 obnoxii,
626 2649 787 2672 nontamen
807 2644 892 2672 alium
909 2644 1040 2672 novimus

250 2693 348 2725 Deum,
362 2700 444 2727 quam
462 2693 508 2726 qui
525 2697 550 2719 te
566 2693 721 2723 coronavit.
740 2691 766 2718 in
785 2691 865 2725 cuius
878 2691 962 2718 etiam
979 2698 1041 2726 gra-

250 2740 315 2766 tiam
336 2739 429 2767 divina
456 2738 584 2774 peregisti
607 2737 770 2770 certamina,
794 2744 875 2772 quem
898 2742 927 2765 et
942 2738 1041 2764 Ienruia

250 2784 378 2818 passione
400 2783 555 2812 clarificain
573 2791 578 2809 ι
595 2784 675 2818 cujus
692 2783 775 2810 etiam
799 2789 914 2810 munere
941 2782 1042 2810 multo-

250 2837 310 2856 rum
325 2829 517 2856 miraculorum
535 2829 652 2865 gratiam
663 2834 832 2856 consecutus
845 2836 888 2860 es.
905 2828 1041 2863 nobisque

249 2881 345 2906 murus
363 2875 458 2902 llrmus
474 2875 724 2910 inconcuswrnque
739 2875 932 2902 fulcimentum
947 2881 979 2902 ac
995 2882 1040 2902 co-

1083 241 1163 277 nubis
1178 248 1297 276 fundens
1312 257 1418 284 preces,
1433 257 1492 284 qum
1506 248 1533 276 in
1550 257 1606 276 rem
1627 255 1749 276 nostram
1764 250 1873 277 condu-

1085 301 1160 326 cant.
1179 295 1321 331 clllagitas.
1339 295 1456 330 Respice
1473 295 1554 330 igitur
1570 303 1643 323 nunc
1656 303 1766 330 quoque.
1779 297 1806 323 in
1825 304 1874 330 po~

1083 341 1139 376 puli
1160 341 1242 375 hujus
1256 341 1366 368 consilii
1381 341 1538 376 mentisque
1553 341 1675 376 inopiam
1694 348 1726 369 ac
1748 349 1811 376 spes
1825 343 1875 369 da-

1083 387 1198 422 positas.
1209 387 1416 422 orationemque
1429 392 1550 415 nostram
1561 387 1721 420 exaudiens.
1735 392 1776 415 sta
1789 388 1874 415 libera

1083 433 1282 461 intercessione
1296 441 1346 468 pro
1362 433 1452 465 nobis.
1462 433 1548 461 servis
1560 435 1623 465 tuis,
1633 433 1704 461 etab
1716 439 1875 468 exspectata

1083 486 1134 506 nos
1153 480 1298 507 eversione
1323 479 1412 515 eripe,
1435 487 1469 507 ne
1490 479 1539 506 l'ilii
1561 479 1667 507 ancilla:
1684 480 1757 514 Agar
1777 486 1874 508 centra

1084 532 1136 552 nos
1149 525 1315 560 glorientur.
1329 533 1380 553 nec
1390 525 1494 557 dicant,
1507 524 1558 553 Ubi
1567 530 1611 553 est
1620 525 1750 553 defensor
1760 526 1875 554 eorum?

1082 567 1150 598 Nam
1167 571 1243 600 vides
1258 576 1286 598 et
1307 572 1376 606 ipse,
1394 570 1602 606 benignissime,
1619 579 1671 598 nos
1687 579 1742 598 non
1765 572 1793 598 in
1811 571 1874 599 lan-

1082 617 1152 648 ceis,
1168 617 1216 644 sed
1241 618 1267 644 in
1281 617 1384 652 potenti
1401 617 1600 645 intercessione
1616 622 1662 645 tua
1676 618 1715 644 rei
1736 625 1874 645 summum

1083 663 1256 698 deposuisse,
1271 663 1318 697 qui
1333 668 1361 690 et
1379 671 1474 691 rursus
1498 668 1552 691 tua
1574 671 1625 691 nos
1646 663 1826 698 providentiae
1841 671 1874 691 ae

1082 716 1154 736 cura:
1166 714 1307 744 compotes
1318 708 1376 736 iore
1401 716 1552 744 speremus.
1568 707 1632 736 Haec
1642 713 1704 736 vota
1715 717 1779 736 cum
1788 708 1873 736 animi

1082 762 1195 790 angore.
1220 762 1317 782 omnes
1341 755 1502 790 suppliciter
1527 755 1638 790 martyri
1659 760 1745 782 noctu
1772 755 1874 790 diuque

1085 800 1236 828 offerentes
1254 805 1336 835 atque
1361 801 1487 836 lacrymis
1512 801 1604 836 templi
1627 801 1717 828 solum
1742 801 1874 837 rigantes.

1084 847 1206 875 hostium
1233 848 1441 882 exspectatione
1471 847 1598 882 suspensi
1629 847 1786 882 agebamus,
1811 855 1875 876 cum

1086 899 1228 927 peccatum
1244 897 1379 924 nostrum,
1395 892 1467 920 haud
1482 900 1562 920 set-us
1578 900 1610 921 ac
1630 898 1736 928 septum
1752 893 1877 920 firmissia

1085 946 1159 966 mum
1172 946 1205 965 ex
1221 939 1336 966 adverso
1353 938 1485 972 obstaret,
1501 943 1583 973 atque
1598 939 1726 975 martyris
1741 939 1875 967 interces-

1085 985 1192 1012 sionem
1206 991 1312 1012 cassam
1328 985 1467 1016 redderet,
1479 993 1514 1012 uc
1526 985 1646 1013 divinam
1662 985 1741 1013 nobis
1752 985 1878 1021 benigni-

1086 1035 1167 1057 tatem
1187 1031 1297 1065 proprio
1314 1031 1425 1058 numine
1440 1031 1609 1059 conciliaret.
1625 1041 1635 1057 ι

1120 1076 1163 1104 87.
1184 1076 1270 1104 Porro
1282 1075 1552 1104 Thessalonicensem
1566 1077 1786 1110 civitatem,cum
1803 1086 1877 1106 anno

1085 1122 1135 1151 90$
1152 1123 1187 1150 ab
1199 1123 1347 1158 Agarenis.
1364 1127 1393 1150 ut
1411 1122 1467 1157 jam
1482 1124 1574 1154 docui.
1591 1124 1689 1152 fuisset
1708 1132 1876 1160 expugnata,

1087 1170 1158 1196 haud
1172 1169 1218 1196 diu
1243 1162 1389 1197 admodum
1414 1169 1441 1196 in
1459 1175 1593 1203 potestate
1609 1179 1659 1199 sua
1685 1171 1712 1198 bi
1738 1179 1876 1205 tenuere;

1087 1222 1180 1242 menso
1193 1215 1266 1242 enim
1283 1217 1401 1242 nondum
1421 1216 1538 1251 integro.
1559 1217 1597 1244 uti
1622 1225 1638 1244 e
1653 1217 1759 1245 Joanne
1780 1217 1877 1245 Came-

1085 1261 1159 1288 niata
1198 1261 1371 1296 intelligitur,
1404 1262 1523 1294 excidio,
1552 1264 1623 1297 quod
1649 1264 1878 1299 expugnationem

1086 1306 1209 1341 proxime
1231 1307 1350 1341 excepit,
1378 1306 1467 1335 fuerat
1485 1308 1584 1340 deleta.
1610 1316 1674 1336 cum
1695 1310 1878 1337 deserendum

1087 1352 1160 1381 illam
1184 1352 1298 1386 duxere,
1318 1353 1494 1388 rcqucctiam
1511 1354 1567 1386 ipsa
1582 1354 1740 1382 deseruere.
1765 1356 1804 1382 Ae
1821 1360 1877 1382 tum

1085 1397 1195 1432 quidem
1212 1398 1303 1425 statim
1320 1398 1465 1427 instaurari
1477 1399 1654 1426 celeberrima
1673 1400 1770 1427 civitas
1783 1402 1877 1435 rapit.

1087 1451 1148 1476 nec.
1174 1443 1239 1478 quin
1256 1449 1311 1471 tum
1338 1445 1441 1479 pariter
1453 1446 1559 1478 statim,
1583 1451 1610 1472 ut
1627 1447 1743 1480 insigne.
1761 1448 1836 1480 quod
1862 1455 1876 1474 a

1087 1486 1215 1517 darbaris
1238 1489 1411 1524 profanatum
1444 1490 1542 1524 fuerat,
1583 1490 1714 1518 Demetrii
1742 1493 1875 1527 templum

1088 1535 1204 1570 pristino
1218 1535 1308 1564 decuri
1337 1536 1538 1570 restitueretur,
1567 1537 1721 1565 laboratum
1749 1546 1764 1564 a
1782 1538 1876 1565 Sancti

1090 1581 1246 1610 amantibus
1272 1582 1365 1614 fuerit.
1394 1583 1572 1610 dubitandum
1598 1589 1722 1619 apparet.
1748 1583 1814 1612 Utut
1830 1585 1876 1615 sit.

1090 1628 1162 1656 istud
1177 1629 1303 1663 equidem
1331 1629 1473 1657 aedilicium
1490 1637 1610 1661 sacrum.
1629 1638 1682 1657 non
1700 1637 1779 1658 secus
1794 1635 1879 1664 atque

1089 1679 1164 1706 ante,
1184 1682 1197 1700 a
1216 1673 1354 1704 ﬁdelibus.
1376 1675 1408 1701 ad
1428 1674 1521 1702 Sancti
1549 1683 1629 1710 opem
1661 1677 1879 1707 recurrentibus.

1089 1720 1293 1755 frequentatum
1313 1720 1376 1747 l‘uit.
1401 1720 1428 1747 Id
1445 1727 1460 1747 e
1474 1721 1592 1755 publico.
1606 1721 1677 1755 quod
1699 1723 1772 1749 inter
1797 1722 1878 1748 Inuo-

1088 1766 1172 1794 centii
1201 1766 1274 1793 tertii
1298 1766 1440 1800 epistolas,
1467 1774 1540 1794 anno
1569 1767 1637 1794 1682
1653 1767 1766 1795 Parisiis
1787 1768 1879 1795 aSte-

1088 1811 1178 1846 phano
1193 1810 1304 1838 Balnzio
1316 1812 1448 1847 vulgatas,
1467 1813 1528 1840 libri
1547 1821 1581 1840 xv
1599 1813 1720 1848 epistolae
1738 1813 1774 1842 84
1790 1819 1881 1843 exstat

1088 1859 1232 1890 insertum,
1247 1859 1430 1886 instrumento
1451 1859 1493 1886 fas
1506 1865 1548 1887 est
1559 1860 1707 1895 colligere;
1721 1862 1793 1895 quod
1815 1869 1879 1895 pro-

1088 1904 1162 1935 inile,
1177 1910 1239 1930 cum
1268 1908 1400 1937 prwtciea
1426 1910 1453 1931 et
1470 1905 1522 1932 a'ia
1545 1906 1675 1931 nonnulla
1697 1906 1730 1931 ad
1748 1904 1880 1933 Sanctum

1087 1951 1388 1985 Tliessalouiceuseque
1394 1951 1452 1986 ejus
1461 1953 1590 1986 templum
1598 1953 1748 1987 spectantia
1756 1953 1879 1984 edoceat.

1089 1997 1225 2031 intcgrqu
1246 1997 1299 2025 huc
1327 1999 1496 2026 transcribo.
1525 1997 1636 2031 Verum.
1654 2004 1682 2025 ut
1705 2007 1765 2034 qua:
1780 1999 1806 2026 in
1829 2000 1882 2028 Itou

1089 2044 1236 2071 traduntur
1270 2043 1377 2071 facilius
1409 2045 1609 2080 intelligantur,
1651 2053 1738 2080 pauca
1780 2046 1881 2078 adhuc,

1089 2096 1236 2126 antequam
1261 2091 1286 2117 id
1312 2090 1422 2123 fariatur.
1454 2092 1646 2126 prmmittenda
1675 2097 1750 2122 sunt.
1779 2093 1880 2124 Latini.

1090 2137 1183 2163 saeculi
1201 2136 1274 2163 tertii
1293 2137 1391 2163 decimi
1405 2137 1484 2164 initio
1498 2138 1740 2173 Constantinopoli
1754 2139 1780 2167 in
1797 2144 1882 2174 poto-

1090 2188 1188 2210 s'atem
1213 2190 1289 2210 suam
1318 2183 1441 2214 redacta.
1459 2183 1686 2212 Thessalonicam
1701 2187 1784 2212 etiam
1799 2186 1882 2213 ευδο-

1055 2229 1076 2256 D
1090 2232 1187 2262 gerunt
1201 2237 1208 2260 ;
1223 2232 1288 2254 tunc
1303 2233 1393 2255 autem
1411 2227 1653 2256 Tliessiloniceuse
1677 2230 1765 2257 sancti
1782 2229 1881 2257 Dome-

1091 2273 1136 2300 trii
1176 2273 1305 2308 templum
1343 2273 1601 2310 llierosolymitauis
1631 2276 1718 2303 sancti
1756 2274 1883 2310 Sepuleri

1089 2320 1232 2347 canonicis
1267 2320 1440 2356 regularibus
1481 2320 1532 2348 fuit
1569 2329 1746 2349 concessum.
1778 2322 1883 2350 Verum

1091 2367 1174 2394 hosce
1192 2366 1264 2394 inter
1277 2371 1305 2394 et
1331 2366 1606 2395 Thessalonicensem
1628 2369 1882 2404 archiepiscopum,

1090 2413 1136 2448 qui
1158 2413 1185 2440 in
1202 2413 1291 2440 sancti
1308 2413 1439 2440 Demetrii
1453 2414 1598 2441 ecclesiam
1617 2415 1745 2450 bonaque
1759 2415 1794 2442 ad
1810 2416 1884 2443 haue

1091 2459 1242 2494 spectantia
1269 2461 1316 2493 jus
1342 2460 1450 2495 aliquod
1468 2461 1521 2488 sibi
1547 2467 1704 2496 competere
1731 2461 1884 2490 contende-

1092 2506 1149 2539 bat,
1167 2507 1199 2534 lis
1217 2507 1293 2534 brevi
1307 2513 1403 2534 exorta
1419 2512 1472 2539 est,
1494 2515 1555 2543 quo
1572 2509 1684 2535 tandem
1699 2509 1840 2543 expressis
1855 2509 1884 2535 in

1092 2553 1274 2580 instrunmento
1289 2561 1372 2588 supra
1388 2554 1496 2583 laudato
1516 2555 1734 2586 conditionibus,
1752 2563 1822 2590 quas
1849 2556 1885 2583 ad

1092 2598 1249 2634 pontiﬁcem
1279 2599 1472 2633 approl-andas
1493 2601 1605 2632 misere.
1621 2601 1720 2636 bicqne
1735 2603 1784 2629 cit.
1799 2602 1884 2637 epist.

1092 2644 1127 2671 84
1153 2643 1326 2679 approbavit,
1355 2645 1407 2672 fuit
1437 2645 1582 2680 dirempta.
1611 2647 1653 2674 En
1682 2654 1756 2674 nunc
1797 2647 1883 2674 illud:

1095 2699 1105 2716 ι
1123 2689 1305 2718 Sanctiasimo
1331 2690 1407 2721 Patri
1436 2695 1463 2718 et
1501 2692 1615 2722 douino
1645 2692 1806 2721 Innocentio
1836 2693 1885 2722 Dei

1093 2736 1181 2769 gratis
1194 2741 1376 2764 sacrosanctae
1391 2742 1419 2764 et
1435 2737 1600 2766 universalis
1625 2739 1756 2767 Ecclesiae
1776 2747 1885 2768 summo

1093 2780 1217 2808 Pontiﬁci
1233 2781 1265 2809 G.
1282 2782 1404 2816 ejusdem
1420 2783 1554 2817 patientia
1573 2787 1601 2810 et
1626 2789 1717 2811 vestra
1736 2783 1885 2811 Thcssalo-

1094 2827 1213 2854 nicenais
1222 2827 1351 2855 Ecclesia-
1368 2828 1502 2859 minister,
1517 2830 1582 2857 licet
1597 2830 1738 2865 indignus,
1754 2838 1784 2858 se
1794 2831 1885 2866 ipsum

1095 2873 1128 2900 ad
1143 2873 1227 2908 pedes
1244 2881 1307 2903 cum
1327 2875 1485 2903 obetlicutia
1501 2876 1584 2903 tiliali.
1597 2875 1666 2905 Cum
1684 2883 1798 2914 propter
1809 2877 1883 2906 schi-
