2049 3151
184 153 194 184 i
205 152 253 185 133

704 149 724 178 S
756 145 947 178 DEMETRII
970 143 1166 176 MARTYRIS
1194 142 1300 178 ACTA,

1752 139 1820 175 1131

185 208 327 236 smaticam
359 206 573 235 inobedientiam
616 205 715 232 summi
748 203 820 238 regis
851 203 972 230 vindicta
990 205 1011 231 Α
1028 198 1256 235 injungcntquod
1275 197 1433 226 nullatenus
1446 196 1582 233 aliquibus
1605 197 1632 226 in
1652 202 1816 228 testamenta

185 258 286 280 terram
299 252 455 279 Graecorum
469 250 650 278 correctionis
663 249 787 277 funiculo
800 248 974 285 ﬂagellasset,

185 303 214 327 et
236 299 322 333 ipsam
351 299 392 326 der
405 302 512 326 secreto
540 302 621 332 atque
643 295 831 324 inaestimabili
863 294 977 321 consilio

186 353 237 372 suo
246 345 279 372 ad
295 352 394 372 manus
406 344 562 371 reduxisset
575 342 749 373 Latinorum,
763 341 841 369 multi
857 340 977 375 religiosi

186 392 220 418 de
248 391 365 418 diversis
378 390 504 426 partibus
516 389 680 417 accedentes
709 388 817 416 diversa
846 386 978 414 beneﬁcia

188 441 242 467 tam
257 445 307 472 per
335 437 460 463 dominos
479 435 633 464 cardinales
666 442 747 469 quam
766 442 816 469 per
839 432 979 468 principes

185 487 213 510 et
224 482 344 510 barones
359 485 387 508 et
402 481 472 508 alias
486 480 582 508 iideles
596 479 688 515 adepti
707 483 782 506 sttui.
800 487 809 503 1

226 529 270 557 88.
288 537 297 555 1
318 528 394 556 lnter
417 535 488 562 quos
508 526 677 554 sacrosancti
697 524 823 560 Scpttlcri
853 523 980 550 canonici

187 573 335 601 ecclesiam
350 573 437 599 sancti
452 571 585 600 Demetrii
599 569 862 601 Thessalonicensis,
871 575 981 604 quoquo

189 619 273 645 tnodo
297 618 385 653 gavisi
400 622 465 645 sunt
478 616 604 652 adipisci,
623 623 704 650 quam
723 622 811 650 usque
825 614 858 641 ad
872 614 980 641 intht'o-

188 664 357 694 mirationem
386 671 474 690 meam
506 670 567 690 cum
586 662 680 688 multis
710 661 853 688 laboribus
884 665 921 692 et,
953 664 982 686 ut

188 717 284 738 verum
300 709 441 741 ἤιεν-,1111
456 713 535 735 terra:
546 708 661 736 multum
674 706 840 735 necessariis
852 706 981 740 possede-

188 760 266 783 runt.
282 754 353 782 Sane
378 753 504 788 quamvis
531 753 661 787 praedicta
691 751 808 779 ecclesia
825 751 911 777 sancti
928 749 982 777 De-

188 801 280 828 metrii
293 801 325 827 ad
341 800 562 835 jurisdletionem
579 805 671 826 meam
687 798 826 832 pertinere
842 799 980 827 noscatur,

189 852 284 875 tamen
307 847 342 875 ob
366 846 551 874 reverentiam
568 845 701 872 Dominici
719 843 850 879 sepulcri,
866 842 912 869 nhi
937 849 981 869 re-

189 893 312 928 demptio
329 893 441 920 humani
469 891 577 927 generis
591 895 705 926 operata
723 894 776 922 est,
802 894 830 916 et
855 890 889 916 ad
906 888 984 924 cujus

190 940 404 968 sultventiouom
428 939 685 973 crucesignatorutn
714 935 854 964 exercitus
881 942 984 965 terram

192 987 334 1014 Romaniae
350 986 452 1013 dicitur
467 984 634 1020 acquisisse,
651 991 687 1010 ne
703 983 787 1011 etiam
804 982 871 1010 dicti
898 989 983 1010 cano-

191 1033 247 1063 nici
260 1041 309 1060 sua
328 1040 377 1067 spe
390 1036 418 1059 et
439 1031 579 1063 labetibus
602 1030 711 1066 penitus
736 1030 940 1061 fraudarentur,
958 1032 985 1055 et

192 1085 222 1106 ttt
237 1080 328 1106 omnis
343 1078 458 1113 quaestio
478 1083 506 1104 et
518 1076 718 1107 controversia,
735 1075 824 1109 qualis
845 1074 917 1101 inter
941 1081 984 1100 me

191 1131 222 1154 et
239 1126 315 1160 ipsos
339 1132 422 1158 super
437 1124 490 1151 hoc
518 1128 625 1155 exorta,
646 1130 708 1157 qum
725 1122 758 1149 de
785 1121 860 1148 facili
886 1120 985 1148 ordine

190 1171 339 1206 judiciario
364 1178 419 1197 non
446 1174 554 1204 poterat
581 1173 705 1204 tempore
729 1167 843 1195 instanti
875 1171 985 1202 propter

193 1226 284 1246 causa:
301 1217 511 1253 perplexitatem
527 1215 650 1247 dit‘llniri,
675 1223 724 1250 per
739 1222 836 1250 pacem
858 1219 885 1242 et
900 1212 985 1248 requi-

194 1267 278 1294 tatem
309 1261 416 1289 facilius
432 1262 568 1296 sopiatur,
595 1260 748 1296 praesertim
773 1267 837 1287 cum
862 1260 889 1290 in
913 1266 985 1294 saepe

193 1309 267 1336 dicta
296 1308 413 1335 ecclesia
441 1307 509 1334 tanti
540 1307 671 1342 martyris
698 1314 814 1341 corpore
849 1305 980 1332 decorata

193 1360 251 1382 tant
280 1354 439 1381 favorabilis
455 1354 577 1381 ecclesiae
592 1353 718 1380 canonici
736 1352 873 1387 regulares
896 1351 984 1379 hono-

192 1399 347 1427 riﬁcentitts
361 1406 443 1434 quam
467 1399 614 1425 saeculares
634 1398 743 1426 valeant
755 1397 904 1430 deservire,
921 1405 985 1432 pru-

191 1447 309 1474 dentum
347 1446 470 1473 virorum
501 1444 587 1471 fretus
623 1444 749 1476 consilio,
784 1443 913 1471 videlicet
936 1443 983 1470 Ar.

191 1491 414 1526 Cermopilensis
440 1491 562 1526 episcopi
589 1490 732 1518 Sarrensis
769 1490 911 1525 postttlati,
936 1489 982 1516 W.

1029 245 1072 273 vel
1085 245 1153 272 alias
1173 245 1388 279 persuadebunt.
1411 249 1440 272 ut
1468 244 1535 279 ipsis
1550 243 1691 276 canonicis
1720 247 1816 282 magis,

1030 300 1111 328 quam
1129 291 1253 320 ecclesia:
1268 291 1294 318 in
1305 291 1497 326 przejndicium
1514 296 1542 319 et
1558 293 1691 320 damnum
1708 294 1819 324 archie-

1031 337 1135 374 piscopi
1165 337 1284 364 debeant
1308 345 1432 372 erogare,
1449 338 1590 373 expensis,
1616 328 1748 374 quantum
1784 341 1818 372 ad

1031 389 1103 411 sarta
1115 387 1186 411 tccta
1206 383 1250 410 vel
1270 383 1406 411 luminare
1424 384 1548 411 ecclesia:
1559 390 1586 412 et
1598 386 1699 420 justam
1718 387 1820 413 tumba

1031 430 1195 463 custodiant,
1212 430 1247 456 de
1262 430 1400 457 communi
1415 438 1464 466 pro
1475 434 1532 457 rata
1551 431 1693 459 faciendis.
1707 432 1821 460 Praeter-

1032 483 1063 502 ea
1085 475 1172 511 prior,
1197 476 1243 510 qui
1260 476 1288 505 in
1303 476 1420 504 ecclesia
1441 477 1587 512 saepedicta
1612 478 1701 505 sancti
1724 477 1821 506 Deme,

1033 521 1076 548 1111
1092 529 1141 557 pro
1159 528 1281 557 tempore
1299 530 1312 549 a
1331 523 1490 557 patriarcha
1519 523 1770 559 llierosolymitano
1793 530 1822 553 et

1033 569 1152 604 capitttlo
1171 576 1221 596 suo
1230 568 1312 599 fuerit
1329 569 1480 605 delegatus.
1490 570 1557 601 mihi
1572 575 1600 597 et
1615 572 1822 600 successoribus

1035 614 1102 641 lueis
1120 614 1253 642 canonice
1269 614 1437 642 intrantibus
1449 615 1632 642 obedientiam
1650 620 1679 647 et
1693 623 1823 644 reveren-

1034 661 1099 688 tiam
1118 661 1257 689 tenebitur
1273 661 1424 696 exhibere;
1439 661 1546 689 matrici
1563 661 1675 697 insuper
1699 663 1822 691 ecclesias

1035 705 1277 734 Thessalonicensi
1305 711 1331 734 et
1346 707 1412 734 mihi
1427 708 1554 742 meisque
1571 709 1779 738 successoribus
1794 709 1823 741 in

1034 754 1107 781 dicta
1124 755 1241 782 ecclesia
1272 755 1346 782 omni
1359 756 1422 790 jure
1447 759 1474 782 et
1493 755 1618 783 libertate
1635 761 1742 789 nostra,
1752 757 1826 784 sicut

1038 805 1065 826 ct
1080 800 1106 826 in
1124 800 1187 827 aliis
1202 800 1327 828 ecclesiis
1357 800 1504 834 ejusmodi.
1522 801 1643 835 plenarie
1660 802 1824 839 reservatis;

1036 846 1110 873 salva
1136 846 1238 878 domini
1256 845 1419 881 patriarchae
1443 845 1682 882 liicrosolyntitani
1707 852 1734 874 et
1750 849 1827 882 capi-

1037 891 1086 919 tuli
1104 892 1147 919 stti
1183 891 1209 918 in
1238 891 1369 919 omnibus
1381 891 1539 918 obedientia
1560 893 1587 918 in
1605 892 1692 926 ipsutu
1705 893 1825 927 priorem

1036 942 1063 964 et
1087 938 1236 964 cnttunicos
1255 941 1282 964 et
1309 937 1376 964 alios
1405 937 1550 974 religiosos
1578 937 1679 966 ibidem
1701 946 1824 971 commo-

1037 989 1138 1011 l'illllCS.
1157 993 1165 1010 1

1072 1030 1115 1056 90.
1133 1039 1141 1055 1
1158 1030 1242 1064 igitur
1257 1038 1317 1057 cttm
1339 1030 1526 1059 ordinationes
1549 1031 1725 1059 ecclesiarum
1737 1053 1744 1066 ,
1765 1041 1826 1068 qua

1037 1084 1086 1110 per
1109 1075 1252 1103 inferiores
1279 1078 1406 1112 praelatos
1432 1077 1489 1104 ﬁeri
1515 1083 1674 1112 nequeunt,
1696 1078 1826 1107 Ecclesia

1038 1121 1177 1154 ltomanm,
1196 1130 1256 1157 qu}:
1275 1123 1438 1158 disponente
1458 1124 1573 1151 ltumino
1595 1125 1719 1152 omnium
1735 1126 1826 1153 eccles

1038 1169 1138 1195 siarum
1162 1174 1249 1195 mater
1263 1173 1304 1196 est
1319 1173 1346 1195 ct
1361 1169 1490 1204 magistra
1504 1191 1510 1202 ,
1532 1170 1649 1198 debeant
1671 1172 1803 1199 reservari
1817 1193 1825 1204 ,

1037 1215 1138 1243 dictam
1155 1215 1382 1250 compositionem
1408 1216 1466 1243 sive
1488 1216 1698 1251 dispositionem
1712 1237 1719 1249 ,
1743 1207 1825 1252 quam

1037 1266 1085 1293 per
1102 1266 1145 1286 me
1164 1258 1251 1286 facere
1268 1259 1310 1286 vel
1328 1261 1435 1287 ﬁrmare
1453 1269 1507 1287 nott
1532 1264 1701 1298 prtesutnpsi,
1725 1265 1828 1292 sancti-

1038 1305 1086 1332 tati
1100 1309 1196 1332 vestrae
1210 1306 1274 1332 duxi
1295 1307 1545 1340 transmittendam,
1564 1309 1754 1342 paternitatem
1778 1318 1826 1338 ve-

1038 1357 1120 1388 stram
1141 1352 1217 1379 ﬂexis
1244 1352 1359 1387 genibus
1385 1353 1483 1380 mentis
1507 1361 1625 1385 exorans
1646 1357 1781 1384 attentius
1799 1361 1828 1385 et

1037 1397 1148 1430 obnixe,
1160 1401 1295 1432 quatenus
1309 1405 1389 1428 causa
1407 1398 1453 1425 Dei
1468 1403 1496 1426 et
1507 1399 1543 1426 ob
1555 1400 1687 1429 Dominici
1703 1401 1829 1440 Sepulcri

1039 1444 1220 1474 reverentiam
1236 1449 1263 1472 et
1273 1452 1386 1479 precum
1409 1453 1531 1472 mearum
1545 1446 1712 1479 interventu.
1729 1449 1752 1476 si
1765 1455 1828 1476 san-

1039 1490 1124 1521 ctitati
1148 1495 1243 1518 vestrae
1268 1496 1427 1526 competens
1453 1496 1482 1519 et
1507 1492 1651 1521 honestum
1678 1494 1826 1530 videbitur,

193 1537 396 1566 Nazarocensis
423 1538 503 1566 electi
522 1535 710 1571 Philippensis
729 1535 869 1571 postulati,
885 1539 913 1562 et
926 1542 986 1562 ma-
1000 1544 1021 1572 ε
1039 1538 1124 1572 ipsam
1137 1538 1300 1567 auctoritate
1319 1542 1409 1566 vestra
1429 1538 1518 1566 facere
1531 1539 1574 1567 vel
1589 1541 1726 1575 inceptam
1745 1543 1827 1577 perii?

193 1583 276 1621 gistri
292 1584 325 1611 lt.
346 1583 481 1611 Citrcnsis
505 1582 599 1614 electi,
630 1582 708 1615 mihi,
737 1584 870 1615 quantum
887 1581 914 1608 in
944 1588 987 1607 me

192 1635 252 1664 est,
271 1629 359 1656 visum
377 1634 419 1656 est
445 1629 512 1656 utile
529 1627 634 1663 pariter
657 1633 684 1654 et
699 1628 856 1659 honestum,
876 1631 905 1653 ut
931 1633 988 1653 mc-

193 1676 297 1704 morati
326 1676 452 1702 canattici
482 1674 617 1701 Dominici
648 1673 774 1708 Sepulcri
800 1673 834 1700 de
851 1672 989 1703 universis

191 1722 432 1760 possessiortihus,
446 1720 636 1756 proventibus.
665 1718 812 1752 fructibus,
841 1718 986 1749 reditibus.

192 1769 304 1805 legatis,
324 1773 352 1795 et
367 1767 551 1802 eleemnsynis
569 1773 736 1801 quocunque
754 1765 829 1800 justo
851 1765 932 1792 modo
955 1765 988 1792 ad

191 1817 300 1844 dictam
326 1814 471 1842 ecclesiam
499 1812 588 1841 sancti
617 1812 748 1839 Demetrii
775 1811 987 1847 pertinentibus,

192 1863 271 1891 sicut
297 1869 345 1896 per
364 1861 548 1888 instrumenta
566 1859 607 1887 vel
633 1867 682 1894 per
700 1863 783 1886 testes
802 1858 914 1885 idoneos
930 1857 987 1884 sive

191 1909 253 1938 alio
266 1907 342 1942 justo
357 1908 438 1934 modo
461 1906 573 1942 probari
597 1905 719 1940 legitime
734 1905 846 1939 poterit,
877 1905 989 1938 insuper

191 1956 230 1982 de
246 1953 375 1980 omnibus
400 1953 470 1983 illis,
494 1955 554 1986 quae
582 1951 674 1985 aliquo
703 1955 826 1985 tempore
853 1948 988 1982 art-hirpi-

192 2000 291 2035 scopis
300 1997 598 2026 'l‘hessalnuiccn.~ibus
611 1996 725 2024 nomine
734 1995 858 2023 ecclesiae
868 1995 987 2030 prredicti

192 2046 288 2076 sancti
312 2044 445 2072 Demetrii
467 2045 565 2071 collata
586 2044 709 2075 fuerunt,
738 2043 781 2070 vel
797 2042 825 2069 in
847 2049 988 2077 posterum

190 2093 390 2126 gnnlerentur,
410 2091 496 2122 sicut,
515 2095 545 2117 ut
562 2097 644 2125 supra
668 2089 773 2117 dlt‘lum
794 2093 846 2117 cst.
870 2087 990 2122 legitime

191 2140 308 2179 probari
335 2139 448 2174 poterit,
476 2138 558 2165 talem
595 2145 647 2171 pro
674 2136 788 2164 servitio
805 2143 879 2170 saepe
907 2135 987 2161 dictae

190 2187 324 2217 ecclesia:
351 2185 503 2220 percipient
527 2183 693 2219 portionem,
725 2182 834 2217 qualern
861 2180 988 2209 canonici

1040 1590 1102 1610 cere
1120 1583 1287 1618 dignemini,
1300 1588 1328 1611 et
1341 1589 1370 1611 ut
1386 1583 1516 1618 majorem
1534 1585 1633 1612 habeat
1653 1586 1826 1622 ﬁrmitatem.

1039 1628 1161 1657 eamdem
1179 1628 1341 1657 auctoritate
1360 1630 1490 1664 praedicta
1508 1629 1678 1658 roborantes.
1703 1641 1712 1657 1
1729 1625 1828 1662 Istha'c

1040 1674 1129 1706 modo,
1160 1674 1260 1709 quibus
1287 1675 1392 1702 dictum
1417 1676 1631 1704 instrumentum
1661 1679 1826 1714 concipitur.

1041 1721 1121 1749 verba
1138 1721 1293 1751 considera.
1313 1722 1474 1757 videbisque
1484 1730 1517 1749 eo
1533 1727 1657 1758 tempore
1673 1732 1720 1753 seu
1734 1727 1827 1758 stecuii

1040 1767 1112 1794 tertii
1130 1767 1229 1795 decimi
1247 1767 1336 1799 initio,
1353 1775 1407 1801 quo
1424 1767 1516 1795 datum
1533 1767 1559 1794 id
1574 1768 1636 1800 fuit,
1652 1768 1827 1799 Thessaloni-

1041 1820 1122 1840 ccnse
1143 1813 1230 1840 sancti
1249 1812 1378 1840 Demetrii
1394 1814 1524 1848 templum
1544 1813 1663 1842 ﬁdelium
1680 1816 1714 1843 ad
1729 1816 1767 1849 id,
1780 1818 1828 1852 qui

1041 1864 1069 1886 ct
1087 1859 1220 1887 tumulum
1247 1861 1305 1893 ejus
1331 1860 1430 1887 oblatis
1449 1860 1571 1888 donariis
1593 1861 1764 1895 honorariut,
1781 1871 1827 1891 ae-

1040 1913 1118 1932 cessu
1140 1906 1212 1933 haud
1229 1913 1289 1933 raro
1305 1905 1471 1939 frequentari
1486 1907 1610 1935 soluisse.
1631 1907 1686 1935 Nec
1701 1909 1755 1937 hoc
1770 1916 1828 1937 tan.-

1041 1955 1096 1982 111111
1124 1959 1138 1978 a
1154 1952 1246 1978 charta
1272 1951 1316 1979 illa
1338 1951 1438 1984 disces,
1456 1960 1550 1980 verum
1571 1953 1654 1980 etiam
1679 1954 1732 1983 alia
1756 1963 1827 1983 non-

1039 1997 1124 2030 nulla,
1143 2005 1202 2033 qure
1226 2005 1273 2025 seu
1289 1998 1322 2025 ad
1346 1999 1436 2034 ipsum
1459 1999 1589 2027 Sanctum
1613 2006 1749 2033 nostrum.
1776 2011 1825 2037 seu

1039 2052 1100 2078 que
1127 2044 1161 2071 ad
1192 2044 1346 2073 dediratum
1376 2045 1401 2073 ei
1424 2046 1672 2079 Thessalonicense
1694 2051 1826 2086 templum

1039 2094 1173 2124 spectant.

1073 2137 1116 2163 9i.
1130 2136 1262 2164 Cmterum
1277 2137 1328 2165 hoc
1339 2137 1384 2165 diu
1400 2139 1489 2166 adhuc
1500 2144 1562 2174 post
1573 2141 1702 2168 sreeulum
1715 2142 1825 2170 tertlunt

1039 2182 1174 2210 decimum
1201 2191 1215 2211 a
1244 2184 1362 2217 Grmcis,
1383 2190 1444 2213 utut
1459 2186 1655 2220 schismaticis,
1681 2195 1736 2216 non
1762 2197 1826 2220 raro

189 2238 300 2263 sancta:
327 2232 437 2267 Sophtaa
473 2228 727 2258 Thessalonicensis
764 2227 926 2263 metropolis
953 2228 986 2255 de
1005 2224 1024 2250 Ι)
1040 2228 1135 2261 etiam,
1151 2233 1180 2256 ut
1196 2228 1324 2256 lietuetrii
1343 2230 1371 2257 in
1385 2230 1595 2258 necessitatibus
1608 2234 1665 2260 suis
1678 2241 1757 2268 opem
1775 2235 1829 2262 im-

190 2276 550 2318 possessionibusejusdem
560 2275 726 2312 percipient,
736 2283 798 2303 cum
821 2282 881 2302 eam
901 2273 988 2304 conti-

189 2327 270 2364 gerit
287 2323 418 2352 ordinari.
441 2333 449 2348 I

228 2372 278 2399 89.
298 2380 306 2396 1
325 2369 424 2397 Demos
432 2368 578 2403 siquidem,
597 2375 666 2403 quas
677 2366 771 2395 clerici
790 2366 878 2394 sancti
890 2366 988 2393 Deme—

189 2417 242 2449 trii
263 2421 387 2451 tempore
403 2415 560 2442 Graecorum
578 2415 650 2441 intra
667 2413 891 2441 Thessalonicam
904 2411 989 2439 habe-

188 2467 275 2497 bunt,
290 2461 416 2489 canonici
435 2461 523 2491 sancti
543 2459 668 2496 Sepulcri
682 2465 758 2487 extra
775 2463 880 2495 partem
897 2458 987 2494 possi-

188 2513 320 2540 debunt;
337 2507 486 2535 oblationes
502 2514 611 2542 quoque
626 2507 765 2534 manuales
780 2511 809 2534 et
819 2512 989 2541 quacunque

187 2558 234 2586 eis
263 2555 353 2590 legata
378 2553 481 2581 fuerint
493 2552 669 2585 nominatim,
692 2553 750 2580 sive
763 2551 873 2579 nomine
900 2551 988 2579 sancti

187 2600 334 2637 Sepulcri,
352 2599 479 2627 similiter
494 2603 570 2626 extra
581 2602 684 2634 partem
698 2598 843 2633 recipient.
857 2597 893 2624 Ea
909 2605 985 2629 vero,

187 2656 256 2684 quae
269 2653 354 2679 super
367 2645 487 2672 tumbam
499 2645 589 2672 sancti
619 2643 750 2671 Demetrii
770 2643 930 2675 oi'i'erentur,
947 2644 986 2673 vel

186 2692 324 2723 ecclesia:
346 2690 467 2726 ejusdem
483 2690 647 2719 nominatim
659 2690 744 2724 legata
762 2688 873 2719 fuerint,
890 2697 988 2718 secun-

143 2760 146 2762 .
187 2741 260 2768 dum
279 2736 465 2772 supradiclatn
482 2736 645 2763 divisionem
668 2734 833 2771 partientur.
850 2734 988 2769 Adjuncto

188 2789 318 2815 tantum.
345 2783 418 2818 quod
448 2789 509 2810 eum
540 2782 606 2809 dicti
627 2781 753 2810 canonici
771 2782 797 2809 in
817 2781 931 2809 ecclesia
943 2781 986 2808 illa

187 2830 358 2867 capellanos
368 2829 410 2857 vel
424 2829 542 2857 clericos
558 2836 608 2864 pro
621 2833 747 2864 tempore
760 2828 917 2860 instituant,
934 2829 987 2855 suh

190 2877 298 2907 eadem
328 2875 390 2903 ﬁdei
411 2875 555 2908 religione,
584 2882 637 2910 qua
668 2875 717 2910 ipsi
750 2874 925 2908 tenebuntur,
947 2874 987 2901 cis

1040 2274 1190 2309 plorarent,
1218 2275 1387 2310 frequentari
1409 2276 1536 2310 soluisse,
1565 2278 1749 2308 indubitatum
1774 2286 1826 2309 est.

1039 2321 1078 2348 Ac
1094 2321 1256 2349 nominatim
1273 2321 1383 2356 quidem
1398 2322 1451 2350 ida
1468 2322 1762 2354 Thessalonicensibus
1776 2335 1828 2354 srr-

1039 2366 1103 2394 Cttlo
1122 2367 1219 2401 quinto
1237 2367 1344 2395 decimo
1357 2368 1512 2397 factitatum
1525 2369 1615 2397 adhuc
1638 2370 1732 2404 fuisse,
1746 2380 1828 2408 argu-

1040 2418 1133 2440 mento
1152 2418 1217 2440 sunt
1233 2413 1347 2443 minime
1368 2414 1459 2448 dubio,
1475 2423 1534 2449 qua:
1552 2421 1609 2444 tum
1629 2416 1657 2444 in
1673 2424 1720 2445 sua
1735 2419 1768 2445 de
1779 2427 1827 2446 cx-

1039 2459 1094 2486 cisa
1118 2467 1166 2494 per
1187 2459 1292 2487 Turcas
1307 2468 1380 2490 anno
1398 2461 1467 2488 H29
1482 2461 1676 2490 Thessalmtictt
1699 2464 1826 2492 lucubra-

1039 2505 1125 2538 tione,
1147 2505 1247 2536 Leonis
1272 2506 1364 2534 Allatii
1391 2506 1554 2542 Symmictie,
1581 2509 1701 2537 Colonia
1728 2511 1826 2545 Agrip-

1039 2551 1110 2586 pina
1124 2559 1197 2580 anno
1209 2552 1277 2579 1655
1288 2560 1302 2579 a
1316 2553 1462 2581 Bertholdo
1475 2553 1591 2582 Niltusio
1605 2555 1696 2586 editis.
1710 2556 1825 2588 inserta.

1038 2597 1157 2625 Joannes
1168 2599 1335 2634 Anagnosta,
1349 2599 1467 2634 scriptor
1483 2600 1665 2635 synchronus.
1680 2608 1827 2638 rerumque

1039 2651 1109 2679 pene
1126 2645 1260 2675 omnium.
1279 2653 1348 2680 quas
1370 2653 1402 2673 ea
1425 2646 1559 2675 describit
1572 2668 1579 2681 ,
1596 2648 1721 2677 oculatus
1736 2648 1826 2683 testis,

1039 2690 1072 2716 de
1085 2689 1386 2723 Tltessalonieensibus.
1404 2691 1438 2719 ad
1464 2693 1552 2722 sancti
1570 2692 1698 2722 Demetrii
1724 2701 1826 2729 opem,

1039 2743 1100 2763 cum
1128 2735 1233 2767 civitati
1262 2744 1319 2764 suat
1341 2737 1444 2765 Turcas
1466 2738 1522 2774 jam
1547 2739 1826 2774 imminerenossent,

1039 2781 1270 2817 confugientibus.
1299 2790 1376 2811 num.
1407 2783 1440 2811 to
1467 2785 1608 2814 memoria;
1635 2788 1736 2822 prodit,
1767 2793 1825 2816 tum

1038 2828 1137 2858 etiam.
1164 2836 1243 2864 qua,
1274 2830 1503 2864 quemadmodum
1531 2832 1658 2861 Analecta
1685 2834 1825 2863 miraculis

1039 2873 1151 2902 edendis
1165 2875 1333 2910 subjicienda
1349 2876 1497 2911 docebunt,
1511 2877 1662 2908 Demetrius
1678 2879 1824 2917 Chrysalo:
