2049 3151
236 143 304 176 113')

887 143 1199 175 SUPPLEMENTUM

1785 139 1855 172 1i33

235 209 288 233 tas,
304 200 392 228 saeculi
411 205 438 228 et
454 201 512 235 ipse
534 199 622 234 quinti
648 199 743 228 decimi
763 201 877 235 scriptor
900 201 934 227 de
957 202 1018 227 oleo
1033 205 1054 232 Α
1071 200 1164 228 ionica:
1182 202 1311 236 templum
1345 209 1360 228 a
1392 200 1559 229 Christianis
1591 198 1672 228 modo
1705 198 1844 227 visitetur.

234 255 282 273 seu
299 251 447 281 unguiculo,
475 246 589 273 miriltce
612 246 700 273 adhuc
721 251 801 273 aetate
822 254 870 273 sua
892 253 907 273 c
930 245 1017 274 sancti

236 293 364 320 Demetrii
391 293 496 319 tumttlo
522 292 708 325 sraturiente,
737 297 942 319 commemorat.
966 292 1020 319 Nec

235 345 285 371 est,
303 347 352 366 cur
367 340 522 374 quisquam,
544 347 578 366 an
604 347 658 366 non
681 339 774 366 saltent
800 339 833 365 ab
858 346 930 366 anno
952 338 1019 365 “9.9

235 385 442 413 releberrimum
459 385 525 411 illud
540 383 632 412 Sancti
651 385 735 412 nostri
751 384 777 411 iu
797 385 847 411 hac
866 386 932 411 urbe
949 390 1020 411 tem-

234 433 309 467 plum
335 439 350 459 a
373 431 665 458 Thessalonicensibus
701 430 855 465 Graecisque
880 430 940 457 aliis
963 428 1019 456 l‘rc-

235 479 360 513 quen'ari
377 478 500 508 desierit.
526 478 630 505 idcirco
653 476 829 509 subdubilet.
855 478 927 511 quod
949 484 1022 504 anno

235 525 282 551 illo
297 528 450 559 expugnata
464 523 608 557 excisaque
621 530 634 549 a
645 522 742 549 Turcis
752 521 947 550 Thessalonica
965 522 1022 549 {uc-

238 571 284 597 rit.
298 570 377 597 'l‘unc
397 571 468 597 enim
485 569 657 601 Christianis,
673 573 702 596 nt
722 569 841 596 Joannes
865 569 1022 604 Anagnosta

237 617 265 643 in
283 616 472 643 lucubratione
492 615 600 642 laudata
618 623 693 642 num.
711 615 743 642 l8
756 620 880 646 testatur,
892 615 945 641 duo
959 614 1023 640 dun-

238 667 314 689 taxat
339 662 448 696 templa,
475 668 591 696 quorum
615 661 730 688 alterum
755 661 886 695 Deiparte,
908 661 1023 687 alterutri

239 708 403 736 l’rzccursori
426 707 532 734 Domini
552 715 659 734 sacrum
684 711 753 737 erat,
777 706 852 733 fuere
869 712 972 741 erepta.
990 706 1024 732 At

239 762 317 786 vero,
335 754 521 785 sciscitahere,
535 760 569 779 an
584 752 665 779 etiam
682 752 794 779 biennio
808 752 918 779 circiter
937 751 1024 778 tricu-

239 801 319 827 ttiove
332 804 393 835 post
407 800 522 826 dicatam
541 798 679 826 Demetrio
692 799 776 825 :edeut
791 798 953 825 Christianis
977 805 1025 831 per

241 847 346 872 Turt-os
371 844 440 879 eripi
465 844 538 871 haud
569 844 702 879 contigit?
723 843 751 870 ld
774 851 839 870 Sane
864 844 901 869 ita
923 843 1024 869 habere

1107 248 1151 274 93.
1168 246 1267 275 Verum
1283 255 1339 275 non
1351 247 1440 274 omnis
1461 251 1605 282 propterea
1619 245 1692 281 apud
1707 244 1858 272 Thcssalo-

1073 295 1200 320 nicenses
1214 293 1308 320 Sancti
1326 292 1463 320 veneratio
1478 292 1593 324 interiit,
1613 292 1651 318 uti
1665 298 1698 318 ex
1710 291 1767 325 iam
1783 297 1856 317 nunc

1072 338 1194 366 dicendis
1207 343 1336 374 patescet.
1364 339 1435 366 inter
1452 338 1590 370 ecclesias,
1615 338 1648 366 iis
1670 344 1718 371 per
1750 335 1856 363 Turcos

1071 391 1190 420 ereptas,
1208 386 1291 412 etiam
1304 385 1411 413 exstitit
1435 385 1644 418 metropolitana
1663 391 1710 410 seu
1724 382 1856 417 primaria
1886 382 1892 387 ”

1072 430 1195 461 basilica,
1210 434 1317 457 :eteruae
1335 429 1381 457 Dei
1396 429 1553 464 Sapientiae,
1575 428 1612 455 uti
1626 436 1659 455 ex
1675 427 1787 455 Joannis
1801 426 1856 454 Ca-

1073 477 1196 503 meniatac
1217 475 1315 509 verbis,
1332 484 1407 503 num.
1430 476 1464 503 84
1489 475 1572 507 datis,
1588 474 1702 509 aliisque
1722 474 1748 500 ιιι
1774 481 1856 507 supra

1074 521 1126 548 huc
1142 521 1304 555 transrripto
1321 521 1504 549 instrumento
1523 520 1630 556 publico
1646 529 1721 548 num.
1741 520 1774 547 88
1789 528 1857 547 coo-

1074 567 1154 594 tentis
1183 567 1262 594 facile
1287 568 1433 602 intelliges,
1458 572 1635 599 cousecrata',
1661 566 1742 600 huius
1765 570 1856 593 autem

1075 613 1136 641 loco
1158 613 1418 642 ThessMonicenses
1432 633 1439 646 ,
1462 618 1493 641 ut
1507 613 1626 645 videtur,
1644 612 1787 640 ecclesiam
1803 621 1860 640 mc-

1076 659 1268 694 tropolitauam
1296 667 1343 687 seu
1378 659 1537 694 primariam
1571 659 1652 685 aliam
1681 663 1859 687 exstruere.

1075 713 1200 740 eamque,
1217 706 1306 741 quod,
1328 713 1424 733 eorum
1440 713 1503 740 erga
1520 705 1651 732 Sanctum
1665 710 1791 731 nostrum
1811 713 1860 731 ve-

1075 753 1243 780 nerationem
1256 753 1365 787 penitus
1377 753 1448 779 haud
1465 752 1612 784 interiisse,
1627 755 1791 787 argumento
1808 756 1862 783 est,

1076 803 1168 825 sancto
1189 798 1327 826 Demetrio
1345 805 1550 826 consecravere.
1576 798 1657 825 Certe
1671 818 1679 827 .
1702 798 1862 832 primariam

1078 844 1156 870 modo
1172 843 1375 872 Thessalonicae
1388 844 1532 872 ecclesiam
1554 844 1642 871 sancti
1666 844 1795 870 Demetrii
1813 851 1863 870 no-

243 892 315 918 liaud
332 891 450 917 videtur.
469 889 525 917 Etsi
539 890 610 917 enim
625 894 688 916 tunc
704 888 742 921 hi,
755 889 867 922 iubente
880 887 1027 915 Amurathc
1042 888 1064 916 Β
1077 890 1152 918 mine
1166 895 1352 918 consecratam
1366 898 1438 923 esse,
1450 890 1615 924 Lequiettus,
1629 890 1671 918 cui
1685 894 1712 917 et
1726 889 1771 916 alii
1794 890 1863 916 scri-

241 938 274 970 ll,
289 939 452 972 imperatore
469 943 529 968 suo,
546 935 637 962 omnia
647 935 707 962 fere
724 935 942 962 Christianorum
957 939 1027 960 tctu-

243 984 298 1019 pla,
310 984 347 1010 ttti
364 983 434 1010 idem
444 982 599 1016 Anagnosta
617 989 692 1008 ttum.
703 981 738 1009 20
753 981 842 1012 docet,
859 981 1026 1015 occuparint,

244 1031 340 1056 horum
365 1033 455 1055 tatnen
477 1032 595 1060 quatuor
618 1026 671 1053 illis
690 1026 782 1053 aihnc
805 1026 882 1052 fuere
908 1025 1026 1057 relitta;

245 1074 303 1100 huic
317 1075 408 1099 autent
423 1071 493 1099 inter
507 1071 592 1099 sancti
603 1070 730 1098 Demetrii
748 1070 876 1106 templum
889 1070 1028 1098 exstitisse

246 1119 367 1146 videtur.

279 1164 324 1190 92.
342 1163 429 1190 Ducas
448 1163 533 1196 enim,
555 1161 697 1190 Michaelis
715 1162 795 1190 Ducze
813 1169 906 1197 nepos,
927 1169 960 1189 cx
976 1161 1027 1189 imo

246 1210 381 1244 pcrtt'oria
398 1209 531 1235 Dncarum
559 1207 661 1235 familia
684 1208 830 1241 oriundus,
849 1207 894 1242 qui
921 1212 948 1234 et
971 1208 1031 1242 ipse

245 1255 346 1282 saeculo
373 1254 470 1287 quinto
502 1253 609 1280 decimo
634 1251 743 1285 ﬂoruit,
775 1259 887 1287 remque
915 1252 1031 1287 proinde

245 1301 348 1335 optime
368 1299 469 1325 habere
489 1302 661 1332 perspectam
680 1298 778 1332 potuit,
806 1297 832 1324 in
851 1297 999 1332 Byzantina
1016 1304 1030 1323 a

247 1355 277 1374 so
292 1349 418 1374 cauta-xta
437 1343 555 1370 Historia
570 1364 576 1375 ,
593 1351 654 1378 cap.
668 1344 713 1376 29,
735 1344 774 1370 sic
791 1344 887 1370 scribit
904 1352 911 1370 :
929 1352 938 1369 ι
961 1343 1033 1370 Prae-

246 1394 327 1428 cipua
352 1390 527 1422 monasteria,
554 1396 672 1424 quorum
696 1388 767 1416 fama
789 1389 906 1416 celebris
931 1389 1032 1423 ubique

247 1443 316 1469 erat,
331 1445 390 1472 quis
405 1436 529 1470 religioni
544 1435 756 1471 (Mahometana:
773 1435 899 1461 nimirum
914 1435 1032 1461 Amura-

249 1483 320 1518 thcs)
340 1480 455 1516 templa,
484 1485 583 1515 praeter
613 1479 728 1515 insignis
750 1479 880 1515 martyris
902 1479 1032 1507 Demetrii

248 1530 320 1557 tedas
333 1528 513 1556 consecravit.
530 1526 659 1560 Quamvis
675 1527 750 1553 enim
770 1525 796 1552 id
815 1527 951 1561 ingressus
967 1530 1035 1552 tem-

250 1577 322 1611 plum
342 1575 400 1602 suis
415 1573 541 1601 manibus
557 1573 670 1600 arietem
695 1571 880 1604 immolasset,
898 1571 1036 1606 Deumque

251 1626 376 1655 precatus
399 1624 482 1650 esset,
503 1618 674 1646 Christianis
695 1623 785 1645 tamen
811 1617 918 1644 restitui
945 1622 1037 1652 postea

250 1668 339 1701 iussit.
372 1665 570 1693 Ornamentum
598 1670 664 1691 vero
693 1663 810 1697 sepulcri
843 1667 870 1689 et
899 1663 1038 1690 memoria:

255 1712 393 1746 martyris,
419 1710 511 1744 templi
545 1714 573 1735 et
595 1708 737 1744 adytorum
761 1708 942 1742 quodcunque
961 1713 1038 1740 erat,

253 1758 335 1784 anci
352 1756 432 1783 iurati
460 1760 535 1786 sunt,
552 1754 702 1789 parietibus
721 1754 801 1782 nudis
815 1754 984 1781 solummodo
997 1760 1040 1781 re-

255 1804 336 1830 lictis.
358 1811 367 1827 t
388 1802 438 1828 llic
452 1805 543 1828 autem
557 1799 687 1834 scriptor,
707 1807 741 1826 ne
756 1807 817 1826 cum
837 1799 942 1827 Joanne
963 1801 1037 1827 Ana-

254 1854 361 1882 guosta,
381 1848 426 1882 qtti
439 1847 495 1874 duo
510 1850 615 1873 tantum
629 1866 636 1878 ,
653 1851 682 1872 ut
700 1846 754 1880 iant
769 1846 865 1877 docui,
878 1845 1041 1873 Christianis

256 1896 356 1930 templo
377 1894 498 1928 proxime
522 1894 556 1920 ab
573 1897 727 1928 expugnata
744 1893 938 1920 Thessalonica
957 1893 1042 1920 fuisse

255 1948 361 1976 erepta,
372 1940 464 1973 tradit,
478 1947 600 1976 pugnare
612 1940 648 1967 sit
661 1940 805 1968 dicendus.
814 1940 846 1966 de
858 1939 1041 1973 monasteriis,

255 1995 316 2023 quin
331 1992 431 2020 prater
446 1993 539 2013 sacras
559 1986 643 2013 sancti
669 1985 799 2013 Demetrii
812 1985 895 2018 atdes,
920 1985 1043 2020 religioni

257 2042 312 2061 suae
327 2033 424 2068 templa
439 2032 605 2059 Amnrathes
620 2032 730 2059 biennio
743 2032 852 2059 circiter
865 2036 910 2058 aut
925 2030 1044 2058 triennio

258 2085 320 2114 post
338 2082 517 2113 expugnatam
534 2076 755 2104 Thessalonicam
772 2076 951 2108 consecravit,
965 2076 1044 2103 debet

261 2124 385 2158 intelligi.
402 2123 479 2156 Quod
496 2130 558 2150 cum
575 2123 610 2149 ita
634 2123 678 2155 sit,
707 2130 757 2149 nec
786 2126 850 2149 tunc
868 2121 1044 2149 Thcss:-.loni-

260 2177 342 2197 cense
353 2168 481 2196 Demetrii
494 2168 623 2202 templum
635 2168 801 2195 Christianis
813 2167 896 2194 fuisse
910 2173 1044 2202 ereptum,

1078 941 1172 972 ptores
1191 941 1362 969 consunaut,
1381 937 1407 964 itt
1433 937 1541 963 Oriente
1564 937 1728 967 Christiano,
1744 941 1810 963 tom.
1829 936 1862 967 ιι,

1078 982 1132 1010 col.
1146 981 1193 1014 27,
1204 982 1336 1015 aliirmat;
1351 982 1421 1010 banc
1434 988 1524 1009 autem
1539 982 1626 1013 aedem
1642 990 1749 1010 sacram
1766 983 1800 1009 ab
1816 990 1864 1008 an-

1080 1028 1154 1062 tiqua
1170 1028 1321 1062 saepissime
1336 1036 1416 1061 supra
1433 1034 1580 1057 memorata
1591 1048 1599 1061 ,
1622 1036 1684 1055 cum
1704 1029 1762 1055 haec
1783 1029 1862 1055 modo

1079 1080 1111 1100 cx
1125 1073 1204 1100 dictis
1218 1073 1242 1099 in
1258 1072 1349 1100 fanum
1360 1071 1505 1100 Tut‘cicum
1523 1073 1558 1099 sit
1572 1080 1714 1104 conversa,
1728 1080 1789 1099 esse
1806 1073 1863 1099 dis-

1081 1118 1211 1150 tinctam,
1235 1118 1414 1146 dubitanduut
1447 1126 1502 1145 non
1535 1123 1588 1146 est.
1614 1117 1748 1145 Caeterum
1772 1122 1802 1145 ut
1831 1118 1866 1145 ad

1080 1165 1165 1195 aliud,
1187 1165 1260 1199 qttod
1284 1165 1327 1191 hic
1355 1164 1444 1191 adhuc
1469 1164 1673 1192 memorandum
1700 1169 1795 1194 restat,
1808 1164 1865 1198 jam

1082 1211 1189 1237 tandem
1211 1209 1385 1244 progrediar,
1401 1216 1416 1235 c
1435 1209 1565 1244 singulari
1579 1208 1864 1236 Thessalonicensium

1084 1256 1113 1283 in
1140 1259 1263 1283 sanctum
1280 1254 1444 1281 Demetrium
1468 1255 1644 1282 veneratione
1660 1255 1743 1281 altera
1765 1254 1866 1286 adhuc,

1082 1309 1135 1329 non
1152 1301 1260 1335 quidem
1273 1300 1486 1333 Thessalonicae,
1503 1301 1550 1326 sed
1573 1305 1665 1327 tamen
1680 1300 1752 1327 haud
1771 1301 1867 1334 procul

1082 1349 1116 1376 ab
1133 1349 1182 1374 hac
1199 1348 1309 1375 civitate
1327 1347 1400 1374 aedes
1417 1355 1504 1377 sacra,
1522 1347 1559 1374 uti
1578 1346 1769 1373 Miraculoram
1791 1348 1868 1372 elen-

1083 1394 1175 1421 dorum
1197 1393 1257 1421 libri
1272 1395 1343 1421 tertii
1364 1398 1446 1429 caput
1466 1399 1602 1428 quartum,
1619 1397 1739 1426 tempore
1758 1397 1847 1420 tamen
1861 1411 1869 1422 ,

1084 1447 1137 1476 quo
1162 1440 1187 1467 id
1213 1439 1313 1466 factum
1333 1439 1425 1472 fuerit,
1451 1447 1503 1465 non
1527 1446 1668 1473 expresso,
1688 1438 1766 1464 ﬁdem
1792 1438 1869 1468 l'arit,

1085 1486 1149 1513 olim
1171 1485 1253 1513 etiam
1269 1485 1402 1512 exstabat.
1416 1484 1505 1519 Atque
1516 1484 1573 1510 haec
1587 1484 1695 1518 quidem
1709 1483 1742 1510 ad
1758 1482 1872 1514 fontem,

1085 1531 1163 1566 cujus
1187 1531 1264 1566 aquis
1286 1530 1330 1565 qui
1354 1537 1425 1562 sese,
1451 1535 1545 1556 sancto
1568 1529 1705 1556 Demetrio
1730 1528 1870 1558 invocato,

1088 1575 1242 1607 abluerent,
1257 1576 1401 1602 sanitatem
1421 1574 1548 1602 amissam
1573 1574 1626 1608 (adi
1644 1574 1702 1600 luco
1721 1574 1768 1600 cit.
1786 1572 1873 1599 Mira-

1088 1622 1148 1648 cula
1165 1621 1276 1656 edenda)
1296 1629 1349 1648 ttott
1366 1628 1428 1647 raro
1446 1620 1641 1654 recuperabant
1652 1639 1659 1651 ,
1672 1623 1750 1646 erant
1765 1624 1874 1646 exstru-

1089 1674 1146 1700 cta,
1170 1668 1339 1703 multumque
1364 1675 1378 1694 ει
1400 1667 1574 1697 Christianis,
1594 1674 1654 1693 cum
1675 1673 1766 1692 rerum
1783 1666 1874 1692 adhuc

1090 1712 1295 1740 Thessalonica:
1321 1713 1348 1740 hi
1376 1713 1539 1748 potirentur,
1561 1712 1666 1739 solebat
1691 1711 1874 1746 frcqucntari;

1090 1767 1182 1786 verum
1199 1767 1269 1786 anne
1287 1759 1348 1794 pius
1364 1767 1471 1794 quoque
1487 1767 1544 1786 mos
1561 1759 1615 1790 hic,
1630 1765 1707 1784 sacro
1723 1757 1767 1784 ilio
1783 1757 1843 1784 loco
1859 1765 1874 1784 a

1091 1804 1188 1832 Turcis
1221 1806 1290 1833 forte
1320 1807 1423 1840 pariter
1454 1809 1596 1840 occupato.
1624 1804 1771 1838 abrogatas
1797 1804 1876 1830 modo

1092 1852 1201 1887 penitus
1218 1859 1273 1878 non
1290 1852 1337 1884 sit,
1355 1856 1522 1886 compertum
1541 1850 1612 1877 haud
1629 1849 1725 1876 habeo.

1092 1919 1106 1955 ς
1122 1918 1190 1955 Vili.
1206 1918 1380 1949 Quandonam
1395 1919 1507 1952 primum
1522 1917 1699 1955 prodigiosum
1712 1922 1875 1955 unguentum

1129 1962 1143 1980 ε
1160 1954 1251 1981 Sancti
1263 1963 1307 1980 seu
1327 1951 1426 1980 tumulo
1441 1962 1485 1980 seu
1501 1961 1607 1987 corpore
1624 1951 1726 1977 stillare
1740 1954 1877 1986 inci-perit,

1131 1996 1154 2016 et
1169 1989 1231 2024 quid
1249 1993 1376 2024 prwterca
1398 1989 1429 2015 de
1445 1996 1521 2015 sacro
1536 1990 1583 2015 ltac
1598 1988 1705 2022 pignore
1719 1988 1752 2013 ait
1768 1989 1877 2014 creden-

1131 2027 1204 2052 dum.

1129 2083 1172 2111 9i.
1192 2081 1262 2114 Quin
1279 2080 1463 2115 prodig'osttm
1482 2086 1650 2114 unguentum
1666 2089 1680 2108 e
1701 2081 1878 2109 Thessaloni-

1096 2128 1170 2156 ccnsi
1186 2127 1272 2154 sancti
1285 2126 1414 2154 Demetrii
1429 2127 1554 2162 sepulcro
1570 2128 1732 2162 antiquitus,
1745 2129 1881 2163 stupenda

1096 2173 1227 2202 miraculo
1252 2173 1338 2200 sancti
1363 2173 1493 2200 Demetrii
1509 2174 1612 2201 meritis
1636 2175 1773 2209 ascripto,
1791 2179 1882 2201 scatu-

260 2220 366 2244 εθηυω
384 2218 516 2249 “PV-“'9”
540 2219 569 2240 ιη
587 2214 701 2248 W0inde
724 2221 832 2241 “crum
856 2213 930 2240 mm"
955 2213 1044 2241 locum
1064 2225 1083 2251 D
1099 2223 1187 2253 ricrtt,
1203 2219 1380 2247 dubitandum
1405 2227 1458 2246 non
1479 2225 1532 2246 est.
1546 2220 1574 2246 id
1591 2220 1663 2247 enim
1693 2225 1820 2247 testatum
1839 2220 1881 2247 fa-

261 2263 402 2294 detnccps,
418 2267 471 2286 non
484 2266 566 2287 secus
580 2267 613 2286 ac
624 2263 699 2292 ante,
713 2259 976 2288 Thessaloniccttses
988 2259 1048 2286 alii-

261 2313 314 2339 que
336 2303 543 2332 verOsimilliute
560 2303 773 2339 frequentat-int.
792 2304 892 2332 Verum
911 2312 981 2332 anne
1001 2303 1049 2332 ho-

262 2353 358 2387 dieque
373 2352 462 2379 lacere
475 2352 502 2379 id
516 2352 592 2379 hisee
606 2351 742 2386 integrum
763 2357 804 2379 est
816 2352 828 2379 ’ἓ
841 2351 871 2379 in
894 2360 1049 2386 mosqut-am

262 2407 311 2427 seu
329 2399 421 2426 tantum
442 2398 590 2425 Turcicum
607 2397 687 2426 modo
701 2405 763 2426 esse
785 2405 947 2426 conversum
963 2398 1050 2426 Thes-

263 2445 433 2472 salonicense
447 2444 539 2471 sancti
554 2444 683 2471 Demetrii
702 2444 845 2478 templum,
858 2444 1050 2471 Martiuiereus

263 2491 291 2518 in
315 2490 482 2518 Dictiauon’a
506 2489 696 2526 Geographico,
719 2490 813 2525 paucis
845 2491 946 2524 etiam,
970 2498 1051 2525 quam

265 2537 374 2571 insigne
390 2536 455 2563 illud
474 2535 567 2568 fuerit,
585 2535 707 2568 tradens,
731 2537 764 2563 ad
781 2543 882 2563 nomen
907 2535 1050 2568 Salonirki,

263 2591 318 2618 quo
336 2584 417 2612 modo
431 2582 629 2610 Thessalonica
644 2582 806 2618 appellatur,
821 2590 837 2610 e
852 2583 997 2610 Coronellii
1012 2583 1054 2610 hi-

262 2630 373 2657 storicts
388 2637 420 2657 ac
443 2629 634 2664 geographicis
655 2630 847 2660 monumentis,
873 2630 1026 2664 scriptoque
1039 2638 1053 2657 a

263 2675 346 2703 Paulo
366 2675 438 2702 Luca
456 2674 600 2702 [litterario
622 2675 713 2707 docet,
732 2682 782 2702 nec
801 2675 961 2709 quidquam,
983 2676 1054 2702 unde

265 2728 308 2749 res
321 2723 388 2752 tunc.
412 2721 473 2748 licet
490 2721 610 2753 interim,
627 2721 800 2755 quandonam
817 2725 892 2755 gesta
908 2721 964 2751 sit.
983 2721 1054 2748 haud

265 2767 413 2800 inveniam,
428 2771 540 2794 vocetur
554 2768 579 2794 in
596 2767 711 2794 dubittm
725 2788 732 2799 ,
745 2767 865 2795 occurrit
878 2776 885 2799 ;
905 2775 991 2802 quare
1007 2768 1055 2794 dn-

265 2812 407 2840 bitandum
423 2821 477 2840 non
493 2819 546 2847 εει,
563 2814 629 2848 quin
654 2821 721 2841 sane
739 2814 826 2840 multo
850 2814 950 2846 ntiuus,
973 2822 1054 2848 quant

267 2859 402 2894 quondam
418 2859 541 2892 soluerit,
555 2865 723 2888 exstructum
744 2861 810 2888 olim
826 2860 927 2888 Sancto
940 2861 1055 2888 Thcssa-

1099 2267 1175 2294 ciunt
1192 2267 1341 2300 scriptores
1368 2273 1423 2292 non
1449 2265 1539 2300 pauci,
1573 2265 1630 2300 qui,
1659 2273 1721 2297 cum
1754 2272 1810 2291 rem
1836 2270 1884 2291 aut

1100 2313 1215 2340 suismet
1230 2312 1316 2339 oculis
1341 2311 1536 2346 conspexeriut
1552 2316 1599 2338 aut
1623 2316 1695 2338 certe
1722 2319 1740 2338 θ
1768 2311 1884 2338 testibus

1102 2359 1153 2386 [ide
1172 2358 1261 2393 dignis
1275 2357 1421 2391 audierint,
1440 2357 1560 2392 suspecti
1574 2357 1655 2384 nobis
1673 2357 1718 2384 ltic
1737 2363 1799 2384 esse
1828 2364 1884 2382 non

1102 2405 1213 2432 debent.
1224 2403 1324 2430 Verum
1339 2412 1353 2431 a
1368 2412 1423 2439 quo
1444 2408 1566 2439 tempore
1578 2403 1738 2430 miraculum
1749 2403 1813 2430 Fllud
1829 2403 1887 2437 pri-

1104 2459 1174 2477 tnutn
1188 2450 1330 2484 inceperit,
1344 2449 1417 2476 ltattd
1427 2457 1503 2484 atque
1518 2449 1702 2477 indubitatqu
1713 2455 1767 2483 est,
1784 2449 1822 2476 uti
1836 2457 1889 2478 nec

1102 2494 1276 2529 qttandonatu
1293 2493 1401 2520 circiter
1417 2493 1510 2521 Sancti
1528 2494 1611 2520 nostri
1629 2501 1741 2528 corpus,
1764 2493 1798 2520 ad
1814 2495 1888 2528 quod

1103 2542 1259 2577 prodigium
1279 2541 1353 2568 istud
1366 2542 1469 2573 evertit,
1488 2541 1580 2575 detegi
1594 2541 1750 2577 contigerit.
1774 2542 1831 2568 Duo
1848 2542 1891 2568 id-

1104 2588 1177 2614 circo
1194 2587 1251 2614 lucc
1270 2587 1360 2621 capita
1379 2586 1508 2622 praesenti
1522 2587 1536 2622 ς
1551 2588 1711 2614 examinare
1737 2587 1832 2618 statui,
1849 2587 1891 2614 uti

1104 2635 1186 2660 etiam
1214 2633 1263 2659 alia
1286 2633 1430 2664 nonnulla,
1451 2641 1511 2667 quze
1525 2632 1557 2659 ad
1570 2640 1679 2660 sacrum
1700 2632 1768 2660 illud
1791 2633 1893 2667 pignus

1106 2684 1233 2716 Spectant
1264 2679 1450 2714 lcctorcntque
1478 2679 1590 2706 edoceri
1621 2679 1763 2713 convenit.
1790 2678 1893 2705 Verum

1106 2731 1249 2760 antequam
1266 2724 1291 2751 id
1309 2724 1416 2757 faciam,
1433 2726 1569 2759 prrecipua
1585 2725 1750 2760 scriptorum
1767 2725 1895 2759 antiquo-

1109 2780 1179 2802 rum,
1196 2771 1241 2806 qui
1258 2771 1290 2798 de
1306 2772 1463 2806 prodigiose
1481 2773 1568 2799 sancti
1584 2771 1715 2798 Demetrii
1743 2777 1895 2805 unguento,

1108 2817 1211 2844 morbis
1230 2818 1359 2844 sanandis
1387 2818 1510 2856 Salutari,
1539 2819 1701 2852 loquuntur,
1733 2819 1759 2845 in
1776 2818 1896 2845 medium

1109 2863 1241 2899 proferre,
1259 2863 1340 2890 ducto
1355 2864 1387 2890 ab
1406 2863 1609 2899 antiquioribus
1639 2863 1730 2897 initio,
1748 2864 1791 2891 hic
1808 2864 1895 2892 lubet.
