2049 3151
191 192 261 226 1137

706 198 736 230 S.
761 199 953 231 DEMETRH.
972 201 1169 231 MARTYRIS
1190 203 1296 232 ACTA.

1742 206 1771 238 id
1777 207 1805 236 35

184 251 306 279 Joannes
329 252 499 285 Cameniata,
528 254 574 288 qui
604 254 705 282 saeculo
737 255 846 282 decimo
865 255 967 290 ﬂoruit,
984 263 1006 292 Α
1021 257 1092 284 datis
1107 257 1269 291 scriptorem
1288 258 1381 291 alium,
1408 260 1530 287 omnium
1548 259 1687 288 fusissimc
1703 261 1736 288 de
1756 270 1804 288 un-

183 299 359 338 civitatisque
381 300 640 329 Thessalonicensis
669 310 719 337 per
735 303 876 338 Agarenos
897 311 969 331 anno

183 345 236 372 904
263 346 434 374 obsidionem
462 348 744 384 expugnationemqu
773 357 804 377 ac
831 350 968 377 excidium

184 389 340 425 descripsit,
356 399 418 425 pag.
449 392 500 419 181
529 392 659 420 editionis
688 394 870 426 Coloniensis,
897 403 970 422 anno

186 435 255 463 1655
268 436 356 469 factm,
374 443 500 473 sanctum
515 438 683 466 Deme-trium
699 440 819 474 appellat
836 441 971 476 myrobly-

185 485 251 513 tam,
268 482 304 509 ita
319 488 500 517 unguentum,
514 484 586 518 quod
599 484 693 512 Gra‘ce
706 486 789 520 μυρὶν
802 491 924 518 vocatur,
937 494 970 513 ex

183 527 243 559 ejus
251 534 300 554 seu
313 526 428 562 corpore
435 535 481 554 seu
495 529 601 556 tumulo
612 530 707 556 saltem
719 531 864 563 scaturirc,
877 530 970 558 Gra‘ce

186 570 307 604 βλύζειν,
319 580 374 600 non
391 574 506 601 obscure
520 575 687 610 signiﬁcans.

221 618 266 645 95.
284 617 405 646 Joannes
426 620 569 656 Scylitzes,
603 622 649 655 qui
672 622 771 649 sarculo
785 631 809 649 xi
824 623 926 655 ﬂeruit,
944 625 969 651 iu

182 663 316 691 Michacle
328 664 502 701 Paphlagone
517 667 607 693 oleum
621 674 669 694 seu
682 673 849 702 unguentum
860 677 874 695 e
884 671 970 696 sancti

181 709 314 736 Demetrii
332 711 457 745 sepulcro
472 713 606 739 soaturirc
623 712 724 740 diserte
736 713 860 741 afﬁrmat.
877 714 931 742 Nec
945 716 970 743 id

146 754 150 761 '
180 755 275 783 minus
284 756 356 783 clare
367 758 446 784 Anna
459 757 612 790 Conmena,
625 767 685 794 quae
697 761 796 787 smrulo
807 760 970 789 duodecimo

179 799 292 831 claruit,
320 807 423 835 resque
451 810 466 829 a
495 808 572 837 patre
603 811 665 835 suo,
693 805 788 832 Alexio
817 805 970 841 Comneuo,

182 849 248 872 tunc
272 851 372 880 gestas,
402 847 596 876 lucubratione
624 857 638 876 a
665 857 694 877 se
721 855 861 883 contexta,
890 860 970 886 quam

148 887 152 895 '
182 890 338 919 Alexiadem
358 893 508 928 inscripsit,
530 895 563 921 ad
589 897 780 930 posteritatem
809 900 969 932 transmisit,

181 936 263 970 hujus
277 939 319 964 sui
344 939 435 973 operis
451 940 499 966 lib.
522 948 552 972 ιι,
577 949 639 976 pag.
658 942 692 969 60
709 945 847 971 memoria}
870 944 969 979 prodit,

183 984 220 1011 ita
237 985 338 1012 ibidem
367 987 509 1015 scribens:
530 997 538 1014 ι
560 988 590 1015 In
615 997 667 1023 qua
685 991 764 1024 (urbe
794 992 971 1019 Thessaloni-

181 1029 260 1057 ccnsi
292 1031 434 1066 nimirum)
460 1033 623 1067 prazclarum
651 1035 781 1069 templum
807 1036 834 1062 in
858 1037 971 1064 nomine

181 1075 274 1110 magni
291 1078 421 1112 martyris
445 1074 575 1106 Demetrii
592 1085 761 1108 exstructum
789 1082 906 1110 visitur:
924 1084 970 1111 ubi

180 1126 210 1148 et
224 1128 396 1157 unguentum
413 1131 444 1151 ex
463 1125 613 1153 venerabili
637 1128 697 1162 ejus
709 1128 800 1156 loculo
817 1131 971 1159 scaturiens

181 1168 315 1195 maximas
340 1169 463 1203 quotidie
494 1172 652 1199 curationes
679 1178 810 1208 operatur
833 1176 860 1201 in
877 1176 910 1203 iis
924 1176 972 1211 qui

183 1220 247 1240 cum
264 1214 316 1241 tlde
334 1215 480 1243 accedunt.
499 1226 507 1242 I
531 1217 643 1245 Nicetas
658 1218 820 1253 Cboniates,
834 1221 881 1256 qui
898 1230 972 1249 anno

181 1259 251 1287 1205
278 1261 361 1287 vitam
379 1269 441 1288 cum
454 1268 543 1290 morte
556 1266 748 1297 commutavit,
766 1265 793 1293 in
820 1267 970 1295 Annalibus

180 1312 195 1331 a
223 1313 253 1332 se
273 1307 436 1341 conscriptis
462 1309 568 1335 scelera
584 1318 599 1336 a
623 1309 723 1338 Siculis
753 1311 971 1346 TlteSSalouica',

179 1357 242 1376 cum
257 1350 396 1379 civitatem
415 1353 485 1380 hanc
501 1361 574 1381 anno
586 1354 653 1381 1185
669 1361 874 1390 expugnassent
894 1365 971 1385 com-

182 1395 265 1434 missa
277 1397 408 1432 graphice
429 1398 601 1433 describens,
618 1408 650 1428 ea
666 1401 747 1428 simul
763 1403 864 1437 prodit,
878 1411 894 1430 c
908 1403 971 1438 qui-

183 1441 235 1468 bus
272 1447 338 1470 tunc
361 1444 444 1471 etiam
467 1452 639 1481 unguentum
661 1455 710 1474 seu
724 1448 815 1475 oleum
849 1456 864 1476 e
881 1450 970 1477 sancti

181 1486 313 1514 Demetrii
329 1491 457 1524 sepulcro
473 1493 592 1519 maxima
610 1494 688 1528 copia
710 1485 864 1528 ehulliisse,
881 1496 969 1523 mani<

160 1543 163 1549 ν
180 1533 281 1561 festum
305 1535 343 1562 lit.
357 1535 394 1563 lta
407 1537 479 1564 enim
493 1538 594 1566 ibidem
608 1539 636 1566 in
651 1540 808 1568 Andronico
828 1541 970 1570 Conmeno

180 1578 227 1606 lib.
245 1587 265 1611 ι¹
284 1588 359 1608 num.
376 1582 404 1614 9,
422 1584 521 1611 habet:
544 1593 552 1610 ι
572 1583 627 1612 Nec
650 1586 731 1613 editis
750 1594 799 1621 per
821 1595 868 1614 eos
886 1588 969 1615 mira-
981 1594 1003 1625 ε

179 1625 250 1652 culis
264 1627 454 1660 movebantur,
465 1630 565 1663 quibus
573 1630 700 1658 Christus
713 1639 759 1659 eos
767 1638 968 1666 remuneratur,

179 1671 266 1704 quiin
290 1672 347 1699 suis
377 1674 509 1702 membris
524 1675 574 1710 ipsi
594 1676 725 1704 honorem
750 1678 906 1706 habuerunt
920 1688 928 1713 ;
941 1684 971 1707 ut

179 1723 362 1752 unguentum,
388 1721 459 1755 quod
481 1729 513 1748 ex
538 1722 712 1750 celeberrimi
728 1725 857 1760 martyris
874 1725 971 1753 Demc-

180 1763 223 1789 trii
237 1770 416 1792 monumento
431 1766 538 1797 ebullit.
552 1768 627 1794 cadis
639 1775 668 1795 et
679 1769 816 1796 lebetibus
826 1769 968 1805 haustum,

179 1809 290 1843 patellis
315 1811 431 1845 piscium
458 1812 648 1846 infunderent,
668 1823 700 1843 eo
716 1816 903 1845 calceamenta
921 1826 972 1845 un-

179 1860 288 1890 gerent,
303 1861 331 1883 et
343 1857 375 1884 ad
393 1863 490 1886 caetera
504 1859 669 1894 ministeria,
684 1863 786 1896 quibus
804 1863 893 1891 oleum
908 1864 971 1891 usui

179 1905 234 1931 est,
251 1905 353 1930 temere
368 1907 395 1930 et
410 1907 537 1939 nequiter
551 1906 741 1935 abuterentur.
760 1909 788 1935 ld
810 1917 885 1942 vero,
912 1916 942 1938 ut
956 1917 971 1938 e

180 1946 257 1974 fonte
280 1948 441 1978 inexhausto
464 1952 604 1986 prodiens,
629 1958 676 1980 aut
703 1961 735 1980 ex
756 1954 854 1989 abysso
881 1960 972 1983 scatu-

180 1994 266 2027 riens,
288 1997 425 2028 copiosius
439 1998 577 2031 attinebat,
593 2003 621 2027 et
635 2008 706 2027 nova
725 2001 834 2030 ratione
846 2003 970 2030 extruda-

181 2040 238 2071 bat,
257 2046 286 2068 ut
302 2047 329 2068 et
347 2042 455 2069 barbari
472 2052 556 2071 unum
581 2045 608 2072 id
636 2046 815 2080 mirarentur,
834 2053 862 2075 et
884 2049 972 2084 gratia

180 2087 295 2121 martyri
309 2087 444 2115 divinitus
463 2097 595 2118 concessa
615 2092 856 2128 obstupescerent.
875 2103 884 2120 ι

217 2132 261 2158 96.
279 2131 401 2160 Joannes
420 2135 642 2170 Cantacuzenus,
671 2139 727 2172 qui,
743 2139 878 2168 abdicatis
893 2149 967 2170 anno

182 2177 252 2204 1555
268 2178 375 2212 imperii
392 2179 522 2212 fascibus,
551 2190 642 2209 rerum
659 2191 672 2209 a
691 2192 721 2212 se
738 2185 854 2220 aliisque
879 2191 970 2222 gesta-

182 2231 242 2249 rum
262 2224 377 2251 historia
407 2227 609 2254 conscrilienda
634 2233 809 2258 senectutem
822 2232 970 2266 transegit,

181 2270 342 2297 concinnati
360 2279 374 2298 a
389 2279 418 2299 se
438 2273 520 2308 hujus
542 2274 635 2308 operis
651 2275 700 2303 lib.
719 2284 737 2308 I,
755 2285 816 2311 cap.
831 2278 874 2309 55,
891 2277 968 2305 item-

182 2323 236 2348 que
255 2317 300 2344 lib.
320 2325 363 2350 ut,
384 2326 446 2354 cap.
461 2319 477 2346 9
493 2321 676 2356 μυροῆλύτου,
696 2322 793 2350 Latine
806 2324 971 2358 myroblyta,

183 2360 209 2386 id
223 2365 275 2393 est,
292 2362 378 2389 oleum
389 2371 437 2391 seu
453 2371 614 2400 «unguentum
629 2369 796 2395 scaturientia
810 2368 971 2396 stillantisve

183 2407 264 2433 titulo
290 2413 419 2436 sanctum
446 2409 628 2445 Demetrium,
660 2413 724 2440 dum
741 2414 774 2441 de
794 2414 971 2442 Thessaloni-

182 2454 258 2480 censi
275 2454 355 2489 hujus
372 2463 419 2483 seu
436 2458 537 2492 templo
566 2466 614 2486 seu
633 2460 788 2487 conditorio
801 2461 971 2488 mentionem

184 2499 258 2531 facit,
297 2502 473 2530 condecorat.
513 2504 587 2534 Idem
618 2506 702 2534 etiam
730 2506 836 2534 faciunt
871 2512 971 2542 prmter

182 2544 316 2572 Joannem
355 2548 540 2575 Uameuiatam
574 2558 658 2585 supra
692 2552 748 2586 jam
787 2557 971 2581 memoratum

183 2589 336 2624 scriptores
363 2591 450 2618 Graeci
482 2593 528 2620 alii
552 2602 606 2621 non
639 2596 729 2629 pauci.
747 2596 784 2623 ita
808 2602 911 2629 tamen,
942 2604 972 2625 ut

184 2634 189 2658 Ι
202 2641 266 2661 osce
297 2636 367 2663 inter
382 2638 462 2665 etiam
477 2640 542 2671 sint,
557 2641 614 2674 qui,
627 2641 753 2675 quamvis
767 2643 876 2674 quidem
899 2643 969 2671 Sau-

184 2682 258 2705 clum
284 2687 338 2706 non
359 2682 527 2716 μυροῆλύτου
554 2692 602 2711 seu
616 2686 778 2721 myroblytm,
797 2688 970 2723 μυροσλήτου

184 2724 373 2759 nihilominus,
388 2729 461 2763 quod
486 2730 583 2758 eodem
600 2733 709 2765 recidit,
737 2741 785 2760 seu
802 2735 969 2769 myroblctx,

186 2772 210 2797 id
231 2778 283 2804 est,
309 2774 399 2801 oleum
426 2783 473 2802 seu
509 2783 679 2812 unguentum
698 2781 850 2808 emittentis
880 2782 970 2815 titulo,

185 2819 406 2848 lltltllf‘llCi'lllllnc
424 2830 438 2848 a
452 2823 567 2852 vocibus
579 2825 682 2853 GI‘mcis
702 2827 800 2861 μωρὸν,
817 2829 902 2857 oleum
922 2838 971 2857 seu

186 2870 358 2899 auguramur,
382 2872 409 2894 ct
426 2868 545 2902 βάλῦειν,
577 2872 679 2899 mittere
695 2880 743 2900 seu
763 2874 892 2906 emittere,
924 2875 971 2902 dc-

188 2909 278 2943 tlurta,
292 2912 419 2941 alliciant.
438 2909 573 2944 C:rtcrurn
590 2922 617 2945 ut
633 2919 816 2954 scriptoribus
834 2921 888 2956 jam
913 2922 969 2949 lau-

1021 306 1123 336 gueuto
1139 309 1187 327 seu
1204 301 1276 334 oleo,
1300 303 1372 336 quod
1392 310 1407 330 c
1425 304 1513 331 sancti
1531 304 1665 332 Demetrii
1693 313 1806 339 corpore

1021 355 1069 374 seu
1096 348 1202 375 tumulo
1220 350 1376 384 prodigiose
1402 350 1525 384 stillavit,
1551 352 1685 384 locutum,
1711 353 1804 386 adjun-

1021 402 1094 429 gam,
1120 393 1242 421 Joannes
1271 396 1442 430 Anagnosta,
1462 405 1544 432 supra
1565 398 1654 427 adhuc
1682 399 1807 426 laudatus

1022 439 1116 466 saeculi
1149 448 1182 466 xv
1203 440 1322 475 scriptor
1355 441 1478 475 Graecus,
1510 444 1559 478 qui
1592 444 1807 477 Thessalonicae,

1022 485 1117 520 patria:
1127 493 1194 517 suae,
1211 494 1284 514 anno
1297 487 1366 516 1429
1383 496 1399 515 a
1421 487 1519 516 Turcis
1533 490 1655 518 obsessa:
1669 498 1796 526 expugna

1023 537 1120 567 neque,
1134 533 1269 561 excidium
1283 535 1383 563 litteris
1392 537 1549 571 complexus
1559 541 1612 569 est,
1622 538 1651 564 in
1665 539 1808 572 opusculo,

1021 579 1092 613 quod
1102 579 1134 606 ad
1145 579 1300 607 luctuosum
1311 581 1387 608 illum
1408 586 1547 616 eventum,
1561 583 1730 618 cuiipsemet
1741 592 1809 619 prae

1022 633 1086 652 sens
1112 625 1284 659 interfuerat,
1296 626 1507 655 describendmn
1524 629 1710 662 concinnavit,
1723 631 1809 664 quod-

1021 671 1108 705 qucin
1126 671 1226 699 Leonis
1240 672 1330 699 AllaLii
1354 672 1557 708 Symmictorunt
1575 675 1645 702 libro
1659 677 1804 710 posteriori

1022 716 1092 751 typis
1106 717 1245 752 vulgatqu
1264 723 1364 750 exstat,
1383 727 1444 754 pag.
1461 720 1513 747 555
1528 725 1556 747 et
1573 729 1661 756 seqq.,
1680 723 1806 757 cumjam

1021 766 1102 790 antea
1129 763 1158 790 in
1177 764 1273 791 eodem
1298 766 1429 799 opusculo
1458 775 1518 802 pag.
1544 767 1597 796 329
1629 770 1809 804 μυροὸλὺτου.

1023 807 1048 834 id
1068 812 1121 841 est,
1138 809 1291 844 myroblytae
1314 817 1362 838 Seu
1388 817 1551 846 unguentum
1575 814 1705 842 stillantis
1730 817 1810 844 titulo

1022 851 1153 879 Sanctum
1169 859 1305 887 oruaSSet,
1334 855 1371 882 ita
1387 864 1402 883 e
1416 855 1517 885 Leonis
1531 858 1623 887 Allatii
1639 859 1808 895 interpreta—

1024 898 1098 925 tione
1124 899 1265 926 memoriae
1282 901 1389 934 prodit:
1408 910 1417 927 ι
1440 901 1511 935 Quid
1537 911 1620 938 porro
1637 905 1745 934 diceres
1770 907 1805 934 do

1023 945 1108 971 nostri
1134 946 1271 979 tropazalis
1299 951 1326 974 et
1346 948 1474 983 martyris
1496 949 1638 984 (Demetrii
1667 952 1806 988 videlicet)

1023 991 1217 1026 myrothecio?
1236 1001 1245 1017 ι

1057 1058 1102 1086 97.
1123 1068 1132 1084 ε
1152 1059 1248 1094 Neque
1264 1060 1331 1087 illud
1345 1060 1489 1089 immotum
1510 1071 1599 1098 neque
1622 1065 1812 1100 imperturba—

1024 1108 1081 1132 tum
1095 1103 1195 1132 furoris
1212 1107 1405 1140 exsuperantia
1422 1114 1634 1141 conservaram,
1654 1109 1700 1144 qui
1716 1115 1811 1141 contra

1022 1157 1072 1177 nos
1104 1151 1186 1177 veluti
1214 1151 1310 1179 bestia:
1340 1152 1527 1181 immansueta:
1557 1156 1725 1188 saevierant;
1756 1164 1812 1183 non

1022 1196 1146 1223 eamdem
1161 1202 1250 1223 tamen
1265 1198 1301 1225 ob
1317 1205 1439 1231 causam,
1458 1199 1493 1226 ob
1507 1208 1587 1235 quam
1618 1201 1669 1228 alia
1691 1202 1814 1236 antiqui-

1024 1245 1066 1267 tus
1082 1248 1132 1275 per
1146 1249 1197 1268 nos
1214 1243 1341 1276 sepulcra
1371 1249 1511 1272 exstructa
1537 1250 1659 1273 reserata
1690 1252 1755 1274 Slllll.
1784 1252 1813 1274 ει

1023 1286 1149 1321 disiecta,
1167 1292 1195 1315 et
1214 1289 1380 1316 cadaverum
1409 1290 1543 1324 reliquim,
1564 1291 1591 1318 in
1619 1292 1659 1318 eis
1675 1293 1811 1328 jacentes,

1022 1339 1106 1366 super
1122 1337 1224 1360 terram
1240 1334 1372 1368 dispersae
1389 1343 1396 1362 :
1414 1335 1442 1362 in
1461 1336 1514 1363 illis
1528 1337 1601 1364 enim
1617 1337 1714 1365 Turcaa
1729 1346 1814 1373 pecu-

1021 1377 1082 1404 nias
1106 1385 1121 1404 a
1148 1378 1256 1406 civibus
1280 1381 1427 1415 repositas,
1452 1390 1532 1409 causa
1555 1382 1611 1418 jam
1632 1389 1813 1418 praenarrata,

1023 1431 1165 1459 reperere,
1185 1423 1387 1461 proptereaque
1413 1426 1470 1455 fere
1490 1429 1584 1456 omnia
1604 1434 1632 1457 et
1653 1435 1814 1457 reseraruut

1022 1474 1049 1497 et
1062 1470 1276 1504 subverterunt;
1301 1476 1329 1499 at
1344 1473 1389 1500 hic
1404 1473 1506 1508 duplici
1523 1475 1557 1502 de
1567 1465 1653 1503 'eausa
1673 1480 1730 1502 tum
1752 1484 1814 1511 pro-

1021 1519 1083 1549 pter
1108 1523 1143 1542 ex
1159 1523 1214 1543 non
1241 1524 1326 1552 parvo
1346 1525 1416 1545 auro
1442 1522 1471 1546 et
1482 1525 1595 1554 argento
1623 1524 1652 1547 et
1676 1521 1813 1556 lapidibus

1022 1563 1150 1597 pretiosis
1180 1571 1231 1591 nec
1266 1572 1322 1592 non
1353 1570 1381 1592 et
1407 1566 1522 1601 gemmis
1548 1568 1622 1595 circa
1651 1568 1717 1595 illud
1733 1576 1810 1595 com-

1019 1609 1138 1644 positum
1146 1615 1285 1642 ornatum,
1302 1614 1360 1638 tum
1377 1617 1489 1646 propter
1506 1613 1651 1640 sanitatem
1674 1614 1810 1642 exhibens

1020 1655 1146 1682 divinum
1165 1660 1348 1690 unguentum.
1373 1657 1504 1685 Nonnulli
1524 1658 1596 1686 enim
1612 1663 1726 1686 ornatus
1747 1663 1810 1686 tan-

1021 1706 1079 1729 tum
1096 1701 1182 1737 gratia
1201 1701 1267 1729 illud
1284 1703 1488 1737 despoliarunt;
1499 1704 1555 1738 alii,
1571 1704 1649 1732 nobis
1660 1710 1812 1741 unguento-

1020 1755 1081 1775 rum
1095 1747 1439 1782 allluentiaminvidentes,
1456 1754 1493 1782 et,
1508 1758 1568 1784 qua:
1582 1751 1645 1778 inde
1661 1751 1807 1786 subsequi-

1021 1798 1078 1827 tur,
1090 1794 1208 1821 sanitate
1223 1801 1273 1821 nos
1286 1794 1394 1829 privare
1407 1795 1560 1831 cupientes,
1578 1801 1607 1824 ut
1619 1796 1646 1823 in
1669 1801 1811 1832 p0sterum

1021 1838 1065 1865 illa
1090 1839 1170 1866 nobis
1195 1839 1345 1873 medicina,
1365 1849 1427 1868 cum
1446 1849 1515 1877 opus
1529 1847 1613 1873 esset,
1626 1842 1700 1870 nulla
1710 1851 1811 1878 suppe-

1023 1890 1103 1913 teret.
1114 1885 1289 1921 Quapropter
1297 1887 1478 1922 superstratis
1488 1889 1669 1916 marmoribus
1677 1889 1811 1923 disjectis.

1023 1938 1162 1967 unguenta
1189 1940 1244 1960 non
1277 1933 1328 1960 levi
1345 1934 1406 1961 nisu
1438 1935 1616 1966 exhauriunt,
1645 1940 1674 1962 et
1701 1943 1810 1962 sacrum

1021 1978 1199 2013 divinumque
1215 1979 1342 2014 martyris
1368 1987 1467 2015 corpus
1486 1975 1648 2015 expromere
1665 1987 1810 2008 conantur.

1021 2023 1211 2059 Opinabantur
1219 2024 1354 2059 siquidem
1369 2026 1539 2061 propositum
1551 2027 1692 2061 consequi,
1707 2034 1812 2061 nosque

1022 2071 1462 2105 unguenloruminexhaustorum
1477 2072 1504 2098 in
1518 2072 1663 2100 orbitatem
1675 2073 1811 2108 redigere.

1022 2115 1228 2148 Verumtamen,
1255 2124 1335 2153 quem
1357 2117 1408 2144 sibi
1437 2122 1540 2144 temere
1565 2123 1748 2153 proposuerat
1765 2127 1810 2145 eo-

1022 2169 1083 2188 rum
1104 2161 1201 2193 libido,
1230 2161 1312 2188 ﬁnem
1331 2170 1384 2189 non
1416 2162 1523 2189 habuit.
1540 2162 1591 2190 Per
1609 2163 1702 2198 plures
1717 2163 1809 2198 itaque

1021 2207 1081 2234 dies
1100 2208 1234 2235 ambabus
1248 2207 1375 2235 manibus
1402 2213 1571 2244 unguentum
1585 2209 1809 2241 exhauriebalur,

984 2263 1010 2293 ι)
1023 2258 1051 2280 et
1068 2253 1230 2288 quibusdam
1258 2255 1338 2290 plane
1361 2255 1505 2282 ridiculum
1528 2255 1691 2289 videbatur;
1708 2260 1746 2288 at,
1764 2256 1810 2290 qui

1022 2301 1084 2335 plus
1108 2300 1171 2328 aliis
1199 2300 1355 2335 sapiebaut,
1387 2309 1459 2329 cura:
1476 2301 1609 2328 eratillud
1636 2302 1663 2328 in
1691 2301 1809 2336 patriam

1024 2346 1186 2380 perducere,
1218 2351 1246 2373 et
1272 2354 1334 2373 cum
1360 2347 1514 2374 reverentia
1539 2347 1728 2382 religioneque
1743 2355 1811 2374 con-

1023 2397 1150 2420 trectare.
1165 2393 1232 2420 Nam
1253 2393 1286 2420 ab
1302 2393 1422 2427 expertis
1450 2393 1621 2427 audiverant,
1644 2393 1679 2420 ad
1707 2394 1811 2428 quosli-

1023 2437 1070 2465 bet
1089 2438 1199 2465 morbos
1228 2438 1438 2465 medicinalibus
1455 2438 1522 2473 ipsis
1538 2439 1694 2473 pharmacis
1724 2439 1810 2466 multo

1023 2483 1160 2511 eﬂicacius
1190 2492 1261 2511 esse.
1277 2484 1462 2511 Nihilominus
1487 2489 1690 2520 unguentorum
1707 2485 1809 2512 fontem

1024 2538 1077 2557 non
1106 2535 1223 2565 potuere
1244 2539 1332 2565 neque
1360 2531 1509 2563 exsiccare,
1543 2539 1632 2567 neque
1655 2532 1808 2564 exinanire,

1023 2578 1148 2610 quamvis
1165 2577 1190 2604 id
1216 2578 1419 2604 contentiosius
1438 2577 1608 2612 multumque
1633 2585 1682 2612 per
1703 2582 1809 2613 tempus

1024 2623 1188 2655 niterentur,
1207 2627 1234 2650 et
1251 2623 1382 2650 merito...
1403 2630 1493 2657 neque
1517 2623 1589 2649 enim
1607 2623 1725 2650 lnunana
1738 2631 1809 2650 cxre-

1023 2673 1118 2702 quaut,
1147 2676 1207 2703 qua:
1237 2669 1308 2695 Deus
1324 2669 1413 2704 dignis
1430 2668 1570 2706 elargitur,
1590 2669 1670 2696 sicuti
1692 2678 1742 2696 nec
1763 2670 1810 2697 iis-

1024 2715 1084 2742 dem
1104 2715 1231 2742 terminis
1241 2716 1394 2751 subiacent.

1059 2784 1102 2811 98.
1121 2783 1208 2819 Atque
1229 2784 1286 2811 ha-c
1303 2789 1368 2812 sunt
1387 2785 1535 2820 pri-cipua,
1548 2793 1608 2820 qua
1634 2786 1660 2812 iu
1688 2785 1808 2812 taedium

1024 2830 1069 2857 hic
1091 2830 1250 2857 adducenda
1273 2831 1350 2862 duxi,
1372 2831 1536 2865 scriptorum
1553 2832 1587 2858 de
1605 2837 1741 2867 tinguento
1762 2839 1810 2859 seu

1024 2877 1095 2908 oleo,
1113 2877 1185 2911 cptod
1198 2884 1213 2904 e
1231 2877 1323 2905 Sancti
1340 2886 1386 2904 seu
1403 2885 1519 2912 corpore
1534 2887 1582 2905 seu
1602 2879 1706 2905 tumulo
1722 2879 1810 2906 stilla-

1025 2922 1072 2955 vit,
1090 2921 1262 2957 testimonia;
1280 2931 1357 2951 nemo
1373 2929 1474 2957 autem,
1491 2929 1620 2960 quantum
1635 2924 1743 2959 opinor,
1757 2927 1808 2955 est,
