2049 3151
229 137 299 175 1ῑ3.)

872 144 1199 182 SUPPLEMENTUM.

1777 149 1846 181 114ῡ

229 199 289 234 qui.
306 200 382 227 hisce
396 202 535 235 expensis,
549 201 583 229 de
607 201 645 229 rei
665 202 780 230 veritate
804 207 940 239 utcunque
955 212 1012 232 am-
1028 209 1049 237 Α
1065 207 1185 241 positum
1200 211 1427 243 exsequerentur,
1437 209 1637 240 unguentorum
1653 200 1728 232 illinc
1746 211 1762 232 e
1777 213 1846 232 mar-

230 244 312 281 bigat.
336 246 446 279 Verum,
463 251 493 275 ut
511 248 544 275 ad
560 255 603 281 ea,
620 256 680 283 quae
694 249 774 277 dubia
786 249 1011 286 discutiendaque

228 295 360 327 praterea
375 292 420 320 hic
437 297 510 327 sunt,
521 293 575 329 jam
588 295 706 327 veniam,
721 295 892 330 quandonam
905 297 1011 332 insigne

229 337 295 365 illud
309 345 341 365 ac
356 339 516 366 continuum
533 341 586 368 olei
602 347 649 368 seu
667 342 810 375 unguenti,
826 350 841 369 e
857 342 949 370 Sancti
963 351 1011 369 seu

228 392 344 420 corpore
367 392 416 412 seu
439 385 544 414 tumulo
569 387 755 419 scaturientis,
777 388 928 422 prodigium
954 389 1011 416 ﬁeri

228 431 345 466 primum
363 431 483 467 incepit?
495 431 562 459 Cum
580 430 697 460 Joannes
715 433 869 461 Cameniata
883 454 890 466 ,
907 439 937 461 ut
955 434 1010 470 jam

229 476 324 510 docui,
338 477 438 504 saeculo
455 478 561 505 decimo
575 477 707 511 ﬂoruerit,
726 479 909 514 Sanctamque
923 480 1013 516 Myro-

228 522 308 558 blytat
322 524 401 551 titulo
410 523 515 556 adiciat,
532 526 596 560 quin
610 525 665 558 jam
678 525 741 552 inde
756 526 789 552 ab
805 526 899 553 eodem
913 527 1012 554 smeulo

219 570 336 605 decimo
357 575 523 605 unguentum
545 578 592 598 seu
616 572 704 598 oleum
731 579 746 599 e
768 573 854 599 sancti
881 572 1010 599 Demetrii

230 615 336 642 tumulo
358 616 487 648 stillarit,
505 617 682 644 dubitandum
706 625 760 644 non
786 623 844 649 est;
871 619 925 645 itno
947 626 1011 645 vero

229 667 289 686 cum
305 660 397 688 titulus
412 661 457 688 ille
472 669 526 688 non
542 667 605 689 tunc
619 662 747 696 primum,
765 670 825 690 cum
847 669 942 690 auctor
967 664 1011 690 ille

216 705 350 738 illoreret,
368 706 468 734 Sancto
485 708 602 734 tributus
618 708 700 735 fuisse
711 708 845 739 videatur.
858 709 947 736 oleum
961 717 1009 736 seu

231 756 396 786 unguentum
420 760 453 779 ex
473 753 532 787 ejus
553 760 600 780 seu
627 760 741 788 corpore
761 761 808 780 seu
829 754 933 781 tumulo
955 755 1010 788 jam

228 797 292 824 Inde
306 805 319 823 a
333 797 431 824 saeculo
447 806 518 826 nono
531 803 576 826 aut
591 800 670 827 etiam
680 803 775 827 oclaVo
786 800 938 835 prodigiose
953 800 1012 827 stil-

229 843 308 875 lasse,
324 844 394 871 haud
412 843 556 872 difﬁculter
572 845 747 873 crediderim.
766 844 865 872 Verum
890 853 953 872 num
970 846 1010 872 ci-

1066 257 1123 287 tyre
1137 253 1256 280 stillante
1275 252 1352 288 copia
1368 252 1550 280 obruerentur
1561 271 1568 284 ,
1594 250 1755 278 abscindere
1773 255 1846 278 sata-

1065 301 1166 333 gentes.
1184 307 1192 322 ι

1101 343 1162 370 100.
1178 342 1255 376 Quod
1271 342 1293 370 si
1307 350 1372 378 ergo
1386 341 1492 370 Joanne
1508 341 1651 369 Stauracio
1661 342 1787 369 standum
1799 342 1846 375 sit,

1061 389 1117 423 jam
1139 389 1199 416 inde
1216 397 1230 416 a
1247 388 1394 416 Iustiniani
1409 388 1420 415 Ι
1438 389 1619 423 imperatoris,
1637 388 1684 423 qui
1701 388 1735 415 ab
1751 388 1848 423 aliqui-

1065 435 1114 461 bus
1130 433 1218 469 Magni
1235 433 1313 461 titulo
1329 433 1538 466 condecoratur,
1555 437 1635 460 aetate
1652 441 1684 460 ac
1701 435 1778 467 proin
1791 433 1848 467 jam

1064 480 1128 507 inde
1148 487 1164 506 a
1185 479 1284 507 saeculo
1308 483 1398 511 sexto,
1424 479 1501 513 cttjus
1517 483 1589 505 anno
1604 479 1638 505 65
1663 479 1686 506 is
1705 479 1782 510 obiit,
1798 487 1849 505 un—

1064 528 1193 560 guentum
1208 532 1256 551 seu
1271 523 1360 550 oleum
1374 531 1390 551 e
1406 524 1510 551 tutuuio
1523 530 1571 549 seu
1585 522 1675 558 potius
1705 523 1847 557 spectatis,

1065 578 1124 606 quae
1136 570 1191 605 jam
1206 569 1319 597 recitata
1334 573 1409 601 sunt,-
1426 569 1527 601 verbis,
1544 568 1637 595 Sancti
1653 576 1768 603 corpore
1787 576 1848 595 sca-

1065 617 1151 649 turiit,
1159 620 1186 643 et
1194 615 1315 650 quidem,-
1327 618 1357 642 ut
1366 615 1580 642 luculentissime
1588 614 1663 642 hisce
1673 613 1798 646 traditur,
1807 614 1849 640 in-

1065 661 1137 696 genti
1151 661 1238 694 copia.
1252 659 1349 687 Verum
1364 663 1439 692 sunt,
1455 666 1526 694 quae,
1540 666 1574 685 an
1585 659 1640 693 jam
1656 663 1712 685 tum
1724 666 1739 686 e
1750 658 1849 686 Deme-

1065 707 1108 733 trii
1125 713 1239 740 corpore
1256 710 1423 740 unguentum
1438 712 1485 732 seu
1498 712 1582 738 parva
1599 712 1647 731 seu
1661 712 1757 739 magna
1770 705 1849 739 copia

1065 751 1185 784 stillarit,
1204 751 1315 778 dubium
1335 751 1499 784 admodum,
1518 759 1553 777 ne
1568 751 1631 785 quid
1647 750 1726 785 pejus
1740 750 1847 782 dicam,

1065 797 1193 824 eﬂiciunt.
1203 797 1241 824 Ac
1256 798 1344 832 pritno
1357 797 1464 832 quidem
1476 796 1607 830 Joannes,
1622 797 1850 824 Thessalonicen-

1066 844 1103 871 sis
1119 844 1349 877 archicpiscopus,
1374 844 1420 870 lib.
1442 851 1450 870 1
1475 843 1675 873 Miracutumm.
1692 850 1751 876 cap.
1771 842 1800 874 5,
1821 842 1849 868 in

230 890 284 916 tius
307 890 388 916 etiam
415 891 537 918 miraculi
565 891 646 926 hujus
668 891 776 918 initium
797 892 878 918 statui
907 891 1012 926 possit?
1029 886 1050 914 Β
1065 889 1183 916 taedium
1199 889 1310 916 adducit
1332 889 1488 923 epistolam,
1504 888 1537 916 ad
1554 888 1710 915 Mauritium
1728 888 1850 922 impera-

229 930 332 961 Poterit
351 942 426 966 sane.
442 939 521 969 atque
536 936 616 962 etiam
633 936 751 968 debebit,
768 937 789 963 si
812 936 892 963 modo
913 935 1010 963 Joanni

229 977 371 1006 Szauracio
384 980 409 1006 in
428 987 486 1012 sua.
503 987 562 1014 quae
578 980 666 1015 qualis
679 981 725 1012 sit,
741 988 822 1015 supra
842 981 965 1015 exposui,
979 981 1012 1008 de

229 1026 343 1060 patratis
361 1033 376 1052 a
391 1030 486 1054 sancto
508 1025 647 1053 Demetrio
666 1026 805 1054 miraculis
821 1027 1011 1054 lucubratione

227 1072 264 1098 sit
279 1073 455 1101 credendum.
478 1072 585 1101 Etenim
605 1073 714 1100 Graecus
736 1074 758 1101 is
781 1074 908 1108 scriptor,
934 1069 1024 1108 cujus'

228 1118 344 1152 proinde
360 1119 442 1146 verba
459 1127 511 1146 una
526 1127 587 1146 cum
602 1119 743 1154 adjuncta,
761 1127 842 1154 quam
860 1120 1009 1152 adornavi,

227 1163 355 1191 versione
371 1163 454 1192 latina
474 1165 527 1192 huc
544 1165 692 1197 transfero,
713 1165 742 1192 in
773 1165 867 1193 codice
883 1170 976 1193 nostro
992 1164 1012 1200 ’ξ-

228 1216 279 1236 ms.
308 1209 370 1241 195.
386 1217 445 1244 pag.
460 1210 503 1242 73,
521 1211 557 1237 ita
572 1210 666 1238 scribit
683 1219 689 1237 :
707 1210 909 1238 Μετακαλεῖται
935 1211 1012 1245 ἡμᾶς

226 1255 262 1282 τὰ
286 1256 351 1291 περὶ
372 1256 563 1283 Ἰουστινιανὸν
578 1257 625 1283 τὸν
644 1257 730 1291 μιγαν
741 1257 943 1292 αὐτοκράτορα.
961 1256 1014 1284 οὔ·

226 1308 273 1333 10;
297 1300 451 1336 ἀφύλακτον
468 1301 556 1332 ἄλλως
572 1301 644 1336 ἔχειν
667 1301 698 1327 τὸ
723 1301 773 1336 τῆς
793 1301 930 1336 βασιλείας
947 1302 1014 1336 σκῆ-

226 1350 312 1382 πτρον
330 1346 516 1380 ὑπελογίζετο,
534 1348 558 1373 εῐ
574 1347 611 1382 μή
636 1346 686 1372 πού
699 1354 725 1373 τι
739 1345 793 1373 τῶν
810 1345 1012 1381 Δημητριακῶν

226 1388 362 1428 ἱειψάνων
387 1393 593 1428 συστρατηγῶν
618 1392 703 1427 αὐτῷ,
735 1392 835 1428 μᾶλλον
857 1392 886 1419 δὲ
905 1400 1012 1427 προμα-

230 1439 295 1474 χοῦν
312 1439 482 1473 ὲπιψέροιτο.

262 1484 306 1512 99.
332 1485 487 1520 Γράμματα
511 1485 600 1512 τοίνυν
625 1483 708 1512 αὐτοῦ
736 1485 782 1511 καὶ
810 1483 972 1520 προθέματα
994 1484 1011 1519 ἡ

228 1531 449 1558 Θεσσαλονικέων
471 1529 545 1566 εἶχεν
570 1533 609 1562 εἰς
628 1531 758 1567 ἐπήκοον,
787 1531 868 1566 μέρος
886 1539 938 1557 που
962 1530 1012 1565 τῆς

230 1578 403 1613 μαρτυρικῆς
437 1577 559 1613 διαρτιας
591 1577 639 1603 τοῦ
666 1577 792 1613 σώματος
819 1576 1010 1610 ἑξαιτούμενα.

227 1618 453 1659 Γνωσιμαχοῦσιν
479 1624 495 1658 ἡ
520 1623 597 1655 πόλις
617 1624 712 1656 πᾶσα,
736 1624 783 1649 καὶ
809 1622 847 1657 τῷ
867 1623 1012 1658 πράγματι

226 1671 447 1706 δυσχεραίνουσι,
463 1670 638 1706 κάμπτονται
654 1669 683 1696 δὲ
699 1670 775 1704 ὅμως
793 1671 825 1704 τῇ
839 1669 948 1704 αἰτήσει
965 1668 1012 1695 τοῦ

228 1714 430 1750 αὐτοκράτορος
448 1716 486 1747 ὡς
517 1717 549 1742 ἐκ
577 1716 695 1746 πίστεως
726 1715 871 1750 mtuo-at;
898 1716 1014 1750 εὐαρι-

230 1760 303 1792 νοῦς·
319 1762 367 1787 καὶ
389 1761 422 1796 δὴ
451 1761 578 1795 παρῆσαν
597 1762 647 1795 μὶν
661 1761 686 1786 οἱ
703 1761 753 1794 τὴν
768 1761 873 1795 ὀρυγὴν
888 1761 921 1787 ὲκ
944 1761 1014 1787 πλα-

229 1803 289 1836 γίου
306 1803 356 1838 τῆς
384 1805 556 1839 μαρτυρικῆς
583 1805 662 1840 σοροῦ
692 1805 899 1840 σκευαζόμενοι⁸
926 1807 1014 1838 ἄλλως

229 1849 282 1884 γὰρ
301 1849 359 1880 πῶς
374 1851 406 1885 τῇ
425 1849 543 1886 τοσαύτῃ
555 1850 608 1877 τῶν
630 1850 724 1886 μύρων
740 1850 895 1887 πλημμύρᾳ
911 1853 925 1878 6
943 1860 1014 1886 μαρ-

228 1896 339 1930 τυρικὺς
354 1895 492 1931 θησαυρὸς
514 1897 701 1932 ἀνηρεύνητο;
729 1897 782 1923 Τοῦ
802 1897 964 1932 πράγματος
979 1898 1015 1931 ,δὲ

228 1940 306 1972 ὅλαις
334 1941 438 1976 εἴχοντο
463 1942 524 1972 ταῖς
545 1941 643 1977 χερσὶ,
671 1941 802 1968 δάκτυλόν
828 1949 879 1968 που
896 1941 976 1975 τυχὸν
997 1941 1013 1976 ἢ

229 1985 370 2021 βραχίονα,
388 1986 403 2021 ἢ
421 1986 485 2013 ἄλλο
504 1995 530 2013 τι
547 1988 630 2022 μέρος
644 1987 696 2022 τῆς
721 1987 893 2023 μαρτυρικῆς
917 1988 1015 2021 ὁλομε-

228 2030 303 2064 λεεας
329 2033 389 2068 μεθ’
413 2033 477 2060 ὅσου
506 2033 552 2059 τοῦ
578 2033 677 2067 τάχους
692 2033 850 2069 ,ἁρπαλέως
870 2034 1015 2069 τεμαχιςὸο

231 2085 319 2112 μενοι,
335 2078 372 2109 ὡς
391 2079 429 2113 μὴ
456 2078 554 2112 φθάσαι
585 2078 696 2110 τούτους
725 2079 898 2105 κατακλῦσαι
927 2080 943 2113 ἡ
960 2079 1016 2106 τῶν

219 2124 328 2160 ⁴μύρων
346 2124 452 2151 ἐκεῖθεν
474 2125 520 2151 τοῦ
538 2125 677 2160 μάρτυρος
693 2125 868 2160 ὲκπηδὰουσα
886 2125 1015 2156 ἄϐυσσος.

231 2179 242 2195 ι
263 2169 435 2197 Justinianus
452 2169 564 2205 Magnus
593 2171 740 2204 imperator
765 2171 845 2198 modo
860 2178 910 2198 nos
926 2175 1014 2198 vocat.

1065 940 1162 968 torem,
1179 943 1239 963 cum
1261 935 1305 963 hic
1320 943 1430 970 quoque
1446 935 1623 970 reliquiarum
1639 935 1727 962 sancti
1752 934 1850 961 Deme;

1064 983 1107 1009 trii
1123 985 1225 1016 partem
1240 981 1415 1016 postulasset,
1428 981 1461 1008 ab
1473 980 1598 1011 Eusebio,
1610 978 1848 1006 Thessalonicensi

1063 1028 1113 1054 sub
1127 1027 1218 1054 saeculi
1233 1027 1301 1054 sexti
1315 1027 1396 1054 linem
1411 1027 1630 1062 archiepiscopo,
1643 1027 1784 1060 scriptam,
1797 1033 1850 1060 qua

1064 1075 1109 1102 hic
1137 1075 1183 1108 qui
1197 1074 1262 1102 olim
1278 1082 1326 1110 per
1345 1075 1530 1102 Justinianum
1547 1075 1555 1101 l
1574 1075 1765 1109 imperatorem
1784 1075 1851 1102 reli-

1063 1120 1187 1154 quiarum
1203 1121 1288 1146 sancti
1305 1120 1433 1148 Demetrii
1455 1129 1519 1156 pars
1532 1121 1670 1156 postulata
1686 1121 1784 1148 fuisset
1799 1128 1851 1148 uec

1064 1170 1165 1198 tamen,
1176 1166 1306 1193 miraculo
1317 1174 1379 1193 mox
1391 1167 1569 1194 memorando
1580 1167 1716 1200 obstante,
1727 1167 1850 1199 obtenta,

1064 1211 1218 1247 signiﬁcat,
1244 1212 1403 1247 rationeque
1430 1213 1494 1240 inde
1517 1214 1600 1248 petita
1619 1221 1680 1241 sese
1705 1214 1740 1240 ab
1760 1213 1850 1240 adiut-

1064 1257 1163 1292 plendo
1175 1256 1290 1285 Mauritii
1305 1257 1439 1292 postulato
1451 1263 1574 1286 excusat.
1585 1259 1696 1291 Verum,
1709 1259 1773 1286 licet
1785 1263 1850 1286 tunc

1064 1300 1176 1327 humum
1193 1301 1258 1333 loci,
1271 1309 1325 1336 quo
1344 1301 1437 1329 Sancti
1456 1309 1556 1338 carpus
1569 1302 1661 1337 jacere
1677 1303 1848 1331 reconditum

1064 1345 1238 1378 credebatur,
1261 1353 1276 1372 a
1293 1346 1358 1373 viris
1376 1347 1525 1378 nonnullis,
1539 1355 1593 1382 quo
1617 1355 1725 1374 sacrum
1751 1348 1849 1383 pignus

1064 1389 1230 1423 invenirent,
1244 1390 1327 1419 fuisse
1342 1391 1466 1420 eﬂossant
1479 1412 1486 1425 ,
1504 1393 1637 1420 Eusebius
1655 1393 1682 1419 in
1702 1393 1774 1420 dicta
1790 1393 1849 1428 epi-

1064 1437 1133 1464 stola
1155 1443 1361 1472 commemoret,
1380 1447 1412 1466 ne
1435 1439 1478 1467 vel
1501 1441 1583 1467 verbo
1601 1444 1692 1467 tamen
1714 1440 1850 1475 unguenti

1065 1489 1111 1508 seu
1134 1482 1204 1515 olei,
1219 1483 1291 1518 quod
1313 1491 1327 1510 e
1351 1483 1410 1511 loco
1425 1483 1487 1517 isto,
1509 1483 1638 1512 Sauctive
1653 1492 1768 1520 corpore
1784 1489 1848 1512 tunc

1064 1527 1183 1560 stillat-it,
1199 1529 1363 1557 mentionem
1379 1529 1454 1558 facit.
1472 1529 1570 1557 Parum
1589 1536 1680 1558 autem
1695 1531 1852 1558 vcrosimile

1065 1577 1196 1608 apparet,
1221 1575 1341 1610 prodigii
1363 1576 1529 1609 huiusmodi,
1551 1584 1606 1612 quo
1626 1577 1704 1608 adeo,
1723 1581 1753 1604 ιιι
1775 1577 1849 1604 nulla

1064 1626 1131 1646 sane
1147 1628 1175 1647 re
1189 1620 1285 1655 magis,
1298 1621 1426 1648 Demr-trli
1441 1622 1594 1656 sepulcrum
1604 1630 1653 1649 seu
1664 1622 1850 1649 conditorium

1064 1665 1161 1693 luisset
1185 1663 1297 1699 illustre,
1317 1667 1483 1695 tuentiouem
1498 1669 1603 1703 ipsum,
1624 1669 1645 1695 si
1666 1668 1755 1695 locum
1778 1669 1850 1696 istud

1063 1711 1118 1745 jam
1138 1716 1194 1738 tum
1210 1712 1364 1744 habuisSet,
1378 1712 1514 1740 facturum
1531 1721 1584 1741 non
1599 1714 1683 1740 fuisse
1697 1714 1724 1740 in
1741 1714 1851 1741 laudata

1065 1758 1191 1792 epistola,
1214 1758 1240 1784 lu
1257 1765 1309 1793 qua
1328 1766 1380 1785 non
1395 1767 1481 1794 pauca
1498 1759 1531 1787 de
1547 1761 1700 1787 conditorio
1712 1761 1774 1792 isto,
1790 1768 1850 1793 seu,

1066 1807 1095 1829 ut
1120 1803 1249 1838 loquitur,
1270 1804 1304 1831 de
1326 1804 1396 1836 loco,
1411 1812 1467 1838 quo
1497 1813 1605 1832 sacrum
1627 1805 1719 1833 Sancti
1744 1813 1847 1841 corpus

1064 1849 1157 1883 jacere
1174 1849 1346 1876 reconditum
1360 1850 1532 1884 credebatur,
1548 1851 1575 1877 in
1593 1851 1713 1878 medium
1727 1851 1850 1880 adducit.

1101 1893 1162 1921 101.
1184 1895 1295 1928 Λάιιερο,
1319 1896 1392 1923 viros
1408 1896 1453 1930 qui
1469 1896 1556 1924 sancti
1572 1904 1671 1932 corpus
1686 1901 1851 1932 quaerentes,

1067 1941 1178 1968 humum
1198 1939 1316 1968 elfodero
1334 1947 1483 1977 coeperant.
1504 1943 1565 1978 igne
1589 1951 1604 1970 e
1630 1949 1700 1970 terra
1724 1943 1751 1970 in
1777 1943 1853 1978 ipsos

1066 1985 1221 2020 prodigiose
1245 1991 1418 2021 erumpente,
1438 1988 1471 2014 ab
1487 1995 1570 2022 opere
1588 1988 1697 2022 incepto
1719 1988 1853 2015 desistere

1067 2031 1151 2059 fuisse
1162 2032 1327 2066 compulsos,
1340 2032 1410 2059 idem
1423 2033 1556 2060 Eusebius
1571 2034 1598 2060 in
1611 2033 1719 2061 laudata
1738 2034 1853 2069 epistola

1067 2078 1160 2111 refert,
1174 2079 1303 2113 additque
1320 2079 1395 2106 humi
1416 2084 1531 2115 partem.
1550 2088 1610 2115 quae
1627 2089 1660 2108 ex
1681 2081 1743 2116 igne
1756 2089 1852 2108 erutu-

1067 2129 1148 2159 pente
1161 2123 1334 2160 fragrantiam
1349 2125 1512 2153 iuellabilem
1530 2126 1692 2153 mirabiliter
1708 2132 1853 2154 contraxe-

1067 2174 1119 2203 rat,
1138 2171 1171 2197 ad
1189 2169 1384 2203 Justinianum,
1401 2172 1446 2206 qui
1467 2176 1494 2199 et
1508 2173 1591 2205 illam,
1607 2181 1662 2199 non
1678 2180 1756 2200 secus
1771 2179 1853 2207 atque

229 2215 279 2243 llic
298 2223 359 2243 sese
375 2215 481 2250 imperii
505 2221 643 2251 sceptrum
665 2217 737 2243 haud
754 2221 841 2243 tutum
858 2216 1014 2243 habiturum
1035 2230 1055 2257 υ
1068 2216 1156 2250 ipsum
1173 2216 1266 2243 Sancti
1285 2223 1396 2251 Corpus,
1412 2224 1474 2244 cum
1486 2216 1578 2245 laetitia
1593 2218 1740 2253 acceperit,
1760 2223 1844 2253 postu

227 2261 411 2293 existimabat,
431 2261 484 2288 nisi
506 2261 569 2296 quid
594 2262 769 2296 reliquiarum
785 2263 924 2295 Demetrii,
944 2264 1016 2297 quod

226 2314 319 2334 aecum
338 2307 384 2334 hic
406 2308 555 2335 exercitum
581 2308 702 2340 duceret,
725 2316 772 2336 seu
797 2310 888 2343 jzo;ius
914 2317 964 2344 pro
988 2317 1018 2336 se

227 2357 375 2389 pugnaret,
401 2357 626 2388 consequeretur.
656 2352 773 2381 Litteras
802 2362 877 2388 ergo,
905 2359 932 2381 et
956 2362 1017 2389 qua:

175 2424 186 2431 ,γ
227 2399 323 2426 audire
339 2401 442 2433 posset,
455 2400 592 2431 mandata,
607 2404 710 2434 partem
725 2400 880 2435 quampiam
893 2401 1016 2435 corporis

218 2445 356 2480 :martyris
372 2443 516 2480 exigentis,
533 2444 784 2472 Thessalonicensis
807 2445 903 2472 civitas
927 2446 961 2472 ab
982 2453 1016 2473 eo

218 2487 336 2525 “accipit.
347 2490 419 2518 Urbs
435 2495 488 2517 tota
506 2495 649 2525 repugnat,
666 2497 778 2525 remque
794 2498 866 2526 mgre
882 2491 945 2523 fert;
962 2492 1014 2519 im-

226 2537 360 2571 peratoris
375 2541 466 2563 tamen
483 2536 626 2571 petitione.
638 2536 721 2563 veluti
738 2545 752 2563 e
767 2537 871 2564 sincera
886 2537 938 2564 ﬁde
951 2545 1014 2572 pro-

226 2582 351 2614 cedente,
370 2581 498 2614 ﬂectitur,
518 2582 671 2616 adsuulque
685 2601 691 2611 .
710 2581 755 2616 qui
772 2590 787 2607 a
804 2581 915 2609 sinistro
931 2582 1013 2609 loculi

218 2621 354 2665 :‘mat‘tyris
376 2630 461 2657 latere
489 2629 583 2657 folere
608 2629 819 2664 aggrediuntur;
846 2629 914 2656 alias
940 2629 1014 2656 enim

218 2666 290 2713 :Qui,
314 2679 387 2703 tanta
410 2680 609 2711 unguentorum
636 2676 784 2703 exsistente
810 2674 959 2707 afﬂuentia,
986 2676 1013 2702 in

217 2719 354 2757 :martyris
371 2722 527 2748 thesaurum
542 2725 623 2755 queat
636 2721 756 2756 inquiri?
773 2721 820 2748 ltei
838 2725 929 2748 autem
948 2721 1014 2748 totis

225 2766 353 2794 manibus
368 2767 517 2798 instabant,
533 2767 659 2794 alicunde
672 2767 788 2801 digitum
805 2767 876 2794 forte
890 2767 931 2794 vel
948 2767 1012 2793 bra-

226 2810 330 2841 chium.
343 2811 387 2838 vel
399 2812 478 2839 aliam
498 2813 653 2847 quampiam
672 2812 795 2847 corporis
809 2812 936 2848 martyris
951 2819 1010 2847 par-

223 2854 278 2884 tem
294 2863 393 2892 quanta
413 2861 546 2892 poterant.
563 2859 714 2892 celeritate,
736 2867 769 2886 ne
787 2862 931 2893 antequam
945 2867 1010 2894 pro-

1070 2263 1185 2289 latarum
1207 2262 1382 2297 reliquiarum
1402 2263 1462 2290 loco
1477 2264 1587 2290 missam
1604 2264 1705 2297 fuisse;
1722 2265 1853 2299 unguenti

1068 2312 1158 2336 autem
1175 2316 1222 2336 seu
1237 2309 1299 2341 olei,
1317 2316 1332 2336 e
1353 2309 1444 2337 Sancti
1468 2318 1517 2337 seu
1541 2318 1657 2346 corpore
1682 2319 1730 2338 Seu
1749 2311 1853 2338 tumulo

1069 2355 1221 2390 prodigiose
1234 2355 1372 2386 stillantis.
1389 2356 1460 2390 quod
1485 2356 1518 2382 ad
1540 2354 1725 2383 Iustinianum
1752 2357 1852 2391 pariter

1068 2401 1180 2428 missum
1196 2405 1261 2428 tunc
1270 2401 1361 2434 fuerit,
1373 2409 1427 2428 non
1442 2402 1575 2429 meminit.
1590 2401 1623 2428 Et
1637 2406 1739 2433 tamen.
1753 2402 1774 2430 si
1794 2410 1844 2436 pro

1067 2446 1177 2481 digioszn
1191 2446 1234 2473 isti
1249 2446 1407 2482 scaturigini
1418 2448 1474 2482 jam
1492 2451 1548 2474 tum
1564 2448 1640 2475 locns
1656 2447 1763 2480 fuisset,
1781 2448 1852 2474 futu~

1069 2499 1128 2519 rum
1155 2492 1240 2519 fuisse
1266 2491 1384 2525 videtur,
1404 2497 1433 2519 ιιι
1466 2501 1543 2527 teque
1573 2497 1621 2520 aut
1652 2493 1733 2520 etiam
1764 2493 1854 2528 potius

1068 2542 1248 2573 unguentum,
1260 2537 1363 2564 morbis
1374 2538 1502 2565 sanandis
1513 2538 1641 2568 salutare.
1650 2546 1731 2573 quam
1743 2539 1852 2578 humus.

1067 2584 1139 2611 bono
1154 2583 1285 2610 duntaxat
1302 2583 1385 2611 odore
1398 2591 1431 2610 ex
1449 2584 1581 2611 miraculo
1595 2584 1703 2616 all'ctta,
1721 2585 1753 2611 ad
1769 2583 1853 2612 Justi-

1067 2629 1179 2656 nianum
1196 2629 1393 2664 postulatarum
1411 2629 1587 2664 reliquiarum
1608 2629 1668 2656 loco
1688 2629 1852 2656 mitteretur.

1065 2674 1186 2705 Accedit.
1202 2675 1291 2703 locum
1314 2679 1399 2705 certe.
1416 2683 1470 2709 quo
1495 2682 1602 2701 sacrum
1620 2675 1707 2702 sancti
1725 2675 1852 2702 Demetrii

1065 2729 1164 2756 corpus
1180 2721 1207 2747 in
1224 2721 1314 2748 dicata
1329 2721 1352 2748 ei
1364 2720 1564 2748 Thessalonica
1588 2721 1702 2748 ecclesia
1724 2721 1833 2755 jacebat
1844 2741 1852 2754 ,

1063 2774 1119 2794 non
1137 2766 1260 2801 potuisse
1274 2774 1330 2793 non
1347 2774 1406 2793 esse
1422 2766 1607 2796 notissimum.
1633 2765 1654 2792 si
1670 2774 1702 2793 ex
1724 2773 1767 2798 eo,
1791 2771 1851 2796 aut,

1063 2812 1085 2840 si
1101 2811 1198 2844 mavis,
1222 2819 1237 2839 e
1258 2811 1362 2844 Sancti,
1379 2811 1452 2846 quod
1476 2811 1499 2838 is
1524 2810 1767 2845 complectebatur,
1784 2818 1847 2838 cor-

1062 2865 1128 2893 pore
1143 2863 1313 2893 unguentum
1339 2857 1470 2886 continuo
1496 2864 1593 2892 magna
1618 2856 1696 2891 copia
1713 2856 1844 2889 stillabat,
