2049 3151
158 190 225 225 illi

664 195 695 227 3.
715 196 904 227 DEMETRII
927 195 1124 226 MARTYRIS
1144 196 1248 226 ACTA.

1712 195 1787 226 11η

156 252 311 287 passimque
322 252 375 279 hoc
393 253 558 289 prodigium,
573 257 602 281 ut
612 260 695 288 supra
711 254 765 281 huc
779 254 940 288 transcripta
956 257 976 283 Α
993 256 1078 281 nostri
1099 262 1147 281 seu
1162 253 1267 281 tumulo
1283 261 1330 281 seu
1349 260 1464 287 corpore
1478 250 1519 280 rel
1536 250 1648 279 Joannis
1663 250 1780 280 Thessa-

155 298 267 326 Joannis
287 297 422 326 Stauracii
449 299 531 325 verba
547 299 674 331 suadent,
691 298 844 326 habebatur
865 306 942 326 com-

156 349 272 378 pcrtutn.
291 343 391 370 Verum
409 344 510 376 locum,
525 352 580 379 quo
592 344 709 372 Sanctus
725 345 751 372 in
766 344 942 372 Thessaloni-

156 389 230 416 censi
259 397 308 416 sua
335 390 449 417 ecclesia
476 391 580 425 jaceret
600 392 768 423 reconditus,
793 392 942 419 Justiniani

156 440 245 463 atate.
261 443 309 462 seu
337 443 400 463 cum
423 436 469 463 hic
494 436 670 471 reliquiarum
694 439 781 464 sancti
810 437 940 465 Demetrii

154 486 259 516 partem
274 481 324 508 sibi
341 482 508 516 postulavit,
523 486 618 510 nutum
639 490 694 510 non
713 483 797 510 fuisse
818 487 941 518 apparet.

191 527 252 554 102.
267 526 305 554 Ita
320 534 442 559 autumo,
460 529 547 562 primo
563 529 684 563 quidem,
705 529 778 563 quia,
800 529 863 556 dum
884 529 941 556 Eu-

154 573 258 604 sebius,
275 572 528 601 Tbessa'onicensis
544 574 778 609 archiepiscopus,
796 575 909 601 humum
926 581 940 601 a

153 618 319 653 quibusdam
340 619 372 645 ad
391 619 518 646 Demetrii
542 627 642 654 corpus
660 620 836 654 quzcrendum
852 623 942 647 tenta-

153 669 208 691 tum
226 664 321 696 fuisse,
339 665 365 691 in
383 665 496 700 cpistola
513 666 574 700 plus
587 666 671 693 semel
686 667 740 700 jam
756 666 865 693 laudata
880 674 942 693 nar-

151 716 206 743 rat,
231 712 269 744 id,
296 719 350 738 non
371 720 405 739 eo
429 713 499 744 loco,
521 716 576 747 qu‘o
594 720 702 740 sacrutn
721 713 814 740 Sancti
842 721 942 748 corpus

149 758 275 792 jacebat.
302 758 351 784 sed
367 765 422 791 quo
437 758 529 792 jacere
549 758 706 792 putabatur,
730 758 830 785 factum
857 759 942 786 fuisse

151 801 286 833 aiﬂrmat;
314 801 414 829 deinde
443 810 509 829 vero
536 804 600 837 quia
634 811 668 830 ue
697 804 807 838 quidem
827 804 942 831 Joannis

153 847 408 875 Thessalonicensis
438 849 638 883 archiepiscopi
672 849 822 884 sepissime
859 858 941 885 supra

155 893 267 924 laudati,
292 893 338 927 qui
358 898 448 920 tamen
474 899 535 928 post
560 895 707 921 Eusebium
734 895 835 928 tloruit,
862 900 940 923 :etate

155 939 352 967 determinatus
367 939 455 971 locus,
472 948 526 974 quo
538 940 654 967 Sanctus
665 941 779 975 jaceret.
796 946 877 969 notus
890 951 940 970 ex—
956 929 979 959 Β

152 986 225 1012 stitit
243 986 270 1012 in
290 985 414 1018 ecclesia,
431 986 535 1013 nomini
551 986 611 1020 ejus
627 986 828 1014 Thessalonica!
852 996 938 1021 sacra,

154 1031 194 1057 uti
211 1031 327 1065 ipsemet
342 1031 459 1065 scriptor
476 1031 521 1058 ille
536 1032 583 1059 lib.
600 1039 609 1058 ι
626 1031 827 1064 Mirantlorum,
840 1041 900 1069 cap.
912 1035 939 1067 5,

155 1075 237 1102 ﬁdem
265 1076 339 1103 facit.
363 1076 452 1103 Verba
479 1077 549 1110 ejus,
573 1084 589 1104 e
612 1078 712 1112 quibus
732 1078 823 1110 simul,
847 1080 940 1107 Sancti

155 1121 338 1148 conditorium
354 1128 402 1148 seu
417 1122 517 1154 locum,
533 1129 587 1155 quo
602 1123 647 1150 hic
660 1123 687 1149 in
704 1122 941 1151 Thessalonicensi

154 1172 206 1194 sua
222 1168 336 1194 ecclesia
355 1168 460 1201 jaceret
477 1169 645 1202 reconditus,
667 1169 786 1197 Eusebio
803 1170 941 1205 archiepi-

156 1220 241 1247 scopo
262 1212 534 1241 Thessalonicensem
559 1215 650 1242 sedem
667 1220 829 1250 occupante,
847 1222 942 1243 notum

154 1258 239 1285 etiam
254 1266 309 1286 non
322 1258 417 1289 fuisse,
427 1260 594 1288 luculentius
604 1265 737 1295 patescet,
752 1261 805 1288 huc
815 1269 831 1288 e
842 1260 943 1289 Gracia

157 1304 230 1331 facta
246 1312 260 1331 a
276 1312 319 1332 tne
335 1305 431 1332 Latina
447 1307 609 1334 transcribo.
625 1307 671 1336 Sic
684 1308 788 1335 habent
811 1317 818 1335 :
844 1318 853 1334 I
869 1308 944 1341 Quo-

156 1349 232 1376 nlam
247 1355 337 1377 autem
352 1358 461 1384 semper
477 1352 598 1386 quidem,
617 1353 734 1380 maxime
749 1358 840 1381 autem
857 1353 944 1381 idolo-

157 1393 245 1423 latria
252 1401 384 1431 tempore,
394 1398 440 1432 qui
456 1399 592 1426 civitatem
609 1399 678 1427 hanc
692 1400 746 1427 Deo
758 1400 884 1428 dilectam
900 1401 943 1428 in-

157 1441 320 1476 coluerunt,
349 1443 498 1471 Christiani
524 1445 644 1472 accurati
673 1446 944 1482 constantissimique

159 1491 308 1522 martyrum
321 1493 457 1517 amatores
471 1489 593 1523 fuerunt,
609 1499 666 1526 ι)τέ
681 1496 767 1524 metu,
787 1500 820 1520 lle
836 1497 944 1520 sancto-

157 1538 230 1565 rum,
248 1534 378 1569 martyrio
388 1540 592 1568 coronatorum,
606 1544 723 1572 corpora
736 1538 942 1565 idololatrarum

158 1577 245 1606 furori
262 1579 510 1611 committerentur,
533 1582 613 1609 tacite
632 1583 674 1609 illa
695 1591 727 1610 ac
743 1584 903 1618 mysteriose
917 1584 944 1611 in

159 1626 231 1650 terra
247 1624 459 1656 absconderant,
475 1626 543 1653 adeo
559 1631 589 1654 ut
603 1635 689 1662 usque
700 1628 726 1654 in
737 1635 859 1662 praesens
875 1633 945 1656 tem-

158 1675 210 1701 pus
227 1676 260 1695 ex
276 1669 307 1696 iis
325 1670 371 1704 qui
389 1672 545 1705 martyrium
565 1672 592 1699 in
607 1673 656 1700 Itac
669 1674 824 1706 subierunt,
841 1674 945 1702 nullius

158 1718 285 1746 prorsus,
301 1719 481 1750 praeterquam
503 1717 688 1745 celeberrima:
708 1726 739 1745 ac
765 1719 946 1747 sanctissima:

160 1759 278 1794 virginis
296 1760 436 1793 Matt-oms.
453 1769 561 1790 sacrum
578 1762 772 1798 conditorium,
791 1772 844 1800 quo
860 1765 947 1801 depo-

160 1806 204 1832 siti
222 1805 345 1840 fuerunt,
360 1813 499 1836 noscatur.
524 1818 533 1834 ι

198 1852 262 1879 105.
278 1852 337 1880 Jam
355 1862 432 1887 vero,
446 1862 510 1882 cum
523 1863 609 1891 usque
628 1858 660 1883 ad
677 1857 790 1885 Joannis
801 1857 948 1888 Thessalo-

161 1895 282 1923 nicensis
312 1902 430 1931 atatem,
460 1908 515 1934 quo
540 1901 726 1930 determinato
751 1904 873 1932 ecclesia:
893 1912 948 1934 sua:

161 1939 223 1969 loco
240 1941 358 1971 Sanctus
376 1950 471 1972 noster
486 1946 591 1980 iaceret
606 1949 776 1983 reconditus,
793 1949 949 1978 Thessalo—

162 1987 233 2014 nicre
260 1990 363 2021 etiam,
380 1991 419 2017 uti
450 1991 563 2019 recitata
581 1992 727 2027 scriptoris
758 1995 839 2029 hujus
866 1997 949 2024 verba

163 2031 247 2060 tidem
258 2034 369 2067 I'aciunt,
381 2036 534 2070 ignoratum
543 2038 655 2065 omnino
664 2038 758 2072 fuerit,
771 2048 823 2074 qua
833 2042 948 2075 ratione,

164 2079 274 2113 Veljam
292 2084 360 2112 tum,
378 2082 420 2109 vel
437 2083 519 2109 etiam
535 2089 614 2111 antea
640 2092 674 2112 ex
694 2086 765 2113 illius
781 2095 829 2115 seu
844 2089 950 2116 tumulo

164 2132 214 2151 seu
230 2133 346 2161 corpore
360 2134 530 2163 unguentum
551 2137 600 2157 seu
612 2131 714 2164 oleum,
732 2133 835 2161 morbis
850 2141 951 2161 sanan-

165 2170 208 2197 dis
225 2171 355 2206 salutare,
384 2175 556 2208 scaturiisse,
576 2177 671 2204 resciri
686 2182 762 2205 ccrto
779 2184 868 2213 potest
883 2180 894 2206 2
909 2181 949 2207 An

163 2213 258 2243 Forsan
280 2218 322 2244 vel
335 2225 350 2245 e
364 2219 523 2252 traditione,
540 2221 574 2248 ab
590 2222 648 2256 ipsa
674 2222 787 2250 Joannis
803 2223 951 2252 Thessalo-

994 299 1142 326 lonicensis
1161 303 1252 332 attate,
1269 298 1311 326 vel
1336 299 1418 325 etiam
1445 302 1508 325 ante
1524 298 1595 325 hanc
1608 299 1778 331 scaturiisse,

994 346 1021 371 in
1041 345 1163 371 animum
1181 345 1252 371 haud
1267 352 1378 379 possum
1392 343 1532 371 inducere.

1030 390 1090 417 104.
1104 391 1139 417 At
1156 397 1232 423 vero,
1254 390 1373 424 inquies,
1390 388 1510 416 Joannes
1526 389 1780 418 Thessalonicensis

993 434 1185 462 Hiraculorum
1208 436 1369 462 edendorum
1393 435 1441 463 lib.
1470 443 1489 467 t,
1517 443 1548 462 ea
1572 436 1741 470 suppeditat,
1764 444 1780 463 ο

993 482 1091 516 quibus
1117 482 1172 517 jatn
1207 481 1271 509 inde
1302 490 1316 508 a
1337 481 1480 516 scriptoris
1509 481 1694 515 hujustetate,
1724 482 1780 510 into

993 529 1076 556 etiam
1100 533 1164 555 ante
1185 528 1255 555 hanc
1284 528 1374 555 oleum
1393 536 1442 555 scu
1470 532 1642 561 unguentum
1657 535 1672 555 e
1685 528 1778 556 Sancti

995 574 1082 602 nostri
1098 581 1215 609 corpore
1228 574 1386 601 scaturiisse
1409 577 1533 609 apparet.
1551 574 1659 601 Etenim
1678 574 1779 602 ibidem

992 627 1051 654 cap.
1069 620 1094 648 l.
1110 619 1161 646 sub
1174 619 1267 651 tinem,
1284 618 1435 646 Marianum
1449 619 1507 653 qui,
1522 619 1749 654 quemadmodum
1765 628 1782 647 ο

992 673 1075 700 supra
1088 666 1169 692 dictis
1197 666 1293 699 liquet,
1309 665 1356 692 diu
1371 669 1435 692 ante
1449 665 1584 692 Joannem
1601 665 1780 694 Thessaloni-

992 720 1102 740 censem
1123 711 1226 743 ﬂoruit,
1243 712 1279 738 ita
1295 716 1389 738 sancto
1401 711 1538 738 Demetrio
1558 711 1715 745 loquentem
1731 718 1780 738 seu

993 758 1085 794 potius
1101 757 1182 793 hujus
1209 765 1258 792 pro
1287 757 1406 784 sanitate
1431 757 1620 792 recuperanda
1647 756 1782 784 auxilium

992 802 1185 838 implorantem
1205 803 1329 830 inducit:
1346 803 1401 836 Τὴν
1426 802 1620 838 δεδωρημένην
1643 811 1684 829 σοι
1700 803 1782 838 χάριν

992 849 1038 875 ὐπ’
1054 848 1136 874 αὑτοῦ
1150 848 1204 873 τῶν
1219 848 1344 882 ἰαμάτων
1368 848 1465 882 ἔκχεον
1489 849 1529 880 et;
1547 849 1609 883 ιμέ·
1641 855 1673 875 ac
1698 849 1781 883 paulo

991 897 1070 928 post:
1085 892 1180 927 ἔκχεον
1196 892 1240 918 ἐπ’
1262 893 1311 928 ἐμὲ
1339 893 1387 927 τὴν
1413 892 1600 927 ἐλεημοσύνην
1614 902 1661 920 σου
1676 893 1725 919 καὶ
1748 894 1782 920 τὰ

992 938 1167 973 οἱκῖείρμονά
1180 947 1227 964 σου
1256 938 1369 972 ἰάματα.
1385 939 1425 965 Ad
1443 939 1502 967 haec
1525 939 1621 966 eodem
1635 939 1782 966 Miraculo-

994 993 1052 1011 rum
1087 984 1154 1012 libro
1170 992 1231 1019 cap.
1247 984 1263 1012 ι
1280 985 1315 1012 ita
1344 985 1377 1013 de
1404 985 1543 1013 Demetrio
1559 986 1639 1013 initio
1667 986 1782 1013 scribit:

995 1031 1032 1056 Οὐ
1055 1030 1188 1064 σωμάτων
1214 1031 1240 1056 δὲ
1267 1031 1346 1065 μόνον
1367 1032 1482 1066 ῑάμασιν
1496 1032 1510 1059 ὁ
1535 1032 1690 1063 καλλίνικος
1704 1028 1782 1063 οὗτος

995 1076 1191 1110 ὲναμϐλὺνεται
1208 1076 1325 1111 μάρτυς,
1342 1078 1410 1103 ἀλλὰ
1422 1078 1480 1110 καί,
1492 1082 1546 1105 etc.
1563 1078 1673 1110 Fateor,
1688 1077 1784 1105 islha'o

995 1121 1062 1149 locis
1081 1122 1173 1150 citatis
1198 1122 1319 1150 Joannes
1335 1123 1593 1151 Thessalonicensis
1613 1131 1784 1151 commemo-

996 1172 1056 1201 rat;
1069 1176 1163 1196 verum
1180 1177 1194 1196 e
1210 1169 1331 1197 textibns
1343 1169 1478 1202 adductis,
1492 1170 1547 1205 jam
1561 1170 1626 1197 inde
1641 1178 1655 1196 a
1670 1170 1787 1198 Joannis

997 1214 1249 1243 Thessalonicensis
1263 1220 1342 1243 :ctatc
1354 1217 1490 1243 autetiam
1503 1221 1566 1243 ante
1576 1216 1649 1243 illam
1660 1223 1784 1251 unguen-

998 1266 1054 1288 tum
1071 1269 1119 1289 seu
1133 1262 1236 1294 oleum,
1252 1262 1381 1290 sanandis
1399 1262 1503 1290 morbis
1517 1262 1647 1294 salutare,
1664 1270 1680 1290 e
1694 1264 1789 1290 sancti»

997 1307 1127 1334 Demetrii
1143 1315 1192 1334 seu
1211 1314 1327 1342 corpore
1339 1315 1389 1334 seu
1406 1308 1513 1335 tumulo
1529 1307 1701 1340 scaturiisse,
1716 1316 1784 1335 con-

997 1352 1162 1379 clttdendum
1187 1360 1242 1379 non
1270 1352 1388 1380 videtttr.
1414 1353 1483 1380 Cum
1512 1353 1585 1380 enim
1616 1361 1668 1380 vox
1690 1352 1786 1380 ϐῖκοι

998 1398 1067 1431 ἴαμα
1096 1405 1150 1424 non
1184 1402 1290 1425 tantum
1322 1398 1555 1430 medicamentum,
1576 1406 1673 1426 verum
1699 1399 1790 1427 etiam-

998 1442 1192 1470 medicamenti
1214 1443 1341 1470 cﬂ‘ectum
1370 1452 1418 1471 seu
1443 1446 1610 1472 sanationem
1632 1444 1783 1480 signiﬁcet.

999 1489 1074 1522 prior
1086 1495 1117 1515 cx
1131 1489 1257 1516 adductis
1274 1489 1362 1516 tribus
1383 1490 1499 1517 testibus
1514 1490 1566 1518 hoc
1580 1490 1673 1522 modo.
1694 1499 1705 1517 ί
1735 1491 1787 1518 Do-

999 1538 1090 1560 natam
1103 1533 1152 1560 tibi
1170 1534 1203 1560 ab
1232 1535 1328 1561 eodem
1357 1535 1530 1563 curationum
1559 1537 1674 1571 gratiam
1704 1544 1787 1572 super:

960 1603 981 1632 ο
999 1586 1043 1605 me
1058 1578 1176 1612 etl'unde,
1200 1588 1208 1603 ι
1226 1580 1364 1607 secundus
1392 1581 1454 1612 isto,
1475 1590 1484 1606 ι
1502 1580 1620 1609 Edunde
1635 1589 1717 1616 super
1740 1589 1790 1609 me

999 1624 1214 1651 misericordiam
1232 1629 1318 1657 tuam,
1332 1626 1613 1663 commiscrantesque
1627 1633 1688 1655 tuas
1702 1634 1786 1654 sana-

997 1669 1098 1701 tiones,
1120 1679 1129 1696 ι
1145 1678 1177 1697 ac
1193 1671 1291 1698 tertius
1316 1671 1435 1706 denique
1463 1674 1601 1707 sequenti,
1623 1682 1632 1698 ι
1649 1672 1709 1700 Νοιι
1737 1681 1784 1700 so-

998 1714 1053 1742 lum
1084 1719 1175 1743 autem
1207 1723 1350 1750 corporum
1379 1716 1570 1744 sanationibns
1594 1720 1699 1752 martyr
1727 1716 1783 1749 ille,

997 1760 1121 1795 pulchris
1135 1760 1257 1788 victoriis
1287 1761 1497 1793 condecoratus,
1517 1762 1650 1793 abundat.
1664 1761 1711 1790 sed
1725 1767 1780 1793 ct,-

997 1810 1064 1837 ctc.,
1079 1805 1106 1832 in
1120 1805 1240 1841 linguam
1260 1805 1385 1834 Latinam
1402 1807 1584 1835 convertitur.

1035 1852 1095 1879 £05.
1114 1851 1182 1884 Nec,
1207 1852 1258 1880 ctsi
1289 1854 1451 1881 vocabulum
1475 1855 1600 1882 Graecum
1628 1854 1696 1890 ἴαμα
1712 1855 1784 1882 idem

998 1906 1112 1934 prorsus
1141 1899 1214 1934 qttod
1231 1900 1393 1926 vocabulum
1407 1900 1533 1927 Latinum
1550 1902 1711 1928 medicamen
1735 1908 1784 1928 seu

999 1944 1111 1976 medela,
1140 1944 1167 1971 in
1196 1944 1285 1971 allatis
1309 1945 1429 1972 testibus
1453 1946 1620 1981 signiﬁcare,
1647 1947 1785 1981 tantisper

997 1991 1081 2017 etiam
1098 1990 1265 2020 dederimus,
1294 1991 1494 2018 consectarium
1516 1996 1661 2026 propterea
1677 1991 1741 2022 erit,
1756 1996 1787 2018 ut

999 2036 1120 2063 Joannes
1136 2036 1393 2063 'l‘hcssaloniccusis
1408 2037 1570 2065 miraculum
1587 2038 1721 2075 unguenti
1737 2045 1786 2065 seu

1000 2081 1065 2113 olei,
1080 2089 1095 2108 e
1112 2081 1205 2108 Sancti
1228 2082 1333 2109 tumulo
1362 2083 1548 2115 scaturientia,
1575 2084 1609 2110 iis
1635 2082 1791 2112 indicatum

1000 2133 1075 2156 certo
1090 2128 1217 2155 voluerit.
1233 2128 1334 2161 Quidni
1357 2129 1430 2156 enirn
1455 2137 1504 2165 per
1521 2129 1711 2163 medicamina,
1728 2134 1791 2157 tum

1001 2174 1029 2200 in
1047 2173 1153 2201 duobus
1170 2173 1291 2200 testibus
1306 2174 1455 2209 prioribus,
1477 2179 1534 2202 tum
1547 2175 1631 2202 etiam
1646 2176 1675 2203 in
1695 2180 1787 2210 posto-

1001 2219 1077 2252 riori,
1099 2220 1184 2254 ipsam
1219 2219 1305 2246 sancti
1332 2219 1461 2247 Demetrii
1475 2221 1710 2254 intercessionem,
1737 2230 1791 2251 seu

165 2262 288 2291 tricensis
298 2268 377 2292 atate
388 2270 435 2292 aut
447 2266 528 2293 etiam
545 2267 627 2294 citius
640 2267 759 2303 incepta,
773 2269 815 2296 vel
829 2277 843 2297 e
864 2270 948 2298 docu-
962 2268 989 2298 D
1003 2265 1094 2299 Ροῑίυε
1122 2264 1272 2299 suppetias.
1300 2264 1394 2292 sane“
1420 2267 1577 2300 βδιτοείῐιῖθ
1590 2272 1639 2294 aut
1658 2267 1788 2297 ferenda“

164 2309 267 2337 mentis
286 2317 334 2337 seu
353 2311 456 2346 scripto
475 2320 523 2339 seu
543 2312 623 2341 aliter
637 2314 672 2341 ab
697 2313 740 2347 iis,
756 2315 802 2349 qui
827 2315 869 2342 vel
885 2316 951 2350 ipsi-

164 2359 222 2382 met
250 2357 346 2384 eotlem
375 2357 489 2384 Joannis
520 2358 774 2387 Thessalonici-mis
801 2366 880 2388 astate
905 2367 952 2389 aut

164 2401 250 2430 citius
265 2403 347 2430 etiam
361 2403 531 2437 ﬂoruissent,
548 2406 591 2432 vel
605 2413 662 2433 rem
680 2413 695 2433 a
711 2406 862 2441 majoribus
875 2408 953 2435 audi-

167 2447 283 2481 vissent,
300 2448 334 2475 ad
350 2450 539 2483 posteritatem
570 2451 764 2479 transmissis?
780 2452 879 2479 Verum
905 2453 953 2488 qui

168 2492 210 2519 vel
227 2495 337 2522 traditio
364 2496 405 2522 vel
431 2496 607 2529 documenta,
634 2498 744 2532 quibus,
763 2506 778 2526 e
798 2499 885 2527 sancti
907 2499 955 2526 De-

170 2540 260 2567 metrii
279 2548 393 2575 corpore
419 2547 588 2577 unguentum
616 2543 672 2578 jam
702 2544 764 2571 inde
792 2552 807 2571 a
840 2544 954 2572 Joannis

169 2582 423 2615 Thessalonicensis
446 2593 537 2620 aetate,
564 2589 699 2623 citiusque
721 2590 802 2617 etiam
823 2590 953 2623 stillasse,

169 2627 304 2658 habeatur
329 2637 513 2667 compertum,
540 2642 617 2661 suam
634 2640 738 2669 queant
750 2640 875 2670 tempore
902 2636 955 2663 isto

169 2676 284 2704 traxisse
297 2678 441 2712 originem,
454 2679 476 2706 si
491 2684 547 2708 tum
562 2680 772 2711 determinatus,
782 2688 836 2715 quo
846 2688 954 2708 sacrum

173 2719 238 2747 illud
254 2722 354 2757 pignus
375 2723 481 2758 jaceret
510 2724 694 2757 reconditum,
731 2724 807 2752 locus
831 2725 955 2759 omnino,

171 2767 278 2799 qualem
313 2769 388 2796 illum
417 2770 557 2798 exstitisse
576 2770 697 2798 Joannes
725 2770 955 2799 Thessalonicen-

173 2811 208 2838 sis
225 2815 326 2847 prodit,
360 2815 470 2850 ignotus
487 2816 648 2844 exstiterit?
661 2816 687 2844 id
717 2817 858 2844 enimvero
875 2822 955 2852 captu

174 2857 318 2888 admuiut:
336 2860 444 2889 diﬂicile
457 2862 523 2890 mihi
538 2867 661 2898 apparet,
679 2863 824 2898 oleumque
842 2863 956 2898 proinde

176 2910 223 2931 seu
236 2912 415 2941 unguentum,
432 2909 535 2937 morbis
544 2909 672 2937 sanandis
687 2909 755 2937 salut
767 2917 816 2942 το,
833 2917 847 2936 e
861 2909 954 2937 Sancti

1004 2315 1050 2337 aut
1063 2310 1146 2337 etiam
1161 2310 1250 2344 reipsa
1267 2310 1374 2338 miscris
1383 2312 1485 2346 sapius
1496 2313 1603 2345 allatas,
1621 2313 1788 2343 intellexisse

1004 2356 1111 2389 possit?
1124 2356 1265 2383 Alterutro
1281 2364 1348 2384 sane
1366 2364 1381 2384 e
1404 2358 1458 2392 jam
1474 2359 1618 2394 assignatis
1639 2360 1728 2388 modis
1742 2367 1790 2389 aut

1004 2401 1101 2428 saltem
1131 2402 1194 2433 alio,
1219 2410 1273 2436 quo
1303 2403 1436 2438 unguenti
1452 2403 1545 2431 Sancti
1564 2413 1680 2440 corpore
1697 2410 1788 2433 scatu-

1004 2445 1102 2473 rientis
1113 2448 1269 2483 prodigium
1297 2448 1370 2475 haud
1399 2449 1542 2482 astruitur,
1565 2455 1620 2478 tres
1645 2459 1726 2486 supra
1740 2451 1796 2478 da--

1005 2496 1048 2518 tos
1072 2492 1188 2520 Joannis
1215 2493 1473 2523 Thessalonicensis
1500 2500 1590 2524 textus
1604 2497 1790 2532 explattandos

1004 2545 1076 2570 esse,
1094 2539 1135 2566 vel
1145 2547 1177 2566 ex
1195 2547 1228 2567 eo
1244 2540 1340 2575 liquet,
1355 2541 1438 2576 quod,
1453 2549 1515 2568 cum
1531 2542 1576 2569 hic
1591 2543 1719 2577 scriptor,
1736 2551 1790 2578 quo

1004 2583 1123 2612 Sattctus
1139 2591 1233 2613 noster
1246 2587 1370 2614 ecclesiae
1383 2595 1439 2614 suae
1454 2587 1711 2617 Thessalonicensis
1730 2589 1791 2617 loco

1005 2633 1122 2667 jacuerit
1139 2633 1307 2667 reconditus,
1325 2634 1468 2670 ignorarit,
1492 2641 1660 2671 unguentum
1675 2644 1708 2663 ex
1732 2637 1791 2672 ejus

1007 2686 1123 2713 corpore
1135 2679 1302 2710 scaturiisse,
1319 2680 1490 2714 exploratum
1507 2681 1591 2708 etiam
1618 2681 1792 2710 verosintilli-

1006 2732 1049 2751 me
1075 2725 1146 2752 haud
1172 2725 1308 2758 habuerit,
1328 2726 1464 2762 hujusque
1479 2727 1594 2762 proinde
1620 2728 1736 2764 prodigii
1762 2727 1790 2755 in

1007 2771 1225 2798 ailatistextibus
1241 2773 1411 2800 mentionem
1428 2775 1499 2802 hattd
1518 2774 1624 2808 fecerit,
1642 2775 1697 2802 imo
1708 2775 1790 2803 etiam

1008 2825 1043 2844 nc
1069 2817 1158 2844 faccre
1180 2817 1288 2852 quidem
1316 2820 1447 2853 potuerit.
1472 2821 1559 2855 Atque
1579 2821 1627 2854 ita,
1650 2821 1790 2852 omnibus,

1008 2870 1068 2897 qua:
1094 2863 1148 2897 jatn
1177 2862 1247 2894 dixi,
1272 2865 1412 2899 expensis,
1442 2867 1562 2894 nondum
1587 2875 1653 2894 sane
1675 2867 1790 2895 Joannis

1009 2908 1261 2937 Thessalonicensis
1274 2915 1362 2945 mtate,
1380 2912 1477 2940 tredum
1493 2913 1649 2947 antcillam,
1669 2922 1791 2948 unguen-
