2049 3151
220 140 288 173 1143

877 141 1200 173 SUPPLEMENTUM.

1771 137 1837 170 ΠΜ

218 202 277 225 tum
290 206 338 226 seu
353 199 443 225 oleum
467 206 482 225 e
496 198 588 226 Sancti
607 208 656 227 seu
680 200 796 233 tumulo,
815 206 862 226 seu
887 207 1001 234 corpore
1016 202 1039 230 Α
1052 200 1217 235 alteramque
1230 200 1264 228 ab
1277 207 1422 236 anonymo,
1437 200 1483 235 qui
1499 198 1677 233 Metapbrasti
1693 197 1820 232 praelusit
1831 218 1841 228 ,

220 244 347 276 stillasse,
367 244 614 276 verosimillimum,
638 253 672 272 ne
699 246 786 272 dicam
808 245 1003 277 indubitalum,

221 295 345 323 apparet.
365 289 465 317 Verum
481 298 535 324 quo
552 291 662 318 tandem
679 299 745 326 ergo
764 296 886 326 tempore
912 293 1003 326 prodi-

222 335 295 367 gium
323 334 395 361 istud
414 335 532 369 primum
549 336 666 370 cmpisse
690 337 866 363 statuemus?
888 336 1006 363 Thcssa-

223 380 363 407 lonicense
389 380 519 408 Demetrii
548 382 678 416 templum
712 382 784 409 haud
816 383 916 409 dudum
945 386 1008 417 post

221 425 336 452 Joannis
345 425 598 454 Thessalonicensis
605 427 711 454 obitum
724 435 774 455 seu
785 428 884 455 seculo
890 429 1007 462 septimo

223 478 385 499 senescente
412 472 530 499 ﬁnitimis
554 473 638 500 fuisse
666 473 843 508 absumptum
877 474 1007 507 aliudque

224 518 285 552 ejus
302 519 362 545 loco
383 518 468 546 fuisse
481 524 662 550 exstructum,
688 527 770 553 supra
791 519 919 546 vidimus.
937 518 1007 551 Quid

226 565 248 590 si
265 571 340 598 ergo,
359 572 421 591 cum
439 572 542 591 novum
575 565 648 592 istud
680 565 825 592 acdificium
847 566 1008 600 erigeretur,

227 615 354 644 terraque
369 609 443 637 hunc
460 611 487 636 in
506 610 586 638 finem
608 611 690 638 variis
703 610 768 638 locis
787 610 965 644 etl'oderetur,
984 616 1011 638 et

226 655 347 690 primum
365 661 429 683 tunc
447 663 556 683 sacrum
570 657 698 684 Demetrii
714 665 814 692 corpus
822 656 902 684 fuerit
914 657 1010 684 inven—

229 706 286 728 tum
303 709 351 728 seu
366 702 517 734 detectum,
529 707 556 728 et
576 702 665 729 oleum
678 703 758 729 simul
772 710 819 730 seu
831 708 1010 738 unguentum,

229 747 361 775 sanandis
377 747 479 775 morbis
497 748 629 781 salutare,
646 755 680 775 ex
703 756 736 776 eo
753 749 886 776 scaturire
903 749 1013 783 incepe-

230 793 265 820 rit
279 793 292 820 τ

265 837 374 866 106.1d
391 846 458 866 sane
485 838 552 865 mihi
578 839 652 867 baud
674 846 789 874 prorsus
813 847 879 867 vero
900 843 1014 874 apparet

231 882 367 915 absimile,
386 891 438 918 pro
456 889 533 911 certo
544 887 634 911 tatnen
650 884 692 910 vel
716 884 820 911 idcirco
837 884 937 912 habere
958 891 1012 911 non

232 929 331 960 ausim,
350 930 423 964 quod
439 934 536 957 auctor
551 937 713 965 anonymus,
731 931 778 965 qui
795 929 909 958 Joannis
924 931 1013 958 Thcs-

233 975 413 1002 salonlcensis
431 975 464 1002 de
481 975 613 1003 Demetrii
640 976 778 1003 miraculis
796 976 1014 1004 lucubrationem

232 1020 414 1054 continuavit,
429 1021 595 1056 saeculoque,
612 1026 639 1048 ut
653 1030 735 1057 supra
749 1023 842 1054 docui,
859 1023 902 1049 vel
918 1027 1016 1050 octavo

233 1072 408 1099 senescente,
440 1067 483 1102 vel
497 1068 703 1095 nonoineunte
731 1067 833 1100 ﬂoruit,
847 1068 950 1095 nullam
970 1076 1016 1095 us-

235 1111 308 1146 piam
328 1111 355 1138 in
384 1112 537 1146 miraculis,
552 1112 644 1140 Sancti
675 1114 762 1140 nostri
788 1114 940 1149 patrocinio
968 1122 1017 1148 pa-

235 1157 326 1189 tratis,
342 1165 403 1193 quae
420 1163 524 1190 narrat,
550 1159 682 1194 unguenti
711 1167 744 1186 ex
762 1160 822 1194 ejus
848 1167 898 1186 snu
912 1159 1018 1187 tumulo

234 1211 284 1231 seu
311 1211 429 1239 corpore
455 1205 609 1240 prodigiose
643 1205 821 1233 scaturientis
851 1206 1018 1232 mentionem

235 1249 330 1277 faciat.
345 1250 438 1276 Sancti
463 1250 573 1285 quidem
597 1251 729 1286 templum
751 1251 949 1279 lucubrationis
964 1258 1020 1278 sua

235 1303 285 1323 seu
301 1295 492 1322 uinculorum
504 1296 675 1328 edendorum,
692 1297 741 1324 lib.
757 1304 788 1328 ιι,
816 1303 875 1331 cap.
894 1297 922 1329 5,
941 1301 1021 1323 vocat

238 1342 442 1376 ιαματοφόρονς
468 1349 561 1369 verum
579 1350 642 1369 cum
658 1342 820 1369 vocabulum
846 1343 916 1377 ἴαμα
939 1349 1020 1369 sana-

237 1388 341 1414 tionem
358 1395 435 1421 teque
463 1395 545 1422 quam
573 1387 756 1420 medicamen,
789 1386 827 1414 uti
852 1387 907 1422 jam
939 1394 1021 1421 supra

237 1433 330 1466 docui,
348 1432 504 1468 signiﬁcare
519 1438 611 1468 queat,
630 1441 695 1460 sane
708 1441 739 1461 ex
755 1433 887 1460 attributo
901 1440 949 1465 per
961 1431 1017 1459 lau-

238 1481 333 1507 datum
373 1480 535 1515 scriptorem
576 1487 741 1517 anonymum
779 1478 1021 1507 Thessalonicensi

1056 247 1254 282 conscriptam.
1266 246 1406 277 Leontius,
1420 245 1517 281 Illyrici
1530 245 1581 272 sub
1594 244 1684 271 seculi
1697 243 1842 278 quinti,nti

1057 301 1089 321 ex
1103 301 1186 328 supra
1202 292 1282 320 dictis
1306 296 1430 326 apparet,
1447 291 1554 318 initium
1578 289 1733 324 praefectus,
1752 288 1842 316 ’Πιθε-

1057 339 1189 370 salonica,
1205 345 1266 365 cum
1283 338 1339 372 jam
1354 337 1381 364 in
1403 338 1452 364 hac
1467 336 1578 363 civitate
1588 334 1732 362 ecclesiam
1747 339 1844 361 sancto

1058 385 1197 412 Demetrio
1214 384 1404 415 exstruisset,
1420 381 1549 409 Sirmium
1567 381 1713 416 petiturus,
1736 385 1843 415 partem

1059 432 1216 468 quampiam
1229 441 1244 459 e
1259 430 1425 458 sacrosancti
1457 428 1583 464 martyris
1603 435 1719 462 corpore
1739 431 1843 454 statue-

1060 483 1102 505 rat
1115 478 1249 512 accipere,
1263 476 1367 510 fuitque
1378 475 1413 502 ab
1423 475 1475 502 hoc
1488 474 1628 509 proposito
1639 481 1687 508 per
1701 473 1844 505 Sanctum,

1060 524 1088 552 in
1105 524 1208 551 somnis
1227 523 1279 550 sibi
1296 526 1485 557 apparentem,
1500 521 1662 547 abstractus.
1679 519 1788 551 Fateor,
1805 519 1849 546 sic

1061 570 1154 597 habet.
1182 567 1282 596 Verum
1299 568 1389 594 locum
1411 565 1642 595 determinatum.
1664 571 1719 598 quo
1735 571 1845 591 sacrum

1062 615 1154 644 Sancti
1184 614 1273 642 nostri
1299 621 1400 648 corpus
1422 613 1536 647 iaceret,
1565 611 1681 639 Leontio
1704 610 1846 645 cognitum

1062 663 1154 695 fuisse,
1175 666 1280 689 certum
1300 660 1363 688 inde
1376 667 1435 687 esse
1453 658 1524 686 haud
1541 662 1650 692 potest:
1664 661 1848 692 praeterquam

1061 708 1133 736 enim
1151 707 1225 742 quod
1238 707 1303 733 illud
1321 705 1426 732 Leontii
1448 704 1595 732 consilium
1611 704 1639 730 in
1659 702 1849 729 Anastasianis

1061 758 1090 781 et
1107 752 1248 780 Photianis
1266 751 1358 779 Sancti
1380 751 1458 778 Actis
1475 757 1531 778 non
1554 753 1732 780 memoretur,
1753 747 1783 774 id
1795 747 1849 773 sibi

1063 801 1145 828 etiam
1162 799 1310 830 Leontius,
1326 803 1388 826 utut
1409 797 1511 829 locum,
1534 803 1589 830 quo
1615 802 1725 822 sacrum
1747 795 1851 828 pignus

1063 845 1177 880 iaceret,
1202 843 1323 871 nondum
1347 848 1412 870 tunc
1427 845 1530 872 nosset.
1553 847 1671 874 eumque
1687 839 1821 866 duntaxat
1833 845 1853 864 a

1066 898 1136 922 sese,
1157 890 1278 917 fossione
1295 889 1384 920 facta,
1403 887 1544 914 inventum
1562 886 1605 917 iri.
1632 889 1764 920 speraret,
1785 891 1851 918 pro-

1066 937 1185 972 positum
1200 935 1287 970 potuit
1301 935 1412 962 habere.
1428 933 1495 960 Utut
1516 933 1562 964 sit,
1586 931 1686 959 Jonnni
1701 930 1850 957 Thessalo-

1066 983 1171 1011 nicensi
1191 981 1291 1017 potius,
1315 987 1396 1014 quam
1410 979 1602 1013 lletaphrasta
1615 982 1644 1004 et
1664 983 1811 1010 anonymo,
1834 983 1852 1002 e

1066 1036 1121 1063 quo
1138 1028 1183 1055 hic
1199 1035 1248 1055 sua
1272 1025 1435 1060 desumpsit,
1455 1024 1582 1052 Demetrii
1599 1022 1758 1056 biograpbo,
1776 1025 1852 1048 stan-

1067 1075 1131 1103 dum
1153 1078 1212 1106 est,
1235 1072 1382 1106 Sanctique
1405 1069 1530 1106 proinde,
1554 1068 1687 1104 quidquid
1710 1067 1792 1094 etiam
1822 1066 1850 1092 bi

1067 1121 1198 1152 scribant,
1213 1126 1313 1154 corpus
1331 1125 1386 1145 non
1402 1116 1489 1152 prius,
1504 1122 1585 1149 quam
1610 1113 1711 1141 secqu
1733 1112 1853 1146 septimo

1068 1171 1240 1198 senescente,
1265 1169 1313 1194 aut
1335 1162 1476 1198 sequentis
1498 1161 1578 1188 initio
1594 1160 1680 1187 fuisse
1701 1159 1852 1190 detectum,

1069 1213 1097 1240 in
1109 1212 1229 1240 animum
1247 1210 1357 1238 induco.
1375 1209 1463 1244 Atque
1486 1208 1513 1235 id
1530 1212 1596 1234 tunc
1612 1205 1724 1240 quidem
1747 1203 1855 1231 verosi-

1070 1257 1171 1285 militer
1190 1257 1332 1286 duntaxat,
1348 1259 1424 1282 certo
1437 1258 1529 1281 autem
1539 1271 1547 1283 .
1567 1251 1607 1278 uti
1621 1259 1655 1278 ex
1670 1257 1755 1284 supra
1772 1248 1855 1276 dictis

1069 1310 1187 1338 pronum
1210 1306 1252 1330 est
1275 1301 1413 1336 colligere,
1441 1307 1496 1326 non
1521 1297 1609 1325 serius
1644 1303 1728 1332 quam
1752 1295 1856 1322 neuio

1070 1356 1145 1376 nono
1161 1347 1262 1375 factum
1283 1346 1345 1374 fuit.

1107 1393 1169 1420 108.
1188 1392 1288 1419 Verum
1310 1398 1391 1423 anne,
1413 1395 1442 1417 ut
1458 1389 1493 1416 ad
1517 1387 1590 1415 aliud
1606 1387 1661 1422 jam
1682 1385 1856 1421 progrediar,

1072 1445 1178 1466 sacrum
1194 1437 1264 1464 istud
1281 1437 1380 1472 pignus
1394 1436 1423 1462 in
1437 1434 1553 1462 ecclesia
1566 1433 1666 1460 Sancto
1678 1440 1756 1460 sacra
1772 1438 1857 1466 penes

1074 1484 1333 1518 Thessalonicenses
1349 1490 1459 1518 semper
1471 1481 1600 1516 deinceps
1617 1479 1733 1506 mansit?
1749 1478 1780 1505 In
1796 1477 1857 1503 Vita

239 1527 327 1554 sancti
354 1525 486 1553 Demetrii
515 1525 637 1554 ecclesiae
668 1525 791 1560 epitheto
825 1524 1019 1560 ἰαματοφόρος,

1074 1530 1162 1557 sancti
1174 1529 1313 1560 Lietberti,
1326 1526 1530 1555 Cameracensis
1544 1530 1574 1553 et
1591 1523 1782 1552 Atrebatensis
1796 1522 1854 1555 epi-

240 1576 334 1607 utpote
350 1572 421 1606 quod
435 1577 489 1598 tant
504 1572 543 1605 id,
563 1572 637 1607 quod
653 1572 835 1604 sanationem,
852 1579 933 1605 quam
949 1569 1022 1604 qttod

239 1619 409 1646 medicamen
425 1626 474 1646 seu
490 1618 622 1645 medelam
639 1618 728 1651 all'crt,
749 1617 903 1652 signiﬁcare
928 1621 1022 1643 notum

240 1666 285 1697 sit,
302 1667 378 1700 argui
391 1673 446 1692 non
456 1670 554 1700 potest,
567 1665 610 1692 vel
625 1665 771 1692 obscuram
789 1664 878 1698 ipsum
893 1662 1024 1697 unguenti

241 1709 366 1737 cSancti
385 1711 490 1737 tuntnlo
521 1710 676 1745 prodigiose
704 1708 881 1736 scaturientis
906 1706 1024 1733 mentio-

243 1764 305 1783 nem
332 1756 423 1783 facere
450 1756 577 1782 voluisse.
596 1755 673 1787 Quod
688 1762 750 1781 cum
778 1754 816 1780 ita
832 1753 878 1784 sit,
904 1752 995 1779 oleum
1010 1759 1026 1779 e

244 1802 338 1830 Sancti
360 1801 465 1828 tumulo
479 1800 534 1835 jam
551 1800 615 1828 inde
632 1808 646 1827 a
674 1799 773 1828 saeculo
799 1803 897 1827 octavo
913 1799 1026 1826 ineunte

246 1853 293 1875 aut
319 1847 401 1874 etiam
429 1852 592 1874 senescente
611 1847 728 1881 septimo
748 1845 903 1881 prodigiose
923 1845 1027 1872 stillare

245 1895 371 1930 coepisse,
387 1899 526 1930 utcunque
550 1893 661 1929 quidem
682 1893 850 1926 verosimile,
868 1892 1028 1927 neutiquam

245 1947 334 1969 tamen
351 1945 393 1968 est
414 1945 520 1968 certum
549 1945 630 1975 atque
651 1939 847 1966 ittdubitatum.
861 1937 930 1965 Ilinc
945 1945 1028 1972 porro

246 1987 384 2022 simulque
401 1994 434 2014 ex
453 1987 527 2020 aliis,
541 1994 602 2021 quae
622 1993 637 2012 e
653 1984 758 2012 Joanne
773 1984 930 2012 Camcniata
946 1991 1028 2018 supra

247 2033 376 2065 disserui,
391 2033 445 2068 jam
474 2032 543 2065 ﬂuit,
576 2037 604 2059 ut
620 2036 696 2058 certo
722 2031 830 2065 quidem
845 2030 902 2065 jam
919 2029 982 2056 inde
1013 2037 1029 2056 a

247 2081 348 2108 smculo
363 2087 449 2112 nono,
465 2078 588 2106 fortassis
617 2083 708 2104 autem
730 2077 863 2104 duntaxat
888 2075 943 2111 jam
964 2075 1028 2102 inde

248 2129 328 2155 etiam
343 2134 357 2153 a
376 2126 475 2153 smculo
491 2129 588 2152 octavo
605 2127 651 2150 aut
668 2122 785 2158 septimo
798 2128 967 2157 unguentum
982 2128 1031 2148 seu

248 2174 350 2205 oleum,
369 2171 501 2199 sanandis
529 2170 632 2197 morbis
653 2169 784 2200 salutare.
802 2175 818 2195 e
833 2167 921 2194 sancti
936 2167 1031 2193 Deme-

250 2219 294 2247 trii
323 2227 372 2246 scn
390 2225 506 2252 corpore
532 2224 581 2244 seu
612 2215 718 2243 tutnulo
734 2214 888 2250 prodigiose
911 2212 1029 2240 stillarit.
1043 2201 1071 2231 Ῑ)

250 2269 338 2301 Atque
354 2266 410 2292 [nec
422 2265 477 2300 jam
503 2263 536 2290 de
554 2270 653 2298 magno
682 2262 735 2289 isto
752 2261 939 2293 continuoque
950 2259 1033 2286 mira-

249 2315 310 2341 culo
328 2311 491 2341 disseruisse
510 2309 645 2342 snlliciat;
663 2316 746 2340 nunc,
770 2305 899 2342 quoniam
917 2305 951 2332 de
983 2305 1032 2331 De-

251 2359 342 2386 metrii
355 2365 471 2392 corpore
488 2355 591 2383 mentio
604 2354 677 2381 haud
693 2353 854 2388 infrequens
868 2351 882 2386 ξ
906 2351 1033 2386 prmscnti

251 2407 323 2433 [arta
353 2409 403 2436 est,
421 2401 551 2430 nonnulla
580 2401 678 2431 adhuc,
703 2407 764 2434 quae
786 2398 820 2426 de
849 2398 901 2425 ltoc
918 2396 1034 2424 dicenda

251 2455 364 2483 restant,
383 2450 428 2477 hic
443 2449 536 2481 etiam,
552 2454 587 2474 ne
601 2454 661 2481 qua:
675 2445 820 2480 conjuncta
833 2442 1034 2478 quodaminodo

250 2502 324 2529 sunt.
340 2496 486 2532 scjunctim
501 2496 665 2523 tractentur,
683 2489 804 2525 expediri
814 2494 856 2516 est
872 2495 1033 2516 consonum.

289 2544 348 2572 l07.
362 2545 400 2570 Ac
415 2542 503 2578 primo
516 2539 625 2574 quidem
642 2544 749 2564 sacrum
764 2535 828 2562 illud
845 2534 955 2569 pignus,
972 2541 1035 2560 cum

251 2590 468 2620 determinatus,
496 2593 551 2622 quo
575 2585 600 2612 in
621 2583 710 2611 dicata
732 2581 833 2608 Sancto
860 2579 1035 2608 TDCSSniOlli-

252 2638 327 2665 censi
354 2634 469 2664 ecclesia
491 2633 594 2668 jaceret
618 2628 808 2660 reconditum,
836 2627 914 2654 locus
932 2626 1035 2653 dudum

254 2684 350 2711 fuisset
365 2680 530 2717 incognitus,
546 2678 681 2705 detectum
705 2683 759 2702 non
781 2674 869 2709 prius,
885 2680 968 2707 q'tutn
984 2680 1036 2699 ste-

255 2729 316 2755 cnlo
333 2727 448 2762 septimo
464 2729 623 2753 senescente
635 2727 682 2750 aut
693 2719 833 2756 sequentis
849 2719 926 2745 initio
941 2718 1035 2749 fuisse,

258 2773 298 2799 \‘cl
314 2781 328 2800 e
344 2773 400 2799 solo
414 2779 490 2798 num.
507 2770 558 2797 10‘2
576 2769 627 2796 huc
641 2766 805 2800 transeripto
823 2764 936 2791 Joannis
952 2763 1038 2789 ’l'ltcs-

258 2817 434 2844 ralonicensis
463 2815 619 2843 testimonio
646 2815 733 2848 palam
752 2816 805 2837 est.
833 2812 867 2836 At
893 2818 969 2839 vero,
996 2808 1037 2834 in-

258 2863 345 2899 quies,
359 2862 508 2890 secundum
520 2859 754 2896 Mclupltrasticam
765 2857 857 2885 Sancti
871 2855 1036 2888 Pas~i~ncm,

1073 1575 1158 1610 scopi,
1175 1575 1208 1603 ad
1220 1575 1256 1602 23
1273 1574 1350 1602 Junii
1365 1574 1447 1605 diem,
1463 1580 1517 1607 quo
1531 1571 1575 1599 hic
1591 1571 1700 1602 colitur,
1718 1569 1745 1596 in
1771 1575 1856 1602 opere

1074 1626 1168 1648 nostro
1181 1621 1299 1655 vulgata,
1313 1627 1372 1653 cap.
1387 1618 1415 1650 5,
1434 1626 1488 1652 quo
1510 1615 1606 1643 Sancti
1630 1615 1712 1649 hujus
1733 1613 1861 1648 episcopi

1075 1667 1127 1694 iter
1142 1666 1414 1701 llicrosolymitanum
1428 1663 1602 1694 describitur,
1612 1659 1860 1689 lncubraliuncuhe

1076 1713 1147 1740 illius
1161 1716 1255 1739 auctor
1271 1710 1431 1745 Radulpbus
1442 1710 1479 1736 ita
1492 1703 1631 1736 memoriae
1648 1706 1739 1741 prodit
1754 1714 1762 1732 :
1781 1716 1790 1731 ι
1810 1705 1856 1731 ln-

1076 1766 1186 1795 gressus
1209 1757 1378 1791 (Lietbertus
1399 1756 1512 1790 nempe)
1532 1754 1692 1781 Dalmatiam
1706 1772 1713 1783 ,
1737 1752 1859 1785 locisque

1077 1803 1244 1838 peragratis,
1267 1802 1294 1828 in
1314 1802 1411 1836 quibus
1434 1801 1498 1827 olim
1523 1800 1710 1827 Diocletianus
1736 1798 1859 1824 thermas

1077 1849 1236 1877 aediﬁcando
1246 1849 1351 1876 diversa
1365 1848 1461 1874 mortis
1476 1846 1604 1873 intulerat
1617 1843 1748 1879 supplicia
1756 1843 1861 1870 Christi

1079 1894 1249 1930 martyribus,
1265 1901 1375 1921 cursum
1400 1893 1480 1919 vertit
1497 1891 1626 1919 lsauriant
1647 1897 1755 1917 versus.
1770 1889 1859 1921 Quam

1079 1941 1238 1976 praeteriens
1265 1940 1377 1967 devenit
1400 1938 1574 1969 Corinthum,
1606 1936 1716 1970 illieque
1744 1935 1862 1961 audiens

1080 1986 1209 2014 Demetrii
1231 1986 1329 2018 sancti,
1354 1985 1424 2012 inter
1447 1988 1581 2018 martyres
1599 1981 1735 2016 pra-clari,
1761 1986 1862 2012 corpus

1080 2033 1232 2069 quiescere.
1249 2031 1402 2066 sepulcrum
1417 2030 1481 2064 ejus
1492 2028 1616 2063 expetiit,
1636 2032 1749 2061 totoque
1763 2025 1863 2052 mentis

1081 2079 1179 2106 atiectu
1201 2078 1304 2105 meritis
1321 2076 1406 2111 ipsius
1423 2075 1547 2103 divinum
1569 2072 1701 2100 auxilium
1719 2071 1827 2105 quaerit.
1849 2079 1860 2095 ι

1082 2124 1200 2152 Sanctus
1212 2123 1378 2153 Lietbertus.
1391 2120 1596 2149 Cameracensis
1606 2125 1687 2153 atque
1703 2118 1865 2145 Atrebater

1083 2169 1121 2196 sis
1138 2169 1293 2204 epi3copus,
1307 2167 1407 2196 saeculo
1419 2166 1576 2197 undecimo,
1588 2169 1683 2200 utpote
1694 2171 1766 2190 anno
1784 2162 1865 2195 5076,

1084 2215 1124 2242 uli
1141 2214 1212 2249 apud
1230 2221 1280 2241 nos
1298 2213 1332 2241 ad
1356 2213 1457 2240 dictum
1476 2210 1550 2238 Junii
1563 2210 1634 2238 diem
1649 2210 1743 2237 videre
1757 2209 1834 2238 licet.
1849 2215 1868 2235 e

1083 2261 1151 2288 vivis
1176 2260 1309 2290 sublatus,
1330 2258 1437 2290 ﬂoruit;
1461 2265 1557 2292 quare,
1582 2257 1606 2284 si
1629 2255 1722 2282 verbis
1742 2254 1867 2282 recitatis

1083 2314 1147 2334 vera
1173 2310 1306 2333 memoret
1322 2304 1492 2338 Itadnlpltus,
1508 2308 1649 2336 totumque
1665 2301 1752 2328 sancti
1769 2301 1868 2327 Dente-

1086 2353 1129 2380 trii
1145 2360 1244 2386 corpus
1260 2351 1428 2378 intellectum
1445 2349 1571 2381 voluerit,
1588 2354 1700 2375 necesse
1720 2350 1771 2378 est,
1790 2351 1820 2373 ut
1840 2346 1867 2373 id

1085 2398 1186 2427 seculo
1200 2397 1346 2425 undecimo
1370 2404 1423 2423 non
1441 2395 1559 2430 amplius
1573 2393 1773 2421 Thessalonice
1789 2393 1869 2426 quie-

1085 2445 1165 2476 verit,
1181 2444 1227 2472 sed
1244 2443 1307 2470 inde
1320 2448 1368 2470 aut
1383 2442 1434 2470 hoc
1448 2442 1505 2476 ipso
1515 2441 1615 2468 sa-culo
1629 2445 1675 2467 aut
1691 2439 1774 2466 etiam
1786 2438 1869 2465 citius

1085 2490 1266 2521 Corinthum,
1288 2489 1332 2516 ubi
1361 2488 1388 2516 id
1411 2494 1523 2516 sanctus
1551 2486 1706 2513 Lietbertus
1731 2484 1869 2514 visitarit.

1087 2536 1168 2564 fuerit
1184 2536 1353 2563 translatum.
1374 2533 1472 2561 Verum
1497 2532 1686 2560 Henscbenius
1700 2535 1811 2561 noster,
1840 2530 1869 2556 in

1087 2582 1144 2611 suis
1161 2582 1188 2608 in
1206 2582 1317 2609 recitata
1336 2579 1471 2613 Radnlphi
1488 2579 1569 2607 verba
1585 2577 1728 2604 Adnotatis
1750 2575 1869 2609 aliquam

1087 2627 1209 2656 auctoris
1222 2627 1314 2662 hujus,
1331 2626 1376 2660 qui
1396 2630 1526 2660 przelcrea
1545 2622 1752 2651 Diocletianum.
1771 2624 1873 2654 marty-

1089 2675 1164 2701 ribus
1191 2674 1285 2701 labore
1308 2671 1476 2699 macerandis
1513 2669 1669 2699 intentum,
1693 2667 1814 2694 thermas
1844 2666 1872 2692 in

1090 2720 1220 2747 Dalmatia
1239 2719 1425 2750 castruxisse,
1439 2723 1580 2751 perperam
1593 2721 1659 2742 sane
1678 2714 1777 2747 (neque
1797 2711 1872 2738 enim

1091 2767 1134 2794 ille
1149 2766 1174 2793 id
1190 2766 1238 2797 ibi,
1255 2765 1301 2792 sed
1317 2764 1410 2791 Itoma-
1431 2762 1503 2796 fccit)
1523 2760 1660 2789 memoria:
1679 2759 1780 2793 prodit.
1799 2758 1872 2784 circa

1091 2812 1148 2838 loca
1171 2810 1198 2837 itt
1224 2815 1297 2837 textu
1321 2810 1375 2836 ltuc
1401 2807 1564 2841 transcripta
1588 2805 1724 2835 indicata,
1744 2803 1873 2837 ignoran-

1093 2857 1159 2884 tiatu
1185 2857 1354 2888 ausvitatns,
1383 2853 1498 2882 fueritne
1524 2851 1611 2879 sancti
1628 2848 1757 2878 Demetrii
1775 2855 1840 2882 corp
1861 2855 1874 2874 s
