2049 3151
157 155 226 189 1145

668 158 700 190 S.
720 159 912 191 DEMETRII
933 162 1131 194 MARTYRIS
1150 164 1257 195 ACTA.

1702 163 1772 196 1146

155 213 363 246 Thessalonica,
376 221 428 248 qua
443 213 470 240 in
484 214 560 247 urbe,
576 214 649 249 quod
660 221 695 242 ex
709 222 743 242 eo
764 220 933 250 unguentum
948 220 971 247 Α
987 223 1125 253 appareat.
1140 218 1252 246 Parisiis
1264 219 1291 246 in
1303 227 1384 254 parva
1399 220 1525 253 ecclesia.
1536 227 1596 255 quae
1613 222 1699 248 sancti
1713 222 1776 249 Dio-

155 258 291 286 medicum
315 259 478 291 scaturiret,
498 267 596 292 magno
619 261 781 294 populorum
801 268 935 288 concursu

154 303 348 336 houorabatur,
364 303 526 331 Corinthum
553 305 713 332 translatum
727 326 734 339 ,
761 306 934 341 disquisitum

153 348 187 375 iri
204 349 236 375 ad
252 349 326 376 hunc
341 350 357 376 8
371 349 496 377 Octobris
510 350 591 383 diem,
607 351 743 385 promisit.

190 395 250 422 109.
266 395 301 422 Ut
314 396 406 430 itaque
417 396 497 423 ﬁdem
510 397 545 423 ab
559 404 591 424 eo
605 397 694 424 datam
707 397 831 429 liberem,
844 397 937 424 simul-

152 448 205 474 que
222 449 304 475 quam
322 442 434 474 merito,
450 449 485 468 an
509 442 536 468 in
559 442 734 475 assignando.
757 450 810 477 quo
825 449 937 469 sanctus

153 485 310 512 Lietbertus
334 487 420 513 sancti
444 486 573 513 Demetrii
597 494 698 521 cOI-pus
722 487 854 519 visitavit,
875 487 936 514 loco

152 530 313 566 Radulphus
327 532 508 559 hallucinatus
528 532 599 559 haud
623 532 670 565 sit,
686 533 712 559 in
733 532 879 560 Adnotatis
891 540 937 559 su-

150 584 201 611 pra
219 578 277 605 citt.
292 578 435 610 dubitarit,
449 578 603 609 ostendam,
619 578 713 605 lectori
730 578 757 605 in
779 579 935 605 memoriam

150 631 261 656 revoco,
285 624 356 658 quod
383 632 459 652 num.
490 624 523 651 8'1
546 629 573 651 et
592 624 679 651 tribas
701 632 777 659 seqq.
799 624 936 659 integrum

149 670 206 697 huc
233 670 414 705 transcripsi,
432 671 643 698 instrumentum
662 670 811 704 publicum.
832 671 861 697 in
885 671 938 697 hoc

147 716 235 745 enim.
251 716 335 750 quod,
358 720 387 743 ut
404 715 507 742 ibidem
532 716 624 748 docui,
642 716 732 743 saeculi
750 716 822 743 tertii
839 716 937 743 decimi

147 762 229 789 initio
252 762 346 789 datum
362 762 475 789 indubie
492 761 554 794 fuit,
573 769 674 796 corpus
699 762 786 789 sancti
808 762 938 789 Demetrii

148 814 218 836 tunc
232 808 332 840 adhuc,
351 815 414 835 cum
434 808 460 835 id
474 808 595 840 daretur,
613 807 817 835 Thessalonicae
840 808 868 834 in
890 814 937 834 ec-

147 854 245 884 clesia.
262 853 326 881 huic
341 861 430 885 sacra,
445 853 530 880 fuisse
545 857 725 885 asservatum,
745 860 800 880 non
820 853 936 880 obscure

150 899 291 926 indicatur
306 907 313 925 :
329 899 401 932 quod
423 906 484 925 cum
507 898 545 925 ita
564 898 610 930 sit,
630 906 682 925 nec
701 899 859 933 quidquam,
882 907 936 934 quo
953 885 973 911 Β

150 944 252 972 laudati
273 944 446 971 instrumenti
476 943 544 971 ﬁdes
567 944 702 976 elevetnr,
723 945 810 978 possit
833 944 935 976 afferri,

150 992 287 1025 integrum
302 990 444 1018 enimvero
458 997 568 1017 sacrum
587 990 654 1018 illud
669 991 766 1025 pignus
779 992 832 1025 jam
846 991 909 1018 inde
922 999 936 1017 a

149 1036 251 1063 su-culo
268 1036 420 1069 undecimo,
431 1044 487 1071 quo
502 1037 641 1064 visitatum
659 1045 675 1064 a
690 1042 789 1065 sancto
801 1037 938 1064 Lietberto

150 1083 220 1112 fuiL,
245 1081 406 1110 Corinthum
432 1082 624 1111 Thessalonica
648 1082 733 1110 luisse
756 1083 938 1115 translatum,

150 1137 235 1156 nemo
247 1129 359 1160 dixerit;
368 1130 419 1156 nisi
431 1129 502 1157 forte
517 1130 610 1163 simul,
622 1131 694 1165 quod
711 1135 801 1158 tamen
816 1131 938 1158 futurum

152 1177 227 1203 haud
243 1184 315 1209 reor,
336 1175 421 1203 luisse
443 1176 525 1208 illud,
549 1183 610 1203 cum
634 1176 758 1204 Corinthi
781 1176 940 1211 aliquandiu

151 1222 255 1249 ste-culo
272 1221 416 1248 undecimo
432 1226 457 1248 et
474 1222 544 1249 forte
561 1223 642 1249 etiam
659 1222 783 1257 sequenti
798 1222 939 1256 jacuisset,

153 1264 379 1292 Thessalonicam
407 1266 471 1293 inde
500 1266 599 1293 iterum
630 1270 768 1293 revectum
784 1286 792 1298 ,
824 1267 942 1294 voltu-rit

151 1315 289 1338 astruere.
304 1311 339 1338 At
356 1318 431 1344 vero.
446 1312 565 1346 inquies,
581 1312 606 1339 si
626 1319 670 1339 res
691 1313 728 1339 ita
746 1313 860 1343 habeat,
885 1320 940 1339 non

152 1361 271 1389 tantum,
285 1365 348 1383 num
359 1357 554 1392 iladulphusin
567 1358 743 1392 assignando,
757 1366 811 1392 quo
829 1362 942 1385 sanctus

151 1402 311 1429 Lietbertus
329 1411 433 1429 sacrum
452 1404 537 1430 sancti
557 1404 686 1430 Demetrii
712 1412 812 1437 corpus
828 1412 942 1431 venera-

153 1453 199 1474 tus
212 1451 266 1478 est,
290 1447 349 1474 loco
371 1447 477 1479 errarit,
496 1448 687 1481 ambigendum
704 1454 827 1482 apparet,
843 1456 939 1475 verum

151 1493 238 1520 ctiam
261 1493 348 1527 teipsa
366 1494 438 1519 illum
456 1495 504 1519 hac
521 1494 547 1520 in
563 1501 591 1520 re
604 1502 663 1520 esse
680 1494 887 1526 ltallncinatum,
901 1494 943 1521 in-

988 266 1057 300 nysii
1076 265 1113 292 De
1139 265 1223 292 Passu
1238 266 1353 296 dicitur.
1365 271 1480 301 postque
1497 267 1640 294 ecclesiam
1655 268 1774 295 sanctis-

987 312 1063 338 simae
1083 311 1130 338 Dei
1146 311 1279 338 Genitrici
1296 312 1395 338 ibidem
1413 319 1531 342 sacram.
1548 313 1597 339 sita
1614 318 1666 346 est,
1681 321 1772 341 sacras

986 357 1128 391 quasdam,
1152 365 1220 391 quas
1246 358 1333 384 sancti
1353 358 1498 390 Demetrii,
1522 358 1622 385 ibidem
1646 367 1678 386 ex
1701 359 1772 387 infra

987 403 1110 430 dicendis
1125 403 1200 435 culti,
1212 411 1271 430 esse
1287 403 1467 435 contendunt,
1483 404 1612 438 reliquias
1626 406 1771 437 asservari,

988 449 1125 479 Bailletus,
1144 454 1207 476 tom.
1227 448 1260 475 lll
1282 448 1402 475 Vilerum
1414 469 1421 481 ,
1436 449 1488 476 col.
1503 449 1564 480 “5,
1581 449 1710 483 allirmat;
1728 459 1773 478 vc-

987 501 1046 520 rum
1060 501 1121 520 cum
1136 493 1180 520 hic
1190 494 1306 527 scriptor
1317 494 1467 522 dubitantis
1479 495 1611 521 duntaxat
1624 496 1648 522 in
1663 497 1771 524 modum

987 539 1022 565 de
1045 546 1075 565 re
1090 538 1177 565 isthac
1202 538 1301 566 ibidem
1321 539 1457 573 loquatur,
1485 540 1582 567 nedum
1608 541 1773 576 quidquam,

987 591 1041 617 quo
1053 591 1111 609 eam
1124 584 1255 616 stabiliat,
1271 585 1297 611 in
1323 585 1454 616 medium,
1473 586 1495 612 si
1522 585 1641 614 delatum
1669 587 1771 615 ibidem

988 628 1126 656 Demetrio
1141 629 1244 656 cultum
1263 630 1416 664 exceperis,
1433 630 1562 662 adducat,
1584 631 1637 658 alio
1653 632 1728 663 mihi,
1747 637 1776 660 ut

987 672 1074 699 sancti
1087 672 1213 699 Demetrii
1231 673 1361 708 reliquias
1374 679 1437 708 post
1454 675 1582 702 sarculum
1600 677 1774 703 undecimum

987 722 1033 745 aut
1047 718 1130 745 etiam
1146 719 1227 746 citius
1243 727 1306 746 cum
1318 719 1379 746 aliis
1397 721 1524 748 ecclesiis
1551 721 1636 749 fuisse
1653 730 1776 749 commu-

987 765 1109 796 nicatos,
1126 764 1282 792 verosimile
1306 769 1446 800 utcunque
1480 766 1605 798 eﬂiciam,
1632 775 1776 794 recurren-

986 810 1050 837 dum
1067 814 1119 837 ost.
1136 810 1188 838 Sex
1209 815 1368 838 sanctorum
1385 819 1499 846 cerpora
1515 833 1522 843 ,
1541 813 1668 840 videlicet
1685 814 1776 841 Theo-

987 856 1045 883 dori
1057 876 1065 888 ,
1080 857 1210 883 Demetrii
1226 861 1252 883 et
1265 857 1375 892 Georgii
1393 862 1558 893 martyrum,
1573 859 1670 891 Floris,
1685 859 1776 887 Basilii

987 905 1015 927 ct
1041 900 1194 929 Salomonis
1218 902 1362 937 Hungariaa
1386 902 1457 937 regis
1491 903 1698 934 wnlessorum.
1726 905 1777 931 sub

988 948 1145 982 particulari
1160 948 1284 975 ecclesia
1297 948 1466 975 cathctlralis
1479 949 1555 975 altari
1577 949 1648 976 Pola:
1659 950 1685 976 in
1698 949 1776 977 lstria

988 1001 1059 1020 anno
1073 994 1143 1021 1655
1160 994 1244 1021 fuisse
1267 995 1387 1025 inventa,
1404 994 1476 1028 apud
1498 1003 1548 1022 nos
1575 1001 1641 1022 tom.
1663 995 1708 1022 VII
1723 995 1774 1023 Se-

990 1037 1121 1071 ptembris
1137 1038 1162 1064 in
1181 1038 1311 1066 historico
1325 1039 1359 1066 de
1373 1038 1404 1065 B.
1421 1039 1576 1071 Salomone,
1590 1047 1604 1066 e
1619 1048 1681 1073 rege
1700 1041 1776 1067 Hun-

989 1083 1068 1118 garia:
1079 1083 1203 1115 erernita,
1220 1091 1281 1120 pag.
1298 1084 1361 1118 8i-8,
1382 1092 1398 1113 e
1412 1085 1590 1114 documentis
1613 1086 1778 1114 authenticis

991 1130 1129 1164 probatur.
1149 1132 1329 1166 sequentique
1345 1140 1408 1167 pag.
1429 1132 1568 1166 profertur
1582 1133 1662 1160 etiam
1679 1133 1779 1159 instru-

991 1180 1110 1201 mentum
1124 1175 1274 1209 publicum,
1290 1183 1305 1203 e
1322 1184 1386 1211 quo,
1402 1184 1449 1204 sex
1470 1177 1515 1204 illa
1537 1184 1652 1212 corpora
1674 1177 1724 1204 sub
1739 1178 1779 1204 al<

992 1220 1040 1247 tari
1060 1220 1106 1246 illo
1128 1228 1143 1247 a
1167 1221 1199 1247 D.
1218 1221 1350 1249 Michaele
1373 1221 1486 1254 Ursino,
1500 1222 1630 1257 episcom
1651 1222 1769 1256 Pulcnsi,

990 1272 1064 1291 anno
1077 1264 1146 1291 “87
1165 1265 1250 1292 fuisse
1265 1267 1400 1300 deposita,
1419 1267 1599 1294 indubitatum
1614 1268 1660 1295 sit.

1028 1309 1090 1336 ill.
1107 1310 1175 1336 Cum
1199 1315 1291 1337 autem
1310 1311 1463 1338 Demetrius
1487 1317 1599 1347 martyr,
1620 1313 1647 1339 in
1676 1320 1777 1339 monu-

994 1355 1093 1381 mentis
1118 1355 1172 1382 illis
1190 1362 1368 1389 mcmoratus,
1395 1358 1502 1385 duobus
1528 1359 1588 1385 aliis
1615 1359 1779 1394 martyribus

994 1401 1195 1433 celeberrimis,
1219 1401 1364 1429 Theodoro
1394 1403 1501 1430 scilicet
1524 1403 1569 1430 die
1596 1405 1610 1431 "l
1626 1404 1779 1437 Februarii,

994 1451 1022 1473 et
1038 1446 1153 1481 Georgio
1169 1447 1214 1474 die
1225 1447 1260 1474 25
1276 1448 1378 1482 Aprilis
1407 1450 1482 1475 cultu
1501 1449 1687 1476 ecclesiastico
1710 1449 1780 1476 adeo

995 1491 1057 1522 etis,
1085 1491 1226 1525 jungatur,
1259 1492 1342 1526 hique
1359 1493 1452 1526 ambo,
1477 1494 1531 1526 uti,
1546 1502 1607 1529 quae
1631 1495 1664 1521 de
1682 1495 1780 1522 iisdem

151 1538 309 1566 dubitatum
323 1539 440 1566 videtur.
457 1539 564 1571 Fateor,
580 1540 615 1566 ita
629 1541 741 1567 omnino
754 1545 875 1575 apparet,
887 1540 940 1567 nisi

996 1534 1029 1561 ad
1055 1535 1124 1561 duos
1154 1535 1213 1562 dies
1244 1535 1304 1562 illos
1328 1536 1521 1570 disseruimus,
1549 1543 1783 1572 commonstrat”,-

151 1586 229 1613 forte
243 1585 266 1612 is
281 1584 399 1618 scriptor
410 1605 418 1617 ,
432 1593 486 1612 non
511 1586 546 1612 de
572 1586 679 1620 integro
700 1586 786 1613 sancti
813 1585 940 1613 Demetrii

150 1637 283 1665 corpore,
294 1629 367 1663 quod
378 1628 504 1656 Corinthi
517 1636 532 1655 a
546 1634 641 1656 sancto
655 1629 791 1657 Lietberto
804 1629 942 1656 visitatutn

151 1678 252 1707 fuerit.
270 1676 365 1703 sedde
380 1675 451 1702 illius
467 1679 545 1709 parte
559 1676 630 1709 loqui
647 1675 782 1708 voluerit;
797 1675 873 1702 illum
891 1682 942 1702 au-

152 1728 210 1749 tem
236 1729 292 1748 non
316 1721 350 1748 de
373 1721 444 1748 sacri
468 1722 590 1755 corporis
616 1725 695 1755 parte
721 1725 838 1753 tantum,
859 1728 941 1755 quant

151 1768 311 1795 Lietbertus
320 1766 444 1794 Corinthi
458 1772 604 1794 veneratus
615 1767 707 1797 fuerit,
724 1766 796 1801 loqui
811 1766 942 1797 voluisse,

151 1814 202 1841 sed
226 1813 318 1848 potius
333 1812 495 1839 Corinthum
517 1819 565 1846 pro
583 1811 777 1839 Thessalonica
798 1819 846 1846 per
867 1819 944 1838 erro-

154 1868 216 1887 rem
234 1859 389 1892 accepisse,
406 1858 594 1885 Verusitnilius
614 1858 655 1885 vel
668 1858 768 1884 idcirco
780 1865 852 1887 reor.
870 1856 943 1891 quod

154 1906 340 1936 Lietbertum,
359 1904 577 1939 Hierosolymam
595 1908 744 1938 petentem,
770 1910 804 1929 ex
820 1902 943 1937 Bulgaria

151 1952 180 1979 in
196 1951 373 1981 Dalmatiam,
386 1950 449 1977 inde
461 1950 489 1976 in
504 1949 648 1980 hauriant,
668 1953 724 1975 tum
738 1948 901 1975 Corinthum
912 1955 944 1975 ac

151 1997 269 2025 tandem
287 1995 448 2023 Laodiceam
464 2003 526 2022 esse
544 1994 696 2029 profectum
708 2015 716 2027 ,
733 1997 945 2026 commemoret;

149 2042 301 2071 commode
320 2046 412 2068 autem
438 2042 488 2068 iter
513 2048 547 2068 ex
571 2041 696 2076 Bulgaria
721 2040 944 2067 ’l‘hessalonicam

148 2090 288 2123 dirigere,
305 2092 386 2121 atque
406 2087 471 2114 inde
494 2095 509 2114 e
533 2092 614 2121 portu
637 2086 778 2120 aptissimo
796 2086 823 2112 in
840 2086 945 2121 Syriam

148 2136 186 2163 ad
209 2133 306 2161 urbem
323 2132 485 2160 maritimam
497 2133 661 2161 Laodiceam
676 2133 805 2167 navigare
814 2132 944 2167 potuerit,

149 2181 190 2209 uti
206 2180 266 2214 jam
293 2185 357 2206 ante
380 2187 424 2206 me
452 2180 479 2206 in
503 2179 650 2207 Adno‘latis
679 2187 762 2214 supra
787 2178 945 2206 memoratis

147 2227 239 2254 etiam
256 2225 410 2252 observavit
422 2225 624 2253 llenschenius.

186 2271 254 2298 “0.
274 2272 362 2304 Atque
377 2270 441 2298 hine
450 2271 505 2305 jam
522 2271 723 2298 consectarium
735 2275 789 2304 est,
800 2275 831 2298 ut
842 2270 946 2297 Radul-

150 2318 199 2354 phi
217 2315 332 2347 laudati,
345 2316 392 2349 qui
410 2317 496 2343 sancti
513 2316 644 2344 Lietberti
660 2317 759 2349 Vitam,
775 2324 807 2344 ac
819 2316 946 2343 nomina-

152 2365 202 2392 tim
220 2362 275 2390 iter
289 2362 348 2396 ejus
361 2360 634 2396 Hierosolymitanum
647 2362 804 2397 descripsit,
819 2362 946 2389 testimo-

150 2413 230 2438 nium
243 2407 405 2441 neutiquam
421 2407 537 2435 sulliciar
547 2429 555 2441 ,
569 2413 599 2435 ut
609 2408 743 2439 Corinthi,
758 2415 819 2435 cum
834 2412 946 2434 sanctus

149 2458 173 2483 is
200 2455 353 2489 episcopus
382 2454 596 2489 Hierosolymam
623 2458 736 2488 peteret,
767 2454 808 2481 vel
837 2458 945 2488 partem

148 2503 238 2529 etiam
255 2500 391 2526 duntaxat
405 2500 530 2533 corporis
548 2500 635 2527 sancti
659 2500 789 2527 Demetrii
806 2499 945 2527 exstitisse

148 2547 313 2576 credamus.
327 2545 425 2572 Verum
435 2553 501 2572 num
511 2551 573 2580 post
585 2546 682 2572 saltem
695 2553 773 2572 sacro
786 2546 943 2578 huiusmodi

150 2594 273 2628 pignore
288 2590 387 2618 civitas
403 2591 449 2617 illa
466 2590 517 2618 fuit
534 2591 639 2618 ditata!
653 2590 681 2618 Id
693 2598 753 2625 ego,
769 2596 829 2618 utut
841 2599 855 2618 e
870 2591 945 2618 nullo

149 2645 268 2675 prorsus
277 2636 442 2664 documento
452 2636 580 2663 allirmari
595 2641 686 2670 queat,
703 2635 889 2662 indubitanter
904 2641 945 2662 ta-

151 2693 218 2712 men
236 2690 340 2718 negare
365 2690 422 2710 non
448 2683 547 2715 ausim,
564 2682 685 2709 maxime
698 2682 770 2716 quod
787 2686 848 2716 post
860 2689 944 2709 saecu-

151 2732 209 2758 lum
226 2728 406 2756 undecimum
420 2747 427 2759 ,
442 2736 496 2762 quo
510 2732 622 2755 sanctus
647 2727 800 2754 Lietbertus
815 2727 943 2754 Hieroso-

149 2778 256 2811 lymam
275 2774 361 2807 petiit,
378 2778 425 2801 aut
442 2774 512 2801 forte
524 2774 605 2801 etiam
622 2774 713 2804 citius,
731 2773 837 2807 aliquas
848 2773 943 2800 saltem

150 2821 244 2850 salicti
262 2819 392 2846 Demetrii
409 2819 538 2854 reliquias
558 2819 641 2846 fuisse
654 2819 799 2846 distractus
816 2826 865 2845 seu
878 2826 943 2845 cum

151 2868 216 2894 altis
236 2864 363 2893 ccclesiis
378 2865 603 2899 communit-atas,
618 2873 649 2892 ex
663 2865 715 2900 jam
733 2872 806 2892 nunc
821 2864 942 2892 dicendis

994 1587 1045 1614 pro
1072 1580 1291 1608 Christianorum
1320 1582 1348 1608 in
1364 1582 1436 1609 bello
1451 1583 1578 1616 patronis
1595 1591 1644 1611 seu
1674 1592 1779 1618 propu-

993 1625 1164 1661 gnatoribus,
1191 1633 1246 1653 non
1264 1633 1345 1654 secus
1368 1634 1400 1653 ac
1414 1632 1527 1655 sanctus
1549 1633 1641 1656 noster
1661 1628 1779 1656 Thessa-

993 1672 1142 1699 lonicensis
1160 1676 1263 1707 martyr
1280 1671 1445 1704 Demetrius,
1461 1674 1571 1701 soleant
1595 1674 1701 1706 ltaheri,
1722 1682 1778 1701 non

995 1720 1030 1747 de
1056 1720 1111 1746 alio
1132 1725 1230 1747 sancto
1251 1719 1388 1747 Demetrio
1412 1729 1542 1756 martyre,
1569 1729 1651 1756 quam
1670 1723 1704 1750 de
1729 1723 1782 1749 hoc

994 1769 1103 1796 nostro,
1122 1764 1149 1791 in
1177 1765 1297 1792 laudatis
1320 1766 1510 1794 monumentis
1537 1767 1595 1794 ﬁeri
1612 1775 1779 1800 sermonem,

994 1816 1036 1838 sat
1065 1811 1221 1838 verusimilc
1246 1818 1369 1847 apparet.
1385 1812 1464 1845 Quod
1487 1820 1548 1840 cum
1567 1813 1604 1839 ita
1620 1814 1666 1846 sit,
1688 1821 1782 1841 sacras

995 1856 1090 1885 Sancti
1109 1859 1196 1885 nostri
1228 1858 1359 1893 reliquias
1385 1858 1458 1885 Pola:
1484 1859 1511 1885 in
1539 1859 1617 1886 lstria
1633 1860 1779 1892 asservari,

994 1907 1041 1929 aut
1052 1903 1147 1930 saltem
1161 1908 1284 1938 tempore
1302 1905 1330 1931 in
1345 1905 1520 1932 documentis
1545 1905 1665 1939 praefatis
1686 1909 1783 1931 notato

994 1948 1079 1976 fuisse
1097 1954 1260 1982 asservntas,
1282 1955 1325 1978 sat
1349 1951 1453 1985 pariter
1481 1950 1636 1978 verosimile
1660 1950 1779 1978 videtur:

994 1993 1096 2020 Verum
1121 1995 1295 2030 integrumne
1320 1996 1370 2023 has
1387 1995 1481 2022 Sancti
1503 2003 1615 2029 corpus,
1646 2003 1679 2022 an
1698 1996 1783 2028 hujus

995 2039 1128 2066 duntaxat
1157 2046 1261 2074 partem
1278 2041 1362 2067 fuisse
1385 2041 1530 2068 dicemus?
1545 2040 1614 2067 Cum
1635 2049 1690 2067 non
1707 2048 1779 2073 raro,

996 2086 1052 2112 imo
1070 2085 1304 2120 frequentissime,
1322 2086 1377 2118 ﬂat,
1395 2091 1423 2113 ut
1439 2086 1573 2121 reliquiae,
1597 2094 1658 2121 qua:
1676 2090 1781 2121 partem

996 2132 1129 2159 duntaxat
1147 2133 1269 2167 corporis
1295 2133 1389 2160 Sancti
1416 2133 1569 2167 cuiuspiam
1598 2135 1779 2166 constituunt,
1818 2150 1821 2152 -

997 2178 1123 2212 corporis
1138 2178 1261 2210 nomine,
1273 2177 1356 2205 etiam
1373 2178 1400 2206 in
1418 2178 1592 2205 documentis
1604 2178 1780 2209 authenticis.

959 2223 1116 2255 Dveniant,
1141 2230 1193 2250 nec
1217 2223 1378 2258 quidquam.
1411 2222 1485 2257 quod
1512 2223 1649 2257 integrum
1686 2221 1780 2249 Sancti

998 2268 1084 2296 nostri
1107 2276 1207 2303 corpus
1236 2267 1432 2296 Thessalonica
1462 2276 1581 2303 unquam
1615 2268 1669 2295 alio
1696 2268 1782 2295 fuisse

996 2315 1127 2347 delatum,
1144 2315 1269 2348 suadeat,
1300 2315 1405 2349 uspiam
1423 2314 1548 2342 invenire
1570 2314 1687 2346 licuerit,
1703 2321 1781 2339 vero-

996 2360 1112 2387 similius
1125 2359 1235 2387 videtur
1256 2367 1303 2386 eos
1322 2359 1368 2393 qui
1395 2359 1560 2386 documenta
1573 2365 1663 2393 supra
1679 2365 1784 2385 memo-

998 2410 1056 2432 rata
1073 2405 1235 2437 condidere,
1262 2408 1369 2439 partem
1386 2405 1510 2439 corporis
1528 2405 1615 2432 sancti
1639 2404 1779 2434 Demetrii,

996 2451 1098 2478 ibidem
1132 2451 1285 2483 memorati,
1314 2458 1373 2482 seu,
1401 2454 1431 2477 ut
1456 2449 1611 2477 verosimile
1636 2456 1669 2476 ex
1700 2449 1780 2476 dielis

996 2502 1120 2532 apparet,
1135 2498 1234 2529 nostri,
1253 2505 1303 2531 pro
1318 2496 1425 2531 integro
1439 2496 1561 2531 ejusdem
1575 2503 1690 2530 corpore
1707 2495 1780 2522 acci-

996 2550 1074 2577 pere.
1088 2543 1163 2570 Idem
1182 2550 1265 2576 porro
1281 2543 1314 2569 de
1329 2541 1455 2574 Gelenio,
1479 2542 1525 2576 qui
1550 2542 1576 2568 in
1593 2541 1702 2568 Colonia
1717 2548 1781 2574 sup-

996 2588 1078 2622 plice,
1096 2587 1217 2615 Auctarii
1234 2595 1311 2613 num.
1330 2587 1358 2618 4,
1375 2595 1401 2621 p.
1418 2587 1479 2619 164,
1490 2586 1680 2620 Sigehergensi
1695 2585 1781 2612 Bene-

995 2635 1161 2661 dictinorum
1179 2633 1305 2661 cccnohio
1320 2633 1407 2660 sancti
1431 2632 1562 2659 Demetrii
1590 2639 1689 2666 corpus
1703 2631 1781 2658 attri-

995 2681 1063 2713 buit,
1092 2681 1149 2715 pari
1175 2679 1209 2706 de
1234 2687 1325 2710 causa,
1352 2679 1374 2706 si
1406 2679 1476 2706 forte
1505 2679 1603 2705 ibidem
1620 2678 1653 2706 de
1678 2678 1779 2705 Sancto

995 2732 1089 2755 nostro
1116 2734 1207 2753 sermo
1232 2726 1278 2758 sit,
1308 2726 1455 2753 dicendum
1487 2726 1605 2759 videtur,
1630 2726 1667 2752 uti
1686 2730 1714 2752 et
1743 2725 1779 2751 de

995 2774 1203 2808 quihuscunque
1240 2779 1289 2798 seu
1312 2772 1491 2806 scriptoribus
1528 2779 1575 2799 seu
1606 2769 1778 2798 documentis

996 2819 1066 2850 aliis,
1085 2820 1111 2845 in
1132 2818 1232 2852 quibus
1249 2817 1340 2844 Sancti
1357 2817 1443 2844 nostri
1470 2825 1568 2854 corpus
1593 2816 1786 2855 delermiuato'

995 2867 1120 2899 cuiquam
1139 2864 1197 2892 loco
1208 2870 1285 2891 sacro
1298 2863 1455 2891 ascribitur.
