2049 3151
262 176 329 212 illi

908 176 1238 212 SUPPLEMENTUM.

1812 186 1882 218 ms

260 234 273 270 5
288 234 334 272 υς.
346 234 436 272 Quam
452 235 569 272 insignia
593 234 690 262 Sancto
703 236 789 263 cultus
804 236 1047 271 Cuiutmlinopoli.
1063 239 1084 267 Δ
1101 235 1251 269 Il’op‘arium
1270 236 1408 271 martyris,
1437 238 1510 271 quod
1525 234 1592 269 Leo.
1609 238 1831 272 sapientissimus
1854 247 1884 268 ct

294 270 325 307 ob
343 271 406 304 ipsis
422 271 503 296 etiam
522 269 637 307 Orientis
654 272 868 303 imperatoribus.
893 269 1041 307 [ueritlde‘

297 304 377 336 latus,
393 310 416 331 ιι
428 313 508 339 quam
523 306 626 340 quidem
642 306 766 340 antiquus
783 307 804 332 is
816 310 860 332 tu.

296 371 358 399 ΗΞ.
371 371 457 405 Quam
471 372 572 407 insigni
587 372 703 400 Sanctus
712 374 787 400 cultu
797 373 1043 407 Constantinopoli.

260 416 294 443 ab
311 417 379 451 ipsis
408 417 488 444 etiam
514 416 635 445 Orientis
653 419 873 453 imperatoribus.
895 426 1044 453 eorumque

260 461 288 488 in
315 462 376 488 aula
393 462 507 490 allectus
533 464 599 490 oliui
619 463 712 496 fuerit,
730 465 902 492 inunil'cstum
916 465 945 492 IIt
959 465 1001 492 vel
1029 473 1044 492 e

260 507 327 535 solis
343 508 417 535 Aule
438 508 594 544 Byzumime
611 511 785 541 cret-emuniit,
803 519 856 538 non
886 512 984 543 serius,
1006 513 1044 538 uti

261 553 333 580 infra
347 555 462 587 docebo,
478 563 558 589 quam
578 557 668 584 saeculi
685 565 710 583 st
725 557 803 584 initio
821 557 939 591 scriptis,
956 565 1044 583 anno-

260 606 315 632 quo
344 599 407 626 1751
434 601 531 634 ιίιιεξιε
565 602 698 636 vulgatis...
719 602 820 629 IIarum
847 603 917 629 enim
945 603 992 629 lib.
1024 609 1043 634 I,

261 652 311 679 cup
341 644 387 676 21,
417 648 577 680 exponitur.
592 650 638 682 qui
656 648 807 681 quotannis
838 648 936 675 festum
954 648 1042 675 sancti

261 690 400 724 Demetrii,
416 692 532 719 solemni
549 693 582 723 ad
599 693 744 720 coclesiant
770 693 835 719 huic
860 697 965 719 sacram
982 700 1045 725 pro-

260 739 382 766 ccssione
398 739 532 768 instituta.
563 738 743 772 imperatores
761 746 812 765 una
839 746 901 766 cum
918 737 979 765 aula
995 745 1044 764 sua

261 785 398 812 honorare
432 784 575 811 soluerint.
608 785 637 811 Id
673 785 789 818 proinde
826 785 962 819 integrum
991 785 1045 811 huc

262 830 425 858 transcribo.
446 829 493 857 Sic
514 831 611 858 habet:
634 840 643 855 ι
662 829 752 857 Pridie
767 831 849 857 unius
865 831 918 857 diei
936 829 1043 856 Domini

261 875 413 910 praepositis
434 876 566 907 indicant,
595 876 639 903 die
665 880 798 910 sequente
822 884 884 903 cum
911 875 1045 903 allaximis

260 927 385 948 senatum
416 922 577 949 universum
597 923 716 956 prodire,
751 929 830 950 mane
851 928 941 950 autem
971 922 1045 949 circa

261 966 355 994 boram
380 968 531 995 secundum
558 969 720 1002 praepositos
744 969 848 1003 ingredi
867 968 974 1002 jubent,
990 975 1044 1002 quo

261 1012 344 1044 Iacto,
361 1020 423 1040 cum
443 1013 537 1047 paul-is
556 1013 744 1046 cubiculariis,
762 1022 829 1048 papa
839 1014 944 1049 (Graece
960 1013 1046 1040 liabe-

262 1063 307 1085 tur
325 1059 425 1088 παπία.
446 1059 471 1085 id
499 1064 541 1086 est
570 1065 603 1086 ex
635 1059 728 1093 Canin
756 1060 790 1086 ad
816 1067 910 1087 vocem
938 1060 1044 1090 παπίας

260 1103 362 1135 Gloss.,
379 1103 472 1138 palatii
487 1103 615 1138 custode)
645 1108 673 1130 et
690 1103 867 1131 heta-riarclia
884 1104 994 1135 abeunt,
1017 1107 1045 1130 et

260 1148 443 1183 patriarcbam
459 1157 520 1176 cum
539 1150 722 1183 metropolitis
738 1154 765 1176 et
790 1150 894 1184 reliquo
911 1150 970 1184 cjus
985 1149 1046 1177 olli-

260 1194 303 1222 cio
315 1194 463 1222 adducunt.
487 1195 537 1227 Qui
557 1202 606 1229 per
626 1195 761 1228 porticum
779 1195 923 1222 triconcbii
939 1195 1046 1229 ingres-

260 1247 319 1271 sus,
336 1240 364 1267 in
391 1248 498 1268 camera
517 1241 594 1267 aurei
613 1241 736 1272 triclinii,
756 1249 816 1275 qua:
838 1242 961 1274 proxima
980 1248 1047 1275 pan-

262 1285 326 1312 Ibco
353 1291 406 1316 est.
426 1286 560 1314 considet.
577 1283 718 1320 Praepositi
736 1291 827 1313 autem
847 1286 973 1322 ingressi,
993 1287 1046 1313 itu-

260 1331 431 1365 pcratoribus
447 1332 507 1365 ejus
521 1332 670 1359 adventum
694 1332 834 1364 nuntiant.
851 1332 898 1366 qui
916 1334 1044 1366 surgunt,

261 1383 290 1404 et
305 1385 441 1404 cameram
459 1378 547 1405 sancti
564 1378 702 1406 Theodori
715 1378 846 1414 ingressi,
863 1378 973 1406 tunicas
982 1386 1046 1406 suas

262 1424 392 1456 induunt,
421 1428 449 1451 et
482 1429 558 1452 extra
584 1422 676 1451 v'elum
701 1425 762 1459 ejus
788 1432 903 1452 camera
929 1425 1044 1460 egressi,

262 1475 366 1497 astant.
390 1470 496 1498 Interea
520 1470 661 1505 prapotiti
687 1471 873 1505 patriarcbam
892 1471 1045 1504 adducunt,

261 1524 343 1551 quem
362 1516 466 1544 domini
489 1524 539 1551 pro
564 1524 641 1544 more
663 1517 834 1550 osculantur,
853 1521 882 1544 et
905 1517 1045 1552 paululum

262 1564 290 1590 In
303 1571 388 1591 aureo
400 1563 521 1590 triclinio
537 1572 599 1591 cum
614 1571 648 1591 eo
663 1564 819 1596 consident,
834 1564 969 1599 rebusque
987 1570 1046 1591 om.

261 1610 344 1638 nibus
368 1610 439 1638 bene
465 1610 609 1641 ordinatis,
631 1610 768 1644 praepositi
795 1610 909 1641 latrant.
926 1610 1048 1638 dominis

265 1655 292 1683 id
308 1656 472 1687 nuntiaturi.
488 1657 533 1691 qui
551 1657 697 1684 confestim
724 1664 786 1683 cum
806 1656 963 1691 patriarcha
986 1664 1048 1684 sur-

263 1707 341 1736 gunt,
356 1706 383 1729 et
398 1702 453 1729 ritu
476 1701 527 1736 ipsi
545 1702 660 1729 solemni
683 1702 794 1736 egressi,
808 1709 855 1736 per
872 1702 1046 1736 tripetonem,

262 1746 436 1777 Lausiacurn.
446 1747 663 1778 Justiuianeum,
677 1747 751 1781 scyla
766 1750 795 1773 et
810 1747 961 1774 exteriores
976 1747 1048 1773 Mar-

261 1792 335 1819 ciani
352 1793 474 1826 porticus
492 1796 675 1824 transeuntes,
691 1792 841 1819 oratorium
857 1792 945 1819 sancti
960 1792 1045 1826 Petri.

262 1835 335 1870 quod
350 1835 388 1863 ibi
404 1835 488 1863 situm
503 1840 556 1868 est,
573 1840 679 1870 petunt.

301 1881 361 1908 lla.
381 1890 390 1906 ι
415 1880 565 1909 Sciendum
590 1886 644 1913 est.
671 1882 788 1910 dominis
813 1890 875 1910 cum
893 1883 1047 1917 patriarcha

262 1934 297 1954 ex
314 1934 400 1954 aureo
416 1927 537 1954 triclinio
550 1926 775 1962 procedentibus.
792 1933 857 1956 ante
881 1933 974 1962 portas
988 1929 1049 1963 ejus

262 1978 408 2008 argenteas
418 1973 564 2000 eunuchos
584 1973 830 2008 protospatharios.
845 1978 873 2000 et
882 1973 1047 2009 logotbetam

262 2025 362 2046 cursus
378 2018 488 2053 publici,
498 2026 560 2046 cum
574 2018 812 2053 protoscriniurio,
825 2024 852 2046 et
868 2019 957 2054 primo
969 2025 1048 2046 nota-

264 2062 380 2095 riorum,
408 2063 549 2090 ministros
575 2069 666 2090 autem
702 2063 814 2090 triclinii
846 2063 934 2094 aurei.
962 2070 1050 2098 prope

264 2109 435 2144 horologium
450 2114 549 2136 astare.
570 2109 655 2137 Porro
676 2109 812 2141 dominos,
828 2117 862 2136 ex
884 2110 968 2137 aeneis
983 2114 1047 2144 por-

263 2155 300 2182 tis
315 2156 348 2182 ad
365 2154 528 2182 Lausincum
553 2163 690 2190 egressos,
706 2156 879 2183 manclavite
894 2160 922 2183 et
938 2156 1049 2184 cubicu-

263 2199 324 2227 larii
339 2207 437 2227 omnes
459 2200 610 2234 excipiunt,
634 2205 663 2227 et
673 2201 850 2228 comitantur.
866 2198 942 2228 Intra
959 2201 1048 2235 scyla.

1094 281 1215 315 optimus
1233 281 1399 316 imperator,
1414 284 1576 318 composuit,
1611 290 1697 318 usque
1719 285 1754 312 ad
1778 287 1880 314 verba:

1095 327 1192 355 Lutetia
1219 332 1299 355 nam
1315 337 1359 360 ea;
1388 330 1562 363 ingrediente
1589 335 1679 357 autem
1706 333 1882 365 proceSsione

1095 373 1244 400 triclinium
1261 382 1386 406 aureum,
1403 377 1552 409 lroparinm
1568 376 1763 407 encxniorutn.
1775 378 1882 405 scilicet

1095 418 1189 446 Gratia
1204 420 1261 452 tibi,
1277 419 1381 447 Christe
1398 421 1477 454 Deus,
1491 422 1672 456 apouolorunt
1688 423 1787 458 glaria.
1806 424 1880 450 rcci-

1097 468 1121 490 ta
1125 472 1165 491 Γει

1130 511 1193 537 ΙΗ.
1208 520 1217 536 ι
1239 508 1393 545 Imperator
1423 512 1498 543 inde,
1520 520 1575 547 quo
1590 512 1706 545 abierat,
1730 513 1880 547 digressus,

1095 563 1144 590 per
1161 557 1279 583 medium
1295 558 1547 592 cbrysotriclinium
1571 560 1668 593 pergit,
1690 563 1717 585 et
1736 567 1768 586 es
1789 560 1880 586 0τίιή⁴

1096 603 1194 630 talibus
1210 605 1298 638 portis
1310 612 1372 630 cum
1389 605 1564 638 processimus
1587 606 1737 640 egreditur,
1756 606 1819 632 dum
1840 607 1882 632 in-

1096 652 1170 673 terea
1189 648 1325 681 magistri,
1343 648 1534 682 proconsules.
1561 649 1669 683 patricii
1685 654 1713 676 et
1738 649 1878 680 oIIiciales,

1095 700 1110 720 c
1126 694 1236 727 regione
1250 694 1343 728 templi
1358 695 1445 721 sancti
1463 694 1604 726 Demetrii.
1621 703 1668 722 seu
1687 696 1720 722 ad
1737 695 1877 723 sinistram

1095 742 1211 771 partem,
1236 738 1397 765 cubicularii
1431 743 1497 765 Vero
1532 739 1565 765 ad
1587 738 1736 766 orientales
1765 739 1876 772 Solarii,

1095 783 1198 810 domini
1219 790 1282 810 cum
1311 784 1466 818 patriarcha
1489 784 1516 810 in
1532 785 1603 811 atrio
1619 785 1713 819 templi
1741 789 1824 817 stant,
1846 794 1879 813 ac

1095 827 1265 856 solemnibus
1282 831 1466 857 encaeniorum
1494 830 1591 857 ritibus
1614 831 1733 865 peractis
1749 831 1879 859 introitus

1096 875 1137 902 ιιι.
1153 872 1311 902 Patriamha
1338 876 1488 903 sacrarium
1507 875 1604 909 intrat,
1635 877 1740 904 domini
1759 886 1808 912 per
1823 886 1881 905 me—

1095 922 1167 948 diam
1190 922 1335 950 ecclesiam
1361 929 1548 955 transeuntes.
1578 924 1770 959 egrediuntur,
1796 929 1824 951 et
1853 925 1882 952 in

1096 971 1240 999 tetrasero,
1253 968 1324 1002 quod
1339 968 1376 995 ibi
1393 971 1448 999 est,
1475 968 1626 995 lectionem
1646 969 1785 1003 Evangelii
1800 969 1882 996 audi-

1096 1013 1160 1045 turi,
1175 1017 1276 1040 astanl.
1306 1013 1404 1041 Postea
1421 1021 1469 1048 per
1493 1018 1639 1048 argenteas
1661 1014 1806 1046 Macronis,
1830 1020 1881 1042 seu

1097 1058 1217 1092 porticus
1235 1059 1376 1094 |obloag:e,
1404 1059 1504 1092 ianuas
1520 1059 1658 1093 progressi
1690 1061 1798 1086 tunicas
1815 1067 1882 1087 suas

1096 1103 1226 1134 induunt.
1241 1111 1409 1136 aureumque
1422 1104 1569 1131 triclinium
1586 1104 1713 1138 ingressi.
1729 1111 1780 1138 pro
1803 1111 1881 1130 more

1096 1149 1251 1180 consident.
1261 1154 1291 1176 et
1300 1149 1375 1176 brevi
1385 1153 1444 1183 post
1453 1149 1534 1176 missa
1541 1149 1632 1177 datur.
1643 1148 1777 1176 Conrivio
1787 1154 1881 1176 autem

1097 1195 1150 1222 hoc
1161 1195 1206 1222 die
1222 1195 1418 1230 patriarcbam,
1433 1195 1632 1230 metropolitas.
1648 1200 1675 1222 et
1700 1201 1882 1230 quoscunque

1097 1240 1203 1272 volunt,
1236 1246 1387 1274 senatores,
1419 1240 1561 1268 adhibent.
1579 1250 1589 1266 ι
1613 1241 1707 1275 Magna
1737 1240 1883 1267 enimvero

1097 1286 1267 1314 solemnitate
1285 1287 1373 1313 sancti
1401 1286 1528 1313 Demetrii
1543 1286 1643 1313 festum
1656 1286 1691 1313 ab
1706 1286 1884 1320 imperatori-

1096 1331 1148 1359 bus
1158 1331 1470 1366 Constantinopolitanis
1484 1338 1634 1365 eorumque
1646 1331 1708 1358 aula
1728 1331 1883 1366 quotannis

1096 1379 1229 1406 celebrari
1247 1378 1486 1413 Constantinopoli
1510 1379 1640 1411 soluisse,
1654 1386 1687 1406 es
1704 1379 1751 1406 hic
1774 1378 1883 1405 descri-

1097 1426 1162 1460 ptis,
1180 1424 1290 1459 quibus.
1308 1430 1374 1452 tunc
1390 1433 1408 1452 e
1423 1424 1544 1452 triclinio
1556 1431 1652 1457 ωηο,
1670 1432 1719 1452 sel
1734 1425 1880 1459 imperato-

1098 1477 1156 1498 rum
1175 1472 1201 1498 in
1220 1470 1321 1506 palatlo
1335 1478 1386 1498 suo
1414 1470 1639 1498 commorationis
1651 1469 1712 1497 loco
1726 1469 1761 1498 ad
1790 1470 1880 1497 sancti

1099 1514 1227 1544 Demetrii
1244 1516 1376 1551 templum
1392 1516 1566 1552 pergebatur,
1593 1516 1767 1544 caremoniis
1795 1516 1884 1543 mani-

1098 1562 1198 1590 festum
1216 1563 1257 1589 tit.

1134 1606 1195 1635 “5.
1212 1608 1311 1636 Verum
1331 1608 1468 1642 quodnam
1489 1607 1554 1636 illud
1574 1607 1623 1635 fuit
1639 1607 1726 1634 sancti
1747 1606 1883 1634 Dernctril

1099 1653 1251 1688 templum!
1266 1653 1397 1686 Codinns,
1417 1653 1455 1681 Dc
1469 1653 1592 1681 Ecclesia
1603 1659 1628 1680 et
1645 1654 1715 1680 aula
1731 1653 1886 1681 (Io-Imma~

1098 1700 1257 1733 napolitaoue
1267 1700 1373 1734 ofﬁciis.
1385 1707 1444 1734 cap.
1460 1699 1503 1731 I5,
1515 1699 1588 1727 hunc
1601 1699 1697 1726 scribit
1709 1699 1737 1725 in
1749 1699 1860 1726 modum
1873 1704 1882 1726 ε

1101 1755 1111 1771 ι
1130 1745 1159 1772 In
1174 1745 1305 1772 memoria
1329 1746 1418 1780 magni
1443 1745 1571 1772 Demetrii
1595 1745 1654 1772 abit
1678 1745 1830 1780 imperator
1848 1746 1883 1771 ad

1098 1790 1281 1817 venerandum
1297 1791 1494 1817 monasterium
1510 1790 1731 1825 Palaeologorum.
1745 1791 1818 1824 quod
1831 1799 1884 1817 no-

1099 1836 1174 1862 mine
1198 1835 1323 1869 praedicti
1348 1836 1475 1871 martyris
1499 1836 1658 1870 lnsignitur.
1687 1845 1698 1861 ι
1724 1836 1884 1863 Monasterii

1099 1879 1311 1915 Palteologorum
1324 1901 1331 1913 ,
1349 1881 1384 1908 ad
1399 1881 1472 1916 quod
1497 1881 1678 1916 imperatores
1698 1881 1734 1908 26
1755 1881 1885 1909 Octobris

1099 1925 1153 1957 die,
1172 1930 1267 1952 sancto
1283 1925 1420 1952 Demetrio
1434 1933 1522 1957 saera,
1534 1933 1649 1961 pergere
1662 1925 1810 1960 quotannis
1839 1934 1887 1953 so-

1099 1971 1195 2002 lerent,
1221 1971 1399 2006 Pacbymeros
1421 1978 1531 2006 quoque
1554 1977 1621 1998 tom.
1640 1970 1681 2003 II,
1698 1971 1746 1998 lib.
1764 1979 1803 2001 tv.
1820 1979 1884 2007 cap;

1101 2017 1146 2049 η,
1160 2016 1294 2044 meminit.
1315 2017 1364 2044 Via
1376 2036 1385 2049 ,
1400 2024 1433 2044 ac
1449 2024 1484 2044 ne
1501 2017 1546 2044 vix
1561 2017 1673 2052 quidem
1693 2017 1801 2048 dubito.
1817 2017 1884 2052 quin

1100 2063 1182 2097 bujus
1197 2061 1410 2098 Palasologorum
1424 2063 1582 2091 monasterii
1598 2063 1729 2098 templum
1749 2070 1833 2090 unum
1847 2064 1888 2091 ait

1099 2113 1182 2142 atque
1196 2108 1267 2135 idem
1284 2115 1348 2136 cam
1363 2109 1475 2144 templo.
1493 2109 1522 2136 ia
1542 2108 1612 2136 aula
1626 2108 1783 2143 Byzantina
1797 2115 1886 2136 casrc-

1100 2154 1201 2181 moniia
1224 2154 1347 2188 proxime
1366 2158 1529 2187 memorato,
1554 2154 1601 2182 cui
1628 2153 1747 2189 primum
1763 2160 1779 2180 ι
1797 2153 1888 2182 Barda

1099 2197 1208 2226 Caesare
1221 2206 1254 2226 ea
1269 2199 1394 2226 dicendis
1413 2198 1548 2226 aediﬁcato
1572 2198 1768 2226 monasterium
1790 2202 1889 2233 postea

262 2253 312 2273 seu
329 2246 356 2273 in
373 2251 495 2273 extrema
503 2245 669 2273 lustinianei
683 2246 794 2273 triclinii
806 2251 896 2281 parte.
911 2246 1046 2281 magistri,
1064 2243 1090 2271 ὓ
1101 2244 1185 2272 fuerit
1195 2243 1341 2279 adjectum.
1359 2245 1413 2273 Res
1424 2245 1542 2280 amplius
1553 2252 1587 2272 ea
1600 2244 1726 2272 dicendis
1736 2244 1888 2272 elucesoet.

264 2292 445 2327 proconsules
473 2297 502 2319 et
519 2291 650 2319 otliciales
675 2292 786 2323 adsunt,
814 2295 842 2319 et
872 2295 1049 2320 transeuntes

269 2339 406 2369 dominos.
437 2337 613 2373 procidentes
642 2337 669 2364 in
702 2342 815 2371 terram,
843 2338 974 2365 adorant.
1007 2338 1049 2365 Illi

263 2388 369 2415 autem,
386 2388 417 2410 ut
435 2391 519 2418 supra
548 2384 725 2410 observatum
739 2388 791 2416 est,
813 2383 848 2410 ad
868 2383 953 2410 sancti
975 2383 1048 2411 Petri

265 2430 382 2461 abeunt,
415 2429 460 2456 ubi
487 2429 642 2463 patriarcha
658 2429 807 2455 sacrarium
836 2428 1002 2464 ingreditur.
1022 2434 1050 2456 et

264 2481 326 2510 post
341 2483 435 2509 preces
452 2475 591 2502 solemnes
614 2478 753 2509 peractas.
769 2474 866 2509 psalle
896 2474 1049 2509 troparium

264 2516 412 2556 incipiunt.
426 2519 586 2548 Patriarcba
606 2519 708 2547 deinde
727 2527 760 2547 ex
775 2520 908 2553 sacrario.
923 2526 1050 2548 sanctum

267 2563 443 2601 Evangelium
469 2572 551 2593 manu
575 2571 686 2597 tenens,
701 2565 736 2592 ad
752 2571 845 2599 portas
863 2566 1052 2601 imperatorias

265 2614 390 2649 ejusdem
402 2612 515 2640 oratorii
536 2612 668 2647 procedit.
686 2611 854 2640 subdiacono
864 2620 972 2639 crucem
989 2621 1054 2648 pro-

266 2659 449 2687 cessionalem
476 2659 652 2694 pmierentct
674 2657 782 2686 Domini
798 2663 897 2686 cereos
911 2667 926 2685 a
944 2667 1053 2694 praepo-

266 2706 327 2733 sitis
345 2706 496 2740 accipiunt,
527 2711 622 2740 terque
651 2714 720 2741 genu
737 2704 818 2736 ﬂexo,
835 2704 868 2731 ad
885 2704 968 2731 Deum
990 2713 1054 2739 pre—

270 2757 380 2785 cantur,
409 2757 475 2781 tunc
494 2753 672 2788 Evangelium
691 2757 719 2779 et
747 2758 858 2779 crucem
883 2751 1053 2784 osculantur,

268 2802 299 2823 et
317 2798 434 2826 diacono
459 2798 634 2829 incensante.
655 2798 815 2832 imperator,
832 2797 993 2831 patriarcha
1010 2795 1053 2823 in-

272 2843 367 2876 nixus,
382 2852 398 2871 ο
427 2845 528 2880 templo
544 2845 694 2880 egreditur.
723 2843 929 2872 Observandum
946 2850 1056 2877 quoque

271 2893 326 2921 est,
349 2895 447 2923 pompa
474 2897 490 2917 a
519 2890 605 2917 sancti
621 2889 694 2917 Petri
725 2889 901 2924 procedente,
930 2893 1056 2916 cantores

1101 2291 1180 2326 Apud
1196 2291 1351 2319 Bandurum
1362 2311 1370 2323 ,
1386 2291 1499 2326 Imperii
1520 2291 1670 2318 Orientalis
1686 2295 1754 2317 tom.
1771 2289 1801 2322 ι,
1820 2298 1889 2317 ano-

1101 2345 1209 2372 nymus.
1229 2338 1424 2371 Antiquitulum
1434 2354 1442 2370 .
1467 2344 1515 2365 seu
1526 2358 1534 2370 ,
1559 2341 1590 2364 ut
1608 2341 1743 2363 vocantur
1757 2336 1793 2362 ab
1806 2336 1869 2363 aliis
1880 2355 1889 2368 ,

1100 2383 1241 2419 Originum
1278 2383 1631 2417 Constantinopolitanae:
1660 2382 1790 2416 scriptor,
1817 2382 1865 2416 qui
1881 2401 1891 2412 .

1102 2430 1333 2464 quemadmodum
1359 2429 1486 2457 laudatus
1510 2429 1654 2456 Bandurus
1673 2429 1701 2455 in
1727 2427 1893 2456 Pri-{stium

1103 2482 1177 2504 torno
1192 2476 1247 2506 isti.
1271 2483 1353 2510 opera
1367 2476 1540 2511 potissimum
1555 2480 1635 2503 antea
1654 2475 1755 2502 inedita
1770 2475 1894 2509 comple-

1102 2523 1198 2555 ctenli,
1215 2531 1229 2550 a
1249 2530 1279 2549 se
1291 2523 1442 2557 pramissa.
1456 2522 1547 2554 docet,
1564 2521 1663 2549 mulo
1679 2520 1893 2548 duodecimam!

1104 2569 1221 2596 mediam
1236 2569 1346 2596 circiter
1362 2569 1402 2596 sui
1416 2574 1522 2604 partem
1539 2572 1670 2602 provecto
1680 2566 1781 2597 ﬂoruit,
1798 2567 1895 2600 operis

1103 2615 1145 2642 sui
1164 2620 1234 2649 part.
1251 2622 1282 2647 tt,
1296 2623 1372 2642 nam.
1386 2614 1420 2641 68
1435 2615 1474 2642 sic
1487 2613 1584 2641 scribit
1599 2621 1606 2639 :
1625 2622 1633 2638 ι
1647 2612 1741 2639 Sancti
1758 2611 1893 2641 Demetrii

1105 2661 1202 2693 aedem.
1216 2669 1277 2696 qua
1292 2669 1374 2695 supra
1392 2668 1487 2688 muros
1498 2665 1598 2691 exstat.
1613 2660 1713 2686 Bardas
1721 2658 1812 2685 (ier
1824 2658 1895 2685 auio

1107 2706 1206 2739 licavit,
1227 2706 1379 2733 avunculus
1397 2705 1546 2735 Michaelis.
1562 2713 1645 2740 quem
1662 2703 1801 2731 interfecit
1815 2702 1895 2730 Basi-

1105 2752 1158 2779 lius
1174 2752 1245 2786 apud
1259 2757 1382 2779 sanctum
1399 2751 1574 2783 Mamantem,
1588 2752 1642 2785 jam
1662 2754 1743 2776 antea
1760 2750 1819 2783 ipso
1831 2749 1895 2775 (la--

1107 2805 1178 2830 sare,
1196 2798 1261 2825 dum
1281 2805 1334 2825 una
1361 2805 1422 2825 cum
1438 2797 1570 2824 Michaelc
1591 2796 1760 2824 Orientalem
1777 2794 1895 2828 expedi-

1108 2845 1209 2872 tionem
1222 2844 1382 2879 susciperet,
1395 2844 1565 2870 membratim
1578 2842 1688 2870 conciso
1700 2841 1728 2868 in
1742 2845 1894 2874 conspectu

1108 2889 1247 2917 Michaelis
1265 2897 1297 2917 ex
1311 2897 1405 2917 sorore
1423 2897 1472 2917 sua
1488 2888 1586 2923 geniti.
1602 2887 1698 2914 Frater
1714 2885 1815 2921 quippe
1833 2889 1895 2912 crat

1124 3019 1140 3026 ,χ
