2049 3151
119 166 184 200 1149

649 172 677 206 S.
694 175 886 207 DEMETRII
907 178 1105 210 MARTYRIS
1127 182 1231 214 ACTA.

1678 185 1748 218 1150

116 224 378 274 Bardasd'lteodora:
392 224 531 263 Augusta,
541 237 600 265 quae
617 236 704 259 mater
717 237 775 259 erat
786 233 905 261 Michae-
921 239 941 265 Δ
958 235 1043 265 fuisse
1062 238 1097 266 ab
1110 242 1164 266 hoc
1177 240 1276 272 aedem,
1296 241 1476 270 sanctissima:
1489 240 1538 272 Del
1557 244 1689 274 Genitrici
1705 254 1749 273 sa-

116 272 160 299 lis.
187 281 196 298 ι
221 272 321 300 Bardas
347 273 449 306 (Ia-sar,
473 274 606 304 Mieltaele
634 278 798 312 imperatore
824 281 904 315 hujus

116 318 234 346 nominis
253 320 332 347 tertio
348 316 462 354 jubente
475 342 481 353 ,
498 329 571 349 anno
595 319 646 350 867
668 323 718 350 l‘uit
734 325 854 356 Occisus,
875 330 905 353 ut

116 364 229 401 proinde
246 366 320 394 ardes
335 375 410 394 sacra
426 388 435 402 ,
461 376 541 402 quam
558 373 656 397 sancto
674 369 814 399 Demetrio
829 373 904 400 illum

115 412 293 443 exstruxisse,
310 414 401 441 verbis
418 415 537 443 recitatis
554 414 636 443 docet
661 418 778 452 scriptor
801 427 905 455 anony-

116 464 175 483 ntus
189 456 323 490 laudatus.
338 460 437 486 sarculo
453 469 537 493 nono,
549 463 636 489 media
651 463 760 491 circiter
773 465 813 493 sui
829 471 905 499 parte

113 503 167 538 jam
183 503 287 538 elapso,
307 504 387 533 fuerit
405 506 549 534 :rdiiicata.
565 507 654 543 Atque
678 509 703 536 id
733 510 845 542 quidem
875 511 904 538 in

115 550 173 584 ipso
199 551 275 578 urbis
300 551 612 588 Constantinopolitanae
636 556 747 590 angulo,
772 565 826 590 quo
846 556 905 584 loco

114 594 266 631 Acropolis,
285 598 319 625 ad
343 599 505 626 orientalem
529 601 651 633 ejusdem
678 603 753 629 urbis
779 603 903 637 plagam,

116 642 153 669 uti
169 650 202 669 ex
219 642 322 678 Cangio
335 644 361 672 in
379 643 609 681 Constantinopoli
635 647 800 680 Christiana,
817 648 866 675 lib.
883 656 902 680 l,

113 695 174 724 pag.
194 689 229 716 Η
245 694 273 717 et
291 698 349 725 seq.
364 691 535 726 intelligitur,
556 692 620 725 sita,
644 694 778 725 exstabat,
802 692 904 721 factum

112 736 227 763 indubie
244 736 336 769 fuerit,
361 738 400 765 uti
426 738 467 765 vel
490 746 523 766 ex
548 746 580 766 eo
606 739 704 775 liquet,
727 740 800 775 quod
816 740 905 768 Dueas

113 782 202 810 locum
221 781 296 809 illum
313 783 546 820 Μεγαδημήτριον
571 785 721 820 ἀκρότὲολιν
748 794 797 814 seu
815 786 903 822 Magni

114 827 244 855 Demetrii
257 827 426 864 Acropolim,
442 838 456 856 a
470 831 560 858 vicino
579 832 685 859 scilicrt
701 832 788 859 sancti
805 832 904 860 Deme-

114 874 159 901 trii
176 875 278 910 templo
292 877 513 904 nomenclatione
527 882 650 912 accepta,
665 878 691 905 in
710 883 836 906 contexta
847 887 862 906 a
875 886 904 906 se

113 918 248 953 Historia,
266 930 325 957 cap.
341 923 375 950 58
390 928 417 950 et
431 923 465 949 39
481 924 611 958 appellet.

149 968 212 994 “6.
228 968 331 995 Verum
356 969 401 997 hic
425 969 552 997 intricata
580 968 728 998 admodum
758 971 905 1007 solu‘tuque

114 1011 232 1042 didiciiis
259 1015 373 1049 qua-stio
400 1016 534 1043 exoritur.
562 1016 670 1043 Etenim
707 1017 908 1045 Constantinus

114 1059 375 1097 Porphyrogenitus,
393 1062 419 1089 in
432 1062 529 1090 Basilio
540 1062 698 1095 Macedone,
711 1071 772 1098 cap.
791 1064 836 1096 ἑός
849 1072 904 1098 quo

113 1108 187 1136 edes
202 1116 295 1136 sacras
309 1108 473 1139 nonnullas,
490 1109 525 1136 ab
544 1109 597 1136 hoc
615 1108 782 1144 imperatore
797 1110 904 1137 instau-

112 1159 198 1187 ratas,
211 1160 348 1187 recenset,
362 1155 438 1182 hisce
451 1155 534 1182 etiam
546 1155 646 1187 aedem,
657 1160 753 1182 sancto
767 1156 821 1182 Dea
833 1156 904 1183 etrio

111 1207 233 1234 sacram,
250 1202 432 1237 sequentibus
447 1201 539 1229 verbis
553 1207 719 1229 annumerat
735 1210 742 1229 :
763 1211 772 1227 ι
796 1202 905 1229 Sancta:

110 1247 198 1275 Annae
212 1255 323 1283 quoque
334 1248 361 1274 in
374 1248 514 1279 Deuterio,
525 1251 553 1274 et
563 1248 650 1275 sancti
664 1247 765 1275 Christi
780 1247 905 1281 martyris

111 1292 244 1322 Demetrii
267 1303 360 1322 sacras
380 1295 463 1327 aedes,
479 1299 615 1322 vetustate
636 1295 802 1327 laborantes,
818 1301 905 1322 novas

109 1350 143 1370 ac
170 1342 308 1377 elegantes
327 1341 435 1369 refecit.
453 1350 462 1366 ι
486 1340 605 1375 Congius
619 1346 721 1373 autem,
742 1348 808 1368 num
824 1348 903 1368 sacra

109 1389 181 1419 haec.
195 1396 278 1423 quam
296 1396 310 1415 a
329 1387 430 1415 Basilio
444 1386 592 1415 Macedone
610 1387 790 1413 instauratam
806 1386 901 1419 fuisse,

110 1435 245 1470 Scylitlcs
261 1441 371 1469 quoque
385 1441 446 1468 pag.
463 1431 515 1461 588
531 1434 671 1460 memoriae
687 1433 797 1467 prodit,
814 1434 902 1461 sancti

110 1477 244 1508 Demetrii
267 1481 341 1508 aedes
366 1487 420 1507 una
437 1483 521 1514 atque
538 1479 635 1508 eadem
660 1487 722 1507 cum
750 1487 794 1512 ea,
819 1487 902 1514 quam

110 1532 192 1562 supra
208 1532 241 1554 ex
256 1527 450 1561 antiquitatum
464 1547 472 1559 ,
487 1533 534 1553 seu
551 1525 692 1560 Originum
713 1525 903 1553 Constantino.

108 1574 293 1608 politonarum
308 1573 442 1607 scriptore
466 1579 603 1607 anonymo
618 1572 840 1602 memoravimus,
856 1571 903 1603 sit.
917 1585 938 1614 ο

108 1621 135 1648 in
149 1618 380 1654 Constantinopoli
401 1617 552 1646 Christiana
565 1638 573 1650 ,
593 1617 641 1644 lib.
660 1624 698 1646 tv.
717 1624 777 1651 pag.
795 1616 847 1643 lii
872 1616 901 1643 in

107 1668 222 1695 dubium
248 1669 368 1696 revocat,
387 1669 415 1692 et
437 1671 502 1691 sane
526 1671 581 1690 non
602 1663 752 1690 immerito.
773 1662 899 1695 Etenim,

107 1711 339 1748 quemadmodum
356 1710 408 1738 hoc
427 1710 488 1737 loco
509 1710 628 1744 scriptor
643 1709 690 1737 ille
706 1713 780 1737 recte
799 1713 879 1737 notat
891 1729 898 1741 ,

107 1759 318 1786 Cantacuzenus
329 1757 356 1783 in
378 1755 510 1787 Historia,
529 1763 543 1782 a
557 1763 586 1783 se
600 1755 776 1789 concinnata,
794 1756 842 1783 libi
858 1763 900 1788 tu,

108 1812 168 1839 cap.
183 1804 200 1831 6
214 1808 244 1831 et
256 1804 282 1835 9,
298 1802 383 1829 aedem
396 1809 506 1837 quoque
521 1805 618 1829 sancto
630 1800 767 1829 Demetrio
779 1809 898 1833 sacram,

109 1852 135 1878 in
154 1852 214 1886 ipso
239 1848 542 1886 Constantinopolitano
565 1847 761 1882 imperatorum
799 1849 903 1883 palatio

108 1906 156 1925 seu
174 1897 250 1933 regia
269 1896 374 1928 statuit,
393 1895 478 1930 priori
494 1894 606 1929 quidem
621 1895 680 1922 loco
700 1895 740 1922 sic
752 1895 877 1922 scribens
892 1901 900 1921 :

108 1945 164 1971 Καὶ
181 1943 253 1978 πρὸς
269 1942 308 1977 τῷ
330 1941 386 1977 ναῷ
410 1941 458 1968 τοῦ
484 1940 731 1975 μιγαλομάρτυρος
752 1940 901 1974 γινόμενοι

108 1988 282 2024 Δημητρίου,
297 1984 325 2018 ὃς
339 1987 393 2013 τῶν
412 1987 558 2020 βασιλείων
573 1986 733 2021 ᾠκοδόμητο
754 1986 829 2017 ἐντός
846 1994 855 2010 r
870 1985 903 2013 Et

108 2042 171 2063 cum
187 2038 282 2062 essent
303 2039 388 2068 prope
405 2032 496 2067 magni
521 2033 651 2067 martyris
678 2032 807 2059 Demetrii
832 2037 901 2059 temo

109 2082 198 2117 plum,
211 2078 283 2115 quod
298 2080 325 2105 in
339 2078 439 2113 palatio
453 2078 616 2106 aediﬁcatum
631 2083 707 2111 erat;
727 2087 736 2103 ι
755 2079 901 2113 posteriori

108 2134 176 2154 vero
193 2125 336 2159 sequentia
353 2124 434 2150 verba
448 2123 624 2158 suppeditans
642 2124 716 2150 :Kat
730 2126 799 2159 πρδς
815 2126 861 2150 τὸν
873 2126 902 2151 ἐν

108 2171 260 2209 βασιλείοις
274 2170 321 2196 τοῦ
332 2169 510 2205 Μυροσλύτθυ
528 2170 576 2196 τοῦ
591 2170 731 2205 μάρτυρας
754 2171 903 2205 γενόμενος

107 2222 183 2249 νιὸν.
202 2230 211 2246 ε
235 2220 358 2253 Cumque
375 2219 408 2245 ad
424 2217 580 2253 Myroblytat
601 2218 729 2254 martyris
744 2219 877 2253 templum
892 2238 900 2250 ,

108 2268 136 2295 in
152 2265 257 2303 palatio
275 2265 377 2296 situm,
398 2264 527 2291 vertisset.
549 2272 558 2289 ι
581 2262 640 2291 Jam
666 2272 742 2295 vero,
771 2264 794 2291 si
824 2269 900 2292 saera
917 2257 938 2285 ο

107 2313 203 2341 Sancti
220 2311 308 2339 nostri
324 2310 407 2343 aedes,
426 2318 440 2337 a
454 2309 647 2337 Cantacuzeno
661 2310 707 2337 ltic
730 2314 879 2338 memorata
891 2330 898 2343 ,

107 2360 141 2386 ab
158 2359 217 2386 ade
229 2357 350 2392 ejusdem
364 2364 453 2388 sacra,
467 2364 527 2391 quin
543 2364 576 2383 eo
591 2357 661 2391 ipso,
677 2364 730 2390 quo
745 2357 899 2391 Acropolis,

108 2405 168 2432 loco
186 2403 302 2434 exstitit,
319 2402 401 2429 fuerit
414 2401 534 2433 diversa,
547 2400 599 2428 fuit
615 2409 692 2433 sane,
705 2409 755 2428 cur
767 2401 899 2436 Congius,

108 2453 228 2482 hancne,
240 2457 274 2476 an
291 2449 363 2475 illam
377 2447 494 2475 Basilius
509 2447 621 2475 Macedo
636 2448 805 2480 instaurarit,
821 2454 901 2474 revo-

106 2501 183 2524 caret
203 2496 231 2522 in
246 2495 372 2522 dubium.

142 2543 205 2570 ll'l.
227 2541 281 2569 Sed
294 2549 350 2568 rem
369 2541 570 2568 examinemus.
585 2540 662 2566 Anna
674 2539 825 2572 Comnena,
840 2539 900 2566 Aie‘

106 2590 203 2617 stades
233 2588 283 2615 lib.
298 2596 352 2620 xu,
375 2595 435 2623 pag.
460 2586 509 2614 561
525 2586 649 2613 meminit
667 2586 733 2613 aedis
756 2594 848 2617 sacrae,
871 2586 898 2612 in

107 2635 209 2671 palatio
235 2634 413 2668 imperatorio
433 2632 738 2667 Constantinopolitano
751 2631 897 2666 erstantls,

105 2690 176 2718 quas.
187 2681 313 2716 quamvis
323 2680 431 2714 quidem
447 2688 462 2706 a
477 2679 579 2710 multis,
593 2685 642 2706 seu
655 2679 754 2713 potius,
766 2684 794 2705 ut
805 2678 898 2707 Grrcca

105 2726 187 2753 verba
207 2729 316 2757 sonant,
331 2733 345 2751 a
360 2724 440 2759 vulgo
456 2724 546 2759 magni
564 2724 690 2758 martyris
704 2724 831 2751 Demetrii
848 2732 897 2751 no-

105 2772 180 2799 mine
193 2771 382 2806 insigniretur.
397 2770 424 2796 in
442 2769 552 2797 nomine
566 2774 656 2796 tamen
675 2769 720 2796 Dei
736 2768 827 2797 Matris
839 2769 898 2797 fue-

105 2822 149 2845 rat
161 2821 269 2849 erecta;
284 2825 345 2844 mox
361 2821 452 2844 autem
463 2816 566 2844 laudati
579 2814 712 2852 Scylitzes
726 2821 754 2844 et
764 2816 899 2844 Constan-

107 2866 181 2892 tinus
197 2863 458 2900 Porphyrogenilus,
475 2864 547 2898 prior
564 2864 674 2899 quidem
700 2871 759 2900 pag.
774 2864 897 2899 proxime

83 2922 91 2926 -
106 2911 166 2944 τη,
183 2912 317 2946 posterior
335 2919 399 2939 mo
425 2911 451 2938 in
479 2909 575 2939 Basilio
591 2909 749 2944 Macedone,
768 2920 828 2946 cap.
850 2911 893 2944 ΞΒ,

957 291 1043 317 cram,
1060 284 1088 311 in
1113 285 1214 320 palatio
1236 291 1417 320 exstructam,
1442 291 1581 318 memoriae
1606 292 1746 325 produnt;

956 337 1041 365 quare
1059 331 1140 364 hanc,
1157 331 1211 359 nisi
1228 331 1298 360 forte
1311 334 1375 368 quis
1390 334 1459 362 duas
1471 356 1478 368 ,
1492 337 1566 370 quod
1582 345 1680 372 parum
1696 347 1748 366 ve-

957 375 1078 402 rosimile
1092 380 1218 410 apparet,
1236 375 1341 405 dicatas
1356 378 1446 405 eidem
1461 379 1506 406 Dei
1519 380 1652 409 Gonitrici
1668 383 1743 410 aedes

959 421 986 449 in
1010 421 1110 455 palatio
1130 423 1267 450 exstitisse
1284 424 1369 456 velit,
1388 432 1450 452 esse
1473 433 1587 454 necesse
1606 433 1649 455 est
1673 429 1747 456 illam

957 466 1057 501 ipsam,
1067 475 1138 502 qua,
1152 469 1278 503 quamvis
1293 469 1414 504 quidem,
1428 476 1458 498 ut
1471 472 1550 499 Anna
1561 472 1701 501 Comnena
1714 482 1747 502 ex

957 513 1038 542 dictis
1055 514 1145 546 docet.
1170 515 1293 549 Deipar'te
1311 515 1338 542 in
1367 516 1466 550 palatio
1491 526 1565 545 sacra
1591 520 1747 554 exstiterit,

958 559 1086 587 Demetrii
1104 557 1285 589 nihilominus
1297 563 1408 590 numine
1423 564 1552 599 insignita
1567 573 1581 592 a
1592 566 1673 601 vulgo
1685 566 1746 600 fuit,

956 614 1081 641 quaeque,
1100 606 1152 635 nisi
1168 608 1239 635 forte
1254 610 1328 643 quis.
1342 614 1437 637 contra
1448 618 1485 638 .ac
1499 612 1657 639 verosimile
1668 621 1747 647 appa-

956 654 1097 683 ret.iedes
1112 654 1189 685 duas,
1206 655 1293 682 sancti
1310 656 1441 683 Demetrii
1459 657 1572 684 nomine
1589 657 1746 691 distinctas.

957 699 983 726 in
1008 698 1107 733 palatio
1128 700 1267 728 exstitisse
1282 701 1358 733 velit,
1374 709 1437 728 cum
1461 709 1539 730 sacra
1562 703 1656 731 Sancti
1677 705 1746 737 atde,

956 752 1036 779 quam
1053 745 1081 772 in
1098 745 1201 779 palatio
1216 746 1427 775 Cantaculenus
1442 750 1560 781 statuit,
1577 751 1672 778 eadem
1686 758 1748 778 esse

957 791 1047 818 debet.
1067 791 1151 819 Porro
1168 792 1270 819 laudati
1285 793 1417 829 Scylitaes
1434 799 1461 821 et
1473 794 1671 824 Constantinus
1685 797 1749 824 Por-

957 837 1163 872 pltyrogenitus,
1180 839 1238 872 qui,
1254 839 1484 873 quemadmodum
1502 841 1557 875 jam
1579 842 1678 874 docui,
1699 843 1747 870 Del

957 883 1088 911 tlenitrici
1106 884 1192 911 aedem
1210 885 1239 911 in
1256 885 1357 919 palatio
1369 895 1384 913 a
1401 887 1502 915 Basilio
1517 888 1665 916 Macedone
1679 889 1746 916 adi-

922 915 942 941 B
958 931 1065 957 licatam
1094 931 1177 958 fuisse
1216 915 1339 966 tradunt,
1365 935 1401 961 ab
1420 935 1472 962 hoc
1495 936 1579 962 etiarn
1603 915 1747 971 principe,

955 977 1036 1011 paulo
1049 982 1195 1012 antequam
1211 978 1236 1005 id
1250 978 1370 1012 faciant,
1386 980 1472 1007 adem
1493 986 1591 1009 sancto
1609 980 1747 1010 Demetrio

955 1028 1062 1050 sacram
1086 1024 1266 1051 instauratam
1292 1025 1399 1058 fuisse,
1427 1027 1568 1055 memoriae
1601 1028 1745 1062 produnt;

954 1078 1049 1105 quare,
1067 1078 1128 1098 cum
1148 1071 1219 1098 hanc
1236 1072 1271 1098 ab
1293 1072 1337 1099 illa
1350 1093 1357 1104 ,
1375 1079 1390 1099 a
1412 1073 1493 1107 vulgo
1520 1073 1602 1100 etiam
1615 1094 1621 1105 ,
1640 1077 1670 1100 ut
1691 1074 1746 1108 jam

955 1117 1046 1148 docui,
1066 1118 1152 1143 sancti
1171 1118 1299 1144 Demetrii
1319 1119 1428 1144 nomine
1448 1119 1570 1153 insigniri
1587 1119 1675 1151 solita,
1690 1126 1749 1145 ma-

955 1163 1132 1189 nifestissime
1148 1163 1327 1197 distinguant,
1345 1166 1544 1191 consectarium
1568 1173 1599 1190 ex
1617 1165 1748 1191 omnibus
1787 1158 1791 1161 Δ

952 1209 1007 1243 jam
1023 1210 1103 1235 dictis
1115 1215 1166 1239 est.
1181 1215 1209 1235 ut
1223 1218 1298 1236 sacra
1313 1215 1409 1237 sancto
1422 1211 1559 1237 Demetrio
1574 1211 1746 1244 aedes,quam

955 1259 970 1279 a
986 1253 1085 1280 Basilio
1110 1254 1256 1281 Macedone
1275 1255 1452 1281 instauratum
1480 1255 1564 1282 fuisse
1603 1255 1747 1286 scribunt.-

954 1305 1032 1326 extra
1049 1300 1182 1334 palatium
1197 1301 1249 1327 sita
1266 1300 1367 1332 fuerit,
1385 1302 1570 1336 distinctaque
1585 1301 1701 1336 proinde
1713 1301 1749 1328 ID

954 1346 1022 1376 aede.
1034 1350 1130 1372 sancto
1143 1345 1280 1373 Demetrio
1296 1354 1374 1373 sacra
1386 1366 1393 1377 ,
1409 1354 1490 1381 quam
1516 1348 1544 1374 in
1560 1347 1662 1382 palatio
1676 1347 1749 1374 Cana

955 1396 1103 1418 tacuzenus
1118 1392 1206 1426 ponit.
1229 1393 1263 1419 At
1286 1400 1362 1425 vero,
1385 1393 1503 1428 inquies,
1518 1394 1673 1420 orationem
1699 1400 1748 1420 seu

955 1437 1105 1470 homiliam,
1128 1444 1210 1472 supra
1235 1438 1296 1473 plus
1327 1439 1411 1466 semel
1438 1443 1629 1470 memoratam,
1651 1439 1749 1473 hisque

954 1482 1067 1513 verbis,
1091 1482 1187 1516 Ἔφηό
1212 1484 1349 1517 σωτήριος
1370 1483 1466 1515 λόγος,
1487 1483 1645 1517 inceptam,
1666 1489 1748 1517 quant

953 1527 1147 1554 Commentarii
1172 1527 1286 1562 hujus§
1313 1528 1324 1554 Ι
1351 1527 1437 1555 Leoni
1462 1528 1597 1562 Sapienti,
1623 1526 1748 1555 Orientis

955 1573 1125 1609 imperatori,
1144 1572 1291 1604 vindicavi,
1305 1574 1407 1600 dictam
1432 1574 1516 1601 fuisse
1531 1575 1566 1606 ab
1580 1574 1633 1601 hoc
1660 1578 1727 1601 tunc
1739 1593 1747 1602 ι

955 1627 1017 1647 cum
1041 1619 1114 1646 aedes
1137 1624 1233 1646 sancto
1254 1617 1393 1645 Demetrio
1411 1619 1438 1645 in
1464 1619 1538 1654 regis
1566 1626 1615 1646 seu
1643 1618 1745 1652 palatio

954 1670 1173 1696 consecuntur,
1191 1665 1287 1692 titulus
1302 1665 1327 1691 ei
1342 1666 1483 1699 praetixus,
1502 1670 1596 1699 utpote
1616 1665 1662 1699 qui
1684 1671 1747 1691 ver-

955 1712 1005 1743 bis,
1023 1718 1100 1738 num.
1119 1711 1136 1738 5
1151 1711 1283 1743 recitatis,
1300 1711 1337 1738 sit
1351 1717 1515 1746 conceptus,
1533 1711 1613 1738 iidem
1632 1711 1709 1739 facit.

991 1756 1053 1785 “8.
1070 1757 1130 1784 Jam
1149 1765 1223 1789 vero,
1248 1764 1310 1785 eum
1334 1756 1389 1785 Leo
1412 1757 1529 1792 Sapiens
1547 1757 1639 1785 Basilii
1656 1757 1748 1785 Maca-

956 1804 1036 1832 donis
1064 1804 1135 1831 [ilius
1158 1804 1203 1836 sit,
1231 1804 1349 1838 ltuit-que
1374 1804 1445 1838 patri
1472 1810 1533 1835 suo,
1561 1811 1615 1838 quo
1640 1804 1749 1830 volente

956 1851 1104 1885 imperator
1119 1850 1174 1885 jam
1191 1850 1257 1877 inde
1273 1851 1306 1876 b
1320 1857 1393 1876 anno
1408 1850 1459 1877 870
1475 1855 1622 1876 coronatus
1640 1849 1729 1876 fuerat
1740 1869 1747 1879 .

956 1904 1029 1923 anno
1043 1896 1096 1924 886
1112 1897 1288 1928 successerit,
1308 1896 1394 1922 aedem
1421 1901 1517 1922 sancto
1543 1895 1680 1922 Deme-triti
1703 1903 1748 1922 sa-

954 1951 1042 1974 cram,
1065 1944 1091 1969 in
1108 1943 1187 1977 cujus
1200 1942 1411 1969 consecratione
1425 1943 1578 1969 orationem
1593 1949 1642 1969 seu
1657 1941 1748 1968 homi-

955 1990 1017 2016 lism
1033 1994 1209 2016 memoratam
1227 1989 1250 2015 is
1264 1988 1343 2018 dixit.
1361 1995 1423 2015 esse
1443 1988 1516 2014 illam
1542 1987 1639 2022 ipsam,
1663 1994 1745 2022 quam

954 2037 989 2062 at)
1000 2035 1059 2069 eius
1072 2039 1160 2069 patre,
1175 2034 1276 2061 Basilio
1288 2034 1446 2064 Macedone.
1461 2034 1642 2060 instauratam
1656 2033 1743 2061 fuisse

953 2081 1206 2115 Porpltyrogenitus
1221 2088 1248 2108 et
1262 2080 1394 2115 Scylitzes
1416 2080 1483 2107 locis
1496 2088 1578 2115 supra
1603 2080 1664 2107 citt.
1687 2087 1745 2107 tra-

953 2126 1031 2157 dunt,
1041 2126 1275 2153 vcrosimillintmn
1285 2131 1408 2160 apparet,
1424 2126 1548 2160 nauoque
1560 2125 1676 2160 proinde
1687 2132 1744 2152 non

954 2172 1046 2204 aliam,
1071 2180 1151 2206 quam
1168 2180 1229 2204 qua:
1253 2180 1267 2198 a
1294 2172 1489 2199 Cantacuzeno
1515 2179 1597 2206 supra
1624 2171 1747 2199 recitatis

956 2219 1046 2246 verbis
1061 2220 1088 2245 in
1102 2219 1201 2253 palatio
1215 2226 1263 2246 seu
1280 2219 1353 2254 regia
1371 2219 1513 2251 statuitur.
1531 2218 1685 2246 exstitisse.
1704 2217 1744 2245 lta

954 2270 1048 2292 contra
1065 2265 1236 2299 opinionem,
1249 2274 1301 2300 qua
1317 2274 1349 2293 ex
1364 2266 1419 2300 jam
1438 2266 1520 2293 dictis
1534 2273 1640 2293 sacram
1657 2266 1745 2293 sancti

953 2310 1084 2338 Demetrii
1098 2311 1184 2337 tndem
1196 2331 1204 2342 ,
1223 2319 1237 2337 a
1255 2310 1357 2338 Basilio
1374 2311 1523 2339 Macedone
1541 2311 1723 2338 instauratam
1737 2331 1746 2343 ,

952 2361 1028 2384 extra
1058 2356 1189 2391 palatium
1221 2357 1386 2388 statuimus,
1414 2363 1505 2392 potest
1530 2357 1618 2392 argui.
1646 2356 1746 2384 Verum

952 2403 1079 2438 scriptor,
1098 2402 1142 2437 qui
1163 2403 1244 2429 dieue
1268 2403 1389 2430 ltomilia:
1406 2410 1456 2430 seu
1473 2403 1591 2430 orationi
1607 2403 1634 2429 in
1650 2403 1746 2430 codice

952 2449 1016 2476 olim
1040 2449 1212 2479 Mazarinmo.
1238 2448 1347 2481 sacculo,
1373 2452 1403 2475 ut
1428 2451 1560 2483 apparet,
1583 2448 1746 2476 duodecimo

951 2499 1071 2526 exarata,
1089 2494 1197 2521 titulum
1216 2494 1344 2529 przcilxit,
1363 2494 1464 2521 dictam
1478 2494 1550 2521 illam
1567 2495 1651 2521 fuisse
1667 2498 1744 2526 tunc,

951 2548 1012 2568 cum
1028 2541 1100 2567 aedes
1117 2544 1212 2567 sancto
1231 2539 1370 2567 Demetrio
1388 2539 1415 2566 in
1434 2540 1507 2575 regia
1522 2544 1744 2572 consecraretur.

951 2588 1054 2615 idcirco
1078 2587 1202 2614 fortassis
1230 2587 1258 2614 in
1286 2588 1339 2614 hoc
1365 2588 1477 2619 notarit,
1495 2587 1567 2621 quod
1591 2591 1666 2616 tunc.
1682 2592 1744 2613 cum

950 2633 1093 2669 przcl'atum
1110 2634 1234 2660 codicem
1251 2638 1386 2665 exararet,
1405 2641 1453 2660 seu
1470 2634 1570 2660 sacculo
1583 2642 1618 2660 xu
1636 2638 1743 2660 sacrum

950 2680 1022 2707 istud
1037 2680 1181 2707 aedilicium
1199 2679 1256 2707 solo
1278 2680 1366 2707 sancti
1389 2680 1520 2707 Demetrii
1541 2679 1654 2707 nomine
1674 2679 1744 2706 δοιει

949 2732 988 2754 ret
1013 2727 1155 2762 distingui.
1173 2726 1282 2759 Adhazc,
1301 2731 1331 2753 ut
1347 2734 1408 2754 cum
1431 2727 1522 2758 tituli,
1550 2726 1583 2754 de
1599 2734 1654 2761 quo
1678 2725 1743 2756 hic,

949 2773 1083 2808 scriptore
1106 2775 1184 2800 Anna
1210 2773 1360 2804 Contn'cna.
1386 2781 1448 2808 qua:
1466 2774 1569 2807 pariter
1587 2773 1689 2800 ξεῖναιΞο
1707 2777 1744 2799 xtl

949 2819 1041 2846 ﬂoruit
1058 2826 1219 2853 sacramque
1236 2820 1310 2847 illam
1327 2819 1433 2852 πόρπη,
1461 2823 1522 2846 utut
1545 2819 1675 2846 Demetrii
1694 2826 1744 2846 nos

950 2865 1023 2892 mine
1041 2874 1054 2892 a
1077 2867 1158 2901 vulgo
1184 2866 1310 2902 insigniri
1336 2867 1464 2898 soltam,
1492 2865 1672 2894 sanctissimae
1696 2864 1742 2892 Dei

949 2911 1080 2940 Grn'trici
1099 2911 1214 2939 dicatam
1243 2917 1327 2945 notat,
1347 2913 1372 2940 in
1388 2912 1561 2942 concordiam
1580 2911 1741 2940 adducatur.
