2049 3151
282 179 350 211 libi

282 238 340 265 fieri
355 241 455 272 potest,
473 242 503 266 ut
514 246 589 266 sacra
603 238 648 265 illa
668 239 739 266 aedes
762 243 789 266 et
815 239 995 267 sanctiSs-imae
1017 240 1064 268 Dei

280 283 411 311 Genitriei
426 284 506 311 simul
521 288 550 311 et
574 289 670 312 sancto
699 284 837 312 Demetrio
861 284 944 312 fuerit
958 286 1060 315 dicata,

282 330 401 364 hincque
414 330 448 358 de
461 337 503 361 ea,
518 331 600 357 veluti
620 336 715 359 sancto
731 331 867 358 Demetrio
884 339 971 363 sacra,
996 332 1066 358 tituli

280 375 408 409 scriptor,
424 376 490 402 solis
503 376 674 404 concinnatis
688 377 722 404 de
737 378 788 404 hoc
803 377 902 404 Sancto
915 381 1009 404 nostro
1027 378 1069 404 lu-

281 422 490 449 cubrationilius
504 423 558 457 (adi
574 431 649 450 nunt.
663 424 690 457 5)
706 424 922 451 transcribendis
935 424 1067 455 intentus,

283 468 452 494 mentionem
471 468 566 495 fecerit
580 488 587 500 ,
603 469 704 495 omisso
716 470 798 496 etiam
818 469 943 503 Deiparte
956 469 1068 496 nomine

283 520 337 545 quo
352 518 417 540 tunc
439 513 561 541 fortassis
578 523 592 541 a
614 515 709 548 paucis
732 515 864 542 duntaxat
886 516 974 542 locum
993 515 1067 542 illum

283 565 394 585 sacrum
423 559 548 593 insigniri
584 560 700 586 habebat
720 564 903 594 perspectum.
933 559 1068 593 Quidquid

284 603 376 634 itaque
391 611 407 631 e
422 604 511 636 titulo,
527 612 608 638 quem
632 604 659 631 in
679 605 776 632 codice
796 604 956 631 Mazaritueo
981 605 1070 631 oratio

284 657 332 677 seu
357 650 466 677 homilia
493 650 601 677 laudata
625 650 752 684 praefert,
776 651 862 684 possit
887 650 975 685 argui,
1001 649 1071 676 hanc

284 693 422 728 equidem,
446 702 502 721 non
527 703 589 722 cum
618 702 694 722 sacra
726 695 812 721 sancti
839 694 968 721 Demetrii
991 695 1070 726 atde,

286 747 368 773 quam
389 747 404 766 a
431 740 527 767 Basilio
543 740 692 768 Macedone
705 740 885 768 instauratum
901 740 984 767 fuisse
1007 740 1072 775 Sey-

288 785 365 812 litzes
384 791 411 813 et
426 785 675 821 Porphyrogenitus
691 787 812 818 tradunt,
825 786 872 814 sed
889 794 950 814 cum
967 786 1051 813 altera
1062 806 1070 818 ,

287 839 368 866 quam
394 831 420 859 in
438 833 538 866 palatio
554 833 638 860 (tusae
659 833 706 860 Dei
732 833 864 860 Gcnitrici
885 837 1070 865 exstructam,

289 879 455 913 nominaque
478 879 658 907 nihilominus
681 880 769 907 sancti
796 879 925 906 Demetrii
950 886 965 905 a
991 879 1072 914 vulgo

920 182 1246 216 SUPPl.EMENTUM.

1834 179 1905 214 1152

1117 241 1209 268 Sancti
1228 241 1288 268 luce
1302 241 1376 268 adire
1395 240 1574 275 imperatores
1591 237 1728 270 solebam,
1755 229 1905 266 'inonaste-

1121 287 1190 314 rium
1220 292 1363 322 praetcrea,
1390 292 1486 314 contra
1517 295 1548 312 ac
1570 285 1620 312 :edi
1637 292 1731 318 sacrae,
1754 284 1780 311 in
1803 285 1906 319 palatio

1121 333 1214 367 ejusve
1230 333 1332 359 ambitu
1351 333 1419 365 sine,
1436 332 1584 358 convenire
1607 331 1724 362 videtur,
1745 330 1796 357 sibi
1810 330 1906 362 (ιιὶςυη,

1120 379 1160 405 uti
1177 387 1190 404 ε
1206 378 1303 406 Codini
1333 378 1420 405 verbis
1445 377 1617 413 intelligitur,
1647 377 1775 404 babueiit
1805 378 1907 411 adjun-

1121 429 1206 454 ctum,
1225 424 1300 451 illum
1329 432 1394 451 sane
1424 425 1513 451 locum
1543 431 1652 451 sacrum
1671 431 1703 450 ac
1725 424 1804 458 proin
1820 424 1905 452 etiam

1121 474 1286 496 exstructam
1303 477 1316 496 λ
1347 469 1432 496 Β.ιι·(1.ι
1449 469 1556 496 Cmsare
1571 469 1728 499 ecclesiam,
1759 475 1855 504 utpote
1870 471 1907 498 ab

1122 516 1184 548 hoc,
1198 520 1227 542 ut
1242 516 1297 550 jam
1314 516 1404 546 docui,
1422 524 1476 543 non
1498 516 1663 545 distinctam.
1681 521 1756 543 extra
1772 517 1905 550 palatium

1121 562 1202 589 situm
1223 562 1316 593 fuisse,
1331 562 1475 589 dicendum
1492 567 1543 589 est.
1564 562 1624 589 Jam
1637 570 1711 592 vero,
1731 570 1792 589 cum
1809 561 1906 590 Sancti

1121 607 1245 639 ect-lesia,
1264 615 1344 642 quam
1362 607 1476 635 Basilius
1492 607 1602 635 Macedo
1631 608 1803 639 instauravit,
1829 613 1907 634 extra

1123 655 1252 689 palatium
1267 655 1379 689 pariter,
1397 660 1427 681 ut
1442 662 1523 689 supra
1544 655 1663 686 ostendi,
1677 655 1727 682 sita
1741 655 1834 687 fuerit,
1850 663 1905 681 non

1121 699 1201 726 aliam
1221 699 1351 726 Demetrii
1369 700 1454 726 :edem
1473 707 1589 731 sacram,
1606 707 1687 733 quam
1712 708 1772 733 qum
1786 709 1800 725 a
1819 699 1906 725 [larda

1122 745 1229 773 Czrsare
1243 745 1332 772 fuerat
1351 749 1500 777 exstructa,
1515 752 1530 771 ι
1547 745 1645 771 Basilio
1661 744 1807 772 Macedone
1822 745 1907 772 fuisse

1123 791 1312 821 instauratam,
1342 790 1577 817 verosimillimum
1607 795 1730 824 apparet.
1764 789 1819 816 Nec
1852 795 1906 819 est.

1122 836 1195 870 quod
1209 835 1431 871 reponas,sancti
1447 835 1576 862 Demetrii
1595 835 1678 866 a'des,
1701 843 1769 868 quas
1793 834 1910 861 Basilius

1123 881 1233 909 Macedo
1245 881 1417 912 instauravit,
1431 881 1457 908 in
1475 880 1575 908 Leonis
1593 881 1682 908 Allatii
1711 881 1832 908 editione
1851 881 1909 906 rui-

288 925 403 952 solnisse
419 925 549 960 distingui
575 925 810 953 AunaComnena
824 924 939 952 afﬁrmat
952 943 959 956 ,
975 931 1072 951 conse—
1087 924 1106 951 Β
1122 937 1210 961 "asas,
1232 933 1313 962 atque
1342 928 1368 954 in
1396 928 1492 962 altera,
1510 934 1592 961 quam
1613 927 1640 953 in
1666 925 1823 960 Byzantinis
1847 931 1911 960 post

288 976 422 1002 oraretur,
443 971 647 1006 pronuntiatam
665 971 759 1004 fuisse,
783 971 968 998 indubitatum
987 978 1072 1005 appa-

289 1020 340 1048 ret,
371 1021 518 1051 manetque
544 1016 668 1050 proinde,
697 1024 804 1044 sacram
831 1016 918 1044 sancti
945 1015 1074 1043 Demetrii

289 1062 387 1092 sedent.
404 1071 484 1096 quam
498 1063 615 1090 Basilius
633 1063 744 1090 Macedo
756 1063 925 1095 instauravit,
937 1067 1013 1090 extra
1028 1070 1077 1097 pa-

290 1107 383 1135 latium
399 1108 478 1135 sitam
490 1109 585 1141 fuisse,
598 1113 679 1143 atque
692 1109 754 1137 ideo
765 1109 799 1137 ab
813 1109 871 1136 aede
884 1108 976 1135 Sancti
986 1115 1074 1140 sacra,

289 1161 370 1188 quain
394 1153 419 1180 in
444 1155 544 1188 palatio
562 1155 770 1183 Catttacuzenus
796 1155 902 1186 statuit,
928 1154 1075 1189 distingui.

326 1199 387 1227 119.
415 1199 513 1227 Verum
535 1208 660 1235 quaenam
686 1201 796 1228 tandem
818 1205 860 1228 est
884 1208 960 1228 sacra
986 1199 1075 1228 sancti

292 1245 421 1273 Demetrii
441 1246 523 1276 aedes,
540 1254 600 1280 qua:
613 1251 641 1274 et
660 1247 694 1274 ab
706 1247 765 1274 :nde
794 1254 843 1280 per
854 1246 1076 1274 Cantacuzenum

292 1297 442 1319 memorata
476 1292 653 1327 distinguitur
670 1297 698 1319 et
709 1301 724 1319 a
737 1292 840 1319 Basilio
864 1292 1012 1319 Macedone
1024 1291 1078 1318 fuit

294 1338 462 1365 instaurata?
478 1339 538 1364 Non
567 1338 631 1367 alia.
663 1343 693 1365 ιιι
715 1343 837 1373 apparet,
854 1345 937 1372 quam
956 1345 1017 1370 quae
1044 1344 1078 1364 eo

294 1384 364 1416 ipso.
377 1392 431 1418 quo
454 1383 597 1417 Acropolis
614 1384 729 1416 exstitit,
742 1384 803 1411 loco
823 1391 839 1411 a
855 1383 942 1410 liard't
959 1383 1077 1414 Cingere,

295 1434 324 1456 ut
335 1437 416 1463 supra
435 1429 590 1460 docuimus,
608 1429 661 1457 fuit
672 1434 822 1457 exstructa.
842 1429 905 1457 Hac
921 1429 1004 1460 enim,
1022 1436 1078 1455 non

295 1482 375 1502 secus
391 1480 474 1509 atque
500 1475 556 1505 illa.
577 1480 660 1505 ,cxtra
678 1475 810 1510 palatium
835 1475 949 1505 exstitit,
968 1475 1006 1502 uti
1022 1475 1078 1509 jam

296 1528 370 1549 nunc
389 1521 503 1549 dicenda
529 1521 686 1549 ostendent.
703 1521 850 1548 Ecclesiam
874 1521 961 1548 sancti
982 1520 1080 1548 Deme-

297 1565 351 1599 trii,
366 1574 447 1600 qttam
462 1567 523 1594 lttce
548 1566 612 1595 huic
629 1574 705 1594 sacra
733 1567 926 1602 imperatores,
943 1572 974 1595 ut
994 1575 1077 1602 supra
1091 1586 1114 1617 α

295 1611 386 1642 decuti.
409 1614 558 1646 quotannis
581 1613 658 1641 adire
686 1614 823 1645 sidebant.
851 1620 929 1641 extra
948 1614 1078 1649 palatium

296 1657 377 1684 sitam
394 1657 490 1689 fuisse,
502 1658 543 1686 vel
559 1666 574 1685 e
589 1659 666 1692 solis,
680 1659 781 1693 quibus
797 1659 844 1686 hic
859 1659 967 1686 illorum
981 1667 1080 1694 magna

297 1702 470 1729 solemnitate
489 1703 522 1729 ad
551 1704 642 1731 locutu
671 1705 753 1731 istum
772 1711 879 1731 sacrum
901 1704 958 1731 ﬁeri
981 1705 1080 1732 solitus

297 1755 425 1775 accessus
454 1749 630 1780 describitur.
654 1750 755 1781 verbis,
775 1757 856 1784 supra
876 1751 929 1777 huc
953 1758 985 1778 ex
1003 1751 1080 1778 Alite

298 1792 602 1827 Cumtantinopolttaute
618 1795 836 1822 cteremonitmtm
860 1795 930 1822 libro
952 1796 1081 1823 transcri-

299 1839 362 1873 ptis.
386 1839 487 1872 liquet;
521 1839 597 1866 hisco
610 1839 683 1866 enim
709 1840 899 1874 imperatores,
928 1848 983 1874 quo
1009 1841 1077 1868 illttd

298 1885 384 1911 sancti
418 1884 547 1911 Demetrii
575 1885 705 1919 templum
733 1885 852 1916 adirent,
877 1893 893 1913 θ
922 1887 1016 1920 palatii
1040 1886 1082 1913 sui

300 1932 385 1964 portis
413 1930 504 1965 egredi
527 1930 644 1958 soluisse
660 1936 840 1964 asseruntur;
855 1931 911 1965 jam
933 1939 997 1958 vero
1019 1940 1082 1958 cum

299 1977 353 2007 hre,
378 1977 415 2003 uti
448 1977 544 2003 eadem
559 1977 723 2011 transcripta
740 1976 823 2006 verba
853 1977 932 2005 fidem
966 1977 1082 2011 faciunt,

299 2020 334 2048 ad
350 2020 517 2048 Orientalem
546 2021 667 2048 civitatis
694 2021 799 2056 plagam
817 2023 985 2060 exstiterint,
1001 2028 1084 2058 atque

299 2066 333 2093 ad
354 2066 425 2093 hanc
447 2067 528 2093 etiam
551 2066 637 2094 sancti
661 2066 790 2094 Demetrii
815 2068 943 2100 ecclesia,
968 2076 983 2095 a
997 2069 1084 2099 Barda

299 2112 406 2140 Caesare
419 2116 569 2144 exstructa,
587 2112 638 2139 sita
655 2111 747 2144 fuerit,
781 2120 888 2140 sacrum
907 2114 980 2140 hunc
994 2115 1085 2142 locum

300 2165 361 2185 cum
378 2158 506 2190 ecclesia,
522 2166 604 2192 quam
637 2158 816 2193 imperatores
840 2160 955 2187 solemni
982 2161 1085 2195 suppli-

301 2204 420 2231 cantium
447 2204 500 2230 ritu
515 2204 550 2231 26
564 2203 690 2231 Octobris
716 2204 760 2231 die
787 2205 937 2239 quotannis
961 2206 1083 2240 adibant,

1124 974 1319 1009 Theophanem
1341 972 1527 1008 Scriptoribus
1545 972 1726 999 Comlietlsius
1742 972 1910 1006 suppeditat,

1124 1025 1254 1048 vetustate
1278 1019 1431 1046 laborante:
1470 1018 1618 1054 appellari;
1645 1018 1695 1044 has
1714 1023 1804 1044 autem
1824 1017 1912 1044 deno-

1124 1066 1290 1093 minationes
1316 1064 1463 1093 exstructis
1487 1071 1501 1091 a
1519 1063 1604 1091 Barda
1619 1063 1726 1090 Caesare
1751 1064 1838 1090 sancti
1858 1062 1913 1089 De—

1125 1111 1215 1139 metrii
1233 1111 1346 1143 aedibus,
1363 1114 1458 1144 utpote
1475 1118 1546 1145 quae,
1574 1113 1603 1136 ut
1632 1116 1713 1143 supra
1729 1109 1821 1140 docui,
1837 1116 1914 1135 anno

1126 1157 1258 1184 duntaxat
1283 1156 1335 1183 850
1351 1156 1466 1186 circiter
1478 1155 1596 1182 fuissent
1613 1160 1723 1186 erecur,
1742 1155 1833 1181 Basilii
1853 1154 1912 1181 Ma-

1126 1203 1240 1230 cedonis
1258 1207 1391 1237 tempore,
1407 1202 1479 1236 quod
1507 1202 1552 1229 hic
1569 1201 1766 1236 quinquaginta
1784 1200 1907 1228 nondum

1127 1249 1209 1276 annis
1225 1253 1287 1284 post
1301 1248 1373 1276 aedes
1390 1249 1499 1275 easdem
1518 1248 1665 1275 adificatas
1685 1247 1785 1282 elapsis
1799 1247 1911 1277 obierit.

1127 1294 1275 1321 convenire
1291 1293 1362 1320 haud
1377 1293 1518 1328 potuisse:
1550 1293 1602 1320 etsi
1617 1293 1690 1320 enim
1717 1293 1744 1319 id
1759 1293 1795 1319 ita
1819 1293 1865 1324 sit,
1883 1292 1911 1318 in

1127 1338 1222 1366 Greco
1237 1345 1329 1365 tamen
1354 1344 1411 1366 tum
1428 1338 1563 1374 Scylitzm,
1594 1343 1651 1366 tum
1683 1338 1914 1373 Porpliyrogeniti

1129 1389 1214 1416 textu,
1227 1385 1249 1412 si
1264 1385 1367 1417 Graca,
1384 1385 1483 1420 quibus
1500 1385 1546 1412 hic
1559 1386 1720 1420 concipitur,
1733 1385 1814 1412 verba
1829 1391 1912 1412 accu-

1130 1436 1189 1458 rate
1204 1436 1388 1466 exponttntur,
1400 1431 1533 1459 duntaxat
1550 1432 1676 1463 habetur,
1705 1431 1838 1458 Basiliam
1855 1430 1913 1457 Ma-

1129 1477 1261 1504 cedonem
1280 1475 1367 1504 sancti
1393 1476 1529 1503 Demetrii
1560 1476 1633 1504 πάθε
1662 1481 1708 1504 aet
1732 1484 1764 1502 ex
1793 1476 1915 1510 antiquis

1129 1528 1216 1548 novas
1230 1521 1339 1554 fecisse,
1360 1526 1408 1549 aut
1425 1523 1600 1556 antiquarum
1627 1523 1687 1550 loco
1716 1530 1801 1550 noras
1818 1523 1916 1550 condi-

1131 1567 1216 1594 disse.
1235 1567 1322 1602 Atque
1346 1567 1404 1594 hac
1418 1572 1492 1600 sunt,
1516 1575 1585 1603 quae,
1616 1573 1645 1595 ut
1665 1569 1756 1601 simul,
1773 1573 1802 1596 et
1831 1576 1915 1602 quam

1131 1614 1217 1640 sancti
1238 1614 1525 1641 Demetriieeclesiam
1540 1614 1655 1642 Basilius
1670 1614 1782 1642 Macedo
1807 1615 1917 1641 instau-

1131 1661 1208 1693 rarit,
1235 1665 1262 1688 et
1278 1661 1359 1694 hanc,
1387 1662 1535 1696 quotannis
1564 1662 1624 1689 luce
1651 1667 1748 1689 sancto
1776 1662 1918 1688 Demetrio

1131 1714 1208 1734 sacra
1221 1707 1256 1734 ob
1271 1707 1482 1742 imperatoribus
1502 1708 1616 1735 solemni
1631 1708 1683 1736 ritu
1709 1708 1778 1735 adiri
1794 1708 1917 1738 solitam,

1130 1759 1145 1778 ι
1171 1759 1247 1779 sacra
1274 1753 1363 1779 sancti
1391 1752 1521 1780 Demetrii
1549 1755 1618 1785 aede,
1646 1761 1726 1788 quam
1756 1754 1782 1780 in
1814 1754 1917 1788 palatio

1130 1796 1339 1826 Cantacuzenus
1353 1798 1460 1830 statuit,
1474 1806 1535 1825 esse
1552 1799 1701 1832 diversam,
1727 1800 1916 1831 ostenderem,

1132 1840 1159 1867 in
1184 1841 1303 1868 medium
1319 1842 1478 1869 adducenda
1492 1843 1658 1870 existimavi.
1673 1843 1794 1877 Cangius
1822 1851 1919 1877 porro,

1132 1892 1162 1914 ut
1179 1887 1232 1914 alio
1245 1887 1299 1920 iam
1315 1895 1470 1915 sermonem
1486 1893 1691 1919 convertantus.
1710 1889 1737 1915 in
1761 1888 1920 1916 Constanti-

1133 1932 1396 1965 napult'Cltrt'stiana,
1423 1933 1473 1960 lib.
1499 1941 1536 1966 tv,
1564 1941 1626 1969 pag.
1647 1934 1708 1967 i2‘2,
1725 1942 1758 1961 eo
1783 1935 1920 1961 inclinare

1133 1978 1253 2009 videtur,
1281 1982 1311 2005 ut
1339 1979 1547 2011 monasterium,
1573 1980 1645 2014 quod
1658 1988 1691 2007 ex
1706 1981 1788 2008 dictis
1817 1981 1921 2014 templo

1133 2031 1148 2050 a
1168 2023 1254 2050 Barda
1267 2023 1374 2051 Gasare
1389 2030 1539 2058 exstructo,
1558 2025 1611 2052 fuit
1637 2026 1784 2059 adjectum,
1811 2026 1848 2052 ab
1865 2027 1922 2052 An-

1133 2069 1247 2096 dronico
1262 2069 1386 2102 Juuiore,
1404 2069 1616 2105 Palaologorum
1630 2075 1773 2098 stemmate
1787 2073 1919 2105 oriundo,

1135 2122 1216 2149 aquo
1243 2115 1406 2143 aedificatum
1446 2116 1662 2143 instauratumve
1693 2117 1786 2148 fuerit,
1817 2125 1920 2145 nomen

1135 2168 1214 2188 suum
1244 2161 1383 2193 accepisse
1410 2161 1558 2189 existimet.
1588 2162 1624 2188 Ita
1654 2163 1727 2189 cnim
1750 2163 1853 2190 ibidem
1884 2164 1921 2190 de

1136 2206 1302 2233 monasterio
1328 2207 1382 2233 isto
1399 2206 1512 2234 scribit:
1528 2216 1538 2232 t
1555 2206 1595 2234 Ab
1621 2206 1780 2234 Andronico
1806 2207 1924 2235 Juniore

301 2257 362 2277 csso
378 2250 517 2281 eumdem,
546 2249 783 2277 verosimitlimum
809 2256 932 2285 apparet,
954 2251 1085 2286 illumque
1102 2261 1123 2287 ι)
1138 2250 1209 2278 forte
1228 2250 1272 2277 vel
1301 2250 1467 2278 aedificatum
1488 2251 1530 2278 vel
1556 2256 1716 2279 renovatum
1742 2253 1924 2284 crediderim.

302 2295 429 2330 proinde,
453 2303 508 2322 non
526 2303 607 2323 secus
633 2300 714 2330 atque
742 2296 823 2329 hanc,
851 2302 927 2324 extra
955 2298 1084 2331 palatium

301 2341 385 2368 situm
403 2341 497 2368 fuisse.
509 2341 547 2368 Ad
564 2341 622 2368 haec
630 2349 691 2368 cum
707 2341 822 2369 soluisse
835 2343 982 2377 quotannis
990 2343 1086 2372 Orien-

303 2388 339 2415 tis
361 2388 542 2422 imperatores
560 2387 594 2414 ad
611 2387 819 2420 monasterium,
847 2388 935 2416 sancti
956 2389 1086 2417 Demetrii

303 2433 415 2460 nomine
435 2433 606 2467 insignitum,
633 2433 694 2460 luce
709 2432 774 2460 huic
795 2440 871 2461 sacra
888 2441 936 2461 seu
951 2434 986 2461 26
1004 2434 1087 2463 Octo-

303 2479 360 2507 bris
392 2480 437 2507 die
462 2479 548 2511 abire,
577 2487 592 2506 a
610 2479 716 2506 Codino
748 2479 839 2506 verbis
868 2487 949 2515 supra
965 2480 1087 2508 recitatis

305 2525 439 2556 tradatur,
470 2524 609 2558 iidemque
638 2524 830 2558 imperatores,
862 2529 893 2551 ut
923 2533 1006 2559 supra
1034 2525 1088 2553 huc

304 2570 469 2604 transcripta
508 2578 541 2597 ex
569 2570 644 2596 Aula:
681 2568 981 2604 Constantinopolitanae
1009 2578 1088 2597 cere-

264 2626 266 2630 -
305 2616 398 2642 monii:
407 2615 489 2642 verba
502 2615 581 2642 iidem
591 2615 706 2647 faciunt,
719 2615 816 2642 festiva
830 2615 926 2642 eadetn
940 2615 1026 2643 sancti
1039 2616 1089 2642 Dc-

305 2663 395 2690 toetrii
410 2662 444 2690 ad
460 2662 562 2690 dictqu
576 2661 668 2689 Sancti
679 2661 760 2696 hujus
777 2661 1004 2695 templum,extra
1015 2661 1090 2688 Pala-

306 2709 337 2735 tii
350 2713 442 2743 portas
450 2709 532 2735 situm
539 2729 546 2740 ,
557 2708 672 2736 solemni
685 2707 895 2743 supplicantium
903 2707 955 2734 ritu
964 2707 1091 2734 incedere

307 2754 453 2786 soluerint,
484 2755 517 2782 de
535 2755 633 2782 eodem
651 2755 711 2782 loco
725 2761 803 2781 sacro
819 2758 846 2781 et
872 2753 942 2787 apud
958 2753 1090 2780 Codinum

307 2806 334 2826 ct
348 2801 375 2827 in
391 2801 470 2828 dictis
483 2800 654 2828 eretuam'is
679 2809 725 2828 seu
738 2800 828 2834 potius
851 2800 953 2834 scripto
968 2799 999 2826 de
1015 2798 1091 2827 hisce

311 2845 378 2872 libro
395 2847 451 2873 lieri
469 2854 633 2879 sermonem,
648 2848 690 2874 vix
703 2855 756 2873 non
774 2846 953 2873 indubitatum
970 2850 1090 2879 apparet.

351 2891 409 2922 120,
426 2892 505 2924 Quod
521 2901 582 2920 cuin
599 2894 635 2921 ita
645 2893 689 2928 sit,
703 2893 898 2928 templumque,
914 2891 985 2926 quod
997 2891 1092 2918 festiva

1135 2296 1181 2331 qui
1197 2299 1320 2322 sanctum
1337 2295 1504 2323 Demetrium
1531 2303 1637 2324 summa
1656 2298 1834 2324 veneratione
1853 2302 1883 2324 et
1907 2305 1923 2324 ι

1136 2349 1224 2377 puero
1252 2341 1348 2371 coluit,
1363 2341 1400 2368 ob
1430 2341 1575 2374 praestitum
1610 2341 1660 2368 sibi
1682 2341 1806 2375 inprimis
1823 2350 1840 2368 a
1858 2342 1924 2369 divo

1136 2386 1189 2412 ἱειο
1215 2393 1296 2420 opem
1325 2385 1352 2411 in
1385 2385 1559 2418 expeditione
1594 2385 1845 2418 Tbessalonieensi,
1883 2386 1923 2414 uti

1137 2435 1229 2459 narrat
1244 2431 1460 2462 Cantacutenus,
1477 2431 1524 2459 lib.
1537 2439 1556 2462 t,
1572 2439 1632 2466 cap.
1647 2432 1692 2459 53.

1174 2478 1234 2504 121.
1263 2476 1291 2504 Id
1307 2484 1382 2509 sane,
1409 2477 1482 2511 quod
1504 2477 1624 2511 Cangius
1649 2477 1694 2505 hic
1708 2477 1835 2510 ailirmat,
1864 2478 1925 2505 loco

1138 2525 1184 2550 cit.
1201 2522 1408 2550 Cantacuzenus
1438 2527 1540 2553 narrat.
1568 2523 1622 2550 imo
1635 2531 1712 2555 vero,
1733 2523 1924 2551 Andronicum

1139 2570 1174 2597 ab
1187 2569 1337 2596 inveterato
1353 2569 1560 2603 periculosaque
1572 2569 1696 2602 vulnere,
1715 2571 1788 2604 quod
1809 2570 1838 2596 in
1855 2570 1928 2604 pede

1140 2618 1294 2649 acceperat,
1320 2614 1484 2649 prodigiose,
1520 2621 1582 2641 cum
1613 2614 1690 2641 hunc
1719 2619 1874 2649 unguento,
1909 2624 1926 2642 e

1141 2660 1228 2687 sancti
1247 2659 1374 2686 Demetrii
1406 2659 1510 2686 tutnulo
1523 2659 1703 2693 scaturiente,
1717 2659 1804 2686 littere
1828 2661 1927 2687 decre-

1141 2707 1235 2738 visset,
1255 2706 1359 2740 absque
1384 2713 1458 2732 mora
1472 2705 1556 2733 fuisse
1567 2711 1706 2738 sanatum,
1721 2705 1823 2732 ibidem
1842 2706 1929 2734 etiam

1143 2752 1278 2787 adiunxit,
1292 2752 1328 2779 ita
1343 2752 1376 2779 dc
1392 2751 1560 2782 Andronico,
1588 2759 1649 2778 cum
1663 2752 1718 2787 jam
1747 2751 1930 2779 Thessaloni-

1143 2805 1202 2825 cam
1218 2802 1388 2832 occupasset,
1409 2798 1546 2825 memoria:
1561 2797 1678 2832 prodens
1694 2805 1701 2824 :
1721 2807 1729 2823 t
1749 2797 1929 2829 Constitutis,

1144 2851 1203 2878 qum
1217 2843 1249 2869 ad
1269 2843 1339 2870 arcis
1362 2843 1636 2879 (Thessalonicensis)
1656 2843 1807 2871 custodiam
1839 2845 1932 2878 porti-

1145 2888 1256 2920 ncbant,
1275 2888 1422 2923 imperator
1442 2889 1475 2917 ad
1495 2893 1618 2917 sanetum
1649 2889 1778 2916 Ibunt-tri
1799 2893 1932 2922 martyris
