2049 3151
175 154 223 185 εει

659 153 688 183 S.
711 151 901 182 DEMETltll
924 149 1122 180 MARTYRIS
1150 149 1257 180 ACTA.

1710 148 1778 182 1154

154 218 180 238 et
208 211 366 246 myroblytre
403 209 590 238 conditorium
621 209 768 245 processit,
796 209 875 235 simul
909 211 938 234 ut
955 209 974 237 Α
993 206 1033 233 vel
1048 214 1061 232 a
1075 206 1256 234 Constantino
1271 205 1505 241 Porphyrogenito
1520 213 1592 233 anno
1608 207 1660 235 959
1679 215 1693 235 e
1709 209 1777 237 vivis

153 257 280 292 precibus
297 264 358 283 cum
382 261 559 284 veneraretur
587 255 700 291 (quippe
717 263 797 290 quem
817 263 831 282 a
853 261 938 289 ριιιϊο

154 309 209 334 pra:
238 301 300 328 aliis
330 302 495 337 martyribus
525 302 689 333 honorabat,
716 306 741 328 et
769 300 830 336 plus
858 301 884 326 in
905 307 938 326 eo

153 347 211 382 spei
245 348 407 381 reponebat,
441 355 521 382 quam
552 348 579 375 in
607 347 727 379 caeteris,
760 347 938 381 impenseque

154 394 229 420 illum
251 393 393 428 diligebat)
421 393 502 421 simul
519 400 547 420 ut
568 393 655 420 cidem
675 392 777 429 gratias
796 392 830 419 de
849 391 938 418 oblata

154 439 282 466 felicitate
313 440 351 473 (in
381 440 541 475 occupanda
566 439 696 467 nimirum
730 437 937 472 Thessalonica)

153 485 327 518 rependeret.
347 485 462 513 Peracto
492 491 619 520 utroque,
640 485 768 521 quoniam
787 485 868 512 etiam
888 492 937 518 pe-

152 531 213 558 dem
233 531 261 558 in
282 531 412 558 conflictu
428 540 490 558 cum
520 531 610 559 Persis
627 533 788 558 vulneratus
805 534 936 565 quatuor-

152 577 240 604 decim
255 577 395 605 mensibus
414 577 504 605 curari
520 585 573 604 non
586 582 703 612 poterat,
719 576 803 603 multa
822 575 936 603 medicis

152 623 255 650 auxilia
281 622 384 650 frustra
406 623 633 657 expcrientibus;
655 622 714 654 sed,
742 629 775 647 eo
804 621 937 656 paulatim

153 669 324 699 tabescenle,
336 669 476 696 doloribus
497 668 675 696 intolerandis
690 667 872 699 cruciabatur,
891 674 938 694 so.

151 715 319 747 lutocalceo,
330 715 422 742 Sancti
433 721 572 750 unguento
581 715 655 742 illum
666 715 777 750 parabat
787 714 936 750 pertinere,

151 761 188 787 ita
210 769 303 788 secum
325 761 448 794 volvens,
476 769 536 795 quae
556 769 601 787 ars
618 761 738 788 humana
763 765 791 788 et
816 760 936 788 stttdiutn

150 807 310 840 nequirent,
327 814 357 833 ea
369 807 452 834 Deum
469 807 570 834 sanctis
589 806 753 841 martyribus
772 813 854 842 posse
873 814 937 834 con-

149 853 262 879 cedere.
281 852 384 880 Ablatis
408 853 500 880 fasciis
523 853 678 888 nudatoqne
698 852 779 887 pede,
799 852 935 882 linamen-

150 904 210 925 tum
230 899 295 925 illud
312 904 448 934 carptum.
461 899 534 933 quod
546 899 705 925 vulneribus
720 898 825 925 inditur
836 900 864 931 (ο
879 906 936 925 ma-

149 953 234 980 gnam
259 945 306 972 Dei
326 946 359 972 ad
380 950 513 980 martyres
533 952 598 972 suos
614 945 789 972 honorandos
799 953 893 972 curam
908 949 937 982 et

151 991 379 1025 providentiam!)
396 996 473 1017 extra
491 990 589 1018 vulnus
604 990 749 1024 apparuit;
766 998 815 1026 pes
843 995 934 1018 autent

151 1035 221 1062 adeo
241 1043 333 1067 sanus,
349 1040 378 1061 nt
397 1042 450 1062 nec
469 1035 602 1067 vulneris,
622 1043 672 1062 nec
690 1035 824 1062 cicatricis
851 1035 934 1062 ullum

151 1085 268 1108 restaret
305 1081 460 1117 vestigium,
503 1086 530 1108 et
559 1081 754 1109 vnlneralnsne
789 1081 936 1115 aliquando

151 1126 261 1157 fuisset,
290 1127 471 1162 ignoraretur.
504 1125 561 1154 lloc
589 1127 648 1154 viso
678 1127 821 1159 miraculo,
851 1127 937 1162 magis

151 1179 233 1207 quam
254 1173 286 1199 de
306 1172 439 1206 acquisita
460 1171 656 1199 Thessalonica
672 1172 819 1199 exsultavit
851 1172 937 1207 impe-

151 1223 239 1249 rator,
263 1218 503 1252 ferventiorcsque
523 1222 551 1245 et
580 1218 699 1252 majores
719 1218 754 1246 ob
782 1219 832 1245 hoc
853 1219 937 1246 henc-

152 1265 244 1291 ficium
268 1265 367 1300 gratias
384 1264 461 1299 egit;
492 1272 523 1291 ac
540 1269 594 1291 tota
614 1264 723 1297 civitas,
749 1264 889 1292 intellecto
908 1265 936 1291 in

151 1318 216 1337 eum
237 1310 310 1337 ellito
337 1314 391 1336 tam
412 1310 564 1337 admirabili
586 1317 680 1345 opere,
693 1309 810 1337 'multas
840 1310 893 1337 Deo
909 1316 937 1338 et

151 1356 302 1389 Demetrio,
318 1363 332 1383 a
360 1363 413 1391 quo
443 1360 555 1384 curatus
573 1356 674 1389 fuerat,
694 1355 788 1384 laudes
808 1355 938 1384 decanta-

152 1401 202 1428 Vil.
218 1411 226 1426 ι

190 1446 252 1473 122.
270 1445 406 1474 Hactenus
421 1447 639 1474 Cantacuzentts.
653 1446 790 1480 Attamen.
805 1447 867 1475 licet
883 1455 937 1475 non

153 1496 270 1525 tantum,
286 1492 356 1527 quod
367 1492 486 1527 Cangius
497 1498 640 1526 memorat,
656 1493 830 1526 beneficium,
843 1502 938 1521 verum

990 253 1108 283 sublato,
1125 253 1178 283 vel.
1194 257 1223 278 ut
1239 252 1421 279 verosimilius
1435 258 1558 286 apparet.
1571 261 1585 279 a
1597 252 1778 280 Constantino

989 300 1088 331 altero,
1102 299 1325 335 Porphyrogeuiti
1342 305 1452 334 nepote,
1467 301 1514 333 qui
1528 301 1631 330 delatas
1642 303 1693 330 sibi
1705 311 1778 331 anno

991 346 1060 373 1025
1080 346 1189 381 imperii
1208 345 1353 374 Orientalis
1376 346 1497 374 habenas
1512 355 1585 375 anno
1601 349 1669 376 1028
1689 355 1777 377 morte

989 391 1110 423 demisit,
1131 391 1229 419 litteris
1244 393 1466 420 commendatum
1487 393 1589 425 fuisse,
1615 401 1776 430 argumenta

989 437 1017 464 in
1033 437 1203 469 Pracfatione,
1219 446 1301 472 quam
1316 438 1367 466 sibi
1381 439 1446 466 illud
1463 440 1600 474 praelium
1617 441 1711 474 habet,
1727 443 1776 470 ad-

989 483 1069 511 ducta
1089 484 1239 512 luculenter
1259 485 1402 517 evincunt;
1427 490 1593 520 quapropter
1617 494 1671 514 non
1689 489 1778 516 serius

989 536 1072 564 certe,
1091 539 1172 565 quam
1189 531 1230 558 vel
1244 531 1344 559 sarculo
1356 531 1463 558 decimo
1479 532 1519 558 vel
1531 533 1670 567 sequentis
1685 533 1777 567 initio,

988 575 1227 612 Constantinopoli
1256 585 1379 611 morem,
1406 583 1435 604 ut
1463 582 1587 605 sanctum
1613 579 1777 607 Demetrium
1801 579 1806 586 '

990 621 1180 656 imperatores,
1199 630 1259 650 sese
1274 624 1308 650 ad
1331 632 1439 652 sacrum
1455 625 1519 652 huic
1536 625 1563 652 in
1579 626 1777 660 Acropolitano

989 668 1066 694 urbis
1076 669 1177 703 angulo
1195 670 1325 704 templum
1341 671 1515 699 caircmoniis
1539 680 1588 706 per
1602 672 1684 700 verba
1700 680 1776 699 num.

990 712 1042 739 ΗΞ
1054 717 1082 739 et
1096 713 1175 740 binis,
1185 721 1261 749 seqq.
1280 722 1313 742 ex
1338 723 1419 750 opere
1434 716 1482 744 illo
1506 718 1617 744 recitata
1639 711 1778 752 expressis

988 757 1023 784 26
1037 756 1163 786 Octobris
1178 759 1222 786 die
1246 761 1430 792 conferentes,
1442 763 1590 796 quotannis
1608 770 1775 790 veneraren-

989 808 1042 836 tur,
1059 805 1185 833 obtinere
1201 806 1345 841 incepisse,
1361 807 1548 835 indubitatum
1564 813 1617 836 cst.

1024 850 1085 878 125.
1100 852 1201 878 Adhaec
1215 860 1274 880 mos
1293 853 1349 885 ille,
1361 861 1423 881 cum
1439 854 1494 888 jam
1509 854 1572 882 inde
1584 863 1598 882 a
1613 855 1704 882 medio
1722 855 1776 882 eir-

988 896 1056 923 citer
1078 898 1177 924 sarculo
1202 905 1287 930 nono,
1313 899 1554 932 quemadmodum,
1572 908 1633 934 qua;
1650 908 1732 936 supra
1749 901 1777 928 in

987 942 1107 969 medium
1137 943 1248 975 adduxi,
1280 943 1401 971 dilucide
1431 945 1602 977 ostendunt,
1631 946 1772 980 praefatum

987 988 1079 1016 Sancti
1098 990 1227 1024 templum
1241 990 1322 1017 fuerit
1335 995 1518 1022 exstructum,
1532 991 1587 1024 jam
1609 991 1674 1018 inde
1691 991 1774 1018 etiam

987 1033 1021 1060 ab
1043 1034 1137 1060 eodem
1156 1035 1257 1062 sarculo
1280 1041 1354 1062 nono
1372 1035 1495 1063 fortassis
1517 1035 1677 1063 obtinuerit.
1702 1035 1776 1063 Sane

989 1077 1155 1106 Demetrium
1171 1080 1221 1107 hoc
1242 1080 1301 1114 ipso
1323 1079 1404 1108 etiam
1421 1081 1603 1116 sequentique
1615 1081 1715 1109 seculo
1732 1087 1776 1108 at-

988 1133 1041 1160 que
1057 1130 1140 1152 etlam
1159 1126 1240 1153 citius
1258 1133 1353 1161 magna
1370 1127 1558 1160 veneratione,
1585 1127 1715 1162 cultuque
1731 1127 1776 1154 in-

988 1178 1070 1206 super
1088 1172 1188 1198 sanctis
1199 1171 1300 1199 deferri
1318 1172 1397 1200 solito
1407 1173 1645 1208 Constantinopoli
1657 1174 1692 1200 ab
1706 1174 1775 1208 ipxis

988 1216 1070 1245 etiam
1097 1216 1216 1244 Orientis
1240 1218 1451 1252 imperatoribus
1478 1219 1642 1247 honoratum
1669 1219 1775 1249 fuisse,

988 1262 1033 1289 vix
1049 1269 1105 1290 non
1128 1263 1211 1290 etiam
1230 1264 1411 1291 indubitatum
1429 1269 1552 1300 apparet.
1578 1264 1676 1291 Verum
1693 1265 1726 1290 de
1744 1271 1773 1291 re

989 1307 1040 1334 hac
1056 1309 1187 1341 tractabo,
1199 1315 1343 1344 postquam
1357 1310 1486 1336 nonnulla
1499 1310 1601 1342 adhuc,
1610 1317 1669 1344 qua:
1682 1309 1776 1337 Sancti

988 1353 1060 1388 apud
1077 1355 1253 1388 imperatores
1269 1356 1340 1389 illos,
1357 1357 1458 1384 Saecqu
1472 1356 1577 1383 decimo
1596 1355 1775 1391 posteriores,

989 1400 1195 1427 venerationem
1215 1401 1342 1436 probant,
1359 1403 1385 1429 in
1401 1402 1522 1430 medium
1546 1402 1695 1430 adduxero.
1711 1401 1777 1437 Gly-

989 1454 1035 1474 cas
1054 1448 1080 1473 in
1103 1447 1262 1478 Annalibus,
1281 1456 1354 1475 atina
1376 1447 1444 1474 1572
1459 1448 1569 1475 Basilete
1589 1447 1682 1480 editis,
1703 1453 1776 1483 part.

991 1499 1028 1523 tv,
1044 1491 1077 1518 de
1093 1491 1222 1518 lilii-.baele
1237 1491 1357 1520 Orientis
1368 1492 1543 1526 imperatore.
1558 1491 1640 1526 hujus
1656 1493 1777 1520 nominis

151 1539 232 1564 etiam
249 1537 330 1569 aliud,
345 1538 371 1564 in
387 1539 573 1566 Andronicum
586 1540 728 1567 .luniorctn
743 1547 757 1566 a
773 1545 869 1567 sancto
885 1541 938 1567 De-
953 1546 973 1575 ο
990 1541 1097 1571 quarto.
1113 1544 1174 1563 cum
1187 1537 1238 1564 sub
1249 1538 1311 1564 vitae
1326 1545 1381 1564 suae
1395 1538 1478 1564 finem
1496 1538 1609 1565 adversa
1621 1538 1778 1567 valetudine

151 1584 252 1611 metrio
269 1584 409 1616 collatum,
427 1585 547 1611 recitatis
563 1585 655 1611 verbis
683 1585 782 1616 tradat.
805 1593 876 1612 anne
896 1590 938 1613 ta-

151 1637 226 1661 men,
241 1629 314 1664 quod
332 1629 541 1663 Palmologorum
557 1630 709 1661 dicebatur,
728 1631 936 1662 monasterium,

149 1676 240 1703 eidem
257 1675 361 1702 Sancto
375 1680 469 1702 nostro
483 1675 614 1708 dicatum,
631 1684 707 1702 suam
723 1676 757 1702 ab
774 1676 938 1710 imperatore

151 1720 210 1752 illo,
225 1725 287 1747 utut
301 1727 316 1747 e
333 1720 541 1756 Palaologorum
558 1720 661 1748 familia
677 1720 804 1752 oriundo.
821 1729 938 1748 nomen-

150 1766 298 1793 clationem
319 1765 467 1800 acceperit,
485 1765 550 1792 mihi
567 1766 712 1793 admodum
725 1766 838 1793 dubium
856 1774 940 1801 appa-

149 1816 202 1838 ret.
221 1811 292 1838 Cum
307 1811 379 1838 enim
392 1819 406 1837 a
421 1819 518 1845 puero,
533 1812 570 1838 uti
585 1811 746 1846 transcripta
756 1811 938 1839 Cantacuzeni

151 1859 235 1886 verba
254 1858 331 1885 fidem
345 1858 458 1891 faciunt,
469 1858 564 1892 majori
581 1859 608 1884 in
622 1864 746 1886 sanctum
759 1858 938 1890 Demetrium.

150 1913 234 1940 quam
257 1905 283 1930 in
299 1910 434 1939 martyres
449 1903 528 1935 alios,
545 1904 720 1931 veneratione
743 1904 824 1931 simul
844 1912 875 1932 ac
892 1904 939 1931 di—

151 1949 271 1977 lectione
289 1949 416 1984 princeps
432 1949 477 1975 ille
500 1949 656 1982 exstiterit,‘
669 1948 728 1975 ﬁeri
746 1947 823 1975 facile
839 1953 938 1983 potest,

116 1996 119 1998 ’
150 2001 180 2023 ιιι
196 1995 262 2022 huic
278 1995 322 2021 ille
338 1994 482 2030 peculiaris
499 2001 562 2029 erga
583 1994 714 2021 Sanctum
731 1994 844 2021 affectus
862 2002 876 2020 a
894 2002 940 2028 pa-

150 2041 279 2068 rentibus
303 2041 368 2071 suis.
393 2040 439 2074 qui
464 2045 491 2067 et
516 2041 590 2066 illum
618 2040 742 2067 fortassis
758 2048 772 2066 a
793 2041 940 2075 majoribus

151 2087 320 2116 hausissent,
340 2086 485 2112 instillatus
503 2086 594 2112 fucrit.
608 2085 686 2119 Quod
705 2094 765 2113 cum
778 2086 815 2113 ita
832 2087 938 2118 haheat,

151 2133 209 2158 fleri
228 2131 308 2157 etiam
331 2130 410 2157 facile
437 2135 545 2165 potest,
569 2135 598 2158 ut
614 2131 662 2158 abs
682 2132 766 2163 hisee,
784 2140 852 2166 quos
871 2138 940 2159 :nter

150 2176 293 2206 nonnulli,
313 2176 351 2202 ιιιί
374 2177 443 2210 apud
460 2177 592 2211 Cangium
618 2178 644 2203 in
671 2176 796 2204 Fami/iis
821 2179 939 2213 angustis

990 1583 1151 1618 gravissime
1172 1583 1318 1614 laboraret,
1340 1583 1375 1610 ita
1391 1584 1488 1611 scribit
1503 1593 1509 1610 :
1528 1592 1539 1610 ι
1557 1584 1717 1616 Michaelus,
1730 1585 1775 1611 ubi

989 1636 1004 1655 a
1020 1629 1090 1655 malo
1104 1630 1183 1664 genio
1203 1630 1280 1664 pejus
1293 1629 1381 1656 indies
1397 1630 1590 1664 ﬂagitaretur,
1609 1631 1643 1662 ,in
1666 1631 1776 1664 quasvis

990 1675 1116 1710 regiones
1141 1679 1168 1703 et
1197 1675 1299 1702 insulas
1325 1675 1493 1711 presbyteris
1520 1676 1629 1709 quidem
1659 1676 1775 1710 singulis

990 1729 1117 1748 nummos
1132 1729 1230 1749 aureos
1241 1721 1337 1754 binos,
1355 1721 1498 1749 monachis
1514 1729 1576 1749 vero
1591 1729 1674 1748 unum
1689 1723 1774 1754 misit,

990 1766 1054 1794 licet
1068 1766 1144 1793 irrito
1157 1767 1258 1798 studio,
1273 1767 1344 1802 quod
1359 1768 1459 1795 malum
1472 1773 1642 1802 augesceret,
1656 1775 1687 1795 ac
1699 1775 1773 1794 mor-

989 1812 1041 1840 bus
1054 1820 1130 1847 aqute
1144 1813 1286 1841 intercutis
1300 1812 1451 1841 accederet.
1469 1812 1555 1845 Quam
1571 1813 1605 1840 ob
1617 1820 1674 1840 rem
1687 1813 1776 1840 Thcs-
1803 1808 1808 1812 ’

991 1859 1145 1887 salonicam
1165 1859 1302 1894 profectus
1321 1859 1471 1894 imperator
1485 1859 1584 1886 ibidem
1601 1859 1727 1895 degebat.
1748 1864 1776 1888 et

990 1905 1024 1932 ad
1040 1904 1141 1940 egregii
1156 1906 1282 1939 martyris
1297 1905 1462 1940 victorisque
1478 1908 1659 1932 certaminum
1676 1905 1774 1933 Deme-

992 1950 1038 1978 trii
1053 1958 1208 1985 septhrum
1224 1951 1336 1978 assiduo
1354 1951 1529 1983 versabatur,
1551 1957 1581 1978 ut
1602 1959 1635 1978 eo
1657 1951 1728 1978 malo
1744 1951 1776 1978 li-

991 1995 1141 2024 heraretur.
1163 2006 1172 2022 ι
1189 1997 1262 2025 Idem
1278 1997 1361 2025 etiam
1375 1997 1408 2025 de
1426 1997 1521 2024 eodem
1543 1998 1776 2032 impcratorc.Zo-

991 2052 1072 2072 naras
1086 2047 1114 2070 et
1129 2042 1270 2070 Cetlrenus
1290 2043 1427 2070 memorite
1448 2044 1584 2078 produnt.
1603 2044 1647 2071 hic
1663 2045 1774 2079 quidem

992 2091 1018 2118 in
1040 2089 1215 2116 Historiarum
1241 2089 1410 2123 compendio,
1431 2097 1491 2124 pag.
1514 2089 1577 2120 πμ,
1601 2090 1644 2117 ille
1667 2099 1731 2119 vero
1747 2092 1775 2119 in

992 2135 1147 2167 Annaltbus,
1166 2140 1230 2162 tom.
1250 2135 1270 2161 ll
1282 2154 1289 2166 ,
1305 2142 1366 2169 pag.
1379 2134 1450 2167 259;
1464 2142 1524 2161 cttm
1547 2139 1635 2162 autem
1654 2135 1677 2162 is
1690 2135 1776 2170 impe-

992 2188 1076 2214 rator,
1092 2189 1172 2216 quem
1196 2181 1289 2211 ctiam.
1305 2188 1352 2207 seu
1368 2181 1457 2214 potius
1472 2188 1505 2208 eo
1521 2181 1628 2216 imperii
1657 2183 1776 2209 habenas

150 2222 321 2257 Byzattliuis,
338 2230 397 2257 pag.
420 2222 473 2249 230
489 2228 516 2249 et
540 2230 615 2257 seqq.
631 2223 724 2250 videre
743 2223 814 2255 licet,
841 2225 939 2258 opilms
956 2227 978 2255 ι)
992 2228 1081 2255 adhuc
1098 2231 1207 2255 tenente
1218 2246 1225 2258 ,
1242 2225 1498 2253 Thessalonicenses
1515 2225 1646 2261 insignem
1663 2226 1696 2254 de
1714 2226 1776 2254 Bul-

147 2275 234 2302 atque
250 2268 415 2295 auctoritate
440 2267 602 2302 przestitet‘e,
620 2269 737 2296 dicatum
749 2290 757 2300 .
776 2270 809 2297 de
825 2279 877 2305 quo
893 2271 937 2298 hic

149 2313 327 2345 disserimus,
343 2313 443 2340 Sancto
467 2319 559 2340 nostro
575 2315 784 2347 monasterium,
808 2316 938 2344 [’alzeolo—

149 2368 248 2396 gomm
266 2359 367 2387 idcirco
383 2360 563 2392 nominatum,
578 2361 623 2387 diu
644 2361 725 2387 etiam
748 2367 810 2388 ante
831 2363 937 2389 Andro-

149 2407 205 2433 nici
219 2404 341 2432 Juuioris
353 2411 460 2432 (etatem
472 2413 519 2432 seu
533 2406 661 2433 swculum
678 2415 722 2433 xtv
735 2406 817 2434 fuerit
831 2414 938 2435 exstru-

149 2456 238 2482 ctum.
257 2452 320 2477 licet
343 2451 450 2478 interim
467 2451 516 2478 abs
541 2452 593 2479 hoc
615 2452 683 2479 illud
700 2452 783 2480 fuisse
798 2454 937 2481 instaura-

151 2503 222 2527 tum.
260 2497 333 2523 nullo
350 2501 431 2531 queat
465 2497 643 2525 fundamento
673 2498 859 2526 indubitanter
886 2508 935 2527 seu

151 2543 258 2579 negari.
284 2551 333 2569 seu
358 2543 438 2569 etiam
454 2543 592 2570 aiiirmari.
609 2544 676 2572 Utut
689 2545 741 2577 sit,
759 2546 934 2574 manifestum

150 2590 281 2624 equidem
301 2594 333 2616 ex
348 2589 474 2616 omnibus
486 2590 540 2624 jam
556 2589 635 2617 dictis
658 2595 711 2622 est,
739 2591 868 2619 Sanctum
889 2601 938 2619 no-

151 2642 241 2664 strum
262 2635 376 2662 maxima
393 2635 419 2661 in
436 2634 609 2662 veneratione
625 2636 695 2670 apud
708 2636 828 2664 Orientis
850 2639 936 2671 impo-

151 2686 260 2707 ratores
277 2679 425 2711 exstitisse,
441 2680 569 2714 cultuque.
588 2680 668 2706 etiam
686 2680 764 2714 plane
783 2681 882 2716 insigni
902 2683 937 2710 ab

151 2726 251 2753 iisdetn
272 2724 355 2751 fuisse
375 2724 512 2752 affectum.
529 2724 628 2752 Verum
645 2734 659 2752 a
673 2733 726 2759 quo
743 2726 853 2760 quidem
867 2733 937 2755 tem-

150 2779 219 2807 pore
235 2771 344 2797 circiter
358 2771 393 2797 ita
413 2770 545 2798 honorare
560 2771 727 2799 Demetrium
746 2772 885 2808 prim-ipes
897 2774 936 2801 illi

153 2817 283 2852 cmpere?
299 2817 376 2850 Quod
392 2825 472 2851 supra
490 2816 504 2852 §
521 2818 600 2851 hujus
622 2818 700 2845 initio
718 2819 871 2854 deindcquc
887 2822 936 2848 ad-

154 2865 209 2891 huc
223 2863 341 2898 laudavi,
353 2863 386 2892 de
404 2863 439 2891 De
451 2864 519 2890 aulo:
533 2862 686 2898 Byzantium
698 2866 857 2906 fa'remauiis
871 2874 937 2901 opus

994 2273 1066 2309 garis
1080 2273 1166 2299 sancti
1193 2271 1320 2299 Demetrii
1343 2279 1395 2306 ope
1415 2279 1463 2298 seu
1483 2272 1633 2306 patrocinio
1650 2272 1776 2299 retulisse

994 2319 1147 2350 victoriam,
1167 2318 1307 2346 Ccdrenus
1336 2318 1364 2344 in
1390 2325 1472 2352 opere
1492 2318 1540 2346 cit.
1568 2325 1628 2352 pag.
1656 2319 1705 2345 748
1729 2326 1776 2352 ρντ

993 2366 1073 2391 verba
1090 2365 1115 2390 in
1133 2364 1276 2394 Analrrtis,
1287 2371 1346 2397 quu-
1359 2363 1444 2390 tribus
1460 2363 1572 2390 edendis
1586 2363 1776 2390 Initaculornm

992 2411 1070 2438 libris
1083 2409 1255 2445 Sltltjuttgam,
1266 2409 1404 2436 recitando
1421 2412 1523 2440 narrat,
1535 2408 1628 2435 szcculi
1640 2408 1775 2435 undecimi

993 2464 1066 2483 anno
1079 2455 1286 2490 quadragesimo
1305 2454 1391 2488 primo
1410 2454 1492 2480 vitam
1515 2461 1578 2481 cum
1599 2459 1686 2481 morte
1701 2461 1776 2481 como

995 2501 1115 2532 mutarit,
1131 2500 1203 2527 illius
1218 2507 1294 2530 sane,
1313 2499 1345 2526 ad
1367 2498 1454 2527 sancti
1472 2498 1600 2526 Demetrii
1614 2507 1706 2533 opem,
1723 2506 1776 2532 quo

994 2546 1090 2574 tnorbo
1103 2546 1263 2581 gravissimo
1278 2545 1450 2575 liberaretur.
1463 2544 1594 2571 continuo
1607 2545 1776 2572 recurrentis

995 2592 1094 2618 factum
1121 2594 1282 2625 argumento
1305 2589 1504 2616 est:Sanctum
1530 2594 1652 2616 nostrum
1677 2590 1777 2616 sarculo

993 2638 1039 2664 illo
1063 2645 1159 2671 magna
1175 2636 1201 2662 in
1218 2635 1393 2662 venvratione
1408 2635 1479 2670 apud
1497 2635 1569 2670 ipsos
1584 2635 1666 2662 etiam
1689 2635 1776 2670 impc-

994 2689 1099 2711 ratorcs
1114 2687 1162 2709 aut
1176 2687 1251 2708 ενι-ιο
1273 2681 1344 2715 apud
1368 2680 1490 2708 Michael.
1502 2689 1541 2713 ω,
1556 2681 1674 2708 nominis
1695 2680 1775 2716 hujus

993 2733 1132 2763 quartum,
1154 2727 1249 2754 fuisse.

1029 2774 1090 2800 t‘lt.
1113 2772 1168 2800 Nec
1191 2772 1339 2807 quidquam
1362 2772 1395 2799 de
1417 2772 1465 2799 illa
1491 2772 1576 2800 tribus
1600 2772 1775 2807 sequentibus

993 2820 1100 2847 sa-culis
1127 2819 1211 2846 fui~se
1238 2818 1393 2850 remissum,
1410 2818 1564 2846 vcrosimile
1589 2823 1710 2852 apparet.
1736 2819 1775 2845 Ac

994 2866 1082 2901 primo
1099 2865 1207 2900 quidem
1221 2871 1300 2897 quant
1322 2864 1348 2892 id
1362 2869 1492 2899 quantum
1515 2863 1550 2892 ad
1565 2864 1693 2892 saeuiunt
1708 2864 1775 2902 duo-
