2049 3151
278 147 345 180 H55

275 206 411 232 decimum
435 212 527 232 verum
551 204 596 238 sit,
615 204 658 232 vel
683 203 740 232 sola
763 211 840 231 num.
857 202 889 231 Ἠ
910 207 1071 234 memorata,

275 258 328 285 qua
345 250 501 277 Emmanuel
515 250 684 282 Comnentts,
697 250 731 277 ab
744 257 817 277 anno
831 249 899 276 “80
909 249 1066 282 imperator,

275 303 326 330 per
340 295 470 323 Demetrii
486 295 547 322 festi
567 301 671 330 partetn
688 303 703 322 a
715 295 779 330 jure
794 294 911 322 dicendo
928 292 1068 321 abstinen-

276 341 340 368 dum
357 342 383 367 in
406 341 500 368 Sancti
523 342 606 374 hujus
624 341 831 369 venerationem
859 339 965 370 statuit,
993 345 1068 365 anno

278 385 347 414 H66
363 380 474 414 Novella
487 391 648 421 argumento
661 390 714 413 est.
728 385 806 419 Quod
825 389 916 412 autem
935 384 967 411 ad
983 391 1069 410 sa‘cu-

277 432 332 458 lum
344 437 470 466 quartum
485 432 620 459 decimum
636 431 715 467 (nihil
732 432 815 463 enim,
830 431 902 466 quod
914 431 947 457 de
963 429 1069 457 dt-cimo

279 477 360 503 tertio
375 477 537 505 nominatim
552 477 652 510 dicam,
666 478 797 511 occurrit)
812 478 866 511 jam
879 481 995 508 spectat,
1012 475 1066 502 De-

278 522 408 549 metrium
427 527 492 550 tunc
507 522 590 553 etiam
608 523 642 550 ab
660 523 727 557 ipsis
748 521 872 549 Orientis
892 519 1069 556 imperatori-

280 568 332 597 bus
349 568 511 596 honoratum
528 569 623 599 fuisse.
636 569 724 604 palam
737 573 778 596 est
795 573 851 594 tum
866 575 897 594 ex
913 568 946 594 iis
963 574 1022 602 qua!
1035 566 1068 593 de

280 614 437 641 Andronico
455 614 579 646 Juniore,
601 621 672 641 anno
690 613 754 640 l3“
779 613 834 639 vita
861 612 967 643 functo,
985 615 1068 638 antea

281 659 364 686 relata
382 663 463 691 sunt,
489 663 544 686 tum
560 667 574 686 e
600 666 681 693 supra
699 658 751 684 huc
773 656 945 690 transcriptis
960 652 1068 688 Georgii

278 705 373 733 Codini
391 704 603 739 verbis,quibus
619 703 662 730 hic
678 703 770 731 saeculi
784 702 874 737 quarti
889 700 987 728 decimi
1002 699 1069 727 scri-

280 756 342 786 ptor
357 751 447 782 docet.
467 751 648 785 imperatores
664 754 744 777 aetate
762 757 810 776 sua
827 755 858 775 ac
873 748 951 782 proin
968 746 1068 773 saeculo

280 801 380 831 quarto
402 797 508 824 decimo
532 796 565 822 ad
589 796 678 822 sancti
696 795 825 822 Demetrii
851 793 1067 825 monasterium,

279 851 328 869 seu
344 842 428 869 aedem
445 847 540 869 sancto
555 841 618 869 huic
633 849 748 872 sacram,
767 840 811 868 cui
828 840 1033 869 monasterium.
1053 846 1066 866 a

267 888 440 923 'Palxologis
456 889 572 919 dictum,
593 891 666 914 esset
682 887 842 922 adiunctum
855 906 861 918 ,
877 885 991 912 solemni
1007 892 1070 918 sup-

282 934 443 970 plicantium
466 934 519 960 ritu
536 940 596 962 sese
618 941 671 960 una
695 940 755 959 cum
772 933 834 959 aula
851 939 898 958 sua
923 930 1070 966 quotannis

271 981 314 1006 ~26
329 980 456 1007 Octobris
480 980 534 1011 die,
553 979 647 1006 Sancti
666 978 754 1006 nostri
778 977 863 1004 cultui
889 977 1009 1007 addicta.
1024 984 1069 1004 so-

278 1025 365 1052 luisse
392 1024 529 1051 conferre.
553 1024 592 1050 Ad
618 1031 649 1051 ea
676 1024 767 1054 modo,
784 1031 843 1057 quae
869 1022 969 1049 Sancto
987 1023 1070 1048 etiam

279 1076 344 1098 ante
367 1071 495 1098 saeculum
521 1070 697 1097 undecimum
721 1069 940 1098 venerationem.
967 1069 1071 1096 sanctis

279 1117 383 1145 deferri
418 1117 538 1148 solitam.
562 1116 646 1143 fuisse
666 1115 814 1143 exhibitatn
838 1120 1070 1149 connuonstrant,

279 1166 333 1199 jam
349 1163 518 1199 progredior.
530 1162 672 1190 Pelerinus
683 1162 709 1188 in
725 1161 898 1189 diversorum
914 1161 1065 1188 nomisma-

281 1216 339 1237 tum
367 1207 558 1238 Miscellaneis.
585 1214 658 1234 anno
688 1207 758 1234 1765
781 1205 893 1234 Parisiis
921 1206 948 1233 in
980 1206 1067 1235 lucem

281 1257 373 1287 editis,
394 1254 442 1282 lib.
462 1262 481 1286 l,
498 1254 532 1281 ad
551 1261 614 1289 pag.
635 1253 689 1280 222
713 1253 822 1280 exhibet
841 1252 976 1284 tabulam,
999 1252 1071 1279 inter

282 1302 372 1328 varias
391 1300 469 1332 alias,
486 1299 586 1334 quibus
600 1299 672 1326 varia
685 1298 877 1332 exprimuntur
891 1298 1070 1330 numismata,

282 1346 380 1373 ordine
397 1345 598 1376 duodecimam.
617 1344 696 1378 cujus
721 1344 857 1370 nomisma
868 1365 875 1376 ,
898 1349 960 1370 nota
976 1351 1071 1371 mune-

283 1393 332 1419 rali
350 1392 382 1419 l3
397 1392 564 1422 distinctum.
577 1391 606 1417 in
620 1389 709 1417 antica
723 1389 833 1424 quidem
849 1394 925 1424 parte
937 1389 1071 1416 Constan-

284 1438 373 1465 tinum
390 1437 593 1471 imperatorem,
616 1436 643 1462 in
662 1435 763 1470 postica
784 1443 848 1462 vero
871 1440 996 1462 sanctum
1020 1435 1070 1462 De-

283 1484 419 1516 metrium,
435 1483 546 1510 nomine
563 1483 599 1516 ei,
615 1490 670 1510 non
687 1484 855 1517 Δημήτριος,
872 1483 920 1509 sed
942 1490 957 1509 e
980 1491 1068 1515 more,

282 1538 337 1565 quo
353 1529 403 1557 Em
419 1534 448 1557 ιιι
470 1529 528 1557 lota
543 1529 711 1564 pronuntiari
734 1529 848 1560 solebat,
867 1529 939 1564 apud
956 1528 1066 1557 Grzecos
1083 1541 1102 1570 ρ

284 1581 349 1604 tunc
367 1575 534 1608 introducto,
560 1577 670 1610 Διμιτρι
697 1575 826 1610 ascripto,
839 1576 981 1610 hastaque,
998 1577 1069 1611 quod

283 1622 369 1649 hastis
389 1622 532 1650 confossus
549 1625 632 1655 martg
641 1622 712 1648 rium
735 1621 953 1654 consummarit,
977 1621 1069 1648 manui

283 1671 383 1696 dextrae
397 1669 508 1701 inserta,
527 1668 654 1700 exhibet;
671 1667 746 1694 addit
761 1673 850 1693 autem
870 1675 941 1698 esse,
955 1674 1004 1694 cur
1020 1675 1070 1701 pu-

283 1719 382 1745 temus.
400 1715 603 1749 imperatorem,
621 1714 667 1747 qui
687 1714 822 1740 numisma
836 1713 901 1739 illud
916 1713 1070 1740 cudendum

244 1786 254 1797 ,
283 1760 400 1792 curavit,
418 1760 499 1786 alium
516 1767 571 1785 non
592 1766 661 1789 esse,
685 1766 765 1793 quam
785 1758 999 1785 Constantinum
1020 1758 1070 1789 γι.

284 1806 330 1840 qui
348 1813 401 1832 una
424 1813 485 1832 cum
502 1809 589 1832 tnatre
608 1812 655 1831 sua
678 1805 752 1831 lrene
772 1804 920 1838 imaginum
947 1805 1070 1837 cultum,

285 1859 299 1878 a
316 1851 496 1878 Constantino
515 1849 687 1885 Copronymo
702 1854 729 1876 et
745 1849 836 1878 Leone
851 1849 957 1881 Isauro,
974 1850 1071 1878 deces-

284 1897 393 1925 soribus
411 1897 481 1927 suis,
497 1897 666 1932 abrogatum,
684 1896 812 1923 restituit.

320 1943 380 1970 £25.
402 1943 440 1969 ita
459 1948 591 1977 quantum
606 1942 638 1969 ad
658 1943 838 1969 substantiam
855 1942 947 1969 verbis
961 1941 1072 1970 Gallicis

284 1989 404 2023 scriptor
424 1988 484 2021 ille;
508 1988 572 2015 licet
593 1993 695 2018 autem,
713 1996 773 2023 quae
791 1989 865 2015 nisce
891 1988 1072 2023 exprimitur,

285 2034 380 2069 opinio
395 2038 480 2066 certa,
496 2034 725 2071 quemadmodum
743 2034 857 2068 ipsemet
881 2041 942 2061 mox
961 2034 1072 2065 fatetur,

285 2081 446 2114 neutiquam
464 2081 508 2110 sit.
523 2085 563 2106 sat
577 2084 667 2106 tamen
684 2079 845 2106 verosimilis
861 2084 982 2113 apparet,
996 2079 1074 2106 hinc-

285 2135 339 2161 que
356 2126 436 2153 etiam
463 2126 527 2152 inde
544 2133 559 2152 a
584 2126 684 2152 szuculo
710 2129 816 2156 octavo,
841 2132 894 2159 quo
915 2125 969 2157 jam
995 2132 1074 2151 sene-

286 2175 393 2202 scente,
414 2170 610 2198 Constantinus
631 2169 661 2196 Vl
683 2169 797 2204 ejusque
822 2174 909 2196 mater
931 2169 1006 2196 lrene
1023 2168 1073 2196 flo-

289 2222 413 2249 ruerunt,
432 2217 501 2250 apud
517 2216 694 2250 imperatores
703 2216 1032 2250 Constantinopolitanos,
1052 2216 1074 2242 si

289 2269 377 2295 tamen
395 2263 590 2290 lconomachos
616 2262 768 2296 exc-operis.
784 2266 889 2288 summa
912 2261 939 2287 in
962 2267 1075 2288 venera—

287 2309 362 2338 tione
382 2308 467 2335 fuisse
481 2328 488 2340 ,
514 2307 668 2334 rerosimile
688 2311 825 2341 utcunque
848 2306 893 2333 sit.
912 2306 999 2341 Atque
1017 2307 1075 2335 bare

287 2359 360 2384 sunt.
377 2362 437 2388 qua:
454 2354 487 2381 de
502 2353 691 2384 veneratione,
709 2360 790 2387 quam
806 2351 922 2379 Sanetus
939 2352 1010 2387 apud
1024 2352 1075 2379 im-

287 2403 430 2434 peratores
446 2398 769 2431 Constantinopolitanos
792 2397 890 2424 smeulo
911 2402 1006 2425 octavo
1027 2398 1075 2425 ha-

289 2445 360 2476 hnit,
376 2443 615 2471 commemoranda
632 2442 723 2469 inverti
737 2451 745 2475 ;
761 2442 832 2476 quod
856 2446 946 2469 autent
965 2442 998 2469 ad
1023 2449 1075 2469 sae-

289 2491 380 2518 culum
395 2489 517 2524 proxime
529 2493 652 2515 secutum
670 2495 717 2514 seu
743 2495 846 2514 nonum
868 2487 924 2522 jam
948 2491 1074 2522 spectat,

289 2543 340 2563 nec
357 2541 420 2562 tunc
433 2542 498 2561 sane
508 2533 675 2560 Demetrium
687 2532 934 2566 Constantinopoli,
946 2537 992 2559 aut
1004 2533 1075 2567 apud

289 2579 364 2612 ipsis
389 2578 510 2606 Orientis
528 2578 709 2612 imperatores
725 2578 822 2612 exigua
848 2577 875 2603 in
901 2577 1077 2603 veneratione

289 2625 386 2658 fuisse,
406 2626 449 2651 vel
461 2625 549 2652 solum
565 2624 589 2652 ei
604 2624 704 2651 ibidem
722 2631 795 2651 anno
812 2624 933 2655 circiter,
952 2629 980 2650 ut
995 2631 1076 2657 supra

290 2671 382 2702 docui,
398 2671 451 2698 850
466 2679 480 2697 a
503 2670 591 2697 Barda
617 2669 724 2697 Caesare
747 2673 916 2696 exstructum
946 2670 1077 2704 templum

291 2721 454 2751 argumento
478 2721 520 2743 est
535 2723 664 2751 perquam
680 2715 779 2742 valido.
796 2715 836 2742 Ad
855 2715 984 2742 szeeulum
1002 2715 1076 2743 deci-

292 2767 366 2786 mum
384 2762 476 2788 venio.
493 2761 625 2788 Sanctum
651 2769 665 2787 a
686 2761 791 2788 Joanne
814 2759 949 2790 Zemisce.
972 2762 1017 2794 qui
1044 2762 1078 2789 ab

293 2812 366 2832 anno
378 2805 431 2832 969
445 2806 478 2833 ad
496 2814 597 2832 annum
623 2813 707 2840 usque
732 2806 785 2834 975
806 2806 921 2840 imperio
946 2805 1077 2834 Orientali

296 2850 419 2886 pra-fuit,
442 2859 538 2888 magno
557 2853 583 2879 in
600 2852 687 2886 pretio
704 2860 735 2879 ac
753 2852 928 2883 veneratione
954 2853 1075 2883 habitum

930 145 1254 177 SUPPLEMENTUM.

1839 147 1915 180 1156

1087 207 1109 232 Α
1126 201 1219 234 fuisse,
1244 201 1400 229 verosimile
1416 207 1538 237 apparet.
1567 201 1664 230 Verum
1682 207 1831 238 antequam
1859 204 1920 231 hoc

1118 248 1263 282 probatum
1293 247 1366 279 dem,
1396 248 1526 275 nonnulla
1553 249 1654 281 adhuc,
1685 256 1721 276 ne
1746 250 1810 284 quis
1839 249 1919 277 forte

1118 293 1201 320 etiam
1217 299 1347 328 quantum
1364 293 1397 320 ad
1412 294 1631 326 venerationem,
1651 294 1754 323 Sancto
1767 295 1801 322 ab
1822 295 1919 330 impe-

1119 343 1210 365 ratore
1227 338 1273 366 illo
1287 339 1417 370 delatam.
1436 339 1462 366 in
1477 347 1599 366 errorem
1616 340 1772 372 inducatur.
1790 342 1920 376 praemit-

1120 383 1200 411 tenda
1215 389 1289 412 sunt.
1309 383 1455 412 Victoriam
1474 385 1507 412 de
1533 384 1631 412 Russis
1647 386 1681 413 ab
1695 387 1792 414 eodem
1822 387 1918 421 ittvpe-

1119 433 1222 461 ratore,
1241 435 1335 458 sancto
1348 430 1494 458 Theodoro
1515 431 1585 458 duce
1601 435 1628 458 et
1644 437 1762 467 martyre
1777 433 1802 460 ei
1820 434 1918 467 opitu-

1118 469 1203 506 lante,
1228 475 1311 502 fuisse
1340 476 1462 507 relatam,
1489 475 1631 503 Cedrenus
1664 477 1692 504 in
1723 477 1917 504 Historiarum

1119 521 1276 554 Compendio
1292 522 1429 548 memoriae
1444 521 1549 555 prodit;
1564 522 1657 552 verba.
1672 523 1772 557 quibus
1789 523 1816 550 id
1834 523 1914 555 facit.

1120 571 1180 593 tttut
1195 567 1227 593 ad
1239 566 1370 594 Sanctum
1390 574 1514 594 nostrum
1530 568 1639 602 proprie
1658 568 1730 595 haud
1745 571 1915 602 spectantia,

1119 612 1221 640 ideirco
1238 618 1340 646 tamen,
1366 613 1438 647 quod
1450 614 1483 640 ad
1498 616 1536 640 rei
1562 614 1606 640 hic
1621 614 1811 645 discutiendae,
1826 621 1915 649 atque

1119 658 1152 685 ad
1167 659 1383 689 venerationem.
1400 667 1452 692 qua
1467 667 1531 694 erga
1546 659 1675 687 Sanctum
1693 660 1835 688 Zemisces
1850 661 1917 688 fue-

1119 705 1165 735 rit,
1176 704 1326 738 spectantis
1340 704 1549 739 intelligentiam
1570 705 1738 738 conducant,
1759 705 1812 733 hac
1826 710 1913 733 tran-

1119 749 1221 776 scribo.

1155 795 1215 822 126.
1234 794 1279 823 Sic
1302 795 1428 823 habent:
1449 805 1458 822 ι
1475 794 1579 823 Ferunt
1603 803 1634 822 ea
1661 804 1750 831 pugna
1776 796 1913 824 divinitus

1120 849 1227 876 quoque
1249 841 1380 868 Romanis
1396 842 1479 868 latum
1494 841 1627 868 auxilium
1645 851 1651 868 :
1668 850 1731 869 nam
1749 843 1784 869 ab
1806 843 1915 870 Austro

1122 890 1245 916 obortam
1261 888 1404 922 procellunt
1423 889 1449 915 in
1469 888 1553 915 facies
1578 888 1741 923 Scytharum
1757 889 1913 924 ingruisse.

1121 942 1222 968 eosque
1237 933 1420 968 impedivisse,
1436 942 1468 960 ne
1483 942 1534 961 suo
1545 934 1679 961 arbitratu
1687 942 1745 961 rem
1757 940 1889 969 gererent
1903 943 1913 967 ;

1122 984 1148 1005 et
1165 979 1199 1006 ab
1215 979 1289 1006 omni
1305 979 1489 1006 Romanorum
1501 979 1621 1006 exercitu
1636 985 1813 1012 conspectum
1825 980 1914 1008 fuisse

1122 1025 1209 1052 virum
1226 1026 1287 1052 albo
1304 1033 1373 1060 equo
1394 1025 1549 1059 vrhcntent,
1570 1026 1614 1061 qui
1634 1026 1762 1061 princeps
1790 1034 1913 1061 pugnam

1123 1071 1222 1102 inierit,
1244 1071 1419 1105 hostiumque
1436 1070 1546 1099 ordines
1562 1072 1780 1102 conturbaverit.
1803 1073 1913 1100 nemini

1122 1125 1210 1152 neque
1224 1123 1288 1145 ante
1311 1125 1400 1151 neque
1424 1119 1568 1153 postruodo
1582 1119 1733 1152 cognitum.
1762 1119 1831 1146 Eum
1850 1120 1912 1146 aie-

1122 1164 1187 1191 bant
1215 1163 1298 1190 fuisse
1326 1162 1402 1191 Theo
1414 1166 1501 1189 lorum
1531 1171 1614 1190 unum
1645 1165 1677 1190 de
1701 1164 1908 1199 pulcherrimas

1122 1207 1276 1234 consecutis
1295 1207 1422 1234 victorias
1442 1208 1619 1242 martyribus.
1647 1207 1719 1234 Sane
1744 1208 1788 1235 bis
1801 1216 1914 1243 semper

1122 1253 1280 1288 auspicibus
1294 1258 1374 1287 atque
1396 1253 1583 1288 antesignanis
1602 1253 1746 1280 adversum
1761 1253 1855 1280 hostes
1873 1253 1912 1280 uti

1122 1299 1226 1326 solebat
1249 1300 1396 1333 imperatur
1421 1299 1465 1325 hic
1484 1319 1491 1324 .
1515 1304 1543 1326 et
1559 1307 1612 1333 quo
1628 1299 1672 1326 die
1689 1299 1745 1326 haec
1763 1307 1853 1334 pugna
1872 1303 1914 1326 est

1124 1351 1251 1380 pugnata,
1278 1345 1301 1372 is
1318 1345 1413 1372 festus
1435 1344 1487 1371 fuit
1513 1346 1653 1372 memoriae
1680 1345 1754 1372 illius
1770 1344 1912 1374 Theodori

1122 1393 1291 1418 exercituum
1319 1392 1453 1418 ductoris.
1477 1390 1528 1417 Sed
1554 1396 1582 1418 et
1607 1393 1762 1418 veneranda
1787 1391 1912 1426 quadam

1123 1437 1220 1463 mulier
1234 1437 1472 1472 Constantinopoli
1490 1437 1569 1464 ﬁdem
1588 1437 1663 1468 fecit.
1678 1438 1703 1465 id
1722 1438 1810 1464 visum
1827 1438 1913 1465 fuisse

1123 1482 1256 1508 divinum.
1279 1481 1316 1509 Ea
1333 1483 1406 1509 enim
1425 1481 1511 1518 pridie
1531 1483 1610 1510 istius
1624 1483 1677 1510 diei
1695 1484 1721 1511 itt
1736 1485 1842 1512 somnis
1856 1486 1913 1513 vis:

1123 1527 1210 1554 fuerat
1230 1533 1319 1555 astare
1351 1528 1481 1567 Deipam,
1505 1536 1532 1556 et
1554 1529 1649 1557 audire
1675 1537 1736 1557 eam
1771 1529 1911 1560 dicentem

1121 1574 1228 1601 cuidam
1242 1574 1318 1603 militi
1336 1582 1342 1600 :
1362 1574 1475 1604 Domine
1488 1575 1642 1608 Theodore,
1657 1584 1733 1603 meus
1749 1575 1794 1603 ille
1807 1582 1836 1604 et
1849 1582 1913 1604 tuus

1121 1619 1238 1647 Joannes
1256 1620 1282 1647 in
1297 1621 1417 1658 periculo
1436 1626 1581 1654 versatur;
1597 1622 1694 1648 festina
1722 1622 1756 1649 ad
1782 1629 1861 1656 opem
1887 1623 1912 1650 ei

1123 1665 1282 1698 ferendam;
1309 1665 1390 1700 idque
1415 1665 1582 1692 insomnium
1614 1666 1702 1702 prima
1731 1667 1791 1694 luce
1814 1667 1912 1694 vicinis

1122 1715 1290 1737 narraverat.
1309 1711 1453 1738 Enimvero
1470 1711 1577 1747 Scytlm
1593 1720 1624 1740 eo
1641 1713 1734 1747 pracl'o
1747 1713 1911 1746 funduntur,

1122 1764 1238 1790 cumque
1256 1765 1284 1784 se
1302 1757 1389 1792 portis
1408 1758 1572 1792 interclusos
1585 1767 1598 1784 a
1619 1759 1704 1785 Barda
1720 1761 1864 1789 sent‘rent.
1884 1761 1911 1787 in

1123 1809 1246 1835 campum
1265 1802 1325 1838 fuga
1342 1803 1548 1838 disperguntur,
1567 1810 1738 1838 pereuntque
1756 1805 1913 1831 innumera-

1124 1845 1201 1877 biles,
1219 1848 1316 1881 partim
1332 1856 1346 1874 a
1363 1856 1392 1874 se
1409 1849 1524 1875 invicem
1540 1850 1702 1881 conculcati,
1716 1852 1815 1884 partim
1830 1857 1846 1877 a
1860 1850 1912 1877 Bo-

1125 1894 1214 1919 manis
1230 1894 1383 1920 obtruncati
1398 1914 1405 1927 ,
1423 1895 1557 1921 vulnerati
1578 1903 1647 1930 pene
1671 1904 1784 1923 omnes.
1803 1896 1910 1932 Martyri

1123 1939 1268 1966 Theodoro
1286 1941 1398 1974 gratiam
1413 1949 1462 1975 pro
1473 1949 1524 1976 ope
1542 1941 1596 1969 lata
1610 1942 1733 1970 referens
1750 1943 1910 1978 imperator.

1125 1986 1265 2019 templum,
1284 1986 1309 2012 in
1329 1995 1383 2020 quo
1405 1987 1425 2013 is
1441 1987 1566 2014 humatus
1592 1993 1660 2020 erat,
1677 1989 1709 2014 ad
1733 1989 1910 2018 fundamen'a

1125 2038 1210 2066 nsque
1221 2032 1366 2058 demolitus
1381 2052 1388 2064 ,
1403 2032 1475 2059 aliud
1490 2034 1790 2068 magnificentissimum
1803 2039 1910 2061 exstru-

1125 2076 1174 2106 xit.
1191 2083 1222 2102 ac
1237 2076 1346 2110 praediis
1361 2077 1465 2110 amplos
1481 2078 1645 2105 habentibus
1663 2080 1768 2106 reditus
1783 2080 1908 2109 donavit;

1127 2121 1231 2151 urbem.
1247 2121 1274 2147 in
1288 2130 1339 2155 qua
1357 2122 1383 2148 id
1404 2128 1473 2155 erat,
1493 2131 1542 2157 pro
1568 2124 1726 2152 Eucbaneia
1747 2125 1909 2155 Theodoro-

1125 2166 1207 2202 polim
1224 2168 1386 2194 nominavit.
1411 2177 1420 2193 ι
1438 2168 1587 2196 Bollandus
1603 2175 1697 2196 noster
1715 2170 1772 2198 haec
1793 2171 1908 2198 Cedreni

1092 2207 1112 2235 ι)
1130 2214 1209 2240 verba
1226 2215 1253 2241 in
1268 2214 1484 2247 Commentario.
1496 2215 1571 2244 Actis
1583 2218 1668 2243 sancti
1681 2217 1817 2245 Theodori
1835 2219 1886 2246 duc
1898 2227 1910 2246 s

1127 2263 1154 2286 et
1174 2261 1299 2295 martyris
1325 2261 1436 2295 praevio,
1450 2261 1484 2288 ad
1500 2262 1572 2289 diem
1598 2263 1614 2290 7
1630 2260 1782 2295 Februarii,
1807 2272 1864 2296 quo
1890 2265 1911 2291 is

1127 2304 1236 2335 colitur,
1252 2306 1335 2331 etiam
1352 2305 1447 2332 reeitat
1461 2325 1469 2338 ,
1485 2314 1516 2332 ac
1532 2307 1640 2338 deinde,
1661 2308 1802 2335 nonnullis
1825 2308 1910 2336 inter-

1126 2350 1236 2384 positis.
1251 2357 1325 2378 num.
1340 2351 1386 2382 28,
1401 2351 1542 2386 subjungit
1563 2360 1571 2379 :
1587 2362 1596 2377 ι
1616 2352 1693 2385 Quod
1711 2361 1792 2388 supra
1814 2356 1909 2382 retuli-

1127 2403 1188 2422 mus
1202 2403 1233 2422 ex
1248 2395 1384 2429 Cedreno,
1400 2405 1507 2431 semper
1521 2400 1697 2426 consuevisse
1713 2399 1856 2428 Zemiseen
1873 2402 1912 2433 uti

1127 2439 1285 2472 auspicibus
1299 2443 1378 2474 atque
1392 2441 1579 2476 antesignanis
1595 2443 1724 2470 adversus
1739 2444 1832 2472 hostes
1844 2454 1911 2480 προ-

1130 2485 1227 2519 μάχοις
1256 2493 1304 2511 και
1332 2486 1476 2521 προὸόλοις
1500 2488 1602 2515 sanctis
1630 2489 1815 2525 martyribus,
1844 2498 1911 2526 quos

1128 2529 1299 2562 καλλινίκους
1315 2535 1422 2562 vocant,
1437 2532 1558 2566 pulchris
1571 2534 1715 2562 decoratos
1732 2535 1865 2568 victoriis,
1880 2545 1911 2569 ex

1128 2583 1161 2602 eo
1173 2576 1296 2604 fortassis
1308 2575 1378 2604 facto
1394 2577 1462 2605 ritus
1476 2578 1674 2607 ﬂammulomm
1690 2582 1817 2612 manavit.
1830 2591 1910 2617 quem

1127 2622 1248 2649 Codinus
1255 2630 1315 2658 cap.
1329 2623 1344 2649 6
1353 2628 1503 2656 memorat;
1515 2630 1572 2656 aut.
1584 2625 1605 2652 si
1615 2626 1912 2661 antiquior,conﬁrmaq

1130 2672 1173 2694 tus
1190 2672 1264 2695 certe
1275 2669 1473 2705 religiosissimi
1495 2670 1567 2697 illius
1588 2672 1763 2706 imperatoris
1772 2674 1884 2709 pietate.
1901 2684 1909 2700 t

1167 2713 1228 2741 l27.
1247 2724 1256 2740 ‹
1276 2714 1356 2747 Dum,
1375 2715 1464 2750 inquit
1483 2715 1616 2750 Codinus,
1629 2718 1737 2753 liturgia
1762 2720 1911 2755 peragitur.

1126 2764 1176 2786 aut
1193 2759 1256 2787 solae
1271 2761 1352 2787 etiam
1372 2760 1498 2796 Vespera:
1515 2761 1635 2789 Sabbato
1649 2763 1691 2790 vel
1711 2762 1852 2791 Dominica
1867 2766 1912 2793 de-

1129 2810 1281 2837 cantantur,
1298 2813 1425 2841 proceres
1439 2807 1456 2834 ii
1471 2807 1518 2842 qui
1538 2808 1771 2836 circumstatlonis
1784 2811 1911 2838 modera-

1131 2856 1202 2878 tores
1216 2855 1289 2884 sunt,
1306 2857 1413 2887 gestant
1427 2851 1563 2881 ﬂammula
1574 2873 1583 2886 ,
1600 2854 1658 2882 sive
1675 2854 1827 2889 φλάμουλα.
1845 2858 1911 2889 Sunt
