2049 3151
252 117 318 148 i139

896 114 1222 145 SUPPLEMENTUM.

1801 108 1874 153 ttso

249 171 426 206 scriptoribus
447 177 478 197 ea
500 171 528 197 in
553 177 594 203 re,
612 178 627 198 s
643 178 697 205 qua
714 175 790 205 gesta
816 170 861 197 diu
888 170 1032 197 admodum
1049 173 1071 200 Α
1086 169 1204 204 Cattgius
1229 168 1408 196 nihilominus
1424 175 1450 194 tn
1466 175 1523 195 suis
1539 176 1566 194 ιιι
1581 166 1654 193 hunc
1671 164 1872 199 transcriptum

251 224 304 246 tant
329 224 409 247 unus,
425 223 505 249 quam
523 216 593 242 alter
616 216 822 243 verosintilliute
845 216 942 248 abluit,
968 216 1034 242 lides

251 269 310 291 tuto
325 262 449 290 adhiberi
465 262 572 297 potest?
597 261 728 288 Photinus
745 262 853 296 quidem
869 265 896 288 et
917 262 1035 288 Anasta-

249 311 323 337 siaua
347 309 437 336 Sancti
451 308 517 336 Acta
533 308 670 339 ecclesia,
684 313 765 342 quam
789 307 919 334 Leontius
942 306 1034 334 Sirtuii

249 360 345 383 sancto
367 355 504 382 Demetrio
518 354 687 381 erstruxerit
700 374 706 385 ,
725 353 889 381 mentionem
911 354 1034 387 nuspiam

251 401 368 433 faciunt;
386 407 481 427 verum
495 399 561 426 nihil
574 399 668 431 etiam,
684 405 738 432 quo
751 397 942 432 Metuphrastis
971 404 1035 424 auo-

253 446 393 482 uymique,
409 445 454 479 qui
473 445 534 471 huic
551 444 688 478 pralutit,
710 445 761 470 Ista
786 444 819 469 de
845 449 875 469 re
899 446 1034 469 assertum

252 492 378 519 lalsitatis
392 496 528 526 utcunque
542 490 641 517 evadat
657 493 827 524 Inspectum,
848 488 1033 523 suppeditant.

251 540 353 571 Quare,
368 545 430 564 cum
444 544 494 564 nec
509 536 671 571 quidquam,
688 534 761 569 quod
780 535 851 561 binis
867 534 928 560 istis
944 532 1035 560 Sancti

251 584 338 611 nostri
359 584 516 618 biographis
531 582 610 609 ﬁdem
635 582 680 608 hic
704 580 890 615 denegandam
905 579 1034 611 suadeat,

250 630 359 658 aliunde
376 634 520 662 occurrat,
537 628 621 656 fuisse
642 628 731 662 reipsa
758 635 772 653 a
791 626 915 657 Leoutio,
938 624 1035 660 Illyrici

251 675 390 710 pra-lecto,
408 674 550 701 ecclesiam
573 673 675 700 Sancto
695 677 788 700 nostro
809 671 901 699 Sirtnii
927 675 1037 698 exstru-

250 726 335 750 ctam.
353 721 382 747 in
401 713 520 747 animum
539 720 650 747 induco.
778 716 785 723 ”

288 768 351 795 151.
365 768 456 802 Atque
473 767 499 793 id
515 767 626 801 quidem
641 773 675 793 ex
690 772 724 793 eo
738 765 821 792 etiam
837 765 906 791 iacio
921 770 1037 799 propen-

253 814 324 845 sius,
345 820 401 847 quo
423 812 526 839 sa-culo
544 812 641 838 saltem
667 811 814 838 undecimo
840 810 932 837 Sirmii
955 811 1037 836 exsti-

255 859 322 886 tisse
339 857 483 892 templum,
502 863 599 884 sancto
608 856 749 883 Demetrio
766 864 886 888 sacrum,
904 865 919 884 c
932 856 1037 884 Joanne

253 906 397 937 Ginnatuo,
408 905 453 939 qui
471 904 571 932 saeculo
587 904 640 931 isto
668 903 769 934 ﬂoruit.
785 910 883 937 resque
903 911 917 930 a
933 903 1038 931 Joanne

253 957 281 979 et
309 952 444 983 Manuele,
464 951 575 985 imperii
594 950 892 984 Constantinopolitani
918 950 1039 977 habenas

255 1003 322 1024 tunc
339 996 501 1027 medentis,
526 1001 627 1031 gestas,
645 996 812 1029 conscriptis
831 1002 845 1022 a
868 1003 941 1027 sese,
962 996 1038 1023 Pari-

253 1043 360 1076 siisque
375 1048 499 1077 typorutn
514 1042 649 1070 beneﬁcio
664 1048 739 1068 anno
753 1041 823 1068 1070
844 1042 963 1077 vulgatis
990 1043 1039 1070 Hi-

255 1089 400 1115 storiarum
419 1088 498 1116 libris
511 1096 560 1116 sex
575 1089 737 1123 complexus
749 1093 801 1120 est,
813 1088 946 1116 habeatur
963 1096 1039 1116 cum-

255 1140 374 1169 pertum.
396 1134 503 1162 Etenim
528 1135 651 1169 scriptor
670 1134 717 1161 ille
743 1134 900 1162 cont-innati
923 1136 1003 1169 hujus
1024 1143 1039 1163 a

254 1187 285 1207 se
299 1180 391 1214 operis
409 1180 457 1206 lib.
476 1188 503 1211 v,
523 1186 601 1206 nunt.
621 1179 657 1206 12
671 1179 722 1206 sub
739 1179 834 1212 tinem,
849 1180 885 1206 ita
901 1180 1040 1207 memoria:

256 1224 364 1259 prodit:
384 1234 394 1250 ι
415 1224 607 1258 Hungarorum
623 1230 693 1259 gens
702 1230 774 1257 sape
795 1223 980 1251 Romanorum
992 1225 1039 1259 (ita

255 1272 360 1305 passim
377 1270 412 1297 ab
429 1270 570 1297 historicis
581 1269 683 1296 Gratis
699 1268 719 1295 ii
733 1275 841 1300 omnes,
858 1270 904 1303 qui
920 1270 1040 1297 Orientis

257 1316 471 1351 imperatoribus
485 1315 626 1347 suberant,
640 1315 733 1342 solent
745 1315 849 1348 vocati)
863 1315 932 1341 lines
945 1315 1039 1342 incur-

255 1363 340 1393 savit,
358 1367 386 1389 et
407 1361 488 1395 paulo
504 1365 653 1394 antequam
671 1359 818 1394 imperaret
832 1360 942 1387 Alexim
957 1360 1038 1387 Com-

257 1415 356 1438 nenus,
389 1406 522 1433 Sirmium
551 1406 635 1441 cepit,
665 1406 814 1440 multisque
839 1405 1039 1434 Transistrnnis

257 1455 375 1481 urbibus
391 1452 570 1488 expugnatis,
589 1452 698 1480 Nasum
725 1459 813 1486 usque
839 1453 975 1487 pervenit.
999 1453 1039 1480 lbi

1086 215 1210 242 Cinnami
1226 215 1315 242 locum
1340 213 1579 244 Aduolationibus,
1601 216 1694 245 utpote
1725 212 1752 237 iu
1770 211 1873 245 quibus

1086 262 1120 288 de
1149 261 1256 292 eadem,
1287 261 1321 287 de
1345 268 1398 294 qua
1423 258 1620 293 Metaphrastes
1649 264 1872 292 anonymusque,

1085 307 1131 341 qui
1152 307 1215 334 huic
1239 307 1375 340 praelusit,
1400 304 1545 333 Sirmiensi
1562 303 1655 330 Sancti
1683 302 1812 334 ecclesia,
1830 302 1873 329 uti

1086 361 1118 381 cx
1132 353 1201 380 inl‘ra
1219 353 1341 380 dicendis
1356 355 1487 387 patescet,
1506 350 1580 385 loqui
1604 349 1740 380 videatur,
1759 356 1790 375 ea
1807 355 1873 383 sup-

1086 400 1200 435 peditat,
1217 408 1232 426 e
1250 400 1349 434 quibus
1377 406 1447 426 anne
1464 404 1585 432 unquam
1602 396 1758 427 ecclesiam,
1774 398 1874 421 sancto

1086 446 1224 473 Demetrio
1236 453 1352 476 sacram.
1369 445 1500 471 Leontius
1513 442 1604 470 Sirmii
1621 442 1799 472 exstruxerit,
1816 449 1874 468 non

1087 499 1168 519 nemo
1183 492 1252 518 forte
1268 491 1437 518 subdubitet.
1461 489 1568 516 Etenim
1583 487 1684 516 ibidem
1705 487 1745 515 sic
1758 488 1820 514 serit
1832 488 1873 515 it:

1090 548 1099 564 ι
1121 538 1197 570 Quod
1214 537 1258 564 hic
1274 537 1389 563 habetur
1406 535 1537 570 templum
1552 533 1582 560 ι).
1600 532 1740 565 Demetrii,
1763 532 1875 559 videtur

1087 584 1142 615 ille,
1157 590 1171 610 a
1187 591 1241 617 quo
1256 582 1386 617 oppidum
1396 581 1428 607 D.
1448 580 1589 610 Detnetrii,
1601 579 1634 606 ad
1645 579 1745 605 Savum
1761 585 1874 605 amnem

1088 630 1180 661 situm,
1197 636 1298 655 nomen
1314 627 1431 662 accepit,
1461 626 1541 653 hodie
1553 626 1580 652 S.
1599 625 1730 652 ῡειιετειι
1754 624 1874 658 dictum,

1088 676 1159 704 haud
1179 675 1274 710 procul
1302 674 1336 701 ab
1355 674 1468 708 antiquo
1482 673 1592 700 Sirmio.
1617 671 1694 705 Quod
1715 680 1781 700 vero
1803 677 1874 699 tem-

1088 723 1161 756 plum
1176 722 1242 748 illud
1255 721 1282 748 in
1296 720 1397 747 Sirmio
1409 724 1517 747 exstare
1533 719 1571 746 ait
1581 718 1743 749 Cinnamus,
1760 718 1786 745 id
1803 718 1877 745 acci-

1089 768 1218 804 piendum
1245 772 1311 802 puto
1336 773 1385 801 pro
1401 764 1545 792 Sirmieusi
1573 772 1637 798 agro
1651 772 1659 796 ;
1673 772 1735 791 nam
1759 763 1876 798 Σιρμιον

1089 823 1144 842 non
1163 814 1246 842 semel
1262 814 1286 841 is
1303 812 1404 840 dicitur
1420 812 1509 839 eidem
1527 810 1665 846 scriptori.
1681 810 1780 845 Oppidi
1807 817 1876 838 vero

1090 861 1176 888 sancti
1191 859 1319 887 Demetrii
1339 858 1463 885 meminit
1480 857 1630 887 Bouilnius.
1651 857 1715 883 Dec.
1732 865 1757 886 v,
1775 855 1823 883 lib.
1847 864 1876 882 tv

1090 914 1222 935 extremo.
1241 915 1250 932 ›
1268 905 1345 939 Quod
1363 905 1384 932 si
1401 911 1466 939 ergo
1479 903 1583 938 Cangio
1601 903 1809 930 assentiendum
1826 901 1875 933 sit,

1089 954 1175 981 sancti
1191 952 1321 980 Demetrii
1340 951 1481 986 templum,
1506 950 1587 984 cujus
1612 949 1763 976 Cinnamus
1782 948 1877 976 verbis

1090 1000 1212 1027 rrcitatis
1228 998 1364 1030 meminit,
1381 1005 1435 1024 non
1452 997 1478 1023 in
1495 996 1552 1030 ipsa
1567 995 1711 1022 Sirmiensi
1727 996 1808 1027 urbe,
1826 994 1876 1023 sed

1091 1047 1118 1073 in
1150 1054 1226 1080 agro,
1255 1045 1319 1071 huic
1337 1044 1456 1077 adjecto,
1474 1042 1557 1069 situm
1589 1041 1681 1073 luerit,
1708 1038 1875 1075 oppidoque,

1090 1092 1161 1126 quod
1186 1091 1213 1117 in
1239 1090 1292 1118 hoc
1318 1089 1418 1124 pariter
1444 1096 1492 1115 seu
1510 1087 1582 1114 haud
1609 1087 1703 1122 procul
1730 1094 1744 1113 a
1774 1086 1877 1114 Sirmio

1090 1138 1172 1165 situm
1187 1141 1255 1168 erat,
1270 1142 1351 1170 atque
1365 1134 1444 1161 hodie
1455 1134 1484 1160 S.
1497 1133 1623 1160 Demeter
1635 1137 1755 1164 vocatur,
1772 1140 1875 1160 nomen

1091 1184 1190 1211 deinde
1208 1183 1315 1210 fecerit.
1341 1181 1441 1208 Verum
1467 1181 1525 1208 hzcc
1540 1179 1605 1206 mihi
1631 1180 1790 1214 neutiquam
1817 1179 1878 1214 pla-

1092 1233 1153 1255 cent
1168 1236 1176 1258 ς
1193 1228 1243 1255 etsi
1259 1228 1332 1254 enim
1345 1227 1505 1257 Cinnamus,
1520 1225 1558 1252 uti
1570 1225 1596 1252 in
1613 1220 1746 1252 dictorum
1759 1224 1876 1251 auorum
1886 1223 1901 1236 ί

1092 1273 1283 1308 probationem
1299 1271 1417 1307 Congius
1433 1271 1566 1306 adiungit,
1581 1270 1693 1305 Σίρμιον
1703 1269 1825 1298 subinde
1842 1271 1877 1297 ad

1092 1327 1187 1354 agrum
1203 1319 1346 1350 duntaxat,
1364 1317 1467 1344 civitati
1480 1316 1544 1343 huic
1556 1316 1703 1350 adjectum.
1719 1317 1878 1351 signiﬁcan-

1091 1366 1154 1393 dum
1171 1365 1306 1395 adhibeat,
1323 1364 1349 1390 in
1369 1364 1531 1396 lranscripto
1548 1367 1637 1389 tamen
1657 1366 1732 1389 textu
1757 1363 1879 1389 vocabu-

1091 1411 1147 1438 lum
1179 1409 1250 1437 istud
1266 1417 1299 1436 eo
1312 1409 1380 1439 loco,
1395 1416 1448 1442 quo
1472 1408 1504 1434 de
1525 1407 1655 1441 depositis
1675 1407 1708 1434 ab
1729 1406 1876 1442 Hungaris,

1094 1453 1223 1480 Sirmiqu
1240 1452 1369 1483 reversis,
1384 1452 1412 1479 in
1423 1459 1500 1479 sacra
1511 1452 1612 1478 ibidem
1626 1457 1722 1478 sancto
1737 1452 1877 1479 Demetrio

255 1500 285 1527 in
315 1499 405 1527 sancti
429 1499 556 1534 martyris
579 1498 717 1534 (Procopii
744 1499 856 1534 nempe)
885 1499 1075 1530 ineidentcsc
1092 1499 1151 1527 aede
1176 1499 1263 1526 sancti
1290 1498 1415 1533 Procopii
1439 1498 1566 1533 martyris
1595 1498 1718 1533 reliquiis
1741 1498 1874 1533 loquitur,

255 1546 400 1579 feretrum,
413 1551 498 1574 totum
514 1546 624 1581 quidem
640 1546 703 1573 inde
717 1553 822 1580 corpus
838 1546 947 1573 auferre
958 1546 1040 1573 inhu-

254 1598 369 1625 matum,
410 1593 599 1629 ut_srbitror,
632 1592 835 1623 existimantes,
863 1593 921 1620 sola
955 1601 1038 1620 tnanu

253 1640 355 1672 ablata,
374 1647 527 1672 recessere,
549 1644 576 1666 et
590 1638 720 1665 Sirmium
744 1639 860 1671 reversi,
876 1646 936 1666 eam
952 1639 1038 1674 depo-

253 1692 335 1713 suere
355 1685 383 1711 in
400 1685 504 1719 templo
527 1685 657 1711 Demetrii
683 1684 823 1719 martyris,
842 1685 914 1718 quod
932 1685 1039 1719 pridem

254 1735 430 1759 exstruxerat
442 1731 466 1757 is
475 1730 521 1764 qui
538 1730 676 1764 lllyricum
688 1730 831 1764 praefectus
845 1730 965 1765 regebat.
974 1730 1038 1758 Eam

255 1778 340 1812 igitur
366 1776 425 1803 illic
448 1776 553 1810 (Sit-mli
584 1775 728 1806 nimirum)
757 1775 897 1803 inventam
929 1778 1040 1804 sustulit

255 1821 320 1849 inde
347 1821 497 1855 imperator
525 1820 696 1855 (Emmanuel
730 1820 889 1849 Comnenus
923 1822 1039 1856 scilicet)

256 1872 286 1894 et
313 1867 429 1901 reliquo,
455 1873 484 1893 ut
503 1866 632 1899 diximus,
660 1866 778 1894 reddidit
807 1868 925 1902 corpori.
946 1878 955 1894 ι
971 1869 1040 1897 Cum

255 1912 417 1940 Etmnanuel
423 1913 582 1940 Comnenus
591 1911 752 1946 imperatur,
763 1912 810 1947 qui
822 1920 943 1946 manum,
958 1921 1039 1948 quam

256 1959 406 1993 quondam,
424 1966 439 1985 a
456 1958 545 1986 sancti
563 1957 688 1992 Procopii
713 1958 842 1993 martyris
863 1966 977 1993 corpore
993 1961 1041 1987 sb-

255 2011 398 2037 Itractam,
410 2004 634 2040 ilungariSit-mii
650 2005 678 2031 in
694 2005 781 2032 sancti
798 2005 925 2032 Demetrii
939 2006 1041 2041 templo

255 2052 451 2086 deposuerant,
464 2051 492 2078 in
508 2050 622 2079 civitate
631 2051 664 2078 ist
670 2050 721 2077 hae
730 2050 869 2078 invenisse
879 2051 1040 2086 reliquoque

255 2097 349 2125 Sancti
377 2097 451 2124 illius
477 2097 586 2132 corpori
612 2097 765 2124 reddidisse
798 2104 813 2124 a
837 2096 970 2125 Cinnamo
996 2098 1041 2125 hic

255 2150 392 2176 narratur,
412 2150 485 2169 anno
509 2143 578 2170 1180
600 2143 711 2175 obierit,
737 2142 818 2177 eique
846 2146 903 2169 tum
921 2143 1039 2177 primum

254 2189 366 2216 Metius
379 2188 548 2220 Comnenus,
565 2189 648 2223 hujus
664 2188 784 2216 nominis
804 2187 952 2220 secundus,
973 2195 1038 2215 suc-

254 2235 381 2267 cesserit,
396 2234 521 2262 Alexium
534 2234 718 2265 Comnenum,
728 2241 784 2268 quo
794 2233 916 2260 nondum
930 2233 1039 2268 imperii

253 2280 403 2308 Orientalis
425 2280 542 2307 habenis
561 2280 683 2312 admoto,
701 2280 820 2314 llungari
840 2279 971 2305 Sirmium
993 2285 1040 2306 ee-

255 2326 338 2357 :rissc,
355 2326 513 2360 ibidemque
527 2325 615 2352 sancti
640 2324 766 2359 Procopii
787 2324 915 2360 mattyris
929 2332 1039 2351 manum

255 2372 283 2398 in
312 2372 399 2399 sancti
428 2372 559 2398 Demetrii
576 2370 692 2398 ecclesia
707 2371 868 2405 deposuisse
883 2371 917 2397 ab
943 2370 1040 2397 eodem

254 2418 390 2445 Cinnamo
406 2425 455 2453 per
467 2418 549 2445 verba
569 2418 680 2445 recitata
699 2417 865 2450 referuntur,
891 2418 1042 2452 imperato-

254 2472 312 2491 rctn
328 2464 449 2491 nominis
465 2464 539 2490 illius
554 2464 673 2498 primunt
687 2462 783 2494 fuisse,
799 2470 915 2490 necesse
934 2467 985 2489 est.

291 2511 354 2538 £51.
379 2510 480 2543 Quare,
503 2517 565 2537 cum
594 2510 640 2536 hic
662 2509 718 2544 jam
740 2509 804 2535 inde
828 2510 863 2535 ab
884 2515 957 2535 anno
973 2508 1042 2536 1080

256 2558 393 2599 imperare
410 2557 553 2591 inceperit,
572 2557 772 2584 consectarium
792 2562 844 2587 est,
862 2561 889 2581 ut
907 2556 962 2590 jam
978 2556 1042 2583 inde

256 2611 271 2631 ο
286 2603 387 2631 sarculo
400 2603 546 2631 undecimo
574 2602 667 2629 Sit-mli
684 2602 814 2633 ecclesia,
830 2606 929 2629 sancto
944 2601 1042 2628 Deme-

256 2650 310 2677 trio
325 2657 412 2682 sacra,
429 2656 506 2677 certo
516 2649 670 2681 exstiterit;
688 2648 761 2683 quod
779 2655 856 2678 sane,
873 2655 934 2682 qua:
953 2655 968 2674 a
986 2647 1043 2674 Me-

257 2696 398 2730 taphraste
413 2702 617 2730 anonymoque,
635 2694 683 2730 qui
702 2694 767 2721 huic
793 2694 931 2728 praelusit,
947 2693 1042 2720 Sancti

257 2742 406 2776 hiographo
421 2742 456 2769 de
471 2746 610 2769 exstructa
626 2746 721 2769 sancto
735 2740 873 2767 Demetrio
888 2748 902 2766 a
917 2739 1042 2770 Leontio,

258 2786 358 2820 ltiyriei
374 2788 511 2821 prafecto,
528 2788 623 2815 Sirmii
636 2787 754 2815 ecclesia
766 2786 923 2818 traduntur,
934 2786 1042 2812 veritati

260 2838 321 2858 esse
343 2839 473 2868 consona,
502 2839 664 2869 argumento
678 2834 760 2860 etiam
779 2833 963 2868 qualicunque
989 2836 1041 2859 est.

1093 1547 1130 1574 ita
1147 1547 1181 1574 ab
1201 1547 1246 1573 illo
1262 1545 1359 1579 accipi,
1391 1544 1546 1572 verosimile
1563 1544 1634 1571 haud
1654 1549 1777 1580 apparet.

1129 1593 1190 1621 155.
1215 1592 1358 1626 lluztgaros
1383 1592 1468 1623 enim,
1488 1592 1569 1626 paulo
1597 1595 1753 1627 antequam‘
1763 1592 1877 1620 Alexius

1092 1639 1249 1670 Comnenus
1265 1638 1371 1673 imperii
1385 1637 1533 1664 Orientalis
1553 1637 1674 1665 habenas
1698 1639 1875 1673 suscepisset,

1093 1691 1192 1721 praeter
1205 1686 1304 1712 multas
1317 1684 1527 1711 Transistrauas
1541 1684 1636 1716 urbes,
1655 1691 1668 1710 a
1690 1691 1719 1711 se
1734 1684 1875 1717 subactas,

1091 1732 1223 1759 Sirmium
1240 1730 1322 1757 etiam
1341 1731 1457 1766 cepisse,
1485 1730 1512 1756 in
1528 1729 1624 1757 eodem
1654 1734 1729 1757 textu
1755 1730 1805 1762 ait,
1825 1730 1878 1757 ibi-

1091 1785 1144 1813 que
1164 1777 1274 1805 induble
1295 1777 1345 1803 hoc
1369 1776 1544 1808 vocabulum,
1566 1783 1620 1802 non
1639 1775 1672 1802 ad
1699 1782 1794 1809 agrum
1816 1777 1875 1802 Sir-

1092 1823 1147 1851 mio
1161 1824 1308 1857 adjectum,
1325 1822 1372 1849 sed
1388 1821 1420 1848 ad
1434 1821 1521 1855 ipsam
1540 1821 1610 1848 hanc
1628 1821 1766 1848 civitatem
1788 1822 1876 1856 signi-

1091 1868 1225 1896 llcsndam
1241 1872 1376 1902 usurpat;
1394 1874 1450 1902 1am
1469 1874 1543 1898 vero,
1565 1873 1628 1893 cum
1654 1866 1680 1893 id
1701 1867 1736 1893 ita
1752 1867 1798 1899 sit,
1825 1875 1877 1894 nec

1091 1915 1238 1949 scriptores
1258 1921 1339 1940 unam
1353 1912 1532 1947 eamdemque
1543 1919 1635 1939 vocem
1651 1913 1684 1939 ad
1705 1919 1748 1939 res
1763 1920 1877 1946 prorsus

1092 1960 1226 1992 diversis,
1243 1960 1320 1986 nullo
1337 1959 1460 1989 omnino,
1476 1966 1531 1994 quo
1557 1958 1583 1985 id
1609 1958 1736 1993 prodant,
1768 1959 1876 1986 submi-

1091 2006 1207 2033 nistran
1221 2005 1335 2036 iudicio.
1364 2004 1557 2039 signiﬁcandas
1574 2004 1600 2031 in
1619 2004 1692 2031 brevi
1708 2005 1776 2031 adeo
1789 2009 1875 2037 textu,

1090 2051 1179 2086 qualis
1209 2055 1252 2077 est
1280 2058 1363 2084 supra
1393 2057 1409 2077 e
1434 2049 1568 2076 Cinnamo
1597 2049 1652 2076 huc
1679 2049 1875 2084 transcriptus,

1091 2098 1220 2125 adhibere
1234 2096 1307 2124 haud
1324 2097 1440 2127 soleant,
1454 2096 1616 2130 scriptorem
1637 2096 1710 2123 hunc
1736 2096 1820 2123 etiam
1842 2103 1877 2123 eo

1093 2144 1163 2176 loco,
1181 2150 1235 2178 quo
1248 2142 1282 2169 de
1297 2141 1384 2169 sancti
1397 2141 1523 2176 Procopii
1539 2141 1671 2175 reliquiis.
1687 2140 1720 2168 ab
1739 2140 1877 2175 [iungaris

1093 2190 1119 2216 in
1136 2190 1221 2216 sancti
1238 2188 1366 2216 Demetrii
1379 2187 1481 2222 templo
1497 2187 1590 2215 Sirmii
1606 2187 1746 2221 depesftis.
1770 2195 1877 2214 sermo-

1091 2243 1153 2262 nem
1179 2235 1255 2267 facit,
1270 2234 1436 2261 vocabulum
1456 2233 1597 2265 Sirtnium,
1614 2240 1669 2260 non
1688 2233 1720 2260 ad
1739 2232 1877 2259 Sirmien-

1090 2289 1148 2309 sem
1174 2288 1280 2316 agrum,
1295 2280 1343 2307 sed
1358 2280 1390 2306 ad
1409 2280 1495 2314 its-tm
1511 2279 1584 2306 hanc
1605 2279 1744 2306 civitatem
1768 2279 1877 2313 signiﬁ-

1091 2328 1204 2354 candam
1221 2335 1368 2361 usurpare,
1383 2326 1630 2359 verosimillimum,
1642 2334 1678 2353 ne
1690 2326 1777 2353 dicam
1793 2326 1877 2352 indu-

1092 2375 1218 2406 bitatum,
1229 2378 1350 2408 apparet.
1367 2373 1468 2400 Adhuec
1480 2372 1640 2405 Cinnamus,
1653 2372 1769 2399 dicaram
1780 2376 1882 2399 sancto

1093 2420 1231 2447 Demetrio
1245 2419 1343 2451 aedem,
1359 2418 1393 2446 de
1414 2426 1467 2453 qua
1486 2418 1513 2445 in
1529 2422 1606 2445 textu
1619 2426 1701 2453 supra
1714 2418 1768 2445 huc
1787 2423 1880 2445 trans-

1093 2466 1195 2500 scripta
1213 2465 1344 2498 loquitur,
1360 2464 1410 2491 abs
1437 2463 1493 2496 illo,
1509 2463 1555 2498 qui
1572 2462 1707 2498 Illyricum
1733 2463 1880 2498 praefectus

1094 2510 1219 2544 regebat,
1236 2508 1278 2535 ted
1292 2508 1400 2535 ilcatam
1424 2508 1520 2539 illisae,
1537 2508 1640 2535 diserte
1666 2509 1759 2541 tradit,
1777 2516 1883 2535 sermo-

1095 2563 1211 2590 nemque
1217 2555 1332 2590 proinde
1341 2555 1405 2582 iacit
1413 2555 1445 2581 de
1456 2554 1551 2581 eadem
1559 2561 1636 2581 sacra
1646 2555 1884 2582 sauctoDemetrio

1094 2602 1161 2633 rode,
1178 2609 1260 2636 quam
1283 2601 1482 2636 Metaphrastes
1507 2607 1727 2635 nuonymusque,
1750 2601 1798 2635 qui
1814 2600 1883 2628 huic

1095 2648 1231 2682 prmium,
1260 2647 1353 2674 Sancti
1388 2647 1474 2673 nostri
1503 2647 1682 2681 biographus,
1722 2645 1881 2677 Leontium,

1096 2693 1195 2728 illyriei
1210 2693 1379 2727 praelectum,
1390 2692 1492 2718 Sancto
1504 2692 1683 2724 exstruxisse,
1696 2692 1794 2724 aiunt;
1809 2691 1883 2718 Itane

1096 2743 1187 2765 autem
1204 2738 1258 2764 bini
1275 2737 1300 2763 hi
1319 2738 1476 2771 scriptores,
1497 2743 1550 2763 nou
1565 2737 1592 2763 in
1609 2743 1685 2771 agro,
1709 2736 1755 2770 qui
1779 2735 1883 2762 Sirmio

1096 2785 1211 2819 adiacet,
1226 2783 1274 2810 sed
1288 2783 1315 2809 in
1333 2783 1389 2818 iIIl
1409 2783 1459 2810 hac
1484 2783 1597 2809 civitate
1616 2786 1750 2809 statuunt.
1769 2781 1884 2808 Praeter-

1097 2837 1178 2866 quam
1195 2831 1279 2863 enim,
1297 2830 1370 2865 quod
1396 2829 1552 2862 Leontium,
1572 2836 1633 2856 cum
1664 2827 1794 2856 Sirmium
1816 2834 1885 2862 per-
