2049 3151
135 193 202 232 H61

629 197 661 228 S.
695 195 888 228 DEMETI‘III
919 192 1120 224 MARTYIUS
1149 193 1255 222 ACTA.

1691 194 1757 226 1162

135 255 269 286 venisset,
298 254 429 289 templum
457 253 557 281 ibidem
586 259 683 282 sancto
698 258 794 282 nostro
809 252 922 288 martyri
940 255 960 284 Α
974 251 1074 279 saeculo
1090 250 1234 278 undecimo
1246 249 1447 283 Sirmiiadliuc,
1458 250 1654 286 utjamdoeui,
1674 254 1759 281 exsti-

135 301 316 333 exstruxisse,
338 300 457 328 dilucide
479 301 605 335 prodant,
626 308 677 328 nec
699 300 793 328 Sirmii
809 300 923 328 nomine

136 346 315 374 Sirmienscm
343 355 438 382 agrum
475 355 596 382 unquam
628 354 728 375 vocare
761 351 922 379 noscantur,

136 392 267 426 templum
299 391 367 419 illud
400 400 484 427 prope
512 393 611 426 aedem,
643 397 746 420 sanctae
775 393 925 420 Anastasis:

135 446 253 470 sacram,
272 437 354 465 situm
376 438 461 465 fuisse
489 438 598 471 docent,
625 438 834 473 verosimileque
853 439 925 466 haud

135 484 256 515 videtur,
273 483 303 510 in
319 491 384 518 agro
406 482 552 512 Sirmiensi
569 492 617 512 seu
634 484 775 511 rusticano
796 483 924 518 quopiam

135 531 197 558 loco
219 530 273 558 duo
289 530 369 557 simul
380 530 497 563 Leontii,
511 531 609 566 Illyrici
623 530 754 566 preteeti,
769 533 857 563 aetate,
878 537 925 557 seu

136 577 238 604 sarculo
252 577 350 611 quinto
370 577 510 605 exstitisse
538 577 650 612 templa,
678 584 793 612 quorum
811 577 924 604 alterum

135 629 232 650 sancto
250 623 398 656 Demetrio,
424 624 543 650 alterum
559 628 662 651 sanctae
677 623 830 651 Anastas'm
850 631 924 650 mar-

135 670 186 704 tyri
206 673 279 697 esset
295 674 445 696 sacratum.
473 669 529 697 Nec
544 674 597 702 est,
621 670 693 704 quod
713 677 839 704 reponas,
858 674 924 697 tern-

134 716 222 751 plum,
238 715 310 750 quod
331 716 482 743 Anastasius
498 715 609 751 martyri
621 722 729 743 sacrum
739 721 821 748 esset,
833 716 924 742 Sirmii

134 762 284 794 exstitisse,
311 769 326 788 a
341 761 526 797 Metaphraste
546 762 690 794 duntaxat,
720 769 924 797 anonymoque,

135 808 182 842 qui
196 807 260 835 huic
275 808 409 842 prreluxit,
428 808 522 836 Sancti
539 807 628 836 nostri
645 808 798 843 biographo
814 815 925 835 asseve-

135 854 188 880 rari
202 863 209 886 ;
226 854 276 881 etsi
292 855 365 881 enim
383 853 409 881 id
429 854 470 881 ita
497 854 544 886 sit,
561 854 634 881 binis
648 859 741 881 tamen
757 853 833 881 hisce
856 853 925 880 scri-

135 900 264 933 ptoribus
285 907 317 927 ea
337 900 365 926 in
384 907 414 927 re
436 907 497 927 esse
522 900 742 932 assentiendum,
760 900 802 927 vel
831 907 863 926 ex
891 907 924 927 eo

977 298 1051 330 terit,
1065 303 1181 324 necesse
1195 296 1308 324 omnino
1320 296 1365 326 sit.
1381 295 1561 325 Sirmicnsem
1571 296 1663 325 Sancti
1672 300 1760 328 eccle-

976 344 1057 377 siam,
1075 350 1089 369 a
1104 342 1219 370 Leontio
1245 349 1275 369 ex
1292 341 1373 369 dictis
1387 342 1559 375 aediﬁcatam,
1580 349 1641 379 post
1655 345 1760 372 cladem

976 389 1050 416 illam
1080 387 1232 415 Ilunnicam
1260 386 1345 414 fuisse
1376 386 1566 419 instauratam,
1597 388 1760 423 antiquare.

977 435 1087 470 penitus
1104 433 1162 461 fere
1177 441 1210 461 ex
1237 441 1268 460 ea
1289 433 1447 465 destructm,
1474 433 1534 461 loco
1551 441 1650 462 novam
1677 434 1762 462 fuisse

976 486 1106 513 erectam,
1123 488 1182 516 qua:
1202 479 1316 512 deinde,
1331 480 1372 506 vel
1383 484 1458 507 certe
1473 480 1568 512 altera,
1585 481 1647 516 ejus
1662 482 1761 508 iterum

976 528 1038 555 loco
1053 530 1202 559 exstructa,
1218 525 1252 553 ad
1266 525 1396 553 saeculum
1410 533 1499 562 usque
1514 527 1688 555 undecimum
1704 531 1760 555 ste-

978 576 1053 604 terit.

1013 623 1076 651 155.
1095 622 1151 650 Nec
1165 626 1271 650 tantum
1286 620 1381 649 Sirmii
1398 621 1443 649 diu
1461 620 1553 649 Sancti
1574 621 1663 649 nostri
1679 629 1764 650 vene-

976 667 1047 695 ratio
1063 667 1260 702 perseveravit,
1276 674 1372 694 verum
1388 666 1471 694 etiam
1492 666 1556 694 inde
1577 666 1684 702 longius
1701 674 1763 695 sese

975 713 1101 748 dilfudit;
1119 714 1170 741 etsi
1186 713 1270 746 enim,
1284 718 1313 741 ut
1326 713 1383 748 jam
1402 713 1534 744 indicavi,
1550 720 1599 749 per
1613 721 1695 741 omne
1708 714 1763 741 late

977 758 1112 794 Illyricum
1127 764 1274 794 propagata
1300 758 1369 786 forte
1390 759 1464 787 haud
1488 759 1582 792 fuerit,
1607 768 1657 795 per
1678 764 1762 788 totam

977 811 1067 833 tamen
1084 805 1261 840 Hungariam,
1278 804 1412 833 Slavonite
1428 805 1586 840 Sirmioque
1599 806 1627 833 in
1645 806 1695 834 hac
1710 807 1764 834 sito

977 851 1106 883 vicinam,
1122 858 1184 879 sese
1201 851 1276 886 lapsu
1294 851 1425 886 temporis
1435 851 1569 879 extendit.
1585 851 1694 879 Etenim
1711 852 1764 879 De-

978 898 1090 925 metrius
1106 897 1251 933 llungariae
1270 898 1393 932 patronis
1407 906 1422 925 a
1436 899 1512 933 regni
1526 898 1610 933 hujus
1628 898 1764 934 indigenis

135 950 261 981 apparet,
289 946 364 980 quod
380 951 480 973 sancta:
495 946 648 974 Anastasize
678 946 800 981 reliquis:
825 946 925 973 sacculo
943 941 963 968 Β
977 943 1183 976 adnumeratur,
1200 944 1412 978 quotannisque,
1427 948 1458 971 ut
1474 944 1545 977 talis,
1563 945 1632 972 ritus
1643 945 1764 980 duplicis

135 991 234 1026 quinto
253 999 300 1018 seu
318 999 351 1018 eo
369 995 502 1026 tempore,
529 999 584 1026 quo
599 1000 613 1018 a
642 991 759 1019 Leontio
781 992 925 1019 ecclesiam

135 1042 234 1065 sancto
258 1037 486 1072 Demetriojnxta
502 1038 628 1070 alteram,
645 1045 706 1072 qua:
722 1043 825 1065 sanctae
851 1037 925 1065 Ana—

136 1083 317 1111 stasitesacra
336 1087 421 1116 esset,
439 1083 536 1110 Sirmii
554 1083 639 1112 fuisse
654 1084 926 1116 exstructam,iidem

136 1130 194 1158 bini
219 1130 372 1164 scriptores
390 1131 511 1163 tradunt,
535 1130 562 1157 in
580 1130 691 1157 civitate
707 1130 797 1158 islhac
812 1131 925 1157 exstite-

138 1177 205 1207 iint,
221 1176 261 1203 uti
274 1184 306 1203 ex
325 1176 360 1203 iis
375 1183 437 1211 qua:
458 1176 621 1203 Theodorus
636 1176 734 1203 Lector
753 1176 801 1203 lib.
817 1184 847 1208 ιι,
865 1184 924 1212 pag.

137 1222 191 1249 568
200 1222 341 1254 editionis,
357 1230 372 1249 a
388 1222 497 1250 Valesio
511 1222 659 1256 adornatze,
673 1222 812 1250 memoriae
824 1223 926 1258 prodit.

136 1269 321 1296 indubitatum
342 1269 460 1296 videtur.

174 1315 238 1341 154.
259 1314 345 1341 Porro
364 1315 437 1349 quod
458 1315 490 1342 ad
507 1314 607 1350 'Cangii
621 1315 655 1342 de
673 1315 726 1343 sito
745 1315 818 1343 haud
833 1316 928 1351 procul

136 1360 170 1387 ab
184 1360 299 1395 antiquo
313 1360 415 1387 Sirmio
436 1360 547 1396 oppido,
563 1361 636 1397 quod
656 1361 793 1397 hodieque
818 1367 929 1390 sanctus

136 1407 267 1433 Demeter
278 1406 388 1439 dicitur,
407 1415 564 1442 nomenque
576 1416 591 1434 a
609 1408 698 1435 sancti
713 1408 842 1435 Demetrii
859 1412 928 1434 tem-

136 1452 190 1487 plo,
214 1452 317 1487 ibidem
346 1458 498 1485 exstructo,
523 1453 672 1488 acceperit,
700 1454 840 1481 Adnotata
872 1454 928 1489 jam

135 1503 256 1533 spectat,
272 1505 325 1525 nec
345 1499 403 1526 hazc
423 1499 483 1534 ejus
496 1499 529 1526 de
549 1500 673 1527 ecclesiae
692 1501 781 1528 sancti
799 1500 929 1528 Demetrii

136 1553 151 1571 a
174 1545 301 1578 Leontio,
328 1545 427 1580 Illyrici
455 1546 596 1580 praefecto,
624 1551 780 1579 exstructas,
809 1551 891 1581 atque
915 1554 930 1574 a

137 1589 274 1618 Cinnamo
290 1599 340 1626 per
363 1592 444 1618 verba
459 1599 541 1626 supra
564 1592 677 1620 recitata
697 1598 866 1625 memoratae,
876 1592 929 1620 situ

138 1637 297 1671 opinionem
322 1637 442 1664 ﬁrmant.
479 1638 581 1671 Quidni
603 1639 688 1671 enim,
718 1646 781 1666 cum
811 1638 928 1673 primum

138 1682 221 1715 aedes,
242 1688 339 1710 sancto
363 1683 501 1711 Demetrio
533 1691 621 1716 sacra,
644 1683 742 1712 Sirmii
758 1688 786 1712 1
812 1684 928 1712 Leontio

137 1735 229 1757 erecta
236 1730 292 1765 jam
301 1730 409 1763 fuisset,
419 1730 504 1758 altera
516 1731 717 1764 deinde,eidem
726 1731 827 1759 Sancto
834 1736 928 1759 nostro

138 1783 227 1808 sacra,
250 1784 311 1810 quae
333 1777 393 1804 loco
408 1777 460 1804 sibi
485 1777 583 1809 adsito,
598 1778 728 1812 paulatim
752 1778 779 1805 in
796 1777 926 1813 oppidum

137 1822 287 1854 crescenti,
304 1829 406 1850 nomen
422 1822 527 1855 fecerit,
545 1823 572 1850 in
592 1831 657 1858 agro
675 1823 820 1851 Sirmiensi
845 1824 929 1852 aedili-

139 1872 200 1894 cata
225 1875 288 1894 esse
304 1868 449 1902 potuerit?
464 1868 546 1901 Sane,
573 1877 634 1896 cum
659 1869 799 1904 oppidum,
819 1874 929 1898 sanctus

139 1913 267 1940 Demeter
292 1913 406 1947 dictum,
437 1915 510 1950 quod
529 1915 561 1942 ad
592 1915 693 1943 Savum
723 1916 806 1943 situm
833 1921 885 1949 est,
914 1925 929 1943 a

138 1958 266 1986 Bonﬁnio
276 1959 335 1987 loco
348 1967 429 1995 supra
446 1968 494 1995 per
507 1960 640 1995 Cangium
658 1961 706 1988 cit.
721 1961 811 1996 reipsa
826 1969 930 1989 memo-

139 2009 224 2038 retur,
250 2005 332 2040 idque
356 2005 503 2040 hodieque,
525 2011 620 2040 utpote
642 2007 670 2033 in
696 2008 836 2035 modernis
865 2016 930 2043 gem

138 2051 278 2086 grapliicis
306 2051 453 2086 Hungariat
481 2052 674 2088 Slavoniteque
702 2054 800 2081 tabulis
827 2055 928 2089 passim

139 2101 277 2127 nOtatum,
308 2097 420 2124 indubie
451 2097 542 2125 adhuc
574 2099 697 2131 exsistat,
722 2099 759 2126 ita
785 2108 849 2128 vere
871 2108 928 2127 rem

139 2143 276 2174 evenisse,
292 2143 319 2169 in
337 2143 459 2171 animum
476 2144 586 2172 induco.
609 2144 677 2173 Hinc
691 2153 772 2180 porro
788 2147 844 2182 jatn
861 2155 929 2174 con-

140 2188 275 2223 sequitur,
296 2193 325 2216 ut
338 2188 454 2217 Sanctus
479 2195 574 2217 noster
589 2190 616 2218 in
641 2191 757 2226 Illyrico,
771 2191 851 2226 cujus
865 2192 930 2219 olim

140 2235 280 2265 Slavonia.
291 2235 423 2263 Sirmium
432 2236 587 2270 antiquum,
603 2236 824 2272 oppidumque,a
837 2243 930 2266 sancto

142 2281 279 2307 Demetrio
290 2280 405 2314 dictum,
423 2281 505 2309 modo
521 2282 719 2317 complectens,
737 2287 842 2317 partem
861 2291 929 2310 cou-

141 2326 282 2359 stituebat,
302 2333 358 2353 non
384 2335 466 2354 unam
495 2331 612 2359 tantum,
637 2328 685 2355 sed
705 2328 772 2355 duas
796 2328 926 2357 ecclesias

139 2372 244 2400 nomini
261 2380 311 2399 suo
332 2379 507 2400 consecratas
525 2373 664 2405 habuerit.
691 2373 927 2410 dubitandumque

139 2416 256 2451 proinde
268 2422 324 2445 non
345 2417 389 2449 sit,
411 2419 476 2452 quin
507 2419 605 2446 eximia
636 2419 728 2455 plane.
754 2419 776 2446 si
797 2427 851 2447 non
878 2428 927 2455 per

140 2469 221 2490 omne
233 2463 286 2490 late
300 2462 450 2498 Illyricum,
465 2463 558 2491 Sirmii
570 2464 677 2498 saltem,
693 2464 740 2492 ubi
750 2465 832 2493 etiam
844 2472 927 2500 supra

140 2513 307 2543 memorata,
322 2517 389 2543 quas
405 2517 438 2536 eo
452 2509 582 2537 Leontius
598 2510 737 2544 attulerat,
760 2518 845 2538 sacrze
867 2511 927 2546 ejus

140 2553 264 2588 reliquiae
291 2554 488 2586 servabantur,
519 2555 658 2590 dictoque,
674 2555 718 2583 cui
733 2562 835 2583 nomen
851 2555 926 2588 fecit,

141 2598 168 2626 in
188 2600 290 2635 oppido
312 2600 489 2628 veneratione
503 2601 700 2634 ecclesiastica,
717 2606 745 2629 et
759 2601 853 2628 Sirmii
867 2602 928 2636 qui-

139 2645 200 2673 dem
216 2647 251 2673 ob
262 2646 317 2681 jam
328 2647 400 2674 dicta
416 2647 449 2675 de
460 2651 597 2675 exstructa
618 2647 717 2675 ibidem
741 2647 767 2675 ei
781 2655 796 2675 a
812 2647 926 2676 Leontio

141 2693 253 2721 ecclesia
265 2694 320 2729 jam
331 2694 395 2722 inde
411 2695 446 2722 ab
457 2695 539 2729 hujus
553 2699 633 2722 :etate
649 2702 696 2722 seu
707 2695 926 2723 saeculoinennte

139 2739 246 2774 quinto,
273 2740 358 2768 fuerit
394 2741 524 2776 gavisus;
551 2742 623 2769 hanc
649 2747 741 2769 autem
772 2742 817 2769 diu
843 2742 924 2769 etiam

140 2785 238 2813 ibidem
268 2794 472 2822 perseverasse,
497 2787 540 2815 vel
555 2795 588 2815 cx
600 2794 633 2814 eo
647 2787 741 2823 liquet,
757 2788 840 2824 quod,
864 2797 926 2816 cum

141 2833 272 2862 Sirmium
289 2842 362 2863 anno
374 2834 485 2862 circiter
505 2834 568 2868 HI,
581 2834 621 2862 uti
636 2834 709 2862 inter
727 2835 848 2862 eruditos
860 2843 925 2862 con—

140 2879 224 2911 venit,
241 2880 275 2907 ab
293 2880 387 2913 Attila,
407 2880 571 2908 Hunnorum
599 2887 674 2916 rege,
690 2880 772 2908 fuerit
787 2888 925 2913 eversum,

139 2925 312 2961 ecclesiaque
334 2927 527 2961 nihilominus,
555 2932 651 2956 sancto
676 2926 814 2955 Demetrio
838 2934 924 2962 sacra,

260 2975 383 3006 Parnm.
410 2976 468 3007 Gn.
484 2975 597 3016 CXVI.

977 990 1075 1021 ofﬁcio,
1092 990 1129 1017 uti
1143 998 1159 1017 o
1171 994 1328 1017 sanctorum
1341 995 1519 1025 patronorum
1532 991 1607 1026 regni
1620 990 1766 1026 llungariaa

977 1035 1073 1063 ofﬁciis
1088 1036 1216 1070 propriis,
1232 1036 1380 1064 annoi705
1388 1036 1498 1063 Viennae
1514 1036 1632 1064 Austriae
1645 1037 1763 1069 excusis,

977 1081 1065 1114 disco,
1088 1089 1137 1116 per
1160 1086 1242 1108 totam
1259 1081 1313 1108 late
1333 1081 1499 1117 IIungariant
1517 1081 1552 1108 26
1567 1081 1692 1111 Oetobtzia
1707 1082 1765 1113 die.

978 1134 1037 1161 quae
1053 1126 1078 1154 ei
1092 1125 1163 1161 apud
1177 1125 1286 1153 Graecos
1300 1133 1377 1153 sacra
1390 1131 1441 1157 est,
1459 1125 1567 1153 colitur.
1583 1126 1622 1153 Ac
1638 1126 1666 1153 in
1689 1127 1766 1154 horis

978 1173 1089 1209 quidem
1107 1172 1256 1204 canonicis,
1274 1179 1336 1206 quae
1354 1171 1389 1198 de
1404 1179 1437 1199 eo
1453 1175 1518 1199 tunc
1540 1171 1687 1199 recitandae
1701 1179 1767 1206 pro-

978 1224 1129 1255 ponuntur,
1148 1223 1203 1246 tres
1220 1218 1364 1250 lectiones,
1382 1221 1506 1253 quartam
1523 1217 1664 1251 videlicet,
1683 1219 1766 1253 quin-

980 1271 1034 1293 tam
1048 1269 1075 1292 et
1090 1269 1207 1294 sextam.
1224 1271 1239 1291 e
1266 1264 1484 1299 tnetaphrasticis
1500 1263 1560 1298 ejus
1580 1264 1655 1291 Actis
1679 1265 1768 1292 maxi-

980 1319 1050 1339 mam
1073 1315 1177 1347 partem
1197 1315 1359 1342 contextas,
1384 1310 1430 1337 ubi
1451 1310 1502 1337 sibi
1531 1310 1654 1345 proprias
1674 1310 1766 1344 habet,

980 1358 1188 1392 orationemque
1202 1357 1264 1384 item
1279 1357 1420 1392 propriam
1434 1376 1441 1389 .
1462 1356 1538 1383 hisco
1561 1357 1652 1384 verbis
1667 1364 1767 1384 conce-

980 1407 1076 1438 ptam:
1096 1411 1104 1429 ι
1123 1402 1205 1434 Deus,
1228 1404 1274 1437 qui
1295 1403 1406 1430 beatum
1422 1401 1591 1429 Demetrium
1616 1407 1766 1437 martyrem

982 1455 1070 1482 tuum,
1086 1450 1220 1477 virtutum
1236 1449 1321 1484 signis
1335 1448 1482 1480 clariﬁcas,
1508 1447 1569 1482 ejus
1589 1455 1638 1475 nos
1659 1456 1770 1482 quaesu-

982 1503 1053 1528 mus,
1068 1496 1225 1524 interventu
1239 1503 1254 1522 a
1272 1495 1380 1522 cunctis
1394 1496 1526 1526 rentibus,
1536 1498 1565 1521 et
1577 1502 1591 1521 a
1608 1494 1695 1527 malis,
1708 1502 1769 1529 qua

982 1549 1032 1576 pro
1044 1542 1083 1569 eis
1097 1549 1244 1576 meremur,
1256 1541 1366 1568 absolve
1379 1541 1523 1575 propitius,
1535 1548 1584 1575 per
1593 1540 1766 1568 Dominum.»

982 1586 1011 1614 In
1028 1586 1109 1614 Missa
1127 1592 1231 1618 autem.
1246 1593 1307 1621 quze
1323 1585 1356 1613 de
1366 1593 1398 1612 eo
1416 1589 1481 1612 tunc
1493 1585 1546 1612 dici
1559 1585 1641 1618 solet,
1653 1593 1770 1620 quaeque

944 1626 964 1652 Ο
982 1632 1035 1660 hoc
1053 1632 1167 1660 introitu
1185 1640 1192 1659 :
1215 1641 1225 1658 ι
1253 1631 1283 1658 In
1298 1632 1400 1658 virtute
1416 1636 1473 1662 tua,
1490 1631 1616 1663 Domine,
1632 1631 1770 1659 laetabitur

979 1678 1079 1714 justus,
1088 1683 1141 1705 etc.
1158 1687 1166 1704 ι
1180 1678 1213 1705 de
1224 1679 1364 1705 communi
1373 1677 1454 1704 unius
1469 1677 1595 1711 martyris
1607 1681 1659 1710 est,
1669 1682 1769 1712 prietes

981 1726 1134 1754 orationem
1152 1726 1208 1760 jam
1227 1724 1367 1752 recitatam
1388 1723 1448 1751 dua:
1464 1723 1534 1755 aliae,
1551 1727 1657 1751 secreta
1671 1723 1769 1751 videli-

981 1778 1024 1802 cet
1040 1772 1195 1806 alteraquc,
1209 1778 1268 1805 qua:
1281 1769 1502 1806 postcommunio
1513 1769 1625 1802 dicitur,
1638 1769 1673 1797 ab
1686 1770 1770 1805 hujus

980 1819 1089 1855 generis
1099 1817 1281 1849 orationibus,
1292 1824 1353 1851 quae
1366 1816 1394 1843 in
1408 1816 1469 1843 aliis
1483 1815 1516 1843 de
1527 1815 1667 1843 communi
1682 1816 1767 1844 unius

981 1866 1137 1901 pluriumve
1165 1869 1314 1900 martyrum
1333 1862 1423 1890 Misais
1450 1861 1503 1889 dici
1528 1862 1631 1895 solent,
1655 1863 1770 1890 omnino

981 1912 1110 1943 diversae,
1126 1911 1158 1938 de
1173 1914 1268 1937 sancto
1284 1908 1434 1940 Demetrio,
1454 1908 1495 1935 uti
1515 1907 1603 1934 Μίδεω
1620 1908 1654 1936 de
1667 1908 1770 1935 sanctis

981 1958 1057 1993 regni
1073 1956 1218 1991 IIungarite
1234 1955 1370 1991 patronis,
1390 1962 1463 1982 anno
1481 1954 1550 1981 1755
1567 1954 1708 1988 Tyrnaria:
1720 1962 1769 1981 ex-

981 2012 1064 2036 custe,
1084 2011 1127 2031 me
1142 2003 1252 2034 docent,
1273 2001 1422 2028 recitandae,
1442 2000 1617 2028 exhibentur.
1634 2000 1672 2027 Ac
1692 2000 1770 2034 prior

982 2051 1091 2086 quidem
1111 2050 1153 2077 his
1171 2048 1272 2081 verbis,
1293 2057 1302 2074 ι
1319 2047 1430 2074 Munera
1447 2051 1552 2077 nostra.
1571 2046 1695 2078 Domine,
1713 2053 1771 2073 ma-

983 2096 1043 2125 ritis
1060 2095 1133 2124 benti
1150 2093 1279 2121 Demetrii
1303 2093 1430 2128 martyris
1447 2092 1505 2123 tibi,
1522 2099 1690 2127 quaesumus.
1706 2091 1770 2119 red-

981 2143 1081 2170 dantur
1098 2145 1226 2175 accepta,
1242 2144 1268 2166 et
1293 2138 1455 2173 nosmetipsi
1471 2143 1577 2173 gratum
1596 2137 1645 2164 tibi
1664 2136 1769 2165 cilicia-

982 2195 1044 2216 mur
1060 2186 1236 2215 sacriﬁcium.
1255 2194 1265 2212 ›
1281 2184 1421 2212 Posterior
1437 2190 1501 2210 vero
1514 2182 1695 2217 sequentibus
1707 2190 1770 2210 rou-

982 2238 1035 2261 stat
1050 2240 1059 2261 :
1077 2242 1086 2259 ‹
1109 2231 1308 2262 Puriﬁcetnoa,
1327 2236 1496 2264 quaesumus,
1508 2228 1633 2260 Domine,
1646 2228 1770 2257 celestis

944 2296 967 2323 Β
983 2287 1083 2306 mensa;
1109 2278 1214 2309 libatio,
1237 2281 1265 2305 et
1280 2295 1287 2307 ,
1314 2274 1502 2302 intercedente
1527 2274 1608 2301 beato
1631 2273 1769 2302 Demetrio

982 2329 1101 2359 martyre
1114 2328 1171 2355 tuo,
1181 2323 1214 2350 ad
1228 2321 1312 2349 vitam
1322 2320 1403 2348 nobis
1416 2319 1544 2356 proliciat
1557 2320 1767 2355 sempiternam.

1015 2370 1076 2397 156.
1092 2370 1179 2404 Atque
1196 2368 1232 2395 ita
1250 2375 1303 2402 quo
1322 2367 1398 2395 cultu
1427 2365 1547 2393 Sanctus
1564 2365 1599 2393 ab
1616 2365 1767 2401 Ilungaris,

979 2423 994 2443 a
1010 2415 1109 2451 quibus
1127 2418 1156 2442 ut
1171 2418 1303 2449 patronus
1320 2413 1429 2446 colitur,
1452 2411 1586 2439 afﬁciatur
1598 2431 1606 2444 ,
1622 2412 1704 2440 modo
1715 2419 1767 2439 ex-

979 2462 1075 2497 posui;
1091 2469 1165 2488 nunc
1180 2468 1265 2496 pauca
1282 2460 1371 2488 adhuc
1384 2459 1418 2487 de
1435 2463 1558 2493 tempore
1571 2478 1579 2491 ,
1595 2465 1650 2493 quo
1665 2458 1724 2486 ﬁeri
1740 2458 1768 2486 id

978 2508 1013 2536 ab
1033 2507 1088 2535 illis
1113 2506 1264 2542 inceperit,
1280 2506 1347 2534 libet
1362 2505 1495 2542 proferre.
1518 2504 1548 2532 In
1567 2503 1630 2531 Vita
1648 2504 1679 2532 Β.
1696 2503 1769 2532 Mar-

979 2558 1089 2589 ευριπ.
1106 2552 1221 2588 virginis
1247 2551 1426 2587 Hungaricat,
1443 2551 1477 2578 ad
1491 2550 1564 2578 diem
1579 2549 1614 2577 28
1629 2549 1765 2583 Januarii,

979 2609 1033 2636 quo
1046 2601 1104 2628 hac
1116 2600 1225 2632 colitur,
1238 2599 1309 2634 apud
1320 2607 1371 2626 nos
1380 2599 1462 2631 edita,
1475 2601 1589 2626 sanctus
1601 2597 1765 2631 Demetrius,

979 2655 1033 2676 una
1049 2655 1111 2675 cum
1129 2646 1179 2674 SS.
1191 2646 1340 2674 Laurentio
1354 2649 1382 2673 et
1398 2643 1769 2676 Bartliolomteo.sanetimo—

978 2695 1043 2722 niati
1062 2694 1171 2721 cuidam
1184 2714 1192 2726 ,
1217 2696 1298 2721 acuta
1322 2692 1391 2720 febri
1411 2691 1558 2722 laboranti.
1582 2689 1766 2726 spectandum

978 2749 1040 2769 sese
1055 2741 1081 2768 in
1098 2746 1196 2768 somno
1212 2738 1330 2770 dedisse,
1348 2744 1477 2772 eamque.
1496 2742 1525 2765 ut
1540 2736 1613 2772 apud
1629 2735 1768 2771 archiepi-

978 2794 1091 2823 scopum
1104 2785 1321 2821 Strigoniensem
1331 2784 1366 2812 de
1377 2782 1544 2811 instituenda
1564 2781 1768 2810 indictaebeatre

978 2835 1137 2869 Margaretze
1170 2831 1344 2859 sanctitatem
1373 2834 1401 2857 et
1428 2829 1560 2857 miracula
1585 2828 1769 2864 inquisitione

979 2883 1083 2914 ageret,
1109 2877 1251 2905 monuisse
1274 2880 1421 2908 narratur;
1444 2881 1529 2909 quare
1555 2881 1618 2901 eum
1643 2873 1720 2905 hinc.
1737 2877 1769 2901 ut

977 2925 1064 2954 beata:
1085 2925 1168 2961 hujus
1195 2916 1321 2959 virginis,
1342 2921 1396 2951 vita
1420 2919 1475 2956 jam
1504 2918 1618 2954 functa,
1633 2919 1768 2949 sanctitas

1560 2965 1597 2998 37
