2049 3151
275 180 343 214 1163

927 180 1249 216 SUl’PLEMENTUM.

1837 185 1908 220 ΗΜ

277 238 460 265 innotesceret
471 255 478 267 ,
497 242 570 263 curas
588 239 685 263 sancto
702 234 841 262 Demetrio
865 235 949 264 fuisse
965 238 1058 265 videa-
1075 246 1095 274 Α
1113 241 1188 275 parvi
1204 240 1351 275 pendebat.
1370 241 1478 268 tandem
1493 241 1603 269 defecit.
1618 240 1785 269 DefectiOnis
1801 243 1906 277 princi-

274 290 329 317 tur,
348 285 420 310 hunc
434 282 468 310 ab
482 282 539 316 illa,
555 282 592 316 in!
602 282 671 309 vivis
682 282 771 310 adhuc
787 284 946 317 superstite,
969 284 1062 319 singu-

274 330 322 358 lari
342 328 518 356 veneratione
535 327 674 360 allectum,
690 328 845 356 verosimile
861 334 950 364 potest
964 330 1061 363 videri,

272 376 434 409 cultumque
459 374 575 410 proinde
598 373 625 400 in
649 373 788 409 llungaria
805 382 819 400 a
838 375 937 402 saeculo
964 376 1062 403 saltem

274 421 356 449 tertio
371 421 489 452 decimo,
514 427 568 455 quo
583 420 679 446 eadem
701 419 780 447 beata
801 420 877 455 virgo
893 422 970 453 obiit,
990 422 1060 450 obti-

275 467 377 495 nuisse.
392 466 494 493 Adluee
522 473 585 493 cum
615 465 764 498 Sirmium,
784 466 829 493 ubi
850 465 980 494 Sanctum
1004 469 1062 502 jam

273 513 337 540 inde
353 513 436 540 etiam
456 520 471 539 a
489 512 590 539 saeculo
603 511 701 546 quinto
716 512 820 538 cultum
835 511 931 545 fuisse,
951 520 966 540 e
979 521 1061 548 supra

271 559 351 586 dictis
377 559 482 593 liquet,
499 557 687 593 llungarorum
706 557 777 591 juris
794 558 842 584 diu
858 563 922 585 ante
935 558 1039 585 dictum
1053 578 1061 591 ,

272 613 326 640 quo
340 605 371 632 Β.
396 596 546 639 Blargareta
568 604 724 639 [iungat-ica
743 603 777 631 ad
793 603 940 631 Dominum
954 604 1061 639 migra-

272 656 320 687 vit,
337 653 588 682 uculumtertium
604 651 742 679 decimum
757 651 902 683 exstiterit,
917 652 963 678 diu
977 652 1060 678 etiam

272 705 335 728 ante
354 702 404 728 hoc
417 703 541 727 sanctum
560 698 727 726 Demetrium
740 699 812 734 apud
829 698 971 733 llungaros
985 698 1061 725 cultu

271 747 459 774 ecclesiastico
473 745 559 773 fuisse
574 745 703 773 allectum
716 763 724 776 ,
741 745 899 780 neutiquam
915 744 980 771 mihi
995 751 1060 772 vero

271 797 385 827 apparet
397 791 532 819 absimile.
549 791 587 819 lta
600 795 724 824 autumo,
735 792 806 826 quod
819 798 874 818 non
886 798 949 818 raro
960 789 1059 817 factum

271 839 317 869 sit,
333 843 363 866 ut
378 838 468 865 Sancti
483 837 637 872 cuiuspiam
655 837 755 870 cultus,
769 837 814 872 qui
831 837 859 864 in
876 845 930 864 una
947 836 1061 864 civitate

271 884 389 918 vigebat.
400 885 432 911 ad
447 883 515 911 alias
526 884 603 918 regni
620 883 741 918 ejusdem
756 883 881 910 civitates
890 883 965 910 brevi
977 883 1060 910 etiam

1114 293 1162 320 pes
1181 286 1312 313 exstitere
1327 285 1424 314 Petrus
1448 292 1476 314 et
1495 286 1578 319 Asan,
1599 287 1652 314 duo
1673 294 1706 314 ex
1729 288 1907 322 antiquorum

1114 333 1249 368 Bulgaria:
1266 341 1359 369 regum
1376 354 1383 366 ,
1402 334 1441 361 uti
1465 334 1618 362 lnnocentii
1639 333 1674 361 ιιι
1698 342 1775 369 papa:
1800 334 1882 363 Gesta
1897 356 1906 369 ,

1113 387 1177 414 pag.
1192 380 1237 412 67,
1254 380 1374 413 docent,
1391 380 1526 415 sanguine
1543 380 1676 415 progeniti
1692 380 1802 407 fratres.
1816 381 1907 416 Atque

1113 426 1141 452 hi
1153 426 1276 461 quidem,
1295 435 1329 454 ne
1343 427 1403 454 sine
1421 434 1501 454 causa
1517 434 1561 454 res
1576 434 1661 454 novas
1673 427 1760 454 moliri
1777 427 1892 455 videren

1115 474 1167 502 tur,
1190 470 1384 506 imperatorem
1407 471 1540 499 lsaacium
1558 472 1701 507 Angelum,
1718 479 1734 498 a
1760 480 1815 507 quo
1839 472 1906 504 sibi,

1113 515 1184 550 quod
1210 517 1321 551 petituri
1342 521 1445 550 essent,
1476 522 1605 552 negatum
1629 517 1663 544 iri
1697 518 1906 552 praevidebant,

1113 561 1246 596 Cypsellis
1264 568 1388 597 agentem
1409 563 1584 595 conveniunt,
1603 563 1709 598 sibique
1723 563 1814 598 exigui
1832 563 1906 590 redi-

1114 611 1158 634 tus
1171 607 1302 642 pra-dium
1318 609 1352 636 ad
1372 608 1496 636 "actuum
1514 613 1636 636 montem
1650 609 1801 644 assignari,
1821 614 1908 644 atque

1113 652 1140 680 in
1153 653 1310 681 Graecorum
1324 654 1446 690 legiones
1461 655 1580 686 admitti,
1596 655 1753 690 postulant;
1765 655 1905 689 repulsam

1112 704 1213 730 autem,
1232 703 1261 727 ut
1277 701 1467 735 prazviderant,
1484 702 1567 736 passi,
1584 701 1695 728 domum
1714 701 1841 731 redeunt.
1858 709 1908 736 pa—

1113 743 1166 771 lam
1183 752 1197 771 a
1217 744 1373 772 Gra‘corum
1392 745 1558 781 imperatore
1574 747 1703 774 deﬁciunt
1715 766 1722 778 ,
1743 747 1908 782 populares-

1113 797 1178 824 que.
1195 795 1224 818 ut
1239 791 1311 818 idem
1328 791 1439 824 faciant,
1456 792 1599 825 alliciunt;
1621 792 1692 828 quod
1717 800 1769 827 qua
1795 794 1906 820 ratione

1113 837 1227 864 omnino
1246 838 1388 873 singulari,
1405 838 1459 865 imo
1484 839 1600 871 exotica,
1623 847 1685 866 cum
1709 840 1760 866 hos
1784 839 1906 866 consilio

1113 889 1175 914 suo,
1193 883 1276 910 cladis
1301 883 1520 917 verosimillime,
1540 893 1556 911 a
1578 884 1727 919 niajOribus
1744 885 1801 911 suis
1818 892 1906 919 pnpe

270 932 405 965 temporis
419 931 508 965 spatio
523 930 607 958 fuerit
623 934 800 965 propagatus.
813 937 863 957 nec
878 930 981 956 Sirmio
994 937 1058 956 san-
1075 924 1095 953 Β
1110 926 1343 962 Thessalonicam,
1355 933 1450 956 sancto
1461 929 1599 956 Demetrio
1612 937 1692 964 opem
1704 929 1821 957 obsessa:
1840 929 1906 956 huic

270 978 306 1006 cti
330 977 461 1005 Demetrii
478 977 593 1008 cultum,
618 978 669 1004 etsi
691 977 802 1003 interim
816 981 924 1009 tempus
936 996 943 1010 ,
960 984 1014 1010 quo
1032 976 1058 1003 id

270 1024 387 1058 primum
406 1023 518 1054 factum,
536 1027 579 1050 sat
594 1029 680 1056 prope
698 1021 809 1048 deliniri
828 1021 900 1049 haud
917 1026 1008 1056 queat,
1025 1020 1059 1047 ad

269 1071 334 1096 alias
348 1069 494 1104 llungariaz
511 1068 594 1096 urbes
609 1067 693 1094 fuisse
709 1071 886 1102 propagatum
900 1087 908 1100 ,
932 1067 1060 1094 dubitanv

269 1115 334 1143 dum
349 1119 491 1150 appareat.

304 1164 364 1191 157.
392 1162 513 1198 llnngari
531 1161 607 1190 enim
618 1182 626 1195 ,
643 1167 704 1189 utut
719 1160 848 1189 Ecclesiae
862 1161 992 1188 Romana:
1009 1167 1058 1188 seu

267 1211 371 1238 Latium
397 1209 467 1236 ritus
488 1208 757 1242 ronsuetudinesque
783 1211 943 1242 sequantur,
959 1206 1057 1234 Deme-

268 1258 349 1284 trium
371 1260 472 1287 tamen,
488 1262 543 1281 non
562 1254 579 1281 8
592 1253 720 1281 Octobris
734 1253 790 1285 die,
800 1260 861 1287 qua:
876 1252 975 1280 Sancto
994 1252 1057 1279 huic

268 1303 339 1338 apud
354 1302 467 1329 Latinos
482 1308 559 1328 saera
585 1304 638 1331 est,
664 1300 711 1327 sed
735 1299 770 1326 26
794 1299 897 1326 mensis
910 1297 1034 1333 ejusdem
1048 1318 1056 1330 ,

268 1357 328 1384 qua;
344 1348 432 1375 eidem
452 1347 523 1381 apud
538 1345 648 1372 Graecos
668 1345 757 1371 dicata
773 1349 830 1376 est,
854 1343 995 1371 celebrare
1011 1350 1056 1369 so-

270 1397 343 1427 lent;
365 1394 389 1420 id
405 1398 495 1419 autem
513 1393 613 1425 (neque
624 1392 697 1418 enim
712 1390 806 1417 Sancti
819 1390 921 1417 cultum
935 1389 1058 1423 proxime

270 1452 284 1468 a
302 1441 403 1468 Grauis
424 1439 564 1472 accepisse
586 1437 725 1471 videntur)
743 1444 796 1463 non
821 1436 872 1462 alia
900 1435 999 1469 potiori
1023 1435 1058 1462 de

268 1493 351 1513 causa
374 1485 430 1511 lirri
449 1485 482 1511 ab
496 1483 537 1510 eis
553 1491 634 1518 posse
649 1482 766 1512 videtur,
784 1488 865 1516 quam
878 1480 950 1514 quod
965 1488 979 1506 a
998 1479 1056 1506 Sir-

268 1531 438 1563 miensibus,
455 1530 500 1564 qui
521 1530 555 1557 ad
575 1537 635 1556 sese
658 1536 672 1555 a
695 1528 797 1556 Graecis
810 1548 817 1558 ,
836 1527 912 1554 urbis
932 1534 987 1554 suae
1010 1525 1056 1552 diu

267 1583 330 1606 ante
358 1577 499 1612 llungaros
523 1575 661 1606 dominis,
691 1572 883 1601 Thessalonica
909 1576 1055 1606 propagato

266 1633 352 1657 more,
374 1633 428 1651 non
445 1624 461 1650 8
484 1623 532 1650 sed
551 1622 586 1648 26
601 1621 726 1648 Octobris
749 1621 793 1648 die
820 1620 945 1646 festivam
962 1617 1055 1645 Sancti

265 1673 353 1699 lucrm
371 1671 509 1697 celebrare
532 1668 665 1698 solebant,
683 1666 869 1693 etclesiastico
885 1664 1054 1692 Demetrium

265 1718 340 1745 cultu
356 1715 502 1750 quotannis
517 1713 668 1741 honorandi
685 1712 912 1738 consuetudinem
940 1719 1053 1745 accepe-

264 1762 419 1789 rint.'l.'tut
445 1762 520 1790 inec,
534 1767 593 1792 qua:
615 1758 710 1784 nescio
732 1766 766 1784 an
791 1763 831 1784 sat
849 1762 924 1783 certo
947 1756 1053 1783 deﬁniri

263 1809 376 1840 queant,
387 1811 446 1830 sese
461 1803 542 1830 etiam
561 1802 689 1831 habeant,
703 1801 793 1828 Sancti
808 1802 932 1836 equidem
948 1802 1052 1830 cultum

264 1851 297 1879 ad
315 1855 397 1877 totam
416 1850 468 1875 late
484 1848 647 1882 liungariam
666 1855 727 1874 esse
748 1852 923 1882 propagatum
939 1868 945 1878 ,
970 1858 1002 1876 ex
1021 1851 1053 1878 iis

263 1904 322 1930 (μιαν
340 1903 421 1929 supra
436 1893 551 1921 disserui
565 1912 572 1924 ,
597 1893 780 1920 indubitatum
799 1898 849 1920 cst.
871 1894 926 1921 Nec
942 1903 1002 1922 cum
1018 1897 1052 1923 ad

262 1942 425 1977 Bulgariam,
445 1939 588 1974 Ilungarian
605 1940 747 1966 linitimam
759 1960 766 1971 ,
793 1939 896 1973 pariter
913 1949 1049 1974 manasse,

262 1990 352 2015 minus
368 1987 550 2014 indubitatum
568 1986 650 2013 debet
668 1985 773 2012 haberi.
787 1985 815 2012 ld
832 1993 847 2012 e
863 1986 934 2013 facto
947 2008 954 2020 ,
971 1988 1052 2022 plane

262 2034 405 2067 singulari,
429 2032 500 2067 quod
527 2040 541 2058 a
559 2031 650 2058 Niecta
667 2031 799 2058 Choniate
818 2031 846 2057 in
868 2031 980 2059 [saucio
995 2033 1050 2060 Αιι-

261 2081 329 2116 gelo,
346 2080 393 2107 lib.
415 2087 434 2111 1,
452 2087 527 2105 num.
546 2078 572 2109 4,
590 2078 606 2105 5
623 2081 650 2105 et
664 2077 679 2104 6
695 2078 821 2108 refertur,
842 2078 985 2112 probatum
1003 2080 1048 2106 do.

261 2126 369 2161 Bulgari
387 2133 459 2152 anno
473 2124 537 2152 10M
548 2123 782 2155 Thessalonicam,
794 2123 972 2158 quadraginta
988 2125 1049 2150 mil-

262 2171 327 2198 lium
343 2171 458 2197 militum
475 2170 607 2199 exercitu.
624 2168 692 2196 duce
710 2168 851 2199 Alusiauo,
870 2169 972 2196 civitati
988 2169 1050 2197 huic

260 2218 451 2252 oppugnanda:
471 2215 591 2243 admoto.
611 2215 637 2240 in
652 2218 816 2249 poteStatem
833 2222 910 2241 suam
927 2216 1050 2250 redigere

1112 974 1215 1002 civitati
1230 982 1286 1002 suae
1303 975 1418 1007 (ciente,
1432 975 1496 1003 olim
1513 980 1642 1010 acceptae,
1655 975 1745 1003 adhuc
1756 983 1905 1008 memores,

1110 1020 1183 1048 haud
1203 1025 1245 1048 sat
1269 1029 1415 1057 propenso,
1440 1025 1499 1049 utut
1515 1022 1605 1049 abacti
1632 1030 1682 1057 per
1699 1022 1753 1050 vim
1779 1023 1900 1057 pecoris,

1109 1069 1340 1103 exactionumquc
1356 1069 1536 1104 quarumdam
1553 1070 1697 1096 occasione
1716 1069 1820 1097 Graecis
1838 1077 1902 1104 gra‘

1109 1113 1221 1141 vissime
1234 1115 1365 1147 olt‘ensos,
1383 1116 1565 1142 assentientes
1578 1115 1743 1148 invenirent,
1759 1115 1901 1142 consecuti

1110 1163 1200 1186 tamen
1218 1159 1338 1192 fuerint,
1355 1160 1421 1188 libet
1439 1161 1505 1194 ipsis
1526 1168 1541 1187 a
1562 1159 1657 1188 Niceta
1677 1160 1811 1188 Choniate
1827 1159 1903 1187 libro

1109 1205 1191 1233 citato
1201 1206 1380 1240 suppeditatis
1393 1207 1484 1234 verbis
1499 1213 1647 1241 exponere.

1146 1250 1207 1278 139.
1225 1250 1270 1278 Sic
1285 1252 1375 1286 itaque
1389 1251 1425 1279 ibi
1440 1259 1516 1278 num.
1533 1251 1550 1283 Ε
1581 1251 1681 1279 habet:
1698 1261 1706 1276 ι
1722 1250 1791 1277 Cum
1805 1250 1901 1277 Blmhi

1110 1295 1300 1332 (Bulgarorum
1323 1297 1427 1324 scilicet
1438 1297 1562 1325 [(Bdcrali
1576 1305 1625 1325 seu
1643 1297 1735 1332 potius
1757 1296 1855 1323 horum
1871 1296 1898 1322 in

1108 1340 1201 1368 ilmsia
1225 1342 1299 1377 pars)
1322 1343 1456 1378 principio
1473 1343 1508 1370 ab
1529 1350 1563 1370 eo
1586 1346 1698 1374 conatu,
1720 1342 1754 1369 ad
1774 1350 1856 1376 quem
1883 1349 1900 1368 a

1107 1387 1190 1413 Petro
1205 1392 1232 1414 et
1251 1388 1342 1415 Asane
1366 1387 1576 1421 inducebantur,
1599 1388 1637 1415 rei
1653 1388 1813 1415 dithcuiaate
1841 1392 1898 1414 ter-

1107 1432 1164 1465 riti,
1180 1433 1361 1461 abhortcrent
1376 1443 1382 1460 :
1396 1434 1506 1468 fratres,
1526 1440 1554 1462 ut
1570 1435 1747 1470 popularibus
1759 1434 1817 1462 suis
1834 1442 1898 1461 eum

1107 1483 1208 1506 metum
1227 1480 1391 1514 adimerent,
1409 1481 1495 1508 aedem
1510 1481 1620 1508 nomine
1632 1481 1753 1515 piam-lari
1769 1480 1898 1515 martyris

1107 1524 1237 1552 Demetrii
1255 1525 1434 1559 aediﬁcarunt,
1456 1527 1483 1553 in
1502 1534 1616 1561 eamque
1636 1527 1737 1553 multos
1750 1526 1900 1553 dzemon‘a-

1107 1579 1153 1598 cos
1171 1572 1313 1607 utriusque
1330 1580 1413 1600 sexus
1426 1578 1584 1609 coegerunt.
1602 1573 1646 1608 qui
1661 1577 1781 1600 cruentis
1796 1577 1822 1599 ct
1834 1580 1899 1607 pcr-

1108 1626 1192 1645 vcrs's
1223 1619 1340 1653 pupillis,
1367 1620 1518 1654 cllusisque
1539 1619 1662 1646 crinibus
1681 1624 1776 1646 caetera
1801 1619 1896 1646 omnia

1106 1663 1241 1697 exquisite
1257 1665 1454 1698 cxprimcbant,
1467 1673 1526 1699 qua:
1540 1665 1565 1691 id
1582 1672 1667 1699 genus
1680 1665 1819 1691 hominum
1832 1671 1897 1698 pro-

1105 1709 1163 1743 pria
1187 1710 1278 1741 habet,
1299 1718 1402 1745 eosque
1425 1710 1559 1737 dou-bant
1582 1711 1610 1737 in
1634 1711 1725 1737 furore
1743 1711 1890 1745 proloqui:

1105 1754 1160 1781 Deo
1171 1755 1257 1781 visum
1275 1763 1344 1787 esse,
1362 1761 1390 1782 ut
1404 1763 1471 1791 gens
1486 1755 1662 1791 Bulgarorum
1679 1762 1706 1783 et
1719 1755 1894 1787 Blachornm.

1104 1800 1232 1827 diuturno
1245 1802 1309 1836 jugo
1324 1809 1447 1831 excusso.
1465 1802 1617 1829 libertatem
1634 1808 1829 1837 consequatur,
1850 1811 1896 1829 ca-

1104 1854 1157 1880 que
1174 1847 1207 1873 de
1222 1855 1303 1874 causa
1321 1848 1421 1874 (.hristi
1438 1854 1587 1883 martyrem
1602 1849 1781 1879 Demetrium,
1798 1849 1893 1876 relicta

1103 1893 1248 1926 metropoli
1276 1892 1471 1920 Thessalonica
1498 1899 1525 1921 et
1551 1895 1620 1924 inde.
1646 1894 1894 1929 Romanorumque

1103 1939 1311 1971 consuetudine,
1337 1939 1370 1966 ad
1395 1940 1470 1974 ipsos
1490 1941 1657 1975 pervenisse,
1680 1941 1839 1975 adiuturum
1868 1942 1894 1968 id

1102 1992 1180 2018 opus.
1198 1984 1280 2018 Igitur
1298 1987 1426 2012 vecordes
1445 1986 1487 2012 isti
1506 1986 1630 2013 homines
1653 1987 1762 2021 paulum
1781 1987 1893 2017 morati.

1102 2035 1129 2057 ct
1154 2031 1244 2058 subito
1271 2031 1372 2064 majore
1389 2032 1486 2066 spiritu
1499 2032 1623 2063 collecto,
1641 2040 1736 2059 rursus
1756 2032 1867 2059 alienati
1882 2053 1891 2063 ,

1102 2076 1320 2110 exagitabantur.
1346 2081 1373 2103 et
1398 2076 1470 2103 clara
1487 2084 1552 2104 voce
1567 2078 1644 2112 quasi
1669 2078 1784 2104 numine
1807 2078 1893 2105 amati

1102 2121 1289 2154 clamitabant,
1320 2131 1374 2150 non
1392 2123 1508 2158 amplius
1525 2123 1634 2151 desidi.e
1653 2132 1714 2151 esse
1730 2125 1832 2154 lorum,
1844 2125 1893 2150 sed

1101 2169 1219 2204 arreptis
1237 2169 1319 2196 armis
1333 2169 1471 2196 Romanos
1482 2170 1650 2198 invadendos
1666 2179 1726 2198 esse
1742 2176 1790 2198 :et
1801 2171 1846 2205 qui
1863 2171 1893 2197 in

1102 2213 1172 2240 bello
1182 2219 1357 2247 caperentur,
1375 2223 1429 2242 non
1443 2217 1643 2244 conservandos
1659 2222 1705 2243 aut
1720 2216 1892 2248 vendendas,

259 2261 383 2289 meditati
409 2264 504 2292 erant;
530 2266 625 2286 verum
648 2266 663 2286 a
692 2258 875 2292 pra'sidiariis,
903 2259 1048 2293 improvisa
1065 2267 1086 2295 ι)
1101 2261 1150 2287 sed
1171 2261 1348 2288 inclementer
1362 2262 1529 2289 occidendos
1538 2270 1609 2293 esse,
1623 2267 1650 2290 et
1666 2271 1748 2298 prece
1763 2268 1789 2290 et
1802 2264 1892 2298 pretio

261 2308 358 2334 horum
375 2305 475 2341 apertis
490 2305 609 2332 civitatis
628 2304 713 2338 portis
738 2304 917 2338 impressione
941 2310 1046 2338 perter-

259 2354 324 2385 riti,
341 2351 445 2387 ingenti
471 2358 583 2378 suorum
604 2355 694 2384 strage
719 2349 745 2376 in
765 2350 866 2384 fugam,
884 2355 978 2378 sancto
996 2351 1046 2378 De-

260 2400 359 2428 metrio
382 2397 684 2428 Thcssalonicensibus,
708 2397 746 2422 uti
771 2396 798 2423 in
822 2396 971 2430 Analectis,
987 2406 1046 2432 qua:

263 2448 378 2476 edendis
395 2447 485 2475 Sancti
500 2446 638 2474 miraculis
652 2445 825 2480 subiungam.
835 2454 850 2473 e
866 2447 988 2474 Cedreno
999 2447 1047 2474 do-

259 2496 339 2527 cebo,
354 2495 451 2530 prurire
470 2501 502 2521 ac
520 2501 572 2528 pro
591 2493 657 2520 urbe
673 2492 815 2519 decertare
832 2493 919 2527 palatii
932 2501 1047 2528 conspe-

258 2547 312 2574 cto,
329 2542 437 2569 fuerant
450 2539 577 2574 coniecti.

285 2588 356 2619 158.
375 2587 482 2622 Bnlgari
506 2593 600 2621 porro,
629 2585 678 2612 liae
701 2588 813 2619 accepta
839 2585 926 2615 clade.
953 2594 968 2612 a
997 2585 1045 2612 Mi-

258 2635 350 2663 chaele
360 2655 368 2667 ,
383 2633 503 2661 Orientis
519 2633 684 2667 imperatore
703 2631 784 2665 hujus
799 2633 919 2659 nominis
933 2637 1042 2667 quarto,

256 2683 366 2717 penitus
379 2682 453 2708 iucrc
466 2680 582 2712 subacti,
595 2679 806 2712 Graecorumque
821 2678 937 2712 imperio
948 2678 1044 2705 exinde

257 2736 342 2764 usque
356 2728 389 2756 ad
407 2733 515 2762 tempus
528 2726 621 2753 lsaacii
643 2724 748 2759 Angeli,
764 2725 810 2759 qui
824 2731 896 2750 anno
912 2724 980 2751 1185
995 2724 1045 2750 im-

256 2782 352 2808 perare
375 2774 489 2808 incepit,
514 2772 637 2807 Bulgaria
665 2771 778 2806 pacilice
802 2770 901 2797 mansit
926 2777 1041 2796 annexa.

258 2820 358 2847 Verum
384 2828 450 2854 gens
469 2820 531 2853 ista,
546 2818 691 2853 angustiis.
709 2817 880 2851 castellisque
908 2816 1040 2850 plurimis,

257 2873 316 2900 qua:
344 2865 488 2899 praeruptis
520 2865 592 2891 saxis
619 2864 780 2891 iiizedilicata
808 2863 943 2893 habebat,
978 2867 1041 2890 tunc

259 2912 338 2946 freta,
358 2916 452 2946 aperte
470 2919 485 2938 a
507 2910 619 2944 Graacis,
648 2917 762 2944 quorum
776 2910 864 2937 ‘ctiani
892 2909 1041 2944 potentiam

1103 2306 1263 2341 repudiatis.
1285 2315 1374 2342 neque
1393 2308 1479 2342 magis
1496 2309 1548 2335 ulla
1570 2309 1755 2336 obtestatione
1786 2310 1892 2336 moveri

1102 2356 1229 2386 oportere
1245 2360 1324 2387 quant
1340 2353 1524 2380 adatnantem.
1539 2353 1607 2381 Tota
1624 2354 1704 2388 igitur
1719 2362 1796 2389 gens,
1817 2362 1832 2380 a
1851 2359 1888 2380 ta~

1101 2398 1174 2425 libus
1194 2399 1303 2425 vatibus
1329 2399 1474 2432 concitata,
1496 2400 1529 2426 ad
1545 2407 1618 2426 arma
1640 2400 1776 2426 concurrit
1790 2419 1797 2429 .
1814 2403 1842 2426 et
1861 2403 1891 2426 ut

1101 2442 1176 2470 initia
1200 2443 1361 2470 deiectionis
1384 2445 1523 2479 auspicata
1547 2444 1669 2475 luerunt.
1697 2445 1782 2480 magis
1806 2445 1891 2471 etiam

1102 2489 1254 2521 credidere.
1283 2489 1367 2517 Deum
1385 2491 1504 2518 libertati
1520 2499 1576 2518 sua:
1591 2492 1690 2519 favere.
1707 2491 1763 2519 Nec
1777 2499 1808 2518 ea
1824 2500 1891 2518 con-

1101 2537 1168 2562 tenti
1185 2536 1213 2562 in
1231 2536 1329 2571 oppida
1345 2542 1372 2564 et
1385 2537 1487 2572 praedia
1505 2539 1540 2565 ab
1555 2537 1648 2565 ll:cmo
1666 2543 1769 2565 remota
1784 2538 1892 2566 didun-

1099 2583 1209 2610 duntur.
1229 2593 1238 2610 ι

1136 2629 1197 2656 MO.
1215 2629 1364 2658 Enimvero
1374 2630 1512 2665 singulare
1530 2639 1655 2665 prorsus,
1671 2631 1762 2666 utjam
1779 2631 1889 2662 monui.

1098 2683 1114 2702 a
1129 2675 1221 2704 Niceta
1234 2676 1279 2704 hic
1294 2677 1423 2709 relatum,
1438 2676 1615 2712 Bulgarorum
1631 2678 1782 2712 principum
1811 2676 1888 2704 i'ctri

1098 2728 1125 2750 et
1145 2723 1242 2750 Asanis
1264 2723 1363 2751 factum
1376 2725 1383 2751 l
1397 2724 1486 2758 Atque
1510 2724 1536 2751 id
1556 2724 1677 2759 quidem,
1699 2728 1759 2750 utut
1772 2723 1887 2750 minime

1097 2771 1279 2804 probandum,
1293 2770 1472 2805 Bulgarorum
1491 2776 1594 2802 tamen,
1614 2776 1707 2806 utpote
1723 2771 1766 2805 qui
1783 2778 1816 2796 eo
1833 2770 1888 2797 im-

1097 2817 1166 2850 pulsi
1182 2816 1208 2843 in
1227 2817 1298 2844 Petri
1313 2822 1340 2844 ct
1354 2818 1454 2844 Asanis
1469 2817 1582 2844 consilia
1609 2817 1809 2847 concesserint,
1825 2816 1888 2843 exi-

1098 2862 1177 2889 miam
1202 2869 1265 2897 erga
1281 2870 1404 2890 sanctum
1430 2863 1596 2890 Demetrium
1613 2862 1816 2890 venerationem
1836 2869 1882 2888 ος·

1099 2907 1195 2943 tendit,
1221 2908 1258 2935 uti
1273 2908 1355 2936 etiam
1384 2913 1489 2944 quanto
1518 2909 1546 2938 in
1570 2908 1661 2945 pretio
1673 2907 1766 2936 Sancti
1788 2907 1883 2943 hujus,
