2049 3151
171 212 240 245 “‘65

639 209 668 238 S.
691 206 879 238 DEMETRII
903 205 1100 235 MARTYRIS
1121 204 1228 234 ACTA.

1720 204 1789 238 1166

171 261 956 303 majoribussnisolim.utjamdocui.maximcauchSati.
971 261 1051 290 Avir
1067 260 1139 288 haud
1164 260 1240 287 rudis
1265 259 1411 293 exstiterit,
1439 266 1523 295 eaque
1550 267 1611 295 qua:
1640 260 1667 288 in
1684 260 1790 289 litteras

172 313 356 349 patrocinium
371 312 515 340 habuerint
529 321 536 345 ',
554 316 584 338 ut
599 319 674 343 sane,
696 310 760 345 quin
776 309 805 341 ii,
826 315 953 343 prospera

174 360 274 387 deinde
297 360 427 386 adversus
442 358 562 388 Graecos.
575 363 691 392 quorum
709 356 801 390 iugum
822 361 953 381 cxcusm-

172 411 245 436 rant,
268 405 374 433 fortuna
400 405 454 435 usi.
482 408 575 430 sancto
600 408 693 430 nostro
722 401 845 436 martyri,
870 407 950 434 quem

171 451 243 478 Petri
256 455 284 478 et
301 451 398 478 Asanis
412 450 517 477 artibus
534 449 620 476 delusi
634 449 660 475 in
677 446 840 481 Bulgariam,
861 446 954 472 relicta

171 497 366 524 Thessalonica
374 495 584 530 Graecorumque
598 495 689 527 tutela,
701 494 840 528 migrasse,
849 492 956 526 sibique

172 542 422 577 patrocinaturum.
439 541 583 573 rebantur,
599 540 701 568 cultum
725 539 820 570 etiam,
838 537 955 564 maxime

170 587 198 614 in
225 586 351 617 ecclesia.
379 594 460 621 quam
487 587 512 613 ci
536 585 633 612 Petrus
650 589 677 612 et
701 584 773 612 Asan
797 586 954 614 erexerant,

170 633 301 667 deinceps
330 632 490 664 detulerint,
519 630 699 659 dubitandum
725 636 780 656 non
807 631 955 662 appareat;

170 679 229 706 imo
244 686 319 711 vero,
336 686 396 705 cum
413 677 510 704 Petrus
523 681 551 704 et
563 677 645 709 Asan,
662 683 716 710 quo
733 675 760 701 in
778 678 869 708 partes
891 680 955 699 suas

173 725 317 760 Bulgaros.
341 724 486 759 populares
512 730 587 754 suos,
612 722 792 752 attraherent.
815 719 958 749 auxilium,

173 780 231 800 non
245 772 358 799 alterius
372 771 561 805 cujuscunque
578 769 681 800 Sancti.
698 767 744 795 sed
771 765 960 794 Demetriirtis

174 818 332 846 adfuturum
360 817 412 844 sibi
433 814 697 843 comminiscendum
727 812 866 844 duxerint,
888 811 961 838 hunc

171 865 258 891 etiam
272 863 344 898 apud
359 863 501 897 Bulgaros.
513 869 574 888 cum
589 861 722 892 nondum,
734 859 816 886 Petro
831 862 857 885 et
871 858 961 884 Asano

174 909 368 939 suadentibus,
385 915 460 934 arma
476 907 503 933 in
522 906 642 937 Graecos,
658 912 711 939 quo
725 911 785 931 sese
808 903 835 930 in
848 902 961 929 liberta-

177 960 232 981 tetn
257 957 421 985 assererem,
451 951 641 986 arripuissent,
657 950 774 977 maxima
793 949 820 975 in
845 955 960 975 venera-

176 999 254 1025 tione
287 997 384 1029 fuisse,
417 997 575 1030 cultumque
605 994 766 1024 obtinuisse.
805 991 959 1019 verosimile

176 1044 259 1072 etiam
272 1047 393 1078 apparet.
411 1042 479 1070 Utut
489 1042 533 1074 sit,
543 1049 605 1069 curn
619 1041 755 1076 equidem.
767 1039 828 1074 quis
839 1038 961 1073 qualisve

178 1091 204 1118 is
221 1091 315 1122 fuerit,
330 1094 504 1125 perspectum
531 1089 603 1115 haud
630 1088 753 1118 habeam.
772 1086 866 1120 sicque
893 1083 962 1111 nihil

177 1135 307 1170 amplius,
322 1142 376 1170 quo
390 1143 420 1162 ea
435 1135 469 1162 de
486 1141 513 1161 re
527 1134 656 1161 lectorem
671 1132 810 1161 edoceam,
824 1132 961 1161 occurrat,

179 1182 214 1209 ad
228 1182 331 1209 cultum
348 1181 573 1212 ecclesiasticum,
589 1179 688 1207 Sancto
706 1183 798 1205 uestro
814 1176 877 1204 alibi
895 1183 963 1210 pra:-

179 1231 255 1255 terea
272 1227 402 1258 delatum,
418 1233 571 1253 sermonem
587 1225 641 1259 jam
661 1228 802 1251 converto.

216 1273 277 1300 Ml.
306 1272 465 1299 Anastasius
490 1269 716 1298 Bibliothecarius
741 1268 768 1295 in
791 1266 962 1298 Praefatione,

176 1327 262 1354 quam
278 1319 370 1346 Sancti
386 1318 470 1346 nostri
485 1317 618 1349 Passieni.
633 1323 648 1342 a
673 1322 702 1341 se
718 1318 852 1341 contextae
867 1312 964 1340 Carolo

175 1365 264 1393 Calvo
295 1365 350 1400 (adi
372 1372 448 1391 num.
471 1363 514 1397 Η)
544 1369 620 1390 suam
649 1361 720 1388 hanc
747 1359 964 1387 lucubrationetn

179 1411 346 1441 inscribens.
361 1409 501 1444 praemisit.
520 1409 556 1436 ita
576 1407 626 1435 sub
642 1406 747 1434 initium
764 1403 881 1439 principi
901 1402 964 1430 huic

176 1457 320 1492 loquitur:
344 1465 353 1482 ι
371 1455 446 1482 Beati
464 1454 604 1485 Demetrii.
622 1450 870 1480 Thessalonicensis
892 1455 967 1475 mar-

176 1503 260 1538 tyris,
274 1501 433 1531 Passiouem
453 1507 534 1535 atque
551 1499 692 1530 miracula.
717 1496 890 1525 hortantibus
909 1494 966 1521 fra-

176 1548 282 1580 tribus,
296 1552 324 1575 et
341 1547 458 1574 maxime
473 1546 531 1572 viro
549 1543 713 1579 peritissimo
725 1541 830 1568 Joanne
839 1540 964 1571 diacono,

181 1599 281 1622 vestra:
290 1593 350 1620 fidei
364 1593 480 1627 puritate
494 1599 525 1618 ac
533 1591 654 1618 scientiae
669 1588 792 1616 claritate
812 1585 965 1615 notissimo,

182 1645 273 1672 nuper
288 1638 322 1664 de
337 1635 431 1663 Gimco
453 1635 481 1661 in
501 1634 626 1662 Latinum
648 1632 773 1660 transtuli
791 1637 965 1660 sermonem;

182 1683 231 1718 qui
247 1690 295 1717 pra
304 1682 377 1709 fatus
388 1680 508 1708 Joannes
525 1679 606 1713 hujus
621 1677 745 1712 martyris
761 1678 786 1703 in
802 1677 883 1703 domo
906 1674 968 1709 qui-

182 1730 246 1757 dem
262 1736 310 1755 sua
328 1727 405 1754 mira:
431 1726 603 1760 antiquitatis
624 1729 650 1751 et
677 1722 888 1759 pulchritudinis
907 1728 968 1747 ora-

183 1774 286 1801 torium
302 1773 430 1802 habebat,
445 1776 535 1798 tamen
551 1770 638 1804 qualis
667 1769 717 1795 istc
746 1772 849 1802 martyr
865 1765 968 1793 Christi

185 1825 270 1850 esset.
283 1818 431 1853 ignorabat.
450 1816 505 1852 Ego
521 1824 595 1848 vero,
608 1816 811 1849 sicutexpertus
826 1820 884 1839 sum
897 1811 969 1846 apud

185 1865 420 1895 Thessalonicam,
438 1863 482 1889 ubi
500 1862 645 1897 pretiosum
663 1867 761 1894 corpus
777 1859 835 1892 ejus
853 1857 967 1890 redolet,

185 1917 212 1939 et
230 1911 373 1946 splendore
393 1908 587 1936 miraculorum
607 1907 732 1941 refulget,
747 1904 851 1931 innotui
881 1904 906 1930 ci
922 1911 969 1938 per

183 1959 322 1985 ordinem.
344 1967 352 1982 ι
370 1956 499 1986 Joannes.
517 1955 561 1981 hic
581 1954 614 1979 ah
628 1952 773 1979 Anastasio
788 1950 970 1976 Bibliotheca-

186 2005 228 2031 rio
242 2006 418 2031 memoratus.
435 2002 463 2027 S.
479 2001 512 2026 ῐὶ.
534 1999 563 2025 Ε.
579 1999 596 2025 d
608 2006 710 2025 aeonus
729 2000 797 2026 erat.
822 1996 969 2029 [totumque

187 2048 315 2084 proinde,
332 2053 361 2074 ut
374 2045 552 2073 dubitandum
567 2052 620 2070 non
637 2047 759 2077 apparet,
783 2042 970 2068 commoraba-

186 2101 254 2126 tur;
274 2101 368 2128 quare,
388 2092 410 2119 si
430 2092 504 2118 mira:
520 2090 688 2124 antiquitatis
704 2088 971 2123 pulchritudinisque

188 2140 350 2170 oratorium,
363 2138 434 2172 quod
453 2137 507 2169 hic,
526 2136 671 2162 Anastasio
688 2142 737 2169 per
760 2135 842 2160 verba
858 2134 970 2160 recitata

188 2190 317 2215 testante.
332 2185 358 2211 in
376 2185 457 2210 domo
475 2191 523 2209 sua
538 2182 643 2212 habuit,
662 2180 743 2207 fuerit
760 2180 858 2214 reipsa.
876 2179 914 2206 uti
928 2179 971 2206 hic

189 2233 307 2266 scriptor
334 2238 394 2258 sese
433 2229 585 2256 aestimasse
613 2227 728 2258 indicat,
757 2231 849 2253 sancto
876 2228 971 2252 nostro

1006 308 1091 341 misit,
1107 311 1149 334 sat
1165 306 1309 341 diligenter
1334 305 1504 334 examinasse
1530 307 1665 340 videatur,
1680 315 1724 334 res
1747 313 1791 335 ut-

1004 362 1113 390 cunque
1131 353 1284 381 verosimile
1297 357 1379 387 queat
1390 353 1496 380 haberi.

1044 401 1104 428 “‘2.
1121 400 1184 427 Pari
1204 399 1261 427 fere
1273 399 1306 426 de
1324 407 1418 432 causa,
1434 403 1564 427 nostrane
1578 400 1612 427 de
1626 400 1736 435 Sancto,
1755 410 1788 428 an

1007 450 1041 476 de
1060 449 1112 475 alio
1129 448 1294 482 homonymo
1309 446 1432 476 Carolus.
1447 446 1620 474 Nox-ariensis
1633 449 1790 482 cpiscopus.

1009 496 1072 522 dum
1089 493 1287 521 lucubrationis
1300 501 1315 520 a
1327 501 1355 520 se
1373 494 1521 526 adornata,
1547 501 1627 527 quam
1644 494 1790 520 Novariam

1009 539 1162 575 inscripsit,
1194 539 1240 565 lib.
1263 547 1281 572 ι,
1303 546 1363 574 pag.
1381 538 1432 566 184
1456 538 1493 565 ita
1521 538 1637 566 scribit:
1657 547 1665 564 ι
1688 538 1792 566 Colitur

1009 586 1143 621 (Noraria-
1160 585 1301 620 nimirum)
1320 584 1346 611 in
1365 584 1457 611 eadem
1476 584 1591 611 ecclesia
1623 585 1708 612 sancti
1727 585 1792 612 Julii

1010 633 1090 659 etiam
1107 631 1260 658 Demetrius
1276 635 1379 666 martyr
1396 631 1442 658 die
1457 631 1485 658 l‘l
1504 630 1577 661 Maii.
1594 630 1700 665 fuitque
1719 631 1744 658 in
1762 640 1792 658 tt!

1010 678 1094 705 altare
1113 677 1138 704 ei
1162 677 1304 709 dicatum;
1329 677 1363 704 de
1390 676 1471 712 cujus
1497 680 1589 703 tamen
1613 676 1794 703 translatione:

1011 723 1079 750 nihil
1093 723 1191 754 habeo.
1219 722 1291 757 quod
1302 722 1431 755 referam,
1451 731 1460 748 ι
1477 729 1632 750 sermonem
1657 723 1791 753 instituat.

1012 769 1191 796 dubitandum
1217 768 1354 801 existimo.
1378 773 1507 803 certeque
1536 768 1569 796 de
1588 768 1642 795 alio
1657 767 1796 795 Demetrio

1012 820 1141 850 martyre,
1159 823 1240 849 quam
1267 815 1301 842 de
1329 820 1432 846 nostro.
1451 815 1525 849 loqui
1553 815 1642 849 ipsum
1669 815 1797 842 credide-

1015 861 1079 893 rim,
1095 860 1117 887 si
1133 860 1317 888 Novarienscs
1334 860 1476 894 Demetrii,
1490 867 1570 894 quem
1593 860 1622 887 ll
1640 859 1713 893 Maii,
1727 859 1798 888 forte

1013 907 1085 941 quod
1097 907 1150 934 hoc
1165 906 1208 933 die
1221 914 1328 934 sacrum
1345 906 1418 932 illius
1432 913 1532 940 corpus
1543 906 1608 933 olim
1625 906 1795 941 acceperint.

1013 953 1042 980 in
1061 952 1152 980 Sancti
1180 952 1245 979 Julii
1265 952 1380 979 ecclesia
1405 951 1509 983 colunt.
1538 952 1674 987 integrum
1705 952 1738 979 ad
1767 961 1798 980 se

1015 1004 1114 1031 corpus
1141 997 1287 1032 aliquando
1304 997 1389 1024 fuisse
1420 996 1593 1029 translatum,
1619 997 1796 1026 contendant.

1016 1051 1063 1071 seu
1095 1043 1184 1078 potius
1212 1043 1346 1078 hodieque
1374 1047 1421 1070 aut
1449 1043 1545 1070 saltem
1569 1043 1635 1070 olim
1662 1043 1796 1079 integrum

1016 1089 1198 1123 possederint.
1225 1088 1379 1120 Rationem,
1403 1088 1438 1116 ob
1463 1096 1544 1123 quam
1572 1088 1607 1116 ita
1631 1089 1797 1122 existimem,

1016 1135 1134 1169 quisque
1161 1134 1258 1165 exiis.
1288 1142 1348 1169 qua:
1377 1142 1454 1162 num.
1483 1134 1564 1162 tttde
1592 1135 1679 1163 sacris
1704 1135 1799 1163 Sancti

1017 1180 1100 1207 nostri
1116 1180 1241 1215 reliquiis
1255 1187 1415 1215 corporeve.
1442 1180 1638 1207 Thessalonica
1654 1189 1797 1216 nunquam

1017 1226 1070 1253 alio
1084 1226 1233 1253 secundum
1259 1233 1355 1254 omnes
1369 1226 1410 1253 sui
1433 1231 1523 1261 partes
1550 1231 1656 1260 avecto,
1671 1227 1798 1259 disserui,

1017 1271 1098 1299 facile
1120 1272 1262 1307 intelliget.
1289 1271 1374 1300 Porro
1406 1279 1456 1299 nec
1486 1273 1594 1305 melius,
1625 1272 1801 1301 Demetrione

1017 1321 1124 1349 nostro.
1154 1325 1188 1344 an
1233 1318 1312 1344 alteri
1344 1318 1455 1353 martyri
1484 1318 1649 1354 homonymo
1687 1319 1801 1346 ecelesia

1018 1362 1154 1396 paraecize.
1188 1362 1282 1388 Sancti
1313 1361 1443 1389 Demetrii
1470 1363 1582 1390 nomine
1610 1363 1637 1389 in
1662 1362 1802 1390 Britannia

1020 1407 1175 1434 Aremorica
1194 1406 1341 1441 insignit-ar,
1368 1415 1428 1442 quae
1455 1407 1484 1434 in
1512 1406 1573 1435 Vita
1592 1412 1694 1435 sanctae
1717 1407 1803 1437 Gilda

1020 1453 1136 1485 abbatis.
1155 1453 1188 1480 ad
1202 1452 1237 1480 29
1251 1452 1376 1481 Januarii
1393 1454 1477 1486 diem,
1492 1460 1547 1488 quo
1564 1453 1588 1482 is
1604 1453 1715 1487 colitur,
1730 1455 1803 1489 apud

1021 1507 1071 1527 nos
1086 1500 1168 1531 edita,
1197 1507 1274 1527 num.
1300 1499 1335 1526 27
1360 1504 1539 1533 memoratur,
1567 1504 1726 1528 consecrata
1755 1500 1801 1532 sit,

1021 1547 1109 1575 habeo
1128 1549 1314 1581 perspectum.
1329 1545 1429 1572 Verum
1448 1546 1500 1573 alia
1526 1550 1659 1581 praeterea
1676 1546 1803 1579 ecclesia,

981 1609 1001 1637 ϐ
1021 1599 1102 1628 quam
1118 1596 1213 1619 sancto
1232 1596 1326 1618 nostro
1352 1591 1490 1618 Demetrio
1514 1596 1680 1619 exstructam
1707 1600 1804 1620 conse-

1019 1643 1176 1670 cratamque
1190 1635 1285 1667 fuisse,
1303 1635 1484 1663 indubitatum
1499 1640 1551 1670 est,
1563 1636 1608 1664 hic
1624 1638 1705 1664 modo
1721 1638 1802 1665 etiam

1020 1682 1194 1710 memoranda
1209 1682 1338 1710 occurrit.
1499 1676 1504 1681 ”

1056 1729 1116 1756 145.
1130 1728 1280 1763 Cyprianus
1294 1727 1403 1763 quidam
1419 1728 1446 1755 in
1459 1727 1548 1755 Al‘iiea
1564 1729 1719 1764 episcOpus,
1733 1729 1804 1757 infe-

1020 1774 1116 1806 liciter,
1131 1774 1169 1801 uti
1193 1773 1384 1800 .lliraculorum
1407 1774 1568 1801 edendorum
1587 1774 1633 1801 lib.
1649 1782 1679 1807 η,
1694 1782 1755 1810 cap.
1772 1775 1802 1806 6,

1020 1820 1084 1847 sede
1098 1825 1196 1850 tamen.
1212 1827 1293 1853 quam
1303 1819 1347 1846 hic
1364 1819 1517 1854 occuparit,
1530 1820 1653 1854 nuspiam
1674 1820 1804 1849 indicata.

1020 1870 1196 1895 memoratur.
1215 1873 1230 1892 a
1251 1865 1350 1898 Slavis,
1367 1873 1428 1892 cum
1447 1866 1624 1901 Bylantinum
1640 1866 1740 1901 negotii
1755 1873 1805 1893 cu-

1019 1911 1137 1945 iuspiam
1151 1918 1230 1937 causa
1246 1915 1363 1944 peteret.
1378 1915 1483 1944 captus,
1498 1913 1648 1945 duramque.
1659 1910 1696 1937 ita
1711 1912 1737 1937 in
1749 1918 1806 1938 scr-

1020 1958 1134 1983 v'tutem
1154 1955 1277 1988 delapsus
1297 1955 1331 1981 ab
1350 1959 1498 1989 apparente
1512 1955 1563 1982 sibi
1583 1958 1678 1982 sancto
1708 1955 1804 1982 Demc-

1022 2003 1074 2029 trio
1090 2010 1172 2036 seque
1187 2002 1246 2031 viae.
1261 2009 1314 2036 qua
1325 2000 1547 2029 Thessalonicam
1573 2001 1728 2036 aufugeret,
1753 2002 1803 2030 du-

1022 2056 1080 2075 ccm
1097 2048 1234 2082 praebente
1251 2048 1277 2074 in
1293 2047 1447 2074 libertatem
1467 2048 1518 2074 fuit
1539 2051 1670 2075 assertus.
1690 2047 1760 2075 Ilinc
1775 2048 1802 2075 in

1022 2093 1141 2120 Africam
1164 2102 1299 2126 reversus,
1320 2102 1372 2127 quo
1390 2101 1450 2120 sese
1465 2097 1560 2120 saneto
1577 2092 1739 2127 Sospitatori
1754 2101 1806 2120 suo

1022 2143 1124 2175 gratum
1138 2139 1289 2170 exhiberet,
1302 2140 1434 2173 templum
1446 2138 1562 2172 insigne,
1574 2145 1653 2172 opem
1667 2138 1691 2165 ei
1707 2138 1805 2166 iterum

1023 2184 1183 2212 mirabiliter
1201 2185 1304 2212 ferente
1327 2189 1422 2211 sancto
1443 2188 1579 2218 martyre,
1597 2183 1746 2216 exstruxit,
1766 2185 1807 2211 ei-

1023 2230 1139 2264 demque
1154 2230 1298 2257 dedicavit.
1311 2229 1395 2256 Porro
1411 2236 1472 2256 cum
1488 2229 1649 2256 miraculum
1661 2249 1668 2261 ,
1691 2229 1763 2264 quod
1779 2229 1806 2255 in

189 2278 304 2312 martyri
336 2282 540 2306 consecratum,
570 2273 770 2301 consectarium
806 2279 822 2298 e
851 2271 972 2298 recitat's
990 2283 1011 2310 ι)
1025 2276 1124 2303 laudati
1141 2276 1261 2310 episcopi
1281 2275 1395 2310 gratiam
1412 2274 1528 2302 Sanctus
1551 2274 1680 2310 patravit,
1708 2275 1808 2302 seculo

189 2323 325 2351 Anastasii
340 2323 430 2349 verbis
441 2323 504 2354 erit,
515 2326 544 2348 ut
563 2321 586 2348 is
601 2321 681 2347 etiam
696 2319 799 2350 limum.
816 2323 843 2345 et
862 2318 971 2352 quidem

187 2376 252 2397 ante
268 2369 396 2397 saeculum
415 2374 528 2399 nonum,
546 2374 599 2400 quo
611 2366 682 2393 idem
699 2364 971 2396 Anastasiuslloruit.

189 2417 372 2452 qualicunque
389 2416 483 2443 saltem
499 2414 573 2442 cultu
599 2413 784 2440 ecclesiastico
811 2412 893 2439 fuerit
924 2419 973 2446 ga-

189 2464 274 2491 visus.
302 2463 400 2490 Verum
437 2469 499 2488 cum
527 2461 582 2487 duo
612 2460 693 2486 etiam
713 2459 796 2486 Italiae
826 2464 971 2493 martyres,

190 2509 319 2537 Demetrii
331 2509 441 2536 nomine
452 2507 585 2539 distincti,
593 2507 663 2534 alter
673 2506 791 2538 Verulis,
803 2505 870 2532 alter
879 2505 971 2538 Ostiae,

190 2555 216 2581 in
237 2554 360 2581 Romano
376 2553 569 2589 martyrologio
591 2553 775 2584 ascribantur.
793 2559 844 2578 nec
857 2553 974 2578 Anasta-

190 2601 248 2627 sius
265 2600 424 2634 quidquam,
445 2607 459 2624 e
479 2606 533 2633 quo
561 2604 590 2625 se
618 2597 796 2628 Demetrium,
824 2597 972 2624 oratorium

191 2646 217 2672 in
234 2646 348 2674 Joannis
372 2645 479 2672 diaconi
498 2644 580 2671 domo
601 2643 758 2675 habentem,
779 2643 973 2678 homonymum

190 2699 252 2719 e—se
280 2691 554 2718 Thessalonicensem
589 2693 748 2723 martyrem.
767 2688 916 2723 collegerit.
947 2689 974 2715 in

192 2738 312 2764 medium
329 2738 454 2769 adducat.
483 2736 602 2763 tueritne
631 2734 783 2762 Demetrius
812 2739 927 2765 noster,‘
940 2742 974 2761 an

193 2783 264 2811 alius
283 2789 396 2811 sanctus
424 2783 619 2817 homonymus,
649 2781 739 2815 reipsa
756 2780 848 2807 Roma:
876 2780 976 2807 smequ

193 2836 267 2857 nono
281 2838 313 2858 ac
329 2831 397 2857 ferte.
411 2829 491 2856 etiam
516 2828 598 2855 citius
609 2826 710 2858 cultus.
727 2825 793 2853 solis
823 2825 876 2853 huc
901 2830 975 2852 tran-

194 2875 303 2910 scriptis
320 2875 456 2903 Anastasii
471 2874 561 2901 verbis
576 2873 686 2900 innixus
703 2880 752 2907 pro
769 2877 844 2905 certo
865 2878 975 2898 assere-

195 2927 254 2948 rare
271 2929 324 2948 non
354 2923 452 2954 ausim,
473 2921 533 2948 licet
552 2919 674 2951 interitu,
693 2917 763 2953 quod
793 2917 836 2944 hic
858 2917 976 2952 scriptor

1024 2330 1097 2349 nono
1112 2327 1158 2349 aut
1175 2322 1244 2349 forte
1261 2322 1341 2348 etiam
1365 2321 1446 2356 paulo
1459 2321 1550 2352 citius,
1568 2321 1607 2348 uti
1621 2321 1648 2348 in
1662 2320 1808 2349 Adnotalis

1024 2369 1110 2395 cidem
1127 2367 1274 2395 subdendis
1286 2367 1400 2397 docebo.
1415 2368 1553 2400 evenerit,
1574 2372 1679 2394 certum
1694 2367 1807 2394 omnino

1024 2419 1076 2446 est.
1093 2414 1119 2441 in
1142 2415 1261 2441 Africam
1277 2418 1333 2442 tum
1349 2414 1429 2441 etiam
1446 2419 1624 2449 propagatum
1650 2415 1736 2442 fuisse
1757 2415 1809 2442 De-

1025 2461 1113 2487 metrii
1125 2461 1210 2487 nostri
1222 2460 1334 2493 cultum,
1345 2467 1424 2494 quem
1440 2459 1538 2486 ibidem
1548 2459 1630 2487 etiam
1643 2460 1809 2487 incrementa

1027 2506 1158 2540 temporis
1183 2505 1259 2540 lapsu
1283 2505 1444 2540 sumpsisse.
1469 2504 1510 2532 fas
1526 2508 1570 2532 est
1594 2505 1720 2540 colligere
1736 2505 1779 2533 vel
1793 2513 1810 2532 e

1027 2552 1103 2585 solis.
1119 2553 1219 2587 quibus
1233 2551 1356 2579 miraculi
1372 2552 1451 2578 istius
1466 2552 1598 2582 narratio.
1616 2552 1649 2578 ab
1668 2551 1810 2585 Anastasio

1026 2598 1237 2625 Bibliothecario
1252 2597 1280 2624 in
1294 2597 1486 2632 compendium
1502 2601 1654 2630 contracta.
1669 2598 1740 2633 apud
1756 2597 1811 2624 Ma-

1026 2643 1169 2671 hillonium
1184 2647 1250 2670 tom.
1268 2643 1277 2669 l
1293 2642 1411 2669 Veterum
1427 2641 1614 2668 Analertorum
1629 2649 1691 2678 pag.
1704 2643 1739 2670 95
1755 2647 1810 2670 tero

1027 2689 1157 2721 minatur,
1173 2688 1351 2722 sequentibus
1367 2687 1443 2714 hisce
1455 2687 1545 2715 verbis
1562 2696 1569 2714 :
1587 2696 1597 2713 ι
1611 2687 1664 2714 Per
1673 2689 1812 2715 orationes

1027 2735 1086 2769 ejus
1106 2734 1203 2768 (sancti
1225 2733 1354 2760 Demetrii
1371 2733 1509 2768 videlicet)
1525 2734 1547 2760 si
1563 2734 1625 2768 quis
1644 2732 1771 2761 infirmus
1784 2734 1811 2762 in

1027 2781 1120 2808 eodem
1135 2779 1235 2815 templo
1246 2787 1294 2814 per
1307 2778 1474 2814 Cyprianum
1487 2786 1585 2814 nempe
1594 2781 1750 2815 episcopum
1764 2788 1813 2808 ex—

1028 2830 1142 2858 structo)
1164 2825 1279 2853 devotus
1294 2825 1445 2857 advenerit,
1471 2825 1495 2852 si
1510 2830 1660 2860 perunctus
1678 2826 1761 2854 fuerit
1778 2827 1813 2855 de

1028 2873 1088 2899 oleo
1098 2871 1231 2907 lampadis
1247 2871 1316 2905 ejus.
1330 2871 1403 2899 illico
1417 2871 1568 2898 sanabitur.
1589 2880 1599 2897 ι

1066 2918 1126 2946 tu.
1147 2917 1214 2944 Huic
1232 2925 1312 2953 porro
1333 2915 1465 2951 ecclesia,
1479 2923 1572 2952 quam,
1588 2918 1692 2946 nomini
1705 2925 1754 2946 suo
1767 2912 1810 2946 sa-
