2039 3150
209 164 279 196 'llCi

867 162 1195 194 SUPPLEMENTUM.

1778 162 1847 196 MSS

210 227 297 253 cram,
317 219 434 247 Sanctus
451 219 478 246 in
495 218 585 246 Africa
597 219 703 252 habuit,
719 219 804 246 altera
820 219 920 252 adhuc,
938 227 1001 254 pro-
1016 221 1039 249 A
1052 219 1112 252 siis,
1128 218 1176 246 sed
1187 224 1214 246 et
1227 218 1350 254 pluribus
1369 219 1430 246 aliis
1446 218 1572 247 Ecclesia
1585 218 1763 247 occidentalis
1778 219 1846 248 locis

211 267 255 294 cul
271 267 304 294 ab
324 274 355 294 ea
371 270 485 297 remota,
507 273 588 301 qua-ii
607 266 759 294 dedicatam
781 265 831 294 sibi
846 266 1003 293 Demetrius

212 315 239 341 in
257 312 430 348 Cappadocia
447 313 512 339 olim
531 312 642 344 habuit,
660 312 833 348 adiungenda
849 317 902 340 est.
923 312 960 339 lta
979 317 1004 339 te

211 360 405 387 Miraculorum
431 359 590 386 edendorum
608 359 669 386 libri
692 359 777 392 tertii,
800 367 861 394 cap.
879 359 1003 393 quintutn

211 411 238 434 et
257 407 382 434 ultimum
397 406 517 439 docebit,
532 413 547 433 e
568 414 622 441 quo
640 406 733 439 etiam,
757 405 847 433 locum
863 405 938 432 illum
957 411 1003 431 sa-

211 461 286 480 crum
307 452 445 487 frequenti
465 452 587 479 adhunc
604 451 725 479 ﬁdelium
737 472 744 485 ,
766 451 854 479 sancti
872 451 1002 480 Demetrii

210 507 291 534 opem
308 499 523 534 implorantium,
535 506 681 530 concursu,
696 499 866 534 patratisque
881 499 1001 533 ejusdem

211 546 366 582 patrocinio
386 545 526 572 miraculis
541 544 707 572 illustratum
729 545 830 578 fuisse,
849 545 1000 579 intelliges;

213 597 242 620 ut
265 599 342 625 sane,
358 592 412 619 nisi
428 591 501 618 citati
525 591 717 618 Miraculorum
738 591 800 618 libri
821 595 915 618 auctor
934 598 1002 617 ano-

212 645 311 674 nynius
326 645 340 664 a
352 645 427 669 vero,
437 637 508 671 quod
518 641 609 663 autem
625 636 698 664 haud
713 635 800 663 ausim
809 643 944 667 asserere,
957 635 1001 662 hic

211 685 339 717 aberret,
368 689 494 711 sanctum
524 688 646 710 nostrum
671 683 698 710 in
725 683 899 718 Cappadocia
920 683 1001 710 etiam

214 730 402 763 veneratione,
419 730 528 757 Sanctis
541 729 642 757 deferri
657 729 746 762 solita,
768 729 853 756 fuisse
865 729 1001 764 gavisam,

213 777 394 804 dubitandum
419 776 494 804 haud
510 780 650 811 appareat.
675 775 729 802 Nec
754 776 805 803 hac
830 775 905 802 illum
932 775 1002 810 apud

213 823 330 855 Russos,
347 822 442 857 Syros,
462 822 639 856 Coptitasque
655 820 738 848 fu'sse
759 820 921 848 destitutum
935 841 942 852 ,
959 820 1002 847 vel

213 878 246 898 ex
262 878 294 897 eo
306 874 411 897 certum
426 873 547 904 apparet,
560 868 630 902 quod
646 866 743 894 horum
758 868 893 899 omnium,
909 871 940 894 ut
957 875 1004 893 su-

213 922 262 949 pra
278 914 368 946 docui,
385 913 480 940 Fastis
494 914 578 940 sacris
592 913 625 940 ad
641 913 687 946 26,
703 920 757 946 quo
772 912 855 939 etiam
869 920 883 939 a
901 911 1004 940 Graecis

213 961 321 992 colitur,
339 959 466 987 Octobris
479 960 551 987 diem
567 959 601 986 sit
619 959 748 986 insertus.
763 958 847 986 P0rro
861 958 1002 991 Bailletus,

214 1013 281 1035 tom.
302 1006 337 1034 lll
360 1005 497 1038 Vilarum,
514 1006 566 1034 col.
586 1005 636 1033 ll5
654 1006 704 1032 sub
728 1006 810 1033 linem
829 1005 921 1032 verbis
940 1005 1004 1032 Gal-

214 1054 285 1086 licis,
303 1053 401 1080 Latine
417 1061 431 1080 a
448 1061 492 1081 me
507 1053 634 1084 redditis,
653 1053 693 1080 sic
712 1052 810 1080 scribit
825 1060 832 1079 :
854 1061 862 1078 ι
880 1051 939 1079 Non
953 1052 1005 1079 du-

213 1100 327 1132 bitatur,
345 1101 409 1135 quiti
428 1099 558 1127 Demetrii
574 1099 831 1126 Thessalonicensis
864 1099 900 1126 sit
915 1098 1005 1126 cultus

213 1147 326 1174 Parisiis
341 1146 477 1174 stabilitus
493 1146 521 1173 in
536 1153 619 1181 parva
645 1146 733 1174 sancti
758 1145 879 1180 Dionysii
903 1146 1004 1173 Passus

213 1199 275 1230 post
302 1194 426 1229 Deipara:
453 1193 584 1228 templum
611 1194 738 1226 ecclesia,
762 1193 808 1220 ubi
829 1192 958 1220 sacellum
976 1192 1004 1219 in

213 1242 273 1276 ejus
289 1241 420 1268 honorem
443 1244 635 1268 consecratum
650 1244 710 1271 est,
727 1239 903 1274 reliquiaque
915 1259 922 1270 ,
937 1246 1005 1274 quas

213 1288 286 1315 illius
307 1295 371 1315 esse
394 1286 586 1319 contendunt,
613 1289 768 1312 servantur.
789 1295 799 1312 ›
821 1285 860 1312 lta
877 1285 921 1312 ille
943 1285 1006 1312 :Ac

214 1333 313 1360 merito
337 1340 414 1364 sane,
434 1332 500 1366 quin
515 1331 603 1358 sancti
626 1331 754 1358 Demetrii
771 1331 871 1361 cultus,
894 1330 1006 1357 Parisiis

214 1379 241 1405 in
257 1386 339 1414 parva
359 1378 450 1404 verbis
484 1378 528 1404 his
560 1381 708 1403 memorata
727 1375 842 1403 ecclesia
858 1375 1004 1408 stabilitus,

214 1423 248 1450 ad
265 1428 391 1450 sanctum
407 1427 532 1449 nostrum
549 1426 666 1457 spectet,
683 1429 738 1448 non
752 1421 882 1454 dubitari,
899 1421 1006 1449 facilius

214 1469 257 1497 vel
278 1469 382 1496 idcirco
396 1469 534 1502 existimo,
557 1469 644 1504 quod,
661 1477 723 1496 cum
743 1469 895 1496 Demetrius
915 1477 1006 1497 sacra-

215 1523 274 1542 rum
290 1516 316 1542 in
330 1515 443 1543 Terram
464 1520 586 1543 sanctam
598 1516 801 1551 expeditionum
815 1521 936 1552 tempore
950 1525 1005 1545 non

1055 265 1128 293 cultu
1148 265 1334 293 ecclesiastico
1358 265 1550 298 honoraretur,
1574 265 1688 293 deberet
1708 266 1845 294 accidere.

1089 311 1150 338 “5.
1167 312 1202 338 At
1217 319 1281 340 vero
1294 304 1366 339 aliud
1380 312 1479 344 adhoc,
1491 312 1562 347 quod
1574 312 1760 347 unus1uisque
1773 312 1846 339 haud

1054 357 1192 385 immerito
1216 359 1339 390 miretur,
1366 359 1635 386 commemorandum
1666 359 1710 385 hic
1748 363 1846 386 restat.

1055 404 1133 439 Apud
1145 405 1217 439 ipsos
1230 405 1312 432 etiam
1325 405 1427 431 Turcas
1440 404 1556 432 Sanctus
1570 405 1597 431 in
1607 404 1782 432 veneratione
1793 410 1844 432 est.

1055 450 1093 478 Ita
1109 459 1142 478 ex
1159 451 1240 481 libro,
1255 451 1301 486 qui
1314 451 1364 477 Ars
1382 452 1511 486 [actorum
1526 450 1722 481 historicorum,
1737 451 1846 477 charm-

1055 505 1128 530 rum,
1147 501 1212 527 etc.,
1230 502 1307 523 notas
1324 497 1460 524 chronica;
1481 497 1653 523 examinandi
1675 497 1845 528 inscribitur.

1055 543 1186 578 intelligo.
1212 544 1251 571 En
1274 544 1365 576 verba,
1383 544 1436 571 huc
1450 543 1616 578 spectantia,
1633 551 1692 577 quae
1709 551 1771 577 pag.
1794 543 1845 570 154

1055 591 1082 618 in
1097 598 1130 618 eo
1143 595 1298 623 occurrunt,
1316 597 1333 618 e
1346 589 1458 618 Gallicis
1478 589 1572 616 Latina
1588 598 1602 615 a
1617 597 1660 616 me
1675 589 1754 616 facta.
1771 599 1781 615 ί
1793 589 1846 617 llic

1055 644 1163 666 sanctus
1188 638 1353 673 (Demetrius
1377 636 1517 672 nimirum)
1544 636 1578 663 ab
1597 636 1670 663 Italis
1688 636 1778 663 sancti
1802 637 1847 664 Di-

1055 686 1130 713 mitri
1151 685 1310 720 appellatur.
1330 684 1425 711 'l‘urraa
1447 684 1557 711 nomine
1578 683 1757 711 Casin-Giuni
1781 691 1845 711 eum

1054 733 1205 767 designant.
1219 731 1366 758 Fabulosas
1382 738 1455 762 suas,
1471 731 1508 757 ait
1519 731 1648 766 princeps
1661 730 1841 759 Canlimirus.

1054 777 1088 805 de
1102 785 1134 804 eo
1148 777 1249 804 habent
1267 776 1405 811 legendas,
1419 776 1671 811 Musulnianumque
1686 776 1769 803 fuisse
1781 784 1845 804 eum

1055 830 1224 857 asseverant;
1244 825 1314 860 quod
1327 829 1354 852 et
1366 825 1399 852 de
1411 830 1504 852 sancto
1516 824 1644 857 Georgio,
1658 825 1703 859 qui
1717 824 1787 858 apud
1798 831 1846 852 eos

1055 870 1190 906 llydyrlez
1212 876 1335 904 vocatur,
1356 871 1501 898 afﬁrmant.
1525 871 1604 898 Festa
1633 871 1774 897 amburqu
1796 871 1846 896 ho-

1058 926 1119 945 rum
1132 922 1286 945 sanctorum
1303 918 1399 946 iisdem
1412 937 1419 949 ,
1437 918 1538 952 quibus
1552 917 1701 945 Christiani
1723 917 1845 944 orientao

1056 965 1104 994 les.
1121 965 1228 992 scilicet
1251 964 1287 991 24
1300 964 1413 997 Aprilis,
1436 969 1462 991 et
1481 963 1516 990 26
1536 963 1670 995 Octobris,
1695 963 1844 990 celebrant.

1055 1011 1095 1037 Ad
1115 1011 1172 1038 dies
1193 1011 1275 1038 hosce
1295 1010 1389 1037 Turcxe
1414 1010 1601 1045 expeditiones
1621 1017 1684 1037 suas
1706 1009 1845 1037 ordinant.

1056 1057 1120 1084 Post
1142 1058 1177 1084 23
1201 1057 1300 1091 Aprilis
1316 1057 1388 1083 diem
1403 1057 1430 1083 in
1445 1064 1570 1090 campum
1595 1056 1688 1091 copias
1705 1057 1825 1083 cdurunt
1837 1076 1843 1087 ,

1057 1104 1222 1138 servitioque
1237 1103 1348 1131 militari
1361 1103 1396 1130 26
1411 1103 1538 1131 Octobris
1560 1103 1639 1131 linem
1657 1104 1808 1138 imponunt.
1832 1112 1841 1128 ι

1056 1151 1193 1186 Principis
1207 1151 1348 1178 Cantimiri
1361 1158 1439 1186 opus,
1456 1152 1526 1186 quod
1541 1151 1630 1178 verbis
1645 1151 1720 1178 hisce
1731 1152 1780 1177 abs
1795 1151 1847 1177 Ar-

1057 1199 1090 1225 tis
1112 1198 1159 1225 cit.
1183 1202 1294 1225 auctore
1314 1198 1451 1230 laudatur,
1472 1197 1506 1224 ad
1529 1205 1637 1224 manqu
1661 1205 1714 1224 non
1740 1197 1846 1227 habeo;

1056 1249 1220 1279 quapropter
1232 1251 1314 1278 penes
1330 1244 1400 1271 hunc
1413 1249 1544 1278 quantum
1565 1243 1597 1270 ad
1611 1251 1640 1270 ea
1657 1251 1717 1277 qua:
1731 1243 1776 1270 hic
1791 1248 1846 1270 tra-

1056 1290 1106 1322 dit,
1133 1289 1214 1316 lidem
1239 1295 1312 1317 stare
1333 1290 1415 1321 volo,
1437 1290 1603 1324 Turcasque,
1619 1291 1675 1324 qui,
1690 1290 1760 1325 quod
1781 1297 1846 1317 sane

1056 1336 1155 1363 mirum
1177 1340 1230 1368 est,
1253 1341 1334 1363 secta:
1357 1343 1411 1363 sum
1436 1335 1622 1367 Demetrium,
1644 1341 1703 1362 utut
1720 1335 1764 1361 diu
1783 1340 1846 1361 ante

1057 1382 1127 1408 lianc
1149 1387 1270 1409 exortam
1287 1381 1427 1413 ﬂoruerit,
1449 1381 1598 1410 ascribunt.
1619 1381 1647 1407 in
1671 1381 1847 1408 veneratione

1057 1435 1118 1454 eum
1138 1427 1250 1459 habere,
1271 1427 1343 1454 haud
1359 1427 1504 1454 ditliculler
1518 1427 1615 1464 credo,
1632 1434 1665 1454 eo
1686 1427 1768 1453 etiam
1786 1433 1848 1459 pro-

1057 1472 1188 1507 pendens.
1205 1476 1235 1500 ut
1246 1480 1262 1499 ο
1276 1472 1462 1504 veneratione,
1479 1480 1532 1506 qua
1557 1472 1583 1498 in
1608 1472 1682 1498 illum
1709 1471 1844 1500 feruntur,

1060 1519 1183 1546 fortassis
1207 1518 1305 1546 factum
1329 1524 1438 1554 putem,
1461 1524 1491 1546 ut
1509 1518 1616 1546 tandem
1640 1518 1847 1545 celeberrimum

214 1562 299 1589 semel
322 1569 394 1594 sese,
409 1561 449 1589 uti
473 1563 500 1589 in
517 1562 743 1597 Analectisyqua:
757 1563 842 1591 tribus
858 1564 1004 1591 Miraculo—
1018 1559 1040 1590 C
1058 1564 1303 1592 Thessaloniceuse
1326 1564 1420 1592 Sancti
1450 1565 1580 1600 templum
1614 1563 1669 1598 (adi
1696 1571 1772 1590 num.
1801 1562 1846 1597 92)

214 1617 273 1636 rum
289 1609 448 1636 edendorum
462 1609 538 1636 libris
554 1609 728 1644 subjungam,
742 1610 855 1641 docebo.
869 1610 1002 1638 Christia-

213 1655 257 1682 nis
281 1655 497 1683 occidentalibus
514 1655 704 1683 attxiliaterem
723 1656 854 1684 adversus
876 1656 1001 1683 inﬁdeles

214 1700 356 1734 pra-buerit
369 1720 376 1729 .
393 1700 492 1727 mirum
505 1701 662 1735 neutiquam
675 1720 682 1733 ,
699 1701 722 1727 si
738 1709 792 1728 non
806 1706 909 1728 tantum
925 1701 1001 1728 Pari-

1056 1611 1219 1638 Christianis
1236 1611 1397 1646 eripuerint,
1422 1615 1503 1646 atque
1523 1611 1551 1638 in
1578 1615 1659 1638 secta:
1678 1617 1733 1636 sum
1753 1609 1845 1636 fanum

1056 1657 1249 1684 converterint.

216 1777 1842 1794 —————-—_———————-——————n————

772 1841 1021 1901 PASSIO
1061 1843 1286 1901 PRIMA

283 1952 334 1982 AB
356 1952 544 1984 AUCTORE
558 1953 761 1988 ANDNYMO
778 1953 942 1986 SCRIPTA
962 1955 1100 1992 ATQUE
1117 1957 1169 1986 AB
1186 1956 1413 1987 ANASTASlO
1437 1955 1776 1987 BlBLlOTHECARIO

593 2017 619 2048 E
641 2017 789 2048 LINGUA
809 2018 956 2050 GRIECA
976 2019 1017 2049 IN
1034 2018 1217 2049 LATINAM
1234 2018 1462 2069 βοΝνΕιιεΑ.

418 2101 473 2132 Ea:
490 2102 625 2133 editione
637 2101 818 2133 Mabillom'i
834 2111 903 2133 cum
919 2104 1018 2134 van‘t‘s
1034 2112 1106 2133 mss.
1132 2107 1159 2133 el
1174 2103 1330 2134 Photiana
1349 2103 1502 2134 Pam’one
1517 2102 1645 2133 collata.

923 2249 1143 2282 PROLOGUS.

255 2319 281 2346 l.
297 2317 413 2345 Domino
432 2316 554 2352 piiSsimo
566 2317 836 2352 tmperatoriKarolo
847 2318 884 2354 (l)
900 2326 1009 2354 semper
1022 2323 1048 2351 ι)
1064 2320 1130 2356 tyris
1145 2321 1299 2355 passionem
1314 2325 1396 2356 atque
1417 2320 1548 2349 miracula
1566 2320 1738 2349 hortantibus
1755 2316 1849 2350 fratri-

219 2363 518 2399 augusto.Anastasius
533 2363 570 2399 (2)
585 2365 700 2398 exiguus
711 2371 838 2391 coronam
854 2368 881 2392 et
896 2372 1007 2400 regnum

220 2419 283 2438 cum
298 2410 417 2439 Christo.
434 2410 509 2438 Beati
522 2409 651 2438 Demetrii
666 2409 920 2439 Thessalonicensis
938 2420 1008 2439 mar-

256 2492 294 2528 (l)
325 2491 356 2519 Ei
374 2490 553 2528 scilicet,__qu‘l
576 2490 784 2528 cognominatus
804 2491 858 2528 fuit
887 2492 999 2525 Calvus,

219 2526 346 2562 annoque
377 2526 532 2562 877Vobiit,
562 2526 602 2554 uti
631 2526 659 2553 in
673 2526 879 2555 Commentario
901 2529 1002 2562 praevio

220 2561 348 2590 num.'l5
363 2561 453 2590 docui.
759 2572 764 2576 ~

257 2599 295 2633 (2)
314 2598 363 2625 llic
388 2605 443 2624 non
463 2596 558 2628 alium,
585 2603 667 2633 quam
682 2596 726 2633 qui
743 2603 757 2622 a
775 2596 806 2633 δ.
835 2596 867 2623 n.
893 2597 923 2624 E.
943 2605 1005 2625 mu-

219 2631 295 2664 nere,
310 2641 362 2668 quo
378 2633 488 2660 functus
513 2636 567 2666 est,
593 2631 816 2668 bibliothecarius
829 2633 1006 2668 cognomina-

221 2674 277 2700 tur.
288 2666 430 2702 Vitamque
438 2667 525 2696 sancti
535 2667 652 2701 Dionysii
663 2666 843 2702 Areopagitaz,
860 2666 1007 2695 Latinitate

220 2711 236 2730 a
253 2712 282 2731 se
296 2701 435 2735 donatam,
464 2703 497 2730 ad
523 2702 651 2730 Carolum
669 2701 785 2737 Calvum
813 2702 1005 2737 imperatorem

221 2745 295 2765 anno
309 2739 361 2766 876
375 2739 459 2770 misit,
471 2738 644 2765 Anastasium
660 2736 808 2772 designari,
825 2738 1005 2765 indubitatum

221 2780 353 2807 apparet;
375 2774 512 2808 quodnam
533 2778 624 2808 autem
645 2776 708 2798 ante
718 2777 826 2806 tempus
843 2773 1007 2800 Anastasius

221 2809 268 2834 hic
296 2807 391 2836 sancti
413 2808 556 2838 Demetrii.
585 2807 840 2834 Thessalonicensis
864 2809 1005 2843 martyris,

221 2850 304 2876 quam
329 2843 373 2870 hic
397 2843 504 2874 datnus,
532 2842 690 2870 Passionetn
710 2850 725 2868 e
744 2842 834 2877 lingua
857 2842 948 2869 Graeca
976 2844 1005 2870 in

220 2877 347 2906 Latinam
364 2879 540 2912 converterit,
570 2876 767 2905 Cunnueutaiii
793 2878 890 2912 prasvii
925 2886 1002 2905 num.

1063 2367 1123 2400 bus,
1133 2372 1160 2394 et
1171 2367 1292 2395 maxime
1302 2367 1360 2394 viro
1374 2367 1541 2401 peritissimo
1550 2366 1654 2394 Joanne
1667 2367 1786 2394 Diacono
1798 2368 1849 2404 (ὅ).

1063 2418 1160 2440 vestrae
1175 2412 1237 2440 lidei
1254 2421 1300 2448 put
1308 2413 1374 2441 itate
1385 2421 1417 2440 ac
1428 2412 1549 2441 scientiae
1558 2413 1681 2440 claritate
1693 2412 1850 2444 notissimo,

1056 2493 1090 2520 l5
1107 2492 1170 2520 vide
1185 2493 1353 2528 expositum,
1381 2492 1570 2526 intelligesque
1586 2492 1669 2519 etiam
1699 2499 1733 2518 ex
1749 2491 1849 2528 ibidem

1058 2528 1139 2556 dictis
1154 2526 1373 2556 lucubrationem
1389 2528 1498 2555 islhane
1508 2528 1541 2555 ab
1554 2529 1699 2554 Anastasio
1715 2527 1747 2553 ad
1764 2526 1850 2553 Caro-

1058 2565 1114 2591 luui
1129 2563 1243 2590 Calvum
1273 2563 1468 2597 imperatorem
1495 2570 1568 2590 anno
1594 2563 1647 2590 875
1658 2567 1709 2589 aut
1733 2562 1820 2588 altero
1836 2570 1852 2588 υ

1059 2599 1131 2626 binis
1153 2599 1332 2633 sequentibus
1341 2598 1452 2625 missam
1469 2599 1566 2633 fuisse.

1097 2635 1135 2668 (5)
1154 2630 1231 2660 llu‘uc
1260 2641 1320 2660 esse
1344 2633 1420 2660 illum
1440 2633 1529 2668 ipsum
1544 2632 1689 2663 Joannem,
1709 2632 1738 2668 Si.
1762 2630 1796 2657 R.
1813 2631 1847 2658 Ε.

1061 2667 1221 2699 diaconum,
1237 2669 1265 2695 in
1287 2669 1366 2701 cujus
1385 2669 1499 2703 gratiam
1527 2668 1693 2694 (fellet-lanea
1715 2667 1818 2703 Greca,
1834 2673 1850 2692 a

1061 2704 1207 2731 Strmoudo
1222 2704 1305 2734 edita.
1321 2702 1480 2734 Latinitate.
1495 2707 1524 2730 ut
1535 2703 1625 2730 eidem
1638 2702 1748 2734 Joanni,
1762 2702 1852 2728 eccle-

1061 2739 1199 2766 siasticam
1219 2739 1366 2766 llistoriam
1384 2739 1539 2771 meditanti,
1568 2739 1848 2772 adjumentoressent,

1062 2775 1226 2802 Anastasius
1253 2774 1377 2804 donavit.
1409 2773 1580 2800 Mabillonius
1603 2770 1678 2800 'tom.
1698 2780 1706 2798 I
1730 2770 1851 2797 Veterum

1060 2810 1259 2841 Analettorum,
1273 2817 1334 2844 pag.
1352 2808 1386 2835 96
1402 2809 1529 2840 allirniat,
1556 2816 1617 2837 nec.
1633 2811 1767 2844 quantum
1791 2806 1851 2840 opi-

1061 2852 1121 2878 nor,
1136 2851 1153 2872 a
1173 2849 1286 2872 veritate
1299 2852 1327 2871 in
1345 2844 1397 2871 hac
1412 2851 1462 2870 sua
1477 2844 1635 2871 assertione
1647 2843 1748 2870 deviat.
