  <div class='ocr_page' id='page_1' title='image "/cluster/home/n/w/nwhite01/storage/ocr_20150623/116/njp.32101077772984/685.png"; bbox 0 0 2039 3150; ppageno 0'>
   <div class='ocr_carea' id='block_1_1' title="bbox 235 135 299 167">
    <p class='ocr_par' dir='ltr' id='par_1_1' title="bbox 235 135 299 167">
     <span class='ocr_line' id='line_1_1' title="bbox 235 135 299 167; baseline 0 -1"><span class='ocrx_word' id='word_1_1' title='bbox 235 135 299 167; x_wconf 75' lang='grc'><strong>1171</strong></span> 
     </span>
    </p>
   </div>
   <div class='ocr_carea' id='block_1_2' title="bbox 886 132 1214 167">
    <p class='ocr_par' dir='ltr' id='par_1_2' title="bbox 886 132 1214 167">
     <span class='ocr_line' id='line_1_2' title="bbox 886 132 1214 167; baseline 0.015 -5"><span class='ocrx_word' id='word_1_2' title='bbox 886 132 1214 167; x_wconf 75' lang='lat' dir='ltr'><strong>SUI&#39;PLEMENTUM.</strong></span> 
     </span>
    </p>
   </div>
   <div class='ocr_carea' id='block_1_3' title="bbox 1793 132 1862 163">
    <p class='ocr_par' dir='ltr' id='par_1_3' title="bbox 1793 132 1862 163">
     <span class='ocr_line' id='line_1_3' title="bbox 1793 132 1862 163; baseline 0 -1"><span class='ocrx_word' id='word_1_3' title='bbox 1793 132 1862 163; x_wconf 64' lang='lat'>117:!</span> 
     </span>
    </p>
   </div>
   <div class='ocr_carea' id='block_1_4' title="bbox 233 189 1862 227">
    <p class='ocr_par' dir='ltr' id='par_1_4' title="bbox 233 189 1862 227">
     <span class='ocr_line' id='line_1_4' title="bbox 233 189 1862 227; baseline -0.002 -8"><span class='ocrx_word' id='word_1_4' title='bbox 233 201 295 219; x_wconf 66' lang='lat' dir='ltr'><strong>cum</strong></span> <span class='ocrx_word' id='word_1_5' title='bbox 311 198 397 226; x_wconf 81' lang='lat' dir='ltr'><strong>prope</strong></span> <span class='ocrx_word' id='word_1_6' title='bbox 411 190 528 219; x_wconf 83' lang='lat' dir='ltr'><strong>stadium</strong></span> <span class='ocrx_word' id='word_1_7' title='bbox 545 189 727 225; x_wconf 81' lang='lat' dir='ltr'><strong>pervenisset,</strong></span> <span class='ocrx_word' id='word_1_8' title='bbox 742 193 808 217; x_wconf 89' lang='lat' dir='ltr'><strong>tunc</strong></span> <span class='ocrx_word' id='word_1_9' title='bbox 827 189 967 217; x_wconf 82' lang='lat' dir='ltr'><strong>adducunt</strong></span> <span class='ocrx_word' id='word_1_10' title='bbox 981 190 1019 223; x_wconf 84' lang='lat' dir='ltr'><strong>ei,</strong></span> <span class='ocrx_word' id='word_1_11' title='bbox 1036 195 1057 223; x_wconf 75' lang='grc' dir='ltr'><strong>Λ</strong></span> <span class='ocrx_word' id='word_1_12' title='bbox 1073 193 1240 227; x_wconf 76' lang='lat' dir='ltr'><strong>congressio,</strong></span> <span class='ocrx_word' id='word_1_13' title='bbox 1255 192 1397 220; x_wconf 81' lang='lat' dir='ltr'><strong>mortalem</strong></span> <span class='ocrx_word' id='word_1_14' title='bbox 1410 192 1506 227; x_wconf 55' lang='grc' dir='ltr'><strong>[ιι-11111³</strong></span> <span class='ocrx_word' id='word_1_15' title='bbox 1519 190 1638 225; x_wconf 87' lang='lat' dir='ltr'><strong>suscepit</strong></span> <span class='ocrx_word' id='word_1_16' title='bbox 1652 190 1747 221; x_wconf 83' lang='lat' dir='ltr'><strong>iclum,</strong></span> <span class='ocrx_word' id='word_1_17' title='bbox 1761 194 1788 216; x_wconf 89' lang='lat' dir='ltr'><strong>et</strong></span> <span class='ocrx_word' id='word_1_18' title='bbox 1801 197 1862 223; x_wconf 90' lang='lat' dir='ltr'><strong>pro-</strong></span> 
     </span>
    </p>
   </div>
   <div class='ocr_carea' id='block_1_5' title="bbox 233 235 1020 272">
    <p class='ocr_par' dir='ltr' id='par_1_5' title="bbox 233 235 1020 272">
     <span class='ocr_line' id='line_1_5' title="bbox 233 235 1020 272; baseline -0.003 -8"><span class='ocrx_word' id='word_1_19' title='bbox 233 238 279 272; x_wconf 90' lang='lat' dir='ltr'><strong>qui</strong></span> <span class='ocrx_word' id='word_1_20' title='bbox 301 240 440 272; x_wconf 88' lang='lat' dir='ltr'><strong>ceperant,</strong></span> <span class='ocrx_word' id='word_1_21' title='bbox 459 235 569 262; x_wconf 89' lang='lat' dir='ltr'><strong>beatum</strong></span> <span class='ocrx_word' id='word_1_22' title='bbox 587 235 767 262; x_wconf 55' lang='lat' dir='ltr'><strong>Demetrium;</strong></span> <span class='ocrx_word' id='word_1_23' title='bbox 782 235 903 262; x_wconf 79' lang='lat' dir='ltr'><strong>Audiens</strong></span> <span class='ocrx_word' id='word_1_24' title='bbox 929 240 1020 262; x_wconf 87' lang='lat' dir='ltr'><strong>autent</strong></span> 
     </span>
    </p>
   </div>
   <div class='ocr_carea' id='block_1_6' title="bbox 226 281 1019 318">
    <p class='ocr_par' dir='ltr' id='par_1_6' title="bbox 226 281 1019 318">
     <span class='ocr_line' id='line_1_6' title="bbox 226 281 1019 318; baseline -0.003 -8"><span class='ocrx_word' id='word_1_25' title='bbox 226 284 394 318; x_wconf 80' lang='lat' dir='ltr'><strong>imperator,</strong></span> <span class='ocrx_word' id='word_1_26' title='bbox 411 281 484 316; x_wconf 82' lang='lat' dir='ltr'><strong>quod</strong></span> <span class='ocrx_word' id='word_1_27' title='bbox 513 281 686 308; x_wconf 85' lang='lat' dir='ltr'><strong>Christianus</strong></span> <span class='ocrx_word' id='word_1_28' title='bbox 711 285 795 314; x_wconf 80' lang='lat' dir='ltr'><strong>esset,</strong></span> <span class='ocrx_word' id='word_1_29' title='bbox 811 281 873 316; x_wconf 87' lang='lat' dir='ltr'><strong>quia</strong></span> <span class='ocrx_word' id='word_1_30' title='bbox 890 288 919 308; x_wconf 90' lang='lat' dir='ltr'><strong>se</strong></span> <span class='ocrx_word' id='word_1_31' title='bbox 934 286 1019 308; x_wconf 88' lang='lat' dir='ltr'><strong>totunt</strong></span> 
     </span>
    </p>
   </div>
   <div class='ocr_carea' id='block_1_7' title="bbox 233 328 1019 364">
    <p class='ocr_par' dir='ltr' id='par_1_7' title="bbox 233 328 1019 364">
     <span class='ocr_line' id='line_1_7' title="bbox 233 328 1019 364; baseline -0.003 -8"><span class='ocrx_word' id='word_1_32' title='bbox 233 330 266 356; x_wconf 89' lang='lat' dir='ltr'><strong>ad</strong></span> <span class='ocrx_word' id='word_1_33' title='bbox 308 329 483 364; x_wconf 65' lang='lat' dir='ltr'><strong>praesentiam</strong></span> <span class='ocrx_word' id='word_1_34' title='bbox 524 328 675 363; x_wconf 81' lang='lat' dir='ltr'><strong>spectaculi</strong></span> <span class='ocrx_word' id='word_1_35' title='bbox 714 329 879 360; x_wconf 89' lang='lat' dir='ltr'><strong>contulerat,</strong></span> <span class='ocrx_word' id='word_1_36' title='bbox 910 328 1019 356; x_wconf 74' lang='lat' dir='ltr'><strong>beatum</strong></span> 
     </span>
    </p>
   </div>
   <div class='ocr_carea' id='block_1_8' title="bbox 236 373 1020 408">
    <p class='ocr_par' dir='ltr' id='par_1_8' title="bbox 236 373 1020 408">
     <span class='ocr_line' id='line_1_8' title="bbox 236 373 1020 408; baseline -0.003 -7"><span class='ocrx_word' id='word_1_37' title='bbox 236 375 404 402; x_wconf 71' lang='lat' dir='ltr'><strong>Demetrium</strong></span> <span class='ocrx_word' id='word_1_38' title='bbox 419 374 501 408; x_wconf 82' lang='lat' dir='ltr'><strong>jussit</strong></span> <span class='ocrx_word' id='word_1_39' title='bbox 526 373 718 408; x_wconf 75' lang='lat' dir='ltr'><strong>ibidemjuxta</strong></span> <span class='ocrx_word' id='word_1_40' title='bbox 744 373 863 400; x_wconf 77' lang='lat' dir='ltr'><strong>stadium</strong></span> <span class='ocrx_word' id='word_1_41' title='bbox 885 373 1020 401; x_wconf 87' lang='lat' dir='ltr'><strong>exsistere</strong></span> 
     </span>
    </p>
   </div>
   <div class='ocr_carea' id='block_1_9' title="bbox 233 420 1022 456">
    <p class='ocr_par' dir='ltr' id='par_1_9' title="bbox 233 420 1022 456">
     <span class='ocr_line' id='line_1_9' title="bbox 233 420 1022 456; baseline -0.004 -7"><span class='ocrx_word' id='word_1_42' title='bbox 233 426 358 456; x_wconf 77' lang='lat' dir='ltr'><strong>etpcnes</strong></span> <span class='ocrx_word' id='word_1_43' title='bbox 383 421 522 456; x_wconf 86' lang='lat' dir='ltr'><strong>publicum</strong></span> <span class='ocrx_word' id='word_1_44' title='bbox 552 421 677 447; x_wconf 86' lang='lat' dir='ltr'><strong>balneum</strong></span> <span class='ocrx_word' id='word_1_45' title='bbox 704 420 848 447; x_wconf 84' lang='lat' dir='ltr'><strong>custodiri.</strong></span> <span class='ocrx_word' id='word_1_46' title='bbox 872 420 931 455; x_wconf 62' lang='lat' dir='ltr'><strong>Ipse.</strong></span> <span class='ocrx_word' id='word_1_47' title='bbox 957 427 1022 447; x_wconf 90' lang='lat' dir='ltr'><strong>vero</strong></span> 
     </span>
    </p>
   </div>
   <div class='ocr_carea' id='block_1_10' title="bbox 233 464 1018 502">
    <p class='ocr_par' dir='ltr' id='par_1_10' title="bbox 233 464 1018 502">
     <span class='ocr_line' id='line_1_10' title="bbox 233 464 1018 502; baseline -0.004 -8"><span class='ocrx_word' id='word_1_48' title='bbox 233 469 382 502; x_wconf 89' lang='lat' dir='ltr'><strong>itnperator</strong></span> <span class='ocrx_word' id='word_1_49' title='bbox 397 466 530 498; x_wconf 86' lang='lat' dir='ltr'><strong>residens,</strong></span> <span class='ocrx_word' id='word_1_50' title='bbox 545 466 623 501; x_wconf 72' lang='lat' dir='ltr'><strong>Lyzeo</strong></span> <span class='ocrx_word' id='word_1_51' title='bbox 637 465 805 498; x_wconf 89' lang='lat' dir='ltr'><strong>introducto,</strong></span> <span class='ocrx_word' id='word_1_52' title='bbox 818 464 1018 499; x_wconf 84' lang='lat' dir='ltr'><strong>interrogabat,</strong></span> 
     </span>
    </p>
   </div>
   <div class='ocr_carea' id='block_1_11' title="bbox 232 511 1022 547">
    <p class='ocr_par' dir='ltr' id='par_1_11' title="bbox 232 511 1022 547">
     <span class='ocr_line' id='line_1_11' title="bbox 232 511 1022 547; baseline -0.004 -7"><span class='ocrx_word' id='word_1_53' title='bbox 232 514 294 547; x_wconf 85' lang='lat' dir='ltr'><strong>quis</strong></span> <span class='ocrx_word' id='word_1_54' title='bbox 309 513 448 547; x_wconf 78' lang='lat' dir='ltr'><strong>singulare</strong></span> <span class='ocrx_word' id='word_1_55' title='bbox 463 521 525 540; x_wconf 90' lang='lat' dir='ltr'><strong>cum</strong></span> <span class='ocrx_word' id='word_1_56' title='bbox 540 520 573 539; x_wconf 87' lang='lat' dir='ltr'><strong>eo</strong></span> <span class='ocrx_word' id='word_1_57' title='bbox 586 512 667 538; x_wconf 77' lang='lat' dir='ltr'><strong>vellet</strong></span> <span class='ocrx_word' id='word_1_58' title='bbox 686 511 756 538; x_wconf 87' lang='lat' dir='ltr'><strong>inire</strong></span> <span class='ocrx_word' id='word_1_59' title='bbox 771 516 923 542; x_wconf 85' lang='lat' dir='ltr'><strong>certamen,</strong></span> <span class='ocrx_word' id='word_1_60' title='bbox 950 511 1022 537; x_wconf 87' lang='lat' dir='ltr'><strong>dona</strong></span> 
     </span>
    </p>
   </div>
   <div class='ocr_carea' id='block_1_12' title="bbox 233 556 690 592">
    <p class='ocr_par' dir='ltr' id='par_1_12' title="bbox 233 556 690 592">
     <span class='ocr_line' id='line_1_12' title="bbox 233 556 690 592; baseline -0.002 -8"><span class='ocrx_word' id='word_1_61' title='bbox 233 558 398 592; x_wconf 90' lang='lat' dir='ltr'><strong>promittens</strong></span> <span class='ocrx_word' id='word_1_62' title='bbox 409 561 436 584; x_wconf 90' lang='lat' dir='ltr'><strong>et</strong></span> <span class='ocrx_word' id='word_1_63' title='bbox 451 564 607 592; x_wconf 83' lang='lat' dir='ltr'><strong>proponens</strong></span> <span class='ocrx_word' id='word_1_64' title='bbox 625 556 690 592; x_wconf 69' lang='grc'><strong>(12).</strong></span> 
     </span>
    </p>
   </div>
   <div class='ocr_carea' id='block_1_13' title="bbox 271 602 1021 639">
    <p class='ocr_par' dir='ltr' id='par_1_13' title="bbox 271 602 1021 639">
     <span class='ocr_line' id='line_1_13' title="bbox 271 602 1021 639; baseline -0.003 -8"><span class='ocrx_word' id='word_1_65' title='bbox 271 604 298 631; x_wconf 85' lang='grc'><strong>7.</strong></span> <span class='ocrx_word' id='word_1_66' title='bbox 315 605 347 631; x_wconf 83' lang='lat' dir='ltr'><strong>Et</strong></span> <span class='ocrx_word' id='word_1_67' title='bbox 361 604 472 639; x_wconf 90' lang='lat' dir='ltr'><strong>quidam</strong></span> <span class='ocrx_word' id='word_1_68' title='bbox 491 604 652 631; x_wconf 84' lang='lat' dir='ltr'><strong>adolescens</strong></span> <span class='ocrx_word' id='word_1_69' title='bbox 676 603 786 630; x_wconf 88' lang='lat' dir='ltr'><strong>nomine</strong></span> <span class='ocrx_word' id='word_1_70' title='bbox 815 603 913 630; x_wconf 80' lang='lat' dir='ltr'><strong>Nestor</strong></span> <span class='ocrx_word' id='word_1_71' title='bbox 927 602 994 637; x_wconf 79' lang='grc'><strong>(15).</strong></span> <span class='ocrx_word' id='word_1_72' title='bbox 1007 610 1021 629; x_wconf 89' lang='lat' dir='ltr'><strong>a</strong></span> 
     </span>
    </p>
   </div>
   <div class='ocr_carea' id='block_1_14' title="bbox 233 648 1021 686">
    <p class='ocr_par' dir='ltr' id='par_1_14' title="bbox 233 648 1021 686">
     <span class='ocr_line' id='line_1_14' title="bbox 233 648 1021 686; baseline -0.006 -7"><span class='ocrx_word' id='word_1_73' title='bbox 233 651 423 686; x_wconf 80' lang='lat' dir='ltr'><strong>superioribus</strong></span> <span class='ocrx_word' id='word_1_74' title='bbox 437 651 568 678; x_wconf 81' lang='lat' dir='ltr'><strong>exsilietts</strong></span> <span class='ocrx_word' id='word_1_75' title='bbox 598 650 737 685; x_wconf 77' lang='lat' dir='ltr'><strong>gradibus,</strong></span> <span class='ocrx_word' id='word_1_76' title='bbox 765 650 896 676; x_wconf 83' lang='lat' dir='ltr'><strong>adversus</strong></span> <span class='ocrx_word' id='word_1_77' title='bbox 914 648 1021 683; x_wconf 66' lang='lat' dir='ltr'><strong>Lymum</strong></span> 
     </span>
    </p>
   </div>
   <div class='ocr_carea' id='block_1_15' title="bbox 233 694 1020 731">
    <p class='ocr_par' dir='ltr' id='par_1_15' title="bbox 233 694 1020 731">
     <span class='ocr_line' id='line_1_15' title="bbox 233 694 1020 731; baseline -0.005 -7"><span class='ocrx_word' id='word_1_78' title='bbox 233 697 333 728; x_wconf 83' lang='lat' dir='ltr'><strong>stabat,</strong></span> <span class='ocrx_word' id='word_1_79' title='bbox 352 696 519 731; x_wconf 78' lang='lat' dir='ltr'><strong>singularem</strong></span> <span class='ocrx_word' id='word_1_80' title='bbox 548 694 707 722; x_wconf 82' lang='lat' dir='ltr'><strong>conflictum</strong></span> <span class='ocrx_word' id='word_1_81' title='bbox 733 695 857 729; x_wconf 85' lang='lat' dir='ltr'><strong>arripere</strong></span> <span class='ocrx_word' id='word_1_82' title='bbox 890 695 1020 729; x_wconf 87' lang='lat' dir='ltr'><strong>cupiens:</strong></span> 
     </span>
    </p>
   </div>
   <div class='ocr_carea' id='block_1_16' title="bbox 233 740 1022 778">
    <p class='ocr_par' dir='ltr' id='par_1_16' title="bbox 233 740 1022 778">
     <span class='ocr_line' id='line_1_16' title="bbox 233 740 1022 778; baseline -0.004 -8"><span class='ocrx_word' id='word_1_83' title='bbox 233 745 273 770; x_wconf 88' lang='lat' dir='ltr'><strong>ita</strong></span> <span class='ocrx_word' id='word_1_84' title='bbox 286 748 317 770; x_wconf 90' lang='lat' dir='ltr'><strong>ut</strong></span> <span class='ocrx_word' id='word_1_85' title='bbox 333 743 531 778; x_wconf 86' lang='lat' dir='ltr'><strong>obstupescens</strong></span> <span class='ocrx_word' id='word_1_86' title='bbox 548 742 730 769; x_wconf 81' lang='lat' dir='ltr'><strong>Maximianus</strong></span> <span class='ocrx_word' id='word_1_87' title='bbox 744 744 854 768; x_wconf 88' lang='lat' dir='ltr'><strong>voearet</strong></span> <span class='ocrx_word' id='word_1_88' title='bbox 880 741 913 768; x_wconf 89' lang='lat' dir='ltr'><strong>ad</strong></span> <span class='ocrx_word' id='word_1_89' title='bbox 925 749 953 768; x_wconf 87' lang='lat' dir='ltr'><strong>se</strong></span> <span class='ocrx_word' id='word_1_90' title='bbox 968 740 1022 767; x_wconf 80' lang='lat' dir='ltr'><strong>Nc-</strong></span> 
     </span>
    </p>
   </div>
   <div class='ocr_carea' id='block_1_17' title="bbox 235 786 1023 824">
    <p class='ocr_par' dir='ltr' id='par_1_17' title="bbox 235 786 1023 824">
     <span class='ocr_line' id='line_1_17' title="bbox 235 786 1023 824; baseline -0.005 -7"><span class='ocrx_word' id='word_1_91' title='bbox 235 795 351 821; x_wconf 76' lang='lat' dir='ltr'><strong>storem.</strong></span> <span class='ocrx_word' id='word_1_92' title='bbox 366 788 412 824; x_wconf 89' lang='lat' dir='ltr'><strong>qui</strong></span> <span class='ocrx_word' id='word_1_93' title='bbox 427 789 460 817; x_wconf 88' lang='lat' dir='ltr'><strong>ad</strong></span> <span class='ocrx_word' id='word_1_94' title='bbox 480 789 532 816; x_wconf 88' lang='lat' dir='ltr'><strong>hoc</strong></span> <span class='ocrx_word' id='word_1_95' title='bbox 549 788 699 820; x_wconf 81' lang='lat' dir='ltr'><strong>exsilierat,</strong></span> <span class='ocrx_word' id='word_1_96' title='bbox 721 787 814 822; x_wconf 75' lang='lat' dir='ltr'><strong>illique</strong></span> <span class='ocrx_word' id='word_1_97' title='bbox 837 787 915 814; x_wconf 84' lang='lat' dir='ltr'><strong>daret</strong></span> <span class='ocrx_word' id='word_1_98' title='bbox 929 786 1023 813; x_wconf 85' lang='lat' dir='ltr'><strong>cousi-</strong></span> 
     </span>
    </p>
   </div>
   <div class='ocr_carea' id='block_1_18' title="bbox 233 833 1022 870">
    <p class='ocr_par' dir='ltr' id='par_1_18' title="bbox 233 833 1022 870">
     <span class='ocr_line' id='line_1_18' title="bbox 233 833 1022 870; baseline -0.004 -7"><span class='ocrx_word' id='word_1_99' title='bbox 233 837 300 864; x_wconf 82' lang='lat' dir='ltr'><strong>iium</strong></span> <span class='ocrx_word' id='word_1_100' title='bbox 320 836 415 863; x_wconf 87' lang='lat' dir='ltr'><strong>dicens</strong></span> <span class='ocrx_word' id='word_1_101' title='bbox 430 845 437 862; x_wconf 90' lang='lat'><strong>:</strong></span> <span class='ocrx_word' id='word_1_102' title='bbox 453 835 532 867; x_wconf 81' lang='lat' dir='ltr'><strong>Novi,</strong></span> <span class='ocrx_word' id='word_1_103' title='bbox 547 835 620 870; x_wconf 91' lang='lat' dir='ltr'><strong>quod</strong></span> <span class='ocrx_word' id='word_1_104' title='bbox 637 839 662 861; x_wconf 87' lang='lat' dir='ltr'><strong>te</strong></span> <span class='ocrx_word' id='word_1_105' title='bbox 677 834 852 868; x_wconf 90' lang='lat' dir='ltr'><strong>pecuniarum</strong></span> <span class='ocrx_word' id='word_1_106' title='bbox 864 838 971 868; x_wconf 83' lang='lat' dir='ltr'><strong>egestas</strong></span> <span class='ocrx_word' id='word_1_107' title='bbox 988 833 1022 860; x_wconf 87' lang='lat' dir='ltr'><strong>ad</strong></span> 
     </span>
    </p>
   </div>
   <div class='ocr_carea' id='block_1_19' title="bbox 233 875 1056 918">
    <p class='ocr_par' dir='ltr' id='par_1_19' title="bbox 233 875 1056 918">
     <span class='ocr_line' id='line_1_19' title="bbox 233 875 1056 918; baseline -0.005 -8"><span class='ocrx_word' id='word_1_108' title='bbox 233 887 338 911; x_wconf 87' lang='lat' dir='ltr'><strong>tantum</strong></span> <span class='ocrx_word' id='word_1_109' title='bbox 356 883 505 918; x_wconf 75' lang='lat' dir='ltr'><strong>phantasia:</strong></span> <span class='ocrx_word' id='word_1_110' title='bbox 515 882 613 910; x_wconf 83' lang='lat' dir='ltr'><strong>fecerit</strong></span> <span class='ocrx_word' id='word_1_111' title='bbox 627 880 738 912; x_wconf 84' lang='lat' dir='ltr'><strong>elevari.</strong></span> <span class='ocrx_word' id='word_1_112' title='bbox 768 885 797 907; x_wconf 87' lang='lat' dir='ltr'><strong>ut</strong></span> <span class='ocrx_word' id='word_1_113' title='bbox 817 884 864 907; x_wconf 90' lang='lat' dir='ltr'><strong>aut</strong></span> <span class='ocrx_word' id='word_1_114' title='bbox 889 886 1021 914; x_wconf 84' lang='lat' dir='ltr'><strong>superans</strong></span> <span class='ocrx_word' id='word_1_115' title='bbox 1038 875 1056 902; x_wconf 80' lang='grc' dir='ltr'>Β</span> 
     </span>
    </p>
   </div>
   <div class='ocr_carea' id='block_1_20' title="bbox 233 926 1020 964">
    <p class='ocr_par' dir='ltr' id='par_1_20' title="bbox 233 926 1020 964">
     <span class='ocr_line' id='line_1_20' title="bbox 233 926 1020 964; baseline -0.008 -6"><span class='ocrx_word' id='word_1_116' title='bbox 233 930 346 958; x_wconf 83' lang='lat' dir='ltr'><strong>divitias</strong></span> <span class='ocrx_word' id='word_1_117' title='bbox 373 929 531 964; x_wconf 86' lang='lat' dir='ltr'><strong>repentinas</strong></span> <span class='ocrx_word' id='word_1_118' title='bbox 548 928 687 963; x_wconf 83' lang='lat' dir='ltr'><strong>acquiras,</strong></span> <span class='ocrx_word' id='word_1_119' title='bbox 714 931 762 954; x_wconf 85' lang='lat' dir='ltr'><strong>aut</strong></span> <span class='ocrx_word' id='word_1_120' title='bbox 793 931 855 954; x_wconf 88' lang='lat' dir='ltr'><strong>voto</strong></span> <span class='ocrx_word' id='word_1_121' title='bbox 871 926 1020 957; x_wconf 81' lang='lat' dir='ltr'><strong>fraudatus.</strong></span> 
     </span>
    </p>
   </div>
   <div class='ocr_carea' id='block_1_21' title="bbox 183 972 1021 1008">
    <p class='ocr_par' dir='ltr' id='par_1_21' title="bbox 183 972 1021 1008">
     <span class='ocr_line' id='line_1_21' title="bbox 183 972 1021 1008; baseline -0.007 -4"><span class='ocrx_word' id='word_1_122' title='bbox 183 995 187 999; x_wconf 84' lang='lat'><strong><em>-</em></strong></span> <span class='ocrx_word' id='word_1_123' title='bbox 233 985 296 1004; x_wconf 83' lang='lat' dir='ltr'><strong>cum</strong></span> <span class='ocrx_word' id='word_1_124' title='bbox 313 976 366 1003; x_wconf 87' lang='lat' dir='ltr'><strong>vita</strong></span> <span class='ocrx_word' id='word_1_125' title='bbox 382 975 544 1002; x_wconf 87' lang='lat' dir='ltr'><strong>tuolestante</strong></span> <span class='ocrx_word' id='word_1_126' title='bbox 563 981 657 1001; x_wconf 81' lang='lat' dir='ltr'><strong>careas</strong></span> <span class='ocrx_word' id='word_1_127' title='bbox 682 977 814 1008; x_wconf 82' lang='lat' dir='ltr'><strong>egestate.</strong></span> <span class='ocrx_word' id='word_1_128' title='bbox 847 972 902 1007; x_wconf 76' lang='lat' dir='ltr'><strong>Ego</strong></span> <span class='ocrx_word' id='word_1_129' title='bbox 929 977 1021 999; x_wconf 91' lang='lat' dir='ltr'><strong>autem</strong></span> 
     </span>
    </p>
   </div>
   <div class='ocr_carea' id='block_1_22' title="bbox 233 1017 1021 1054">
    <p class='ocr_par' dir='ltr' id='par_1_22' title="bbox 233 1017 1021 1054">
     <span class='ocr_line' id='line_1_22' title="bbox 233 1017 1021 1054; baseline -0.006 -5"><span class='ocrx_word' id='word_1_130' title='bbox 233 1021 282 1050; x_wconf 83' lang='lat' dir='ltr'><strong>tibi</strong></span> <span class='ocrx_word' id='word_1_131' title='bbox 303 1021 337 1049; x_wconf 91' lang='lat' dir='ltr'><strong>ob</strong></span> <span class='ocrx_word' id='word_1_132' title='bbox 359 1020 563 1048; x_wconf 84' lang='lat' dir='ltr'><strong>miserationem</strong></span> <span class='ocrx_word' id='word_1_133' title='bbox 583 1027 635 1054; x_wconf 87' lang='lat' dir='ltr'><strong>qua</strong></span> <span class='ocrx_word' id='word_1_134' title='bbox 665 1018 808 1046; x_wconf 81' lang='lat' dir='ltr'><strong>adornaris</strong></span> <span class='ocrx_word' id='word_1_135' title='bbox 826 1017 924 1049; x_wconf 81' lang='lat' dir='ltr'><strong>aetatis,</strong></span> <span class='ocrx_word' id='word_1_136' title='bbox 952 1017 1021 1044; x_wconf 70' lang='lat' dir='ltr'><strong>dato</strong></span> 
     </span>
    </p>
   </div>
   <div class='ocr_carea' id='block_1_23' title="bbox 233 1064 1020 1102">
    <p class='ocr_par' dir='ltr' id='par_1_23' title="bbox 233 1064 1020 1102">
     <span class='ocr_line' id='line_1_23' title="bbox 233 1064 1020 1102; baseline -0.005 -8"><span class='ocrx_word' id='word_1_137' title='bbox 233 1068 315 1095; x_wconf 86' lang='lat' dir='ltr'><strong>etiam</strong></span> <span class='ocrx_word' id='word_1_138' title='bbox 330 1075 380 1102; x_wconf 91' lang='lat' dir='ltr'><strong>pro</strong></span> <span class='ocrx_word' id='word_1_139' title='bbox 394 1067 452 1094; x_wconf 90' lang='lat' dir='ltr'><strong>solo</strong></span> <span class='ocrx_word' id='word_1_140' title='bbox 468 1074 536 1095; x_wconf 91' lang='lat' dir='ltr'><strong>ausu</strong></span> <span class='ocrx_word' id='word_1_141' title='bbox 555 1066 688 1101; x_wconf 86' lang='lat' dir='ltr'><strong>condigna</strong></span> <span class='ocrx_word' id='word_1_142' title='bbox 710 1070 737 1092; x_wconf 90' lang='lat' dir='ltr'><strong>ct</strong></span> <span class='ocrx_word' id='word_1_143' title='bbox 753 1065 917 1092; x_wconf 78' lang='lat' dir='ltr'><strong>sufﬁcientia</strong></span> <span class='ocrx_word' id='word_1_144' title='bbox 937 1064 1020 1096; x_wconf 87' lang='lat' dir='ltr'><strong>dona,</strong></span> 
     </span>
    </p>
   </div>
   <div class='ocr_carea' id='block_1_24' title="bbox 233 1109 1021 1146">
    <p class='ocr_par' dir='ltr' id='par_1_24' title="bbox 233 1109 1021 1146">
     <span class='ocr_line' id='line_1_24' title="bbox 233 1109 1021 1146; baseline -0.005 -5"><span class='ocrx_word' id='word_1_145' title='bbox 233 1114 350 1146; x_wconf 84' lang='lat' dir='ltr'><strong>etvade,</strong></span> <span class='ocrx_word' id='word_1_146' title='bbox 365 1113 469 1141; x_wconf 85' lang='lat' dir='ltr'><strong>habeas</strong></span> <span class='ocrx_word' id='word_1_147' title='bbox 484 1119 545 1141; x_wconf 90' lang='lat' dir='ltr'><strong>cum</strong></span> <span class='ocrx_word' id='word_1_148' title='bbox 571 1112 626 1140; x_wconf 87' lang='lat' dir='ltr'><strong>vita</strong></span> <span class='ocrx_word' id='word_1_149' title='bbox 647 1111 730 1138; x_wconf 89' lang='lat' dir='ltr'><strong>etiam</strong></span> <span class='ocrx_word' id='word_1_150' title='bbox 761 1112 842 1138; x_wconf 88' lang='lat' dir='ltr'><strong>dona.</strong></span> <span class='ocrx_word' id='word_1_151' title='bbox 861 1109 940 1145; x_wconf 64' lang='lat' dir='ltr'><strong>Lymo</strong></span> <span class='ocrx_word' id='word_1_152' title='bbox 956 1118 1021 1137; x_wconf 86' lang='lat' dir='ltr'><strong>vero</strong></span> 
     </span>
    </p>
   </div>
   <div class='ocr_carea' id='block_1_25' title="bbox 231 1158 1020 1195">
    <p class='ocr_par' dir='ltr' id='par_1_25' title="bbox 231 1158 1020 1195">
     <span class='ocr_line' id='line_1_25' title="bbox 231 1158 1020 1195; baseline -0.006 -6"><span class='ocrx_word' id='word_1_153' title='bbox 231 1161 409 1195; x_wconf 76' lang='lat' dir='ltr'><strong>temetipsum</strong></span> <span class='ocrx_word' id='word_1_154' title='bbox 428 1167 463 1187; x_wconf 88' lang='lat' dir='ltr'><strong>ne</strong></span> <span class='ocrx_word' id='word_1_155' title='bbox 478 1159 604 1194; x_wconf 74' lang='lat' dir='ltr'><strong>ohjirias,</strong></span> <span class='ocrx_word' id='word_1_156' title='bbox 617 1158 746 1194; x_wconf 86' lang='lat' dir='ltr'><strong>quoniam</strong></span> <span class='ocrx_word' id='word_1_157' title='bbox 763 1158 864 1185; x_wconf 91' lang='lat' dir='ltr'><strong>multos</strong></span> <span class='ocrx_word' id='word_1_158' title='bbox 880 1163 905 1184; x_wconf 88' lang='lat' dir='ltr'><strong>te</strong></span> <span class='ocrx_word' id='word_1_159' title='bbox 923 1162 1020 1193; x_wconf 86' lang='lat' dir='ltr'><strong>poten-</strong></span> 
     </span>
    </p>
   </div>
   <div class='ocr_carea' id='block_1_26' title="bbox 231 1208 444 1236">
    <p class='ocr_par' dir='ltr' id='par_1_26' title="bbox 231 1208 444 1236">
     <span class='ocr_line' id='line_1_26' title="bbox 231 1208 444 1236; baseline -0.005 -1"><span class='ocrx_word' id='word_1_160' title='bbox 231 1208 316 1236; x_wconf 80' lang='lat' dir='ltr'><strong>tiores</strong></span> <span class='ocrx_word' id='word_1_161' title='bbox 333 1208 444 1236; x_wconf 85' lang='lat' dir='ltr'><strong>devicit.</strong></span> 
     </span>
    </p>
   </div>
   <div class='ocr_carea' id='block_1_27' title="bbox 266 1252 1019 1287">
    <p class='ocr_par' dir='ltr' id='par_1_27' title="bbox 266 1252 1019 1287">
     <span class='ocr_line' id='line_1_27' title="bbox 266 1252 1019 1287; baseline -0.007 -5"><span class='ocrx_word' id='word_1_162' title='bbox 266 1255 293 1282; x_wconf 92' lang='lat'><strong>8.</strong></span> <span class='ocrx_word' id='word_1_163' title='bbox 312 1254 359 1281; x_wconf 90' lang='lat' dir='ltr'><strong>llis</strong></span> <span class='ocrx_word' id='word_1_164' title='bbox 373 1253 470 1282; x_wconf 88' lang='lat' dir='ltr'><strong>Nestor</strong></span> <span class='ocrx_word' id='word_1_165' title='bbox 486 1254 596 1287; x_wconf 76' lang='lat' dir='ltr'><strong>auditis,</strong></span> <span class='ocrx_word' id='word_1_166' title='bbox 607 1261 657 1280; x_wconf 90' lang='lat' dir='ltr'><strong>nec</strong></span> <span class='ocrx_word' id='word_1_167' title='bbox 674 1253 768 1286; x_wconf 77' lang='lat' dir='ltr'><strong>recipit</strong></span> <span class='ocrx_word' id='word_1_168' title='bbox 785 1252 885 1279; x_wconf 90' lang='lat' dir='ltr'><strong>monita</strong></span> <span class='ocrx_word' id='word_1_169' title='bbox 901 1252 1019 1286; x_wconf 88' lang='lat' dir='ltr'><strong>impera-</strong></span> 
     </span>
    </p>
   </div>
   <div class='ocr_carea' id='block_1_28' title="bbox 230 1297 1018 1336">
    <p class='ocr_par' dir='ltr' id='par_1_28' title="bbox 230 1297 1018 1336">
     <span class='ocr_line' id='line_1_28' title="bbox 230 1297 1018 1336; baseline -0.005 -9"><span class='ocrx_word' id='word_1_170' title='bbox 230 1301 308 1329; x_wconf 88' lang='lat' dir='ltr'><strong>toris.</strong></span> <span class='ocrx_word' id='word_1_171' title='bbox 324 1308 413 1336; x_wconf 85' lang='lat' dir='ltr'><strong>ueque</strong></span> <span class='ocrx_word' id='word_1_172' title='bbox 427 1300 583 1328; x_wconf 82' lang='lat' dir='ltr'><strong>formidavit</strong></span> <span class='ocrx_word' id='word_1_173' title='bbox 597 1300 631 1327; x_wconf 88' lang='lat' dir='ltr'><strong>de</strong></span> <span class='ocrx_word' id='word_1_174' title='bbox 645 1300 745 1327; x_wconf 85' lang='lat' dir='ltr'><strong>virtute</strong></span> <span class='ocrx_word' id='word_1_175' title='bbox 761 1298 844 1333; x_wconf 63' lang='lat' dir='ltr'><strong>Lyaei,</strong></span> <span class='ocrx_word' id='word_1_176' title='bbox 861 1297 1018 1332; x_wconf 87' lang='lat' dir='ltr'><strong>imperatori</strong></span> 
     </span>
    </p>
   </div>
   <div class='ocr_carea' id='block_1_29' title="bbox 179 1343 1019 1381">
    <p class='ocr_par' dir='ltr' id='par_1_29' title="bbox 179 1343 1019 1381">
     <span class='ocr_line' id='line_1_29' title="bbox 179 1343 1019 1381; baseline -0.006 -7"><span class='ocrx_word' id='word_1_177' title='bbox 179 1370 183 1375; x_wconf 90' lang='lat'>.</span> <span class='ocrx_word' id='word_1_178' title='bbox 229 1351 320 1374; x_wconf 84' lang='lat' dir='ltr'><strong>autem</strong></span> <span class='ocrx_word' id='word_1_179' title='bbox 337 1345 476 1381; x_wconf 86' lang='lat' dir='ltr'><strong>respondit</strong></span> <span class='ocrx_word' id='word_1_180' title='bbox 492 1355 498 1373; x_wconf 89' lang='lat'><strong>:</strong></span> <span class='ocrx_word' id='word_1_181' title='bbox 514 1345 569 1372; x_wconf 80' lang='lat' dir='ltr'><strong>Nec</strong></span> <span class='ocrx_word' id='word_1_182' title='bbox 586 1345 719 1380; x_wconf 86' lang='lat' dir='ltr'><strong>pecuniis,</strong></span> <span class='ocrx_word' id='word_1_183' title='bbox 735 1349 766 1372; x_wconf 91' lang='lat' dir='ltr'><strong>ut</strong></span> <span class='ocrx_word' id='word_1_184' title='bbox 790 1343 959 1375; x_wconf 85' lang='lat' dir='ltr'><strong>asseruistis,</strong></span> <span class='ocrx_word' id='word_1_185' title='bbox 985 1343 1019 1370; x_wconf 85' lang='lat' dir='ltr'><strong>ad</strong></span> 
     </span>
    </p>
   </div>
   <div class='ocr_carea' id='block_1_30' title="bbox 229 1390 1018 1427">
    <p class='ocr_par' dir='ltr' id='par_1_30' title="bbox 229 1390 1018 1427">
     <span class='ocr_line' id='line_1_30' title="bbox 229 1390 1018 1427; baseline -0.004 -8"><span class='ocrx_word' id='word_1_186' title='bbox 229 1392 301 1419; x_wconf 87' lang='lat' dir='ltr'><strong>hunc</strong></span> <span class='ocrx_word' id='word_1_187' title='bbox 317 1400 430 1427; x_wconf 80' lang='lat' dir='ltr'><strong>agonem</strong></span> <span class='ocrx_word' id='word_1_188' title='bbox 445 1392 527 1423; x_wconf 89' lang='lat' dir='ltr'><strong>veni,</strong></span> <span class='ocrx_word' id='word_1_189' title='bbox 543 1391 590 1418; x_wconf 85' lang='lat' dir='ltr'><strong>sed</strong></span> <span class='ocrx_word' id='word_1_190' title='bbox 609 1395 639 1418; x_wconf 96' lang='lat' dir='ltr'><strong>ut</strong></span> <span class='ocrx_word' id='word_1_191' title='bbox 655 1391 794 1417; x_wconf 66' lang='lat' dir='ltr'><strong>meliorem</strong></span> <span class='ocrx_word' id='word_1_192' title='bbox 812 1390 891 1424; x_wconf 75' lang='lat' dir='ltr'><strong>Lyzeo</strong></span> <span class='ocrx_word' id='word_1_193' title='bbox 904 1394 1018 1416; x_wconf 90' lang='lat' dir='ltr'><strong>memet-</strong></span> 
     </span>
    </p>
   </div>
   <div class='ocr_carea' id='block_1_31' title="bbox 229 1436 1017 1472">
    <p class='ocr_par' dir='ltr' id='par_1_31' title="bbox 229 1436 1017 1472">
     <span class='ocr_line' id='line_1_31' title="bbox 229 1436 1017 1472; baseline -0.003 -8"><span class='ocrx_word' id='word_1_194' title='bbox 229 1438 318 1472; x_wconf 89' lang='lat' dir='ltr'><strong>ipsum</strong></span> <span class='ocrx_word' id='word_1_195' title='bbox 348 1437 458 1464; x_wconf 84' lang='lat' dir='ltr'><strong>reddam</strong></span> <span class='ocrx_word' id='word_1_196' title='bbox 470 1437 536 1472; x_wconf 37' lang='lat' dir='ltr'><strong>(lli).</strong></span> <span class='ocrx_word' id='word_1_197' title='bbox 548 1436 606 1463; x_wconf 79' lang='lat' dir='ltr'><strong>Mox</strong></span> <span class='ocrx_word' id='word_1_198' title='bbox 620 1443 684 1470; x_wconf 79' lang='lat' dir='ltr'><strong>ergo</strong></span> <span class='ocrx_word' id='word_1_199' title='bbox 700 1440 753 1462; x_wconf 88' lang='lat' dir='ltr'><strong>tam</strong></span> <span class='ocrx_word' id='word_1_200' title='bbox 766 1436 923 1470; x_wconf 86' lang='lat' dir='ltr'><strong>imperator,</strong></span> <span class='ocrx_word' id='word_1_201' title='bbox 935 1442 1017 1470; x_wconf 88' lang='lat' dir='ltr'><strong>quam</strong></span> 
     </span>
    </p>
   </div>
   <div class='ocr_carea' id='block_1_32' title="bbox 229 1482 1016 1518">
    <p class='ocr_par' dir='ltr' id='par_1_32' title="bbox 229 1482 1016 1518">
     <span class='ocr_line' id='line_1_32' title="bbox 229 1482 1016 1518; baseline -0.003 -7"><span class='ocrx_word' id='word_1_202' title='bbox 229 1484 258 1511; x_wconf 85' lang='lat' dir='ltr'><strong>lti</strong></span> <span class='ocrx_word' id='word_1_203' title='bbox 272 1484 316 1518; x_wconf 87' lang='lat' dir='ltr'><strong>qtti</strong></span> <span class='ocrx_word' id='word_1_204' title='bbox 333 1484 406 1511; x_wconf 84' lang='lat' dir='ltr'><strong>circa</strong></span> <span class='ocrx_word' id='word_1_205' title='bbox 421 1488 508 1516; x_wconf 75' lang='lat' dir='ltr'><strong>erant,</strong></span> <span class='ocrx_word' id='word_1_206' title='bbox 528 1483 605 1518; x_wconf 76' lang='lat' dir='ltr'><strong>Lymo</strong></span> <span class='ocrx_word' id='word_1_207' title='bbox 630 1482 768 1515; x_wconf 82' lang='lat' dir='ltr'><strong>faventes,</strong></span> <span class='ocrx_word' id='word_1_208' title='bbox 790 1483 818 1509; x_wconf 89' lang='lat' dir='ltr'><strong>in</strong></span> <span class='ocrx_word' id='word_1_209' title='bbox 844 1482 911 1509; x_wconf 88' lang='lat' dir='ltr'><strong>iram</strong></span> <span class='ocrx_word' id='word_1_210' title='bbox 937 1483 1016 1510; x_wconf 84' lang='lat' dir='ltr'><strong>dictis</strong></span> 
     </span>
    </p>
   </div>
   <div class='ocr_carea' id='block_1_33' title="bbox 228 1528 1015 1563">
    <p class='ocr_par' dir='ltr' id='par_1_33' title="bbox 228 1528 1015 1563">
     <span class='ocr_line' id='line_1_33' title="bbox 228 1528 1015 1563; baseline -0.003 -7"><span class='ocrx_word' id='word_1_211' title='bbox 228 1529 352 1556; x_wconf 81' lang='lat' dir='ltr'><strong>Nestoris</strong></span> <span class='ocrx_word' id='word_1_212' title='bbox 366 1534 531 1563; x_wconf 74' lang='lat' dir='ltr'><strong>consurgunt</strong></span> <span class='ocrx_word' id='word_1_213' title='bbox 547 1529 614 1563; x_wconf 81' lang='grc'><strong>(15).</strong></span> <span class='ocrx_word' id='word_1_214' title='bbox 637 1528 794 1563; x_wconf 85' lang='lat' dir='ltr'><strong>jactautiatu</strong></span> <span class='ocrx_word' id='word_1_215' title='bbox 811 1528 871 1562; x_wconf 81' lang='lat' dir='ltr'><strong>ejus</strong></span> <span class='ocrx_word' id='word_1_216' title='bbox 896 1535 950 1555; x_wconf 91' lang='lat' dir='ltr'><strong>non</strong></span> <span class='ocrx_word' id='word_1_217' title='bbox 975 1528 1015 1554; x_wconf 85' lang='lat' dir='ltr'><strong>fe-</strong></span> 
     </span>
    </p>
   </div>
   <div class='ocr_carea' id='block_1_34' title="bbox 227 1574 1017 1610">
    <p class='ocr_par' dir='ltr' id='par_1_34' title="bbox 227 1574 1017 1610">
     <span class='ocr_line' id='line_1_34' title="bbox 227 1574 1017 1610; baseline 0 -8"><span class='ocrx_word' id='word_1_218' title='bbox 227 1579 320 1603; x_wconf 79' lang='lat' dir='ltr'><strong>rentes</strong></span> <span class='ocrx_word' id='word_1_219' title='bbox 338 1585 345 1602; x_wconf 92' lang='lat'>:</span> <span class='ocrx_word' id='word_1_220' title='bbox 362 1575 510 1610; x_wconf 82' lang='lat' dir='ltr'><strong>imperator</strong></span> <span class='ocrx_word' id='word_1_221' title='bbox 529 1582 594 1602; x_wconf 85' lang='lat' dir='ltr'><strong>vero</strong></span> <span class='ocrx_word' id='word_1_222' title='bbox 611 1574 783 1601; x_wconf 83' lang='lat' dir='ltr'><strong>confortabat</strong></span> <span class='ocrx_word' id='word_1_223' title='bbox 801 1574 926 1609; x_wconf 69' lang='lat' dir='ltr'><strong>Lyaeum,</strong></span> <span class='ocrx_word' id='word_1_224' title='bbox 944 1579 970 1601; x_wconf 90' lang='lat' dir='ltr'><strong>et</strong></span> <span class='ocrx_word' id='word_1_225' title='bbox 987 1575 1017 1602; x_wconf 85' lang='lat' dir='ltr'><strong>li-</strong></span> 
     </span>
    </p>
   </div>
   <div class='ocr_carea' id='block_1_35' title="bbox 226 1620 1015 1656">
    <p class='ocr_par' dir='ltr' id='par_1_35' title="bbox 226 1620 1015 1656">
     <span class='ocr_line' id='line_1_35' title="bbox 226 1620 1015 1656; baseline -0.001 -7"><span class='ocrx_word' id='word_1_226' title='bbox 226 1622 291 1649; x_wconf 87' lang='lat' dir='ltr'><strong>dum</strong></span> <span class='ocrx_word' id='word_1_227' title='bbox 307 1630 368 1650; x_wconf 84' lang='lat' dir='ltr'><strong>cum</strong></span> <span class='ocrx_word' id='word_1_228' title='bbox 388 1622 527 1650; x_wconf 84' lang='lat' dir='ltr'><strong>reddebat.</strong></span> <span class='ocrx_word' id='word_1_229' title='bbox 549 1621 583 1649; x_wconf 85' lang='lat' dir='ltr'><strong>At</strong></span> <span class='ocrx_word' id='word_1_230' title='bbox 599 1621 644 1648; x_wconf 89' lang='lat' dir='ltr'><strong>ille</strong></span> <span class='ocrx_word' id='word_1_231' title='bbox 665 1621 775 1656; x_wconf 75' lang='lat' dir='ltr'><strong>ilignum</strong></span> <span class='ocrx_word' id='word_1_232' title='bbox 793 1628 822 1648; x_wconf 88' lang='lat' dir='ltr'><strong>se</strong></span> <span class='ocrx_word' id='word_1_233' title='bbox 841 1620 1015 1655; x_wconf 84' lang='lat' dir='ltr'><strong>imperatorio</strong></span> 
     </span>
    </p>
   </div>
   <div class='ocr_carea' id='block_1_36' title="bbox 225 1665 1015 1703">
    <p class='ocr_par' dir='ltr' id='par_1_36' title="bbox 225 1665 1015 1703">
     <span class='ocr_line' id='line_1_36' title="bbox 225 1665 1015 1703; baseline -0.003 -8"><span class='ocrx_word' id='word_1_234' title='bbox 225 1667 330 1703; x_wconf 78' lang='lat' dir='ltr'><strong>judicio</strong></span> <span class='ocrx_word' id='word_1_235' title='bbox 348 1667 495 1696; x_wconf 79' lang='lat' dir='ltr'><strong>festinabat</strong></span> <span class='ocrx_word' id='word_1_236' title='bbox 509 1667 663 1695; x_wconf 84' lang='lat' dir='ltr'><strong>ostendere.</strong></span> <span class='ocrx_word' id='word_1_237' title='bbox 684 1666 807 1702; x_wconf 87' lang='lat' dir='ltr'><strong>Cumque</strong></span> <span class='ocrx_word' id='word_1_238' title='bbox 823 1665 895 1693; x_wconf 77' lang='lat' dir='ltr'><strong>facta</strong></span> <span class='ocrx_word' id='word_1_239' title='bbox 918 1665 1015 1694; x_wconf 81' lang='lat' dir='ltr'><strong>fuisset</strong></span> 
     </span>
    </p>
   </div>
   <div class='ocr_carea' id='block_1_37' title="bbox 226 1755 1015 1789">
    <p class='ocr_par' dir='ltr' id='par_1_37' title="bbox 226 1755 1015 1789">
     <span class='ocr_line' id='line_1_37' title="bbox 226 1755 1015 1789; baseline -0.001 -6"><span class='ocrx_word' id='word_1_240' title='bbox 226 1756 332 1784; x_wconf 86' lang='lat' dir='ltr'><strong>habet:</strong></span> <span class='ocrx_word' id='word_1_241' title='bbox 358 1764 367 1781; x_wconf 85' lang='grc'><em>‹</em></span> <span class='ocrx_word' id='word_1_242' title='bbox 393 1755 458 1782; x_wconf 85' lang='lat' dir='ltr'><strong>Erat</strong></span> <span class='ocrx_word' id='word_1_243' title='bbox 473 1759 563 1782; x_wconf 90' lang='lat' dir='ltr'><strong>autem</strong></span> <span class='ocrx_word' id='word_1_244' title='bbox 588 1755 767 1789; x_wconf 78' lang='lat' dir='ltr'><strong>gladiatorum</strong></span> <span class='ocrx_word' id='word_1_245' title='bbox 784 1755 852 1782; x_wconf 85' lang='lat' dir='ltr'><strong>alter</strong></span> <span class='ocrx_word' id='word_1_246' title='bbox 880 1756 1015 1782; x_wconf 80' lang='lat' dir='ltr'><strong>maximus</strong></span> 
     </span>
    </p>
   </div>
   <div class='ocr_carea' id='block_1_38' title="bbox 228 1789 1014 1826">
    <p class='ocr_par' dir='ltr' id='par_1_38' title="bbox 228 1789 1014 1826">
     <span class='ocr_line' id='line_1_38' title="bbox 228 1789 1014 1826; baseline 0 -8"><span class='ocrx_word' id='word_1_247' title='bbox 228 1790 337 1826; x_wconf 81' lang='lat' dir='ltr'><strong>tyranni</strong></span> <span class='ocrx_word' id='word_1_248' title='bbox 354 1791 477 1826; x_wconf 60' lang='lat' dir='ltr'><strong>amicus,</strong></span> <span class='ocrx_word' id='word_1_249' title='bbox 487 1789 533 1824; x_wconf 89' lang='lat' dir='ltr'><strong>qui</strong></span> <span class='ocrx_word' id='word_1_250' title='bbox 552 1789 674 1816; x_wconf 90' lang='lat' dir='ltr'><strong>omnium</strong></span> <span class='ocrx_word' id='word_1_251' title='bbox 689 1790 790 1824; x_wconf 90' lang='lat' dir='ltr'><strong>optime</strong></span> <span class='ocrx_word' id='word_1_252' title='bbox 806 1789 948 1817; x_wconf 79' lang='lat' dir='ltr'><strong>videbatur</strong></span> <span class='ocrx_word' id='word_1_253' title='bbox 961 1798 1014 1825; x_wconf 90' lang='lat' dir='ltr'><strong>pu-</strong></span> 
     </span>
    </p>
   </div>
   <div class='ocr_carea' id='block_1_39' title="bbox 229 1825 604 1862">
    <p class='ocr_par' dir='ltr' id='par_1_39' title="bbox 229 1825 604 1862">
     <span class='ocr_line' id='line_1_39' title="bbox 229 1825 604 1862; baseline -0.008 -9"><span class='ocrx_word' id='word_1_254' title='bbox 229 1825 324 1862; x_wconf 64' lang='lat' dir='ltr'><strong>gnare,</strong></span> <span class='ocrx_word' id='word_1_255' title='bbox 342 1825 454 1862; x_wconf 67' lang='lat' dir='ltr'><strong>nomine</strong></span> <span class='ocrx_word' id='word_1_256' title='bbox 471 1825 573 1859; x_wconf 72' lang='lat' dir='ltr'><strong>Lyzrus.</strong></span> <span class='ocrx_word' id='word_1_257' title='bbox 590 1834 604 1862; x_wconf 77' lang='lat'><strong>_)</strong></span> 
     </span>
    </p>
   </div>
   <div class='ocr_carea' id='block_1_40' title="bbox 264 1859 1015 1896">
    <p class='ocr_par' dir='ltr' id='par_1_40' title="bbox 264 1859 1015 1896">
     <span class='ocr_line' id='line_1_40' title="bbox 264 1859 1015 1896; baseline 0 -9"><span class='ocrx_word' id='word_1_258' title='bbox 264 1859 415 1896; x_wconf 20' lang='lat' dir='ltr'><strong>(Hiberos</strong></span> <span class='ocrx_word' id='word_1_259' title='bbox 429 1859 573 1896; x_wconf 76' lang='lat' dir='ltr'><strong>duntaxat,</strong></span> <span class='ocrx_word' id='word_1_260' title='bbox 590 1859 699 1894; x_wconf 74' lang='lat' dir='ltr'><strong>Lyzeum</strong></span> <span class='ocrx_word' id='word_1_261' title='bbox 719 1859 845 1896; x_wconf 74' lang='lat' dir='ltr'><strong>videlicet</strong></span> <span class='ocrx_word' id='word_1_262' title='bbox 865 1863 892 1887; x_wconf 93' lang='lat' dir='ltr'><strong>et</strong></span> <span class='ocrx_word' id='word_1_263' title='bbox 915 1860 1015 1888; x_wconf 87' lang='lat' dir='ltr'><strong>Nesto-</strong></span> 
     </span>
    </p>
   </div>
   <div class='ocr_carea' id='block_1_41' title="bbox 226 1894 1015 1930">
    <p class='ocr_par' dir='ltr' id='par_1_41' title="bbox 226 1894 1015 1930">
     <span class='ocr_line' id='line_1_41' title="bbox 226 1894 1015 1930; baseline 0 -8"><span class='ocrx_word' id='word_1_264' title='bbox 226 1894 296 1926; x_wconf 84' lang='lat' dir='ltr'><strong>rem.</strong></span> <span class='ocrx_word' id='word_1_265' title='bbox 313 1895 356 1922; x_wconf 91' lang='lat' dir='ltr'><strong>die</strong></span> <span class='ocrx_word' id='word_1_266' title='bbox 372 1895 428 1927; x_wconf 91' lang='lat' dir='ltr'><strong>illo,</strong></span> <span class='ocrx_word' id='word_1_267' title='bbox 446 1902 500 1929; x_wconf 89' lang='lat' dir='ltr'><strong>quo</strong></span> <span class='ocrx_word' id='word_1_268' title='bbox 517 1894 688 1926; x_wconf 72' lang='lat' dir='ltr'><strong>Maximiano,</strong></span> <span class='ocrx_word' id='word_1_269' title='bbox 708 1895 740 1930; x_wconf 75' lang='lat' dir='ltr'><strong>ad</strong></span> <span class='ocrx_word' id='word_1_270' title='bbox 755 1894 934 1930; x_wconf 78' lang='lat' dir='ltr'><strong>gladiatorum</strong></span> <span class='ocrx_word' id='word_1_271' title='bbox 951 1903 1015 1930; x_wconf 86' lang='lat' dir='ltr'><strong>spe-</strong></span> 
     </span>
    </p>
   </div>
   <div class='ocr_carea' id='block_1_42' title="bbox 226 1929 1013 1965">
    <p class='ocr_par' dir='ltr' id='par_1_42' title="bbox 226 1929 1013 1965">
     <span class='ocr_line' id='line_1_42' title="bbox 226 1929 1013 1965; baseline -0.001 -7"><span class='ocrx_word' id='word_1_272' title='bbox 226 1930 362 1959; x_wconf 86' lang='lat' dir='ltr'><strong>ctaculum</strong></span> <span class='ocrx_word' id='word_1_273' title='bbox 378 1930 547 1964; x_wconf 79' lang='lat' dir='ltr'><strong>properanti,</strong></span> <span class='ocrx_word' id='word_1_274' title='bbox 563 1934 691 1956; x_wconf 85' lang='lat' dir='ltr'><strong>sanetum</strong></span> <span class='ocrx_word' id='word_1_275' title='bbox 717 1929 881 1956; x_wconf 83' lang='lat' dir='ltr'><strong>Demetrium</strong></span> <span class='ocrx_word' id='word_1_276' title='bbox 905 1929 1013 1965; x_wconf 78' lang='lat' dir='ltr'><strong>captum</strong></span> 
     </span>
    </p>
   </div>
   <div class='ocr_carea' id='block_1_43' title="bbox 225 1965 1012 2000">
    <p class='ocr_par' dir='ltr' id='par_1_43' title="bbox 225 1965 1012 2000">
     <span class='ocr_line' id='line_1_43' title="bbox 225 1965 1012 2000; baseline 0 -7"><span class='ocrx_word' id='word_1_277' title='bbox 225 1967 370 1998; x_wconf 76' lang='lat' dir='ltr'><strong>Stiterunt,</strong></span> <span class='ocrx_word' id='word_1_278' title='bbox 394 1965 523 2000; x_wconf 73' lang='lat' dir='ltr'><strong>singulari</strong></span> <span class='ocrx_word' id='word_1_279' title='bbox 538 1966 688 1992; x_wconf 85' lang='lat' dir='ltr'><strong>certamine</strong></span> <span class='ocrx_word' id='word_1_280' title='bbox 705 1965 894 1992; x_wconf 88' lang='lat' dir='ltr'><strong>decertaturos</strong></span> <span class='ocrx_word' id='word_1_281' title='bbox 918 1965 1012 1998; x_wconf 73' lang='lat' dir='ltr'><strong>fuis.~e,</strong></span> 
     </span>
    </p>
   </div>
   <div class='ocr_carea' id='block_1_44' title="bbox 225 2000 1014 2035">
    <p class='ocr_par' dir='ltr' id='par_1_44' title="bbox 225 2000 1014 2035">
     <span class='ocr_line' id='line_1_44' title="bbox 225 2000 1014 2035; baseline 0 -7"><span class='ocrx_word' id='word_1_282' title='bbox 225 2000 359 2028; x_wconf 77' lang='lat' dir='ltr'><strong>Photiana</strong></span> <span class='ocrx_word' id='word_1_283' title='bbox 383 2000 465 2034; x_wconf 86' lang='lat' dir='ltr'><strong>illius,</strong></span> <span class='ocrx_word' id='word_1_284' title='bbox 493 2006 573 2035; x_wconf 89' lang='lat' dir='ltr'><strong>prout</strong></span> <span class='ocrx_word' id='word_1_285' title='bbox 590 2000 776 2035; x_wconf 74' lang='lat' dir='ltr'><strong>Latii-eversa</strong></span> <span class='ocrx_word' id='word_1_286' title='bbox 801 2004 903 2029; x_wconf 81' lang='lat' dir='ltr'><strong>exstat.</strong></span> <span class='ocrx_word' id='word_1_287' title='bbox 920 2000 1014 2028; x_wconf 83' lang='lat' dir='ltr'><strong>Passio</strong></span> 
     </span>
    </p>
   </div>
   <div class='ocr_carea' id='block_1_45' title="bbox 226 2034 1012 2070">
    <p class='ocr_par' dir='ltr' id='par_1_45' title="bbox 226 2034 1012 2070">
     <span class='ocr_line' id='line_1_45' title="bbox 226 2034 1012 2070; baseline 0.001 -8"><span class='ocrx_word' id='word_1_288' title='bbox 226 2037 349 2070; x_wconf 81' lang='lat' dir='ltr'><strong>indicare</strong></span> <span class='ocrx_word' id='word_1_289' title='bbox 370 2034 545 2064; x_wconf 31' lang='lat' dir='ltr'><strong>videtur.’uti</strong></span> <span class='ocrx_word' id='word_1_290' title='bbox 566 2035 646 2062; x_wconf 74' lang='lat' dir='ltr'><strong>etiam</strong></span> <span class='ocrx_word' id='word_1_291' title='bbox 671 2034 813 2062; x_wconf 84' lang='lat' dir='ltr'><strong>Nestorem</strong></span> <span class='ocrx_word' id='word_1_292' title='bbox 836 2035 1012 2070; x_wconf 79' lang='lat' dir='ltr'><strong>gladiatorem</strong></span> 
     </span>
    </p>
   </div>
   <div class='ocr_carea' id='block_1_46' title="bbox 226 2069 1011 2105">
    <p class='ocr_par' dir='ltr' id='par_1_46' title="bbox 226 2069 1011 2105">
     <span class='ocr_line' id='line_1_46' title="bbox 226 2069 1011 2105; baseline -0.001 -7"><span class='ocrx_word' id='word_1_293' title='bbox 226 2071 320 2099; x_wconf 80' lang='lat' dir='ltr'><strong>fuisse.</strong></span> <span class='ocrx_word' id='word_1_294' title='bbox 339 2069 435 2098; x_wconf 78' lang='lat' dir='ltr'><strong>Verbis</strong></span> <span class='ocrx_word' id='word_1_295' title='bbox 449 2070 532 2102; x_wconf 83' lang='lat' dir='ltr'><strong>enim,</strong></span> <span class='ocrx_word' id='word_1_296' title='bbox 550 2072 581 2096; x_wconf 85' lang='lat' dir='ltr'><strong>ad</strong></span> <span class='ocrx_word' id='word_1_297' title='bbox 596 2070 715 2097; x_wconf 82' lang='lat' dir='ltr'><strong>litteram</strong></span> <span class='ocrx_word' id='word_1_298' title='bbox 729 2069 927 2105; x_wconf 64' lang='lat' dir='ltr'><strong>praecedentem</strong></span> <span class='ocrx_word' id='word_1_299' title='bbox 943 2071 1011 2098; x_wconf 89' lang='lat' dir='ltr'><strong>rcci-</strong></span> 
     </span>
    </p>
   </div>
   <div class='ocr_carea' id='block_1_47' title="bbox 226 2105 1010 2140">
    <p class='ocr_par' dir='ltr' id='par_1_47' title="bbox 226 2105 1010 2140">
     <span class='ocr_line' id='line_1_47' title="bbox 226 2105 1010 2140; baseline -0.001 -7"><span class='ocrx_word' id='word_1_300' title='bbox 226 2107 300 2139; x_wconf 83' lang='lat' dir='ltr'><strong>tatis,</strong></span> <span class='ocrx_word' id='word_1_301' title='bbox 324 2108 448 2140; x_wconf 81' lang='lat' dir='ltr'><strong>proxime</strong></span> <span class='ocrx_word' id='word_1_302' title='bbox 470 2106 528 2133; x_wconf 64' lang='lat' dir='ltr'><strong>haec</strong></span> <span class='ocrx_word' id='word_1_303' title='bbox 544 2105 625 2132; x_wconf 87' lang='lat' dir='ltr'><strong>habet</strong></span> <span class='ocrx_word' id='word_1_304' title='bbox 646 2107 767 2133; x_wconf 75' lang='lat' dir='ltr'><strong>subnexa</strong></span> <span class='ocrx_word' id='word_1_305' title='bbox 788 2113 795 2132; x_wconf 88' lang='lat'>:</span> <span class='ocrx_word' id='word_1_306' title='bbox 821 2115 829 2131; x_wconf 76' lang='grc'><strong>1</strong></span> <span class='ocrx_word' id='word_1_307' title='bbox 853 2106 902 2138; x_wconf 84' lang='lat' dir='ltr'><strong>Qui</strong></span> <span class='ocrx_word' id='word_1_308' title='bbox 919 2111 1010 2133; x_wconf 89' lang='lat' dir='ltr'><strong>autent</strong></span> 
     </span>
    </p>
   </div>
   <div class='ocr_carea' id='block_1_48' title="bbox 225 2140 1010 2176">
    <p class='ocr_par' dir='ltr' id='par_1_48' title="bbox 225 2140 1010 2176">
     <span class='ocr_line' id='line_1_48' title="bbox 225 2140 1010 2176; baseline 0.001 -9"><span class='ocrx_word' id='word_1_309' title='bbox 225 2149 286 2168; x_wconf 86' lang='lat' dir='ltr'><strong>cum</strong></span> <span class='ocrx_word' id='word_1_310' title='bbox 304 2141 351 2168; x_wconf 88' lang='lat' dir='ltr'><strong>illo</strong></span> <span class='ocrx_word' id='word_1_311' title='bbox 368 2140 459 2176; x_wconf 66' lang='lat' dir='ltr'><strong>(Lyaeo</strong></span> <span class='ocrx_word' id='word_1_312' title='bbox 473 2141 617 2176; x_wconf 72' lang='lat' dir='ltr'><strong>nimii-uini</strong></span> <span class='ocrx_word' id='word_1_313' title='bbox 633 2148 666 2168; x_wconf 84' lang='lat' dir='ltr'><strong>eo</strong></span> <span class='ocrx_word' id='word_1_314' title='bbox 684 2141 726 2167; x_wconf 82' lang='lat' dir='ltr'><strong>die</strong></span> <span class='ocrx_word' id='word_1_315' title='bbox 741 2140 946 2176; x_wconf 80' lang='lat' dir='ltr'><strong>depugnaturus</strong></span> <span class='ocrx_word' id='word_1_316' title='bbox 963 2149 1010 2168; x_wconf 77' lang='lat' dir='ltr'><strong>ve-</strong></span> 
     </span>
    </p>
   </div>
   <div class='ocr_carea' id='block_1_49' title="bbox 227 2175 1010 2210">
    <p class='ocr_par' dir='ltr' id='par_1_49' title="bbox 227 2175 1010 2210">
     <span class='ocr_line' id='line_1_49' title="bbox 227 2175 1010 2210; baseline 0 -8"><span class='ocrx_word' id='word_1_317' title='bbox 227 2181 315 2210; x_wconf 86' lang='lat' dir='ltr'><strong>uerat,</strong></span> <span class='ocrx_word' id='word_1_318' title='bbox 332 2175 456 2210; x_wconf 77' lang='lat' dir='ltr'><strong>plebeius</strong></span> <span class='ocrx_word' id='word_1_319' title='bbox 466 2180 534 2207; x_wconf 81' lang='lat' dir='ltr'><strong>erat.</strong></span> <span class='ocrx_word' id='word_1_320' title='bbox 544 2175 652 2209; x_wconf 85' lang='lat' dir='ltr'><strong>juvenis</strong></span> <span class='ocrx_word' id='word_1_321' title='bbox 663 2180 752 2205; x_wconf 62' lang='lat' dir='ltr'><strong>aetate.</strong></span> <span class='ocrx_word' id='word_1_322' title='bbox 766 2176 877 2202; x_wconf 85' lang='lat' dir='ltr'><strong>nomine</strong></span> <span class='ocrx_word' id='word_1_323' title='bbox 887 2176 992 2203; x_wconf 86' lang='lat' dir='ltr'><strong>Nestor.</strong></span> <span class='ocrx_word' id='word_1_324' title='bbox 1001 2185 1010 2202; x_wconf 81' lang='grc'><strong>1</strong></span> 
     </span>
    </p>
   </div>
   <div class='ocr_carea' id='block_1_50' title="bbox 1077 236 1862 272">
    <p class='ocr_par' dir='ltr' id='par_1_50' title="bbox 1077 236 1862 272">
     <span class='ocr_line' id='line_1_50' title="bbox 1077 236 1862 272; baseline -0.003 -6"><span class='ocrx_word' id='word_1_325' title='bbox 1077 241 1148 267; x_wconf 86' lang='lat' dir='ltr'><strong>tinus</strong></span> <span class='ocrx_word' id='word_1_326' title='bbox 1172 244 1297 268; x_wconf 87' lang='lat' dir='ltr'><strong>mortuus</strong></span> <span class='ocrx_word' id='word_1_327' title='bbox 1318 245 1371 272; x_wconf 84' lang='lat' dir='ltr'><strong>est,</strong></span> <span class='ocrx_word' id='word_1_328' title='bbox 1390 245 1418 267; x_wconf 88' lang='lat' dir='ltr'><strong>et</strong></span> <span class='ocrx_word' id='word_1_329' title='bbox 1438 244 1587 267; x_wconf 61' lang='grc' dir='ltr'><strong>(ιιι-(1111³111</strong></span> <span class='ocrx_word' id='word_1_330' title='bbox 1614 236 1679 265; x_wconf 87' lang='lat' dir='ltr'><strong>fecit</strong></span> <span class='ocrx_word' id='word_1_331' title='bbox 1703 236 1862 272; x_wconf 87' lang='lat' dir='ltr'><strong>imperatori</strong></span> 
     </span>
    </p>
   </div>
   <div class='ocr_carea' id='block_1_51' title="bbox 1074 286 1272 314">
    <p class='ocr_par' dir='ltr' id='par_1_51' title="bbox 1074 286 1272 314">
     <span class='ocr_line' id='line_1_51' title="bbox 1074 286 1272 314; baseline -0.01 0"><span class='ocrx_word' id='word_1_332' title='bbox 1074 286 1272 314; x_wconf 76' lang='lat' dir='ltr'><strong>ceiifusionetu.</strong></span> 
     </span>
    </p>
   </div>
   <div class='ocr_carea' id='block_1_52' title="bbox 1108 329 1863 367">
    <p class='ocr_par' dir='ltr' id='par_1_52' title="bbox 1108 329 1863 367">
     <span class='ocr_line' id='line_1_52' title="bbox 1108 329 1863 367; baseline -0.005 -7"><span class='ocrx_word' id='word_1_333' title='bbox 1108 333 1135 360; x_wconf 86' lang='lat'><strong>9.</strong></span> <span class='ocrx_word' id='word_1_334' title='bbox 1152 332 1228 360; x_wconf 89' lang='lat' dir='ltr'><strong>Unde</strong></span> <span class='ocrx_word' id='word_1_335' title='bbox 1243 340 1294 359; x_wconf 84' lang='lat' dir='ltr'><strong>nec</strong></span> <span class='ocrx_word' id='word_1_336' title='bbox 1310 332 1373 359; x_wconf 77' lang='lat' dir='ltr'><strong>ullis</strong></span> <span class='ocrx_word' id='word_1_337' title='bbox 1388 332 1476 367; x_wconf 70' lang='lat' dir='ltr'><strong>pactis</strong></span> <span class='ocrx_word' id='word_1_338' title='bbox 1491 335 1519 358; x_wconf 89' lang='lat' dir='ltr'><strong>et</strong></span> <span class='ocrx_word' id='word_1_339' title='bbox 1540 330 1714 365; x_wconf 86' lang='lat' dir='ltr'><strong>repromissis</strong></span> <span class='ocrx_word' id='word_1_340' title='bbox 1738 329 1863 364; x_wconf 82' lang='lat' dir='ltr'><strong>pecuniis</strong></span> 
     </span>
    </p>
   </div>
   <div class='ocr_carea' id='block_1_53' title="bbox 1074 374 1863 411">
    <p class='ocr_par' dir='ltr' id='par_1_53' title="bbox 1074 374 1863 411">
     <span class='ocr_line' id='line_1_53' title="bbox 1074 374 1863 411; baseline -0.001 -9"><span class='ocrx_word' id='word_1_341' title='bbox 1074 376 1183 403; x_wconf 80' lang='lat' dir='ltr'><strong>Nestori</strong></span> <span class='ocrx_word' id='word_1_342' title='bbox 1199 384 1409 410; x_wconf 73' lang='lat' dir='ltr'><strong>recompensans</strong></span> <span class='ocrx_word' id='word_1_343' title='bbox 1427 376 1494 411; x_wconf 79' lang='grc'><strong>(16),</strong></span> <span class='ocrx_word' id='word_1_344' title='bbox 1511 376 1558 403; x_wconf 79' lang='lat' dir='ltr'><strong>sed</strong></span> <span class='ocrx_word' id='word_1_345' title='bbox 1579 383 1642 402; x_wconf 77' lang='lat' dir='ltr'><strong>mox</strong></span> <span class='ocrx_word' id='word_1_346' title='bbox 1663 375 1692 401; x_wconf 91' lang='lat' dir='ltr'><strong>in</strong></span> <span class='ocrx_word' id='word_1_347' title='bbox 1719 382 1770 402; x_wconf 89' lang='lat' dir='ltr'><strong>suo</strong></span> <span class='ocrx_word' id='word_1_348' title='bbox 1794 374 1863 401; x_wconf 91' lang='lat' dir='ltr'><strong>solio</strong></span> 
     </span>
    </p>
   </div>
   <div class='ocr_carea' id='block_1_54' title="bbox 1074 420 1863 457">
    <p class='ocr_par' dir='ltr' id='par_1_54' title="bbox 1074 420 1863 457">
     <span class='ocr_line' id='line_1_54' title="bbox 1074 420 1863 457; baseline -0.004 -7"><span class='ocrx_word' id='word_1_349' title='bbox 1074 423 1200 454; x_wconf 83' lang='lat' dir='ltr'><strong>resilivit,</strong></span> <span class='ocrx_word' id='word_1_350' title='bbox 1215 428 1242 450; x_wconf 86' lang='lat' dir='ltr'><strong>et</strong></span> <span class='ocrx_word' id='word_1_351' title='bbox 1268 424 1353 450; x_wconf 89' lang='lat' dir='ltr'><strong>tristis</strong></span> <span class='ocrx_word' id='word_1_352' title='bbox 1370 423 1404 450; x_wconf 88' lang='lat' dir='ltr'><strong>ad</strong></span> <span class='ocrx_word' id='word_1_353' title='bbox 1424 423 1554 457; x_wconf 79' lang='lat' dir='ltr'><strong>pa’atiutu</strong></span> <span class='ocrx_word' id='word_1_354' title='bbox 1573 429 1702 449; x_wconf 79' lang='lat' dir='ltr'><strong>reversus</strong></span> <span class='ocrx_word' id='word_1_355' title='bbox 1725 425 1778 448; x_wconf 89' lang='lat' dir='ltr'><strong>cst.</strong></span> <span class='ocrx_word' id='word_1_356' title='bbox 1795 420 1863 447; x_wconf 88' lang='lat' dir='ltr'><strong>Cum</strong></span> 
     </span>
    </p>
   </div>
   <div class='ocr_carea' id='block_1_55' title="bbox 1074 467 1863 505">
    <p class='ocr_par' dir='ltr' id='par_1_55' title="bbox 1074 467 1863 505">
     <span class='ocr_line' id='line_1_55' title="bbox 1074 467 1863 505; baseline -0.004 -9"><span class='ocrx_word' id='word_1_357' title='bbox 1074 474 1165 496; x_wconf 89' lang='lat' dir='ltr'><strong>autem</strong></span> <span class='ocrx_word' id='word_1_358' title='bbox 1182 469 1206 497; x_wconf 88' lang='lat' dir='ltr'><strong>ei</strong></span> <span class='ocrx_word' id='word_1_359' title='bbox 1224 470 1332 504; x_wconf 87' lang='lat' dir='ltr'><strong>qtttdam</strong></span> <span class='ocrx_word' id='word_1_360' title='bbox 1342 471 1374 497; x_wconf 89' lang='lat' dir='ltr'><strong>de</strong></span> <span class='ocrx_word' id='word_1_361' title='bbox 1392 470 1528 496; x_wconf 85' lang='lat' dir='ltr'><strong>Demetrio</strong></span> <span class='ocrx_word' id='word_1_362' title='bbox 1545 468 1753 505; x_wconf 63' lang='lat' dir='ltr'><strong>suggn&#39;ssissent.</strong></span> <span class='ocrx_word' id='word_1_363' title='bbox 1769 467 1863 494; x_wconf 88' lang='lat' dir='ltr'><strong>statim</strong></span> 
     </span>
    </p>
   </div>
   <div class='ocr_carea' id='block_1_56' title="bbox 1075 513 1864 550">
    <p class='ocr_par' dir='ltr' id='par_1_56' title="bbox 1075 513 1864 550">
     <span class='ocr_line' id='line_1_56' title="bbox 1075 513 1864 550; baseline -0.005 -8"><span class='ocrx_word' id='word_1_364' title='bbox 1075 515 1100 542; x_wconf 89' lang='lat' dir='ltr'><strong>itt</strong></span> <span class='ocrx_word' id='word_1_365' title='bbox 1122 515 1160 542; x_wconf 78' lang='lat' dir='ltr'><strong>ira</strong></span> <span class='ocrx_word' id='word_1_366' title='bbox 1178 521 1318 550; x_wconf 87' lang='lat' dir='ltr'><strong>permotus</strong></span> <span class='ocrx_word' id='word_1_367' title='bbox 1335 517 1361 542; x_wconf 77' lang='lat' dir='ltr'><strong>in</strong></span> <span class='ocrx_word' id='word_1_368' title='bbox 1383 516 1442 550; x_wconf 84' lang='lat' dir='ltr'><strong>ipso</strong></span> <span class='ocrx_word' id='word_1_369' title='bbox 1462 516 1532 547; x_wconf 79' lang='lat' dir='ltr'><strong>loco,</strong></span> <span class='ocrx_word' id='word_1_370' title='bbox 1546 515 1572 542; x_wconf 91' lang='lat' dir='ltr'><strong>in</strong></span> <span class='ocrx_word' id='word_1_371' title='bbox 1594 522 1648 550; x_wconf 89' lang='lat' dir='ltr'><strong>quo</strong></span> <span class='ocrx_word' id='word_1_372' title='bbox 1665 513 1715 541; x_wconf 82' lang='lat' dir='ltr'><strong>fuit</strong></span> <span class='ocrx_word' id='word_1_373' title='bbox 1730 518 1864 544; x_wconf 72' lang='lat' dir='ltr'><strong>retentus,</strong></span> 
     </span>
    </p>
   </div>
   <div class='ocr_carea' id='block_1_57' title="bbox 1073 558 1864 595">
    <p class='ocr_par' dir='ltr' id='par_1_57' title="bbox 1073 558 1864 595">
     <span class='ocr_line' id='line_1_57' title="bbox 1073 558 1864 595; baseline -0.004 -9"><span class='ocrx_word' id='word_1_374' title='bbox 1073 560 1153 594; x_wconf 81' lang='lat' dir='ltr'><strong>jussit</strong></span> <span class='ocrx_word' id='word_1_375' title='bbox 1169 568 1230 587; x_wconf 92' lang='lat' dir='ltr'><strong>eum</strong></span> <span class='ocrx_word' id='word_1_376' title='bbox 1255 560 1357 588; x_wconf 83' lang='lat' dir='ltr'><strong>lanceis</strong></span> <span class='ocrx_word' id='word_1_377' title='bbox 1376 560 1524 595; x_wconf 83' lang='lat' dir='ltr'><strong>perforari.</strong></span> <span class='ocrx_word' id='word_1_378' title='bbox 1542 559 1579 587; x_wconf 87' lang='lat' dir='ltr'><strong>lta</strong></span> <span class='ocrx_word' id='word_1_379' title='bbox 1591 560 1686 586; x_wconf 86' lang='lat' dir='ltr'><strong>beatus</strong></span> <span class='ocrx_word' id='word_1_380' title='bbox 1709 558 1864 585; x_wconf 85' lang='lat' dir='ltr'><strong>Demetrius</strong></span> 
     </span>
    </p>
   </div>
   <div class='ocr_carea' id='block_1_58' title="bbox 1073 598 1864 642">
    <p class='ocr_par' dir='ltr' id='par_1_58' title="bbox 1073 598 1864 642">
     <span class='ocr_line' id='line_1_58' title="bbox 1073 598 1864 642; baseline -0.004 -9"><span class='ocrx_word' id='word_1_381' title='bbox 1073 598 1150 633; x_wconf 64' lang='lat' dir='ltr'><strong>bona:</strong></span> <span class='ocrx_word' id='word_1_382' title='bbox 1166 606 1346 634; x_wconf 78' lang='lat' dir='ltr'><strong>confessionis</strong></span> <span class='ocrx_word' id='word_1_383' title='bbox 1361 608 1520 642; x_wconf 85' lang='lat' dir='ltr'><strong>martyrium</strong></span> <span class='ocrx_word' id='word_1_384' title='bbox 1537 605 1746 633; x_wconf 77' lang='lat' dir='ltr'><strong>consummavit.</strong></span> <span class='ocrx_word' id='word_1_385' title='bbox 1758 604 1864 639; x_wconf 82' lang='lat' dir='ltr'><strong>Corpus</strong></span> 
     </span>
    </p>
   </div>
   <div class='ocr_carea' id='block_1_59' title="bbox 1075 649 1863 686">
    <p class='ocr_par' dir='ltr' id='par_1_59' title="bbox 1075 649 1863 686">
     <span class='ocr_line' id='line_1_59' title="bbox 1075 649 1863 686; baseline -0.005 -8"><span class='ocrx_word' id='word_1_386' title='bbox 1075 659 1137 678; x_wconf 85' lang='lat' dir='ltr'><strong>vero</strong></span> <span class='ocrx_word' id='word_1_387' title='bbox 1151 651 1209 684; x_wconf 85' lang='lat' dir='ltr'><strong>ejus</strong></span> <span class='ocrx_word' id='word_1_388' title='bbox 1229 652 1262 678; x_wconf 87' lang='lat' dir='ltr'><strong>ab</strong></span> <span class='ocrx_word' id='word_1_389' title='bbox 1287 652 1507 679; x_wconf 62' lang='lat' dir='ltr'><strong>interTeetoribus</strong></span> <span class='ocrx_word' id='word_1_390' title='bbox 1523 651 1713 686; x_wconf 89' lang='lat' dir='ltr'><strong>parvipensuut</strong></span> <span class='ocrx_word' id='word_1_391' title='bbox 1735 653 1777 676; x_wconf 89' lang='lat' dir='ltr'><strong>est</strong></span> <span class='ocrx_word' id='word_1_392' title='bbox 1793 657 1799 674; x_wconf 74' lang='grc' dir='ltr'>ε</span> <span class='ocrx_word' id='word_1_393' title='bbox 1815 649 1863 675; x_wconf 79' lang='lat' dir='ltr'><strong>Sed</strong></span> 
     </span>
    </p>
   </div>
   <div class='ocr_carea' id='block_1_60' title="bbox 1073 697 1862 732">
    <p class='ocr_par' dir='ltr' id='par_1_60' title="bbox 1073 697 1862 732">
     <span class='ocr_line' id='line_1_60' title="bbox 1073 697 1862 732; baseline -0.006 -7"><span class='ocrx_word' id='word_1_394' title='bbox 1073 697 1181 732; x_wconf 85' lang='lat' dir='ltr'><strong>quidam</strong></span> <span class='ocrx_word' id='word_1_395' title='bbox 1207 698 1322 732; x_wconf 81' lang='lat' dir='ltr'><strong>teligiosi</strong></span> <span class='ocrx_word' id='word_1_396' title='bbox 1343 698 1392 724; x_wconf 91' lang='lat' dir='ltr'><strong>viri</strong></span> <span class='ocrx_word' id='word_1_397' title='bbox 1417 703 1498 725; x_wconf 89' lang='lat' dir='ltr'><strong>noctu</strong></span> <span class='ocrx_word' id='word_1_398' title='bbox 1524 698 1641 724; x_wconf 86' lang='lat' dir='ltr'><strong>latenter</strong></span> <span class='ocrx_word' id='word_1_399' title='bbox 1664 699 1811 726; x_wconf 79' lang='lat' dir='ltr'><strong>venerunt.</strong></span> <span class='ocrx_word' id='word_1_400' title='bbox 1835 700 1862 721; x_wconf 86' lang='lat' dir='ltr'><strong>et</strong></span> 
     </span>
    </p>
   </div>
   <div class='ocr_carea' id='block_1_61' title="bbox 1073 741 1863 778">
    <p class='ocr_par' dir='ltr' id='par_1_61' title="bbox 1073 741 1863 778">
     <span class='ocr_line' id='line_1_61' title="bbox 1073 741 1863 778; baseline -0.008 -7"><span class='ocrx_word' id='word_1_401' title='bbox 1073 749 1212 771; x_wconf 83' lang='lat' dir='ltr'><strong>sumentes</strong></span> <span class='ocrx_word' id='word_1_402' title='bbox 1227 744 1292 771; x_wconf 90' lang='lat' dir='ltr'><strong>illud</strong></span> <span class='ocrx_word' id='word_1_403' title='bbox 1313 752 1344 771; x_wconf 81' lang='lat' dir='ltr'><strong>ex</strong></span> <span class='ocrx_word' id='word_1_404' title='bbox 1361 743 1438 778; x_wconf 81' lang='lat' dir='ltr'><strong>ipsis,</strong></span> <span class='ocrx_word' id='word_1_405' title='bbox 1456 744 1482 770; x_wconf 86' lang='lat' dir='ltr'><strong>in</strong></span> <span class='ocrx_word' id='word_1_406' title='bbox 1494 743 1591 778; x_wconf 84' lang='lat' dir='ltr'><strong>quibus</strong></span> <span class='ocrx_word' id='word_1_407' title='bbox 1608 742 1759 777; x_wconf 87' lang='lat' dir='ltr'><strong>projectutn</strong></span> <span class='ocrx_word' id='word_1_408' title='bbox 1776 741 1863 766; x_wconf 81' lang='lat' dir='ltr'><strong>fuerat</strong></span> 
     </span>
    </p>
   </div>
   <div class='ocr_carea' id='block_1_62' title="bbox 1073 790 1863 824">
    <p class='ocr_par' dir='ltr' id='par_1_62' title="bbox 1073 790 1863 824">
     <span class='ocr_line' id='line_1_62' title="bbox 1073 790 1863 824; baseline -0.006 -8"><span class='ocrx_word' id='word_1_409' title='bbox 1073 790 1242 824; x_wconf 86' lang='lat' dir='ltr'><strong>pulveribus,</strong></span> <span class='ocrx_word' id='word_1_410' title='bbox 1260 794 1287 816; x_wconf 87' lang='lat' dir='ltr'><strong>et</strong></span> <span class='ocrx_word' id='word_1_411' title='bbox 1309 793 1478 823; x_wconf 74' lang='lat' dir='ltr'><strong>comportata</strong></span> <span class='ocrx_word' id='word_1_412' title='bbox 1503 794 1593 821; x_wconf 80' lang='lat' dir='ltr'><strong>terra,</strong></span> <span class='ocrx_word' id='word_1_413' title='bbox 1617 792 1750 822; x_wconf 87' lang='lat' dir='ltr'><strong>quantum</strong></span> <span class='ocrx_word' id='word_1_414' title='bbox 1765 790 1863 820; x_wconf 86' lang='lat' dir='ltr'><strong>potue-</strong></span> 
     </span>
    </p>
   </div>
   <div class='ocr_carea' id='block_1_63' title="bbox 1073 832 1864 866">
    <p class='ocr_par' dir='ltr' id='par_1_63' title="bbox 1073 832 1864 866">
     <span class='ocr_line' id='line_1_63' title="bbox 1073 832 1864 866; baseline -0.006 -4"><span class='ocrx_word' id='word_1_415' title='bbox 1073 841 1147 866; x_wconf 86' lang='lat' dir='ltr'><strong>runt.</strong></span> <span class='ocrx_word' id='word_1_416' title='bbox 1166 835 1331 864; x_wconf 68' lang='lat' dir='ltr'><strong>ab~condere</strong></span> <span class='ocrx_word' id='word_1_417' title='bbox 1353 841 1530 865; x_wconf 85' lang='lat' dir='ltr'><strong>curaverunt.</strong></span> <span class='ocrx_word' id='word_1_418' title='bbox 1565 843 1598 862; x_wconf 92' lang='lat' dir='ltr'><strong>ne</strong></span> <span class='ocrx_word' id='word_1_419' title='bbox 1611 834 1747 861; x_wconf 63' lang='lat' dir='ltr'><strong>lzrsionem</strong></span> <span class='ocrx_word' id='word_1_420' title='bbox 1763 833 1796 859; x_wconf 86' lang='lat' dir='ltr'><strong>ab</strong></span> <span class='ocrx_word' id='word_1_421' title='bbox 1813 832 1864 858; x_wconf 81' lang='lat' dir='ltr'><strong>ali-</strong></span> 
     </span>
    </p>
   </div>
   <div class='ocr_carea' id='block_1_64' title="bbox 1073 878 1864 917">
    <p class='ocr_par' dir='ltr' id='par_1_64' title="bbox 1073 878 1864 917">
     <span class='ocr_line' id='line_1_64' title="bbox 1073 878 1864 917; baseline -0.005 -10"><span class='ocrx_word' id='word_1_422' title='bbox 1073 890 1127 917; x_wconf 85' lang='lat' dir='ltr'><strong>quo</strong></span> <span class='ocrx_word' id='word_1_423' title='bbox 1139 882 1173 909; x_wconf 92' lang='lat' dir='ltr'><strong>de</strong></span> <span class='ocrx_word' id='word_1_424' title='bbox 1189 882 1310 909; x_wconf 88' lang='lat' dir='ltr'><strong>trucibus</strong></span> <span class='ocrx_word' id='word_1_425' title='bbox 1329 887 1356 909; x_wconf 89' lang='lat' dir='ltr'><strong>et</strong></span> <span class='ocrx_word' id='word_1_426' title='bbox 1379 882 1502 909; x_wconf 86' lang='lat' dir='ltr'><strong>cruentis</strong></span> <span class='ocrx_word' id='word_1_427' title='bbox 1524 881 1688 908; x_wconf 86' lang='lat' dir='ltr'><strong>animalibus</strong></span> <span class='ocrx_word' id='word_1_428' title='bbox 1714 878 1864 907; x_wconf 81' lang='lat' dir='ltr'><strong>sustineret</strong></span> 
     </span>
    </p>
   </div>
   <div class='ocr_carea' id='block_1_65' title="bbox 1074 927 1863 964">
    <p class='ocr_par' dir='ltr' id='par_1_65' title="bbox 1074 927 1863 964">
     <span class='ocr_line' id='line_1_65' title="bbox 1074 927 1863 964; baseline -0.006 -8"><span class='ocrx_word' id='word_1_429' title='bbox 1074 930 1141 964; x_wconf 82' lang='grc' dir='ltr'><strong>(Π).</strong></span> <span class='ocrx_word' id='word_1_430' title='bbox 1156 930 1226 956; x_wconf 84' lang='lat' dir='ltr'><strong>Nulli</strong></span> <span class='ocrx_word' id='word_1_431' title='bbox 1242 934 1332 956; x_wconf 85' lang='lat' dir='ltr'><strong>autent</strong></span> <span class='ocrx_word' id='word_1_432' title='bbox 1347 935 1406 964; x_wconf 86' lang='lat' dir='ltr'><strong>post</strong></span> <span class='ocrx_word' id='word_1_433' title='bbox 1422 929 1479 956; x_wconf 68' lang='lat' dir='ltr'><strong>haec</strong></span> <span class='ocrx_word' id='word_1_434' title='bbox 1492 936 1563 955; x_wconf 62' lang='lat' dir='ltr'><strong>cura:</strong></span> <span class='ocrx_word' id='word_1_435' title='bbox 1579 928 1631 955; x_wconf 88' lang='lat' dir='ltr'><strong>fuit</strong></span> <span class='ocrx_word' id='word_1_436' title='bbox 1644 927 1793 953; x_wconf 81' lang='lat' dir='ltr'><strong>transferre</strong></span> <span class='ocrx_word' id='word_1_437' title='bbox 1804 932 1863 952; x_wconf 84' lang='lat' dir='ltr'><strong>cer-</strong></span> 
     </span>
    </p>
   </div>
   <div class='ocr_carea' id='block_1_66' title="bbox 1072 973 1790 1011">
    <p class='ocr_par' dir='ltr' id='par_1_66' title="bbox 1072 973 1790 1011">
     <span class='ocr_line' id='line_1_66' title="bbox 1072 973 1790 1011; baseline -0.007 -8"><span class='ocrx_word' id='word_1_438' title='bbox 1072 976 1215 1011; x_wconf 86' lang='lat' dir='ltr'><strong>pusculum</strong></span> <span class='ocrx_word' id='word_1_439' title='bbox 1232 975 1292 1003; x_wconf 74' lang='lat' dir='ltr'><strong>San:</strong></span> <span class='ocrx_word' id='word_1_440' title='bbox 1303 976 1333 1007; x_wconf 86' lang='lat' dir='ltr'><strong>ti,</strong></span> <span class='ocrx_word' id='word_1_441' title='bbox 1348 976 1396 1003; x_wconf 87' lang='lat' dir='ltr'><strong>sed</strong></span> <span class='ocrx_word' id='word_1_442' title='bbox 1417 975 1544 1002; x_wconf 82' lang='lat' dir='ltr'><strong>manebat</strong></span> <span class='ocrx_word' id='word_1_443' title='bbox 1561 975 1612 1002; x_wconf 88' lang='lat' dir='ltr'><strong>sub</strong></span> <span class='ocrx_word' id='word_1_444' title='bbox 1627 974 1706 1008; x_wconf 87' lang='lat' dir='ltr'><strong>signo</strong></span> <span class='ocrx_word' id='word_1_445' title='bbox 1723 973 1790 1007; x_wconf 88' lang='grc'><strong>(18).</strong></span> 
     </span>
    </p>
   </div>
   <div class='ocr_carea' id='block_1_67' title="bbox 1108 1020 1862 1051">
    <p class='ocr_par' dir='ltr' id='par_1_67' title="bbox 1108 1020 1862 1051">
     <span class='ocr_line' id='line_1_67' title="bbox 1108 1020 1862 1051; baseline -0.005 -4"><span class='ocrx_word' id='word_1_446' title='bbox 1108 1021 1151 1048; x_wconf 81' lang='lat' dir='ltr'><strong>lt).</strong></span> <span class='ocrx_word' id='word_1_447' title='bbox 1167 1021 1252 1048; x_wconf 90' lang='lat' dir='ltr'><strong>Porro</strong></span> <span class='ocrx_word' id='word_1_448' title='bbox 1268 1027 1297 1048; x_wconf 91' lang='lat' dir='ltr'><strong>ut</strong></span> <span class='ocrx_word' id='word_1_449' title='bbox 1317 1021 1455 1048; x_wconf 89' lang='lat' dir='ltr'><strong>modicum</strong></span> <span class='ocrx_word' id='word_1_450' title='bbox 1469 1020 1668 1051; x_wconf 85' lang='lat' dir='ltr'><strong>celebraretur,</strong></span> <span class='ocrx_word' id='word_1_451' title='bbox 1696 1026 1751 1045; x_wconf 90' lang='lat' dir='ltr'><strong>non</strong></span> <span class='ocrx_word' id='word_1_452' title='bbox 1776 1024 1862 1051; x_wconf 83' lang='lat' dir='ltr'><strong>pauca</strong></span> 
     </span>
    </p>
   </div>
   <div class='ocr_carea' id='block_1_68' title="bbox 1072 1065 1861 1096">
    <p class='ocr_par' dir='ltr' id='par_1_68' title="bbox 1072 1065 1861 1096">
     <span class='ocr_line' id='line_1_68' title="bbox 1072 1065 1861 1096; baseline -0.005 -2"><span class='ocrx_word' id='word_1_453' title='bbox 1072 1067 1098 1094; x_wconf 94' lang='lat' dir='ltr'><strong>in</strong></span> <span class='ocrx_word' id='word_1_454' title='bbox 1113 1068 1208 1095; x_wconf 89' lang='lat' dir='ltr'><strong>eodem</strong></span> <span class='ocrx_word' id='word_1_455' title='bbox 1221 1067 1282 1095; x_wconf 81' lang='lat' dir='ltr'><strong>loco</strong></span> <span class='ocrx_word' id='word_1_456' title='bbox 1302 1067 1371 1095; x_wconf 85' lang='lat' dir='ltr'><strong>facta</strong></span> <span class='ocrx_word' id='word_1_457' title='bbox 1383 1073 1446 1096; x_wconf 90' lang='lat' dir='ltr'><strong>sunt</strong></span> <span class='ocrx_word' id='word_1_458' title='bbox 1458 1068 1587 1094; x_wconf 81' lang='lat' dir='ltr'><strong>virtu&#39;um</strong></span> <span class='ocrx_word' id='word_1_459' title='bbox 1603 1074 1634 1094; x_wconf 87' lang='lat' dir='ltr'><strong>ac</strong></span> <span class='ocrx_word' id='word_1_460' title='bbox 1652 1066 1799 1093; x_wconf 82' lang='lat' dir='ltr'><strong>sanitatqu</strong></span> <span class='ocrx_word' id='word_1_461' title='bbox 1818 1065 1861 1090; x_wconf 90' lang='lat' dir='ltr'><strong>in-</strong></span> 
     </span>
    </p>
   </div>
   <div class='ocr_carea' id='block_1_69' title="bbox 1070 1110 1862 1148">
    <p class='ocr_par' dir='ltr' id='par_1_69' title="bbox 1070 1110 1862 1148">
     <span class='ocr_line' id='line_1_69' title="bbox 1070 1110 1862 1148; baseline -0.005 -8"><span class='ocrx_word' id='word_1_462' title='bbox 1070 1113 1155 1148; x_wconf 83' lang='lat' dir='ltr'><strong>signia</strong></span> <span class='ocrx_word' id='word_1_463' title='bbox 1172 1114 1224 1146; x_wconf 84' lang='lat' dir='ltr'><strong>his,</strong></span> <span class='ocrx_word' id='word_1_464' title='bbox 1242 1116 1286 1148; x_wconf 89' lang='lat' dir='ltr'><strong>qui</strong></span> <span class='ocrx_word' id='word_1_465' title='bbox 1301 1113 1352 1141; x_wconf 87' lang='lat' dir='ltr'><strong>ﬁde</strong></span> <span class='ocrx_word' id='word_1_466' title='bbox 1370 1121 1432 1141; x_wconf 90' lang='lat' dir='ltr'><strong>eum</strong></span> <span class='ocrx_word' id='word_1_467' title='bbox 1448 1113 1622 1141; x_wconf 87' lang='lat' dir='ltr'><strong>invocabant.</strong></span> <span class='ocrx_word' id='word_1_468' title='bbox 1639 1113 1708 1141; x_wconf 89' lang='lat' dir='ltr'><strong>Cum</strong></span> <span class='ocrx_word' id='word_1_469' title='bbox 1723 1112 1778 1145; x_wconf 89' lang='lat' dir='ltr'><strong>jam</strong></span> <span class='ocrx_word' id='word_1_470' title='bbox 1792 1110 1862 1137; x_wconf 89' lang='lat' dir='ltr'><strong>fuis-</strong></span> 
     </span>
    </p>
   </div>
   <div class='ocr_carea' id='block_1_70' title="bbox 1070 1157 1861 1194">
    <p class='ocr_par' dir='ltr' id='par_1_70' title="bbox 1070 1157 1861 1194">
     <span class='ocr_line' id='line_1_70' title="bbox 1070 1157 1861 1194; baseline -0.005 -9"><span class='ocrx_word' id='word_1_471' title='bbox 1070 1164 1112 1185; x_wconf 85' lang='lat' dir='ltr'><strong>sct</strong></span> <span class='ocrx_word' id='word_1_472' title='bbox 1128 1159 1252 1185; x_wconf 90' lang='lat' dir='ltr'><strong>meritum</strong></span> <span class='ocrx_word' id='word_1_473' title='bbox 1270 1159 1396 1194; x_wconf 84' lang='lat' dir='ltr'><strong>martyris</strong></span> <span class='ocrx_word' id='word_1_474' title='bbox 1409 1159 1589 1194; x_wconf 77' lang='lat' dir='ltr'><strong>divulgatum,</strong></span> <span class='ocrx_word' id='word_1_475' title='bbox 1605 1158 1737 1185; x_wconf 85' lang='lat' dir='ltr'><strong>Leontius</strong></span> <span class='ocrx_word' id='word_1_476' title='bbox 1751 1157 1861 1190; x_wconf 88' lang='lat' dir='ltr'><strong>quidatu</strong></span> 
     </span>
    </p>
   </div>
   <div class='ocr_carea' id='block_1_71' title="bbox 1071 1203 1861 1238">
    <p class='ocr_par' dir='ltr' id='par_1_71' title="bbox 1071 1203 1861 1238">
     <span class='ocr_line' id='line_1_71' title="bbox 1071 1203 1861 1238; baseline -0.004 -7"><span class='ocrx_word' id='word_1_477' title='bbox 1071 1204 1126 1238; x_wconf 86' lang='grc'><strong>(19)</strong></span> <span class='ocrx_word' id='word_1_478' title='bbox 1142 1205 1196 1231; x_wconf 87' lang='lat' dir='ltr'><strong>Deo</strong></span> <span class='ocrx_word' id='word_1_479' title='bbox 1218 1205 1353 1237; x_wconf 84' lang='lat' dir='ltr'><strong>amabilis,</strong></span> <span class='ocrx_word' id='word_1_480' title='bbox 1370 1205 1411 1232; x_wconf 80' lang='lat' dir='ltr'><strong>vir</strong></span> <span class='ocrx_word' id='word_1_481' title='bbox 1424 1205 1560 1232; x_wconf 74' lang='lat' dir='ltr'><strong>adotnans</strong></span> <span class='ocrx_word' id='word_1_482' title='bbox 1584 1205 1714 1232; x_wconf 88' lang='lat' dir='ltr'><strong>thronum</strong></span> <span class='ocrx_word' id='word_1_483' title='bbox 1740 1203 1861 1238; x_wconf 86' lang='lat' dir='ltr'><strong>Illyrico-</strong></span> 
     </span>
    </p>
   </div>
   <div class='ocr_carea' id='block_1_72' title="bbox 1070 1249 1862 1286">
    <p class='ocr_par' dir='ltr' id='par_1_72' title="bbox 1070 1249 1862 1286">
     <span class='ocr_line' id='line_1_72' title="bbox 1070 1249 1862 1286; baseline -0.003 -10"><span class='ocrx_word' id='word_1_484' title='bbox 1070 1257 1130 1276; x_wconf 92' lang='lat' dir='ltr'><strong>rum</strong></span> <span class='ocrx_word' id='word_1_485' title='bbox 1146 1250 1326 1285; x_wconf 68' lang='lat' dir='ltr'><strong>prxfccturze,</strong></span> <span class='ocrx_word' id='word_1_486' title='bbox 1341 1251 1464 1283; x_wconf 85' lang='lat' dir='ltr'><strong>domum,</strong></span> <span class='ocrx_word' id='word_1_487' title='bbox 1483 1259 1544 1286; x_wconf 69' lang='lat' dir='ltr'><strong>quae</strong></span> <span class='ocrx_word' id='word_1_488' title='bbox 1559 1251 1761 1278; x_wconf 78' lang='lat' dir='ltr'><strong>sanctissimum</strong></span> <span class='ocrx_word' id='word_1_489' title='bbox 1773 1249 1862 1276; x_wconf 87' lang='lat' dir='ltr'><strong>conti-</strong></span> 
     </span>
    </p>
   </div>
   <div class='ocr_carea' id='block_1_73' title="bbox 1070 1300 1862 1335">
    <p class='ocr_par' dir='ltr' id='par_1_73' title="bbox 1070 1300 1862 1335">
     <span class='ocr_line' id='line_1_73' title="bbox 1070 1300 1862 1335; baseline -0.003 -9"><span class='ocrx_word' id='word_1_490' title='bbox 1070 1300 1151 1326; x_wconf 84' lang='lat' dir='ltr'><strong>nebat</strong></span> <span class='ocrx_word' id='word_1_491' title='bbox 1166 1301 1291 1335; x_wconf 90' lang='lat' dir='ltr'><strong>martyris</strong></span> <span class='ocrx_word' id='word_1_492' title='bbox 1306 1308 1413 1335; x_wconf 80' lang='lat' dir='ltr'><strong>eorpus,</strong></span> <span class='ocrx_word' id='word_1_493' title='bbox 1430 1308 1490 1328; x_wconf 90' lang='lat' dir='ltr'><strong>cum</strong></span> <span class='ocrx_word' id='word_1_494' title='bbox 1507 1301 1658 1328; x_wconf 87' lang='lat' dir='ltr'><strong>humillima</strong></span> <span class='ocrx_word' id='word_1_495' title='bbox 1671 1303 1754 1331; x_wconf 86' lang='lat' dir='ltr'><strong>esset,</strong></span> <span class='ocrx_word' id='word_1_496' title='bbox 1769 1303 1796 1326; x_wconf 92' lang='lat' dir='ltr'><strong>et</strong></span> <span class='ocrx_word' id='word_1_497' title='bbox 1807 1306 1862 1324; x_wconf 82' lang='lat' dir='ltr'><strong>un-</strong></span> 
     </span>
    </p>
   </div>
   <div class='ocr_carea' id='block_1_74' title="bbox 1070 1343 1861 1382">
    <p class='ocr_par' dir='ltr' id='par_1_74' title="bbox 1070 1343 1861 1382">
     <span class='ocr_line' id='line_1_74' title="bbox 1070 1343 1861 1382; baseline -0.004 -9"><span class='ocrx_word' id='word_1_498' title='bbox 1070 1346 1153 1380; x_wconf 81' lang='lat' dir='ltr'><strong>dique</strong></span> <span class='ocrx_word' id='word_1_499' title='bbox 1163 1346 1259 1373; x_wconf 86' lang='lat' dir='ltr'><strong>obruta</strong></span> <span class='ocrx_word' id='word_1_500' title='bbox 1269 1351 1294 1374; x_wconf 91' lang='lat' dir='ltr'><strong>et</strong></span> <span class='ocrx_word' id='word_1_501' title='bbox 1303 1352 1479 1382; x_wconf 78' lang='lat' dir='ltr'><strong>coangusta&#39;a</strong></span> <span class='ocrx_word' id='word_1_502' title='bbox 1490 1347 1640 1382; x_wconf 72' lang='lat' dir='ltr'><strong>porticibus</strong></span> <span class='ocrx_word' id='word_1_503' title='bbox 1654 1345 1754 1381; x_wconf 87' lang='lat' dir='ltr'><strong>publici</strong></span> <span class='ocrx_word' id='word_1_504' title='bbox 1768 1343 1861 1371; x_wconf 86' lang='lat' dir='ltr'><strong>balnei</strong></span> 
     </span>
    </p>
   </div>
   <div class='ocr_carea' id='block_1_75' title="bbox 1070 1392 1861 1424">
    <p class='ocr_par' dir='ltr' id='par_1_75' title="bbox 1070 1392 1861 1424">
     <span class='ocr_line' id='line_1_75' title="bbox 1070 1392 1861 1424; baseline -0.005 -5"><span class='ocrx_word' id='word_1_505' title='bbox 1070 1399 1101 1419; x_wconf 86' lang='lat' dir='ltr'><strong>ac</strong></span> <span class='ocrx_word' id='word_1_506' title='bbox 1121 1392 1211 1423; x_wconf 69' lang='lat' dir='ltr'><strong>stadii.</strong></span> <span class='ocrx_word' id='word_1_507' title='bbox 1231 1393 1359 1420; x_wconf 85' lang='lat' dir='ltr'><strong>universa</strong></span> <span class='ocrx_word' id='word_1_508' title='bbox 1376 1393 1504 1421; x_wconf 85' lang='lat' dir='ltr'><strong>nocentia</strong></span> <span class='ocrx_word' id='word_1_509' title='bbox 1523 1392 1665 1420; x_wconf 87' lang='lat' dir='ltr'><strong>mundavit</strong></span> <span class='ocrx_word' id='word_1_510' title='bbox 1679 1395 1707 1418; x_wconf 88' lang='lat' dir='ltr'><strong>et</strong></span> <span class='ocrx_word' id='word_1_511' title='bbox 1725 1396 1861 1424; x_wconf 78' lang='lat' dir='ltr'><strong>expurga-</strong></span> 
     </span>
    </p>
   </div>
   <div class='ocr_carea' id='block_1_76' title="bbox 1070 1436 1862 1473">
    <p class='ocr_par' dir='ltr' id='par_1_76' title="bbox 1070 1436 1862 1473">
     <span class='ocr_line' id='line_1_76' title="bbox 1070 1436 1862 1473; baseline -0.001 -9"><span class='ocrx_word' id='word_1_512' title='bbox 1070 1438 1124 1470; x_wconf 89' lang='lat' dir='ltr'><strong>vit,</strong></span> <span class='ocrx_word' id='word_1_513' title='bbox 1141 1437 1289 1473; x_wconf 67' lang='lat' dir='ltr'><strong>paediisque</strong></span> <span class='ocrx_word' id='word_1_514' title='bbox 1309 1438 1486 1472; x_wconf 87' lang='lat' dir='ltr'><strong>ampliaribus</strong></span> <span class='ocrx_word' id='word_1_515' title='bbox 1509 1438 1636 1465; x_wconf 86' lang='lat' dir='ltr'><strong>dilatavit</strong></span> <span class='ocrx_word' id='word_1_516' title='bbox 1658 1444 1717 1464; x_wconf 86' lang='lat' dir='ltr'><strong>eam</strong></span> <span class='ocrx_word' id='word_1_517' title='bbox 1734 1436 1802 1470; x_wconf 71' lang='lat'><strong>(20),</strong></span> <span class='ocrx_word' id='word_1_518' title='bbox 1833 1441 1862 1463; x_wconf 84' lang='lat' dir='ltr'><strong>et</strong></span> 
     </span>
    </p>
   </div>
   <div class='ocr_carea' id='block_1_77' title="bbox 1068 1482 1863 1518">
    <p class='ocr_par' dir='ltr' id='par_1_77' title="bbox 1068 1482 1863 1518">
     <span class='ocr_line' id='line_1_77' title="bbox 1068 1482 1863 1518; baseline -0.005 -6"><span class='ocrx_word' id='word_1_519' title='bbox 1068 1485 1157 1512; x_wconf 84' lang='lat' dir='ltr'><strong>erexit</strong></span> <span class='ocrx_word' id='word_1_520' title='bbox 1171 1485 1207 1512; x_wconf 91' lang='lat' dir='ltr'><strong>ibi</strong></span> <span class='ocrx_word' id='word_1_521' title='bbox 1222 1485 1370 1512; x_wconf 86' lang='lat' dir='ltr'><strong>oratorium</strong></span> <span class='ocrx_word' id='word_1_522' title='bbox 1388 1484 1445 1518; x_wconf 64' lang='grc' dir='ltr'><strong>(Ἡ)</strong></span> <span class='ocrx_word' id='word_1_523' title='bbox 1462 1485 1488 1511; x_wconf 91' lang='lat' dir='ltr'><strong>in</strong></span> <span class='ocrx_word' id='word_1_524' title='bbox 1506 1485 1609 1511; x_wconf 89' lang='lat' dir='ltr'><strong>honore</strong></span> <span class='ocrx_word' id='word_1_525' title='bbox 1624 1483 1711 1511; x_wconf 76' lang='lat' dir='ltr'><strong>sancti</strong></span> <span class='ocrx_word' id='word_1_526' title='bbox 1732 1482 1863 1517; x_wconf 76' lang='lat' dir='ltr'><strong>martyris</strong></span> 
     </span>
    </p>
   </div>
   <div class='ocr_carea' id='block_1_78' title="bbox 1070 1529 1861 1563">
    <p class='ocr_par' dir='ltr' id='par_1_78' title="bbox 1070 1529 1861 1563">
     <span class='ocr_line' id='line_1_78' title="bbox 1070 1529 1861 1563; baseline -0.003 -6"><span class='ocrx_word' id='word_1_527' title='bbox 1070 1530 1214 1563; x_wconf 83' lang='lat' dir='ltr'><strong>Demetrii,</strong></span> <span class='ocrx_word' id='word_1_528' title='bbox 1233 1530 1266 1558; x_wconf 85' lang='lat' dir='ltr'><strong>ad</strong></span> <span class='ocrx_word' id='word_1_529' title='bbox 1289 1531 1396 1558; x_wconf 83' lang='lat' dir='ltr'><strong>laudem</strong></span> <span class='ocrx_word' id='word_1_530' title='bbox 1419 1531 1525 1558; x_wconf 85' lang='lat' dir='ltr'><strong>Domini</strong></span> <span class='ocrx_word' id='word_1_531' title='bbox 1543 1530 1628 1558; x_wconf 90' lang='lat' dir='ltr'><strong>nostri</strong></span> <span class='ocrx_word' id='word_1_532' title='bbox 1651 1530 1716 1557; x_wconf 85' lang='lat' dir='ltr'><strong>Jesu</strong></span> <span class='ocrx_word' id='word_1_533' title='bbox 1736 1529 1861 1561; x_wconf 83' lang='lat' dir='ltr'><strong>Christi,</strong></span> 
     </span>
    </p>
   </div>
   <div class='ocr_carea' id='block_1_79' title="bbox 1071 1577 1859 1613">
    <p class='ocr_par' dir='ltr' id='par_1_79' title="bbox 1071 1577 1859 1613">
     <span class='ocr_line' id='line_1_79' title="bbox 1071 1577 1859 1613; baseline -0.004 -7"><span class='ocrx_word' id='word_1_534' title='bbox 1071 1585 1131 1606; x_wconf 91' lang='lat' dir='ltr'><strong>cum</strong></span> <span class='ocrx_word' id='word_1_535' title='bbox 1146 1586 1199 1612; x_wconf 90' lang='lat' dir='ltr'><strong>qtto</strong></span> <span class='ocrx_word' id='word_1_536' title='bbox 1214 1583 1255 1606; x_wconf 87' lang='lat' dir='ltr'><strong>est</strong></span> <span class='ocrx_word' id='word_1_537' title='bbox 1269 1577 1343 1605; x_wconf 84' lang='lat' dir='ltr'><strong>Patri</strong></span> <span class='ocrx_word' id='word_1_538' title='bbox 1365 1583 1392 1605; x_wconf 91' lang='lat' dir='ltr'><strong>et</strong></span> <span class='ocrx_word' id='word_1_539' title='bbox 1408 1577 1522 1613; x_wconf 83' lang='lat' dir='ltr'><strong>Spiritui</strong></span> <span class='ocrx_word' id='word_1_540' title='bbox 1547 1583 1642 1605; x_wconf 86' lang='lat' dir='ltr'><strong>sancto</strong></span> <span class='ocrx_word' id='word_1_541' title='bbox 1658 1577 1754 1612; x_wconf 78' lang='lat' dir='ltr'><strong>gloria,</strong></span> <span class='ocrx_word' id='word_1_542' title='bbox 1773 1577 1859 1604; x_wconf 86' lang='lat' dir='ltr'><strong>honor</strong></span> 
     </span>
    </p>
   </div>
   <div class='ocr_carea' id='block_1_80' title="bbox 1069 1625 1609 1660">
    <p class='ocr_par' dir='ltr' id='par_1_80' title="bbox 1069 1625 1609 1660">
     <span class='ocr_line' id='line_1_80' title="bbox 1069 1625 1609 1660; baseline -0.002 -9"><span class='ocrx_word' id='word_1_543' title='bbox 1069 1630 1096 1652; x_wconf 86' lang='lat' dir='ltr'><strong>et</strong></span> <span class='ocrx_word' id='word_1_544' title='bbox 1112 1625 1257 1660; x_wconf 78' lang='lat' dir='ltr'><strong>imperium</strong></span> <span class='ocrx_word' id='word_1_545' title='bbox 1277 1625 1303 1652; x_wconf 94' lang='lat' dir='ltr'><strong>in</strong></span> <span class='ocrx_word' id='word_1_546' title='bbox 1324 1625 1419 1652; x_wconf 73' lang='lat' dir='ltr'><strong>sarcula</strong></span> <span class='ocrx_word' id='word_1_547' title='bbox 1436 1625 1609 1652; x_wconf 78' lang='lat' dir='ltr'><strong>saeculorum.</strong></span> 
     </span>
    </p>
   </div>
   <div class='ocr_carea' id='block_1_81' title="bbox 1069 1756 1860 1792">
    <p class='ocr_par' dir='ltr' id='par_1_81' title="bbox 1069 1756 1860 1792">
     <span class='ocr_line' id='line_1_81' title="bbox 1069 1756 1860 1792; baseline 0.001 -9"><span class='ocrx_word' id='word_1_548' title='bbox 1069 1757 1135 1790; x_wconf 84' lang='lat' dir='ltr'><strong>(adi.</strong></span> <span class='ocrx_word' id='word_1_549' title='bbox 1153 1764 1213 1792; x_wconf 68' lang='lat' dir='ltr'><strong>quae</strong></span> <span class='ocrx_word' id='word_1_550' title='bbox 1224 1765 1257 1785; x_wconf 86' lang='lat' dir='ltr'><strong>ex</strong></span> <span class='ocrx_word' id='word_1_551' title='bbox 1273 1758 1324 1785; x_wconf 87' lang='lat' dir='ltr'><strong>hac</strong></span> <span class='ocrx_word' id='word_1_552' title='bbox 1345 1758 1378 1785; x_wconf 83' lang='lat' dir='ltr'><strong>ad</strong></span> <span class='ocrx_word' id='word_1_553' title='bbox 1402 1757 1456 1785; x_wconf 89' lang='lat' dir='ltr'><strong>litt.</strong></span> <span class='ocrx_word' id='word_1_554' title='bbox 1478 1757 1594 1792; x_wconf 59' lang='lat' dir='ltr'><strong>praeced.</strong></span> <span class='ocrx_word' id='word_1_555' title='bbox 1615 1758 1689 1790; x_wconf 78' lang='lat' dir='ltr'><strong>dedi.</strong></span> <span class='ocrx_word' id='word_1_556' title='bbox 1704 1756 1799 1792; x_wconf 84' lang='lat' dir='ltr'><strong>verba)</strong></span> <span class='ocrx_word' id='word_1_557' title='bbox 1819 1757 1860 1784; x_wconf 88' lang='lat' dir='ltr'><strong>di-</strong></span> 
     </span>
    </p>
   </div>
   <div class='ocr_carea' id='block_1_82' title="bbox 1068 1792 1861 1831">
    <p class='ocr_par' dir='ltr' id='par_1_82' title="bbox 1068 1792 1861 1831">
     <span class='ocr_line' id='line_1_82' title="bbox 1068 1792 1861 1831; baseline 0.003 -13"><span class='ocrx_word' id='word_1_558' title='bbox 1068 1796 1140 1831; x_wconf 73' lang='lat' dir='ltr'><strong>serte</strong></span> <span class='ocrx_word' id='word_1_559' title='bbox 1158 1792 1252 1831; x_wconf 59' lang='grc' dir='ltr'><strong>1111111ἰ</strong></span> <span class='ocrx_word' id='word_1_560' title='bbox 1267 1793 1352 1831; x_wconf 67' lang='lat' dir='ltr'><strong>idque</strong></span> <span class='ocrx_word' id='word_1_561' title='bbox 1367 1794 1460 1831; x_wconf 73' lang='lat' dir='ltr'><strong>etiam,</strong></span> <span class='ocrx_word' id='word_1_562' title='bbox 1480 1792 1600 1831; x_wconf 21' lang='lat' dir='ltr'><strong>qu:e»h_ic</strong></span> <span class='ocrx_word' id='word_1_563' title='bbox 1620 1802 1682 1821; x_wconf 81' lang='lat' dir='ltr'><strong>mox</strong></span> <span class='ocrx_word' id='word_1_564' title='bbox 1699 1794 1861 1831; x_wconf 11' lang='lat' dir='ltr'><strong>injAnasta~</strong></span> 
     </span>
    </p>
   </div>
   <div class='ocr_carea' id='block_1_83' title="bbox 1067 1827 1860 1888">
    <p class='ocr_par' dir='ltr' id='par_1_83' title="bbox 1067 1827 1860 1888">
     <span class='ocr_line' id='line_1_83' title="bbox 1067 1827 1860 1888; baseline 0.003 -36"><span class='ocrx_word' id='word_1_565' title='bbox 1067 1827 1142 1888; x_wconf 53' lang='lat' dir='ltr'><strong>siian&#39;a</strong></span> <span class='ocrx_word' id='word_1_566' title='bbox 1160 1827 1253 1855; x_wconf 82' lang='lat' dir='ltr'><strong>Sancti</strong></span> <span class='ocrx_word' id='word_1_567' title='bbox 1267 1828 1326 1856; x_wconf 80' lang='lat' dir='ltr'><strong>Vita</strong></span> <span class='ocrx_word' id='word_1_568' title='bbox 1338 1828 1372 1856; x_wconf 86' lang='lat' dir='ltr'><strong>de</strong></span> <span class='ocrx_word' id='word_1_569' title='bbox 1386 1828 1500 1856; x_wconf 76' lang='lat' dir='ltr'><strong>Nestore</strong></span> <span class='ocrx_word' id='word_1_570' title='bbox 1511 1828 1676 1861; x_wconf 80' lang='lat' dir='ltr'><strong>subdentur,</strong></span> <span class='ocrx_word' id='word_1_571' title='bbox 1688 1829 1755 1856; x_wconf 89' lang='lat' dir='ltr'><strong>satis</strong></span> <span class='ocrx_word' id='word_1_572' title='bbox 1767 1833 1860 1855; x_wconf 91' lang='lat' dir='ltr'><strong>osten-</strong></span> 
     </span>
     <span class='ocr_line' id='line_1_84' title="bbox 1068 1869 1144 1888; baseline 0 0"><span class='ocrx_word' id='word_1_573' title='bbox 1068 1870 1075 1888; x_wconf 86' lang='lat'><strong>(</strong></span> <span class='ocrx_word' id='word_1_574' title='bbox 1087 1869 1121 1888; x_wconf 92' lang='lat' dir='ltr'><strong>un</strong></span> <span class='ocrx_word' id='word_1_575' title='bbox 1138 1883 1144 1888; x_wconf 96' lang='lat'><strong>.</strong></span> 
     </span>
    </p>
   </div>
   <div class='ocr_carea' id='block_1_84' title="bbox 1068 1867 1144 1889">
    <p class='ocr_par' dir='ltr' id='par_1_84' title="bbox 1068 1867 1144 1889">
     <span class='ocr_line' id='line_1_85' title="bbox 1068 1867 1144 1889; baseline 0.013 -1"><span class='ocrx_word' id='word_1_576' title='bbox 1068 1867 1144 1889; x_wconf 84' lang='lat' dir='ltr'><strong>ttunt.</strong></span> 
     </span>
    </p>
   </div>
   <div class='ocr_carea' id='block_1_85' title="bbox 1103 1897 1859 1930">
    <p class='ocr_par' dir='ltr' id='par_1_85' title="bbox 1103 1897 1859 1930">
     <span class='ocr_line' id='line_1_86' title="bbox 1103 1897 1859 1930; baseline 0.003 -7"><span class='ocrx_word' id='word_1_577' title='bbox 1103 1898 1158 1930; x_wconf 74' lang='lat' dir='ltr'><strong>(tt)</strong></span> <span class='ocrx_word' id='word_1_578' title='bbox 1184 1897 1234 1925; x_wconf 85' lang='lat' dir='ltr'><strong>Ms.</strong></span> <span class='ocrx_word' id='word_1_579' title='bbox 1257 1898 1419 1925; x_wconf 83' lang='lat' dir='ltr'><strong>Trevirense</strong></span> <span class='ocrx_word' id='word_1_580' title='bbox 1452 1899 1537 1926; x_wconf 84' lang='lat' dir='ltr'><strong>sancti</strong></span> <span class='ocrx_word' id='word_1_581' title='bbox 1575 1898 1713 1926; x_wconf 74' lang='lat' dir='ltr'><strong>Maximini</strong></span> <span class='ocrx_word' id='word_1_582' title='bbox 1744 1898 1828 1926; x_wconf 80' lang='lat' dir='ltr'><strong>habet</strong></span> <span class='ocrx_word' id='word_1_583' title='bbox 1851 1907 1859 1925; x_wconf 87' lang='lat'><strong>:</strong></span> 
     </span>
    </p>
   </div>
   <div class='ocr_carea' id='block_1_86' title="bbox 1071 1933 1856 1968">
    <p class='ocr_par' dir='ltr' id='par_1_86' title="bbox 1071 1933 1856 1968">
     <span class='ocr_line' id='line_1_87' title="bbox 1071 1933 1856 1968; baseline 0 -10"><span class='ocrx_word' id='word_1_584' title='bbox 1071 1941 1079 1957; x_wconf 83' lang='grc'><strong>1</strong></span> <span class='ocrx_word' id='word_1_585' title='bbox 1100 1933 1152 1959; x_wconf 81' lang='lat' dir='ltr'><strong>Sed</strong></span> <span class='ocrx_word' id='word_1_586' title='bbox 1170 1937 1200 1960; x_wconf 90' lang='lat' dir='ltr'><strong>ut</strong></span> <span class='ocrx_word' id='word_1_587' title='bbox 1217 1933 1356 1960; x_wconf 88' lang='lat' dir='ltr'><strong>meliorem</strong></span> <span class='ocrx_word' id='word_1_588' title='bbox 1388 1933 1465 1968; x_wconf 75' lang='lat' dir='ltr'><strong>Lya-o</strong></span> <span class='ocrx_word' id='word_1_589' title='bbox 1482 1934 1671 1968; x_wconf 86' lang='lat' dir='ltr'><strong>memetipsum</strong></span> <span class='ocrx_word' id='word_1_590' title='bbox 1687 1933 1856 1961; x_wconf 60' lang='lat' dir='ltr'><strong>ostendam.»</strong></span> 
     </span>
    </p>
   </div>
   <div class='ocr_carea' id='block_1_87' title="bbox 1104 1968 1862 2005">
    <p class='ocr_par' dir='ltr' id='par_1_87' title="bbox 1104 1968 1862 2005">
     <span class='ocr_line' id='line_1_88' title="bbox 1104 1968 1862 2005; baseline 0.001 -11"><span class='ocrx_word' id='word_1_591' title='bbox 1104 1968 1212 2005; x_wconf 80' lang='lat' dir='ltr'><strong>(l_5)__lu</strong></span> <span class='ocrx_word' id='word_1_592' title='bbox 1238 1976 1290 1996; x_wconf 90' lang='lat' dir='ltr'><strong>ms.</strong></span> <span class='ocrx_word' id='word_1_593' title='bbox 1316 1968 1514 1996; x_wconf 66' lang='lat' dir='ltr'><strong>“obeat-vallis</strong></span> <span class='ocrx_word' id='word_1_594' title='bbox 1534 1969 1632 2005; x_wconf 78' lang='lat' dir='ltr'><strong>legitur</strong></span> <span class='ocrx_word' id='word_1_595' title='bbox 1650 1978 1657 1996; x_wconf 85' lang='lat'><strong>:</strong></span> <span class='ocrx_word' id='word_1_596' title='bbox 1679 1979 1688 1995; x_wconf 79' lang='grc'><strong>1</strong></span> <span class='ocrx_word' id='word_1_597' title='bbox 1708 1969 1771 1996; x_wconf 85' lang='lat' dir='ltr'><strong>Irati</strong></span> <span class='ocrx_word' id='word_1_598' title='bbox 1794 1974 1862 1996; x_wconf 91' lang='lat' dir='ltr'><strong>sunt</strong></span> 
     </span>
    </p>
   </div>
   <div class='ocr_carea' id='block_1_88' title="bbox 1067 2002 1328 2031">
    <p class='ocr_par' dir='ltr' id='par_1_88' title="bbox 1067 2002 1328 2031">
     <span class='ocr_line' id='line_1_89' title="bbox 1067 2002 1328 2031; baseline 0 -1"><span class='ocrx_word' id='word_1_599' title='bbox 1067 2002 1148 2030; x_wconf 72' lang='lat' dir='ltr'><strong>dietis</strong></span> <span class='ocrx_word' id='word_1_600' title='bbox 1166 2002 1297 2031; x_wconf 69' lang='lat' dir='ltr'><strong>Nestoris.</strong></span> <span class='ocrx_word' id='word_1_601' title='bbox 1319 2013 1328 2030; x_wconf 77' lang='grc'><strong>1</strong></span> 
     </span>
    </p>
   </div>
   <div class='ocr_carea' id='block_1_89' title="bbox 1085 2038 1862 2078">
    <p class='ocr_par' dir='ltr' id='par_1_89' title="bbox 1085 2038 1862 2078">
     <span class='ocr_line' id='line_1_90' title="bbox 1085 2038 1862 2078; baseline 0.001 -13"><span class='ocrx_word' id='word_1_602' title='bbox 1085 2038 1160 2078; x_wconf 37' lang='grc'><strong>,(16)</strong></span> <span class='ocrx_word' id='word_1_603' title='bbox 1184 2039 1213 2065; x_wconf 88' lang='grc'><strong>111</strong></span> <span class='ocrx_word' id='word_1_604' title='bbox 1240 2046 1292 2066; x_wconf 82' lang='lat' dir='ltr'><strong>tus.</strong></span> <span class='ocrx_word' id='word_1_605' title='bbox 1310 2038 1465 2066; x_wconf 72' lang='lat' dir='ltr'><strong>Trevircnsi</strong></span> <span class='ocrx_word' id='word_1_606' title='bbox 1486 2039 1573 2066; x_wconf 84' lang='lat' dir='ltr'><strong>sancti</strong></span> <span class='ocrx_word' id='word_1_607' title='bbox 1590 2038 1730 2066; x_wconf 75' lang='lat' dir='ltr'><strong>Maximini</strong></span> <span class='ocrx_word' id='word_1_608' title='bbox 1750 2039 1862 2067; x_wconf 82' lang='lat' dir='ltr'><strong>additur</strong></span> 
     </span>
    </p>
   </div>
   <div class='ocr_carea' id='block_1_90' title="bbox 1066 2075 1217 2100">
    <p class='ocr_par' dir='ltr' id='par_1_90' title="bbox 1066 2075 1217 2100">
     <span class='ocr_line' id='line_1_91' title="bbox 1066 2075 1217 2100; baseline -0.007 0"><span class='ocrx_word' id='word_1_609' title='bbox 1066 2075 1217 2100; x_wconf 78' lang='lat' dir='ltr'><strong>victoriam.</strong></span> 
     </span>
    </p>
   </div>
   <div class='ocr_carea' id='block_1_91' title="bbox 1103 2108 1858 2143">
    <p class='ocr_par' dir='ltr' id='par_1_91' title="bbox 1103 2108 1858 2143">
     <span class='ocr_line' id='line_1_92' title="bbox 1103 2108 1858 2143; baseline 0.001 -8"><span class='ocrx_word' id='word_1_610' title='bbox 1103 2109 1158 2143; x_wconf 88' lang='lat' dir='ltr'><strong>(l7)</strong></span> <span class='ocrx_word' id='word_1_611' title='bbox 1174 2109 1224 2141; x_wconf 79' lang='lat' dir='ltr'><strong>Qui</strong></span> <span class='ocrx_word' id='word_1_612' title='bbox 1239 2108 1329 2136; x_wconf 83' lang='lat' dir='ltr'><strong>Sancti</strong></span> <span class='ocrx_word' id='word_1_613' title='bbox 1345 2116 1444 2143; x_wconf 88' lang='lat' dir='ltr'><strong>corptts</strong></span> <span class='ocrx_word' id='word_1_614' title='bbox 1455 2117 1469 2136; x_wconf 88' lang='lat' dir='ltr'><strong>a</strong></span> <span class='ocrx_word' id='word_1_615' title='bbox 1481 2109 1604 2136; x_wconf 75' lang='lat' dir='ltr'><strong>lidellbus</strong></span> <span class='ocrx_word' id='word_1_616' title='bbox 1615 2108 1696 2137; x_wconf 81' lang='lat' dir='ltr'><strong>fuerit</strong></span> <span class='ocrx_word' id='word_1_617' title='bbox 1708 2110 1858 2143; x_wconf 83' lang='lat' dir='ltr'><strong>sepultum,</strong></span> 
     </span>
    </p>
   </div>
   <div class='ocr_carea' id='block_1_92' title="bbox 1067 2143 1858 2179">
    <p class='ocr_par' dir='ltr' id='par_1_92' title="bbox 1067 2143 1858 2179">
     <span class='ocr_line' id='line_1_93' title="bbox 1067 2143 1858 2179; baseline 0.003 -9"><span class='ocrx_word' id='word_1_618' title='bbox 1067 2143 1093 2170; x_wconf 88' lang='lat' dir='ltr'><strong>itt</strong></span> <span class='ocrx_word' id='word_1_619' title='bbox 1110 2143 1241 2171; x_wconf 83' lang='lat' dir='ltr'><strong>Photiana</strong></span> <span class='ocrx_word' id='word_1_620' title='bbox 1256 2151 1316 2176; x_wconf 72' lang='lat' dir='ltr'><strong>etus</strong></span> <span class='ocrx_word' id='word_1_621' title='bbox 1332 2144 1461 2172; x_wconf 85' lang='lat' dir='ltr'><strong>Passione</strong></span> <span class='ocrx_word' id='word_1_622' title='bbox 1477 2145 1512 2171; x_wconf 86' lang='lat' dir='ltr'><strong>ita</strong></span> <span class='ocrx_word' id='word_1_623' title='bbox 1529 2145 1694 2179; x_wconf 70' lang='lat' dir='ltr'><strong>exponitur:</strong></span> <span class='ocrx_word' id='word_1_624' title='bbox 1709 2155 1717 2170; x_wconf 85' lang='grc' dir='ltr'>ι</span> <span class='ocrx_word' id='word_1_625' title='bbox 1735 2146 1774 2172; x_wconf 83' lang='lat' dir='ltr'><strong>Pii</strong></span> <span class='ocrx_word' id='word_1_626' title='bbox 1789 2153 1858 2172; x_wconf 86' lang='lat' dir='ltr'><strong>vero</strong></span> 
     </span>
    </p>
   </div>
   <div class='ocr_carea' id='block_1_93' title="bbox 1069 2179 1859 2214">
    <p class='ocr_par' dir='ltr' id='par_1_93' title="bbox 1069 2179 1859 2214">
     <span class='ocr_line' id='line_1_94' title="bbox 1069 2179 1859 2214; baseline 0.001 -9"><span class='ocrx_word' id='word_1_627' title='bbox 1069 2186 1169 2213; x_wconf 89' lang='lat' dir='ltr'><strong>corpus</strong></span> <span class='ocrx_word' id='word_1_628' title='bbox 1193 2179 1320 2214; x_wconf 67' lang='lat' dir='ltr'><strong>martyris</strong></span> <span class='ocrx_word' id='word_1_629' title='bbox 1340 2180 1409 2206; x_wconf 90' lang='lat' dir='ltr'><strong>clam</strong></span> <span class='ocrx_word' id='word_1_630' title='bbox 1431 2181 1464 2206; x_wconf 88' lang='lat' dir='ltr'><strong>de</strong></span> <span class='ocrx_word' id='word_1_631' title='bbox 1488 2184 1579 2209; x_wconf 84' lang='lat' dir='ltr'><strong>nocte.</strong></span> <span class='ocrx_word' id='word_1_632' title='bbox 1606 2180 1716 2214; x_wconf 85' lang='lat' dir='ltr'><strong>quando</strong></span> <span class='ocrx_word' id='word_1_633' title='bbox 1732 2180 1787 2207; x_wconf 90' lang='lat' dir='ltr'><strong>illis</strong></span> <span class='ocrx_word' id='word_1_634' title='bbox 1803 2179 1859 2206; x_wconf 83' lang='lat' dir='ltr'><strong>itit-</strong></span> 
     </span>
    </p>
   </div>
   <div class='ocr_carea' id='block_1_94' title="bbox 228 2211 1860 2250">
    <p class='ocr_par' dir='ltr' id='par_1_94' title="bbox 228 2211 1860 2250">
     <span class='ocr_line' id='line_1_95' title="bbox 228 2211 1860 2250; baseline 0.002 -12"><span class='ocrx_word' id='word_1_635' title='bbox 228 2211 327 2250; x_wconf 61' lang='lat' dir='ltr'><strong>Yerutu</strong></span> <span class='ocrx_word' id='word_1_636' title='bbox 345 2211 438 2242; x_wconf 81' lang='lat' dir='ltr'><strong>verba.</strong></span> <span class='ocrx_word' id='word_1_637' title='bbox 455 2212 488 2238; x_wconf 91' lang='lat' dir='ltr'><strong>ad</strong></span> <span class='ocrx_word' id='word_1_638' title='bbox 504 2211 687 2250; x_wconf 71' lang='lat' dir='ltr'><strong>litt._pr:_e_ced.</strong></span> <span class='ocrx_word' id='word_1_639' title='bbox 703 2212 829 2243; x_wconf 85' lang='lat' dir='ltr'><strong>recitata,</strong></span> <span class='ocrx_word' id='word_1_640' title='bbox 840 2218 857 2250; x_wconf 81' lang='lat' dir='ltr'><strong>e_</strong></span> <span class='ocrx_word' id='word_1_641' title='bbox 870 2211 969 2245; x_wconf 86' lang='lat' dir='ltr'><strong>quibus</strong></span> <span class='ocrx_word' id='word_1_642' title='bbox 984 2212 1015 2237; x_wconf 90' lang='lat' dir='ltr'><strong>il-</strong></span> <span class='ocrx_word' id='word_1_643' title='bbox 1029 2216 1055 2245; x_wconf 86' lang='lat' dir='ltr'><strong>D</strong></span> <span class='ocrx_word' id='word_1_644' title='bbox 1069 2211 1173 2250; x_wconf 82' lang='lat' dir='ltr'><strong>piorum</strong></span> <span class='ocrx_word' id='word_1_645' title='bbox 1190 2211 1277 2241; x_wconf 78' lang='lat' dir='ltr'><strong>terror</strong></span> <span class='ocrx_word' id='word_1_646' title='bbox 1295 2215 1481 2250; x_wconf 79' lang='lat' dir='ltr'><strong>permittebat.</strong></span> <span class='ocrx_word' id='word_1_647' title='bbox 1497 2215 1523 2241; x_wconf 90' lang='lat' dir='ltr'><strong>in</strong></span> <span class='ocrx_word' id='word_1_648' title='bbox 1543 2211 1696 2248; x_wconf 74' lang='lat' dir='ltr'><strong>ruderibus,</strong></span> <span class='ocrx_word' id='word_1_649' title='bbox 1713 2215 1740 2242; x_wconf 93' lang='lat' dir='ltr'><strong>in</strong></span> <span class='ocrx_word' id='word_1_650' title='bbox 1757 2215 1860 2250; x_wconf 88' lang='lat' dir='ltr'><strong>quibus</strong></span> 
     </span>
    </p>
   </div>
   <div class='ocr_carea' id='block_1_95' title="bbox 225 2246 1012 2280">
    <p class='ocr_par' dir='ltr' id='par_1_95' title="bbox 225 2246 1012 2280">
     <span class='ocr_line' id='line_1_96' title="bbox 225 2246 1012 2280; baseline 0 -8"><span class='ocrx_word' id='word_1_651' title='bbox 225 2247 282 2277; x_wconf 87' lang='lat' dir='ltr'><strong>lud,</strong></span> <span class='ocrx_word' id='word_1_652' title='bbox 301 2246 323 2274; x_wconf 85' lang='lat' dir='ltr'><strong>si</strong></span> <span class='ocrx_word' id='word_1_653' title='bbox 341 2254 394 2273; x_wconf 85' lang='lat' dir='ltr'><strong>una</strong></span> <span class='ocrx_word' id='word_1_654' title='bbox 411 2253 473 2273; x_wconf 91' lang='lat' dir='ltr'><strong>cum</strong></span> <span class='ocrx_word' id='word_1_655' title='bbox 487 2246 590 2279; x_wconf 86' lang='lat' dir='ltr'><strong>verbis,</strong></span> <span class='ocrx_word' id='word_1_656' title='bbox 608 2246 652 2273; x_wconf 91' lang='lat' dir='ltr'><strong>bic</strong></span> <span class='ocrx_word' id='word_1_657' title='bbox 669 2246 725 2280; x_wconf 88' lang='lat' dir='ltr'><strong>jatu</strong></span> <span class='ocrx_word' id='word_1_658' title='bbox 743 2246 928 2280; x_wconf 62' lang='lat' dir='ltr'><strong>transrriptis,</strong></span> <span class='ocrx_word' id='word_1_659' title='bbox 945 2254 1012 2272; x_wconf 83' lang='lat' dir='ltr'><strong>con-</strong></span> 
     </span>
    </p>
   </div>
   <div class='ocr_carea' id='block_1_96' title="bbox 226 2280 1012 2316">
    <p class='ocr_par' dir='ltr' id='par_1_96' title="bbox 226 2280 1012 2316">
     <span class='ocr_line' id='line_1_97' title="bbox 226 2280 1012 2316; baseline 0.001 -9"><span class='ocrx_word' id='word_1_660' title='bbox 226 2281 392 2313; x_wconf 79' lang='lat' dir='ltr'><strong>siderentur,</strong></span> <span class='ocrx_word' id='word_1_661' title='bbox 412 2285 536 2316; x_wconf 89' lang='lat' dir='ltr'><strong>apparet,</strong></span> <span class='ocrx_word' id='word_1_662' title='bbox 551 2280 646 2316; x_wconf 71' lang='lat' dir='ltr'><strong>Gra-co</strong></span> <span class='ocrx_word' id='word_1_663' title='bbox 669 2281 756 2308; x_wconf 77' lang='lat' dir='ltr'><strong>Pltotii</strong></span> <span class='ocrx_word' id='word_1_664' title='bbox 778 2281 863 2307; x_wconf 75' lang='lat' dir='ltr'><strong>textui</strong></span> <span class='ocrx_word' id='word_1_665' title='bbox 886 2282 957 2316; x_wconf 62' lang='lat' dir='ltr'><strong>haud</strong></span> <span class='ocrx_word' id='word_1_666' title='bbox 971 2286 1012 2308; x_wconf 87' lang='lat' dir='ltr'><strong>sat</strong></span> 
     </span>
    </p>
   </div>
   <div class='ocr_carea' id='block_1_97' title="bbox 225 2314 1011 2344">
    <p class='ocr_par' dir='ltr' id='par_1_97' title="bbox 225 2314 1011 2344">
     <span class='ocr_line' id='line_1_98' title="bbox 225 2314 1011 2344; baseline 0 -2"><span class='ocrx_word' id='word_1_667' title='bbox 225 2321 353 2344; x_wconf 84' lang='lat' dir='ltr'><strong>accurate</strong></span> <span class='ocrx_word' id='word_1_668' title='bbox 381 2314 545 2343; x_wconf 44' lang='lat' dir='ltr'><strong>con—sonant.</strong></span> <span class='ocrx_word' id='word_1_669' title='bbox 572 2315 622 2343; x_wconf 93' lang='lat' dir='ltr'><strong>llic</strong></span> <span class='ocrx_word' id='word_1_670' title='bbox 648 2317 720 2343; x_wconf 89' lang='lat' dir='ltr'><strong>enim</strong></span> <span class='ocrx_word' id='word_1_671' title='bbox 738 2316 778 2342; x_wconf 90' lang='lat' dir='ltr'><strong>sic</strong></span> <span class='ocrx_word' id='word_1_672' title='bbox 792 2316 875 2343; x_wconf 86' lang='lat' dir='ltr'><strong>habet</strong></span> <span class='ocrx_word' id='word_1_673' title='bbox 893 2324 899 2342; x_wconf 88' lang='lat'><strong>:</strong></span> <span class='ocrx_word' id='word_1_674' title='bbox 914 2314 968 2342; x_wconf 81' lang='grc' dir='ltr'><strong>Ἦν</strong></span> <span class='ocrx_word' id='word_1_675' title='bbox 983 2317 1011 2342; x_wconf 78' lang='grc' dir='ltr'><strong>δὲ</strong></span> 
     </span>
    </p>
   </div>
   <div class='ocr_carea' id='block_1_98' title="bbox 224 2351 1012 2386">
    <p class='ocr_par' dir='ltr' id='par_1_98' title="bbox 224 2351 1012 2386">
     <span class='ocr_line' id='line_1_99' title="bbox 224 2351 1012 2386; baseline -0.003 -8"><span class='ocrx_word' id='word_1_676' title='bbox 224 2353 280 2378; x_wconf 84' lang='grc' dir='ltr'><strong>τῶν</strong></span> <span class='ocrx_word' id='word_1_677' title='bbox 302 2352 465 2386; x_wconf 78' lang='grc' dir='ltr'>μονομάχων</span> <span class='ocrx_word' id='word_1_678' title='bbox 487 2353 502 2377; x_wconf 78' lang='grc' dir='ltr'>ὁ</span> <span class='ocrx_word' id='word_1_679' title='bbox 526 2351 643 2386; x_wconf 84' lang='grc' dir='ltr'><strong>μάλιστα</strong></span> <span class='ocrx_word' id='word_1_680' title='bbox 659 2351 696 2386; x_wconf 84' lang='grc' dir='ltr'><strong>τῷ</strong></span> <span class='ocrx_word' id='word_1_681' title='bbox 721 2353 846 2386; x_wconf 75' lang='grc' dir='ltr'><strong>τυράννῳ</strong></span> <span class='ocrx_word' id='word_1_682' title='bbox 861 2353 907 2377; x_wconf 72' lang='grc' dir='ltr'><strong>καὶ</strong></span> <span class='ocrx_word' id='word_1_683' title='bbox 921 2351 1012 2385; x_wconf 70' lang='grc' dir='ltr'><strong>φιλού-</strong></span> 
     </span>
    </p>
   </div>
   <div class='ocr_carea' id='block_1_99' title="bbox 227 2386 1012 2421">
    <p class='ocr_par' dir='ltr' id='par_1_99' title="bbox 227 2386 1012 2421">
     <span class='ocr_line' id='line_1_100' title="bbox 227 2386 1012 2421; baseline -0.003 -8"><span class='ocrx_word' id='word_1_684' title='bbox 227 2395 307 2420; x_wconf 78' lang='grc' dir='ltr'><strong>μενος</strong></span> <span class='ocrx_word' id='word_1_685' title='bbox 331 2387 379 2413; x_wconf 74' lang='grc' dir='ltr'><strong>καὶ</strong></span> <span class='ocrx_word' id='word_1_686' title='bbox 405 2386 491 2414; x_wconf 81' lang='grc' dir='ltr'><strong>δοκῶν</strong></span> <span class='ocrx_word' id='word_1_687' title='bbox 515 2388 585 2413; x_wconf 74' lang='grc' dir='ltr'><strong>κατὰ</strong></span> <span class='ocrx_word' id='word_1_688' title='bbox 603 2387 712 2414; x_wconf 75' lang='grc' dir='ltr'><strong>πάντων</strong></span> <span class='ocrx_word' id='word_1_689' title='bbox 728 2387 896 2421; x_wconf 74' lang='grc' dir='ltr'><strong>ἀριστεύειν,</strong></span> <span class='ocrx_word' id='word_1_690' title='bbox 911 2387 1012 2417; x_wconf 82' lang='grc' dir='ltr'><strong>Λυαῖος</strong></span> 
     </span>
    </p>
   </div>
   <div class='ocr_carea' id='block_1_100' title="bbox 225 2421 1011 2457">
    <p class='ocr_par' dir='ltr' id='par_1_100' title="bbox 225 2421 1011 2457">
     <span class='ocr_line' id='line_1_101' title="bbox 225 2421 1011 2457; baseline 0 -9"><span class='ocrx_word' id='word_1_691' title='bbox 225 2423 322 2457; x_wconf 64' lang='lat' dir='ltr'><strong>avena.</strong></span> <span class='ocrx_word' id='word_1_692' title='bbox 350 2421 412 2449; x_wconf 67' lang='grc' dir='ltr'><strong>111ιό</strong></span> <span class='ocrx_word' id='word_1_693' title='bbox 435 2426 522 2448; x_wconf 78' lang='lat' dir='ltr'><strong>autem</strong></span> <span class='ocrx_word' id='word_1_694' title='bbox 547 2421 639 2448; x_wconf 69' lang='lat' dir='ltr'><strong>Graeca</strong></span> <span class='ocrx_word' id='word_1_695' title='bbox 653 2421 744 2457; x_wconf 79' lang='lat' dir='ltr'><strong>verba,</strong></span> <span class='ocrx_word' id='word_1_696' title='bbox 767 2421 897 2457; x_wconf 73' lang='lat' dir='ltr'><strong>strictiori</strong></span> <span class='ocrx_word' id='word_1_697' title='bbox 925 2422 1011 2448; x_wconf 59' lang='lat' dir='ltr'><strong>inter-</strong></span> 
     </span>
    </p>
   </div>
   <div class='ocr_carea' id='block_1_101' title="bbox 225 2456 1013 2492">
    <p class='ocr_par' dir='ltr' id='par_1_101' title="bbox 225 2456 1013 2492">
     <span class='ocr_line' id='line_1_102' title="bbox 225 2456 1013 2492; baseline 0 -9"><span class='ocrx_word' id='word_1_698' title='bbox 225 2458 379 2492; x_wconf 78' lang='lat' dir='ltr'><strong>pretatione</strong></span> <span class='ocrx_word' id='word_1_699' title='bbox 395 2457 527 2490; x_wconf 68' lang='lat' dir='ltr'><strong>adhibita,</strong></span> <span class='ocrx_word' id='word_1_700' title='bbox 543 2457 578 2484; x_wconf 86' lang='lat' dir='ltr'><strong>ita</strong></span> <span class='ocrx_word' id='word_1_701' title='bbox 604 2461 702 2484; x_wconf 87' lang='lat' dir='ltr'><strong>sonant</strong></span> <span class='ocrx_word' id='word_1_702' title='bbox 717 2456 813 2483; x_wconf 87' lang='lat' dir='ltr'><strong>Latine</strong></span> <span class='ocrx_word' id='word_1_703' title='bbox 835 2465 842 2484; x_wconf 92' lang='lat'><strong>:</strong></span> <span class='ocrx_word' id='word_1_704' title='bbox 863 2466 871 2481; x_wconf 83' lang='grc'><strong>1</strong></span> <span class='ocrx_word' id='word_1_705' title='bbox 889 2457 951 2483; x_wconf 77' lang='lat' dir='ltr'><strong>Erat</strong></span> <span class='ocrx_word' id='word_1_706' title='bbox 964 2465 1013 2483; x_wconf 89' lang='lat' dir='ltr'><strong>att-</strong></span> 
     </span>
    </p>
   </div>
   <div class='ocr_carea' id='block_1_102' title="bbox 224 2492 1012 2528">
    <p class='ocr_par' dir='ltr' id='par_1_102' title="bbox 224 2492 1012 2528">
     <span class='ocr_line' id='line_1_103' title="bbox 224 2492 1012 2528; baseline 0 -10"><span class='ocrx_word' id='word_1_707' title='bbox 224 2497 280 2519; x_wconf 75' lang='lat' dir='ltr'><strong>tem</strong></span> <span class='ocrx_word' id='word_1_708' title='bbox 296 2492 478 2528; x_wconf 79' lang='lat' dir='ltr'><strong>gladiatorum</strong></span> <span class='ocrx_word' id='word_1_709' title='bbox 497 2492 542 2520; x_wconf 90' lang='lat' dir='ltr'><strong>ille</strong></span> <span class='ocrx_word' id='word_1_710' title='bbox 560 2493 624 2526; x_wconf 89' lang='lat' dir='ltr'><strong>(non</strong></span> <span class='ocrx_word' id='word_1_711' title='bbox 641 2492 719 2523; x_wconf 78' lang='lat' dir='ltr'><strong>alter,</strong></span> <span class='ocrx_word' id='word_1_712' title='bbox 733 2492 805 2528; x_wconf 87' lang='lat' dir='ltr'><strong>quod</strong></span> <span class='ocrx_word' id='word_1_713' title='bbox 826 2492 895 2519; x_wconf 79' lang='lat' dir='ltr'><strong>bene</strong></span> <span class='ocrx_word' id='word_1_714' title='bbox 917 2497 1012 2518; x_wconf 88' lang='lat' dir='ltr'><strong>notan-</strong></span> 
     </span>
    </p>
   </div>
   <div class='ocr_carea' id='block_1_103' title="bbox 224 2527 1013 2563">
    <p class='ocr_par' dir='ltr' id='par_1_103' title="bbox 224 2527 1013 2563">
     <span class='ocr_line' id='line_1_104' title="bbox 224 2527 1013 2563; baseline 0.001 -10"><span class='ocrx_word' id='word_1_715' title='bbox 224 2527 362 2563; x_wconf 43' lang='lat' dir='ltr'><strong>dum)’qui</strong></span> <span class='ocrx_word' id='word_1_716' title='bbox 379 2535 394 2554; x_wconf 89' lang='lat' dir='ltr'><strong>a</strong></span> <span class='ocrx_word' id='word_1_717' title='bbox 412 2532 525 2562; x_wconf 86' lang='lat' dir='ltr'><strong>tyranno</strong></span> <span class='ocrx_word' id='word_1_718' title='bbox 540 2532 567 2555; x_wconf 91' lang='lat' dir='ltr'><strong>et</strong></span> <span class='ocrx_word' id='word_1_719' title='bbox 581 2527 699 2554; x_wconf 81' lang='lat' dir='ltr'><strong>maxime</strong></span> <span class='ocrx_word' id='word_1_720' title='bbox 714 2527 874 2562; x_wconf 81' lang='lat' dir='ltr'><strong>diligebatur</strong></span> <span class='ocrx_word' id='word_1_721' title='bbox 883 2531 910 2554; x_wconf 90' lang='lat' dir='ltr'><strong>et</strong></span> <span class='ocrx_word' id='word_1_722' title='bbox 921 2533 1013 2554; x_wconf 82' lang='lat' dir='ltr'><strong>contra</strong></span> 
     </span>
    </p>
   </div>
   <div class='ocr_carea' id='block_1_104' title="bbox 223 2563 1011 2625">
    <p class='ocr_par' dir='ltr' id='par_1_104' title="bbox 223 2563 1011 2625">
     <span class='ocr_line' id='line_1_105' title="bbox 223 2563 1011 2625; baseline 0.001 -37"><span class='ocrx_word' id='word_1_723' title='bbox 223 2571 318 2625; x_wconf 52' lang='lat' dir='ltr'><strong>tumes</strong></span> <span class='ocrx_word' id='word_1_724' title='bbox 331 2564 476 2598; x_wconf 85' lang='lat' dir='ltr'><strong>pugnando</strong></span> <span class='ocrx_word' id='word_1_725' title='bbox 487 2563 631 2598; x_wconf 54' lang='lat' dir='ltr'><strong>priet-alere</strong></span> <span class='ocrx_word' id='word_1_726' title='bbox 645 2570 725 2598; x_wconf 77' lang='lat' dir='ltr'><strong>posse</strong></span> <span class='ocrx_word' id='word_1_727' title='bbox 737 2563 888 2595; x_wconf 78' lang='lat' dir='ltr'><strong>videbatur,</strong></span> <span class='ocrx_word' id='word_1_728' title='bbox 900 2563 1011 2589; x_wconf 87' lang='lat' dir='ltr'><strong>nomine</strong></span> 
     </span>
     <span class='ocr_line' id='line_1_106' title="bbox 247 2606 328 2625; baseline 0 0"><span class='ocrx_word' id='word_1_729' title='bbox 247 2606 328 2625; x_wconf 59' lang='lat' dir='ltr'><strong>rarus.</strong></span> 
     </span>
    </p>
   </div>
   <div class='ocr_carea' id='block_1_105' title="bbox 246 2606 328 2633">
    <p class='ocr_par' dir='ltr' id='par_1_105' title="bbox 246 2606 328 2633">
     <span class='ocr_line' id='line_1_107' title="bbox 246 2606 328 2633; baseline -0.012 -7"><span class='ocrx_word' id='word_1_730' title='bbox 246 2606 328 2633; x_wconf 64' lang='lat' dir='ltr'><strong>)‘azus.</strong></span> 
     </span>
    </p>
   </div>
   <div class='ocr_carea' id='block_1_106' title="bbox 261 2633 1012 2669">
    <p class='ocr_par' dir='ltr' id='par_1_106' title="bbox 261 2633 1012 2669">
     <span class='ocr_line' id='line_1_108' title="bbox 261 2633 1012 2669; baseline -0.003 -8"><span class='ocrx_word' id='word_1_731' title='bbox 261 2634 316 2669; x_wconf 74' lang='grc'><strong>(15)</strong></span> <span class='ocrx_word' id='word_1_732' title='bbox 332 2633 471 2664; x_wconf 84' lang='lat' dir='ltr'><strong>Plebeium</strong></span> <span class='ocrx_word' id='word_1_733' title='bbox 488 2635 561 2663; x_wconf 88' lang='lat' dir='ltr'><strong>hunc</strong></span> <span class='ocrx_word' id='word_1_734' title='bbox 583 2634 678 2668; x_wconf 85' lang='lat' dir='ltr'><strong>fuisse,</strong></span> <span class='ocrx_word' id='word_1_735' title='bbox 700 2633 831 2662; x_wconf 80' lang='lat' dir='ltr'><strong>Photiana</strong></span> <span class='ocrx_word' id='word_1_736' title='bbox 847 2633 939 2661; x_wconf 85' lang='lat' dir='ltr'><strong>Sancti</strong></span> <span class='ocrx_word' id='word_1_737' title='bbox 953 2633 1012 2660; x_wconf 76' lang='lat' dir='ltr'><strong>Vita</strong></span> 
     </span>
    </p>
   </div>
   <div class='ocr_carea' id='block_1_107' title="bbox 1068 2249 1721 2284">
    <p class='ocr_par' dir='ltr' id='par_1_107' title="bbox 1068 2249 1721 2284">
     <span class='ocr_line' id='line_1_109' title="bbox 1068 2249 1721 2284; baseline 0.002 -9"><span class='ocrx_word' id='word_1_738' title='bbox 1068 2249 1229 2276; x_wconf 72' lang='lat' dir='ltr'><strong>interlerttts</strong></span> <span class='ocrx_word' id='word_1_739' title='bbox 1241 2254 1309 2281; x_wconf 87' lang='lat' dir='ltr'><strong>erat,</strong></span> <span class='ocrx_word' id='word_1_740' title='bbox 1336 2249 1431 2276; x_wconf 75' lang='lat' dir='ltr'><strong>eﬂ&#39;ossa</strong></span> <span class='ocrx_word' id='word_1_741' title='bbox 1448 2256 1531 2281; x_wconf 85' lang='lat' dir='ltr'><strong>terra,</strong></span> <span class='ocrx_word' id='word_1_742' title='bbox 1545 2250 1692 2284; x_wconf 74' lang='lat' dir='ltr'><strong>srpeliuut.</strong></span> <span class='ocrx_word' id='word_1_743' title='bbox 1712 2260 1721 2276; x_wconf 76' lang='grc' dir='ltr'><strong><em>ι</em></strong></span> 
     </span>
    </p>
   </div>
   <div class='ocr_carea' id='block_1_108' title="bbox 1102 2284 1858 2320">
    <p class='ocr_par' dir='ltr' id='par_1_108' title="bbox 1102 2284 1858 2320">
     <span class='ocr_line' id='line_1_110' title="bbox 1102 2284 1858 2320; baseline -0.001 -9"><span class='ocrx_word' id='word_1_744' title='bbox 1102 2284 1157 2319; x_wconf 71' lang='grc'><strong>(18)</strong></span> <span class='ocrx_word' id='word_1_745' title='bbox 1171 2285 1235 2312; x_wconf 73' lang='lat' dir='ltr'><strong>Voci</strong></span> <span class='ocrx_word' id='word_1_746' title='bbox 1249 2285 1541 2312; x_wconf 77' lang='lat' dir='ltr'><strong>ltuic&#39;substitueudum</strong></span> <span class='ocrx_word' id='word_1_747' title='bbox 1556 2290 1621 2320; x_wconf 84' lang='lat' dir='ltr'><strong>puto</strong></span> <span class='ocrx_word' id='word_1_748' title='bbox 1633 2291 1704 2312; x_wconf 87' lang='lat' dir='ltr'><strong>terra</strong></span> <span class='ocrx_word' id='word_1_749' title='bbox 1715 2286 1755 2314; x_wconf 87' lang='lat' dir='ltr'><strong>vel</strong></span> <span class='ocrx_word' id='word_1_750' title='bbox 1765 2286 1858 2315; x_wconf 85' lang='lat' dir='ltr'><strong>Immo,</strong></span> 
     </span>
    </p>
   </div>
   <div class='ocr_carea' id='block_1_109' title="bbox 1066 2320 1898 2359">
    <p class='ocr_par' dir='ltr' id='par_1_109' title="bbox 1066 2320 1898 2359">
     <span class='ocr_line' id='line_1_111' title="bbox 1066 2320 1898 2359; baseline 0.002 -14"><span class='ocrx_word' id='word_1_751' title='bbox 1066 2320 1266 2359; x_wconf 71' lang='lat' dir='ltr'><strong>rationemque,</strong></span> <span class='ocrx_word' id='word_1_752' title='bbox 1283 2328 1332 2347; x_wconf 89' lang='lat' dir='ltr'><strong>cur</strong></span> <span class='ocrx_word' id='word_1_753' title='bbox 1349 2320 1385 2359; x_wconf 76' lang='lat' dir='ltr'><strong>ita</strong></span> <span class='ocrx_word' id='word_1_754' title='bbox 1400 2321 1563 2353; x_wconf 82' lang='lat' dir='ltr'><strong>existimem,</strong></span> <span class='ocrx_word' id='word_1_755' title='bbox 1578 2320 1776 2349; x_wconf 82' lang='lat' dir='ltr'><strong>Comtnentarii</strong></span> <span class='ocrx_word' id='word_1_756' title='bbox 1791 2328 1859 2355; x_wconf 66' lang='lat' dir='ltr'><strong>prae-</strong></span> <span class='ocrx_word' id='word_1_757' title='bbox 1894 2341 1898 2343; x_wconf 33' lang='grc' dir='ltr'><em>Α</em></span> 
     </span>
    </p>
   </div>
   <div class='ocr_carea' id='block_1_110' title="bbox 1065 2355 1376 2389">
    <p class='ocr_par' dir='ltr' id='par_1_110' title="bbox 1065 2355 1376 2389">
     <span class='ocr_line' id='line_1_112' title="bbox 1065 2355 1376 2389; baseline 0.006 -9"><span class='ocrx_word' id='word_1_758' title='bbox 1065 2355 1101 2380; x_wconf 78' lang='lat' dir='ltr'><strong>\‘ii</strong></span> <span class='ocrx_word' id='word_1_759' title='bbox 1116 2363 1191 2381; x_wconf 87' lang='lat' dir='ltr'><strong>nttm.</strong></span> <span class='ocrx_word' id='word_1_760' title='bbox 1206 2356 1239 2382; x_wconf 85' lang='lat'><strong>78</strong></span> <span class='ocrx_word' id='word_1_761' title='bbox 1253 2356 1376 2389; x_wconf 75' lang='lat' dir='ltr'><strong>exposui.</strong></span> 
     </span>
    </p>
   </div>
   <div class='ocr_carea' id='block_1_111' title="bbox 1103 2389 1858 2426">
    <p class='ocr_par' dir='ltr' id='par_1_111' title="bbox 1103 2389 1858 2426">
     <span class='ocr_line' id='line_1_113' title="bbox 1103 2389 1858 2426; baseline 0.001 -9"><span class='ocrx_word' id='word_1_762' title='bbox 1103 2391 1157 2424; x_wconf 81' lang='lat' dir='ltr'><strong>(l9)</strong></span> <span class='ocrx_word' id='word_1_763' title='bbox 1177 2391 1226 2418; x_wconf 69' lang='lat' dir='ltr'><strong>llic</strong></span> <span class='ocrx_word' id='word_1_764' title='bbox 1239 2391 1433 2418; x_wconf 81' lang='lat' dir='ltr'><strong>verosimiliter</strong></span> <span class='ocrx_word' id='word_1_765' title='bbox 1448 2391 1549 2418; x_wconf 58' lang='lat' dir='ltr'><strong>s&#39;rculo</strong></span> <span class='ocrx_word' id='word_1_766' title='bbox 1569 2391 1666 2426; x_wconf 85' lang='lat' dir='ltr'><strong>quinto</strong></span> <span class='ocrx_word' id='word_1_767' title='bbox 1682 2391 1795 2418; x_wconf 88' lang='lat' dir='ltr'><strong>ineunte</strong></span> <span class='ocrx_word' id='word_1_768' title='bbox 1809 2389 1858 2418; x_wconf 81' lang='lat' dir='ltr'><strong>ﬂo-</strong></span> 
     </span>
    </p>
   </div>
   <div class='ocr_carea' id='block_1_112' title="bbox 1065 2426 1746 2460">
    <p class='ocr_par' dir='ltr' id='par_1_112' title="bbox 1065 2426 1746 2460">
     <span class='ocr_line' id='line_1_114' title="bbox 1065 2426 1746 2460; baseline 0.006 -9"><span class='ocrx_word' id='word_1_769' title='bbox 1065 2426 1128 2452; x_wconf 84' lang='lat' dir='ltr'><strong>ruit.</strong></span> <span class='ocrx_word' id='word_1_770' title='bbox 1149 2426 1200 2452; x_wconf 80' lang='lat' dir='ltr'><strong>Adi</strong></span> <span class='ocrx_word' id='word_1_771' title='bbox 1218 2427 1450 2453; x_wconf 76' lang='lat' dir='ltr'><strong>Commentariunt</strong></span> <span class='ocrx_word' id='word_1_772' title='bbox 1467 2427 1596 2460; x_wconf 74' lang='lat' dir='ltr'><strong>pnevium</strong></span> <span class='ocrx_word' id='word_1_773' title='bbox 1612 2435 1686 2454; x_wconf 91' lang='lat' dir='ltr'><strong>num.</strong></span> <span class='ocrx_word' id='word_1_774' title='bbox 1702 2426 1746 2455; x_wconf 63' lang='grc'><strong>74.</strong></span> 
     </span>
    </p>
   </div>
   <div class='ocr_carea' id='block_1_113' title="bbox 1102 2460 1647 2495">
    <p class='ocr_par' dir='ltr' id='par_1_113' title="bbox 1102 2460 1647 2495">
     <span class='ocr_line' id='line_1_115' title="bbox 1102 2460 1647 2495; baseline 0.004 -9"><span class='ocrx_word' id='word_1_775' title='bbox 1102 2460 1157 2495; x_wconf 76' lang='grc' dir='ltr'><strong>(ἓο)</strong></span> <span class='ocrx_word' id='word_1_776' title='bbox 1177 2462 1225 2487; x_wconf 67' lang='lat' dir='ltr'><strong>its.</strong></span> <span class='ocrx_word' id='word_1_777' title='bbox 1244 2461 1434 2488; x_wconf 64' lang='lat' dir='ltr'><strong>llubete—vullis</strong></span> <span class='ocrx_word' id='word_1_778' title='bbox 1451 2461 1530 2489; x_wconf 87' lang='lat' dir='ltr'><strong>habet</strong></span> <span class='ocrx_word' id='word_1_779' title='bbox 1544 2463 1647 2488; x_wconf 78' lang='lat' dir='ltr'><strong>ditat-it.</strong></span> 
     </span>
    </p>
   </div>
   <div class='ocr_carea' id='block_1_114' title="bbox 1079 2495 1857 2535">
    <p class='ocr_par' dir='ltr' id='par_1_114' title="bbox 1079 2495 1857 2535">
     <span class='ocr_line' id='line_1_116' title="bbox 1079 2495 1857 2535; baseline 0.001 -13"><span class='ocrx_word' id='word_1_780' title='bbox 1079 2530 1083 2535; x_wconf 86' lang='lat'><strong>_</strong></span> <span class='ocrx_word' id='word_1_781' title='bbox 1102 2496 1157 2531; x_wconf 57' lang='lat'><strong>(*2!)</strong></span> <span class='ocrx_word' id='word_1_782' title='bbox 1175 2495 1213 2523; x_wconf 82' lang='lat' dir='ltr'><strong>Ne</strong></span> <span class='ocrx_word' id='word_1_783' title='bbox 1229 2496 1291 2535; x_wconf 80' lang='lat' dir='ltr'><strong>hinc</strong></span> <span class='ocrx_word' id='word_1_784' title='bbox 1307 2496 1522 2535; x_wconf 29' lang='lat' dir='ltr'><strong>infer_as_:t_-dem’</strong></span> <span class='ocrx_word' id='word_1_785' title='bbox 1536 2504 1652 2535; x_wconf 78' lang='lat' dir='ltr'><strong>saeram,</strong></span> <span class='ocrx_word' id='word_1_786' title='bbox 1670 2497 1857 2535; x_wconf 79' lang='lat' dir='ltr'><strong>quam_l.eon-</strong></span> 
     </span>
    </p>
   </div>
   <div class='ocr_carea' id='block_1_115' title="bbox 1065 2532 1856 2564">
    <p class='ocr_par' dir='ltr' id='par_1_115' title="bbox 1065 2532 1856 2564">
     <span class='ocr_line' id='line_1_117' title="bbox 1065 2532 1856 2564; baseline 0.003 -8"><span class='ocrx_word' id='word_1_787' title='bbox 1065 2532 1120 2557; x_wconf 87' lang='lat' dir='ltr'><strong>tius</strong></span> <span class='ocrx_word' id='word_1_788' title='bbox 1138 2537 1232 2558; x_wconf 81' lang='lat' dir='ltr'><strong>sam-to</strong></span> <span class='ocrx_word' id='word_1_789' title='bbox 1259 2532 1394 2558; x_wconf 79' lang='lat' dir='ltr'><strong>Demetrio</strong></span> <span class='ocrx_word' id='word_1_790' title='bbox 1409 2532 1611 2559; x_wconf 61' lang='lat' dir='ltr'><strong>Thessalonica:</strong></span> <span class='ocrx_word' id='word_1_791' title='bbox 1636 2532 1778 2564; x_wconf 77' lang='lat' dir='ltr'><strong>exstruxit,</strong></span> <span class='ocrx_word' id='word_1_792' title='bbox 1796 2532 1856 2559; x_wconf 84' lang='lat' dir='ltr'><strong>exi-</strong></span> 
     </span>
    </p>
   </div>
   <div class='ocr_carea' id='block_1_116' title="bbox 1066 2566 1861 2602">
    <p class='ocr_par' dir='ltr' id='par_1_116' title="bbox 1066 2566 1861 2602">
     <span class='ocr_line' id='line_1_118' title="bbox 1066 2566 1861 2602; baseline 0.003 -10"><span class='ocrx_word' id='word_1_793' title='bbox 1066 2575 1124 2599; x_wconf 67' lang='lat' dir='ltr'><strong>p.th</strong></span> <span class='ocrx_word' id='word_1_794' title='bbox 1141 2568 1271 2594; x_wconf 78' lang='lat' dir='ltr'><strong>duntaxat</strong></span> <span class='ocrx_word' id='word_1_795' title='bbox 1285 2567 1364 2595; x_wconf 79' lang='lat' dir='ltr'><strong>molis</strong></span> <span class='ocrx_word' id='word_1_796' title='bbox 1387 2568 1528 2594; x_wconf 75' lang='lat' dir='ltr'><strong>:edilicium</strong></span> <span class='ocrx_word' id='word_1_797' title='bbox 1553 2568 1646 2595; x_wconf 79' lang='lat' dir='ltr'><strong>fuisse.</strong></span> <span class='ocrx_word' id='word_1_798' title='bbox 1662 2566 1778 2600; x_wconf 63' lang='lat' dir='ltr'><strong>Videsis,</strong></span> <span class='ocrx_word' id='word_1_799' title='bbox 1795 2575 1861 2602; x_wconf 67' lang='lat' dir='ltr'><strong>qua:</strong></span> 
     </span>
    </p>
   </div>
   <div class='ocr_carea' id='block_1_117' title="bbox 1066 2602 1674 2638">
    <p class='ocr_par' dir='ltr' id='par_1_117' title="bbox 1066 2602 1674 2638">
     <span class='ocr_line' id='line_1_119' title="bbox 1066 2602 1674 2638; baseline 0.003 -10"><span class='ocrx_word' id='word_1_800' title='bbox 1066 2602 1260 2629; x_wconf 70' lang='lat' dir='ltr'><strong>(.‘utnmcntarii</strong></span> <span class='ocrx_word' id='word_1_801' title='bbox 1278 2603 1370 2638; x_wconf 77' lang='lat' dir='ltr'><strong>pnevii</strong></span> <span class='ocrx_word' id='word_1_802' title='bbox 1387 2602 1400 2637; x_wconf 85' lang='lat'>§</span> <span class='ocrx_word' id='word_1_803' title='bbox 1419 2603 1432 2628; x_wconf 79' lang='lat'><strong>7</strong></span> <span class='ocrx_word' id='word_1_804' title='bbox 1448 2604 1584 2638; x_wconf 83' lang='lat' dir='ltr'><strong>disputata</strong></span> <span class='ocrx_word' id='word_1_805' title='bbox 1601 2607 1674 2631; x_wconf 88' lang='lat' dir='ltr'><strong>sunt.</strong></span> 
     </span>
    </p>
   </div>
  </div>
