2039 3150
205 163 274 196 H95

856 157 1180 188 SUPPLEMENTUM.

1762 153 1830 185 1196

239 219 284 248 15.
299 219 358 252 Qua
375 221 498 251 accepta.
512 215 556 243 abi
572 215 652 242 simul
665 221 729 242 cum
741 215 794 241 vita
808 213 900 241 fruens
919 222 987 249 quo-

1076 211 1115 238 ιε’.
1135 213 1190 238 Καὶ
1205 211 1294 238 λαΰὼν
1309 211 1386 238 ἄπιθι
1399 210 1470 246 μετὰ
1489 209 1534 236 τοῦ
1548 209 1596 245 ζῇν
1619 209 1764 236 ἀπολαύων
1782 211 1830 236 καὶ

203 273 255 302 que
269 264 402 300 pecuniis.
419 263 457 291 Ne
472 267 561 290 autem
578 269 640 288 cum
652 260 733 297 Lyaeo
747 260 860 288 omnino
876 268 989 296 Cougre-

203 310 287 338 diaris
303 319 310 342 ;
327 309 383 344 jam
399 307 474 335 enim
498 306 600 334 mullos
620 306 675 333 vita
694 305 823 340 privavit,
845 313 946 338 eosque
963 310 989 333 te

204 358 284 391 longe
301 355 480 383 robustiores.
497 353 545 381 [iis
572 353 674 380 auditis
691 352 788 380 Nestor
803 359 890 386 neque
908 353 990 387 impe-

205 403 302 430 ratoris
326 401 444 436 arripuit
467 399 670 432 liberalitatem,
695 406 783 434 neque
805 406 901 426 rursus
918 398 988 433 Lymi

204 449 329 476 laudibus
345 447 396 475 fuit
412 447 533 474 territus.
547 445 703 480 Imperatori
726 449 831 477 autem,
855 445 913 472 Non
940 452 988 471 cn-

203 495 259 528 pio,
272 494 371 529 inquit,
389 493 530 528 pecunias,
548 500 637 527 neque
651 499 682 519 ea
697 491 730 519 de
744 499 827 519 causa
843 491 945 526 prodeo
961 490 988 517 in

201 546 359 572 certamen;
378 540 426 567 sed
440 539 551 575 gloriam
566 538 656 572 potius
670 537 796 574 cupiens,
811 542 838 564 et
851 537 929 572 Lya~o
943 545 988 563 vo-

203 589 262 615 lens
277 594 409 622 apparere
421 585 602 621 prrestantior.
616 584 673 612 Non
683 584 770 612 solum
784 584 855 611 enim
869 583 988 614 divitias,

203 634 250 660 sed
267 634 350 660 etiam
363 633 450 667 ipsam
466 631 548 658 vitam
565 631 645 658 statui
664 630 789 665 rejicere,
802 629 824 657 si
841 629 919 664 Lyaeo
931 629 988 664 glo-

204 680 244 706 ria
265 679 379 706 inferior
397 678 486 709 fuero,
507 682 534 705 et
560 677 663 712 primas
678 677 716 703 illi
735 684 854 704 cessero.
872 676 934 702 Haec
950 675 989 702 sic

203 727 287 756 illata,
303 729 332 752 et
354 725 558 759 imperatorem,
574 729 600 750 et
616 731 663 750 eos
686 731 781 750 omnes
805 723 851 758 qui
875 723 989 749 aderant

203 773 275 799 circa
290 771 389 806 ipsum,
405 771 437 797 ad
463 770 529 797 iram
551 773 736 804 provocarunt
753 776 760 795 :
781 769 825 804 qui
841 767 989 804 (quomodo

203 818 276 845 enim
291 821 424 850 armatus,
440 821 467 844 et
481 823 534 851 quo
547 821 620 843 esset
635 815 731 848 fretus,
750 815 793 842 ille
813 815 932 842 nondum
947 814 989 841 di-

203 866 291 897 xerat)
303 863 464 899 arrogantiae
480 867 583 890 tantum
598 867 626 889 et
645 870 720 888 vanze
734 861 824 896 gloria:
834 861 914 889 verba
927 868 989 888 esse

1041 258 1094 284 τῶν
1107 257 1264 293 χρημάτων.
1291 257 1383 291 Λυαίῳ
1406 257 1435 283 δὲ
1455 255 1567 282 σεαυτὸν
1593 255 1622 282 τὸ
1642 255 1774 290 παράπαν
1790 255 1830 290 μὴ

1041 303 1206 338 ἀντιστήσης
1222 311 1230 318 ·
1247 303 1360 334 πολλοὺς
1382 302 1436 338 γὰρ
1464 302 1512 329 τοῦ
1532 301 1581 336 ζῇν
1606 300 1746 336 ἀπήλλαξε
1757 321 1765 333 ,
1780 301 1829 327 καὶ

1041 349 1094 375 τῶν
1109 349 1246 375 καταπολὺ
1259 348 1306 374 σοῦ
1327 347 1559 384 ρωμαλεωτέρων.
1573 346 1666 373 Ταῦτα
1679 347 1693 372 ὁ
1713 346 1829 380 Νέστωρ

1041 395 1171 426 ἀκούσας,
1183 395 1243 420 οὗτε
1254 395 1361 429 ἥρπασε
1380 395 1429 430 τὴν
1442 394 1489 420 τοῦ
1507 393 1639 430 βασιλέως
1655 393 1826 427 φιλοτιμίαν,

1040 441 1102 467 οὔτε
1115 441 1196 467 πάλιν
1218 441 1286 475 πρὸς
1300 441 1346 467 τὸν
1362 441 1409 467 τοῦ
1428 440 1530 467 Λυαίου
1555 439 1667 466 ἔπαινον
1682 440 1827 466 ὲδειλὶασε.

1040 487 1086 522 Τῷ
1111 487 1140 514 δὲ
1169 486 1283 521 βασιλεῖ,
1308 486 1344 512 Οὐ
1366 487 1517 521 χρημάτων
1533 485 1670 520 ἐπιθυμῶ,
1689 484 1752 518 ἔφη,
1768 483 1829 510 οὐδὲ

1041 533 1117 568 παρά
1140 533 1219 559 τοῦτο
1234 532 1351 567 ἐμαυτὸν
1366 533 1406 563 εἰς
1420 532 1494 558 τόνδε
1518 531 1563 558 τδν
1592 531 1684 564 ἀγῶνα
1706 530 1828 563 καθῆκα.

1040 579 1107 605 ἀλλά
1119 578 1197 613 δόξης
1214 578 1283 612 ἐρῶν
1302 577 1412 612 μᾶλλον,
1430 578 1478 604 καὶ
1494 577 1596 604 Λυαίου
1611 576 1743 611 κρείττων
1764 577 1829 601 ἀνα-

1041 623 1157 657 φανῆναι
1173 622 1344 657 βουλόμενος.
1364 621 1521 657 Ἀπώμοτον
1540 622 1593 657 γὰρ
1609 622 1671 657 ἐμοὶ
1688 622 1726 656 μὴ
1742 622 1782 647 ὅτι
1797 629 1828 653 γε

1039 667 1070 694 τὸ
1084 668 1208 694 πλουτεῖν
1222 687 1229 699 ,
1258 667 1326 694 ἀλλὰ
1348 667 1397 694 καὶ
1422 667 1488 694 αὐτὸ
1508 667 1538 694 τὸ
1557 667 1617 702 ζῇν,
1634 666 1713 700 δόξης
1726 665 1828 697 εἴξαντι

1040 716 1142 750 Λυαίῳ,
1156 716 1203 742 καὶ
1218 716 1272 742 τῶν
1294 716 1437 750 πρωτείων
1455 715 1553 750 ἐκείνῳ
1581 714 1828 750 παραχωρήσαντι.

1040 762 1132 788 Ταίτα
1146 761 1217 789 οὕτω
1227 762 1360 797 λεχθέντα
1374 763 1420 788 καὶ
1437 761 1549 796 βασιλέα
1565 762 1612 788 καὶ
1628 761 1690 792 τοὺς
1705 761 1771 794 περὶ
1783 760 1830 787 αὐ-

1040 806 1084 832 τὸν
1097 807 1218 838 ἅπαντας
1233 806 1363 842 ἠρέθισαν
1377 808 1416 837 εἰς
1431 807 1516 842 ὀργήν
1527 815 1534 822 ·
1548 807 1622 837 ὅπως
1632 806 1687 841 γὰρ
1695 805 1828 836 ὡπλίσθη,

1041 853 1089 880 καὶ
1104 854 1146 888 ἐφ’
1160 850 1182 888 ᾧ
1200 853 1337 885 πεποιθὼς
1350 854 1453 884 ἐκεῖνος
1466 853 1552 885 οὕτως
1564 853 1725 888 ἐφθέγγετο,
1752 851 1830 879 αὐτοὶ

204 887 408 938 existimabaht.
427 909 516 943 Atque
528 909 677 943 imperator
690 907 800 942 quidem
817 907 926 942 Lyaeum
940 915 988 934 ve-

1044 887 1214 932 ἀγνοοῧντες,
1239 898 1399 930 ἀλαζονείας
1428 898 1514 933 μόνης
1541 899 1586 925 καὶ
1599 898 1678 925 κενοῦ
1693 897 1778 931 τύφου
1795 896 1830 922 τὰ.

205 957 348 984 hementer
360 955 492 983 incitabat
509 954 542 982 ad
559 958 709 984 certamen.
727 954 884 988 impetuque
899 957 925 980 et
941 961 991 980 au-

203 1003 279 1030 dacia
296 1002 405 1037 plenum
418 1001 478 1037 ejus
490 1000 612 1028 animum
629 1000 759 1028 reddebat
773 999 918 1026 acriorem.

243 1092 284 1119 18.
303 1091 411 1119 Nestori
432 1095 522 1118 autem
541 1091 662 1118 animum
678 1090 812 1118 addebant
835 1090 915 1117 verba
935 1090 985 1117 De-

204 1137 307 1168 metrii.
323 1142 351 1164 et
362 1137 501 1164 Christus.
517 1135 557 1163 Ad
568 1143 648 1170 quem
667 1135 794 1162 attollens
809 1136 901 1162 oculos
915 1135 990 1162 dice-

203 1185 251 1213 bat
270 1191 278 1210 :
297 1184 368 1211 Deus
391 1182 531 1215 Demetrii,
546 1181 666 1210 concede
693 1182 779 1214 mihi.
809 1187 837 1209 ut
861 1190 920 1216 ego,
943 1181 991 1216 qui

204 1239 264 1259 sum
281 1235 359 1258 mtate
375 1230 467 1257 brevis
489 1228 586 1261 David,
610 1234 742 1263 tanquam
767 1229 849 1256 alium
869 1228 990 1258 Goliatli,

203 1278 308 1313 pudore
320 1281 349 1304 et
360 1275 509 1312 ignominia
524 1275 631 1310 Lyaeum
644 1275 770 1303 alliciam.
787 1274 825 1302 Te
837 1275 910 1302 enim
936 1275 991 1301 trc-

204 1328 249 1350 tus
265 1322 373 1358 suscepi
391 1322 443 1349 hoc
461 1325 600 1348 certamen
615 1321 643 1348 in
668 1321 758 1348 medio
775 1321 922 1348 multorum
936 1341 943 1352 ,
961 1325 992 1348 ut

205 1373 281 1396 tuum
296 1375 396 1395 nomen
414 1367 591 1403 gloriticetur,
607 1365 653 1400 qui
678 1365 752 1393 solus
775 1373 805 1392 es
829 1373 893 1392 vere
907 1365 990 1396 Deus,

200 1421 233 1441 et
244 1414 277 1441 iis
289 1413 335 1448 qui
353 1413 381 1439 in
395 1417 422 1440 te
439 1412 566 1438 virtutem
583 1410 694 1441 faciunt.
712 1410 798 1437 mittis
813 1410 944 1437 auxilium
959 1413 991 1437 de

202 1463 302 1486 sancto
312 1458 380 1493 (Η).
397 1457 442 1485 Sic
454 1456 534 1488 dixit,
549 1461 587 1488 et,
604 1456 702 1483 stricto
716 1457 839 1489 acinace,
852 1456 990 1491 ingres-us

204 1506 352 1535 theatrum,
367 1510 396 1532 et
412 1511 474 1531 cum
500 1503 614 1530 barbam
637 1510 818 1537 congressus,
835 1503 915 1530 infert
931 1503 991 1538 ejus
1020 1533 1028 1539 _

203 1552 279 1580 cordi
296 1557 397 1579 certam
414 1550 529 1586 plagam.
541 1549 573 1577 Et
585 1549 678 1577 statim
691 1549 766 1576 illum
782 1549 894 1584 quidem
911 1549 991 1576 inter-
1006 1565 1027 1596 ο

204 1597 284 1631 imit,
314 1596 374 1624 fere
390 1601 482 1624 autem
499 1595 588 1630 ipsum
606 1602 719 1629 quoque
733 1594 925 1622 Maximianum
941 1595 990 1622 do-

202 1643 272 1676 lore,
291 1650 373 1678 quem
387 1642 421 1670 de
437 1649 471 1669 eo
485 1640 590 1675 accepit
605 1649 613 1667 ς
628 1639 713 1668 multo
724 1648 788 1668 vero
801 1640 886 1676 magis
901 1640 990 1675 ipsum

203 1698 314 1725 quoque
329 1696 463 1720 errorem.
478 1692 506 1716 et
520 1695 582 1715 cum
599 1695 631 1714 eo
645 1687 704 1721 ejus
721 1692 861 1714 auctomm
871 1708 878 1720 ,
896 1689 991 1715 occul-

205 1741 274 1768 tum,
292 1737 416 1770 inquam,
432 1734 626 1761 Maximianum
640 1737 729 1760 morte
745 1733 836 1760 allicit.

239 1782 284 1809 17.
300 1780 485 1808 Maximianus
497 1784 590 1806 autem
604 1779 754 1814 imperator
768 1787 822 1806 non
839 1780 926 1814 potuit
939 1787 993 1807 am-

205 1827 276 1862 plius
290 1826 397 1859 sedere,
415 1825 463 1853 sed
479 1825 570 1852 statim
591 1825 710 1852 surrexit
725 1825 766 1852 ira
782 1825 881 1860 plenus
896 1830 924 1854 et
940 1827 991 1854 tri-

205 1873 290 1904 stitia.
317 1871 387 1899 etin
411 1871 500 1898 aulam
524 1870 592 1898 abiit
618 1870 732 1906 regiam,
757 1871 849 1907 gravia
874 1873 947 1908 apud
963 1880 992 1901 se

205 1925 329 1949 versans,
347 1922 375 1945 et
389 1917 513 1944 veritatis
525 1916 666 1951 splendori
681 1916 776 1944 volens
791 1916 892 1951 impius
906 1917 993 1945 offun-

204 1966 272 1994 dere
296 1964 434 1996 tenebras,
457 1962 639 1998 Nestorisque
665 1962 806 1991 victoriam
831 1964 992 1999 obscurare,

205 2019 237 2040 ac
249 2019 300 2047 per
314 2010 380 2038 illud
394 2010 497 2038 cultum
518 2009 641 2043 Christi,
663 2017 719 2045 prae
735 2010 820 2038 multa
839 2010 992 2046 ignorantia

206 2065 264 2086 rem
283 2064 383 2084 vocans
397 2056 556 2092 praestigias.
571 2055 665 2091 Neque
688 2057 779 2089 enim,
798 2058 908 2089 aiebat.
926 2059 993 2087 alias

205 2103 240 2131 ab
254 2110 288 2130 eo
300 2101 396 2130 {uisset
414 2101 595 2137 interemptus
611 2102 645 2135 is,
660 2102 705 2138 qui
722 2106 775 2130 tam
791 2105 919 2138 praeclara
932 2105 993 2133 cﬂ'e-

207 2153 282 2176 cerat
296 2149 427 2176 facinora.
443 2147 548 2183 Itaque,
567 2157 702 2184 generoso
718 2149 832 2178 Nestore
848 2153 992 2185 arcersito,

207 2199 334 2228 tanquam
351 2200 395 2221 res
411 2198 484 2220 esset
499 2198 585 2226 certa,
604 2198 631 2221 et
646 2194 718 2221 nulla
734 2202 802 2229 opus
819 2195 932 2224 haberet
947 2197 990 2224 in-

205 2241 377 2275 quisitione:
397 2239 445 2267 Dic
470 2239 548 2272 mihi,
572 2239 658 2272 dicit,
686 2241 858 2275 adolescens,
877 2251 995 2277 quanam

1044 945 1154 981 ῥήματα
1166 944 1367 980 ὑπελάμσανον.
1388 945 1418 971 Ὀ
1433 945 1481 979 μὲν
1493 942 1539 971 οὖν
1558 944 1684 980 βασιλεὺς
1698 943 1780 974 πολὺς
1795 939 1829 977 ἦν

1043 991 1082 1022 είς
1094 990 1139 1018 τὸν
1150 990 1244 1024 ἀγῶνα
1257 991 1399 1025 διεγείρων
1416 991 1516 1018 Λυαῖον
1535 990 1584 1017 καὶ
1600 990 1650 1017 τὴν
1668 989 1758 1026 ὁρμῆς
1781 988 1829 1015 καὶ

1044 1035 1161 1071 θάρσους
1176 1036 1302 1071 ἔμπλεων
1316 1035 1478 1071 παροξύνων
1497 1036 1598 1072 ψυχήν.

1081 1086 1128 1115 ις’.
1146 1083 1262 1118 Νέστορι
1282 1082 1311 1109 δὲ
1326 1083 1355 1109 τὸ
1372 1082 1473 1118 θάρσος
1485 1083 1509 1109 οἱ
1526 1082 1683 1117 Δημητρίου
1697 1081 1771 1115 λόγοι
1783 1081 1831 1108 καὶ

1043 1128 1159 1163 Χριστὸς
1177 1126 1221 1164 ἦν,
1237 1127 1305 1164 πρὸς
1319 1127 1348 1154 δν
1366 1127 1511 1160 ἀνατείνας
1534 1127 1597 1159 τοὺς
1609 1126 1776 1162 ὀφθαλμοὺς,
1799 1126 1829 1153 '0

1043 1175 1128 1206 Θεὸς,
1153 1175 1239 1209 ἔλεγε,
1271 1175 1447 1210 Δημητρίου,
1462 1174 1506 1206 δὸς
1531 1174 1581 1209 ἐμὲ
1598 1175 1642 1200 τὶν
1662 1173 1766 1209 βραχὺν
1781 1173 1830 1208 τὴν

1044 1222 1154 1256 ἡλικίαν
1176 1221 1259 1248 Δαὸὶδ
1284 1220 1379 1247 Γολιὰο
1410 1221 1490 1247 ἄλλον
1516 1219 1697 1255 καταισχῦναι
1718 1220 1829 1246 Λυαῖον.

1045 1269 1090 1294 Σοὶ
1101 1269 1155 1304 γὰρ
1170 1266 1308 1299 πεποιθὼς
1320 1267 1364 1294 τὸν
1377 1267 1470 1298 ἀγῶνα
1484 1267 1579 1294 τοῦτον
1592 1267 1621 1293 ὲν
1633 1267 1708 1301 μέσῳ
1724 1266 1831 1292 πολλῶν

1044 1316 1166 1351 ἠράμην,
1185 1316 1228 1343 ἵνα
1243 1316 1273 1342 τὸ
1293 1316 1340 1342 σὺν
1358 1315 1445 1351 ὄνομα
1460 1315 1576 1350 δοξασθῇ
1592 1314 1639 1341 τοῦ
1663 1315 1744 1349 μόνου
1765 1313 1831 1349 ἀλη-

1045 1362 1098 1393 θῶς
1113 1362 1191 1394 Θεοῦ,
1209 1363 1256 1388 κιιὶ
1273 1363 1329 1394 τοῖς
1348 1362 1377 1388 ἐν
1392 1363 1433 1388 σοὶ
1450 1362 1566 1397 δύναμιν
1583 1362 1756 1396 ποιουμένοις
1768 1362 1830 1387 ἑπι-

1044 1407 1199 1441 πέμποντος
1219 1407 1345 1441 βοήθειαν
1362 1407 1390 1439 ἐξ
1406 1407 1494 1441 ἁγίου.
1513 1406 1606 1437 Οὕτως
1622 1407 1684 1441 ἔφη,
1711 1406 1757 1433 καὶ
1773 1406 1832 1440 ἃμα

1043 1453 1088 1478 τὸν
1105 1453 1240 1487 ἀκινάκην
1255 1453 1441 1488 σπασάμενος,
1462 1454 1509 1480 καὶ
1523 1453 1554 1480 τὸ
1568 1453 1680 1487 θέατρον
1697 1453 1831 1487 είσπῃδή-

1045 1507 1103 1530 σας,
1116 1499 1166 1532 τῆς
1186 1499 1346 1533 συμπλοκῆς
1365 1499 1415 1534 ἤδη
1431 1499 1581 1533 γενομένης
1597 1498 1688 1534 βάλλει
1716 1498 1832 1534 καιρίως

1045 1544 1117 1571 κατὰ
1136 1545 1184 1579 τῆς
1205 1545 1318 1580 καρδίας
1335 1545 1381 1571 τὸν
1398 1544 1552 1580 βάρϐαρον·
1568 1545 1615 1572 καὶ
1626 1545 1706 1576 εὐθὺς
1718 1545 1764 1571 τὸν
1781 1545 1830 1580 μὲν

1045 1592 1161 1626 ἀναιρεῖ,
1191 1591 1284 1626 σχεδὸν
1304 1591 1332 1618 δὲ
1363 1592 1410 1618 καὶ
1427 1591 1596 1627 Μαξιμιανὸν
1616 1594 1650 1628 τῇ
1665 1594 1728 1628 περὶ
1749 1593 1830 1620 αὐτὸν

1045 1638 1117 1673 λύττῃ
1128 1646 1134 1652 ·
1151 1638 1240 1672 πολλῷ
1256 1638 1284 1664 δὲ
1314 1637 1415 1673 μᾶλλον
1432 1639 1520 1666 εἰπεῖν
1542 1640 1588 1666 καὶ
1611 1639 1718 1675 πλάνην
1734 1640 1831 1673 αὐτὴν,

1045 1685 1091 1710 καὶ
1101 1684 1148 1711 σὺν
1162 1685 1252 1720 ἐκείνῃ
1267 1684 1313 1710 τὸν
1322 1684 1425 1720 ταύτης
1437 1685 1586 1717 αίτιον,τδν
1600 1686 1732 1720 κρυπτὸν,
1747 1693 1784 1721 φη
1791 1686 1831 1721 μὶ,

1045 1730 1216 1764 Μαξιμια.δν
1235 1731 1355 1758 θανατοῖ.

1081 1776 1124 1808 ιζ’.
1143 1776 1309 1811 Μαξιμιανῷ
1333 1776 1426 1812 μέντοι
1455 1777 1495 1812 τῷ
1520 1777 1626 1812 βασιλεῖ
1650 1777 1701 1806 οὐκ
1726 1776 1761 1814 ἦν
1792 1778 1833 1806 ἔτι

1045 1823 1187 1858 ἀνεκτὸνή
1203 1823 1339 1857 καθέδρα·
1355 1823 1424 1850 ἀλλό
1444 1824 1551 1859 πλήρης
1567 1825 1652 1860 ὀργῆς
1677 1826 1724 1852 καὶ
1747 1834 1833 1861 κατη-

1046 1867 1125 1900 φείας
1137 1867 1218 1898 εὐθὺς
1230 1867 1372 1902 ἐξανέστη,
1384 1868 1430 1895 καὶ
1443 1869 1511 1904 πρὸς
1522 1868 1571 1900 τὰς
1586 1869 1738 1904 βασιλείους
1749 1871 1833 1902 αὐλὰς

1046 1913 1120 1940 δεινὰ
1134 1914 1259 1949 στρέφων
1275 1914 1337 1941 καθ’
1352 1915 1450 1942 ἑαυτὸν
1470 1916 1622 1951 ἀπεχώρει,
1651 1918 1833 1953 ἐπισκοτῆσαι

1045 1959 1085 1995 τῷ
1102 1961 1199 1995 φέγγει
1214 1961 1264 1996 τῆς
1276 1961 1407 1996 ἀληθείας
1423 1963 1437 1988 ὁ
1450 1962 1583 1999 δυσσεὸὴς
1596 1963 1766 1999 βουλόμενος,
1782 1965 1836 1991 Νι-

1048 2007 1142 2042 στορός
1155 2016 1184 2033 τε
1199 2007 1248 2043 τὴν
1265 2007 1344 2042 νίκην
1359 2010 1407 2034 καὶ
1420 2008 1454 2034 δι’
1464 2009 1568 2035 ἐκείνου
1587 2009 1618 2035 τὸ
1633 2010 1701 2044 πρὸς
1716 2010 1834 2045 Χριστὸν

1047 2054 1216 2089 ἀμαυρῶσαι
1246 2054 1338 2085 σέὸας,
1363 2055 1492 2089 γοητείαν
1521 2056 1554 2082 ὲκ
1569 2055 1671 2090 πολλῆς
1697 2057 1790 2086 ἀνοίας
1804 2057 1835 2083 τὸ

1047 2102 1162 2137 πρᾶγμα
1182 2100 1284 2128 καλῶν.
1314 2101 1392 2127 Ἐπεὶ
1414 2101 1464 2128 οὐκ
1487 2101 1531 2134 ἂν,
1547 2103 1624 2136 φησὶ,
1640 2102 1716 2138 παρὰ
1730 2103 1836 2130 τοιοῦδε

1046 2146 1175 2177 τοιαύτας
1192 2146 1377 2182 ἀνδραγαθίας
1391 2146 1598 2181 ὲπιδειξᾲμενος
1605 2148 1742 2184 ἀνῃρεῖτο.
1754 2149 1781 2174 Ἀ
1787 2149 1836 2184 μέ-

1047 2192 1088 2219 λει
1105 2193 1152 2220 καὶ
1171 2192 1297 2228 Νέστορα
1313 2193 1358 2218 τὸν
1374 2194 1499 2226 γενναῖον
1514 2194 1776 2228 μεταπεμψάμενος,
1797 2195 1836 2226 ὼς

1047 2240 1094 2265 ἐπὶ
1108 2239 1253 2275 πράγματι
1265 2238 1475 2273 ὁμολογουμένῳ
1499 2239 1546 2265 καὶ
1564 2239 1691 2274 οὐδεμιᾶς
1706 2240 1836 2274 δεομένου

205 2291 264 2312 arte
284 2293 350 2312 usus
365 2284 470 2320 magica
481 2305 488 2317 ,
505 2289 553 2312 aut
567 2292 701 2320 quosnam
719 2286 823 2314 habens
844 2287 992 2322 adjutores,

1048 2285 1200 2320 ζητήσεως,
1214 2285 1282 2311 Esne
1296 2293 1352 2319 μοι,
1369 2285 1504 2316 νεανίσκε,
1529 2284 1615 2318 λέγει,
1637 2286 1692 2312 τίσι
1708 2287 1836 2320 μαγείαις

205 2331 326 2367 ιγέυιιιιι,
339 2331 427 2358 virum
444 2335 564 2363 tantum,
577 2331 762 2359 interfecisti?
774 2332 822 2359 Cui
837 2333 933 2360 Nestor
951 2334 993 2361 ni-

206 2378 243 2404 hil
258 2377 380 2408 territus,
397 2377 444 2405 sed
460 2377 574 2405 omnino
590 2378 743 2412 conﬁdens,
759 2379 844 2414 quod.
862 2380 907 2414 qui
921 2380 995 2408 dedit

205 2423 282 2450 illum
301 2423 450 2458 superbum
473 2427 501 2451 et
520 2423 684 2452 insolentem
709 2425 744 2452 de
765 2425 855 2453 medio
879 2426 972 2453 tollere
986 2446 993 2459 ,

206 2469 265 2505 ipse
277 2477 388 2504 quoque
403 2470 436 2497 de
461 2477 493 2497 eo
508 2471 717 2498 convenientem
741 2470 815 2498 dabit
838 2472 997 2506 responsio-

205 2524 270 2543 nem
285 2524 293 2544 :
306 2516 391 2547 Nihil,
410 2516 520 2552 inquit,
535 2524 551 2544 ο
568 2517 728 2552 imperator,
746 2517 809 2550 tale,
832 2526 884 2546 nec
906 2518 972 2546 mihi
987 2538 994 2550 ,

205 2569 258 2590 nec
278 2563 325 2590 ulli
339 2567 381 2590 est
395 2563 553 2591 Christiano
574 2563 650 2591 utile.
676 2563 773 2591 Nullus
796 2570 887 2592 autem
912 2565 994 2592 humo

207 2608 275 2635 mihi
289 2608 341 2636 fuit
355 2609 389 2636 ad
406 2609 458 2637 hoc
475 2609 594 2644 adiutor,
605 2609 658 2637 nisi
671 2609 745 2637 solus
761 2609 831 2637 Deus
851 2611 993 2642 Demetrii,

208 2653 290 2687 Deus,
304 2661 321 2683 o
335 2654 493 2690 imperator,
507 2655 737 2684 Christianorum.

244 2807 299 2848 tit)
320 2808 389 2848 Cum
406 2818 557 2848 anonymus
569 2810 655 2848 sancti
670 2810 797 2848 Demetrii
814 2812 991 2848 biogruplius,

208 2842 253 2880 qui
275 2842 447 2876 Mclaphrasti
474 2842 616 2880 pra-luxit,
639 2846 709 2873 hanc
734 2842 876 2880 Nestoris:
899 2842 992 2875 contra

209 2877 319 2911 Lyaeum
332 2877 518 2912 certaturifad
530 2881 613 2908 Deum
627 2881 777 2909 orationen
791 2890 843 2909 ιιυιι
856 2877 992 2917 exhibeat,

1047 2334 1220 2369 χρησάμενος
1239 2333 1256 2368 ἢ
1276 2332 1352 2364 τίνας
1369 2332 1440 2367 ἔχων
1457 2333 1520 2365 τοὺς
1549 2334 1707 2367 συνεργοὺς,
1734 2334 1836 2360 Λυαῖον

1048 2380 1189 2415 ἀνῄρηκας
1203 2379 1250 2406 τὸν
1263 2379 1392 2404 τοσοῦτον
1403 2387 1410 2410 ;
1427 2379 1498 2414 Πρδς
1510 2378 1596 2405 ταῦτα
1607 2380 1621 2405 ὁ
1634 2380 1749 2415 Νέστωρ
1759 2380 1836 2406 οὐδὲν

1048 2425 1259 2456 ὑποδειλιάσας,
1286 2423 1356 2451 ἀλλὰ
1381 2424 1524 2460 θαρρήσας
1547 2426 1667 2457 πάντως,
1684 2426 1725 2452 ὅτι
1741 2426 1756 2452 ὁ
1774 2426 1837 2458 δοὺς

1048 2473 1153 2498 ἐκεῖνον
1177 2472 1223 2497 τὸν
1251 2471 1427 2506 ὑπερήφανον
1455 2470 1571 2502 ἀνελεῖν,
1592 2471 1673 2503 αὐτὸς
1689 2472 1771 2498 δώσει
1788 2472 1837 2498 καὶ

1050 2518 1243 2550 προσήκουσαν
1274 2515 1324 2550 τὴν
1355 2515 1419 2550 περὶ
1453 2515 1537 2542 αὐτοῦ
1565 2515 1659 2542 θέσθαι
1675 2516 1836 2550 ἀπολογίαν,

1050 2561 1144 2591 Οὐδὲν,
1160 2561 1222 2595 ἔφη.
1240 2559 1365 2595 βασιλεῦ,
1384 2560 1505 2587 τοιοῦτον
1523 2560 1583 2587 οὐδὲ
1599 2561 1671 2594 ἐμοὶ,
1686 2560 1748 2588 οὔτε
1764 2561 1838 2596 ἀλλῳ

1050 2607 1221 2642 Χριστιανῶν
1231 2613 1238 2622 ·
1256 2607 1386 2642 συνεργὸς
1397 2607 1425 2634 δέ
1439 2615 1484 2642 μοι
1499 2607 1568 2642 πρὸς
1580 2607 1660 2634 τοῦτο
1670 2607 1722 2634 τῶν
1731 2607 1839 2644 ἀνθρώ-

1051 2662 1110 2680 πων
1124 2653 1223 2685 οὐδεὶς,
1244 2654 1286 2679 ὅτι
1298 2653 1335 2688 μὴ
1354 2653 1434 2687 μόνος
1451 2654 1465 2680 ὁ
1477 2654 1635 2689 Δημητρίου
1646 2653 1723 2687 Θεὸς,
1734 2655 1748 2681 ὁ
1760 2654 1839 2688 Θεὸς,

1051 2699 1174 2734 βασιλεῦ,
1194 2700 1249 2725 τῶν
1260 2699 1444 2734 Χριστιανῶν.

1047 2813 1228 2840 dubitandum
1251 2814 1295 2850 vix
1322 2818 1444 2850 apparet,
1470 2814 1536 2850 quin
1551 2821 1610 2842 eam
1638 2815 1772 2850 posterior
1795 2815 1840 2844 hic

1048 2855 1177 2910 scnptor,
1193 2849 1522 2911 {erosimili’conjectura
1550 2858 1627 2884 usus,
1651 2858 1700 2884 pro
1723 2850 1839 2878 arbitrio

1049 2891 1100 2910 con
1114 2891 1197 2911 mxm
1214 2901 1222 2910 .
