2039 3150
182 155 251 186 H97

696 159 722 190 S.
749 159 939 190 DEMETRII
961 160 1159 191 MARTYRIS
1180 162 1286 192 ACTA.

1741 160 1809 192 1198
1840 180 1845 183 ι

215 212 260 248 ιη’.
278 212 379 239 Τούτου
405 212 521 249 φανερός
536 212 615 246 ἆθλος
635 215 649 242 ὁ
664 216 775 248 {Au-Lion
793 216 918 249 θάνατος,
937 216 966 249 ὃς

1056 218 1098 244 18.
1116 217 1288 244 Manifestum
1308 218 1369 253 ejus
1386 221 1524 245 certamen
1552 216 1603 244 fuit
1624 223 1701 244 mors
1724 216 1810 250 Lyaei,

177 261 207 286 ἐν
221 259 297 294 χειρὶ
313 260 435 295 κραταιᾷ
453 261 501 287 καὶ
521 261 550 288 ἐν
569 261 691 297 βραχίονι
722 262 818 297 ὑψηλῷ
833 264 879 290 καὶ
893 263 969 298 Σηὼν

143 318 147 325 ~
178 307 225 333 καὶ
242 307 293 333 “(lx
312 307 360 333 καὶ
375 308 490 342 μυρίους
509 308 606 341 ἄλλους
623 309 711 344 πολλῷ
727 311 828 345 μᾶλλον
842 311 858 347 ἢ
870 312 969 338 Λυαῖον

179 353 228 389 τὴν
241 352 338 388 ῥώμην
352 354 496 389 ἐπιφανεῖς
513 355 634 390 εὐχερῶς
647 356 763 390 ἀνεῖλεν,
784 358 815 384 οὗ
842 359 906 385 καθ’
922 359 971 385 ἒνα

178 398 270 433 μόνον,
283 398 352 425 ἀλλὰ
368 399 416 425 καὶ
433 399 504 427 κατὰ
520 399 623 434 πλῆθος
639 401 918 437 συναθροισαμένους.
938 403 971 429 Τί

179 443 216 479 μὴ
229 443 302 477 λέγω
318 443 352 470 τὰ
378 445 484 471 ἐκείνου
501 446 581 480 μόνου
606 446 715 481 ἀληθῶς
728 447 809 482 ἄξια,
845 446 875 475 οὗ
890 448 971 483 ἔργον

176 490 292 525 οὐρανὸς
300 491 348 516 καὶ
363 491 398 525 γῆ
411 491 459 518 καὶ
468 491 502 518 τὰ
518 493 546 518 ὲν
558 493 650 524 αὐτοῖς
662 492 782 527 ἅπαντας
799 493 856 522 Οὐκ
870 495 970 531 ἤνεγκε

175 536 212 562 τὰ
230 537 336 572 μεγάλα
353 537 440 564 ταῦτα
457 538 473 573 ἡ
489 538 579 574 φαύλη
595 539 771 574 Μαξιμιανοΰ
797 541 878 577 ἀκοὴ,
902 542 972 568 ἀλλὰ

175 583 232 609 τῶν
247 582 337 610 καλῶν
351 583 440 618 λόγων
456 584 581 619 μισθοὺς,
596 586 643 612 καὶ
658 587 708 622 τῆς
725 587 804 622 νίκης
817 588 892 623 αὐτῷ
905 588 971 623 βρα-

175 629 238 655 δεῖα
251 629 297 656 τὸν
308 629 352 656 διὰ
368 630 463 664 ξίφους
477 631 575 666 ἐπάγει
592 632 720 660 θάνατον.
733 633 849 669 Νέστωρ
863 635 912 669 μὲν
924 634 970 661 οὖν

175 674 249 702 οὕτω
261 676 309 702 τοῦ
325 677 370 702 διὰ
388 677 508 711 Χριστδν
520 679 656 714 μακαρίου
676 680 770 711 τέλους
782 681 970 715 ἐπιτυγχάνει,

176 722 225 748 καὶ
240 721 279 757 τῷ
296 722 353 758 ίδίῳ
370 723 563 759 ξίφειδέχετσι
579 725 630 759 τὴν
641 726 739 760 τομὴν,
758 726 830 752 οὕτω
847 726 897 761 μὲν
909 726 971 753 Μα-

177 767 307 802 ξιμιανοῦ
324 769 516 802 κελεύσαντος,
534 770 578 797 ἵνα
596 771 709 798 κάκεῖνο
722 772 792 806 τάχα
808 771 972 806 μαρτυρικῷ

176 813 275 848 αἵματι
305 815 492 852 καθαγιασοῇ,
523 817 707 844 Μινουκιανοῦ
738 817 765 844 δὲ
781 817 971 852 προτίκτωρος

175 860 246 894 πρὸς
261 860 311 895 τὴν
339 862 447 898 σφαγὴν
478 863 716 899 ὑπουργήσαντος.
749 865 804 890 Καὶ
815 863 888 891 οὕτω
901 863 971 897 πρὸς

175 905 304 939 Χριστὸν,
318 906 347 932 ὃν
359 907 484 943 ἐφίλησε,
497 910 725 945 παραπέμπεται,
737 909 803 945 παρ’
818 906 848 937 οὗ
864 909 910 936 καὶ
922 909 971 944 τῆς

175 952 275 987 διπλῆς
288 953 367 986 νίκης
381 953 554 990 ἀπολήψεται
568 957 631 988 τοὺς
650 957 812 991 στεφάνους.

213 998 256 1025 ιϐ’.
281 999 424 1026 Ἐντεῦοεν
450 1001 585 1028 ὑποϐολαὶ
611 1002 683 1029 κατὰ
708 1003 869 1038 Δημητρίου
886 1003 971 1030 πάλιν

174 1045 225 1071 καὶ
244 1045 368 1072 διαϐολαὶ
379 1046 578 1082 πιθανώτεραι,
594 1048 630 1079 ὡς
645 1049 728 1081 αὐτὸς
743 1049 787 1085 εἰεη
801 1049 848 1076 τοῦ
868 1050 970 1077 Λυαίου

175 1090 288 1125 σφαγῆς
319 1091 416 1123 αἴτιος.
449 1092 554 1120 Αὐτίκα
572 1094 637 1128 γοῦν
657 1095 832 1131 Μαξιμιανὸς
851 1096 970 1130 ὀξύτατα

175 1136 319 1171 χολωθεὶς,
329 1137 378 1164 καὶ
388 1138 447 1173 ἅμα
463 1139 656 1174 οἰωνισάμενος
665 1140 701 1173 ὡς
717 1142 767 1169 οὐκ
778 1142 881 1176 ἀγαθὸν
893 1143 970 1179 αὐτῷ

175 1182 338 1218 συνάντημα
376 1184 533 1221 Δημήτριος
570 1187 676 1221 γένοιτο
706 1189 776 1223 πρδς
805 1188 835 1215 τδ
861 1190 969 1217 στάδιον

173 1229 290 1261 ἀνιόντι,
305 1229 413 1256 κελεύει
429 1231 476 1258 τὸν
489 1231 615 1268 μάρτυρα
630 1234 658 1259 ἐν
679 1233 776 1266 αὐταῖς
790 1232 837 1267 αἶς
869 1237 970 1270 ἐφρου-

175 1275 252 1310 ρεῖτο
261 1275 387 1310 καμίνοις
401 1276 514 1312 λόγχαις
533 1278 721 1314 ἀναιρεθῆναι.
740 1281 773 1307 '0
789 1280 820 1316 δὴ
834 1281 881 1308 καὶ
894 1281 970 1316 γίνε-

172 1329 232 1349 ται.
251 1322 305 1348 Καὶ
319 1323 425 1355 ὁκαλδς
443 1324 475 1351 σὺ
498 1324 533 1351 τὰ
549 1326 649 1357 πάντα,
672 1326 840 1362 Δημήτριος,
871 1328 884 1354 ὁ
909 1328 971 1356 λίαν

172 1367 225 1394 τοῦ
242 1369 378 1395 Δεσπότου
393 1371 599 1406 περιεχόμενος,
615 1371 714 1407 ὁμοίως
727 1373 802 1408 αὐτῷ
817 1373 867 1408 τὴν
883 1374 968 1400 πλευ-

171 1413 229 1450 ρὰν
239 1414 375 1449 λογχεύει,
388 1417 435 1442 καὶ
452 1416 533 1443 τοῦτο
550 1417 680 1453 ἀφορμὴν
694 1419 742 1445 καὶ
756 1418 815 1446 ὁδὸν
829 1419 969 1455 εὑρίσκεις

169 1460 228 1495 ’τῆς
248 1461 315 1496 πρὸς
329 1462 434 1488 ἐκεῖνον
454 1462 590 1496 ἀφίξεως-
614 1464 750 1499 μακάριος
773 1465 822 1499 μὲν
835 1466 881 1491 τοῦ
899 1465 968 1500 βίου,

170 1509 388 1543 μακαριώτερος
401 1508 430 1534 δὲ
445 1509 492 1535 τοῦ
505 1510 600 1541 τέλους
612 1510 660 1537 καὶ
672 1511 727 1538 τῶν
739 1511 879 1545 στεφάνων
892 1512 970 1546 γενό-

173 1562 270 1589 μενος,
285 1555 332 1581 καὶ
347 1555 397 1589 τῆς
409 1556 450 1587 είς
465 1555 567 1588 αίῶνας
583 1556 658 1591 αὐτῷ
673 1557 712 1592 τῷ
729 1557 892 1593 ποθουμένῳ
904 1567 968 1592 συγ-
983 1569 1005 1598 (τ

175 1600 296 1634 κατοική
302 1609 382 1631 σεως.

212 1737 249 1762 κ’.
269 1732 334 1769 Εἶχε
361 1734 410 1769 μὲν
429 1732 476 1761 οὖν
489 1734 561 1762 οὕτω
578 1735 676 1770 ταῦτα,
705 1737 754 1763 καὶ
770 1737 783 1763 ό
809 1738 906 1772 νεκρὸς
921 1738 969 1766 τοῦ

175 1783 322 1818 μάρτυρος
335 1781 407 1807 κατὰ
423 1781 475 1816 γῆς
491 1782 615 1818 ἔρριπτο,
633 1783 679 1809 καὶ
695 1783 780 1815 οὐδεὶς
792 1784 874 1810 αὑτοῦ
893 1784 970 1819 λόγος

176 1829 262 1864 μέχρι
281 1827 363 1859 τινός.
383 1827 496 1859 Πάντως
517 1827 547 1854 δὲ
573 1827 639 1855 οὔτε
655 1829 728 1856 ὅσιον
756 1827 800 1865 ἦν,
820 1829 883 1856 οὕτε
902 1830 971 1857 Θεοῦ

172 1875 249 1905 ὅλως
262 1873 348 1907 ἄξιον,
360 1874 429 1909 ὑπὲρ
441 1870 472 1901 οὗ
487 1874 623 1901 πέπονθεν
642 1875 729 1902 ἐκεῖνο
741 1875 770 1902 τὺ
790 1875 863 1911 ἱερὸν
880 1876 970 1912 σῶμα,

171 1921 265 1951 οὕιυς
277 1920 343 1946 αὐτὸ
357 1920 493 1954 παριδεῖν.
518 1919 626 1947 Οὔκουν
643 1921 703 1947 οὐδὲ
728 1922 867 1956 παρεῖδεν.
890 1923 971 1950 ’Λλλὰ

173 1967 233 1993 τῶν
248 1966 442 2001 ’φιλοχρίστων
467 1966 539 1997 τινὲς
560 1966 706 1998 ὑποϐολαῖς
716 1967 841 2004 ⁸,ἐκείνου
873 1970 972 2001 νυκτὸς

173 2012 389 2048 προσελθόντες,
405 2011 453 2038 καὶ
465 2011 572 2046 ἀτίμως
589 2012 717 2047 κείμενον
731 2013 761 2040 τὸ
772 2014 871 2050 κομιδῆ
881 2015 972 2049 τίμιον

173 2059 339 2094 ἀνελόμενοι
359 2058 482 2090 εὐλαὸὡς
496 2058 728 2094 περιστέλλουσιν.
753 2058 821 2087 Εἶτα
837 2062 885 2088 καί
898 2061 971 2088 κόνιν

172 2105 360 2136 ὲπισαλόντες
384 2106 414 2131 ιν
441 2105 516 2139 αὑτῷ
537 2105 576 2140 τῷ
593 2105 669 2140 τόπῳ
683 2105 748 2133 ἔνθα
771 2106 803 2142 δὴ
829 2107 877 2133 καὶ
896 2116 971 2134 τετε-

172 2153 275 2180 λείωτο
287 2151 420 2186 θεοφιλῶς
434 2151 595 2179 θάπτουσιν.
613 2148 658 2183 Εἷς
674 2151 702 2178 δέ
719 2160 762 2184 τις
789 2153 843 2179 τῶν
858 2154 971 2181 οἰκετῶν

171 2198 224 2226 τοῦ
239 2197 318 2231 ἁγίου
331 2197 474 2232 παραστὰς
485 2197 561 2233 αὑτῷ
572 2198 622 2233 τὴν
636 2198 776 2234 μακαρίαν
790 2199 971 2236 ὑφισταμένῳ

1022 265 1067 299 qui
1083 265 1108 290 in
1127 272 1205 291 lllallll
1221 264 1285 291 forti
1304 269 1331 291 et
1348 265 1459 292 brachio
1472 264 1583 292 excelso
1601 263 1692 290 Sehun
1708 270 1733 290 et
1750 262 1789 298 Og
1800 283 1809 296 ,

1022 315 1049 336 et
1062 310 1129 336 alios
1144 309 1368 341 innumerabiles,
1385 310 1464 344 longe
1481 309 1567 344 magis
1579 330 1587 340 ,
1602 316 1683 344 quam
1701 309 1810 343 Lya‘us,

1023 356 1122 383 virtute
1136 355 1260 390 insignes
1272 355 1352 383 facile
1364 357 1397 383 de
1414 356 1504 383 medio
1517 356 1640 387 sustulit,
1654 363 1708 382 non
1723 354 1810 381 solum

1022 402 1155 437 singulos,
1169 402 1214 429 sed
1224 403 1307 430 etiam
1324 410 1419 437 magna
1432 402 1615 429 circumdatos
1627 400 1810 428 multitudine.

1023 447 1075 474 Sed
1092 455 1141 474 cur
1154 454 1209 474 non
1227 447 1289 474 dico
1305 454 1338 474 ea
1350 454 1410 481 quae
1423 451 1488 474 sunt
1505 446 1552 473 illo
1565 445 1623 472 solo
1639 452 1702 473 vere
1717 444 1809 480 digna,

1022 494 1099 528 cujus
1112 502 1180 529 opus
1198 499 1240 522 est
1255 494 1354 522 coelum
1374 498 1401 521 et
1416 498 1500 526 terra,
1519 497 1545 521 et
1559 501 1620 528 quae
1642 498 1705 520 sunt
1726 492 1753 518 in
1771 492 1812 519 eis

1022 539 1134 566 omnia?
1150 538 1208 566 Non
1225 540 1349 567 tulerunt
1365 539 1422 567 haec
1437 547 1533 575 magna
1551 545 1631 566 aures
1646 537 1715 564 viles
1728 537 1813 564 illexi-

1024 586 1118 617 miani.
1136 586 1183 613 sed
1196 586 1374 621 pulchrorum
1391 587 1536 613 verborum
1553 583 1709 612 mercedem
1726 587 1754 610 et
1770 582 1811 609 vi—

1023 633 1115 660 ctoria:
1139 633 1296 668 praemium,
1321 633 1346 660 ei
1367 637 1481 660 mortem
1497 631 1576 659 affert
1592 630 1689 666 gladio.
1716 630 1748 656 Et
1771 629 1811 659 sic

1023 679 1133 713 quidem
1151 678 1248 707 Nestor
1263 679 1372 707 beatum
1389 680 1470 707 finem
1489 682 1602 714 propter
1614 676 1754 704 Christum
1769 679 1812 702 est

1022 729 1187 751 consecutus
1198 732 1204 751 :
1215 729 1242 751 et
1257 732 1307 751 suo
1320 733 1386 752 ense
1401 725 1505 760 plagam
1518 723 1632 758 accepit,
1646 722 1685 750 sic
1699 721 1813 756 iubente

1023 770 1197 802 Maximiano,
1211 770 1281 797 forte
1295 776 1322 797 ut
1334 770 1378 797 ille
1395 778 1504 805 quoque
1517 769 1663 805 martyrico
1679 766 1814 802 sanguine

1023 816 1250 844 sanetilir-aretur.
1274 817 1343 844 Cum
1367 817 1447 851 igitur
1472 816 1642 843 Minulianus
1671 818 1813 850 protector

1024 862 1106 890 c:rdis
1123 862 1220 890 fuisset
1244 862 1416 895 administer,
1440 862 1480 889 sic
1497 863 1595 890 Nestor
1617 861 1813 888 transmittitur

1024 908 1057 935 ad
1073 908 1228 940 Christum.
1245 917 1326 944 quem
1342 908 1447 941 dilexit,
1462 913 1489 936 et
1510 917 1524 935 a
1539 916 1592 942 quo
1609 913 1669 936 erat
1684 911 1815 943 acceptu-

1023 961 1070 981 rus
1084 961 1199 981 coronas
1213 953 1331 990 duplicis
1347 954 1467 981 victoriae
1479 953 1548 990 (15).

1059 999 1099 1026 19.
1118 999 1188 1026 Hinc
1202 999 1313 1027 fraudes
1329 1000 1356 1027 in
1375 999 1543 1027 Demetrium
1558 1006 1663 1032 rursus,
1682 999 1815 1027 crimina-

1022 1045 1113 1073 tiones
1137 1046 1318 1073 intenduntur
1341 1045 1550 1081 prohabiliores,
1568 1046 1641 1080 quod
1658 1046 1715 1081 ipse
1739 1050 1814 1074 esset

1021 1098 1103 1119 causa
1119 1091 1200 1119 caedis
1214 1091 1296 1128 Lyaei.
1307 1091 1442 1120 Continuo
1457 1092 1540 1127 igitur
1560 1092 1742 1119 vehementer
1758 1091 1812 1119 ira-

1023 1141 1067 1164 tus
1080 1137 1272 1171 Maximianus,
1283 1141 1310 1165 et
1320 1138 1400 1165 simul
1412 1142 1561 1173 auguratus
1575 1145 1630 1165 non
1642 1137 1700 1165 fore
1712 1137 1813 1165 bonum

1020 1190 1114 1216 omen,
1128 1183 1150 1211 si
1163 1183 1187 1211 ei
1201 1188 1358 1211 occurreret
1371 1183 1524 1211 Demetrius
1537 1183 1566 1211 in
1581 1183 1698 1211 stadium
1716 1190 1814 1210 ascen-

1020 1228 1107 1261 denti,
1122 1229 1156 1257 ad
1172 1229 1243 1264 quod
1262 1237 1311 1264 per
1333 1229 1471 1257 lavacrum
1497 1233 1556 1258 erat.
1582 1228 1812 1264 aceessus,jubet

1020 1279 1167 1311 martyrem
1185 1276 1300 1303 interfici
1313 1276 1416 1303 lanceis
1434 1275 1460 1303 in
1481 1275 1515 1303 iis
1533 1275 1600 1311 ipsis
1624 1275 1752 1309 caminis,
1776 1275 1807 1302 in

1020 1319 1122 1355 quibus
1136 1320 1354 1350 custodiebatur.
1371 1320 1448 1354 Quod
1466 1321 1496 1348 ﬁt
1512 1322 1604 1349 etiam.
1624 1321 1657 1348 Et
1673 1321 1722 1348 tibi
1747 1321 1811 1356 quia

1020 1366 1095 1399 dem,
1110 1366 1156 1402 qui
1177 1374 1210 1394 ex
1224 1367 1300 1394 omni
1324 1375 1356 1394 ex
1376 1372 1453 1402 parte
1470 1367 1585 1402 pulcher
1610 1371 1638 1394 et
1663 1367 1808 1399 honestus,

1023 1411 1153 1445 Demetri,
1168 1412 1213 1447 qui
1226 1412 1375 1440 Dominum
1388 1412 1534 1448 diligenter
1545 1411 1670 1445 sectaris,
1684 1416 1712 1439 et
1724 1411 1815 1439 omnia

1020 1459 1095 1487 illius
1111 1459 1214 1494 diligis.
1231 1459 1358 1486 similiter
1369 1463 1453 1494 atque
1467 1459 1519 1494 ipsi
1535 1459 1629 1486 lancea
1647 1458 1719 1486 latus
1734 1457 1816 1486 conti-

1022 1505 1105 1540 gitur,
1123 1505 1250 1539 hancque
1266 1505 1375 1532 invenis
1398 1506 1573 1533 occasionem
1596 1509 1623 1532 et
1639 1505 1711 1532 viam
1729 1504 1766 1532 tui
1780 1504 1815 1532 ad

1021 1558 1085 1578 eum
1102 1550 1250 1581 adventus;
1268 1550 1364 1577 beatus
1383 1551 1494 1585 quidem
1513 1555 1625 1586 propter
1638 1550 1733 1582 vitam,
1751 1550 1817 1577 bea-

1022 1595 1075 1623 tior
1095 1599 1185 1623 autem
1202 1600 1313 1631 propter
1325 1596 1468 1624 decessum
1484 1600 1511 1623 et
1525 1603 1652 1630 coronas,
1660 1601 1689 1623 et
1703 1599 1816 1630 propter

1020 1645 1152 1669 aeternam
1174 1647 1249 1669 tuam
1265 1641 1497 1671 cohabitationem
1513 1649 1578 1670 cum
1593 1650 1626 1670 eo
1643 1649 1725 1678 quem
1742 1641 1816 1669 desi-

1022 1686 1137 1715 derabas
1157 1686 1225 1723 (l6).

1056 1733 1101 1761 20.
1121 1733 1185 1761 Haec
1201 1734 1311 1769 quidem
1333 1734 1374 1763 sic
1391 1742 1422 1762 se
1436 1733 1587 1767 habebant,
1601 1738 1630 1762 et.
1648 1733 1724 1761 humi
1737 1732 1814 1768 jace-

1022 1779 1069 1808 bat
1085 1788 1186 1816 corpus
1212 1782 1351 1818 martyris,
1376 1789 1466 1817 neque
1491 1781 1655 1816 aliquandiu
1679 1782 1733 1809 ulla
1753 1782 1814 1817 ejus

1023 1826 1174 1854 habebatur
1191 1827 1271 1856 ratio.
1287 1827 1407 1855 Omnino
1424 1831 1516 1855 autem
1532 1836 1583 1855 nec
1598 1832 1658 1855 erat
1671 1833 1812 1859 sanctum,

1023 1881 1075 1901 nec
1089 1874 1144 1901 Deo
1159 1875 1239 1910 plane
1253 1875 1379 1910 dignum,
1397 1882 1445 1909 pro
1460 1882 1515 1910 quo
1527 1882 1636 1910 passum
1651 1879 1712 1903 erat
1722 1883 1816 1903 sacro-

1023 1924 1151 1948 sanctum
1168 1919 1235 1947 illud
1251 1927 1362 1954 corpus,
1377 1919 1416 1947 sic
1437 1919 1527 1955 ipsum
1552 1920 1702 1955 despicere.
1719 1920 1815 1955 Neque

1023 1973 1088 2002 ergo
1106 1966 1230 2001 despexit
1251 1974 1258 1993 :
1281 1966 1330 1994 sed
1346 1966 1457 2001 quidam
1481 1974 1514 1994 ex
1544 1967 1577 1994 iis
1603 1967 1649 2001 qui
1674 1967 1813 1995 Christum

1024 2014 1161 2045 amabant,
1185 2013 1245 2047 ejus
1272 2013 1416 2046 instinctu,
1443 2017 1524 2040 nocte
1552 2013 1725 2046 accedentes,
1750 2021 1814 2042 cum

1023 2058 1102 2085 valde
1118 2058 1233 2094 turpiter
1242 2058 1338 2093 jacens
1352 2065 1452 2093 corpus
1466 2058 1616 2093 pretiosum
1628 2060 1814 2092 sustulissent,

1025 2105 1050 2133 id
1069 2105 1112 2140 pie
1129 2109 1310 2140 componunt.
1335 2105 1438 2133 Deinde
1455 2105 1537 2132 etiam
1561 2101 1670 2140 injecto.
1689 2106 1814 2141 pulvere,

1025 2151 1053 2178 in
1071 2160 1104 2178 eo
1124 2151 1183 2186 ipso
1202 2152 1274 2183 loco,
1287 2151 1316 2178 in
1334 2159 1389 2187 quo
1403 2151 1490 2178 fuerat
1504 2156 1720 2183 consummatus,
1735 2159 1817 2188 sepe-

1024 2197 1094 2224 liunt
1109 2198 1152 2232 pie
1170 2205 1202 2224 ac
1218 2197 1355 2232 religiose.
1368 2197 1485 2231 Quidam
1502 2203 1592 2225 autem
1615 2206 1650 2225 ex
1666 2198 1758 2226 Sancti
1775 2198 1816 2226 fa-

173 2245 300 2281 σφαγὴν,
319 2245 365 2271 καὶ
379 2244 417 2277 ὡς
429 2242 485 2271 οἷόν
501 2253 530 2271 τε
547 2243 591 2280 ἦν,
604 2244 634 2271 τὸ
649 2244 721 2272 θεῖον
739 2245 828 2272 ἐκεῖνο
842 2243 912 2281 αἷμα
927 2247 968 2278 είς

1022 2243 1114 2275 mulis,
1132 2248 1207 2271 stans
1221 2251 1306 2278 prope
1318 2251 1392 2275 eum.
1409 2243 1519 2278 quando
1534 2244 1641 2271 beatam
1657 2245 1731 2272 illam
1748 2244 1814 2272 sub-

170 2293 205 2320 τὸ
231 2291 304 2327 ἱερόν
328 2290 374 2318 τοῦ
396 2291 535 2326 μάρτυρος
554 2291 719 2326 ἀνελόμενος
737 2291 872 2327 ἑπώμιον,
899 2292 968 2319 ἀλλὰ

172 2338 224 2366 καὶ
241 2336 271 2363 ὃν
286 2337 379 2372 ἐφόρει
396 2336 467 2363 κατὰ
485 2337 563 2372 χεῖρα
578 2336 733 2370 δακτύλιον,
746 2338 792 2364 καὶ
806 2337 887 2364 αὑτὸν
902 2337 966 2364 συλ-

170 2382 269 2410 λαϐὼν
281 2382 329 2409 καὶ.
344 2382 382 2417 τῷ
401 2381 563 2417 μαρτυρικῷ
582 2382 679 2417 αἵματι
707 2383 884 2418 περιχρίσας,
899 2383 966 2410 πολύ

170 2439 200 2457 τι
217 2431 316 2465 χρῆμα
330 2428 480 2464 τεραστίων
494 2428 637 2463 εἰργάζετο
649 2429 682 2455 δι’
697 2428 790 2455 αὐτοῦ.

208 2517 268 2546 κα’.
284 2518 338 2544 Καὶ
350 2516 428 2544 οὐδὲν
444 2515 478 2552 ἦν
499 2517 561 2544 οὔτε
578 2518 632 2544 τῶν
645 2518 819 2553 νοσημάτων,
836 2517 897 2545 οὔτε
913 2517 968 2544 τῶν

170 2565 306 2601 πονηρῶν
323 2565 486 2599 πνευμάτων
510 2564 596 2596 οὕτως
614 2564 736 2600 ἰσχυρὸν,
751 2565 821 2591 ὥστε
837 2566 876 2597 είς
895 2565 967 2591 ἐκείη

211 2680 272 2715 (t5)
288 2680 373 2707 Multa
386 2680 442 2711 hie,
455 2688 488 2707 ex
502 2687 638 2715 anonymo
652 2679 743 2707 Sancti
761 2680 846 2707 nostri
863 2680 972 2715 biogra-

170 2718 231 2752 pho
254 2716 398 2742 maximam
415 2720 519 2752 partem
545 2717 639 2752 hausta
655 2736 667 2752 ,γ
678 2723 692 2741 a
707 2715 970 2752 Metaphrastenar-

171 2750 296 2781 rantur,
319 2758 380 2785 quae
404 2758 418 2777 a
442 2750 572 2777 Demetrii
594 2751 724 2778 Passione
744 2755 797 2776 tum
825 2750 969 2783 Photiana,

171 2792 234 2814 tum
255 2786 431 2814 Anastasiana
447 2785 562 2816 absunt;
580 2793 674 2812 verum
689 2793 720 2812 ea
743 2794 773 2811 av,
797 2785 968 2813 nominatum

170 2822 332 2851 Nestorem.
342 2822 388 2856 qui
398 2821 504 2855 Lyaeum
517 2820 646 2853 singulari
660 2821 808 2847 certamine
820 2821 968 2854 interfecit,

170 2857 307 2884 effectum
323 2855 383 2883 esse
394 2855 496 2883 Christi
513 2862 671 2890 martyrem,
685 2855 854 2890 duplicisque
870 2857 902 2882 ab
918 2857 967 2884 hoc

170 2889 310 2925 victoriae}
341 2891 380 2918 uti
406 2892 452 2920 hic
473 2889 669 2926 Metapltrastes
693 2889 829 2925 loquitur,
855 2899 970 2919 coruinus

1023 2289 1053 2316 iit
1075 2289 1175 2317 caedem
1187 2309 1195 2322 ,
1218 2298 1297 2321 cum,
1314 2295 1344 2317 ut
1358 2291 1458 2325 potuit,
1471 2290 1595 2318 divinum
1614 2291 1690 2318 illum
1703 2291 1816 2327 sangui-

1022 2343 1083 2362 nem
1096 2336 1249 2371 collegisset
1267 2337 1292 2364 in
1307 2345 1386 2364 sacro
1400 2338 1526 2373 marlyris
1540 2338 1771 2372 superhumerall,
1787 2343 1815 2366 et

1021 2389 1103 2416 quem
1120 2389 1201 2409 manu
1223 2383 1356 2417 gestabat,
1373 2384 1502 2411 annulum
1520 2385 1683 2418 accepisset,
1702 2388 1729 2412 et
1744 2393 1814 2412 mar-

1024 2427 1089 2462 tyris
1105 2428 1238 2464 sanguine
1252 2429 1390 2461 tinxisset,
1408 2437 1452 2464 per
1477 2430 1537 2464 ipsa
1559 2430 1678 2458 faciebat
1695 2431 1814 2465 plurima

1023 2473 1167 2501 miracula.

1059 2519 1105 2546 ει.
1122 2519 1216 2555 Neque
1231 2525 1291 2548 erat
1310 2520 1382 2548 ullus
1405 2521 1528 2554 morbus,
1551 2529 1640 2556 neque
1655 2521 1742 2549 malus
1761 2522 1816 2549 dat-

1024 2573 1086 2593 mon
1103 2571 1157 2593 tam
1174 2566 1264 2596 fortis.
1282 2567 1348 2602 quin
1366 2567 1470 2600 statim,
1489 2567 1512 2595 si
1528 2568 1600 2595 illius
1613 2568 1726 2596 fecisset
1744 2568 1817 2604 peri—
1867 2582 1870 2585 λ

1022 2681 1169 2716 accepisse,
1185 2681 1310 2717 exiguam
1332 2682 1479 2709 admodum
1505 2681 1584 2709 ﬁdem
1609 2687 1759 2715 merentur,
1775 2682 1816 2709 uti

1022 2717 1089 2743 satis
1104 2718 1230 2750 probant,
1248 2725 1309 2752 quae
1330 2717 1525 2744 Commentarii
1542 2718 1636 2752 przevii
1652 2717 1666 2753 §
1681 2718 1698 2745 4
1712 2720 1739 2744 in
1759 2725 1816 2745 me-

1021 2752 1096 2779 dium
1115 2752 1226 2779 adduxi.

1041 2760 1096 2779 lllm
1115 2760 1226 2779 auuuxr.

1058 2787 1114 2821 (l6)
1134 2787 1207 2817 llmc.
1222 2794 1282 2821 quae
1294 2786 1327 2813 ad
1344 2786 1510 2814 Demetrium
1525 2786 1570 2814 hic
1589 2786 1628 2819 fit.
1639 2787 1768 2815 allocutio
1781 2788 1816 2815 ab

1022 2822 1081 2857 ipso
1099 2822 1281 2858 Metaphraste
1295 2821 1501 2858 verosimillime
1517 2827 1559 2849 est.
1579 2824 1713 2856 conficta;
1728 2830 1816 2858 neque

1022 2856 1094 2884 enim
1113 2857 1154 2884 vel
1176 2858 1202 2884 in
1226 2864 1372 2892 anonymo.
1384 2856 1430 2891 qui
1447 2857 1575 2892 scriptori
1590 2858 1654 2885 huic
1668 2856 1793 2892 praeluxit
1805 2880 1812 2889 ,

1022 2892 1113 2920 Sancti
1131 2892 1217 2920 nostri
1231 2893 1392 2928 biographo,
1410 2892 1453 2920 vel
1466 2892 1533 2921 alibi
1547 2893 1652 2929 uspiam
1669 2893 1811 2929 reperitur.
