2039 3150
187 182 256 215 1205

711 183 736 214 8,
762 182 954 214 ΒΕΜΕῚἪΙΙ
977 180 1174 211 MAltTYlilS
1196 182 1302 219 ACTA.

1751 181 1819 214 1206

187 241 276 276 πέρας
301 240 335 267 τὰ
366 240 405 275 τῷ
431 239 510 275 θυμῷ
530 239 718 275 μιλετώμενα.
754 237 898 273 Ἀποτυχία
915 237 980 272 γὰρ.

1040 244 1093 270 tua:
1107 238 1200 265 animo
1216 238 1364 266 meditatus
1390 242 1459 270 erat,
1478 238 1510 265 ad
1529 238 1608 265 linem
1627 238 1700 267 haud
1718 240 1819 275 perdu-

187 287 281 322 φησὶν,
294 286 402 322 ἀμύνης
422 285 511 321 λύπην
525 285 618 319 γεννᾷ.

224 382 258 414 γ’.
280 378 326 410 Ὦς
344 378 373 405 δὲ
388 377 436 404 καὶ
452 377 630 412 ἀμφοτέρους
649 377 712 408 τοὺς
729 376 844 412 βρόχους
866 384 978 406 τουτους

186 423 295 459 διέκοψε
313 424 347 459 τῇ
368 423 506 458 πραΰτητι
523 423 571 450 καὶ
585 421 617 459 τῇ
645 422 838 458 φιλανθρωπίᾳ
862 421 908 448 διά
932 421 978 448 τοῦ

187 469 334 505 γινώσκειν
349 469 399 504 τὴν
410 470 565 503 ταύτότητα
581 469 628 495 τοῦ
655 468 717 496 καθ’
741 468 849 500 έαυτδν,
873 467 979 494 καὶτοῦ

187 516 242 543 τῶν
256 515 386 548 ὑπηκόων
414 514 588 550 φυράματος,
619 514 657 549 τῷ
679 515 728 549 τῆς
756 514 873 549 ἀκηδίας
888 512 981 540 λοιπὸν

187 562 260 596 ἕκτῳ
274 561 322 597 τῆς
346 561 447 593 κακίας
472 561 646 596 βλαστήματι
671 559 825 586 καθεστῶτι
853 558 949 586 τοῦτον
968 560 982 585 ὸ

188 608 318 642 ἀλάστωρ
339 606 497 642 συνέτριϐεν
513 607 648 638 Σατανᾶς,
667 606 715 633 καὶ
731 605 868 632 ὑπέϐαλεν
887 605 924 637 ὠς
937 606 982 631 οὐ-

190 655 247 686 δεὶς
261 654 338 680 ἔσται
358 653 414 679 τῶν
438 653 531 679 κόπων
553 652 656 678 τούτων
683 652 790 687 μισθὸς,
808 651 983 687 ὑποσπείρων

189 701 240 736 τὴν
260 699 391 727 ἀπιστίαν
415 699 470 726 τῶν
489 698 537 726 τοῦ
553 699 680 734 Σωτῆρος
707 698 787 733 ἡμῶν
811 698 983 732 ἐπαγγελιῶν

190 748 238 774 καὶ
249 745 318 781 λήθῃ
334 745 386 780 τῆς
396 744 452 771 τῶν
468 744 611 780 ἑπομένων
620 743 764 779 ἀμηρύτου
773 743 852 777 δόξης
866 745 983 778 έπιχων-

190 793 240 824 Vb;
253 793 348 826 ῶσπερ
360 792 408 819 καὶ
423 790 535 819 θάπτων
545 791 591 817 τὸν
609 790 689 817 νοῦνο
711 791 769 826 ἅμα
785 791 813 817 δὲ
825 791 872 817 καὶ
889 790 984 816 ὑπετί-

191 837 255 864 θετο
282 839 339 869 τοῖς
363 838 505 872 λογισμοῖς
531 835 580 863 τοῦ
608 836 721 871 ἀρίστου
744 836 848 863 ἐκείνου
877 836 985 871 ἁνδρὲς,

190 884 230 915 ὡς
247 884 262 910 ό
274 883 328 910 τῶν
340 882 448 919 ἀρετῶν
466 883 591 916 κάματος
608 881 704 913 πολὺς,
723 882 769 908 καὶ
794 881 873 915 ίδρὼς
892 882 983 916 ψυχῆς

192 930 244 956 οὐκ
256 930 358 963 ὀλίγος,
375 929 422 955 καὶ
435 928 531 955 τοῦτον
546 927 626 962 μόνον
643 928 738 962 μισθὸν
752 928 798 953 καὶ
811 927 982 960 ἀνάπαυλαν,

191 976 243 1010 τὴν
260 975 290 1007 ἐξ
303 974 455 1008 ἀνθρώπων
469 974 608 1008 εὐφημίαν
619 981 626 988 ·
652 973 777 1000 ἐντεῦθεν
799 974 887 1000 ἕλκων
903 974 983 1000 αὐτὶν

192 1023 232 1053 εἰς
248 1022 277 1048 τὴ
288 1020 431 1052 σαλπίζειν
445 1020 495 1051 τὰς
512 1019 615 1054 ἀρετὰς
638 1020 734 1051 αὐτοῦ,
759 1021 805 1046 καὶ
818 1021 888 1054 φανῇ
911 1019 937 1045 τί
951 1019 984 1046 ἂν

192 1068 226 1102 τῇ
243 1065 318 1101 παρά
332 1067 388 1097 τοῖς
401 1065 534 1099 ὑπηκόοις
547 1064 664 1101 εὐδοξίᾳ,
690 1066 736 1091 καὶ
753 1066 791 1100 τῷ
804 1066 911 1100 ἑϐδόμῳ
928 1065 984 1092 τῶν

195 1112 289 1139 παθῶν
302 1112 422 1146 δαίμονι,
447 1111 519 1145 λέγω
533 1111 564 1146 δὴ
578 1111 618 1145 τῷ
633 1113 682 1146 τῆς
698 1112 863 1146 κενοδοξίας,
879 1112 983 1139 εὐάλω-

193 1167 239 1186 τον
254 1158 335 1185 αὐτὸν
352 1157 550 1193 μηχανώμενος
563 1158 707 1192 καθιστᾷν.

229 1204 260 1231 δ’.
280 1203 359 1231 Ἐπεὶ
384 1204 412 1230 δὲ
440 1205 474 1239 τῇ
500 1203 548 1229 τοῦ
566 1203 687 1238 Χριστοῦ
706 1203 819 1238 βοηθείᾳ
834 1205 937 1236 ἐκεῖνος
954 1205 985 1231 οὐ

195 1251 250 1278 τῶν
263 1250 393 1285 ὑπηκόων
407 1249 544 1282 τοσοῦτον,
563 1251 625 1277 ὅσον
642 1249 739 1276 ἑαυτοῦ
754 1251 865 1284 κρατῶν
876 1252 987 1277 ἀπεδεί-

194 1305 287 1328 κνυτο,
313 1296 360 1322 καὶ
391 1296 445 1322 τῶν
466 1296 684 1332 ἐπηγγελμένων
705 1296 816 1330 ἀγαθῶν
845 1297 922 1332 παρὰ
939 1297 986 1324 τοῦ

194 1342 263 1369 Θεοῦ
277 1343 333 1373 τοῖς
348 1343 377 1368 ὲν
392 1342 430 1376 τῷ
442 1341 540 1377 κόσμῳ
561 1341 649 1377 τούτῳ
665 1343 897 1377 κακουχουμένοις
909 1343 988 1369 ἑκου-

195 1389 261 1419 σίως
273 1387 318 1414 διὰ
333 1387 434 1419 παντὸς
453 1387 641 1423 μεμνημένος,
657 1388 704 1414 καὶ
720 1387 775 1414 τῶν
791 1388 985 1423 ἡτιειλημένων

194 1433 314 1461 αἰωνίων
334 1433 460 1467 βασάνων
476 1434 532 1464 τοῖς
552 1433 682 1469 ῥᾳθύμως
697 1434 727 1460 ὲν
750 1433 790 1469 τῷ
805 1435 918 1469 παρόντι
936 1435 987 1470 βίῳ

193 1480 400 1515 διαγενομένοις
428 1480 611 1512 ἀδιαλείπτως
634 1479 729 1515 ὥσπερ
757 1480 921 1516 ποιούμενος
937 1482 987 1515 τὴν

196 1527 326 1562 μελέτην,
341 1527 391 1563 τὴν
408 1527 458 1562 μὲν
471 1527 589 1561 ἀκηδίαν
604 1528 637 1562 τῇ
653 1528 776 1562 ὑπομονῇ
787 1527 831 1554 διὰ
852 1527 903 1562 τῆς
920 1536 986 1554 στα-

195 1574 277 1609 θερᾶς
298 1574 417 1605 πίστεως
430 1573 574 1604 ἀπεσόϐει,
585 1573 637 1608 τὴν
648 1573 676 1599 δὲ
691 1573 846 1605 κενοδοξίαν
859 1573 897 1608 τῷ
912 1574 986 1609 φόῦῳ

195 1619 246 1654 τῆς
255 1619 369 1653 γεέννης
382 1619 524 1653 μαραίνων
538 1619 577 1650 είς
593 1618 847 1654 ταπεινοφροσύνην
861 1619 989 1654 μετέτρε-

195 1673 258 1695 ττεν,
277 1664 314 1695 ὡς
329 1663 423 1690 λοιπὸν
438 1663 523 1690 αὑτοῦ
538 1664 601 1695 τοὺς
617 1664 690 1690 ἑπτὰ
708 1664 759 1699 τῆς
776 1664 877 1696 κακίας
902 1664 988 1700 ὑπερ-

195 1711 293 1742 δάντος
304 1710 463 1745 λογισμοὺς,
482 1709 530 1737 καὶ
545 1710 595 1741 τὰς
611 1710 716 1736 τούτων
731 1710 833 1744 πάγας,
850 1710 990 1746 ἀχυρμιᾶς

195 1758 274 1792 δίκην
287 1758 320 1792 τῇ
336 1756 456 1792 Χριστοῦ
474 1756 586 1793 βοηθείᾳ
602 1757 860 1792 καταπατήσαντος,
886 1757 991 1792 τρίζειν

197 1803 257 1830 κατ’
277 1803 361 1831 αὐτοῦ
385 1804 450 1835 τούς
471 1803 583 1836 ὀδόντας
613 1804 658 1831 τὸν
673 1803 873 1839 ἀντικείμενον,
893 1805 940 1831 καὶ
958 1803 991 1839 δὴ

196 1849 247 1884 τὴν
258 1850 302 1876 ἐπ’
326 1850 452 1885 ὀμφαλοῦ
478 1851 609 1886 γαστρὸς,
633 1851 664 1877 τὺ
679 1851 711 1886 δὴ
729 1850 889 1885 λεγόμενον,
907 1859 990 1877 πανο-

198 1897 279 1924 πλίαν
300 1897 385 1924 αὐτοῦ
410 1899 492 1930 κινεῖ,
507 1898 557 1932 τὴν
573 1897 699 1924 ἑλέπολιν
725 1897 780 1923 τῶν
791 1897 941 1932 λογισμῶν,
962 1897 992 1924 τὺ

199 1944 379 1978 πρωτόφυτον
407 1944 458 1978 τῆς
476 1943 577 1975 κακίας
603 1943 760 1978 βλάστημα,
781 1940 803 1977 ᾦ
818 1944 864 1970 καὶ
879 1943 962 1973 αὐτὸς
979 1944 992 1969 ό

197 1989 352 2026 ἀρχέκακος
368 1989 430 2023 όφις
443 1989 495 2024 πρὸ
508 1990 618 2016 πάντων
630 1990 725 2016 ἑαυτὸν
737 1991 770 2025 τῇ
782 1988 837 2016 τῶν
852 1988 992 2025 λογισμῶν

197 2036 348 2072 διαστροφῇ
366 2035 564 2070 περιέπειρεν*
593 2035 634 2062 διδ
647 2036 695 2063 καὶ
720 2036 774 2062 τῶν
788 2036 913 2072 οὐρανῶν
927 2045 992 2063 κατ-

199 2084 298 2108 έπεσεν
313 2083 353 2114 εἰς
369 2083 422 2116 γῆν
438 2082 538 2117 ῥιφείς.

236 2127 267 2154 ε’.
281 2128 314 2155 Τί
335 2128 363 2155 δὲ
375 2128 455 2155 τοῦτό
470 2129 564 2162 έστινς
591 2128 622 2156 Ἦ
644 2128 672 2155 δὲ
690 2129 907 2165 ὑπερηφανείας,
923 2130 992 2163 ἀγα-

201 2174 294 2207 πητοὶ,
308 2173 437 2206 δυσίατος
456 2174 591 2210 σηπεδὼν,
603 2176 620 2210 ἡ
637 2175 744 2211 κορυφὴ
757 2176 804 2202 καὶ
818 2176 933 2211 κορωνὶς
944 2176 994 2211 τῆς

201 2218 340 2254 κακίας,ή
357 2218 455 2255 πρώτη
478 2220 528 2255 τῆς
549 2220 664 2256 λογικῆς
689 2222 795 2254 οὐσίας,
827 2222 874 2248 καὶ
890 2222 992 2257 ἐσχάτη

1028 289 1168 311 cerentur.
1198 284 1262 319 Spei
1293 286 1365 312 enim
1391 285 1542 317 frustratio,
1557 284 1677 319 dicebat,
1707 286 1819 315 ultionis

1029 327 1151 355 dolorem
1174 333 1298 362 generat.

1065 374 1092 400 5.
1114 372 1150 401 Ut
1161 378 1253 401 autem
1269 374 1353 402 etiam
1369 374 1438 403 duos
1468 376 1551 403 hosce
1565 377 1676 412 laqueos
1693 386 1820 405 mansue-

1031 421 1136 452 tudine.
1153 426 1268 455 ortaque
1285 429 1317 449 ex
1330 429 1375 453 eo.
1388 422 1461 457 quod
1476 427 1503 450 el.
1516 423 1558 450 sui
1574 424 1662 458 ipsius
1683 430 1710 452 et
1724 431 1819 452 eorum

1031 469 1077 504 qui
1093 468 1118 496 ei
1137 468 1278 500 suberant.
1300 469 1372 497 idem
1388 476 1450 497 esse.
1465 469 1627 504 figmentum
1642 477 1746 504 nosset,
1767 472 1821 499 hu-

1033 514 1167 542 manitate
1194 514 1356 548 disciderat,
1383 515 1493 543 tandem
1517 515 1593 542 illum
1623 516 1728 550 acedia,
1746 523 1822 546 sexto

1033 561 1144 589 malitias
1179 561 1316 596 germine.
1352 561 1488 590 scelestus
1527 561 1633 594 amixlt,
1665 563 1823 598 nullamque

1033 606 1157 633 laborum
1188 606 1298 634 illorum
1327 607 1449 634 futuram
1477 607 1633 635 mercedem
1674 611 1820 644 suggessit,

1034 652 1247 687 promissionum
1262 652 1416 680 Servatoris
1427 653 1514 681 nostri
1529 654 1706 681 difﬁdentiam
1717 656 1825 684 occulte

1035 699 1185 732 seminans,
1203 704 1380 734 mentemque
1398 705 1538 735 perpetuae
1562 699 1718 728 futurorum
1735 702 1825 736 gloria:

1035 744 1174 772 oblivione
1185 745 1307 773 obruens
1320 753 1353 772 ac
1369 746 1444 772 velut
1461 746 1609 781 sepeliens.
1622 746 1709 774 Simul
1735 753 1825 776 autem

1037 797 1062 818 et
1096 791 1146 818 viri
1178 791 1253 818 illius
1279 791 1376 826 optimi
1404 791 1622 827 cogitationibus
1648 794 1827 829 subjiciebat,

1038 838 1154 865 multum
1169 838 1271 873 requiri
1289 839 1322 866 ad
1352 839 1470 866 virtutes
1487 840 1587 866 animae.
1611 839 1732 867 laborem
1746 841 1828 869 sudo-

1041 891 1152 918 remque
1166 884 1236 911 ltaud
1256 884 1409 913 modicum,
1428 889 1510 919 atque
1530 884 1605 912 hunc
1621 885 1710 913 solum
1738 886 1829 914 homl-

1040 939 1160 966 numque
1184 939 1217 958 ex
1235 931 1306 959 fama
1331 932 1452 966 quietem
1484 940 1547 960 esse
1563 934 1738 967 mercedem;
1762 933 1828 962 hinc

1039 983 1101 1003 sese
1115 976 1148 1003 ad
1167 977 1227 1011 ejus
1241 977 1428 1004 decantandas
1442 977 1558 1006 virtutes
1572 984 1738 1007 convertens
1750 979 1829 1008 bona

1038 1022 1114 1049 illutn
1142 1023 1214 1057 apud
1230 1030 1277 1050 eos
1297 1024 1343 1058 qui
1353 1024 1376 1050 ei
1391 1024 1536 1058 parebant.
1549 1025 1670 1052 nominis
1688 1026 1831 1054 existima—

1038 1070 1106 1096 tioni
1133 1070 1306 1104 septimoque
1333 1070 1481 1098 aﬂectuum
1498 1071 1627 1105 dremoni,
1646 1072 1708 1100 dico
1724 1077 1828 1106 autem,

1041 1123 1117 1143 vanu:
1133 1116 1236 1152 gloriae,
1258 1116 1338 1144 facile
1351 1122 1510 1152 expugnato
1526 1117 1635 1145 eﬂicere
1651 1123 1693 1146 est
1706 1118 1829 1146 molitus.

1076 1207 1102 1234 Δ.
1128 1205 1196 1233 Cum
1221 1210 1311 1232 autem
1334 1206 1379 1233 ille
1399 1205 1502 1233 Christi
1529 1205 1641 1238 auxilio,
1658 1213 1713 1232 non
1732 1209 1785 1233 tam
1796 1206 1831 1233 iis

1042 1253 1088 1288 qui
1103 1252 1127 1280 ei
1144 1252 1287 1284 suberant,
1306 1259 1387 1287 quam
1414 1252 1465 1279 sibi
1479 1251 1541 1286 ipsi,
1571 1251 1706 1286 imperare
1725 1251 1832 1279 videre-

1042 1304 1097 1332 tur,
1114 1298 1370 1334 promissorumque
1388 1305 1403 1324 ιι
1422 1297 1478 1325 Deo
1500 1297 1534 1324 iis
1556 1297 1602 1332 qui
1616 1297 1644 1324 in
1663 1297 1714 1324 hoc
1729 1296 1833 1324 mundo

1042 1344 1322 1379 :erumnaspatienter
1333 1343 1437 1376 ferunt,
1449 1343 1584 1370 bonorum
1597 1342 1706 1370 assidue
1717 1348 1831 1374 memor,

1042 1398 1094 1418 nec
1116 1398 1173 1417 non
1197 1394 1377 1422 aeternorum,
1396 1396 1457 1423 quae
1474 1388 1642 1416 desidiosam
1670 1387 1756 1415 vitam
1786 1387 1832 1414 hic

1043 1437 1209 1465 ducentibus
1225 1435 1297 1464 Deus
1310 1435 1443 1468 minatur,
1457 1435 1657 1471 suppliciorum
1674 1433 1832 1461 meditatio-

1042 1492 1106 1511 nem
1122 1484 1227 1518 absque
1255 1483 1464 1510 intermissione
1486 1481 1689 1517 quodammodo
1716 1480 1832 1512 faciens,

1041 1530 1164 1559 acediam
1181 1529 1290 1564 quidem
1308 1529 1457 1556 tolerantia
1474 1536 1523 1563 per
1538 1528 1618 1555 ﬁdem
1638 1527 1744 1555 ﬁrmam
1768 1527 1835 1554 abe-

1002 1587 1022 1614 ς
1041 1576 1091 1610 git,
1116 1582 1213 1601 vanam
1239 1577 1332 1601 autem
1348 1573 1463 1608 gloriam
1489 1573 1623 1608 gehennae
1642 1574 1740 1599 timore
1759 1572 1834 1599 subi-

1042 1628 1109 1656 gens
1123 1628 1182 1648 eam
1201 1620 1228 1647 in
1243 1619 1429 1647 humilitatem
1442 1619 1589 1651 convertit,
1605 1619 1642 1646 ita
1658 1623 1688 1646 ut
1709 1618 1831 1650 tandem,

1042 1671 1146 1701 septem
1179 1665 1289 1692 malitia
1327 1665 1401 1691 illius
1431 1664 1569 1699 superatis
1594 1663 1831 1698 suggestionibus,

1044 1714 1196 1747 harumque
1212 1711 1359 1747 decipulis,
1378 1711 1519 1746 palearum
1545 1709 1636 1738 acervi
1663 1709 1689 1736 in
1709 1709 1831 1741 modum,

1042 1758 1145 1786 Christi
1174 1766 1226 1793 ope
1252 1757 1432 1788 conculcatis.
1459 1755 1592 1784 dentibus
1619 1759 1715 1783 contra
1741 1754 1832 1790 ipsum

1043 1805 1172 1832 inimicus
1183 1803 1323 1837 strideret,
1340 1811 1474 1838 suamque
1498 1810 1514 1830 a
1527 1802 1632 1829 ventris
1645 1801 1785 1833 umbilico,
1804 1804 1832 1827 ut

1042 1851 1129 1882 aiunt,
1143 1855 1320 1884 armaturam,
1328 1850 1427 1878 animis
1437 1848 1625 1885 expugnandis
1636 1846 1834 1875 validissimum

1045 1901 1222 1929 tormentum,
1239 1896 1351 1924 malitiae
1368 1895 1583 1931 primogenitum
1601 1901 1726 1929 germen,
1740 1899 1794 1927 quo
1806 1897 1834 1919 et

1044 1943 1103 1978 ipse
1119 1943 1254 1970 malorum
1269 1945 1334 1969 ante
1350 1947 1447 1968 omnes
1463 1944 1560 1968 auctor
1582 1946 1697 1973 serpens
1709 1938 1834 1972 seipsum

1045 1996 1190 2025 pravarum
1205 1987 1405 2022 cogitationum
1420 1985 1586 2013 distortione
1601 1984 1751 2017 transﬁxit,
1770 1991 1833 2019 pro.

1045 2041 1105 2071 pter
1117 2035 1188 2071 quod
1200 2039 1228 2062 et
1243 2033 1320 2061 coelis
1335 2033 1447 2065 excidit,
1463 2032 1490 2059 in
1507 2035 1609 2060 terram
1624 2031 1778 2065 coniectus.

1080 2126 1106 2153 5.
1120 2123 1191 2158 Quid
1205 2127 1296 2151 autem
1312 2123 1339 2150 id
1350 2123 1412 2149 est?
1425 2122 1576 2156 Superbiae,
1593 2121 1698 2153 dilecti,
1723 2121 1832 2148 incura-

1046 2172 1108 2199 bilis
1121 2170 1250 2206 putredo,
1265 2174 1349 2204 caput
1368 2174 1393 2197 et
1404 2176 1506 2197 corona
1520 2167 1642 2200 malitiae,
1657 2167 1764 2202 primus
1791 2175 1833 2196 ra-

1046 2218 1155 2246 tionalis
1167 2217 1329 2246 substantia:
1348 2220 1376 2244 et
1404 2222 1553 2250 supremus
1570 2215 1702 2242 morbus:
1729 2214 1834 2250 primus

199 2265 277 2296 νόσος
288 2272 296 2280 ·
314 2265 411 2301 πρώτη
425 2267 475 2300 μὲν
487 2267 531 2293 διὰ
547 2266 578 2293 τδ
588 2267 677 2303 ταύτῃ
692 2267 812 2303 πρῶτον,
822 2267 859 2299 ὡς
872 2268 988 2303 εἴρηται,

1043 2265 1166 2300 quidem,
1177 2264 1240 2299 quia
1257 2263 1373 2298 primum
1388 2270 1431 2293 eo.
1446 2267 1477 2289 ut
1499 2261 1585 2291 aiunt.
1603 2260 1722 2289 Satanas
1734 2261 1834 2288 volun-

202 2311 390 2346 περιτιαρῆναι
407 2311 454 2337 τὸν
466 2312 590 2338 Σατανᾶν
603 2313 695 2338 ἑκοντί
706 2320 714 2328 ·
731 2312 831 2348 ἐσχάτη
848 2312 876 2338 δὲ
905 2313 949 2339 διὰ
963 2313 994 2339 τὸ

205 2358 288 2392 μηδὲν
305 2358 392 2390 πάθος
409 2359 593 2395 ὐπερνικῆσαι
609 2359 713 2394 ταύτην
723 2359 762 2395 τῷ
774 2359 853 2394 κακῷ
867 2368 874 2375 ”
891 2360 994 2395 ταύτην

203 2405 375 2440 ἐγείρειτοῖς
390 2405 532 2439 λογισμοῖς
557 2405 605 2432 τοῦ
626 2405 723 2440 ἀνδρὸς
741 2405 902 2433 τελευταίαν
925 2414 994 2441 συμ-

202 2450 316 2486 πλοκὴν,
337 2451 386 2478 καὶ
402 2451 660 2485 δυσκαταγώνιστον
672 2453 685 2479 ὁ
707 2453 757 2487 τῆς
775 2453 868 2486 κοινῆς
886 2452 994 2486 φύσεως

200 2496 255 2523 τῶν
285 2496 438 2530 ἀνθρώπων
465 2497 562 2532 ἐχθρὸς
589 2497 767 2533 ὑποσπείρων
797 2498 872 2532 αὐτῴ
886 2498 993 2525 τοιάσδε

200 2541 277 2572 τινὰς
298 2541 427 2572 ὑπονοίας
439 2549 446 2556 ⁸
471 2541 548 2573 Ἰδοὺ,
559 2544 638 2577 φησὶ,
654 2543 835 2578 κατηγωνίσω
845 2545 877 2578 τῇ
893 2545 994 2578 ἐγκρα-

200 2586 262 2622 τείᾳ
285 2595 333 2613 σου
350 2586 399 2613 καὶ
409 2589 442 2621 τῇ
459 2588 567 2614 συνέσει
581 2589 616 2615 τὰ
629 2589 702 2623 πάθη
718 2590 766 2624 τῆς
786 2589 876 2624 ψυχῆς
890 2589 993 2616 καὶτοῦ

200 2633 343 2668 σώματος,
351 2633 391 2669 τῷ
403 2634 550 2669 λογιστικῷ
563 2635 647 2670 αὐτῆς
665 2636 744 2670 μέρει
758 2636 846 2670 σοφῶς
857 2637 904 2663 καὶ
919 2645 995 2663 νουν-

201 2679 323 2714 εχῶς-,τὰ
343 2680 391 2706 τοῦ
410 2681 497 2715 θυμοῦ
515 2682 561 2708 καὶ
576 2681 627 2716 τῆς
643 2682 793 2717 ἐπιθυμίας
811 2683 898 2717 αὐτῆς
921 2684 994 2718 ἠνιο-

201 2726 288 2760 χήσας
304 2726 482 2762 φρυάγματα,
513 2728 558 2754 καὶ
573 2728 622 2759 τὰς
640 2727 693 2754 τῶν
707 2728 837 2755 ἁπάντων
859 2729 995 2764 δαιμόνων

204 2773 327 2807 μηχανὰς
341 2773 381 2802 είς
398 2772 467 2807 ἀέρα
479 2773 603 2805 διέλυσας
616 2780 623 2787 ⁶
638 2775 712 2809 παρὰ
727 2775 773 2800 σοῦ
787 2775 802 2809 ἡ
821 2783 995 2810 γαστριμαρ-

201 2816 249 2850 γία
267 2818 440 2851 δεδούλωται,
456 2820 486 2845 τὸ
497 2821 546 2855 τῆς
562 2821 664 2855 eam;
678 2822 802 2855 ἀκρατὲς
824 2821 872 2856 τῆς
888 2823 994 2856 φιληδο-

203 2863 262 2895 νίας
275 2864 359 2897 πάθος
375 2866 538 2902 πεπέδηται,
564 2867 580 2902 ἡ
596 2867 767 2903 φιλαργυρία
797 2868 966 2904 πεπάτηται,
981 2870 995 2896 ὁ

199 2909 290 2949 ⁵θυμὸς
311 2912 362 2939 ὑπὸ
388 2913 437 2948 τῆς
458 2914 613 2950 πραότητος
631 2914 781 2950 κατεπόθη,
805 2915 820 2949 ὴ
853 2914 924 2950 λύπη
939 2915 994 2943 τῶν

1047 2311 1114 2338 tarie
1136 2310 1188 2337 fuit
1215 2309 1359 2340 conﬁxus;
1386 2314 1533 2342 supremus
1554 2313 1632 2337 vero.
1658 2305 1723 2340 quia
1755 2305 1832 2332 nulla

1045 2365 1107 2385 eum
1121 2357 1211 2392 passio
1231 2355 1334 2383 malitia
1346 2354 1448 2386 vincit;
1465 2359 1630 2388 postremam
1654 2352 1725 2379 hanc
1740 2350 1834 2379 difﬁci-

1045 2404 1153 2438 lemque
1165 2410 1282 2438 pugnam
1293 2400 1516 2437 suggestionibus
1528 2399 1585 2427 suis
1599 2399 1731 2426 adversus
1746 2397 1833 2425 virum

1045 2450 1151 2478 excitat
1164 2448 1319 2476 communis
1333 2447 1476 2474 hominum
1494 2451 1602 2473 natura
1628 2445 1725 2477 hostis,
1739 2443 1836 2478 hujus-

1047 2496 1121 2524 modi
1137 2496 1162 2523 ei
1180 2495 1361 2530 cogitationes
1392 2493 1499 2520 occulte
1515 2492 1638 2520 inferens
1653 2501 1660 2518 :
1676 2490 1758 2523 Ecce,
1784 2490 1832 2522 ait,

1046 2542 1216 2571 continentia
1229 2546 1274 2568 tua
1287 2539 1488 2575 prudentiaque
1501 2538 1599 2565 animat
1613 2545 1710 2565 omnes
1737 2544 1834 2572 corpo-

1046 2590 1140 2625 risque
1154 2588 1270 2616 aﬂectus
1281 2587 1428 2622 superasti,
1444 2586 1572 2613 rationali
1583 2585 1657 2613 illius
1670 2589 1747 2620 parte
1765 2586 1836 2612 scite

1046 2645 1078 2664 ac
1106 2635 1258 2671 prudenter
1283 2634 1379 2665 animi,
1393 2633 1595 2668 ipsiusquemet
1619 2631 1739 2659 libidinis
1752 2637 1834 2659 astus

1046 2682 1204 2715 refrenasti,
1224 2681 1401 2715 omniumque
1429 2680 1585 2707 daemonum
1609 2683 1684 2706 astus
1712 2679 1740 2705 in
1768 2685 1832 2706 aera

1048 2729 1124 2756 abire
1144 2728 1255 2759 fecisti;
1272 2736 1286 2755 a
1309 2732 1335 2755 te
1353 2727 1487 2763 ingluvies
1501 2727 1527 2754 in
1549 2726 1710 2754 servitutem
1725 2725 1833 2754 redac=a

1047 2781 1099 2807 est,
1110 2774 1203 2802 carnis
1219 2774 1427 2805 incontinentis,
1441 2773 1544 2800 amoris
1557 2772 1727 2808 voluptatum
1743 2773 1833 2807 passio

1047 2822 1160 2848 subacta
1190 2825 1242 2853 est,
1276 2819 1391 2847 avaritia
1419 2819 1580 2847 conculcata
1612 2824 1662 2851 cst.
1691 2819 1831 2847 iracundia

1046 2867 1259 2895 mansuetudine
1286 2867 1413 2902 absorpta
1445 2870 1499 2898 est,
1531 2865 1644 2893 tristitia
1686 2866 1720 2894 de
1751 2866 1832 2893 rebus

1047 2914 1197 2943 mundanis
1231 2922 1279 2950 spe
1308 2912 1578 2950 incorruptibilitatis
1605 2911 1744 2942 confracta
1779 2916 1828 2943 est.
