2039 3150
166 193 235 225 129

677 193 706 223 S.
731 190 923 222 DEMETHII
946 189 1146 220 MARTYRIS
1165 189 1270 220 ACTA.

1718 187 1785 221 1210

165 248 211 276 τὸν
223 247 396 284 άπελπισμδν
412 246 564 275 ὑπέϐαλλον
582 249 615 284 τῇ
629 248 714 282 ψυχῇ,
728 247 765 278 ὡς
776 247 807 273 ὲκ
820 247 869 281 τῆς
883 246 946 272 ἀθυ-

1003 245 1120 277 ciebant.
1138 246 1207 273 adeo
1219 250 1249 273 ut
1260 254 1294 274 ex
1309 246 1392 273 animi
1420 246 1573 282 dejectione
1596 246 1679 282 duplo
1696 248 1786 282 majus

166 294 230 330 μίας
241 294 409 326 διαπλασίως
425 294 573 329 τρέφεσθαι
589 293 619 320 τὸ
629 293 724 324 κακὸν,
737 292 798 319 οὔτε
813 292 841 319 δὲ
859 292 949 326 πάσης

164 340 338 375 ἀνθρωπίνης
354 340 481 376 βοηθείας
501 341 639 368 ἀπεῖπενὸ
655 340 735 375 ἀνὴρ,
747 340 796 367 καὶ
810 339 904 366 λοιπὸν
916 339 951 366 τὰ

164 386 230 421 περὶ
249 386 295 413 τὸν
313 387 428 414 θάνατον
445 387 541 414 τούτου
564 387 729 423 ηὑτρέπιζον
745 386 770 413 οι
796 386 950 421 προσήκον-

163 442 220 464 τες.

200 480 234 507 θ’.
262 479 328 507 Τότε
353 489 396 512 τις
420 480 475 507 τῶν
501 479 686 515 σὺνουστέρων
711 477 785 513 αὐτῷ
801 477 951 504 δοκούντων

163 525 299 560 ὑπάρχειν
328 526 394 560 πρὸς
414 525 444 552 τὸ
469 525 515 556 οὓς
544 526 637 559 ἠρέμα
662 524 746 559 ἔφησε
782 522 950 558 προσελθὼν,

164 572 244 598 Ἐστι
261 580 303 602 τις
315 571 392 606 ἀνὴρ,
407 571 434 602 8;
452 572 549 606 εἴρηκέ
565 579 611 605 μοι
624 570 756 597 δύνασθαί
770 578 810 601 σε,
820 566 842 596 ὦ
856 570 952 596 δέσπο-

161 627 207 650 τα,
224 618 287 652 ὑγιῆ
304 618 446 653 καθιστᾷν.
462 618 486 644 εί
502 617 629 652 θελήσεις
646 617 696 652 τὴν
720 616 952 652 ἔγγεγραμμένην

164 663 338 698 μεμϐράναν,
364 664 398 698 ἣν
423 663 514 690 δίδωσί
543 671 594 694 σοι,
622 663 730 698 ἀφάψαι
746 663 817 689 κατὰ
831 662 878 688 τοῦ
905 661 952 688 σοῦ

161 709 311 744 τραχήλου,
344 709 391 734 καὶ
416 710 519 744 φορεῖν.
547 709 576 735 '0
593 708 621 735 δέ
649 708 784 743 μακάριος
812 707 952 741 Μαριανδς

162 755 331 790 ἀπεκρίνατο
344 763 351 770 ·
372 755 426 781 Καὶ
439 755 466 781 τί
481 756 566 786 ἐστιν,
581 755 595 781 ὃ
614 763 697 789 φησιν
713 754 902 788 ἐγγεγράφθαι
917 753 951 788 τῇ

164 801 311 835 μεμὸράυῃ
325 809 332 832 ;
348 798 414 826 Eine
430 800 457 826 δὲ
471 801 485 826 ὁ
498 801 563 831 παῖς
583 808 591 816 ο
612 799 816 834 Ἐρωτὴσαντός
837 808 888 834 μου
905 807 950 832 μισ

163 846 228 879 κρόν
246 854 271 871 τι
282 845 495 879 περιεργότερον
510 845 554 871 διὰ
574 844 622 879 τὴν
642 844 746 877 ἄφατόν
763 853 814 879 μου
834 844 899 877 περὶ
911 843 950 874 σὲ,

162 889 185 918 ὦ
199 892 326 922 δέσποτα,
354 891 485 925 φροντίδα
499 911 506 922 ,
527 890 587 916 οὐδὲ
611 890 690 916 τοῦτό
711 898 743 924 με
760 889 950 925 ἀπεκρύψατο,

163 937 223 963 ἀλλ’
242 937 294 971 ἔφη
321 936 397 966 τινὰς
425 937 559 970 γραμμὰς
584 936 674 962 ἐκεῖσε
698 935 870 970 διαγράφειν,
903 935 952 961 καὶ

163 983 355 1016 ἀστερίσκους.
372 981 419 1008 καὶ
435 981 599 1016 ἡμικύκλια,
629 981 677 1008 καί
703 989 763 1007 τινα
790 981 872 1015 ἕτερα
887 982 953 1016 σχή-

165 1036 240 1062 ματα
257 1028 421 1062 γράμμασιν
442 1027 610 1062 Ἑϐραϊκοῖς,
632 1027 679 1053 καὶ
698 1026 832 1062 ὀνόμασιν
857 1027 948 1060 ἀγνώ-

163 1080 236 1098 στων
256 1073 313 1103 τοῖς
343 1071 462 1104 πολλοῖς,
480 1072 581 1098 έσωθέν
600 1081 629 1098 τε
652 1072 699 1098 καὶ
724 1072 826 1104 ἔξωθεν
842 1081 953 1107 περιγε-

161 1116 324 1151 γραμμένα.
342 1117 374 1142 Τί
386 1117 441 1150 γὰρ
456 1117 536 1151 χρεία
553 1116 600 1142 καὶ
614 1116 662 1143 τοῦ
687 1117 786 1150 μαθεῖν
801 1117 855 1143 τῶν
871 1118 952 1151 ἐγγε-

161 1162 332 1197 γραμμένων
347 1162 396 1197 τὴν
412 1163 528 1197 δύναμιν
550 1163 597 1189 καὶ
613 1163 647 1189 τὰ
662 1163 800 1198 σχήματα,
817 1161 863 1194 Εἷς
886 1164 953 1198 ἡμῖν

162 1211 220 1241 τοῖς
235 1209 340 1240 δούλοις
368 1218 414 1235 σου
437 1210 520 1236 πᾶσιν
547 1209 659 1240 σκοπὸς,
687 1211 718 1236 τό
744 1218 776 1235 σε
791 1209 841 1244 τῆς
857 1210 952 1243 ὑγείας

161 1256 266 1290 τυχεῖν,
286 1256 334 1282 καὶ
349 1257 386 1291 μὴ
404 1256 508 1287 πάντας
523 1256 608 1289 ἡμᾶς,
622 1256 694 1290 τάχα
715 1255 744 1281 δὲ
758 1255 804 1281 καὶ
820 1255 869 1290 τὴν
888 1255 952 1290 ὃλην

164 1303 245 1329 ⁴πόλιν
272 1302 317 1329 διὰ
331 1302 379 1337 τῆς
395 1302 444 1336 σῆς
460 1302 618 1337 στερήσεως
639 1301 745 1333 ζῶντας
766 1302 804 1333 εἰς
821 1301 884 1337 ᾇδου
898 1310 954 1337 χω-

161 1348 273 1384 σθῆναι.

202 1398 231 1422 ι’.
246 1394 317 1421 Λάεε
335 1391 393 1426 οὖν,
412 1391 434 1421 ὦ
457 1394 588 1428 δέσποτα,
602 1394 632 1420 τὸ
657 1393 744 1429 βραχὺ
763 1393 843 1420 τοῦτο
864 1394 953 1429 δέρμα

162 1442 209 1469 καὶ
238 1442 362 1476 φόρεσον,
391 1441 437 1467 καὶ
452 1440 598 1475 ὑγιάσθητι
621 1440 703 1471 αὐτὸς
714 1461 721 1473 ,
739 1441 785 1467 καὶ
798 1441 863 1472 τοὺς
877 1441 952 1476 παρὰ

165 1488 212 1514 σοῦ
230 1488 334 1518 πάντας
346 1487 395 1521 τῆς
415 1486 578 1521 φθοροποιοῦ
598 1486 697 1521 λύπης,
715 1487 825 1520 καὶτῆς
841 1488 904 1522 περὶ
923 1488 951 1513 σὲ

161 1532 260 1567 ὀδύνης
271 1532 435 1564 ἀπάλλαξον.
455 1529 523 1558 Eine
536 1531 564 1557 δὲ
576 1532 644 1566 πρὸς
660 1531 742 1557 αὐτὴν
763 1531 777 1556 ὁ
793 1531 887 1562 πιστὸς
900 1528 950 1558 ’δν-

160 1579 283 1610 τως,κα“ι
295 1578 365 1604 κατὰ
382 1577 449 1603 Θεὸν
463 1576 632 1609 ἐνδοξότατος
651 1576 772 1611 ὕπαρχος
781 1576 873 1606 ἀτενὲς
896 1577 924 1602 ἐν
938 1590 950 1597 -

161 1624 242 1651 ιδών·
260 1624 370 1659 Πρῶτον
387 1622 448 1656 μὲν,
459 1619 481 1648 ὦ
499 1622 649 1656 σαθρότατε
663 1621 797 1656 σύμϐουλε
807 1625 853 1648 καὶ
870 1622 953 1656 ψυχο-

160 1669 273 1701 6λα6ὲς,
288 1669 370 1695 πόθεν
389 1677 434 1702 μοι
447 1668 526 1702 δῆλον
540 1667 576 1698 ὼς
593 1666 728 1702 φεύξομαι
740 1666 790 1702 τὴν
809 1667 886 1692 νόσον
903 1675 952 1701 φο-

161 1715 247 1750 ρέσας
261 1714 310 1749 τὴν
331 1714 506 1749 μεμϐράναν,
534 1713 635 1747 μᾶλλον
648 1713 675 1739 δὲ
693 1713 751 1744 πῶς
764 1713 794 1738 οὺ
819 1712 952 1748 πρόδηλον

163 1762 250 1798 μηδὲν
264 1760 367 1794 ἀγαθὸν
382 1761 411 1786 ἐν
421 1759 489 1794 αὐτῇ
499 1758 711 1794 διαγεγρὰφθαι,
722 1758 770 1785 τοῦ
781 1759 952 1794 γεγραφότος

164 1809 201 1843 μὴ
218 1806 379 1842 βουλομένου
393 1805 442 1841 τὴν
462 1805 516 1832 τῶν
533 1804 737 1840 γεγραμμένων
759 1804 873 1840 δύναμιν
900 1813 952 1838 φα-

162 1853 296 1890 νερῶσαι;
313 1853 371 1879 Πᾶν
389 1852 442 1888 γὰρ
455 1852 485 1878 τὸ
499 1851 703 1886 φανερούμενον
716 1851 787 1878 κατὰ
799 1851 844 1877 τὸν
870 1851 952 1877 Ἀπό-

162 1901 257 1925 στολον
284 1898 342 1933 φῶς
359 1899 445 1924 ἔστιν.
469 1897 502 1924 Et
521 1897 550 1923 δὲ
565 1896 613 1924 καὶ
632 1897 763 1931 ὑποτίθης
780 1905 825 1932 μοι
843 1896 953 1928 πάντως

162 1944 296 1978 ὑγιαίνειν
312 1944 381 1979 μετὰ
405 1943 455 1977 τῆς
471 1943 648 1978 περιεργείας
667 1943 775 1977 ἐκείνης
797 1943 952 1977 φορέσαντα

162 1991 327 2025 γράμματα,
344 1989 375 2014 οὐ
390 1987 522 2022 βούλομαι
543 1987 572 2014 τὸ
597 1988 676 2022 σῶμα
695 1987 843 2022 ῥωσθῆναι,
860 1987 910 2022 τὴν
923 1987 951 2014 δὲ

161 2037 253 2072 ψυχήν
266 2045 317 2071 μου
333 2034 515 2070 ζημιωθῆναι,
532 2033 593 2060 οὐδὲ
608 2035 632 2059 ει
644 2034 689 2060 τὴν
702 2033 803 2067 κόπμον
818 2033 878 2059 ὅλον
889 2041 954 2068 κερ-

161 2083 242 2118 δῆσαι
260 2092 305 2118 μοι
319 2082 476 2117 προῠκειτο.
489 2081 596 2113 ’Δπαγε
608 2078 665 2112 οὖν,
681 2080 728 2105 καὶ
742 2079 879 2111 τοιούτους
890 2080 952 2115 ἐμοὶ

161 2129 260 2163 λόγους
274 2129 372 2163 μηκέτι
390 2126 540 2162 προσάξῃς.
553 2126 636 2159 Λέγει
650 2124 679 2151 δὲ
695 2125 709 2151 ὁ
719 2126 782 2156 παῖς
795 2133 802 2140 ·
820 2125 951 2160 Ἔκρινας

163 2174 220 2208 οὖν,
234 2174 257 2203 ὢ
273 2176 401 2210 τρόφιμε,
419 2174 518 2201 σαυτὸν
535 2173 688 2207 ἀπαλλάξαι
705 2172 752 2200 τοῦ
768 2171 830 2207 ζῇν,
845 2171 888 2198 ἵνα
905 2172 953 2199 καὶ

163 2223 178 2255 ι,
184 2223 238 2256 μᾶς
253 2221 307 2257 πρὸ
324 2221 370 2247 σοῦ
383 2220 558 2255 θανατώσῃςς

1003 290 1080 317 ﬁeret
1097 291 1212 323 malum;
1226 298 1277 318 nec
1294 291 1376 318 ullam
1406 291 1432 318 in
1446 292 1518 319 omni
1535 292 1656 319 humano
1684 292 1786 320 auxilio

1002 343 1077 370 spem
1093 337 1135 363 vir
1152 337 1276 369 haberet,
1289 337 1372 371 iique,
1389 338 1433 372 qui
1447 339 1471 364 ei
1484 338 1632 365 familiares
1651 342 1740 372 erant,
1751 338 1785 365 ad

1002 387 1118 410 mortem
1133 383 1221 418 ipsius
1240 383 1391 417 spectantia
1410 388 1548 418 pararent.

1037 472 1064 500 9.
1079 472 1156 500 Tunc
1170 473 1269 508 aliquis
1283 481 1376 500 eorum
1389 474 1434 508 qui
1450 473 1546 508 majori
1565 474 1590 500 in
1607 481 1669 501 eum
1686 473 1786 502 affectu

1003 519 1068 546 ferri
1081 519 1254 550 videbamur,
1274 519 1410 546 accedens
1428 521 1508 546 tacito
1534 519 1565 546 ad
1583 528 1676 547 aurem
1689 520 1759 548 dixit
1777 529 1784 548 :

1004 565 1053 592 Est
1068 565 1108 591 vir
1123 565 1231 599 aliquis,
1247 565 1293 600 qui
1316 565 1386 593 dixit
1403 566 1480 597 mihi,
1495 573 1591 593 sanum
1619 571 1656 599 te,
1674 575 1690 594 ο
1711 570 1786 600 here,

1004 611 1061 638 ﬁeri
1080 619 1171 646 posse.
1185 612 1207 639 si
1224 612 1354 646 scriptam
1369 613 1565 645 membranam,
1582 621 1662 648 quam
1675 615 1723 641 tibi
1740 615 1786 647 do,

1005 663 1018 683 e
1045 656 1116 682 collo
1148 655 1222 683 ferre
1249 657 1378 684 volueris.
1409 658 1508 685 Beatus
1537 664 1628 686 autem
1651 659 1788 688 Marianus

1002 701 1155 736 respondit,
1170 701 1295 736 dixitque
1308 711 1314 728 :
1327 701 1397 735 Quid
1407 708 1457 736 est,
1469 704 1541 738 quod
1560 705 1607 736 ait,
1625 706 1788 734 membrana:

1003 753 1065 773 esse
1083 746 1268 781 inscriptum?
1289 747 1360 775 Dixit
1374 753 1464 776 autem
1490 749 1628 777 famulus:
1648 750 1788 779 Curiosius

1003 800 1060 824 me,
1076 800 1108 820 ex
1137 800 1198 820 mea
1212 801 1276 828 erga
1307 799 1333 821 te
1353 802 1417 821 cura
1436 795 1632 830 inquirentem,
1651 805 1740 832 neque
1762 798 1787 825 id

1003 839 1088 866 latore
1105 839 1201 871 voluit,
1220 840 1269 868 sed
1294 841 1373 874 dixit,
1404 842 1510 869 litteras
1524 844 1653 876 quasdam
1680 852 1741 871 sese
1760 845 1787 872 in

1003 892 1034 911 ea
1064 885 1221 919 scripsisse,
1247 892 1329 920 atque
1356 887 1502 914 asteriscos
1528 896 1559 914 ac
1586 890 1787 924 semicirculos,

1003 936 1083 966 atque
1110 932 1178 959 alias
1204 933 1336 967 quasdam
1364 933 1464 968 ﬁguras
1492 933 1634 962 Hebraicis
1677 935 1786 969 litteris,

1004 978 1152 1012 multisque
1182 979 1338 1013 ignotorum
1371 980 1530 1007 nominibus
1563 981 1680 1009 interius
1707 987 1788 1017 atque

1003 1023 1123 1050 exterius
1145 1023 1381 1058 circumscriptas.
1399 1024 1468 1057 Quid
1493 1026 1565 1052 enim
1595 1034 1708 1054 necesse
1734 1031 1786 1060 est,

1003 1068 1198 1104 inscriptorum
1222 1069 1328 1097 discere
1360 1071 1488 1098 virtutem
1505 1072 1687 1107 figurasque?
1709 1073 1786 1101 Unus

1003 1115 1082 1143 nobis
1096 1116 1225 1144 omnibus
1239 1117 1324 1144 servis
1339 1117 1392 1144 tuis
1408 1125 1509 1153 scapus
1525 1124 1575 1151 est,
1594 1125 1623 1147 ut
1642 1121 1788 1148 sanitatem

1003 1162 1190 1194 consequaris,
1215 1165 1242 1188 et
1266 1169 1301 1189 ne
1319 1169 1369 1189 nos
1391 1170 1486 1189 omnes
1505 1167 1614 1199 totaque
1633 1165 1702 1192 forte
1722 1166 1790 1193 civi-

1003 1212 1045 1234 tas
1056 1214 1089 1235 ex
1104 1207 1178 1235 obitu
1191 1211 1239 1235 tuo
1255 1207 1311 1236 vivi
1334 1209 1367 1237 ad
1385 1210 1518 1237 tumulum
1540 1219 1626 1246 usque
1641 1213 1789 1240 contriste-

1003 1261 1075 1281 mur.

1039 1389 1082 1416 lo.
1100 1387 1176 1415 Hanc
1191 1387 1286 1424 igitur,
1305 1388 1380 1421 here,
1397 1396 1510 1424 parvam
1537 1396 1724 1417 membranam
1742 1399 1788 1419 ac-

1004 1436 1063 1470 cipe
1091 1440 1119 1462 et
1145 1435 1197 1468 fer,
1218 1441 1299 1470 atque
1329 1435 1387 1470 ipse
1416 1443 1524 1468 sanare,
1547 1440 1663 1471 tuosque
1691 1445 1787 1465 omnes

1005 1482 1087 1508 noxio
1114 1481 1207 1509 dolore
1233 1487 1420 1516 conceptaque
1447 1482 1481 1509 de
1498 1486 1523 1509 te
1548 1483 1676 1510 inte-tilia
1693 1483 1788 1512 libera.

1004 1526 1075 1554 Vere
1090 1531 1180 1554 autem
1202 1527 1287 1554 ﬁdelis
1314 1535 1345 1554 ac
1374 1529 1445 1562 apud
1474 1527 1558 1555 Deum
1574 1529 1789 1563 gloriosissimus

1005 1572 1149 1607 praefectus
1167 1577 1244 1599 t0rvo
1258 1573 1333 1600 vultu
1364 1573 1432 1600 dixit
1449 1573 1492 1599 ei:
1516 1573 1638 1601 Primum
1665 1575 1786 1609 quidem,

1003 1619 1162 1646 futillssime
1193 1619 1346 1653 animmque
1371 1619 1603 1653 perniciosissime
1634 1621 1789 1654 consiliari,

1003 1664 1075 1691 unde
1090 1663 1155 1690 mihi
1167 1667 1274 1690 constat
1288 1663 1345 1690 fere
1361 1669 1390 1690 ut
1411 1664 1596 1691 membranam
1612 1665 1701 1692 ferens
1716 1674 1789 1693 mor-

1002 1709 1066 1736 bum
1082 1708 1200 1744 abigam,
1213 1708 1267 1735 imo
1280 1716 1355 1739 vero,
1371 1709 1537 1743 scriptorum
1553 1709 1579 1736 in
1599 1717 1629 1737 ea
1647 1711 1701 1737 vim
1730 1719 1786 1739 non

1003 1755 1122 1787 volente,
1139 1754 1185 1789 qui
1216 1761 1247 1781 ea
1264 1754 1382 1788 Scripsit,
1412 1754 1560 1788 declarare,
1581 1757 1717 1790 quomodo
1733 1765 1786 1784 non

1003 1799 1178 1827 manifestum
1191 1799 1237 1831 sit,
1247 1800 1347 1826 niliilin
1363 1799 1406 1826 illa
1422 1800 1483 1827 boni
1500 1808 1561 1828 esse
1575 1802 1761 1835 conscriptum
1776 1803 1789 1830 τ

1003 1843 1107 1871 Lumen
1122 1844 1195 1870 enim
1210 1845 1360 1871 secundum
1373 1845 1533 1879 Apostolum
1546 1854 1606 1873 sese
1621 1848 1786 1875 manifestat.

1003 1889 1059 1916 Etsi
1079 1894 1170 1916 autem
1199 1889 1312 1916 omnino
1328 1897 1382 1921 me,
1405 1891 1610 1925 superstitiosas
1638 1893 1697 1920 illas
1714 1894 1787 1921 litte-

1004 1942 1047 1961 ras
1065 1939 1229 1970 gestantem,
1242 1941 1454 1963 consecuturum
1468 1936 1616 1964 sanitatem
1633 1946 1785 1972 asseveres,

1003 1988 1103 2015 corpus
1120 1986 1192 2008 recte
1206 1982 1308 2013 valere,
1320 1982 1438 2008 animam
1453 1988 1555 2013 autem.
1572 1991 1661 2018 neque
1675 1984 1697 2011 si
1712 1992 1788 2012 muns

1003 2028 1067 2056 dum
1094 2028 1253 2055 universum
1286 2027 1387 2054 lucrari
1420 2029 1487 2055 mihi
1517 2034 1590 2056 esset
1605 2031 1786 2065 propositum,

1004 2074 1134 2102 damnum
1149 2073 1202 2108 pati
1219 2073 1291 2100 haud
1316 2074 1387 2101 volo.
1406 2074 1498 2109 Apage
1512 2075 1605 2109 igitur,
1622 2083 1673 2102 nec
1687 2077 1787 2104 similia

1002 2119 1119 2154 amplius
1135 2119 1219 2147 verba
1236 2119 1303 2147 mihi
1322 2119 1458 2155 proferas.
1471 2121 1543 2147 Dixit
1558 2125 1649 2148 autem
1669 2129 1765 2150 servus
1779 2132 1786 2150 :

1004 2166 1134 2201 Delegisti
1147 2173 1222 2203 ergo,
1241 2165 1362 2199 domine,
1377 2169 1402 2193 te
1416 2165 1506 2201 ipsum
1522 2166 1576 2194 vita
1593 2167 1702 2199 orbare,
1720 2172 1788 2196 utet

1002 2219 1052 2239 nos
1064 2217 1127 2239 ante
1138 2215 1164 2238 te
1179 2211 1289 2239 occidas
1302 2211 1313 2238 Ξ

198 2266 244 2295 ια’.
268 2267 296 2293 Ὀ
320 2266 440 2302 ἔπαρχος
462 2266 647 2301 ἀπεκρίνατο·
669 2265 757 2299 ’Υμᾶς
778 2264 809 2291 οὐ
830 2264 949 2299 θανάτῳ,

1037 2258 1081 2285 Η.
1099 2257 1247 2285 Praefectus
1266 2257 1427 2292 respondit:
1446 2257 1502 2285 Vos
1519 2257 1592 2285 haud
1609 2259 1714 2291 occido,
1737 2267 1789 2287 nec

162 2313 222 2340 ἀλλ’
233 2313 288 2341 οὐδ’
304 2313 434 2348 ἐμαυτὸν,
447 2313 471 2338 εὶ
483 2311 530 2338 καὶ
543 2312 590 2338 τοῦ
606 2312 733 2346 σώματος
746 2310 885 2346 χωριπθώ,
900 2309 950 2345 τὴν

163 2360 191 2386 δὲ
207 2359 298 2395 ψυχὴν
313 2359 358 2385 διὰ
371 2358 422 2393 τὴν
435 2358 476 2390 εις
493 2357 610 2393 Χριστὸν
627 2357 730 2389 πίςτιν,
748 2356 794 2382 καὶ
810 2355 840 2382 τὸ
857 2356 894 2390 μὴ
908 2364 952 2382 τε·

164 2404 307 2440 θεληκέναι
333 2412 366 2438 με
387 2402 548 2438 περιεργείᾳ
568 2401 730 2436 δαιμονικῆς
755 2401 952 2436 χλεύης,εὑερ-

164 2451 327 2486 γετηθῆναι,
344 2449 403 2484 είμὶ
434 2449 483 2476 καὶ
507 2449 586 2483 δίκην
601 2448 679 2481 τίσω,
699 2447 863 2482 εὐεργεσίαν
881 2447 950 2478 ὅλως

163 2497 337 2528 ἀποκαλέσας
369 2495 418 2530 τὴν
442 2496 492 2530 τῆς
520 2494 668 2529 ἀλλοτρίας
693 2493 836 2528 δυνάμεως
861 2501 951 2527 παρα-

165 2543 274 2577 σκευήν.
297 2541 360 2572 Πῶς
374 2541 427 2574 γὰρ
444 2539 672 2574 εὐεργετήσωσιν
691 2547 756 2565 ποτε
774 2538 798 2564 οῑ
817 2538 868 2572 τῆς
885 2538 951 2572 ἁλη-

165 2587 228 2620 6οῦς
244 2587 371 2622 προνοίας
384 2586 497 2616 ἑαυτοὺς
511 2585 679 2620 χωρίσαντες
695 2584 739 2610 διὰ
753 2584 852 2614 κακίας
869 2583 953 2617 ὑπερ-

164 2633 268 2668 6ολήν;
285 2630 333 2663 Οἷς
348 2633 402 2667 γὰρ
422 2631 452 2658 τὸ
466 2629 495 2657 εὖ
510 2629 582 2656 εἷναι
603 2630 641 2665 μὴ
655 2630 797 2665 πρόσεστι,
815 2628 873 2659 πῶς
891 2629 951 2654 ἑτέ-

166 2687 222 2713 ροις
239 2679 318 2706 τοῦτο
345 2678 534 2713 παρέξουσινς
558 2676 663 2710 ’Δπάτη
687 2674 734 2702 οὖν
762 2677 778 2709 ὴ
799 2673 952 2708 ἐπαγγελία

163 2726 277 2758 τούτων,
297 2725 344 2751 καὶ
362 2725 438 2750 οὐδὲν
459 2724 554 2758 ἓτερον
574 2723 589 2758 ἢ
611 2721 779 2756 φενακισμδς
798 2720 950 2755 προφανής.

165 2771 277 2804 Τούτοις
306 2770 543 2804 ἀποπεμψάμενος
569 2770 614 2794 τὸν
640 2767 722 2794 παῖδα
742 2767 799 2798 τοῖς
818 2767 950 2801 ῥήμασιν,

1005 2303 1088 2331 etiam
1113 2304 1260 2338 meipsum.
1294 2303 1406 2331 Etiamsi
1438 2311 1453 2330 a
1469 2311 1586 2339 corpore
1613 2305 1788 2335 discessurus

1005 2351 1067 2382 sim,
1082 2351 1200 2377 animam
1214 2354 1305 2377 tamen
1320 2357 1367 2384 per
1379 2349 1458 2377 (idem
1474 2350 1500 2377 in
1516 2350 1654 2378 Christum
1667 2351 1788 2387 mihique

1004 2395 1144 2422 diabolicae
1172 2395 1275 2422 fraudis
1302 2395 1498 2430 superstitione
1527 2396 1689 2424 beneﬁcium
1720 2406 1787 2425 con-

1005 2441 1070 2468 ferri
1087 2442 1157 2469 haud
1172 2442 1288 2469 volendo
1309 2442 1424 2469 servabo
1441 2442 1490 2478 (4),
1506 2443 1670 2470 beneﬁt-ium
1691 2452 1706 2470 a
1733 2445 1788 2472 vir-

1006 2491 1063 2514 tute
1079 2487 1222 2523 peregrina
1235 2493 1359 2522 paratum
1367 2488 1478 2515 omnino
1489 2495 1630 2515 aversans.
1645 2489 1787 2522 Quomodo

1003 2534 1087 2566 enim,
1107 2535 1153 2569 qui
1166 2542 1213 2568 per
1229 2535 1339 2562 malitia:
1354 2535 1575 2569 exsuperantiam
1594 2543 1657 2562 vera
1686 2539 1788 2562 semet-

1003 2580 1077 2614 ipsos
1105 2579 1293 2608 benefaciendi
1321 2580 1463 2608 voluntate
1491 2585 1605 2614 exuunt,
1621 2581 1786 2608 beneﬁciqu

1003 2627 1149 2661 aliquando
1177 2627 1283 2661 possint
1310 2627 1455 2654 conferre?
1481 2626 1587 2659 Quibus
1616 2628 1690 2654 enim
1718 2628 1788 2654 bene

1003 2680 1064 2699 eSse
1083 2680 1137 2699 non
1160 2673 1290 2707 suppetit,
1311 2673 1449 2706 quomodo
1479 2673 1506 2699 id
1528 2673 1589 2700 aliis
1616 2673 1789 2708 largiantur?

1003 2718 1094 2746 lllusio
1107 2718 1188 2754 igitur
1202 2723 1243 2745 est
1258 2719 1366 2745 illorum
1380 2718 1535 2753 promissio,
1547 2726 1599 2746 nec
1617 2720 1689 2747 aliud
1707 2719 1788 2753 quid-

1003 2772 1085 2798 quam
1115 2771 1195 2798 quam
1221 2764 1370 2799 impostura
1398 2763 1555 2792 manifesta.
1584 2764 1681 2792 Verbis
1713 2765 1789 2793 hisco

204 2872 241 2908 (4)
260 2871 367 2907 Aliquid
382 2871 427 2908 hic
443 2870 469 2908 in
487 2873 560 2897 textu
575 2867 670 2908 ,αι-ωεο
692 2867 734 2894 vel
749 2864 946 2908 redundatvel
961 2865 1051 2898 deest;
1069 2872 1166 2893 sensus
1182 2867 1274 2892 tamen
1287 2865 1342 2899 iant
1359 2865 1427 2892 hanc
1459 2870 1506 2892 aut
1534 2868 1608 2892 certe
1643 2873 1696 2892 non
1719 2866 1789 2894 mul-

172 2901 395 2937 lunv'absimilem
410 2904 664 2940 interpretationem
679 2903 819 2937 requirere
831 2901 948 2928 videtur.
