2039 3150
246 183 309 217 1211

893 173 1220 207 SUPPLEMENTUM.

1801 164 1874 198 1212

241 248 324 269 servo
340 239 461 274 repulso,
471 245 524 273 pra:
541 236 627 264 multo
642 235 737 263 dolore
751 233 906 268 anima-que
925 240 957 259 ac
968 239 1027 258 cor-

1090 231 1206 258 imwosv
1226 230 1258 256 ἐκ
1278 228 1378 263 πολλῆς
1395 226 1566 261 ἀδολεσχίας,
1584 226 1631 252 καὶ
1651 224 1733 251 πόνον
1748 222 1870 258 ψυχικοῦ

242 288 318 323 poris
329 285 487 320 fatigatione
497 282 636 314 dormivit,
650 281 771 316 viditque
782 281 810 307 in
827 287 924 307 somno
935 285 1031 314 quem-

245 336 318 363 dam.
337 332 382 366 qui
406 339 421 358 e
455 329 593 366 germanis
621 329 681 364 ejus
702 326 798 355 amicis
817 325 1033 358 notissimusque

244 380 325 409 simul
351 383 433 413 atque
463 377 632 411 conspicuus
664 374 691 402 in
721 373 782 400 aula
799 371 935 408 imperiali
963 375 1033 402 erat,

243 426 413 454 Demetrium
430 423 482 451 sibi
500 423 648 450 dicen‘em.
678 420 749 453 Quid
776 419 874 452 habes,
894 417 1032 444 amabilis-

243 474 324 502 sime,
353 470 527 505 graviterque
554 467 630 494 fers?
657 465 799 501 Cognosce
819 472 861 491 me
877 463 1004 490 celeriter
1023 470 1030 490 :

245 518 310 554 quid
328 517 397 544 forte
428 516 510 542 etiam
532 521 628 541 eorum
658 519 718 547 quae
748 510 882 538 medelam
908 509 1032 540 afferant,

247 563 363 592 suadere
378 561 426 588 tibi
443 565 549 595 potero.
569 558 718 586 Prml‘ectus
731 561 822 583 autem
837 557 864 582 in
880 562 977 583 somno
992 562 1035 581 re-

243 610 383 646 spondens
397 607 465 634 dixit
480 606 503 634 ei
521 615 528 632 :

283 658 327 685 12.
340 656 411 689 Quid
427 662 521 682 eorum
539 652 584 687 qui
614 651 642 678 in
659 651 727 678 vivis
743 654 817 681 sunt,
845 648 945 680 habeo,
968 647 1033 682 quid

246 712 313 731 vero
329 710 436 733 eorum,
455 700 501 736 qui
526 700 554 727 in
580 699 708 734 sepulcro
732 698 835 732 jacent.
853 703 908 722 non
925 693 1035 722 habeo?

244 750 326 778 Omni
356 749 431 777 enim
459 749 549 782 capite
579 746 650 772 male
680 744 788 775 all'ecto,
815 742 918 769 frustra
938 747 1035 768 omnes

245 795 381 825 sentiendi
415 793 559 821 facultates
587 791 725 826 possideo.
751 790 846 824 Neque
871 789 956 820 enim,
988 789 1035 823 qui

246 843 322 872 clare
360 841 483 872 videant,
521 838 616 866 oculos
643 837 741 868 habeo,
778 843 867 870 neque
896 835 1034 867 auditum,

246 890 292 925 qui
319 892 419 924 praeter
439 886 573 914 maximos
592 884 723 919 strepitus
743 882 890 918 quidquam
920 881 1032 914 audiat;

244 936 293 964 sed
318 942 409 969 neque
433 940 518 960 nasus
540 938 635 958 eorum
660 937 721 964 quae
741 928 844 958 olfacit.
874 927 1033 962 qualitatem

247 986 311 1017 apte
325 980 469 1011 discernit.
483 985 571 1012 neque
584 978 610 1003 in
623 976 714 1010 lingua
727 982 771 1002 me
786 973 875 1001 dulcia
888 973 921 1000 ab
936 972 1034 1000 amaris

246 1028 387 1057 diﬂ‘erunt.
406 1026 446 1054 lta
463 1025 536 1052 enim
552 1029 638 1050 totunt
651 1026 835 1058 permutatum
853 1024 895 1048 est
924 1026 1033 1054 corpus,

248 1081 278 1104 ut
305 1075 390 1101 etiam
415 1078 532 1107 tangens
546 1070 634 1101 calida
656 1068 751 1096 videar
768 1066 935 1101 refrigerari,
964 1064 1036 1099 frigi-

247 1122 345 1155 disque
374 1118 500 1145 admotus
516 1114 634 1143 caletieri
664 1120 708 1140 me
736 1112 901 1139 existimem.
924 1109 1034 1137 llumeri

246 1174 332 1203 porro
347 1169 375 1193 et
389 1163 487 1192 lacerti
505 1168 532 1189 et
548 1168 645 1188 manus
665 1167 681 1187 a
695 1166 809 1193 corpore
835 1158 967 1184 duntaxat
987 1155 1035 1182 de-

249 1202 369 1249 pendent
399 1209 500 1237 otiosa.
520 1207 689 1240 Quocunque
714 1209 806 1232 motus
831 1202 956 1237 imptllit,
981 1208 1036 1228 non

248 1248 303 1295 quo
317 1258 388 1290 volo,
406 1256 488 1283 feror.
510 1254 567 1280 Etsi
582 1253 655 1279 enim
686 1251 755 1279 velle
771 1249 839 1277 mihi
854 1248 936 1280 adsit,
956 1253 1037 1282 posse

249 1294 304 1333 non
322 1302 452 1338 suppetit.
480 1300 556 1327 [dem
573 1298 654 1325 etiam
685 1297 775 1332 patior
795 1295 866 1322 circa
881 1294 984 1321 femora
1010 1297 1038 1319 et

248 1358 337 1387 genua
363 1352 392 1376 et
419 1345 530 1375 brachia
563 1345 691 1379 ipsasque
710 1342 791 1369 etiam
824 1341 925 1375 pedum
945 1340 1034 1366 bases.

250 1385 348 1432 épecie
365 1394 475 1429 quidem
503 1398 563 1418 mea
581 1397 642 1417 esse
673 1389 716 1416 illa
744 1388 873 1415 videntur
901 1385 1035 1418 membra,

249 1441 410 1476 operatione
429 1442 518 1466 autetn
532 1435 643 1463 alterius
669 1433 832 1469 cuiuspiam,
852 1436 880 1460 et
894 1439 949 1459 non
964 1438 1035 1458 mea.

250 1487 323 1521 Quid
347 1486 440 1521 igitur,
456 1482 530 1518 quod
551 1481 641 1514 nobis,
665 1480 693 1507 in
710 1484 763 1507 tam
780 1479 852 1506 malo
878 1478 1036 1506 morborum

250 1534 346 1570 pelago
369 1530 513 1562 demersis,
530 1527 646 1556 suadeas
662 1530 709 1554 aut
722 1526 817 1559 iacias,
831 1525 925 1557 habes,
941 1532 957 1551 ο
970 1523 1039 1551 dile-

250 1585 322 1608 ctum
340 1582 420 1614 caput
429 1577 441 1604 ἲ

287 1626 329 1652 13.
343 1622 497 1650 Demetrius
509 1625 612 1653 autem,
624 1620 760 1655 genuinus
770 1617 909 1650 videlicet,
924 1624 1039 1652 respon-

252 1671 316 1699 dit:
332 1669 457 1696 Primum
483 1667 595 1701 quidem
620 1665 670 1693 tibi
701 1665 816 1696 suadeo.
838 1668 867 1691 ut
884 1663 917 1690 ad
947 1670 1039 1690 rerum

250 1716 374 1744 omnium
402 1713 554 1751 conditoris
584 1712 632 1739 Dei
660 1711 860 1747 providentiam
891 1709 1040 1744 respiciens

253 1762 328 1789 bono
343 1760 381 1787 sis
394 1759 498 1791 animo,
513 1765 564 1784 nec
584 1756 703 1788 tristitia,
718 1764 779 1791 quae
801 1755 897 1782 anima:
910 1754 1039 1781 damnum

252 1803 534 1840 alIert.opprimaris.
562 1802 638 1829 Nosti
669 1802 742 1828 enim
773 1801 898 1836 ipsemet.
930 1807 1039 1827 onmem

252 1852 390 1883 morbum,
408 1849 523 1885 provida
551 1848 609 1879 Dei,
627 1847 673 1882 qui
702 1855 753 1874 nos
773 1847 885 1879 creavit,
917 1845 1040 1881 potentia

253 1896 400 1930 largiente,
430 1895 458 1921 in
476 1897 609 1929 aegrotare
638 1893 722 1920 etiam
738 1892 830 1924 datur,
847 1899 881 1919 ne
897 1891 1040 1924 elleratur,

253 1943 343 1977 potius
359 1945 462 1972 autem,
484 1944 514 1966 ut
526 1943 552 1966 et
566 1938 653 1974 magis
668 1937 741 1965 velut
768 1945 877 1968 aurum.
895 1937 966 1972 quod
980 1937 1041 1972 igne

253 1988 282 2015 in
305 1994 368 2014 vase
384 1985 528 2021 probatius
546 1989 587 2011 est
600 1984 716 2017 factum,
732 1983 924 2018 splendescat;
939 1982 960 2009 si
976 1990 1041 2017 pec-

256 2038 334 2060 cator
350 2032 397 2064 sit,
415 2030 579 2058 conceditur
595 2034 622 2056 et
638 2033 782 2064 aegrotare,
809 2032 839 2055 ut
854 2028 899 2054 hic
918 2035 965 2062 pro
979 2035 1042 2063 pee-

256 2080 324 2107 cati!
342 2085 439 2114 pmnas
464 2077 533 2104 dans
561 2076 647 2103 multa
664 2075 693 2102 in
707 2075 800 2102 futuro
817 2075 918 2110 iudicio
934 2075 1042 2103 miseri-

255 2125 349 2153 cordia
368 2123 497 2151 iuduatur
510 2122 661 2149 secundum
676 2121 748 2156 quod
769 2121 869 2148 dicitur
882 2128 896 2147 a
910 2121 1042 2156 propheta

254 2170 362 2198 Nahum
376 2177 384 2197 :
404 2167 620 2202 «Nonjudicabit
635 2166 767 2194 Dominus
777 2166 819 2193 bis
833 2166 860 2193 in
881 2166 998 2201 idipsum
1015 2166 1042 2193 in

255 2215 432 2244 tribulatione
443 2215 463 2240 ¹.
479 2223 488 2239 ι
503 2213 620 2248 Reponit
633 2213 777 2247 praefectus
792 2223 798 2240 :
817 2212 856 2244 Si,
868 2212 914 2246 qui
930 2212 1042 2239 adversa

1083 277 1129 302 καὶ
1146 274 1314 310 σωματικοῦ.
1333 273 1388 300 Καὶ
1403 273 1435 308 δὴ
1450 272 1511 299 καθ’
1529 271 1629 302 ὕπνους
1645 271 1696 305 ὁρᾷ
1712 269 1872 304 Δημήτριον

1081 330 1144 349 τινα
1160 321 1216 348 τῶν
1234 321 1355 355 γνησίων
1385 318 1468 346 αὑτοῦ
1493 318 1589 352 φίλων,
1607 317 1654 344 καὶ
1677 316 1724 342 τὸν
1749 316 1779 343 ἐν
1797 315 1875 350 βασι-

1083 370 1166 400 λείοις
1188 368 1285 398 αὐλαῖς
1309 366 1477 401 τυγχάνοντα
1493 363 1710 399 γνωριμώτατον
1726 362 1797 396 ἅμα,
1823 362 1874 388 καὶ

1085 415 1223 450 περιφανῆ
1245 414 1359 448 λέγοντα
1383 411 1457 446 αὑτῴ
1469 420 1475 426 ·
1492 411 1525 436 Ti
1538 411 1571 444 δὴ
1587 410 1671 444 ἔχεις,
1685 405 1708 436 ὦ
1724 408 1876 444 προσφιλέ-

1086 469 1179 493 στατε,
1193 460 1239 486 καὶ
1261 459 1367 494 βαρέως
1392 458 1502 492 φέρειςς
1518 456 1658 491 Γνὼρισόν
1678 463 1712 489 με
1728 455 1758 481 τὺ
1770 453 1856 488 τάχος
1867 462 1875 469 ·

1086 508 1151 539 ἴσως
1176 507 1224 534 καί
1249 515 1276 531 τι
1301 504 1357 531 τῶν
1386 505 1559 538 ὀνησιφόρων
1586 501 1819 537 συμὸυυλεὺσοιμι
1839 501 1876 528 ἄν

1085 563 1137 581 σοι.
1160 555 1189 581 '0
1208 554 1237 580 δὲ
1259 552 1383 587 ὕπαρχος
1399 550 1461 578 καθι
1479 550 1582 581 ὕπνους
1605 548 1778 584 ἀποκριθεὶς,
1795 546 1875 574 εἶπεν

1084 600 1159 635 αὖτῷ
1168 609 1175 616 ·

1125 646 1170 680 ιβ’.
1185 646 1218 671 Τί
1231 645 1286 680 γὰρ
1302 644 1356 679 ἔχω
1371 644 1425 670 τῶν
1440 643 1468 670 ὲν
1482 642 1560 674 ζῶσι,
1578 641 1605 667 τί
1633 640 1661 667 δὲ
1679 640 1732 666 τῶν
1752 639 1781 666 ὲν
1795 638 1876 672 τάφῳ

1086 692 1221 728 κειμένων
1238 693 1288 718 οὐκ
1306 691 1374 726 Exeo;
1391 689 1499 724 κεφαλὴ
1523 689 1572 723 μὲν
1584 688 1637 721 γὰρ
1658 687 1735 713 πᾶσα
1751 693 1879 712 κεκακω-

1087 741 1155 776 μένη
1169 738 1276 769 δεινῶς,
1289 738 1377 764 πάντα
1389 737 1423 762 τὰ
1435 734 1602 769 αἰσθητήρια
1617 733 1706 767 μάτην
1721 732 1874 766 κέκτημαι·

1086 785 1146 811 οὒτε
1161 785 1216 820 γὰρ
1233 783 1391 818 ὀφθαλμοὺς
1410 781 1464 817 ἔχω
1488 780 1638 815 βλέποντας
1656 779 1792 813 ἐναργῶς,
1813 776 1878 803 οὔτε

1086 831 1171 866 ἀκοὴν
1194 829 1356 861 ἐπαΐουσαν,
1372 828 1443 862 πλὴν
1465 826 1519 853 τῶν
1535 826 1671 860 μεγίστων
1689 824 1794 858 ψόφων,
1818 822 1878 849 ἀλλ’

1087 877 1150 904 οὔτε
1164 878 1180 911 ἡ
1195 878 1238 912 div
1250 875 1385 910 διακρίνει
1402 873 1495 907 σαφῶς
1510 872 1565 899 τῶν
1582 871 1808 906 ὀσφραινομένων
1826 869 1879 904 τὴν

1088 923 1232 957 ποιότητα,
1246 921 1309 948 οὔτε
1323 921 1399 955 παρὰ
1414 921 1446 955 τῇ
1467 920 1576 955 γλώττῃ
1599 927 1650 954 μου
1670 919 1805 952 διαφορὰν
1818 917 1878 952 ἔχει

1087 971 1121 996 τὰ
1137 970 1241 1003 γλυκέα
1261 968 1330 1004 πρὸς
1348 967 1382 994 τὰ
1401 967 1505 1001 πικρὰ.-
1519 965 1592 992 οῦτω
1608 966 1663 999 γὰρ
1681 964 1828 998 ⁴ἰνιλλοίωται
1846 963 1879 989 τὸ

1087 1018 1142 1043 πᾶν
1155 1016 1246 1050 σῶμα,
1261 1016 1302 1041 ὅτι
1318 1014 1366 1040 καὶ
1379 1014 1435 1039 τῶν
1446 1012 1558 1048 θερμῶν
1572 1011 1727 1046 ἁπτόμενος
1741 1009 1878 1045 ψύχεσθαι

1087 1061 1170 1094 δοχῶ,
1202 1061 1249 1086 καὶ
1272 1061 1328 1090 τοῖς
1359 1058 1473 1093 ψυχραῖς
1497 1056 1669 1091 κολλώμενος
1689 1055 1878 1090 ὑπολαμῶὶνω

1087 1106 1286 1142 θερμαίνεσθαι
1312 1114 1319 1121 ”
1342 1102 1413 1140 ὦμοι
1440 1104 1468 1131 δὲ
1491 1104 1539 1130 καὶ
1563 1103 1688 1138 ἀτκῶνες
1714 1102 1761 1128 καὶ
1785 1103 1879 1136 χεῖρες

1087 1154 1297 1189 ἁποκρέμανται
1318 1152 1399 1187 μόνον
1414 1150 1460 1177 τοῦ
1485 1150 1610 1184 σώματος
1625 1149 1748 1184 ἀεργοῖς.
1768 1149 1844 1183 Ὀπη
1857 1148 1880 1174 δ’

1087 1200 1120 1227 ἂν
1135 1201 1151 1234 ἡ
1166 1200 1274 1234 κίνησις
1288 1199 1362 1232 ἄγοι,
1375 1198 1507 1233 φέρομαι,
1523 1197 1573 1231 οὐχ
1592 1197 1646 1231 ὅπη
1665 1195 1794 1231 βούλησις
1811 1195 1877 1230 ἐμή.

1088 1246 1149 1273 Κᾶν
1163 1246 1218 1280 γὰρ
1234 1245 1264 1271 τὸ
1290 1245 1381 1271 θέλειν
1400 1252 1445 1279 μοι
1467 1245 1554 1278 παρῇ,
1570 1243 1600 1270 τὸ
1614 1241 1746 1269 δύνασθαι
1763 1242 1794 1268 οὐ
1816 1250 1880 1267 συν-

1087 1293 1193 1328 τρέχει.
1206 1291 1311 1318 Ταυτδν
1323 1291 1351 1317 δὲ
1366 1293 1465 1326 πάσχω
1480 1292 1529 1317 καὶ
1544 1290 1609 1324 περὶ
1623 1290 1686 1320 τοὺς
1699 1289 1816 1324 μηροὺς,
1831 1289 1880 1315 καὶ

1088 1340 1123 1366 τὰ
1141 1339 1254 1373 γὸνατα,
1273 1338 1322 1365 καὶ
1339 1338 1388 1369 τὰς
1403 1337 1537 1371 ἀγκάλας,
1555 1337 1602 1363 καὶ
1617 1336 1702 1368 αὑτὰς
1720 1335 1776 1362 τῶν
1788 1334 1880 1362 ποδῶν

1088 1386 1139 1417 τὰς
1163 1385 1269 1421 βάσεις.
1295 1384 1342 1420 Τῷ
1367 1385 1417 1419 μὲν
1443 1385 1499 1419 γὰρ
1521 1383 1666 1418 φαίνεσθαι
1682 1383 1737 1417 ὲμὰ
1752 1382 1879 1408 δοκοῦσιν

1089 1430 1160 1458 εἶναι
1173 1431 1259 1458 ταῦτα
1275 1431 1310 1458 τὰ
1335 1431 1414 1466 μέλη⁷
1432 1431 1474 1466 τῷ
1497 1431 1526 1457 δὲ
1543 1430 1667 1465 ἐνεργεῖν
1693 1429 1776 1456 mw
1793 1428 1879 1462 τινὸς,

1089 1478 1138 1505 καὶ⁵
1162 1478 1214 1504 οὐκ
1237 1477 1303 1512 ἐμά.
1322 1477 1354 1503 Τί
1380 1475 1427 1503 οὖν
1450 1476 1521 1512 ἔχεις
1539 1473 1651 1511 ήμῖν,ὧ
1674 1475 1740 1510 φίλη
1758 1475 1878 1510 κεφαλὴ.

1090 1525 1306 1560 συμσουλεῦσαι,
1323 1524 1340 1559 ἢ
1359 1524 1484 1558 ποιῆσαι,
1501 1522 1622 1558 τοσούτῳ
1643 1522 1722 1557 κακῷ
1733 1522 1783 1549 καὶ
1797 1530 1879 1557 νοση-

1052 1587 1074 1616 c
1093 1572 1185 1616 μάτῳν
1195 1570 1312 1616 πελάγει
1327 1569 1555 1604 βεὸυθισμένοιςς

1128 1614 1173 1649 ιγ’,
1193 1615 1223 1641 '0
1238 1615 1267 1641 δὲ
1288 1615 1399 1649 γνήσιος
1414 1613 1496 1649 δῆθεν
1512 1613 1671 1648 Δημήτριος
1686 1613 1857 1648 ἁπεκρίνατο
1871 1621 1878 1628 ·

1092 1663 1204 1697 Πρῶτον
1220 1661 1269 1697 μὲν
1285 1661 1416 1694 εὐθυμεῖν
1439 1669 1482 1687 σοι
1506 1659 1645 1696 παραινῶ,
1674 1659 1723 1686 καὶ
1743 1660 1781 1695 μὴ
1793 1668 1881 1687 κατα-

1091 1708 1246 1744 χώννυσθαι
1260 1707 1360 1738 λύπαις
1378 1706 1573 1742 ψυχοφθόροις,
1591 1707 1632 1738 είς
1640 1705 1690 1741 τὴν
1705 1706 1835 1742 πρόνοιαν
1851 1707 1882 1732 ὰ-

1092 1754 1184 1789 φορῶν
1194 1755 1244 1789 τὴν
1255 1753 1301 1780 τοῦ
1316 1751 1483 1789 δημιουργοῦ
1495 1753 1552 1778 τῶν
1561 1751 1689 1779 ἁπάντων
1697 1750 1776 1778 Θεοῦ.
1793 1749 1880 1778 οἶσθα

1092 1801 1146 1836 γὰρ
1161 1800 1209 1826 καὶ
1231 1798 1313 1830 αὐτὸς
1328 1798 1364 1830 ὡς
1383 1798 1477 1825 ἅπασα
1496 1797 1584 1830 νόσος,
1606 1798 1640 1832 τῇ
1655 1797 1822 1831 προνοητικῇ
1836 1796 1882 1822 δυ-

1093 1847 1175 1881 νάμει
1191 1845 1238 1871 τοῦ
1255 1846 1400 1875 κτίσαντος
1414 1844 1490 1879 ἡμᾶς
1501 1842 1720 1878 συγχωρουμὲνη
1735 1843 1883 1878 προσγίνε-

1093 1893 1156 1920 σθαι
1179 1892 1222 1918 ἐπ’
1243 1891 1363 1926 ὠφελείᾳ.
1379 1889 1426 1916 τοῦ
1442 1889 1586 1920 νοσοῦντος
1605 1888 1762 1923 ἐγγίνεταιο
1781 1889 1805 1915 εί
1824 1888 1882 1923 γὰρ

1092 1939 1197 1970 δίκαιός
1212 1940 1282 1970 ἐστι,
1294 1937 1342 1964 καὶ
1356 1937 1540 1971 συγχωρεῐται
1556 1937 1656 1968 νοσεῖν,
1678 1936 1724 1962 ῐνα
1741 1935 1778 1971 μὴ
1793 1936 1882 1970 ὑπερ-

1092 1983 1215 2018 αίρηται,
1244 1982 1344 2017 μᾶλλον
1364 1981 1393 2008 δὲ
1413 1981 1457 2008 ῑ-λα
1493 1981 1541 2007 καὶ¹
1565 1980 1646 2007 πλέον
1671 1979 1882 2015 λαμπρύνηται,

1092 2030 1129 2060 ὡς
1143 2031 1172 2056 ὲν
1186 2030 1259 2064 χώνῃ
1275 2028 1375 2063 χρυσὸς
1387 2027 1425 2062 τῷ
1440 2028 1508 2062 πυρὶ
1520 2027 1662 2061 γινόμενος
1674 2025 1864 2060 δοκιμώτερος
1873 2034 1882 2040 ·

1093 2077 1116 2103 εξ
1133 2074 1295 2111 ἁμαρτωλός
1312 2077 1380 2108 ἐστι,
1406 2074 1453 2100 καὶ
1478 2074 1614 2108 παρεᾶται
1629 2072 1766 2106 ἀσθενεῖν,
1781 2072 1826 2098 ἵνα
1839 2073 1884 2099 ὲν-

1093 2122 1180 2148 ταῦθα
1205 2121 1258 2147 τῶν
1273 2119 1551 2154 πεπλημμελημένων
1571 2119 1634 2150 δοὺς
1651 2118 1701 2150 τὰς
1720 2117 1837 2148 εὐθύνας
1853 2119 1882 2145 ὲν

1093 2169 1126 2203 τῇ
1141 2167 1275 2202 μελλούσῃ
1289 2166 1380 2201 κρίσει
1396 2165 1498 2200 πολλῆς
1511 2164 1625 2199 ὲσθῆται
1648 2165 1698 2199 τῆς
1723 2164 1883 2200 φιλανθρωσ

1096 2214 1172 2246 πίας,
1195 2212 1265 2239 κατὰ
1278 2212 1307 2237 τὺ
1323 2211 1469 2246 είρημένον
1483 2209 1522 2245 τῷ
1539 2211 1668 2246 προφήτῃ
1689 2210 1788 2244 Ναούμ
1799 2218 1806 2225 δ
1823 2210 1882 2237 Οὐκ

255 2263 415 2289 veletudine
440 2261 556 2290 laborat.
575 2259 682 2294 placide
701 2259 833 2294 patiatur,
850 2264 923 2286 recte
941 2259 981 2285 ais
997 2268 1003 2285 :
1020 2259 1037 2285 si

1096 2259 1237 2293 ἐκδικήσει
1252 2257 1354 2292 Κύριος
1374 2257 1414 2287 δὶς
1431 2256 1477 2282 ἐπὶ
1500 2255 1531 2281 τὸ
1544 2255 1610 2282 αὐτὸ
1624 2257 1653 2282 ὲν
1668 2255 1758 2289 θλίψει
1772 2264 1778 2270 ’
1798 2255 1882 2290 Λέγει

258 2313 349 2335 autent
373 2307 468 2335 dolore
488 2313 600 2342 pressus
616 2306 649 2333 ad
664 2305 733 2332 iram
751 2306 832 2332 etiam
859 2305 1042 2337 accendatur;

257 2354 376 2388 hincque
403 2353 496 2384 verba,
513 2351 576 2378 odio
606 2351 699 2387 digna,
733 2351 922 2385 proloquatur,
943 2350 1042 2386 duplex

260 2405 302 2426 est
325 2399 448 2431 malum;
471 2397 558 2432 magis
581 2397 654 2423 enim
678 2401 705 2423 et
729 2404 829 2431 corpus
850 2396 1043 2430 discruciatur,

261 2449 430 2481 peecataque
448 2443 567 2479 peccatis
593 2442 691 2469 animm
715 2442 889 2474 accumulat;
916 2443 988 2477 quod
1017 2443 1044 2469 in

259 2500 302 2520 me
318 2492 420 2520 factum
435 2498 529 2518 cerno.
544 2490 612 2518 Dicit
625 2489 649 2516 ei
666 2489 792 2517 amabilis
802 2489 932 2516 nimirum
950 2489 1044 2516 Dems-

257 2540 343 2567 tritis:

294 2629 338 2656 H.
355 2628 440 2656 Tuam
456 2627 560 2661 accepi,
578 2626 774 2661 gloriosiSsime
796 2624 824 2651 in
846 2623 936 2656 terris,
955 2623 1045 2650 lutati-

257 2676 373 2708 litatem,
390 2682 450 2709 quae
468 2673 516 2700 tibi
537 2673 564 2699 in
588 2672 663 2700 ccelis
684 2671 797 2707 gloriam
813 2670 953 2698 conciliat.
973 2670 1043 2697 Cor-

258 2719 343 2752 porali
359 2719 440 2753 igitur
455 2718 507 2745 hoc
526 2717 632 2750 morbo,
650 2715 766 2743 Domino
780 2721 876 2743 nostro
897 2723 929 2742 ac
943 2715 1044 2743 Serva-

259 2767 318 2790 tore
340 2763 402 2790 .lesu
417 2763 528 2791 Christo
556 2762 704 2798 potentiam
719 2762 752 2789 ad
775 2762 801 2789 id
825 2761 971 2796 largiente,
990 2763 1044 2788 cito

258 2807 419 2836 liberabere.
434 2809 503 2836 Vetti
518 2808 602 2843 igitur
615 2808 642 2836 in
659 2808 770 2836 domum
787 2815 874 2836 meam
885 2828 893 2841 ,
908 2815 1044 2843 opemque

297 2896 306 2912 ³
320 2895 423 2922 Nullum
440 2905 456 2929 ι,
478 2898 516 2922 12.

1095 2305 1109 2330 ὁ
1140 2303 1263 2338 ὕπαρχος
1282 2309 1288 2317 ’
1318 2302 1382 2327 Ἐὰν
1411 2300 1582 2335 εὐχαρίστως
1606 2301 1678 2336 φέρῃ
1693 2301 1708 2326 ὁ
1727 2300 1824 2332 νοσῶν,
1850 2297 1881 2327 εὖ

1096 2350 1186 2382 λέγεις
1199 2355 1205 2363 ·
1224 2349 1248 2374 εἰ
1265 2347 1293 2373 δὲ
1305 2347 1359 2372 ὑπὸ
1375 2345 1423 2372 τοῦ
1444 2346 1548 2377 πάθους
1560 2346 1740 2380 συνεχόμενος
1762 2346 1884 2381 ὲξάπτη-

1097 2404 1141 2421 ται
1156 2396 1204 2421 καὶ
1216 2394 1255 2425 εἰς
1275 2393 1368 2427 θυμὸν,
1388 2392 1536 2420 κάντεῦθεν
1552 2393 1663 2427 ῥήματα
1682 2393 1884 2428 προπέμπηται

1097 2441 1277 2475 ἀποτρόπαια,
1294 2438 1408 2465 διπλοῦν
1433 2439 1464 2465 τὸ
1479 2439 1564 2465 κακόν
1579 2447 1585 2454 ·
1612 2440 1660 2466 καὶ
1672 2439 1702 2464 τὸ
1723 2439 1804 2473 σῶμα
1829 2440 1885 2476 γὰρ

1099 2486 1180 2513 πλέον
1205 2485 1278 2520 ἀνιᾷ,
1306 2486 1353 2512 καὶ
1378 2486 1410 2519 τῇ
1427 2485 1501 2519 ψυχῇ
1519 2484 1659 2519 ἁμαρτίας
1679 2484 1720 2518 ἐφ’
1734 2485 1885 2519 ἁμαρτίαις

1099 2531 1288 2567 προστίθησιν,
1303 2531 1317 2556 ὃ
1342 2532 1406 2563 περὶ
1429 2530 1478 2564 ἐμὲ
1494 2530 1638 2564 γινόμενον
1666 2529 1773 2565 θεωρῶ.
1802 2531 1886 2564 Λέγει

1098 2576 1173 2611 αὐτῷ
1184 2577 1198 2602 ὁ
1213 2575 1364 2610 προσφιλὴς
1377 2574 1456 2610 δῆθεν
1470 2575 1627 2609 Δημήτριος
1644 2583 1653 2591 ι

1135 2623 1177 2649 ιδ’.
1200 2621 1389 2657 Ἀπεδεξάμην
1405 2629 1452 2648 σου
1464 2621 1500 2652 ὠς
1517 2621 1565 2648 ἐπὶ
1581 2620 1632 2655 γῆς
1651 2621 1819 2654 ὲνδοξότατε,
1835 2622 1886 2658 τὴν

1099 2667 1274 2695 ταπείνωσιν.
1289 2668 1349 2702 ἥτις
1360 2669 1388 2694 ὲν
1404 2667 1511 2702 οὐρανῷ
1526 2675 1566 2692 σοι
1581 2667 1631 2702 τὴν
1643 2667 1721 2699 δόξαν
1736 2668 1888 2702 μνησ.εύε-

1093 2723 1149 2741 ται.
1168 2713 1319 2748 Τοιγαροῦν
1338 2714 1393 2745 ,καὶ
1418 2713 1468 2747 τῆς
1494 2712 1656 2747 σωματικῆς
1678 2712 1781 2747 ταύτης
1805 2714 1885 2740 νόσου

1093 2760 1190 2786 θᾶττον
1206 2758 1459 2794 ἀπαλλαγήσῃ,τοῦ
1475 2758 1580 2793 Κυρίου
1595 2759 1644 2785 καὶ
1659 2757 1789 2792 Σωτῆρος
1805 2757 1886 2793 ἡμῶν

1100 2805 1189 2841 Ἰησοῦ
1207 2805 1327 2841 Χριστοῦ
1343 2805 1373 2839 si)
1387 2805 1518 2844 δύνασθαι
1534 2805 1720 2843 παρέχοντος.
1741 2804 1819 2832 Ἐλθὲ
1836 2802 1884 2832 οὖν
