2039 3150
169 173 242 208 1213

682 177 711 206 S.
732 176 923 207 DEMETRII
948 175 1147 206 MARTYRIS
1169 176 1275 206 ACTA.

1729 175 1796 210 12H

166 231 206 261 εἰς
226 229 274 258 τὸν
296 227 372 258 οἶκον
397 231 445 259 τδν
470 231 549 267 ιμδν,
567 233 614 259 καὶ
633 231 814 267 ἀνακλήθητι,
841 233 952 259 κάκεῖσε

1017 230 1132 266 mplora,
1148 235 1229 265 atque
1245 231 1281 258 ibi
1297 230 1344 258 Dei
1359 231 1490 267 gloriam,
1510 231 1557 260 tibi
1577 239 1626 268 per
1642 240 1685 260 me
1701 233 1798 260 mani-

166 276 227 310 δψει
245 275 294 312 τὴν
308 276 387 310 δόξαν
401 277 449 305 τοῦ
464 278 532 304 Θεοῦ
545 278 578 305 δι’
591 277 660 312 ἐμοῦ
678 286 720 305 σοι
737 278 953 314 φανερουμένην.

172 321 201 347 ’0
217 322 245 348 δὲ
255 323 390 358 μακάριος
403 323 544 359 Μαριανὸς
558 324 736 358 διυπνισθεὶς,
761 326 809 352 καὶ
823 325 956 360 διηγησά-

167 376 248 402 μενος
261 369 318 399 τοῖς
333 369 448 404 πλησίον
464 370 499 396 τὰ
513 370 647 405 ὁραθέντα
670 371 744 406 αὐτῷ
765 371 826 397 καθ’
843 371 954 403 ὕπνους,

165 415 260 448 ἔλεγεν
273 415 435 450 ὀδυρόμενος
449 425 457 432 ⁸
474 416 529 444 Καὶ
545 417 598 444 ποῦ
613 417 723 453 ε’ύροιμί
747 427 778 445 σε
800 416 857 451 νῦν,
872 418 888 454 ἦ
910 418 956 445 τὸν

167 461 214 486 σὺν
230 460 315 494 οἷκον,
330 458 353 488 ὧ
369 461 447 497 xum:
466 471 529 497 μου,
547 464 595 490 καὶ
613 463 786 498 γνησιώτατε
803 465 956 500 Δημήτριε,

167 508 216 533 σοῦ
243 508 292 542 μὲν
311 508 383 534 κατὰ
406 508 456 543 τὴν
483 509 683 544 βασιλεύουσαν
703 510 781 537 πόλιν
803 510 957 544 διάγοντος,

166 553 235 588 ἐμοῦ
262 554 289 581 δὲ
311 555 384 581 κατά
408 554 612 591 Θεσσαλονίκης
638 557 787 592 κειμένους
817 557 891 592 οἴμοι
919 557 958 593 τῷ

166 600 272 635 ἀθλίῳί
291 600 365 636 Πόσῃ
382 603 456 636 χαρᾷ
477 610 511 637 με
529 604 542 629 6
560 603 666 638 δνσιρος
683 604 894 639 κατεφαὶδρυνε.
911 604 958 632 καὶ

167 645 274 681 πηλίκη
289 645 380 680 θλίψει
391 647 421 673 τὸ
438 647 515 682 ὕπαρ
529 648 696 683 κατέχωσεν.
709 649 777 675 Τότε
788 646 829 680 εἷς
843 650 897 677 τῶν
910 659 959 677 πα-

168 691 315 726 ρεστώτων
333 694 425 726 νυγεὶς
448 694 501 721 ὑπὸ
524 694 592 722 Θεοῦ
607 695 776 728 ἁπεκρίνατο
788 703 796 711 ·
820 696 890 730 Ἐγώ
906 705 958 728 σοι,

167 737 298 770 δέσποτα,
318 739 431 774 μηνύσω
457 740 503 767 τδν
532 741 690 777 προστάτην
707 750 753 769 σου
778 744 825 769 καὶ
849 743 960 778 γνήσιον

168 783 259 817 φίλον⁹
274 787 322 812 καὶ
347 786 417 821 μετὰ
430 786 497 813 Θεὸν
516 787 650 822 δεσπότην
664 788 832 823 Δημήτριον,
848 789 893 815 τὸν
915 791 962 816 καὶ

167 830 199 856 ὲν
216 832 250 865 τῇ
268 831 449 868 βασιλευούσῃ
471 833 548 860 πόλει
567 833 616 860 νῦν
629 833 704 865 ὄντα,
721 835 769 862 καὶ
783 835 877 862 ἐνθάδε
894 843 961 862 κατ-

168 876 309 910 οικοῦντα,
327 879 439 905 κάκεῖσε
461 879 500 913 τῷ
528 879 634 914 βασιλεί
652 881 707 907 τῶν
735 881 804 908 ὅλων
828 881 963 917 παριστά-

171 929 266 956 μενον,
282 924 385 950 καὶτὸν
401 925 519 952 ἐνταῦθα
536 925 575 960 μὴ
590 926 821 960 ἀπολειπόμενον.

206 1010 248 1038 ιε’.
265 1011 351 1038 Τοῦτο
372 1012 401 1039 δὲ
422 1013 476 1039 τῶν
493 1013 583 1048 σάρκα
596 1014 643 1041 καὶ
660 1012 729 1049 αἷμα
744 1016 900 1051 φορούντων
916 1017 962 1042 οὐ-

169 1056 227 1083 δενὶ
245 1057 369 1090 δυνατὸν,
396 1058 436 1093 τῷ
456 1059 486 1086 δὲ
513 1061 642 1095 παναγίῳ
661 1061 710 1087 καὶ
731 1060 817 1096 ὲεόχῳ
841 1061 963 1098 μάρτυρι

169 1102 220 1129 τοῦ
232 1103 353 1139 Χριστοῦ
367 1105 529 1141 Δημητρίῳ,
553 1107 601 1133 καὶ
625 1107 698 1142 μάλα
718 1107 821 1143 ῥᾴδιον.
846 1109 885 1144 Τῇ
909 1110 964 1144 γὰρ

171 1150 248 1185 ὀιῢλῳ
262 1151 344 1178 αὑτοῦ
363 1151 436 1188 ψυχῇ
459 1153 507 1180 καὶ
526 1154 559 1188 τῇ
577 1153 708 1190 ἀθολώτῳ
726 1154 821 1182 πίστει
849 1155 897 1182 καὶ
912 1155 964 1191 τὴν

171 1197 230 1224 ἄνω
251 1197 374 1231 βασιλίδα
398 1199 477 1226 πόλιν
499 1199 679 1236 Ἰερουσαλὴμ
696 1202 831 1234 κατοικεῖ,
847 1202 896 1228 καὶ
913 1202 964 1236 τῆς

172 1243 348 1279 δρεψαμένης
358 1245 440 1272 αὑτὸν
448 1246 650 1282 Θεσσαλονίκης
663 1247 715 1274 οὐκ
726 1248 962 1283 ἁπολιμπάνεται.

174 1289 254 1324 Ἔχει
268 1288 315 1316 οὖν
326 1291 355 1316 έν
368 1290 540 1326 ἀμφοτέραις
554 1293 616 1323 ταῖς
629 1292 741 1320 πόλεσιν
755 1293 846 1325 οἴκους
858 1301 865 1309 ο
879 1302 964 1329 προε-

171 1335 295 1370 τρέψατο
304 1335 333 1362 δέ
344 1343 379 1363 σε
393 1337 438 1363 τὸν
453 1337 519 1371 ὲμδν
533 1337 668 1373 δεσπότην
685 1338 726 1369 είς
733 1339 779 1365 τὸν
788 1336 863 1366 οἷκον
879 1338 964 1366 αὐτοῦ

173 1380 324 1415 γενόμενον
355 1380 406 1415 τῆς
424 1380 520 1415 ὑγείας
545 1383 650 1417 τυχεῖν.
668 1382 840 1417 Σκεψώμεθα
866 1380 922 1416 οὖν,
940 1384 965 1410 εἰ

172 1427 287 1454 δυνατόν
301 1435 331 1454 σε
344 1427 374 1453 ἐν
385 1426 423 1462 τῷ
435 1428 502 1463 οῐκῳ
517 1427 600 1455 αὐτοῦ
616 1428 656 1464 τῷ
667 1429 709 1460 είς
721 1429 772 1464 τὴν
788 1429 847 1456 ἄνω
867 1429 966 1464 Ἰερου-

174 1473 270 1508 σαλὴμ
295 1473 501 1508 παραγενέσθαι
531 1473 612 1509 σῶμα
637 1474 792 1509 φοροῦνταθ
808 1474 887 1502 τοῦτο
911 1475 966 1510 γὰρ

173 1519 224 1545 καὶ
249 1518 298 1552 τῆς
317 1518 396 1545 νόσου
414 1519 572 1552 ἀπαλλάξαι
593 1520 739 1554 ὑπέσχετο.
760 1520 842 1547 Ἀλλὰ
860 1521 914 1556 μὴν
933 1521 964 1548 οὺ

1010 277 1146 310 lcstatam,
1177 276 1292 304 videbis.
1321 276 1390 304 Cum
1419 283 1509 305 autem
1538 279 1633 306 beatus
1662 279 1799 306 Marianos

1008 328 1083 351 esset
1098 323 1316 358 expergefactus,
1332 328 1359 350 et
1372 332 1431 358 quas
1447 324 1497 351 sibi
1523 324 1549 351 iu
1566 332 1661 351 somno
1676 325 1734 353 visa
1750 333 1794 353 es-

1010 374 1081 401 sent,
1097 369 1249 396 astantibus
1265 374 1415 402 narrasset,
1435 370 1585 398 lamentans
1611 370 1739 398 dicebat:
1758 370 1794 398 Et

1010 415 1055 441 ubi
1072 422 1146 442 nunc
1162 418 1188 442 te
1205 415 1246 442 vel
1259 415 1370 442 domum
1385 421 1470 448 tuam,
1487 416 1522 442 mi
1537 416 1647 443 domine
1661 423 1693 443 ac
1711 416 1798 444 since-

1011 461 1121 488 rissime
1136 461 1263 494 Demetri,
1283 461 1431 494 inveniam,
1452 466 1478 489 te
1505 461 1616 496 quidem
1642 462 1669 489 in
1690 462 1801 490 civitate

1011 515 1096 542 penes
1117 514 1199 542 quam
1217 506 1360 542 imperium
1381 511 1434 539 est,
1450 511 1650 539 commorante,
1670 515 1715 534 me
1733 516 1798 534 vero

1010 553 1213 581 Thessalonica:
1246 553 1446 582 decumbente!
1481 552 1528 580 Hei
1574 553 1641 580 mihi
1678 553 1799 581 misero!

1011 599 1119 632 Quanto
1134 607 1177 627 me
1191 598 1300 635 gaudio,
1312 598 1386 634 quod
1401 599 1427 626 in
1443 606 1540 627 somno
1554 599 1609 627 vidi
1625 599 1802 633 exhilaravit,

1013 650 1098 678 tanta,
1108 646 1180 681 quod
1195 646 1311 680 vigilans
1323 646 1457 680 comperi,
1472 646 1581 673 tristitia
1596 654 1638 673 me
1652 646 1801 681 depressit,

1012 693 1090 720 Tunc
1107 701 1178 720 unus
1195 693 1356 727 astantium,
1382 701 1395 722 a
1425 695 1480 721 Deo
1507 698 1608 724 motus,
1633 692 1802 728 respondit:

1013 739 1069 775 Ego
1087 740 1147 772 tibi,
1165 740 1286 772 domine,
1306 740 1450 767 ostendam
1476 744 1622 775 patronum
1640 744 1717 766 tuum
1740 747 1802 774 ger-

1014 793 1181 820 manumque
1199 787 1317 813 anticum
1331 806 1338 818 ,
1354 793 1386 813 ac
1410 790 1474 820 post
1493 785 1577 812 Deum
1592 785 1733 812 dominum
1749 784 1803 810 De-

1015 832 1155 864 metrium,
1167 832 1214 866 qui
1228 837 1257 859 et
1271 831 1299 858 in
1315 832 1469 866 imperante
1494 831 1605 858 civitate
1631 837 1704 858 nunc
1728 837 1804 857 com-

1015 885 1135 909 morans,
1150 878 1248 912 hicque
1269 877 1406 910 habitans,
1424 884 1517 904 rerum
1538 876 1662 903 omnium
1681 876 1802 911 impera-

1015 923 1067 950 turi
1086 922 1185 950 ibidem
1201 927 1293 955 astat,
1311 930 1362 949 nec
1379 922 1456 949 illum
1471 942 1478 955 ,
1491 921 1538 957 qui
1556 921 1601 949 hic
1613 926 1664 956 est,
1687 921 1806 949 derelin-

1013 968 1082 1003 quit.

1051 1014 1093 1041 l5.
1112 1014 1140 1042 ld
1162 1019 1252 1042 autem
1270 1022 1383 1041 carnem
1410 1018 1438 1040 et
1459 1013 1622 1049 sanguinem
1638 1012 1803 1049 gestantium

1014 1060 1081 1087 nulli
1098 1060 1238 1095 possibile,
1251 1059 1426 1087 sanctissimo
1444 1064 1537 1088 autem
1562 1067 1594 1087 ac
1613 1059 1805 1094 preemineuti

1014 1106 1117 1134 Christi
1143 1107 1255 1142 martyri
1280 1107 1418 1134 Demetrio
1440 1106 1519 1134 valde
1539 1106 1622 1134 etiam
1642 1105 1731 1134 facile.
1749 1105 1806 1134 Sua

1014 1152 1086 1180 enim
1102 1153 1274 1180 immateriali
1291 1152 1383 1180 anima
1399 1153 1506 1188 ﬁdeque
1520 1157 1598 1188 parat
1613 1153 1727 1187 regiam,
1745 1159 1807 1188 quas

1015 1205 1124 1226 sursum
1139 1203 1192 1232 est,
1207 1199 1346 1227 civitatem
1362 1199 1517 1227 Jerusalem
1533 1199 1678 1231 inhabitat,
1692 1198 1807 1226 Thcssa-

1015 1245 1200 1281 lonicamque,
1216 1253 1278 1280 qua:
1302 1247 1393 1281 ipsum
1415 1247 1542 1279 enutriit,
1567 1245 1640 1273 haud
1666 1245 1805 1280 relinquit.

1016 1291 1102 1319 Habet
1117 1291 1209 1327 itaque
1226 1292 1254 1319 in
1277 1293 1411 1320 ambabus
1429 1293 1591 1320 civitatibus
1616 1292 1724 1319 domos.
1748 1291 1807 1318 Mo-

1016 1338 1078 1365 nuit
1091 1343 1184 1366 autem
1201 1343 1237 1372 te,
1254 1338 1397 1366 dominum
1411 1346 1514 1372 meum,
1528 1343 1558 1366 ut
1572 1339 1605 1366 ad
1619 1339 1731 1366 domum
1748 1338 1807 1372 ejus

1015 1383 1150 1411 accedens
1160 1383 1304 1411 sanitatem
1314 1383 1502 1419 consequaris.
1517 1383 1700 1418 Dispicinmus
1712 1382 1806 1418 igitur,

1016 1437 1083 1457 num
1110 1433 1148 1462 te,
1173 1437 1275 1464 corpus
1299 1434 1463 1465 gestantem,
1476 1429 1588 1456 domum
1609 1429 1680 1463 ejus,
1697 1437 1757 1462 quae
1780 1429 1807 1455 in

1017 1482 1135 1510 superna
1146 1474 1298 1503 Jerusalem
1313 1480 1365 1509 est,
1382 1475 1458 1503 adire
1470 1475 1507 1503 sit
1535 1475 1675 1510 possibile.
1692 1474 1718 1502 Id
1732 1475 1808 1502 cuitu

1017 1521 1099 1550 etiam
1121 1525 1147 1548 te
1171 1521 1266 1550 morbo
1288 1521 1465 1549 liberaturum
1483 1521 1620 1556 promisit.
1637 1520 1740 1549 Veru
1761 1529 1810 1548 na-

173 1564 291 1600 φυσικὸν
305 1565 379 1600 ἡμᾶς
392 1564 439 1591 νῦν
456 1566 526 1600 μετὰ
539 1565 659 1599 γεώδους
675 1566 793 1601 σκήνους
818 1566 854 1592 τὰ
874 1566 964 1592 ὲκεῐσε

1018 1567 1106 1594 turale
1126 1567 1203 1594 haud
1227 1572 1279 1600 est,
1296 1574 1348 1595 nos
1365 1567 1448 1594 modo
1464 1575 1527 1594 cum
1549 1571 1660 1594 terreno
1681 1573 1807 1600 emporc,

173 1611 363 1639 καταλαϐεῖν·
393 1611 516 1638 λείπεται
540 1611 633 1638 τοίνυν
653 1610 720 1646 περὶ
751 1610 800 1637 τοῦ
825 1611 854 1638 ὲν
877 1611 964 1648 ταύτῃ

172 1658 207 1693 τῇ
228 1655 408 1691 θεοφυλάκτῳ
422 1656 476 1683 τῶν
491 1655 715 1683 Θεσσαλονικέων
737 1657 906 1692 μητροπόλει
922 1666 966 1684 σε-

173 1701 295 1738 ϐασμίου
309 1701 384 1728 οῐκου
396 1701 480 1728 αὑτοῦ
497 1701 544 1728 τὸν
559 1702 589 1728 ἐν
603 1700 644 1736 τῷ
663 1701 740 1737 ὕπνῳ
752 1702 912 1738 λαλήσαντὰ
923 1712 964 1731 σοι

174 1746 362 1782 σημάνασθαι.

212 1795 262 1825 ις’.
277 1793 310 1820 Τί
331 1791 379 1820 οὖν
396 1793 544 1829 μέλλομεν,
563 1790 585 1821 ὦ
596 1793 727 1828 δέσποτα,
744 1795 792 1822 καὶ
821 1796 872 1823 οὐκ
896 1796 966 1824 τάπι-

176 1848 239 1875 μεν,
257 1840 306 1866 καὶ
319 1840 368 1876 τὴν
381 1840 447 1876 παρ’
459 1840 542 1868 αὑτοῦ
555 1841 707 1878 τρυγῶμεν
723 1842 894 1878 ὲπισκοπήνς
909 1843 967 1871 Καὶ

173 1887 265 1914 ταῦτα
279 1887 371 1923 φήσας
385 1887 400 1914 6
416 1888 492 1921 παῖς,
510 1887 606 1923 ήγειρε
623 1888 676 1924 τῆς
692 1888 787 1924 κλίνης
803 1890 849 1916 τὸν
867 1890 965 1918 ἑαυτοῦ

175 1932 325 1969 δεσπότην,
345 1934 392 1962 καὶ
410 1933 472 1969 μεθ’
485 1934 590 1969 ἑτέρων
605 1934 756 1962 συνδούλων
771 1935 854 1962 αὑτοῦ
867 1935 967 1971 βαστά-

177 1989 229 2012 σας
254 1981 316 2012 ταῖς
338 1981 427 2016 χερσὶ,
445 1981 621 2016 συμπλέγδην
644 1980 816 2016 ἑκατέρωθεν
841 1982 966 2017 αὐτοφυῆ

177 2026 313 2062 καθέδραν
328 2026 403 2060 αὐτῷ
419 2026 645 2062 μηχανησάμενοι
662 2027 732 2062 (οὐδὲ
755 2027 810 2062 γὰρ
833 2027 910 2064 ἵππῳ
923 2029 967 2055 εὑ-

177 2073 269 2108 φόρως
278 2072 436 2108 ἐποχεῖσθαι
449 2072 584 2107 ἐδύνατο),
596 2072 717 2108 ἤνεγκαν
725 2074 755 2100 ὲν
767 2073 806 2108 τῷ
818 2074 967 2111 πανσέπτῳ

178 2118 236 2154 ναῷ
261 2117 309 2144 τοῦ
340 2117 503 2150 πανενδάξου
530 2118 669 2154 μάρτυρος
693 2119 862 2154 Δημητρίου.
886 2120 916 2147 '0
938 2121 967 2149 δὲ

177 2164 320 2197 εἰσελθὼν,
335 2164 386 2190 ’καὶ
413 2163 474 2190 ἰδὼν
496 2163 546 2198 τὴν
563 2164 731 2198 εὐπρέπειαν
751 2164 800 2192 τοῦ
817 2165 905 2199 οίκου,
919 2167 967 2194 καὶ

177 2210 229 2244 τὴν
250 2210 279 2235 ὲν
300 2209 375 2244 αὖτῷ
396 2209 586 2245 πνευματικὴν
603 2209 731 2241 εὐωδίαν.
746 2210 796 2246 τήν
810 2211 967 2246 τρέφουσαν

1017 1620 1078 1647 qua:
1092 1611 1193 1640 ibidem
1215 1616 1290 1645 sunt,
1304 1616 1410 1640 tenere.
1425 1611 1523 1638 Restat
1540 1619 1618 1646 ειεο,
1635 1615 1675 1644 ut,
1690 1611 1736 1645 qui
1761 1611 1808 1637 tibi

1017 1659 1046 1687 in
1062 1666 1159 1686 somno
1174 1658 1282 1686 locutus
1295 1664 1347 1692 est,
1359 1659 1392 1686 de
1405 1658 1560 1685 veneranda
1575 1657 1658 1684 domo
1673 1664 1734 1689 sua,
1748 1662 1809 1691 quas

1019 1707 1047 1733 in
1059 1705 1113 1733 hac
1127 1705 1266 1733 custodita
1280 1712 1297 1732 a
1320 1704 1378 1732 Deo
1396 1703 1686 1732 Thessalonicensium
1707 1708 1809 1730 metro-

1018 1751 1073 1786 poli
1089 1755 1141 1783 est,
1157 1750 1253 1778 fecerit
1269 1758 1437 1778 sermonem.

1056 1797 1100 1825 l6.
1116 1797 1188 1830 Quid
1211 1797 1293 1833 igitur
1320 1801 1495 1829 cunctamur,
1513 1795 1590 1829 bere,
1614 1803 1665 1822 nec
1686 1794 1809 1826 abimus,

1019 1843 1228 1879 faciendamque
1244 1845 1278 1870 ab
1292 1850 1327 1871 eo
1337 1842 1525 1870 visitationem
1541 1849 1679 1869 moraumr
1688 1841 1699 1867 ?
1709 1841 1809 1875 Atque,

1019 1890 1065 1918 his
1079 1889 1176 1923 dictis,
1193 1889 1335 1917 dominum
1359 1896 1438 1916 suum
1464 1895 1560 1915 servus
1574 1895 1589 1915 e
1602 1888 1674 1915 lecto
1690 1886 1790 1914 levavit
1801 1905 1810 1918 ,

1017 1935 1213 1970 sublatumque
1229 1942 1292 1962 cum
1307 1934 1368 1962 aliis
1383 1935 1526 1962 conservis
1541 1934 1610 1967 suis,
1627 1933 1694 1960 sede
1709 1933 1746 1966 ei,
1759 1939 1810 1959 cu:

1019 1981 1065 2016 jus
1076 1982 1161 2009 latera
1171 1981 1308 2015 utrimque
1319 1985 1400 2008 erant
1410 1980 1437 2006 iu
1450 1987 1479 2007 se
1491 1978 1649 2014 conjuncta,
1658 1982 1809 2012 exstructa,

1019 2028 1148 2056 manibus
1161 2027 1220 2055 suis
1235 2028 1338 2062 (neque
1346 2027 1420 2054 enim
1433 2033 1505 2061 equo
1517 2025 1599 2053 facile
1612 2025 1672 2052 vehi
1691 2025 1810 2060 poterat)

1021 2074 1050 2101 in
1061 2072 1246 2101 venerandum
1260 2072 1450 2108 gloriosissimi
1463 2071 1589 2107 martyris
1605 2072 1736 2107 templum
1748 2079 1810 2107 por-

1021 2122 1124 2147 tarunt.
1140 2118 1210 2147 Cum
1226 2123 1317 2146 autem
1330 2123 1406 2146 esset
1421 2118 1573 2154 ingressus,
1591 2117 1714 2153 aedisque
1728 2125 1811 2145 orna-

1022 2171 1079 2193 tum
1093 2172 1126 2192 ac
1141 2165 1310 2200 spiritualem
1329 2164 1414 2197 illius.
1426 2165 1472 2200 qui
1489 2164 1611 2192 ﬁdelium
1626 2165 1731 2192 animas
1742 2185 1749 2198 ,
1764 2172 1811 2192 ve-

1018 2211 1062 2239 lut
1072 2211 1119 2240 Dei
1130 2211 1274 2246 paradisus
1286 2232 1295 2246 ,
1310 2211 1371 2244 alit.
1385 2211 1497 2240 odorem
1513 2211 1702 2246 comperisset.
1717 2211 1751 2238 iis
1764 2210 1811 2245 qui

177 2255 227 2286 τὰς
242 2254 329 2290 ψυχὰς
352 2255 407 2282 τῶν
421 2254 538 2287 πιστῶν,
553 2254 590 2288 ὡς
605 2256 620 2282 ὁ
635 2255 799 2291 παράδεισος
821 2257 870 2283 τοῦ
886 2257 964 2291 Θεοῦ,

1021 2259 1096 2286 illum
1119 2258 1255 2293 ferebant,
1284 2258 1444 2287 domesticis
1467 2258 1558 2286 dixit:
1577 2258 1608 2285 in
1636 2257 1711 2285 nudo
1733 2257 1811 2292 pavi-

177 2299 240 2329 εἶπε
265 2302 322 2333 τοῖς
348 2300 531 2336 βαστάζουσιν
550 2301 633 2329 αὑτὸν
653 2303 783 2336 οἰκέταις,
806 2303 916 2339 Ῥίψατέ
933 2313 969 2339 με

178 2347 284 2375 πλωτὸν
304 2348 345 2379 εις
362 2347 392 2374 τὺ
407 2346 517 2382 ἔδαφος.
533 2347 564 2374 Ol
581 2347 610 2374 δὲ
629 2348 679 2375 οὐκ
690 2348 835 2376 ὲΰούλοντο
856 2349 904 2385 μὲν
924 2350 969 2378 διὰ

177 2394 208 2421 τὸ
224 2394 307 2421 παντὶ
325 2393 404 2428 μέρει
426 2393 474 2420 τοῦ
487 2393 615 2429 σώματος
627 2394 759 2430 ἀκίνητον
776 2395 858 2423 αὐτὸν
881 2396 969 2432 ὑπάρ-

178 2448 253 2474 χειν·
277 2440 354 2474 ὃμως
373 2441 580 2476 ὲγκελευομένῳ
598 2441 780 2477 σφοδρότερον
807 2442 968 2479 ὑπήκουσαν

178 2486 304 2518 ἄκοντες.
326 2486 356 2512 '0
377 2486 405 2512 δὲ
428 2486 518 2521 ῥιφεὶς
541 2487 589 2513 ἐπὶ
604 2487 654 2523 τὴν
675 2488 831 2524 μάρμαρον,
847 2490 895 2516 καὶ
912 2491 970 2521 τοῖς

179 2532 330 2567 ὀφθαλμοῖς
345 2532 502 2567 ἀναϐλέψας
519 2533 612 2568 μόνον,
628 2534 691 2560 οὐδὲ
711 2534 766 2570 γὰρ
779 2535 830 2570 τὴν
847 2535 969 2571 κεφαλὴν

180 2579 312 2609 σαλεῦσαι
326 2578 449 2612 ἐδύνατο,
461 2579 656 2607 τῶντενόντων
672 2580 760 2616 πάντη
773 2580 968 2616 διαλυομένων,

178 2625 283 2659 ηὔξατο
293 2625 379 2657 οὕτως
388 2633 396 2640 ·

217 2672 261 2704 ιζ’.
278 2672 358 2705 Ἃγιε
381 2672 428 2698 καὶ
438 2672 556 2707 πανάγιε
570 2672 715 2708 ἀθλοφόρε,
729 2674 776 2700 καὶ
788 2675 881 2709 γνήσιε
894 2674 971 2701 δοῦλε

180 2717 313 2752 Χριστοῦ,
333 2719 347 2744 6
362 2718 410 2752 τὴν
424 2719 518 2754 ψυχήν
532 2727 579 2745 σου
590 2719 652 2751 δοὺς
666 2719 737 2754 ὐπδρ
754 2720 848 2753 αὐτοῦ,
863 2721 912 2747 καὶ
920 2721 972 2755 ψυ-

181 2763 231 2797 χὰς
246 2763 353 2791 πολλῶν
369 2765 517 2799 κερδήσας,
533 2768 581 2791 καὶ
596 2766 786 2800 προσενέγκας
803 2767 876 2802 αὐτῷ
887 2776 894 2782 ο
911 2768 925 2793 6
940 2768 971 2794 τὸ

183 2810 263 2844 σῶμά
294 2819 342 2837 σου
377 2812 437 2842 ταῖς
469 2811 581 2847 λόγχαις
616 2813 836 2848 τιτρωσκόμενον
867 2814 972 2849 θεωρή-

186 2863 233 2887 σας
247 2857 317 2892 ὑπὲρ
332 2857 426 2890 αὐτοῦ,
443 2858 490 2884 καὶ
504 2859 697 2892 μεγαλυνθεὶς,
713 2860 759 2886 καὶ
777 2859 891 2894 σώματα
910 2860 972 2887 πολ-

185 2899 238 2926 λῶν
258 2903 287 2928 ἐκ
304 2903 357 2929 τῶν
385 2904 478 2935 μυλῶν
493 2904 538 2930 τοῦ
559 2905 665 2936 λέοντος
678 2905 871 2936 ἐξαιρούμενος
888 2906 969 2938 μέχρι

1020 2308 1115 2332 mento
1135 2312 1179 2332 tne
1194 2305 1334 2340 deponito.
1357 2304 1398 2332 llli
1411 2309 1515 2338 autem,
1527 2303 1601 2339 quod
1619 2303 1694 2330 omni
1712 2310 1812 2337 corpo-

1021 2350 1059 2377 ris
1075 2355 1151 2385 parte
1169 2349 1315 2378 immobilis
1329 2350 1352 2377 is
1366 2355 1450 2383 esset,
1471 2357 1526 2377 non
1543 2349 1672 2376 volebant
1688 2349 1811 2383 quidem,

1021 2396 1175 2424 districtius
1191 2400 1283 2424 tamen
1305 2396 1412 2430 iubenti
1422 2396 1503 2424 inviti
1520 2400 1682 2431 paruerunt.
1698 2394 1744 2422 lllc
1760 2402 1811 2421 au-

1022 2448 1075 2471 tem
1102 2443 1131 2470 in
1158 2449 1342 2470 marmoreum
1373 2442 1461 2470 solum
1485 2442 1646 2477 coniectus,
1669 2441 1815 2476 oculisque

1018 2491 1154 2518 duntaxat
1177 2489 1278 2525 (neque
1299 2488 1386 2521 enim,
1411 2488 1503 2516 nervis
1523 2488 1637 2516 omnino
1657 2487 1812 2518 diesolutis,

1021 2541 1102 2572 caput
1122 2543 1233 2564 movere
1253 2535 1373 2571 poterat)
1396 2535 1524 2569 sublatis,
1550 2534 1624 2562 hunc
1643 2534 1673 2561 in
1699 2533 1814 2568 modum

1022 2582 1112 2610 oravit
1129 2591 1136 2610 ι

1060 2674 1103 2701 t7.
1117 2673 1218 2700 Sancte
1234 2679 1266 2700 ac
1283 2672 1438 2700 beatissime
1454 2670 1638 2699 certaminum
1652 2670 1750 2702 victor,
1766 2677 1814 2704 ga-

1023 2720 1163 2754 nuineque
1178 2719 1281 2747 Christi
1299 2725 1391 2751 serve,
1405 2718 1470 2753 qui,
1492 2718 1584 2744 anima
1610 2721 1656 2744 tua
1677 2724 1726 2751 pro
1751 2717 1813 2751 ipso

1022 2766 1096 2798 data,
1115 2764 1220 2792 animas
1232 2763 1315 2792 etiam
1331 2763 1479 2791 multorum
1494 2762 1615 2790 lucratus
1626 2769 1667 2795 es,
1681 2766 1763 2796 atque
1778 2761 1813 2788 ad

1022 2820 1085 2840 eum
1103 2810 1259 2844 adduxisti;
1285 2810 1333 2845 qui
1355 2817 1455 2844 corpus
1468 2813 1546 2838 tuum
1565 2808 1668 2836 lanceis
1684 2816 1734 2843 pro
1751 2808 1813 2843 ipso

1022 2859 1193 2885 vulneratum
1210 2856 1384 2891 conspicatus
1401 2855 1647 2891 magniﬁcatusque
1661 2854 1812 2882 multorum

1024 2905 1104 2933 etiam
1120 2911 1233 2938 carpam
1248 2913 1261 2931 ρ
1279 2903 1367 2932 leonis
1377 2902 1507 2931 dentibus
1521 2908 1607 2938 usque
1624 2907 1698 2929 nunc
1714 2899 1812 2936 eripis,
