2039 3150
216 165 284 198 1195

866 161 1190 193 SUPPLEMENTUM.

1772 160 1838 192 1196

249 221 294 249 l5.
309 221 368 255 Qua
385 223 507 254 accepta,
522 219 565 246 abi
582 218 661 245 simul
675 225 738 245 cum
751 218 804 245 vita
818 217 910 245 fruens
929 226 996 253 quo<

1085 216 1124 243 ιε’.
1145 217 1199 243 Καὶ
1214 216 1303 243 λαὸὼν
1319 216 1396 243 ἄπιθι
1409 216 1480 252 μετὰ
1498 215 1544 242 τοῦ
1557 216 1606 252 ζῇν
1629 215 1774 243 ἀπολαύων
1792 218 1839 244 καὶ

213 275 265 303 que
279 267 413 303 pecuniis.
429 266 467 294 Ne
481 270 571 293 autem
587 272 649 291 cum
662 263 742 300 Lyaeo
756 264 868 292 omnino
885 272 998 300 congre-

212 312 297 340 diaris
313 321 319 344 ;
336 311 392 346 jam
410 310 483 337 enim
508 309 609 337 mullos
630 309 684 337 vita
703 309 832 344 privavit,
854 317 955 342 eosque
972 314 998 337 te

213 359 294 393 longe
310 357 489 385 robustiores.
506 356 554 384 llis
582 356 683 384 auditis
700 356 797 383 Nestor
812 363 899 390 neque
917 357 999 391 impe-

214 405 312 432 ratoris
336 403 453 438 arripuit
476 402 680 435 liberalitatem,
704 410 792 437 neque
814 411 909 430 rursns
928 402 997 438 Lyaei

213 451 338 478 laudibus
354 450 406 477 fuit
421 450 542 477 territus.
556 449 712 483 Imperatori
734 453 839 482 autem,
863 449 922 476 Non
949 457 997 476 cu-

211 497 268 530 pio,
282 497 380 531 inquit,
398 496 539 530 pecunias,
557 503 646 530 neque
660 503 690 522 ea
705 495 738 522 de
753 503 835 523 causa
852 495 953 530 prodeo
970 495 997 522 in

210 548 367 574 certamen;
387 542 434 569 sed
448 541 559 577 gloriam
575 542 664 576 potius
679 541 804 577 cupiens,
820 546 847 568 et
860 541 938 576 Lymo
951 549 996 567 vo-

212 591 270 616 lens
283 596 418 624 ~apparere
429 587 611 623 praestantior.
624 587 681 615 Non
691 588 779 614 solum
792 587 863 615 enim
877 587 996 619 divitias,

211 636 258 662 sed
275 635 358 662 etiam
372 635 458 669 ipsam
474 634 555 661 vitam
573 634 654 661 statui
673 633 797 668 rejieere,
811 633 832 660 si
849 633 927 668 Lyrco
939 633 996 668 glo-

213 682 252 707 ria
273 681 388 709 inferior
405 681 494 712 fuero,
515 685 541 708 et
568 681 672 715 primas
686 680 725 707 illi
743 687 862 707 cessero.
879 680 942 706 Hau:
958 679 997 706 sic

211 728 294 758 dicta,
311 731 339 754 et
362 727 566 761 imperatorem,
582 731 608 753 et
624 734 671 753 eos
694 734 790 754 onmes
813 727 859 762 qui
883 727 997 753 aderant

211 774 283 801 circa
298 773 397 808 ipsum,
413 773 445 800 ad
470 773 536 800 iram
559 777 744 807 provocarunt
761 780 767 799 :
789 773 833 807 qui
849 772 996 808 (quomodo

211 820 283 847 cnim
299 823 431 852 armatus,
448 824 474 846 et
488 826 542 853 quo
555 823 627 846 esset
643 818 738 852 fretus,
757 818 801 845 ille
821 819 940 846 nondum
955 818 996 845 di-

212 867 298 899 xerat)
311 865 471 901 arrogantia
487 869 590 892 tantum
605 870 634 892 et
653 873 727 892 ηοω
741 865 832 900 gloria:
841 865 921 893 verba
935 872 997 892 esse

1050 263 1103 288 τῶν
1116 262 1274 297 χρημάτων.
1301 263 1393 297 Λυαίῳ
1416 263 1444 289 δὲ
1465 262 1577 289 σεαυτὸν
1603 261 1632 288 τὸ
1652 262 1784 297 παράπαν
1800 262 1838 298 μὴ

1050 309 1215 343 ἀπιστήσῃς
1231 299 1239 324 έ
1256 308 1369 340 πολλοὺς
1392 308 1445 344 γὰρ
1473 307 1521 335 τοῦ
1541 307 1590 343 ζῇν
1616 307 1774 342 ἀπήλλαξε,
1790 308 1838 334 καὶ

1050 353 1103 380 τῶν
1117 354 1255 380 καταπολὺ
1268 353 1315 380 σοῦ
1337 353 1568 389 ῥωμαλεωτέρων,
1583 353 1676 380 Ταῦτα
1689 353 1703 379 ὁ
1722 353 1837 387 Νέστωρ

1049 400 1179 432 ἀκούσας,
1191 399 1252 426 οὔτε
1263 400 1370 434 ἥρπασε
1389 400 1438 436 τὴν
1451 399 1499 426 τοῦ
1516 400 1648 436 βασιλέως
1664 400 1834 434 φιλοτιμίαν,

1049 446 1110 472 οὔτε
1124 446 1205 472 πάλιν
1227 447 1295 481 πρὸς
1309 446 1355 473 τὸν
1371 447 1417 473 τοῦ
1437 446 1539 473 Λυαίου
1564 446 1676 473 ἔπαινον
1691 447 1836 473 ὲδειλίασε,

1049 492 1094 526 Τῷ
1120 492 1148 518 δὲ
1178 491 1292 526 βασιλεῖ,
1316 491 1352 518 Οὐ
1374 492 1526 526 χρημάτων
1541 491 1679 526 ἐπιθυμῶ,
1698 491 1760 526 ἔφη.
1777 491 1837 517 οὐδὲ

1050 538 1125 573 παρὰ
1149 537 1227 564 τοῦτο
1242 537 1359 572 ἐμαυτὸν
1375 539 1415 569 εἰς
1429 538 1504 564 τόνδε
1527 538 1572 564 τὸν
1600 538 1692 571 ἀγῶνα
1715 537 1836 570 καθῆκα,

1048 583 1115 610 ἀλλὰ
1127 583 1205 618 δόξης
1222 583 1292 618 ἐρῶν
1310 583 1420 617 μᾶλλον,
1439 583 1487 610 καὶ
1503 583 1605 610 Λυαίου
1620 583 1752 618 κρείττων
1772 584 1837 609 ἀνα-

1049 628 1165 662 φανῆναι
1181 627 1352 662 βουλόμενος.
1372 627 1529 664 ’Λπώμοτον
1548 629 1602 664 γὰρ
1617 629 1678 664 ἐμοὶ
1696 629 1733 663 μὴ
1750 629 1791 654 ὅτι
1805 637 1836 661 γε

1047 671 1078 698 τὸ
1092 673 1217 699 πλουτεῖν
1230 692 1237 705 ,
1266 673 1334 700 ἀλλὰ
1356 673 1404 699 καὶ
1430 673 1496 700 αὐτὸ
1517 674 1546 700 τὸ
1565 673 1625 709 ζῇν,
1643 673 1721 708 δόξης
1733 673 1836 704 εἴξαντι

1048 721 1150 756 Λυαίῳ,
1164 721 1211 747 καὶ
1226 721 1280 747 τῶν
1302 721 1445 756 πρωτείων
1463 721 1560 756 ὲκείνῳ
1589 721 1835 756 παρα-χωρήσαντι.

1048 766 1140 793 Ταῦτα
1154 766 1225 794 οὕτω
1235 767 1368 802 λεχθέντα
1381 769 1428 794 καὶ
1444 768 1557 802 βασιλέα
1572 769 1620 795 καὶ
1636 768 1698 799 τοὺς
1713 768 1779 802 περὶ
1791 767 1838 794 αὗ-

1047 810 1091 837 τὸν
1105 811 1226 843 ἃπαντας
1241 812 1371 848 ἠρέθισαν
1385 814 1424 843 είς
1439 813 1524 848 ὀργήν
1534 821 1542 829 ο
1555 813 1630 844 ὅπως
1640 812 1694 848 γὰρ
1702 812 1835 844 ὡπλίσθη,

1048 858 1096 885 καὶ
1112 859 1154 893 ἐφ’
1168 855 1190 893 ᾧ
1207 859 1344 891 πεποιθὼς
1357 860 1460 891 ἐκεῖνος
1473 859 1560 892 οὕτως
1572 859 1732 894 ἐφθέγγετο,
1760 859 1836 886 αὐτοὶ

212 891 415 940 existimabant.
434 912 523 946 Atque
535 912 684 946 imperator
697 911 807 945 quidem
824 910 933 946 Lyaeum
948 919 995 939 ve-

1049 891 1221 937 ἀγνοοῧντες,
1247 903 1407 936 ἀλαζονείας
1436 905 1521 939 μόνης
1548 891 1686 931 καὶ-κενοῦ
1701 904 1786 938 τύφου
1803 903 1836 929 τὰ

213 958 355 986 hementer
367 957 499 985 incitabat
516 957 549 984 ad
567 961 716 988 certamen,
733 957 891 992 impetuque
905 961 932 984 et
948 965 998 984 au-

211 1004 286 1032 dacia
303 1004 412 1040 plenum
425 1004 484 1039 ejus
497 1003 619 1031 animum
636 1003 766 1031 reddebat
780 1003 924 1030 acriorem.

249 1094 291 1121 l6.
310 1093 418 1122 Nestori
439 1098 529 1121 autem
547 1093 668 1121 animum
685 1094 819 1121 addebant
842 1094 922 1121 verba
942 1094 992 1121 De-

211 1139 314 1170 metrii,
330 1144 357 1166 et
369 1139 507 1166 Christus.
523 1138 563 1166 Ad
575 1146 655 1174 quem
673 1139 800 1166 attollens
815 1140 908 1166 oculos
922 1139 997 1166 dice-

210 1187 257 1215 bat
277 1186 374 1213 :‘Deus
397 1185 537 1218 Demetrii,
552 1184 672 1213 concede
699 1185 785 1218 mihi,
815 1191 843 1212 ut
867 1194 926 1220 ego,
949 1185 997 1220 qui

210 1240 270 1260 sum
287 1237 366 1260 aetate
382 1232 473 1259 brevis
496 1231 592 1264 David,
616 1237 748 1266 tanquam
773 1233 856 1260 alium
875 1232 996 1262 Goliath.

210 1279 314 1314 pudore
326 1283 355 1306 et
367 1278 514 1314 ignominia
530 1277 636 1313 Lyazum
650 1278 775 1307 alliciam.
793 1278 830 1306 Te
843 1279 916 1306 enim
942 1279 997 1305 irc-

211 1329 255 1351 lus
271 1324 378 1360 suscepi
397 1325 448 1352 hoc
466 1328 606 1351 certamen
621 1324 649 1351 in
673 1324 763 1351 medio
780 1325 927 1352 multorum
942 1346 948 1357 ,
967 1330 998 1352 ut

210 1375 287 1398 tuum
302 1377 402 1398 nomen
419 1369 596 1405 glorificetur,
613 1369 659 1403 qui
683 1369 758 1396 solus
781 1377 810 1397 es
835 1377 898 1396 vere
913 1369 995 1401 Deus,

208 1416 282 1443 etiis
295 1415 341 1450 qui
358 1415 386 1442 in
400 1419 428 1443 te
444 1414 571 1441 virtutem
588 1413 699 1445 faciunt.
717 1414 803 1441 mittis
818 1415 949 1442 auxilium
964 1418 996 1442 de

206 1465 306 1489 aaneto
318 1461 385 1495 (H).
402 1460 447 1487 Sic
459 1459 539 1491 dixit,
553 1464 592 1492 et,
609 1459 707 1487 stricto
722 1460 843 1493 acinace,
857 1460 995 1495 ingres~us

209 1508 357 1537 theatrum.
371 1512 401 1534 et
417 1514 479 1534 cum
504 1506 619 1533 barbaro
642 1513 822 1540 congressus,
840 1507 921 1534 infert
936 1508 996 1542 ejus

208 1553 284 1581 cordi
302 1559 402 1581 certam
419 1553 535 1588 plagam.
545 1552 578 1580 Et
590 1552 682 1580 statim
695 1538 770 1580 illum
787 1538 899 1588 quidem
916 1538 995 1581 inter-
1011 1538 1035 1600 ὁ

209 1599 288 1633 imit,
319 1598 379 1626 fere
395 1603 487 1626 autem
504 1598 593 1633 ipsum
611 1605 724 1632 quoque
738 1598 930 1626 Maximianum
946 1599 994 1626 do-

207 1645 276 1678 lore,
296 1652 378 1680 quem
392 1644 426 1673 de
443 1651 476 1671 eo
490 1643 595 1678 accepit
611 1652 618 1670 :
633 1643 718 1671 multo
729 1652 792 1671 vero
805 1645 890 1679 magis
905 1645 994 1679 ipsum

208 1699 318 1727 quoque
334 1698 467 1722 errorem,
483 1695 510 1718 et
525 1698 587 1718 cum
603 1697 636 1717 eo
650 1690 709 1725 eius
726 1695 882 1724 auctorem,
900 1693 996 1719 occul-

208 1743 278 1771 tum,
296 1739 420 1773 inquam,
436 1737 630 1764 Maximianum
644 1741 733 1764 morte
749 1737 840 1764 allicit.

243 1784 288 1812 17.
304 1783 489 1811 Maximianus
502 1787 593 1810 autem
609 1783 758 1817 imperator
772 1791 825 1810 non
842 1784 930 1818 potuit
943 1792 997 1811 am-

208 1830 280 1865 plius
294 1829 401 1862 sedere,
419 1828 467 1856 sed
483 1828 574 1856 statim
595 1829 714 1856 surrexit
729 1829 770 1856 ira
786 1829 885 1864 plenus
900 1835 928 1858 et
944 1831 995 1858 tri-

209 1875 294 1906 stitia,
321 1874 391 1902 etin
415 1874 504 1902 aulam
528 1874 596 1902 abiit
622 1874 735 1909 regiam,
760 1875 853 1911 gravia
878 1878 950 1912 apud
966 1885 996 1905 se

208 1928 332 1952 versans,
350 1924 378 1948 et
392 1920 516 1947 veritatis
529 1920 670 1955 splendori
684 1920 780 1948 volens
794 1921 895 1956 impius
910 1922 997 1950 olYun-

209 1968 276 1996 dere
299 1967 437 1999 tenebras,
461 1965 643 2001 Nestorisque
668 1966 810 1995 victoriam
835 1968 994 2004 obscurare,

208 2022 240 2042 ac
253 2022 303 2049 per
317 2013 383 2041 illud
397 2013 500 2040 cultum
521 2013 644 2047 Christi,
666 2021 722 2049 pra!
739 2015 823 2042 multa
842 2015 994 2050 ignorantia

209 2068 266 2088 rem
286 2067 386 2087 vocans
400 2059 559 2095 praestigias.
573 2059 669 2095 Neque
691 2061 783 2095 enim,
801 2062 912 2094 aiebat,
929 2064 997 2091 alias

209 2106 243 2133 ab
257 2113 290 2133 eo
303 2104 399 2133 fuisset
417 2105 597 2140 interemptus
614 2105 648 2139 is,
663 2106 708 2142 qui
724 2110 778 2134 tam
794 2109 922 2142 praeclara
935 2110 996 2138 eiIe«

209 2156 285 2179 «erat
299 2151 430 2178 facinora.
446 2151 551 2186 Itaque,
570 2160 705 2187 generoso
721 2153 835 2182 Nestore
851 2157 994 2190 accersito,

209 2202 337 2231 tanquam
353 2204 398 2224 res
414 2201 486 2224 esset
501 2202 588 2229 certa,
606 2201 633 2224 et
649 2198 721 2225 nulla
737 2206 805 2234 Opus
821 2200 934 2228 haberet
951 2202 992 2229 in-

207 2243 380 2278 quisitione:
399 2243 447 2270 Dic
472 2243 550 2276 mihi,
575 2243 661 2276 dicit,
688 2245 860 2280 adolescens,
880 2255 997 2281 quanam

1051 950 1161 985 ῥήματα
1174 950 1374 985 ὑπελάμσανον.
1396 951 1425 977 'O
1441 951 1488 985 μὲν
1500 948 1547 978 οὖν
1565 950 1690 986 βασιλεὺς
1705 950 1787 981 πολὺς
1801 947 1835 985 ἦν

1050 996 1089 1027 είς
1101 995 1145 1023 τὸν
1157 995 1250 1030 ἀγῶνα
1264 996 1406 1031 διεγείρων
1422 997 1523 1024 Λυαῖον
1542 996 1591 1024 καὶ
1607 996 1656 1024 τὴν
1675 996 1764 1032 ὁρμῆς
1788 995 1835 1022 καὶ

1051 1041 1168 1076 θάρσους
1183 1041 1309 1076 ἔμπλεων
1323 1041 1485 1076 παροξύνων
1504 1042 1605 1078 ψυχήν.

1088 1091 1135 1120 ις’.
1153 1088 1268 1124 Νέστορι
1289 1087 1317 1114 δὲ
1332 1089 1361 1115 τὲ
1378 1088 1479 1124 θάρσος
1491 1089 1516 1115 οῑ
1532 1089 1689 1124 Δημητρίου
1703 1087 1778 1123 λόγοι
1790 1089 1836 1116 καὶ

1050 1133 1166 1168 Χριστὸς
1184 1131 1228 1169 ἦν,
1243 1133 1312 1169 πρὸς
1325 1133 1354 1160 ὃν
1372 1133 1517 1166 ἀνατείνας
1541 1134 1604 1166 τοὺς
1615 1133 1782 1169 ὀφθαλμοὺς,
1805 1133 1835 1160 '0

1050 1180 1134 1212 Θεὸς,
1160 1180 1246 1214 ἔλεγε,
1277 1181 1435 1215 Δημητρίου
1446 1201 1453 1212 ,
1468 1181 1513 1213 δὸς
1537 1181 1587 1216 ὲμὲ
1604 1181 1649 1207 τὶν
1668 1180 1772 1216 βραχὺν
1787 1180 1836 1215 τὴν

1050 1227 1160 1261 ἠλικίαν
1182 1227 1265 1254 Δαὸὶδ
1290 1226 1385 1253 Γολιὰθ
1416 1227 1497 1253 ἄλλον
1523 1226 1703 1262 χαταισιῦναι
1724 1227 1834 1254 Λυαῖον.

1051 1273 1096 1299 Σοὶ
1107 1273 1161 1309 γὰρ
1175 1272 1314 1305 πεποιθὼς
1325 1273 1370 1300 τὸν
1383 1273 1476 1304 ἀγῶνα
1490 1273 1585 1300 τοῦτον
1599 1274 1626 1300 ὲν
1639 1274 1714 1309 μέσῳ
1730 1273 1836 1300 πολλῶν

1050 1321 1172 1356 ἠράμην,
1190 1321 1234 1348 ἴνα
1249 1322 1279 1348 τὸ
1299 1322 1346 1348 σὺν
1364 1321 1450 1357 ὄνομα
1466 1321 1582 1358 δοξασθῇ
1597 1321 1645 1348 τοῦ
1668 1322 1750 1356 μόνου
1770 1321 1836 1357 ἀλη-

1050 1367 1104 1398 θῶς
1118 1367 1197 1399 Θεοῦ,
1215 1368 1262 1394 uel
1278 1369 1335 1400 τοῖς
1354 1369 1382 1394 ὲν
1398 1369 1439 1395 σοὶ
1456 1368 1572 1403 δύναμιν
1589 1369 1761 1404 ποιουμένοις
1773 1369 1835 1395 ἑπι-

1049 1412 1205 1446 πέμποντος
1224 1412 1350 1447 βοήθειαν
1367 1413 1396 1445 ἐξ
1411 1413 1499 1447 ἁγίου.
1519 1413 1612 1444 Οὕτως
1627 1413 1690 1448 ἔφη,
1716 1413 1763 1440 καὶ
1778 1414 1836 1447 ἅμα

1049 1457 1094 1483 τὸν
1110 1458 1244 1492 ἀκινάκην
1260 1459 1446 1494 σπασάμενος,
1467 1461 1515 1486 καὶ
1529 1460 1559 1486 τὸ
1573 1459 1685 1494 θέατρον
1702 1460 1835 1494 εἰσπηδή-

1050 1512 1108 1536 σας,
1121 1504 1171 1537 τῆς
1190 1504 1351 1539 συμπλοκῆς
1370 1505 1420 1540 ἤδη
1437 1505 1586 1540 γενομένης
1602 1505 1694 1541 βάλλει
1722 1505 1836 1541 καιρίως

1050 1549 1122 1576 κατὰ
1141 1550 1190 1584 τῆς
1209 1550 1322 1585 καρδίας
1340 1550 1385 1577 τὸν
1402 1550 1558 1586 βάρῦαρον·
1573 1552 1619 1579 καὶ
1631 1551 1711 1583 εὐθὺς
1723 1552 1769 1579 τὸν
1785 1552 1834 1587 μὲν

1050 1597 1165 1632 ἀναιρεῖ,
1196 1597 1289 1631 σχεδὸν
1308 1597 1336 1624 δὲ
1367 1598 1415 1624 καὶ
1432 1597 1600 1633 Μαξιμιανὺν
1621 1600 1654 1635 τῇ
1669 1601 1733 1635 περὶ
1753 1600 1834 1627 αὑτὸν

1049 1643 1121 1678 λύττῃ
1132 1651 1138 1657 ε
1156 1643 1245 1678 πολλῷ
1261 1644 1288 1670 δὲ
1319 1643 1420 1678 μᾶλλον
1436 1646 1524 1672 είπεῖν
1547 1646 1593 1673 καὶ
1616 1646 1722 1682 πλάνην
1738 1647 1834 1681 αὐτὴν,

1050 1690 1095 1715 καὶ
1105 1690 1152 1716 σὺν
1166 1690 1256 1725 ἐκείνῃ
1271 1690 1317 1716 τὸν
1326 1690 1429 1726 ταύτης
1442 1691 1590 1724 αίτιον,τὺν
1605 1692 1736 1727 κρυπτὸν,
1752 1693 1834 1728 φημὶ,

1049 1735 1220 1769 Μαξιμιατιδν
1239 1736 1360 1764 θανατοῖ.

1085 1780 1128 1813 ιζ’.
1146 1782 1313 1817 Μαξιμιανῷ
1337 1783 1429 1817 μέντοι
1460 1783 1498 1818 τῷ
1524 1783 1630 1819 βασιλεῖ
1654 1785 1704 1812 οὐκ
1730 1783 1765 1822 ἦν
1795 1785 1836 1813 ἔτι

1049 1827 1191 1863 ἀνεκτὸνή
1206 1828 1343 1863 καθέδρα·
1359 1829 1428 1856 ἀλλὰ
1447 1830 1555 1866 πλήρης
1570 1831 1656 1866 ὀργῆς
1681 1833 1728 1859 καὶ
1751 1841 1836 1868 χατηο

1050 1871 1129 1905 φείας
1141 1872 1223 1904 εὐθὺς
1234 1872 1375 1909 ἐξανέστη,
1387 1875 1434 1901 καὶ
1447 1875 1514 1911 πρὸς
1525 1875 1575 1906 τὰς
1590 1876 1742 1911 βασιλείους
1752 1878 1836 1910 αὐλὰς

1049 1918 1124 1945 δεινὰ
1137 1919 1263 1954 στρέφων
1279 1920 1340 1947 καθ’
1356 1921 1453 1948 ἐαυτέιν
1473 1923 1625 1958 ἀπεχώρει,
1655 1925 1836 1960 ἐπισκοτῆσαι

1049 1965 1088 2000 τῷ
1105 1966 1202 2000 φέγγει
1217 1966 1267 2001 τῆς
1280 1967 1410 2002 ἀληθείας
1427 1968 1440 1994 ὀ
1453 1968 1586 2005 δυσσεϐὴς
1599 1969 1769 2006 βουλόμενος,
1785 1972 1838 1998 Νέ-

1051 2013 1146 2047 στορός
1158 2021 1187 2039 τε
1203 2012 1252 2048 τὴν
1268 2013 1347 2048 νίκην
1363 2015 1410 2041 καὶ
1424 2014 1457 2041 δι’
1467 2015 1571 2041 ἐκείνου
1590 2016 1621 2042 τὸ
1637 2017 1704 2051 πρὸς
1719 2017 1836 2052 Χριστὸν

1050 2059 1219 2094 ἀμαυρῶσαι
1249 2059 1341 2091 σέΰας,
1366 2061 1496 2096 γοητείαν
1525 2063 1557 2088 ἐκ
1572 2062 1674 2097 πολλῆς
1699 2063 1793 2093 ἀνοίας
1807 2064 1837 2090 τὸ

1050 2107 1165 2141 πρᾶγμα
1185 2106 1287 2134 καλῶν.
1318 2106 1394 2133 Ἐπεὶ
1417 2107 1467 2134 οὐκ
1490 2107 1534 2140 ἂν,
1550 2110 1626 2144 φησὶ,
1642 2109 1718 2144 παρὰ
1733 2109 1837 2137 τοιοῦδε

1048 2151 1178 2183 τοιαύτας
1195 2152 1380 2187 ἀνδραγαθίας
1393 2152 1600 2188 ὲπιδειξᾴμενος
1608 2155 1744 2191 ἀνῃρεῖτο.
1756 2156 1838 2190 Ἀμέ-

1050 2197 1090 2224 λει
1107 2198 1154 2224 καὶ
1174 2198 1300 2233 Νέστορα
1315 2198 1361 2224 τὸν
1377 2200 1502 2232 γενναῖον
1517 2201 1778 2236 μεταπεμψάμενος,
1799 2201 1836 2233 ὡς

1049 2244 1096 2270 ἐπὶ
1111 2245 1256 2280 πράγματι
1268 2244 1478 2279 ὀμολογουμένῳ
1501 2246 1548 2271 καὶ
1567 2246 1693 2281 οὐδεμιᾶς
1709 2247 1837 2282 δεομένου

208 2294 266 2315 arte
286 2296 352 2315 usus
367 2287 472 2323 magica
483 2309 490 2320 ,
507 2293 555 2316 aut
569 2296 703 2323 quosnam
721 2289 825 2318 hahens
846 2291 994 2327 adiutores,

1050 2290 1202 2325 ζητήσεως,
1217 2290 1284 2317 Είπέ
1298 2299 1354 2325 μοι,
1371 2291 1506 2322 νεανίσκε,
1531 2291 1617 2325 λέγει,
1639 2292 1694 2319 τίσι
1710 2294 1836 2327 μαγείαις

207 2334 328 2370 ιςςυυιιι,
341 2334 429 2361 virum
446 2339 566 2367 tantum,
579 2335 764 2363 interfecisti?
776 2336 824 2363 Cui
839 2337 936 2365 Nestor
953 2339 996 2366 ni-

208 2381 245 2407 hil
260 2380 382 2411 territus.
399 2381 446 2408 sed
462 2381 576 2408 omnino
591 2382 744 2416 confidens,
761 2383 846 2417 quod.
864 2385 909 2418 qui
923 2384 997 2413 dedit

207 2426 284 2453 illum
302 2427 452 2462 superbum
475 2431 503 2454 et
521 2427 685 2456 insolentem
711 2429 745 2456 de
767 2429 857 2457 medio
881 2431 995 2464 tollere,

208 2472 266 2507 ipse
279 2480 389 2508 quoque
404 2474 437 2501 de
463 2481 495 2501 eo
510 2475 718 2502 convenientem
741 2475 817 2503 dabit
840 2477 998 2511 responsio-

207 2526 271 2546 nem
286 2527 294 2547 :
307 2519 393 2550 Nihil.
412 2520 521 2555 inquit,
536 2528 553 2548 ο
570 2520 729 2556 imperator,
747 2522 810 2554 tale,
834 2530 886 2550 nec
908 2523 973 2550 mihi
989 2543 996 2555 ,

206 2572 259 2593 nec
279 2566 327 2593 ulli
341 2571 382 2594 est
397 2566 555 2595 Christiano
576 2567 652 2595 utile.
677 2568 774 2596 Nullus
797 2575 888 2596 autem
914 2569 996 2597 homo

208 2611 276 2638 mihi
291 2612 342 2639 fuit
356 2612 390 2639 ad
408 2612 460 2640 hoc
476 2612 595 2648 adiutor,
607 2613 660 2642 nisi
673 2613 746 2642 solus
762 2614 832 2642 Deus
852 2616 994 2648 Demetrii,

209 2657 291 2690 Deus,
305 2665 322 2686 o
337 2658 494 2694 imperator,
509 2658 738 2698 Christianorum.

243 2813 300 2853 tif)
320 2812 389 2853 Cum
407 2821 558 2853 anonymus
569 2815 656 2853 sancti
671 2815 798 2853 Demetrii
815 2817 991 2853 biographus,

207 2847 251 2885 qui
273 2847 447 2881 Melaphrasri
475 2847 617 2885 pra'luxit,
640 2851 710 2877 hanc
734 2847 876 2884 Nestoris:
899 2847 992 2880 chatra

207 2883 318 2918 Lya-um
331 2883 518 2917 certaturifad
530 2885 614 2912 Deum
628 2886 777 2914 orationem
791 2896 844 2915 non
856 2883 993 2922 exhibeat,

1049 2339 1222 2374 χρησάμενος
1241 2338 1258 2373 ἦ
1279 2338 1354 2370 τίνας
1372 2338 1442 2373 ἔχων
1459 2339 1522 2371 τοὺς
1551 2341 1709 2374 συνεργοὺς,
1736 2342 1836 2367 Λυαῖον

1050 2385 1192 2421 ἀνῄρηκας
1205 2384 1252 2411 τὸν
1265 2385 1394 2411 τοσοῦτον
1405 2392 1412 2416 ;
1429 2385 1500 2420 Πρὸς
1512 2385 1598 2412 ταῦτα
1609 2387 1623 2412 ὁ
1636 2386 1750 2422 Νέστωρ
1761 2387 1836 2413 οὐδὲν

1050 2431 1242 2462 ὑποδειλιάσας
1254 2451 1260 2463 ,
1288 2429 1357 2457 ἀλλὰ
1383 2430 1526 2466 θαρρήσας
1549 2433 1669 2464 πάντως,
1685 2432 1727 2458 ὅτι
1743 2433 1757 2459 6
1775 2433 1837 2465 δοὺς

1050 2478 1154 2504 ἐκεῖνον
1178 2477 1225 2503 τὸν
1252 2476 1428 2512 ὑπερήφανον
1456 2477 1572 2509 ἀνελεῖν,
1594 2478 1674 2509 αὐτὸς
1690 2478 1773 2504 δώσει
1789 2478 1837 2505 καὶ

1051 2523 1245 2556 προσήκουσαν
1276 2520 1326 2556 τὴν
1357 2521 1421 2556 περὶ
1455 2521 1539 2548 αὑτοῦ
1567 2522 1660 2548 θέσθαι
1676 2522 1835 2556 ἀπολογίαν,

1052 2566 1145 2597 Οὐδὲν,
1161 2566 1223 2600 ἔφη.
1241 2566 1366 2600 βασιλεῦ,
1385 2566 1507 2594 τοιοῦτον
1525 2567 1585 2594 οὐδὲ
1601 2568 1673 2601 ἐμοὶ.
1687 2567 1749 2594 οὔτε
1765 2568 1838 2603 ἄλλῳ

1051 2612 1222 2647 Χριστιανῶν
1232 2619 1240 2627 ο
1257 2612 1387 2648 συνεργὸς
1398 2613 1426 2640 δέ
1440 2621 1486 2648 μοι
1501 2614 1570 2648 πρὸς
1581 2613 1661 2640 τοῦτο
1671 2614 1724 2641 τῶν
1732 2614 1838 2650 ἀνθρὼ-

1051 2668 1110 2685 πων
1125 2659 1224 2690 οὺδεὶς,
1245 2659 1287 2686 ὃτι
1299 2659 1336 2694 μὴ
1355 2659 1435 2694 μόνος
1452 2661 1466 2686 ὸ
1479 2660 1636 2696 Δημητρίου
1647 2660 1724 2694 Θεὸς,
1735 2662 1750 2688 ό
1761 2661 1838 2695 Θεὸς,

1052 2704 1175 2740 βασιλεῦ,
1195 2705 1250 2731 τῶν
1261 2706 1444 2741 Χριστιανῶν.

1048 2818 1228 2862 dubitandum
1252 2820 1296 2861 vix
1316 2825 1445 2862 apparet,
1471 2821 1538 2856 quin
1552 2828 1611 2849 eam
1639 2821 1780 2862 posterior.
1796 2823 1838 2862 hic

1049 2861 1177 2917 εςι-ιριυτ,
1194 2855 1523 2916 ζετοείιηὶιὶίςοηῙθειὺτιι
1551 2855 1700 2891 ususfpro
1723 2857 1838 2885 arbitrio

1049 2897 1100 2916 con
1114 2896 1198 2917 luxui
1214 2907 1222 2916 .

1049 2896 1222 2917 eontmxcnt.
