2039 3150
185 158 254 190 1197

699 163 726 194 S.
753 162 943 193 DEMETRII
965 163 1163 194 MARTYRIS
1184 165 1290 195 ACTA.

1745 162 1812 194 1198
1847 182 1850 183 ν

218 216 263 252 ιη’.
281 215 383 242 Τούτου
408 215 525 252 φανερδς
540 215 619 250 ἆθλος
639 219 653 245 ὁ
668 219 779 251 ῗΛυαίου
797 219 922 252 Θάνατος,
941 219 970 252 ὃς

1060 221 1102 248 18.
1120 219 1292 247 Manifestum
1312 220 1373 255 ejus
1390 224 1528 248 certamen
1555 219 1607 247 fuit
1628 226 1704 246 mors
1728 218 1814 252 Lyaei,

180 264 210 290 ἐν
225 263 299 298 χειρὶ.
317 263 439 298 κραταιᾷ
457 265 505 290 καὶ
525 265 554 291 ὲν
573 264 696 301 βραχίονι
726 265 822 300 ὑψηλῷ
837 267 883 292 καὶ
897 266 973 300 Σηὼν

147 322 151 329 ι
182 310 229 337 καὶ
245 311 296 337 Ὠκ
316 310 364 337 καὶ
379 311 494 345 μυρίους
514 311 610 344 ἄλλους
626 313 715 347 πολλῷ
732 315 832 348 μᾶλλον
846 315 862 350 ἢ
874 315 973 341 Λυαῖον

182 357 230 392 τὴν
245 356 341 392 ῥώμην
356 357 500 392 ἐπιφανεῖς
516 358 638 393 εὐχερῶς
651 359 767 393 ἀνεῖλεν,
789 361 819 387 οὗ
846 361 910 388 καθ’
926 361 975 388 ἕνα

182 401 273 437 μόνον,
287 401 356 428 ἀλλὰ
371 403 420 429 καὶ
437 403 508 430 κατὰ
524 403 627 438 πλῆθος
643 404 922 440 συναθροισαμένους.
942 406 974 432 Τί

183 447 220 482 μὴ
232 446 306 481 λέγω
322 447 356 474 τὰ
382 449 488 475 ἐκείνου
505 449 585 483 μόνου
610 449 719 484 ἀληθῶς
733 450 814 484 ἄξια,
849 448 879 478 οὗ
894 451 975 485 ἔργον

179 494 295 528 οὐρανὸς
304 494 351 520 καὶ
367 494 401 528 γῆ
415 494 462 521 καὶ
472 495 506 522 τὰ
522 496 551 522 ὲν
563 496 655 528 αὐτοῖς
666 496 785 530 ἀπαντα;
803 496 861 524 Οὐκ
875 497 974 533 ἤνεγκε

180 540 215 566 τὰ
234 540 340 575 μεγάλα
357 540 444 567 ταῦτα
461 541 477 576 ἠ
493 541 583 577 φαύλη
598 543 775 577 Μαξιμιανοῦ
801 544 882 579 ἀκοὴ,
906 545 976 571 ἀλλὰ

179 586 236 613 τῶν
251 586 341 613 καλῶν
355 587 444 621 λόγων
460 587 585 622 μισθοῠς,
601 589 648 615 καὶ
663 591 713 625 τῆς
729 590 808 624 νίκης
821 590 896 626 αὐτῷ
909 590 975 626 βρα-

179 633 242 658 ΰεῖα
255 632 302 659 τὸν
313 633 357 659 διὰ
372 633 467 667 ξίφους
481 635 580 669 ἐπάγει
596 635 724 663 θάνατον,
737 636 853 671 Νέστωρ
867 637 916 672 μὲν
928 637 974 664 οὖν

180 678 254 706 οὕτω
265 679 313 706 τοῦ
330 680 374 706 διὰ
392 681 512 714 Χριστὸν
525 682 661 717 μακαρίου
680 683 774 714 τέλους
786 684 975 718 ἐπιτυγχάνει.

180 725 229 752 καὶ
244 725 284 760 τῷ
300 726 359 761 ίδίῳ
374 726 448 761 ξίφει
458 727 567 762 δέχεται
583 729 634 763 τὴν
645 729 743 763 τομὴν,
762 728 835 755 οὕτω
852 729 901 763 μὲν
914 729 976 756 Μα-

182 770 311 806 ξιμιανοῦ
328 772 521 806 κελεύσαντος,
538 774 582 800 ἵνα
601 775 714 801 κάκεῖνο
726 775 797 809 τάχα
813 773 976 809 μαρτυρικῷ

181 817 280 852 αἵματι
309 818 496 856 καθαγιασοῇ,
527 819 712 847 Μινουκιανοῦ
743 820 770 847 δὲ
786 820 976 855 προτίκτωρος

181 863 250 898 πρὸς
265 863 316 899 τὴν
344 865 452 901 σφαγὴν
483 866 720 902 ὑπουργήσαντος.
754 867 809 893 Καὶ
820 866 976 899 οὖτωπρδς

181 909 309 944 Χριστὸν,
322 910 352 936 όν
363 911 489 946 ἐφίλησε,
502 913 730 948 παραπέμπεται,
742 912 808 948 παρ’
822 908 852 939 οὗ
869 912 915 939 καὶ
927 912 975 946 τῆς

180 956 280 991 διπλῆς
294 956 373 990 νίκης
387 957 559 993 ἀπολήψεται
573 960 636 991 τοὺς
655 959 817 993 στεφάνους.

218 1001 261 1028 t0’.
286 1002 429 1029 Ἐντεῦθεν
456 1003 589 1032 ὑποδολαὶ
616 1005 688 1032 κατὰ
713 1006 874 1041 Δημητρίου
891 1006 976 1033 πάλιν

181 1048 230 1075 καὶ
249 1048 374 1075 διαὸολαὶ
384 1049 583 1085 πιθανώτεραι,
598 1051 635 1082 ὡς
650 1052 732 1084 αὐτὸς
748 1052 792 1088 εἰη
806 1051 853 1078 τοῦ
873 1053 974 1079 Λυαίου

181 1094 294 1129 σφαγῆς
325 1095 421 1126 αἴτιος.
453 1095 559 1123 Αὐτίκα
577 1096 642 1131 γοῦν
662 1097 838 1133 Μαξιμιανὺς
856 1098 976 1132 ὀξύτατα

181 1139 325 1175 χολωθεὶς,
334 1141 383 1167 καὶ
394 1141 452 1176 ἅμα
468 1142 661 1177 οίωνισάμενος
670 1143 706 1175 ὡς
721 1144 772 1171 οὐκ
783 1144 887 1179 ἀγαθὸν
898 1146 975 1182 αὐτῷ

182 1186 344 1221 συνάντημα
382 1187 538 1224 Δημήτριος
575 1189 682 1223 γένοιτο
712 1191 781 1226 πρδς
809 1191 840 1218 τὸ
866 1192 975 1220 στάδιον

180 1232 296 1263 ἀνιόντι,
310 1232 419 1259 κελεύει
434 1233 481 1260 τὸν
494 1234 620 1270 μάρτυρα
635 1236 663 1262 ὲν
684 1236 781 1268 αὑταῖς
796 1234 842 1269 αἷς
874 1239 975 1274 ἐφρου-

181 1279 257 1313 ρεῖτο
266 1279 392 1313 καμίνοις
407 1279 519 1315 λόγχαις
538 1281 726 1317 ἀναιρεθῆναι.
745 1284 778 1310 '0
794 1283 825 1318 δὴ
839 1284 886 1310 καὶ
899 1285 975 1319 γίνε-

179 1333 237 1352 ται.
257 1326 311 1352 Καὶ
324 1326 431 1358 όκαλὸς
448 1327 480 1354 σὺ
503 1327 538 1354 τὰ
554 1328 655 1360 πάντα,
678 1329 846 1365 Δημήτριος,
876 1331 890 1357 ὁ
914 1331 976 1358 λίαν

181 1371 231 1398 τοῦ
247 1372 384 1399 Δεσπότου
398 1374 605 1409 περιεχόμενος,
620 1375 720 1410 ὁμοίως
733 1375 808 1410 αὐτῷ
822 1377 872 1411 τὴν
888 1377 974 1403 πλευ-

180 1417 234 1454 ρὰν
245 1418 380 1453 λογχεύει,
393 1420 441 1446 καὶ
457 1419 538 1446 τοῦτο
556 1421 685 1456 ἀφορμὴν
699 1422 747 1448 καὶ
761 1422 820 1448 ὁδὸν
835 1422 975 1458 εὑρίσκεις

180 1464 233 1498 τῆς
253 1465 320 1500 πρὸς
334 1466 439 1491 ἐκεῖνον
460 1465 595 1499 ἀφίξεως·
620 1467 756 1502 μακάριος
778 1468 828 1503 μὲν
841 1469 887 1495 τοῦ
904 1469 973 1504 βίου,

181 1512 394 1547 μακαριώτερος
407 1511 435 1538 δὲ
451 1512 498 1538 τοῦ
510 1513 605 1545 τέλους
619 1513 666 1540 καὶ
678 1514 732 1541 τῶν
745 1515 884 1549 στεφάνων
897 1515 975 1550 γενό-

181 1566 276 1592 μενος,
290 1558 337 1584 καὶ
353 1558 402 1592 τῆς
415 1559 455 1590 είς
471 1559 573 1591 αἰῶνας
589 1559 664 1595 αὒτῷ
679 1560 718 1595 τῷ
735 1560 898 1597 ποθουμένῳ
909 1570 973 1596 συγ-
989 1572 1010 1602 (ς

182 1603 388 1638 κατοικήσεως.

221 1740 255 1764 κ’.
275 1735 339 1773 Εἶχε
367 1737 416 1772 μὲν
435 1735 482 1764 οὖν
496 1737 567 1765 οὕτω
584 1739 682 1773 ταῦτα,
711 1741 760 1767 καὶ
775 1742 790 1768 ό
815 1742 912 1776 νεκρὸς
927 1742 975 1770 τοῦ

182 1785 327 1821 μάρτυρος
341 1784 413 1811 κατά
429 1784 480 1819 γῆς
496 1785 620 1821 ἔῤῥιπτο,
639 1787 685 1812 καὶ
701 1787 786 1819 οὐδεὶς
797 1788 881 1815 αὑτοῦ
899 1789 975 1823 λόγος

182 1831 268 1866 μέχρι
287 1831 369 1862 τινός.
388 1831 501 1862 Πάντως
523 1831 553 1857 δὲ
579 1830 644 1858 οὔτε
660 1833 734 1860 ὅσιον
762 1831 806 1868 ἦν,
827 1833 889 1860 οὔτε
907 1833 976 1861 Θεοῦ

179 1878 255 1908 ὅλως
268 1876 354 1909 ἄξιον,
366 1877 435 1912 ὑπὲρ
447 1873 478 1904 οὗ
493 1877 629 1904 πέπονθεν
647 1879 735 1905 ἐκεῖνο
747 1879 776 1905 τὺ
796 1879 870 1915 ἱερὸν
886 1880 976 1915 σῶμα,

178 1923 271 1954 obus;
283 1923 349 1949 αὐτὸ
362 1924 499 1958 παριδεῖν.
524 1922 631 1950 Οὔκουν
649 1924 709 1950 οὐδὲ
734 1925 873 1960 παρεῖδεν.
895 1926 977 1953 ’Λλλά

179 1969 240 1996 τῶν
255 1969 448 2004 ’φιλοχρίστων
473 1969 545 2000 τινὲς
566 1969 712 2001 ὑποσολαϊς
722 1971 847 2006 δ,ἐκείνου
879 1973 977 2004 νυκτὸς

179 2015 395 2050 προσελθόντες,
411 2014 459 2041 καὶ
471 2014 578 2049 ἀτίμως
595 2015 722 2050 κείμενον
736 2016 767 2042 τὸ
778 2017 877 2052 κομιδῆ
887 2018 977 2052 τίμιον

179 2062 344 2096 ἀνελόμενοι
364 2061 488 2093 εὐλαῦῶς
501 2060 733 2097 περιστέλλουσιν.
759 2061 827 2090 Εῐτα
843 2065 891 2090 καί
904 2064 977 2091 κόνιν

178 2107 366 2139 ἐπιϐαλόντες
390 2109 419 2134 ὲν
447 2107 521 2143 αὐτῷ
543 2108 582 2144 τῷ
598 2108 674 2144 τόπῳ
688 2107 754 2136 ἔνθα
777 2109 809 2145 δὴ
835 2110 883 2136 καὶ
902 2118 977 2136 τετε-

177 2155 281 2182 λείωτο
293 2154 425 2189 θεοφιλῶς
439 2154 601 2182 θάπτουσιν.
618 2152 664 2187 Εἷς
679 2155 708 2181 δέ
725 2163 767 2188 τις
795 2156 849 2182 τῶν
864 2157 977 2184 οἰκετῶν

176 2201 231 2229 τοῦ
246 2200 324 2234 ἁγίου
337 2200 480 2236 παραστὰς
491 2200 566 2236 αὐτῷ
578 2201 628 2236 τὴν
641 2201 781 2238 μακαρίαν
796 2202 976 2240 ὑφισταμένη)

1025 267 1071 302 qui
1087 267 1112 292 in
1131 275 1210 293 manu
1225 266 1289 293 forti
1309 271 1334 294 et
1352 267 1463 294 brachio
1476 267 1586 294 excelso
1604 265 1696 293 Schon
1711 272 1737 292 et
1754 264 1793 300 Og
1804 285 1812 298 ,

1026 317 1053 339 et
1066 312 1134 339 alios
1148 312 1373 344 innumerabiles,
1389 313 1468 347 longe
1485 312 1571 347 magis
1583 332 1590 343 ,
1606 319 1687 346 quam
1705 311 1813 345 Lymus,

1027 359 1126 386 virtute
1140 357 1264 393 insignes
1277 358 1356 385 facile
1368 359 1400 385 de
1418 358 1509 386 medio
1521 358 1643 389 sustulit,
1658 365 1712 385 non
1727 356 1814 383 solum

1026 404 1160 440 singulos,
1173 405 1218 432 sed
1228 406 1311 432 etiam
1328 412 1423 439 magna
1436 404 1619 432 circumdatos
1631 403 1814 430 multitudine.

1027 449 1080 476 Sed
1096 457 1146 477 cur
1159 457 1213 476 non
1232 449 1294 477 dico
1309 457 1341 476 ea
1354 457 1414 483 qum
1427 453 1492 476 sunt
1509 448 1556 476 illo
1569 448 1627 475 solo
1643 455 1706 475 rere
1721 447 1813 482 digna,

1026 496 1103 530 cuius
1116 504 1184 531 opus
1202 501 1244 524 est
1259 497 1358 524 cmlum
1378 501 1405 524 et
1420 501 1504 528 terra,
1522 500 1549 522 et
1564 503 1624 530 qua:
1646 500 1709 522 sunt
1730 495 1757 520 in
1775 494 1816 522 eis

1026 541 1138 568 omnia?
1154 541 1213 569 Non
1229 542 1352 569 tulerunt
1368 541 1426 570 haec
1441 549 1537 577 magna
1555 548 1635 568 aures
1650 540 1719 566 viles
1732 539 1817 566 Maxi-

1029 588 1123 619 miani,
1141 589 1187 616 sed
1201 588 1378 623 pulchrorum
1395 589 1540 615 verborum
1557 586 1712 614 mercedem
1730 589 1758 612 ct
1774 584 1816 612 νίν

1027 635 1119 662 ctoria:
1144 635 1300 670 przemium,
1325 635 1351 662 ei
1371 639 1485 662 mortem
1501 633 1580 661 alTert
1596 632 1693 668 gladio.
1719 632 1752 658 Et
1775 631 1816 662 sic

1027 681 1138 715 quidem
1156 680 1253 709 Nestor
1267 682 1377 709 beatum
1393 682 1474 709 ﬁnem
1493 683 1606 716 propter
1618 679 1759 706 Christum
1773 682 1815 704 est

1027 731 1192 754 consecutus
1202 735 1209 753 :
1219 732 1246 754 et
1262 735 1311 754 suo
1325 735 1390 754 ense
1406 727 1509 762 plagam
1522 725 1637 760 accepit,
1650 724 1690 752 sic
1703 723 1817 758 iubente

1028 772 1202 804 Maximiano,
1215 772 1285 800 forte
1299 778 1327 799 ut
1339 773 1383 800 ille
1399 780 1508 807 quoque
1521 771 1667 807 martyrico
1683 769 1818 804 sanguine

1027 818 1254 846 sanctiﬁr-aretur.
1279 819 1348 846 Cum
1371 819 1452 854 igitur
1477 818 1646 845 lllinutianus
1676 819 1817 852 protector

1028 865 1110 892 cn'dis
1128 864 1225 892 fuisset
1249 865 1420 896 administer,
1445 865 1485 891 sic
1501 865 1600 892 Nestor
1621 863 1817 890 transmittitur

1029 911 1061 938 ad
1078 911 1233 942 Christum,
1250 919 1330 946 quem
1347 911 1451 943 dilexit,
1466 915 1494 938 ct
1515 919 1529 938 a
1543 919 1597 945 quo
1613 915 1673 938 erat
1688 913 1819 945 acceptu-

1027 964 1075 983 rus
1089 964 1204 984 coronas
1219 956 1336 992 duplicis
1351 956 1472 983 victoriae.
1483 956 1553 992 (15).

1063 1002 1104 1028 19.
1123 1002 1193 1029 llinc
1207 1001 1317 1030 fraudes
1334 1002 1361 1029 in
1379 1001 1547 1029 Demetrium
1563 1009 1668 1034 rursus,
1686 1001 1819 1029 erimina—

1027 1047 1117 1075 tiones
1142 1048 1322 1075 intenduntur
1346 1048 1555 1083 probabiliores,
1573 1048 1646 1083 quod
1663 1048 1719 1083 ipse
1743 1052 1818 1076 esset

1026 1100 1108 1121 causa
1124 1093 1205 1122 credis
1219 1093 1301 1130 Lyaei.
1312 1094 1447 1122 Continuo
1463 1094 1544 1128 igitur
1565 1094 1747 1121 vehementer
1763 1094 1817 1121 ira-

1028 1143 1072 1167 tus
1085 1139 1277 1173 Maximianus,
1288 1144 1315 1168 et
1325 1140 1406 1168 simul
1417 1144 1566 1176 auguratus
1580 1147 1634 1167 non
1647 1139 1705 1167 fore
1716 1139 1818 1167 bonum

1026 1193 1119 1218 omen,
1133 1185 1156 1214 si
1168 1186 1192 1213 ei
1206 1190 1363 1214 occurreret
1376 1185 1529 1214 Demetrius
1542 1185 1570 1212 in
1585 1185 1703 1213 stadium
1720 1192 1819 1212 ascen-

1025 1231 1112 1264 denti,
1127 1232 1160 1259 ad
1177 1232 1248 1267 quod
1267 1239 1316 1267 per
1338 1231 1477 1259 lavacrum
1501 1235 1561 1260 erat
1587 1230 1816 1266 aceessus,juhct

1025 1283 1172 1314 martyrem
1190 1278 1305 1306 interﬁci
1318 1279 1421 1306 lanceis
1438 1278 1465 1305 in
1486 1278 1519 1306 iis
1537 1278 1605 1313 ipsis
1628 1277 1756 1310 caminis,
1781 1277 1812 1304 in

1025 1323 1127 1358 quibus
1142 1323 1358 1352 custodiebatur.
1375 1323 1453 1357 Quod
1470 1324 1500 1352 ﬁt
1516 1324 1608 1352 etiam.
1629 1323 1662 1351 Et
1678 1323 1726 1351 tibi
1751 1323 1815 1358 qui—

1025 1369 1100 1402 dem,
1115 1369 1161 1405 qui
1182 1377 1214 1397 ex
1229 1370 1304 1397 omni
1328 1377 1361 1397 ex
1380 1374 1457 1405 parte
1475 1369 1590 1405 pulcher
1615 1374 1643 1396 et
1668 1369 1812 1401 honestus,

1028 1415 1158 1448 Demetri,
1172 1415 1218 1450 qui
1231 1415 1380 1442 Dominum
1392 1415 1538 1450 diligenter
1549 1414 1674 1447 sectaris,
1689 1419 1716 1442 et
1727 1414 1820 1442 omnia

1026 1462 1101 1489 illius
1117 1461 1220 1496 diligis.
1236 1462 1363 1490 similiter
1375 1465 1458 1497 atque
1472 1462 1523 1497 ipsi
1539 1462 1633 1489 lancea
1651 1461 1722 1488 latus
1738 1460 1820 1488 conti-

1028 1508 1110 1543 gitur,
1129 1508 1256 1542 hancque
1272 1508 1381 1536 iuvenis
1403 1508 1578 1536 occasionem
1601 1512 1628 1534 et
1644 1507 1715 1534 viam
1733 1507 1771 1534 tui
1785 1507 1820 1534 ad

1026 1561 1090 1581 eum
1107 1553 1256 1585 adventus;
1274 1553 1369 1582 beatus
1388 1553 1499 1588 quidem
1519 1558 1630 1588 propter
1643 1553 1738 1584 vitam,
1756 1553 1821 1580 bea-

1027 1599 1081 1626 tior
1101 1603 1191 1626 autem
1208 1604 1319 1634 propter
1331 1600 1474 1627 decessum
1489 1603 1517 1626 et
1531 1605 1657 1632 coronas,
1666 1603 1694 1625 et
1709 1601 1820 1633 propter

1026 1649 1158 1673 aeternam
1180 1651 1255 1672 tuam
1271 1645 1502 1674 eohahitationem
1518 1652 1583 1673 cum
1599 1652 1631 1673 eo
1649 1652 1731 1680 quem
1747 1643 1821 1672 desio

1028 1690 1143 1718 derabas
1163 1690 1231 1726 (l6).

1062 1736 1107 1765 20.
1127 1736 1190 1764 Haec
1206 1737 1317 1772 quidem
1338 1737 1380 1766 sic
1397 1744 1428 1765 se
1442 1736 1592 1770 habebant,
1606 1741 1635 1765 et
1653 1737 1729 1764 humi
1742 1736 1819 1771 iace-

1027 1783 1074 1811 bat
1091 1792 1192 1820 corpus
1218 1785 1356 1821 martyris,
1381 1792 1471 1820 neque
1497 1784 1660 1820 aliquandiu
1684 1785 1738 1812 ulla
1758 1785 1820 1820 ejus

1028 1829 1180 1858 habebatur
1197 1830 1277 1858 ratio.
1292 1830 1412 1858 Omnino
1429 1834 1521 1858 autem
1537 1838 1588 1858 nec
1603 1835 1663 1858 erat
1676 1836 1817 1862 sanctum,

1028 1884 1081 1904 nec
1095 1877 1149 1905 Deo
1165 1878 1245 1914 plane
1260 1878 1385 1914 dignum,
1403 1886 1451 1913 pro
1465 1885 1520 1913 quo
1533 1885 1642 1913 passum
1657 1882 1717 1906 erat
1728 1885 1821 1906 sacro-

1029 1928 1157 1951 sanctum
1175 1923 1241 1951 illud
1257 1930 1369 1958 corpus,
1383 1923 1423 1950 sic
1443 1923 1532 1958 ipsum
1557 1923 1708 1959 despicere.
1724 1923 1821 1958 Neque

1029 1977 1094 2005 ergo
1112 1969 1236 2005 despexit
1257 1978 1264 1997 :
1287 1969 1336 1998 sed
1352 1969 1463 2004 quidam
1487 1977 1520 1997 ex
1549 1969 1583 1997 iis
1609 1969 1655 2004 qui
1680 1970 1819 1997 Christum

1029 2017 1167 2048 amabant,
1191 2017 1250 2051 ejus
1278 2017 1422 2049 instinctu,
1448 2021 1530 2044 nocte
1558 2017 1731 2049 accedentes,
1756 2024 1819 2044 cum

1029 2061 1108 2089 valde
1124 2062 1239 2097 turpiter
1248 2062 1344 2097 jacens
1358 2069 1458 2097 corpus
1471 2062 1621 2097 pretiosum
1634 2063 1820 2094 sustulissent.

1031 2108 1056 2136 id
1075 2108 1119 2143 pie
1136 2113 1315 2144 componunt.
1341 2109 1444 2136 Deinde
1461 2109 1542 2136 etiam
1567 2104 1675 2144 injecto.
1695 2109 1820 2144 pulvere,

1031 2154 1059 2182 in
1077 2162 1110 2182 eo
1131 2155 1190 2189 ipso
1208 2156 1280 2187 loco,
1293 2155 1322 2182 in
1340 2163 1395 2190 quo
1409 2155 1496 2182 fuerat
1510 2159 1725 2186 consummatus.
1740 2163 1822 2190 sepe-

1029 2201 1100 2228 liunt
1115 2201 1158 2236 pie
1177 2208 1208 2228 ac
1224 2201 1361 2236 religiose.
1374 2201 1491 2234 Quidam
1508 2205 1598 2229 autem
1621 2209 1655 2229 ex
1672 2201 1764 2229 Sancti
1781 2201 1822 2229 fa~

178 2248 306 2284 σφαγὴν,
326 2248 371 2274 καὶ
385 2247 423 2280 ὼς
435 2245 490 2274 οἶόν
506 2257 535 2274 τε
552 2246 597 2283 ἦν,
610 2248 640 2274 τὸ
655 2248 726 2276 θεῖον
744 2249 834 2276 ἐκεῖνο
847 2247 917 2285 αἷμα
932 2250 974 2282 εἰς

1028 2247 1121 2279 mulis,
1138 2252 1213 2274 statis
1228 2255 1311 2282 prope
1325 2255 1398 2278 eum,
1414 2247 1524 2282 quando
1540 2247 1647 2275 beatam
1663 2248 1736 2275 illam
1753 2247 1820 2275 sub-

175 2296 212 2323 ·τὸ
237 2295 310 2330 ἱερὸν
334 2294 380 2321 τοῦ
402 2294 541 2330 μάρτυρος
560 2294 724 2330 ἀνελόμενος
742 2295 877 2331 ἐπώμιον,
905 2296 974 2323 ἀλλὰ

177 2341 231 2369 καὶ
248 2339 276 2366 ὃν
292 2340 385 2374 ἐφόρει
402 2340 472 2367 κατᾶ
491 2341 569 2376 χεῖρα
584 2339 738 2374 δακτύλιον,
751 2342 797 2368 καὶ
811 2341 893 2368 αὑτὸν
907 2341 972 2368 συλ-

175 2385 275 2413 λαϐὼν
287 2385 335 2412 καὶ
350 2385 388 2420 τῷ
407 2385 569 2421 μαρτυρικῷ
588 2386 685 2421 αῐμ-ιτι
713 2387 889 2422 περιχρίσας,
904 2387 972 2413 πολύ

175 2442 205 2459 τι
223 2433 321 2467 χρῆμα
335 2432 486 2467 τεραστίων
500 2432 643 2466 εἰργάζετο
654 2433 687 2458 δι’
702 2432 796 2459 αὐτοῦ.

214 2520 273 2548 καί.
290 2521 344 2547 Καὶ
356 2518 434 2547 οὗδὲν
450 2519 484 2556 ἦν
505 2520 568 2547 οὔτε
585 2521 638 2548 τῶν
651 2521 824 2556 νοσημάτων,
841 2521 902 2549 οὔτε
919 2522 973 2548 τῶν

174 2568 312 2604 πονηρῶν
330 2567 493 2602 πνευμάτων
516 2567 602 2599 οὕτως
619 2568 741 2603 ἰσχυρὸν,
757 2568 827 2595 ὥστε
842 2570 882 2600 είς
901 2569 972 2595 ἐκεί-

216 2682 278 2719 (15)
294 2682 379 2719 multa
391 2682 449 2714 hic,
462 2689 498 2710 ex‘
509 2690 644 2717 anonymo
658 2681 749 2719 Sancti
767 2684 852 2710 nostri
869 2684 977 2719 biogra-

173 2717 237 2756 pho
261 2718 405 2745 maximam
421 2722 525 2756 partem
551 2719 645 2756 hausta
662 2739 673 2756 ._
685 2726 698 2744 a
713 2717 975 2756 Metaphrnstenar-

174 2753 302 2783 rantur,
325 2761 386 2788 qua:
410 2761 424 2780 ο
449 2753 578 2779 Demetrii
600 2753 730 2780 Passione
750 2758 804 2779 tum
831 2754 974 2787 Pholiana,

175 2796 240 2817 tum
262 2788 437 2817 Anastasiana
453 2788 569 2819 absunt;
586 2796 679 2815 verum
695 2795 726 2814 ea
749 2796 779 2814 au:
804 2788 973 2816 nominatum

173 2825 338 2854 Nestorem.
348 2825 394 2859 qui
404 2823 510 2858 Lyaeum
523 2823 652 2855 singulari
666 2824 815 2859 certa-nine
827 2823 974 2857 interfecit,

173 2860 312 2894 elTectutn
329 2858 389 2886 esse
400 2859 502 2886 Christi
519 2864 677 2894 martyrem,
691 2858 860 2892 duplicisque
876 2859 908 2885 ah
923 2860 972 2886 hoc

173 2892 316 2928 victoriae‘,
347 2894 386 2921 uti
413 2895 458 2922 hic
479 2892 675 2929 llletaplirastes
699 2894 835 2927 loquitur,
862 2901 975 2922 curenas

1028 2293 1059 2320 iit
1081 2293 1182 2321 credam
1193 2312 1201 2325 ,
1225 2301 1287 2320 cum
1297 2314 1303 2325 ,
1320 2298 1350 2320 ut
1364 2294 1463 2328 potuit,
1477 2293 1600 2321 divinum
1619 2294 1696 2321 illum
1709 2294 1822 2330 sangui-

1027 2347 1089 2366 nem
1101 2339 1255 2375 collegisset
1273 2340 1298 2367 in
1313 2348 1392 2368 sacro
1405 2341 1532 2376 martyris
1546 2341 1776 2376 superhamerali,
1793 2346 1821 2369 et

1027 2393 1107 2420 quem
1125 2393 1207 2413 manu
1229 2386 1362 2420 gestabat,
1379 2387 1508 2413 annulum
1525 2388 1688 2422 accepisset,
1708 2391 1734 2415 et
1750 2396 1820 2415 mar.

1029 2431 1095 2466 tyris
1111 2431 1243 2467 sanguine
1258 2432 1395 2465 tinxisset,
1414 2441 1459 2468 per
1483 2433 1543 2468 ipsa
1565 2433 1684 2461 faciebat
1701 2434 1820 2469 plurima

1029 2477 1172 2504 miracula.

1064 2523 1110 2550 2|.
1127 2523 1222 2558 Neque
1237 2528 1297 2551 erat
1315 2523 1387 2551 ullus
1410 2524 1534 2558 morbus,
1557 2533 1646 2559 neque
1661 2524 1748 2552 malus
1766 2525 1821 2552 das-
1857 2539 1859 2541 ι

1029 2577 1091 2597 mon
1109 2574 1162 2596 tam
1179 2569 1270 2599 fortis.
1288 2570 1354 2606 quin
1372 2571 1476 2604 statim,
1494 2571 1518 2598 si
1534 2571 1606 2598 illius
1619 2571 1732 2599 fecisset
1749 2572 1822 2607 peri-
1872 2585 1875 2589 ‹

1027 2685 1175 2720 accepisse,
1191 2684 1316 2720 exiguam
1338 2686 1485 2713 admodum
1511 2686 1590 2713 ﬁdem
1615 2691 1764 2719 merentur,
1780 2686 1821 2713 uti

1026 2722 1094 2782 satis
1109 2722 1235 2782 prgliiant,
1254 2728 1315 2755 quae.
1336 2721 1532 2748 Commentarii
1549 2722 1642 2756 przevii
1658 2721 1671 2757 §
1686 2722 1703 2748 4
1718 2723 1744 2748 in
1764 2729 1822 2749 me-

1047 2764 1101 2782 tum
1120 2764 1133 2782 a
1156 2764 1232 2782 (uxr.

1047 2764 1101 2782 lllll‘l
1120 2764 1232 2782 ﬂﬂﬂllxl.

1063 2791 1119 2824 (16)
1139 2790 1212 2820 llwc,
1228 2797 1288 2824 quae
1300 2789 1332 2817 ad
1349 2789 1516 2817 Demetrium
1532 2790 1576 2818 hic
1594 2790 1634 2823 lit,
1644 2790 1774 2819 allocutio
1786 2791 1821 2818 ah

1027 2825 1087 2862 ipso
1105 2825 1286 2862 Metaphraste
1300 2825 1507 2862 verosimillime
1523 2830 1565 2853 est
1575 2827 1719 2862 rconlicta;
1734 2834 1821 2862 neque

1027 2861 1100 2896 enim
1118 2860 1160 2888 vel
1181 2861 1207 2887 in
1231 2868 1377 2896 anonymo,
1390 2860 1435 2895 qui
1453 2861 1581 2895 scriptori
1596 2862 1660 2889 huic
1674 2860 1818 2896 pratluxit,

1027 2895 1118 2924 Sancti
1137 2895 1221 2923 nostri
1237 2896 1398 2931 biographo,
1416 2896 1459 2924 vel
1472 2896 1539 2925 alibi
1554 2897 1658 2932 uspiam
1675 2895 1817 2933 reperitur.
