2039 3150
191 180 261 213 1205

715 183 741 214 8,
767 182 959 213 DEMETRII
981 180 1179 210 MAItTYillS
1201 182 1307 219 ACTA.

1755 183 1823 215 1206

191 240 281 274 πέρας
306 238 340 265 τὰ
371 239 410 274 τῷ
436 238 515 274 θυμῷ
534 238 722 273 μελετώμενα.
758 237 902 273 Ἀποτυχία
920 236 984 272 γὰρ,

1042 244 1098 270 quae
1112 238 1204 265 animo
1220 238 1368 266 meditatus
1395 243 1463 271 erat,
1482 239 1514 266 ad
1534 239 1612 266 tinem
1632 239 1705 268 haud
1723 241 1823 276 perdu-

191 286 286 321 φησὶν,
299 284 407 321 ἀμύνης
426 283 516 319 λύπην
530 284 622 318 γεννᾷ.

229 380 263 412 γ’,
285 377 330 408 Ὠς
349 376 377 403 δὲ
392 376 441 403 καὶ
456 376 634 411 ἀμφοτέρους
653 376 715 408 τοὺς
734 375 848 411 βρόχους
870 384 983 406 τουτους

191 422 299 457 διέκοψε
317 423 351 457 τῇ
372 422 511 456 πραΰτητι
528 422 575 448 καὶ
589 420 620 458 τῇ
649 421 842 456 φιλανθρωπίᾳ
867 420 912 447 διὰ
937 420 983 448 τοῦ

191 468 338 503 γινώσκειν
354 468 403 503 τὴν
415 468 569 502 ταυτότητα
585 467 632 494 τοῦ
659 467 721 494 καθ’
745 467 854 499 ἑαυτὸν,
878 467 925 494 καὶ
936 466 983 494 τοῦ

191 514 246 541 τῶν
260 514 391 547 ὑπηκόων
418 513 592 549 φυράματος,
622 513 661 548 τῷ
683 513 732 548 τῆς
760 513 877 548 ἀκηδέας
892 512 986 539 λοιπὸν

191 560 264 595 ἕκτῳ
278 560 326 595 τῆς
350 559 451 591 κακίας
476 559 650 595 βλαστήματι
675 558 829 586 καθεστῶτι
857 557 954 585 τοῦτον
972 559 986 585 ὁ

192 606 322 641 ἁλάπωρ
343 605 501 640 συνέτριϐεν
517 605 652 636 Σατανᾶς,
671 605 718 632 καὶ
735 604 872 631 ὑπέϐαλεν
891 605 928 637 ὡς
941 606 986 631 οὑ‹

195 653 252 684 δεὶς
265 652 341 678 ἔσται
361 651 417 678 τῶν
442 651 535 678 κόπων
556 650 660 677 τούτων
687 651 793 686 μισθὸς,
812 651 987 686 ὑποσπείρων

193 699 244 734 τὴν
264 698 395 725 ἀπιστίαν
419 697 474 724 τῶν
492 696 541 725 τοῦ
557 698 684 733 Σωτῆρος
711 697 790 733 ἡμῶν
815 697 987 732 ἐπαγγελιῶν

194 747 242 772 καὶ
253 744 322 779 λήθῃ
338 743 389 778 τῆς
400 742 455 769 τῶν
471 743 615 778 ἑπομένων
624 743 768 778 ἀμηρὺτου
776 742 856 777 δόξης
870 744 987 778 ὲπιχων-

194 791 243 823 vi);
257 791 351 825 ὥσπερ
364 790 412 817 καὶ
426 789 538 817 θάπτων
549 789 595 816 τὸν
613 789 693 816 νοῦν·
714 790 773 825 ἅμα
788 790 817 816 δὲ
829 790 876 816 καὶ
893 790 987 816 ὑπετί-

195 836 259 863 θετο
285 837 342 868 τοῖς
366 836 509 871 λογισμοῖς
535 834 583 861 τοῦ
612 835 725 870 ἀρίστου
747 836 852 862 ἐκείνου
881 836 988 870 ἁνδρὶς,

194 883 233 914 ὡς
251 883 265 908 ό
277 881 332 908 τῶν
343 881 451 917 ἀρετῶν
470 881 594 915 κάματος
611 881 708 912 πολὺς,
727 881 772 907 καὶ
797 881 877 915 ἱδρὼς
896 881 987 916 ψυχῆς

195 929 247 955 οὐκ
258 928 362 962 ὀλίγος,
378 927 425 953 καὶ
439 927 534 954 τοῦτον
549 926 629 961 μόνον
646 927 742 961 μισθὸν
756 927 802 953 καὶ
815 927 986 960 ἀνάπαυλαν,

195 975 246 1009 τὴν
263 974 293 1005 ἐξ
306 973 459 1006 ἀνθρώπων
473 973 612 1007 εὐφημίαν
622 980 629 988 ·
656 972 781 999 ἐντεῦθεν
802 973 891 999 ’ἑλκων
906 974 986 1000 αὑτίν

196 1022 235 1052 είς
251 1021 281 1046 τι)
291 1018 434 1051 σαλπίζειν
448 1019 498 1050 τὰς
516 1018 618 1053 ἀρετὰς
642 1019 738 1051 αὑτοῦ,
763 1020 808 1045 καλ
822 1021 892 1054 φανῇ
915 1019 940 1045 τί
954 1018 988 1045 ἂν

195 1066 229 1100 τῇ
246 1064 322 1100 παρὰ
336 1065 390 1096 τοῖς
404 1064 537 1099 ὑπηκόοις
549 1063 668 1100 εὐδοξίᾳ,
693 1065 740 1090 καὶ
756 1065 795 1100 τῷ
808 1065 914 1099 ἐδὸόμῳ
931 1065 987 1091 τῶν

198 1111 292 1137 παθῶν
305 1111 425 1145 δαίμονι,
450 1109 522 1144 λέγω
535 1109 567 1146 δὴ
582 1109 621 1144 τῷ
636 1111 685 1145 τῆς
701 1111 866 1145 κενοδοξίας,
882 1112 987 1138 εὐάλω-

196 1165 242 1184 τον
257 1157 337 1184 αὑτὸν
354 1156 553 1191 μηχανώμενος
565 1157 710 1191 καθιστᾷν.

231 1202 263 1229 δ’.
283 1202 361 1229 Ἐπεὶ
387 1203 415 1229 δὲ
443 1203 478 1238 τῇ
503 1202 550 1228 τοῦ
569 1202 690 1237 Χριστοῦ
709 1202 821 1238 βοηθείᾳ
837 1204 940 1236 ἐκεῖνος
957 1204 988 1231 οὐ

198 1249 253 1276 τῶν
266 1249 396 1283 ὑπηκόων
409 1248 547 1280 τοσοῦτον,
566 1250 628 1276 ὅσον
645 1249 742 1276 ἑαυτοῦ
757 1250 867 1284 κρατῶν
879 1251 990 1277 ἀπεδεί-

198 1303 290 1326 κνυτο,
316 1295 363 1320 καὶ
393 1295 448 1320 τῶν
469 1295 686 1330 ἐπηγγελμένων
708 1296 818 1329 ἀγαθῶν
847 1296 925 1331 παρὰ
942 1296 989 1323 τοῦ

197 1340 266 1367 Θεοῦ
280 1341 336 1372 τοῖς
351 1341 379 1366 ἐν
394 1340 433 1375 τῷ
445 1340 542 1376 κόσμῳ
564 1340 652 1375 τούτῳ
667 1342 899 1376 κακουχουμένοις
912 1342 991 1368 ἐκου-

198 1387 264 1418 σίως
276 1385 320 1412 διὰ
336 1386 436 1417 παντὸς
455 1386 644 1421 μεμνημένος,
660 1387 707 1413 καὶ
723 1386 777 1413 τῶν
793 1387 988 1422 ὴτιειλημένων

197 1432 317 1459 αἰωνίων
337 1431 463 1465 βασάνων
479 1433 535 1463 τοῖς
554 1432 684 1468 ῥᾳθύμως
699 1433 729 1459 ὲν
752 1432 792 1468 τῷ
807 1434 920 1468 παρόντι
938 1434 989 1470 βίῳ

196 1478 402 1513 διαγενομένοις
430 1479 613 1510 ἀδιαλείπτως
636 1478 731 1514 ὥσπερ
759 1479 923 1515 ποιούμενος
939 1481 989 1514 τὴν

199 1525 329 1560 μελέτην,
343 1525 394 1561 τὴν
410 1526 460 1561 μὲν
473 1526 591 1560 ὰκηδίαν
605 1527 639 1561 τῇ
655 1527 777 1561 ὑπομονῇ
789 1527 833 1553 διὰ
854 1526 905 1561 τῆς
922 1535 988 1553 στα-

197 1573 280 1607 θερᾶς
300 1571 419 1603 πίστεως
433 1572 576 1603 ἀπεσόὸει,
587 1572 639 1607 τὴν
651 1572 679 1598 δὲ
693 1572 849 1604 κενοδοξίαν
861 1573 899 1607 τῷ
913 1573 988 1608 φόόῳ

197 1617 249 1652 τῆς
257 1617 371 1652 γεέννης
385 1617 526 1652 μαραίνων
540 1618 580 1648 είς
595 1617 849 1652 ταπεινοφροσύνην
863 1619 991 1653 μετὲτρε-

198 1670 260 1693 πεν,
279 1662 316 1693 ὡς
331 1662 424 1688 λοιπὸν
440 1661 525 1688 αὑτοῦ
540 1663 603 1694 τοὺς
620 1662 692 1688 ἑπτὰ
710 1663 760 1698 τῆς
778 1663 879 1695 κακίας
904 1664 990 1699 ὑπερ-

198 1709 296 1740 ϐάντος
307 1708 465 1743 λογισμοὺς,
484 1708 532 1736 καλ
547 1709 597 1740 τὰς
612 1708 717 1735 τούτων
733 1709 835 1743 πάγας,
852 1709 992 1745 ἁχυρμιᾶς

197 1756 276 1790 δίκην
289 1757 322 1791 τῇ
339 1755 458 1790 Χριστοῦ
476 1755 588 1791 βοηθείᾳ
603 1756 862 1791 καταπατήσαντος,
888 1756 992 1792 τρίζειν

199 1801 259 1828 κατ’
279 1801 362 1829 αὑτοῦ
387 1802 452 1834 τοὺς
474 1802 584 1834 ὀδόντας
614 1803 660 1829 τὸν
674 1803 875 1838 ἀντικείμενον,
894 1804 941 1830 καὶ
960 1803 992 1838 δὴ

199 1847 249 1882 τὴν
259 1848 304 1875 ἐπ’
328 1848 453 1883 ὀμφαλοῦ
479 1849 610 1884 γαστρὸς,
635 1849 666 1875 τὸ
681 1850 712 1885 δὴ
730 1849 890 1884 λεγόμενον,
909 1859 992 1876 πανο-

200 1895 281 1922 πλίαν
302 1895 386 1922 αὑτοῦ
412 1897 493 1929 κινεῖ,
508 1896 558 1931 τὴν
573 1895 700 1923 ἑλέπολιν
726 1895 780 1922 τῶν
793 1896 943 1932 λογισμῶν,
963 1897 993 1923 τὸ

200 1943 381 1977 πρωτόφυτον
408 1942 459 1976 τῆς
477 1942 578 1974 κακίας
604 1942 761 1977 βλάστημα,
782 1940 804 1976 ᾧ
819 1943 866 1969 καὶ
881 1942 963 1972 αὐτὸς
980 1943 994 1968 ὁ

199 1988 354 2024 ἁρχέκακος
368 1987 431 2022 ὄφις
444 1988 496 2023 πρὸ
509 1988 619 2015 πάντων
631 1988 726 2015 ἑαυτὸν
738 1989 771 2024 τῇ
783 1987 838 2015 τῶν
854 1988 993 2024 λογισμῶν

199 2034 349 2071 διαστροφῇ
367 2035 565 2069 περιέπειρεν·
594 2034 635 2061 διὸ
647 2035 696 2061 καὶ
720 2035 775 2062 τῶν
789 2035 914 2071 οὐραιηῦν
928 2044 993 2062 κατ-

200 2081 298 2106 έπεσεν
314 2081 355 2112 εἰς
370 2081 423 2114 γῆν
439 2081 539 2116 ῥιφείς.

237 2125 268 2153 ε’.
282 2127 315 2152 Τί
336 2126 364 2153 δὲ
376 2126 456 2154 τοῦτό
471 2128 545 2153 ἐστιν
558 2135 565 2161 ;
592 2127 622 2154 Ἦ
645 2127 673 2154 δὶ
691 2128 908 2164 ὑπερηφανείας,
923 2129 993 2162 ἁγα-

201 2171 294 2205 πητοὶ,
309 2171 439 2204 δυσίατος
457 2173 591 2208 σηπεδὼν,
603 2174 620 2208 ἡ
638 2175 744 2210 κορυφὴ
757 2175 805 2201 καὶ
818 2175 934 2210 κορωνὶς
945 2175 994 2210 τῆς

201 2216 341 2252 κακίας,ή
358 2217 457 2253 πρώτη
479 2219 529 2253 τῆς
550 2219 664 2254 λογικῆς
690 2220 795 2252 οὐσίας,
828 2222 875 2247 καὶ
890 2222 993 2256 ὲσχάτη

1033 289 1173 311 cerentur.
1203 284 1267 319 Spei
1297 286 1369 312 cnitn
1396 285 1546 319 frustratio,
1561 285 1681 320 dicebat,
1711 287 1824 316 ultionis

1034 328 1155 354 doloretn
1177 333 1303 362 generat.

1069 374 1096 400 5.
1119 372 1153 401 Ut
1166 378 1257 401 autem
1273 375 1357 402 etiam
1373 375 1442 403 duos
1472 377 1555 404 hosce
1569 378 1681 413 laqueos
1697 387 1824 406 mansuc-

1035 421 1140 452 tudine.
1157 426 1272 456 ortaque
1289 429 1321 449 ex
1334 430 1378 454 eo,
1392 423 1465 458 quod
1480 429 1507 451 et
1520 424 1562 451 sui
1578 425 1666 459 ipsius
1687 432 1714 452 et
1728 432 1823 454 eorum

1035 468 1081 504 qui
1097 468 1122 495 ei
1141 468 1283 501 suberant.
1304 469 1375 497 idem
1392 477 1453 498 esSe
1469 470 1630 505 ﬁgmentum
1646 478 1750 505 nosset,
1772 473 1824 500 hu-

1037 514 1171 542 manitate
1198 514 1360 548 disciderat,
1387 516 1496 543 tandem
1520 516 1597 543 illum
1626 517 1731 551 acedia,
1749 524 1826 547 sexto

1037 560 1148 589 malitia:
1183 561 1319 596 germine.
1356 562 1492 590 scelestus
1530 562 1636 595 aﬂiixit,
1668 564 1827 599 nullamque

1036 606 1161 633 laborum
1193 606 1302 634 illorum
1331 607 1452 635 futuram
1480 608 1636 636 mercedem
1677 611 1824 645 suggessit,

1038 652 1250 686 promissionum
1265 652 1419 681 Servatoris
1430 654 1517 681 nostri
1532 654 1709 682 difﬁdentiam
1720 657 1828 685 occulte

1039 699 1189 731 smninans,
1207 704 1384 734 mentemque
1402 705 1541 736 perpetua:
1565 700 1721 728 futurorum
1738 703 1829 737 gloria:

1039 744 1178 772 oblivione
1189 745 1311 773 obruens
1324 753 1356 772 ac
1373 747 1447 773 velut
1464 747 1612 781 sepeliens.
1625 747 1711 775 Simul
1738 755 1828 777 autem

1040 797 1066 818 et
1100 791 1150 818 viri
1182 791 1256 818 illius
1282 792 1379 826 optimi
1408 792 1625 827 cogitationibus
1652 795 1830 830 subjiciebat,

1041 838 1158 865 multum
1172 839 1275 873 requiri
1293 839 1326 866 ad
1355 839 1473 866 virtutes
1491 841 1590 867 animm
1614 840 1735 868 laborem
1749 842 1831 870 sudo-

1044 891 1156 918 remque
1169 883 1239 911 haud
1259 885 1412 913 modiCum,
1431 890 1513 919 atque
1534 885 1608 913 hunc
1624 886 1713 914 solmn
1741 887 1832 915 homi-

1043 939 1164 966 numque
1188 939 1219 958 ex
1239 931 1309 959 fama
1333 932 1455 967 quietem
1487 941 1550 961 esse
1566 935 1741 968 mercedem;
1765 935 1831 963 hinc

1043 983 1104 1003 sese
1119 976 1151 1003 ad
1170 977 1230 1011 ejus
1245 977 1431 1004 decantandas
1445 978 1560 1006 virtutes
1575 985 1740 1008 convertens
1752 981 1832 1009 bona

1042 1022 1118 1049 illntn
1145 1023 1218 1057 apud
1233 1030 1281 1050 eos
1300 1024 1345 1058 qui
1356 1025 1378 1051 ei
1393 1025 1540 1059 parebant,
1551 1026 1672 1053 nominis
1691 1027 1833 1055 existima-

1042 1070 1109 1096 tioni
1136 1071 1309 1104 septimoque
1336 1071 1484 1098 atiecluum
1501 1072 1630 1106 dazmoni,
1649 1072 1711 1101 dico
1727 1078 1831 1107 autem,

1044 1123 1120 1142 vantc
1136 1116 1239 1151 gloriae,
1261 1116 1341 1144 facile
1354 1122 1512 1153 expugnatu
1529 1118 1637 1147 emcere
1653 1123 1695 1147 est
1710 1119 1831 1147 molitus.

1079 1206 1105 1233 ό.
1131 1204 1199 1233 Cum
1224 1210 1314 1232 autem
1337 1205 1382 1233 ille
1401 1206 1504 1233 Christi
1531 1207 1643 1238 auxilio,
1661 1213 1716 1233 non
1735 1211 1788 1233 tam
1799 1207 1833 1234 iis

1045 1253 1091 1287 qui
1106 1252 1130 1279 ei
1147 1252 1289 1283 suberant,
1308 1259 1390 1287 quam
1416 1252 1468 1279 sibi
1482 1252 1544 1287 ipsi,
1573 1252 1708 1287 imperare
1728 1252 1835 1280 videre-

1045 1304 1100 1331 tur,
1117 1298 1372 1333 promissarumque
1390 1305 1405 1325 a
1425 1298 1481 1325 Deo
1502 1297 1536 1325 iis
1558 1298 1604 1332 qui
1619 1298 1647 1325 in
1665 1298 1716 1325 hoc
1732 1297 1836 1326 mundo

1044 1351 1181 1372 arumnas
1188 1344 1324 1378 patienter
1336 1343 1439 1376 ierunt,
1452 1343 1587 1370 bonorum
1599 1343 1709 1370 assidue
1719 1349 1833 1375 memor,

1045 1397 1096 1417 nec
1119 1397 1175 1417 non
1199 1394 1379 1422 aeternorum,
1397 1397 1459 1423 qua:
1476 1388 1644 1416 desidiosam
1672 1387 1758 1416 vitam
1788 1388 1834 1416 hic

1046 1436 1212 1465 ducentibus
1228 1435 1299 1464 Deus
1313 1435 1445 1469 minatur,
1459 1435 1659 1471 suppliciorum
1676 1435 1834 1462 meditatio-

1044 1491 1108 1511 nem
1124 1484 1229 1518 absque
1257 1483 1466 1510 inlermissionc
1487 1481 1691 1517 quodammodo
1718 1481 1835 1513 faciens,

1044 1530 1166 1558 acediatn
1183 1529 1292 1564 quidem
1311 1529 1458 1556 tolerantia
1477 1536 1525 1563 per
1540 1528 1621 1556 [idem
1640 1528 1746 1556 ﬁrmam
1771 1528 1837 1555 abe-

1004 1586 1025 1614 c
1044 1576 1093 1610 git,
1118 1582 1216 1601 vanam
1242 1577 1333 1601 autent
1350 1573 1465 1608 gloriam
1491 1574 1625 1608 gehennae
1644 1575 1742 1601 timore
1761 1574 1836 1600 subi-

1044 1628 1111 1655 gens
1125 1628 1184 1648 eam
1203 1620 1230 1646 in
1244 1619 1431 1647 humilitatem
1444 1620 1591 1651 convertit,
1607 1619 1644 1647 ita
1660 1624 1690 1647 ut
1711 1619 1833 1651 tandem,

1044 1671 1149 1701 septem
1181 1665 1292 1692 malitia:
1329 1664 1403 1691 illius
1433 1665 1571 1699 superatis
1596 1663 1832 1699 suggestionibus,

1045 1714 1198 1747 harumque
1214 1711 1361 1746 decipulis,
1379 1711 1522 1746 palearum
1547 1710 1637 1738 acervi
1665 1711 1691 1737 in
1710 1710 1832 1742 modum,

1044 1758 1147 1786 Christi
1176 1765 1228 1792 ope
1254 1757 1434 1788 conculcatis.
1462 1756 1594 1784 dentibus
1621 1760 1717 1783 contra
1743 1755 1834 1791 ipsum

1044 1804 1174 1832 inimicus
1184 1803 1325 1836 strideret,
1341 1811 1476 1838 suamque
1500 1810 1516 1830 a
1529 1802 1634 1829 ventris
1646 1801 1787 1834 umbilico,
1806 1806 1834 1827 ut

1044 1851 1131 1882 aiunt,
1144 1849 1429 1883 armaluram,animis
1438 1848 1627 1885 expugnandis
1639 1847 1835 1875 validissimum

1047 1901 1223 1929 tormentum,
1241 1895 1352 1924 malitia
1369 1896 1585 1931 primogenitum
1603 1901 1727 1930 germen,
1741 1900 1795 1927 quo
1808 1897 1835 1919 et

1045 1943 1104 1978 ipse
1120 1942 1255 1969 malorum
1270 1945 1335 1968 ante
1351 1948 1448 1968 omnes
1465 1945 1561 1968 auctor
1584 1947 1698 1973 serpens
1710 1939 1835 1972 seipsum

1046 1995 1192 2024 pravarum
1206 1987 1406 2022 cogitationum
1421 1986 1587 2014 distortione
1603 1984 1752 2018 transﬁxit,
1771 1991 1834 2020 pro<

1045 2040 1106 2070 pter
1119 2034 1189 2070 quod
1201 2038 1229 2062 et
1244 2033 1321 2061 caelis
1336 2033 1448 2065 excidit,
1464 2033 1491 2060 in
1508 2035 1609 2060 terram
1625 2030 1779 2066 coniectus.

1081 2125 1107 2152 5.
1121 2123 1192 2157 Quid
1205 2127 1297 2151 autem
1313 2123 1340 2150 id
1352 2123 1413 2149 est?
1426 2122 1577 2156 Superbiae,
1594 2121 1699 2154 dilecti,
1724 2122 1833 2149 incura-

1046 2171 1108 2198 bilis
1122 2170 1251 2205 putredo,
1266 2174 1350 2204 caput
1369 2174 1395 2197 et
1405 2176 1507 2196 corona
1521 2168 1643 2201 malitia,
1657 2168 1765 2203 primus
1792 2176 1834 2197 ra-

1047 2217 1156 2245 tionalis
1168 2216 1331 2245 substantiae
1349 2220 1378 2243 et
1406 2223 1553 2250 supremus
1571 2215 1703 2243 morbus:
1730 2215 1835 2250 primus

201 2262 277 2294 νόσος
289 2270 297 2278 ·
315 2263 412 2299 πρώτη
426 2265 476 2298 μὶν
487 2265 532 2291 διὰ
548 2265 578 2291 τὸ
588 2265 678 2302 ταύτῃ
693 2266 812 2301 πρῶτον,
822 2266 859 2298 ὡς
872 2267 990 2302 εἴρηται,

1044 2264 1166 2299 quidem,
1178 2264 1242 2299 quia
1257 2263 1374 2298 primum
1389 2270 1432 2293 eo,
1448 2267 1478 2289 ut
1499 2261 1586 2292 aiunt.
1604 2261 1723 2289 Satanas
1735 2261 1835 2289 volun-

202 2308 391 2343 περιπαρῆναι
408 2309 454 2335 τὸν
466 2310 590 2337 Σατανᾶν
604 2311 695 2337 ἑκοντί
707 2319 714 2327 ·
731 2311 832 2347 ἐσχάτη
848 2311 876 2338 δὲ
905 2311 950 2338 διὰ
963 2312 994 2338 τὸ

205 2356 288 2390 μηδὲν
306 2356 392 2388 πάθος
409 2357 593 2393 ὑπερνικῆσαι
609 2357 713 2393 ταύτην
723 2358 763 2393 τῷ
775 2358 853 2394 κακῷ
868 2367 875 2374 ο
891 2359 995 2394 ταύτην

203 2402 307 2438 ιγειρει
319 2404 375 2434 τοῖς
390 2403 533 2438 λογισμοῖς
558 2404 605 2430 τοῦ
626 2404 723 2439 ἀνδρὸς
741 2405 902 2432 τελευταίαν
925 2414 994 2441 συμ-

202 2448 317 2483 πλοκὴν,
337 2450 386 2476 καὶ
402 2449 660 2484 δυσκαταγώνιστον
672 2452 686 2477 ὁ
707 2452 756 2486 τῆς
775 2452 868 2485 κοινῆς
887 2451 994 2485 φύσεως

200 2494 255 2520 τῶν
285 2494 437 2529 ἀνθρώπων
465 2495 562 2531 ἐχθρὸς
589 2496 767 2532 ὑποσπείρων
797 2497 872 2532 αὐτῷ
886 2497 993 2524 τοιάσδε

199 2539 278 2570 τινὰς
298 2539 427 2570 ὑπονοίας
439 2548 446 2554 ·
471 2540 548 2572 Ὶδοὺ,
559 2543 638 2576 φησὶ,
654 2542 835 2576 κατηγωνίσω
845 2545 876 2578 τῇ
893 2544 995 2578 ἐγκρα-

200 2584 262 2620 τείᾳ
285 2593 333 2611 σου
351 2585 399 2612 καὶ
409 2587 442 2620 τῇ
459 2586 567 2613 συνέσει
581 2587 616 2614 τὰ
629 2587 702 2623 πάθη
718 2589 766 2622 τῆς
786 2589 875 2623 ψυχῆς
891 2589 994 2616 καὶτοῦ

200 2631 343 2666 σώματοςι
350 2631 391 2667 τῷ
403 2632 550 2668 λογιστικῷ
563 2634 647 2669 αὐτῆς
666 2635 744 2669 μέρει
758 2636 845 2669 σοφῶς
857 2637 904 2662 καὶ
919 2645 995 2662 νουν-

201 2677 323 2715 εχῷςιτὰ
343 2678 391 2705 τοῦ
410 2679 497 2713 θυμοῦ
515 2681 561 2706 καὶ
576 2680 627 2715 τῆς
642 2680 793 2716 ἐπιθυμίας
811 2683 898 2716 αὐτῆς
921 2683 994 2718 ἠνιο-

201 2723 289 2758 χήσας
304 2724 482 2760 φρυάγματα,
512 2726 558 2753 καὶ
573 2727 622 2758 τὰς
639 2726 693 2753 τῶν
707 2727 836 2754 ἁπάντων
859 2728 995 2763 δαιμόνων

203 2770 327 2805 μηχανὰς
341 2771 381 2801 είς
398 2771 467 2805 ἀέρα
479 2772 602 2803 διέλυσας
616 2779 622 2786 ’
637 2773 711 2808 παρὰ
726 2774 774 2800 σοῦ
787 2774 802 2808 ἡ
820 2783 995 2810 γαστριμαρ-

201 2814 249 2848 γία
267 2815 440 2850 δεδούλωται,
456 2818 487 2844 τδ
497 2819 546 2853 τῆς
562 2819 663 2854 σαρκὸς
677 2821 802 2854 ἀκρατὲς
823 2821 872 2855 τῆς
887 2822 994 2856 φιληδο-

202 2861 262 2893 νίας
275 2862 359 2895 πάθος
375 2864 538 2901 πεπέδηται,
563 2866 579 2901 ὴ
595 2865 766 2902 φιλαργυρία
796 2867 966 2903 πεπάτηται,
981 2869 994 2895 ὁ

199 2906 290 2946 ὶθυμὸς
311 2911 362 2937 ὑπὸ
388 2912 437 2947 τῆς
458 2913 612 2948 πραότητος
630 2914 780 2948 κατεπόθη,
804 2914 820 2948 ἡ
852 2913 924 2950 λύπη
938 2915 994 2942 τῶν

1048 2310 1116 2338 tarie
1136 2309 1189 2337 fuit
1215 2308 1360 2340 conﬁxus;
1387 2314 1534 2342 supremus
1555 2313 1632 2337 vero.
1659 2306 1724 2341 quia
1756 2306 1832 2333 nulla

1046 2364 1108 2384 eum
1121 2356 1212 2392 passio
1232 2355 1335 2383 malitia
1347 2354 1449 2386 vincit;
1465 2359 1631 2389 postremam
1655 2352 1726 2380 hanc
1740 2351 1835 2380 didici-

1046 2403 1153 2438 lemque
1165 2410 1283 2438 pugnam
1294 2400 1517 2437 suggestionibus
1529 2399 1586 2427 suis
1599 2399 1732 2426 adversus
1747 2398 1834 2426 virum

1045 2449 1151 2477 excitat
1164 2448 1319 2476 communis
1334 2447 1477 2475 hominum
1495 2452 1603 2473 natura!
1628 2445 1725 2478 hostis,
1740 2444 1836 2479 hujus-

1048 2496 1122 2524 modi
1138 2496 1162 2523 ei
1180 2494 1362 2530 cogitationes
1392 2493 1500 2520 occulte
1516 2492 1639 2520 inferens
1653 2501 1660 2518 :
1676 2490 1758 2524 Ecce,
1784 2491 1833 2524 ait,

1046 2541 1216 2570 continentia
1229 2546 1274 2568 tua
1288 2539 1489 2575 prudentiaque
1502 2539 1599 2565 animae
1613 2545 1711 2565 omnes
1738 2545 1835 2573 corpo-

1047 2591 1140 2625 risque
1155 2588 1270 2616 atfectus
1281 2587 1428 2622 superasti,
1445 2586 1572 2614 rationali
1583 2586 1657 2613 illius
1670 2590 1747 2621 parte
1766 2587 1836 2613 scite

1046 2644 1078 2664 ac
1106 2635 1258 2671 prudenter
1284 2633 1595 2668 animi,ipsiusquemet
1619 2632 1739 2660 libidinis
1752 2638 1834 2659 astus

1046 2682 1203 2714 reirenasti,
1223 2681 1401 2715 omniumque
1430 2680 1585 2707 daemonum
1609 2683 1685 2706 astus
1712 2679 1740 2706 iu
1768 2686 1832 2706 aera

1048 2728 1124 2756 abire
1144 2728 1232 2755 fecisti
1248 2737 1255 2759 ;
1272 2736 1286 2755 ιι
1309 2732 1335 2755 te
1352 2727 1486 2763 ingluvies
1501 2727 1527 2754 in
1549 2726 1710 2754 servitutem
1724 2726 1833 2754 redacta

1046 2780 1099 2806 est,
1110 2774 1203 2802 carnis
1219 2773 1428 2805 incontinentis,
1441 2773 1544 2800 amoris
1557 2773 1727 2808 voluptatum
1742 2773 1833 2808 passio

1047 2822 1159 2848 subacta
1190 2825 1243 2852 est,
1275 2819 1390 2847 avaritia
1419 2819 1580 2847 conculcata
1612 2825 1663 2852 est,
1692 2819 1831 2848 iracundia

1046 2866 1259 2895 mansuetudine
1286 2867 1413 2902 absorpta
1445 2870 1499 2898 est,
1531 2865 1644 2894 tristitia
1687 2867 1720 2894 de
1750 2867 1831 2894 rebus

1047 2914 1196 2943 mundanis
1231 2922 1279 2951 spe
1307 2912 1578 2950 incorruptibilitatis
1605 2912 1743 2942 confracta
1778 2917 1828 2944 est,
