  <div class='ocr_page' id='page_1' title='image "/cluster/home/n/w/nwhite01/storage/ocr_20150623/116/njp.32101077772984/716.png"; bbox 0 0 2039 3150; ppageno 0'>
   <div class='ocr_carea' id='block_1_1' title="bbox 174 183 243 215">
    <p class='ocr_par' dir='ltr' id='par_1_1' title="bbox 174 183 243 215">
     <span class='ocr_line' id='line_1_1' title="bbox 174 183 243 215; baseline -0.014 0"><span class='ocrx_word' id='word_1_1' title='bbox 174 183 209 215; x_wconf 76' lang='lat'><strong>12</strong></span> <span class='ocrx_word' id='word_1_2' title='bbox 221 183 243 214; x_wconf 25' lang='lat' dir='ltr'><strong>t9</strong></span> 
     </span>
    </p>
   </div>
   <div class='ocr_carea' id='block_1_2' title="bbox 686 184 1280 216">
    <p class='ocr_par' dir='ltr' id='par_1_2' title="bbox 686 184 1280 216">
     <span class='ocr_line' id='line_1_2' title="bbox 686 184 1280 216; baseline 0 0"><span class='ocrx_word' id='word_1_3' title='bbox 686 186 715 216; x_wconf 89' lang='lat' dir='ltr'><strong>S.</strong></span> <span class='ocrx_word' id='word_1_4' title='bbox 740 184 932 216; x_wconf 68' lang='lat' dir='ltr'><strong>DEllETlilI</strong></span> <span class='ocrx_word' id='word_1_5' title='bbox 955 184 1156 215; x_wconf 75' lang='lat' dir='ltr'><strong>MARTYBIS</strong></span> <span class='ocrx_word' id='word_1_6' title='bbox 1175 185 1280 216; x_wconf 82' lang='lat' dir='ltr'><strong>ACTA.</strong></span> 
     </span>
    </p>
   </div>
   <div class='ocr_carea' id='block_1_3' title="bbox 1727 185 1795 219">
    <p class='ocr_par' dir='ltr' id='par_1_3' title="bbox 1727 185 1795 219">
     <span class='ocr_line' id='line_1_3' title="bbox 1727 185 1795 219; baseline 0.015 -1"><span class='ocrx_word' id='word_1_7' title='bbox 1727 185 1795 219; x_wconf 82' lang='grc'><strong>1210</strong></span> 
     </span>
    </p>
   </div>
   <div class='ocr_carea' id='block_1_4' title="bbox 173 239 955 281">
    <p class='ocr_par' dir='ltr' id='par_1_4' title="bbox 173 239 955 277">
     <span class='ocr_line' id='line_1_4' title="bbox 173 239 955 277; baseline 0 -11"><span class='ocrx_word' id='word_1_8' title='bbox 173 239 219 266; x_wconf 74' lang='grc' dir='ltr'>τὸν</span> <span class='ocrx_word' id='word_1_9' title='bbox 231 239 405 275; x_wconf 72' lang='grc' dir='ltr'>ἀπελπισμδν</span> <span class='ocrx_word' id='word_1_10' title='bbox 420 239 573 268; x_wconf 74' lang='grc' dir='ltr'>ὑπέϐαλλον</span> <span class='ocrx_word' id='word_1_11' title='bbox 591 242 624 277; x_wconf 83' lang='grc' dir='ltr'><strong>τῇ</strong></span> <span class='ocrx_word' id='word_1_12' title='bbox 638 242 722 276; x_wconf 73' lang='grc' dir='ltr'>ψυχῇ,</span> <span class='ocrx_word' id='word_1_13' title='bbox 737 241 775 272; x_wconf 86' lang='grc' dir='ltr'>ὡς</span> <span class='ocrx_word' id='word_1_14' title='bbox 784 241 816 267; x_wconf 66' lang='grc' dir='ltr'>ἐκ</span> <span class='ocrx_word' id='word_1_15' title='bbox 829 241 878 276; x_wconf 83' lang='grc' dir='ltr'>τῆς</span> <span class='ocrx_word' id='word_1_16' title='bbox 892 240 955 267; x_wconf 80' lang='grc' dir='ltr'><strong>ἀθυ-</strong></span> 
     </span>
    </p>
   </div>
   <div class='ocr_carea' id='block_1_5' title="bbox 1006 239 1794 281">
    <p class='ocr_par' dir='ltr' id='par_1_5' title="bbox 1011 240 1794 281">
     <span class='ocr_line' id='line_1_5' title="bbox 1011 240 1794 281; baseline 0.006 -13"><span class='ocrx_word' id='word_1_17' title='bbox 1011 240 1130 273; x_wconf 88' lang='lat' dir='ltr'><strong>ciebant,</strong></span> <span class='ocrx_word' id='word_1_18' title='bbox 1148 242 1216 268; x_wconf 84' lang='lat' dir='ltr'><strong>adeo</strong></span> <span class='ocrx_word' id='word_1_19' title='bbox 1229 246 1258 269; x_wconf 85' lang='lat' dir='ltr'><strong>ut</strong></span> <span class='ocrx_word' id='word_1_20' title='bbox 1270 250 1303 270; x_wconf 84' lang='lat' dir='ltr'><strong>ex</strong></span> <span class='ocrx_word' id='word_1_21' title='bbox 1318 243 1401 270; x_wconf 81' lang='lat' dir='ltr'><strong>animi</strong></span> <span class='ocrx_word' id='word_1_22' title='bbox 1429 243 1582 279; x_wconf 86' lang='lat' dir='ltr'><strong>dejectione</strong></span> <span class='ocrx_word' id='word_1_23' title='bbox 1605 244 1688 280; x_wconf 90' lang='lat' dir='ltr'><strong>duplo</strong></span> <span class='ocrx_word' id='word_1_24' title='bbox 1705 246 1794 281; x_wconf 80' lang='lat' dir='ltr'><strong>majus</strong></span> 
     </span>
    </p>
   </div>
   <div class='ocr_carea' id='block_1_6' title="bbox 174 285 958 322">
    <p class='ocr_par' dir='ltr' id='par_1_6' title="bbox 174 285 958 322">
     <span class='ocr_line' id='line_1_6' title="bbox 174 285 958 322; baseline 0 -10"><span class='ocrx_word' id='word_1_25' title='bbox 174 285 239 320; x_wconf 81' lang='grc' dir='ltr'>μίας</span> <span class='ocrx_word' id='word_1_26' title='bbox 249 285 418 318; x_wconf 83' lang='grc' dir='ltr'>διαπλασίως</span> <span class='ocrx_word' id='word_1_27' title='bbox 434 287 582 322; x_wconf 81' lang='grc' dir='ltr'>τρέφεσθαι</span> <span class='ocrx_word' id='word_1_28' title='bbox 597 287 627 313; x_wconf 81' lang='grc' dir='ltr'><strong>τὺ</strong></span> <span class='ocrx_word' id='word_1_29' title='bbox 638 287 733 318; x_wconf 72' lang='grc' dir='ltr'>κακον,</span> <span class='ocrx_word' id='word_1_30' title='bbox 746 286 807 313; x_wconf 78' lang='grc' dir='ltr'>οὔτε</span> <span class='ocrx_word' id='word_1_31' title='bbox 822 286 850 313; x_wconf 79' lang='grc' dir='ltr'><strong>δὲ</strong></span> <span class='ocrx_word' id='word_1_32' title='bbox 868 287 958 320; x_wconf 75' lang='grc' dir='ltr'>πάσης</span> 
     </span>
    </p>
   </div>
   <div class='ocr_carea' id='block_1_7' title="bbox 171 331 959 368">
    <p class='ocr_par' dir='ltr' id='par_1_7' title="bbox 171 331 959 368">
     <span class='ocr_line' id='line_1_7' title="bbox 171 331 959 368; baseline 0.004 -11"><span class='ocrx_word' id='word_1_33' title='bbox 171 331 347 366; x_wconf 74' lang='grc' dir='ltr'><strong>ἀνθρωπίνης</strong></span> <span class='ocrx_word' id='word_1_34' title='bbox 362 332 489 367; x_wconf 82' lang='grc' dir='ltr'><strong>βοηθείας</strong></span> <span class='ocrx_word' id='word_1_35' title='bbox 510 334 648 360; x_wconf 82' lang='grc' dir='ltr'>ἀπεῖπενό</span> <span class='ocrx_word' id='word_1_36' title='bbox 664 334 744 368; x_wconf 76' lang='grc' dir='ltr'>ἀνὴρ,</span> <span class='ocrx_word' id='word_1_37' title='bbox 755 334 804 361; x_wconf 79' lang='grc' dir='ltr'>καὶ</span> <span class='ocrx_word' id='word_1_38' title='bbox 819 333 913 360; x_wconf 76' lang='grc' dir='ltr'>λοιπὸν</span> <span class='ocrx_word' id='word_1_39' title='bbox 925 334 959 360; x_wconf 81' lang='grc' dir='ltr'>τὰ</span> 
     </span>
    </p>
   </div>
   <div class='ocr_carea' id='block_1_8' title="bbox 171 377 959 416">
    <p class='ocr_par' dir='ltr' id='par_1_8' title="bbox 171 377 959 416">
     <span class='ocr_line' id='line_1_8' title="bbox 171 377 959 416; baseline 0.004 -13"><span class='ocrx_word' id='word_1_40' title='bbox 171 377 239 412; x_wconf 74' lang='grc' dir='ltr'>περὶ</span> <span class='ocrx_word' id='word_1_41' title='bbox 257 377 303 404; x_wconf 81' lang='grc' dir='ltr'><strong>τὸν</strong></span> <span class='ocrx_word' id='word_1_42' title='bbox 321 379 436 406; x_wconf 77' lang='grc' dir='ltr'>θάνατον</span> <span class='ocrx_word' id='word_1_43' title='bbox 453 380 549 406; x_wconf 83' lang='grc' dir='ltr'>τούτου</span> <span class='ocrx_word' id='word_1_44' title='bbox 572 380 737 416; x_wconf 80' lang='grc' dir='ltr'>ηὑτρέπιζον</span> <span class='ocrx_word' id='word_1_45' title='bbox 753 380 778 407; x_wconf 80' lang='grc' dir='ltr'><strong>οι</strong></span> <span class='ocrx_word' id='word_1_46' title='bbox 805 380 959 415; x_wconf 76' lang='grc' dir='ltr'>προσήκον·</span> 
     </span>
    </p>
   </div>
   <div class='ocr_carea' id='block_1_9' title="bbox 170 432 228 455">
    <p class='ocr_par' dir='ltr' id='par_1_9' title="bbox 170 432 228 455">
     <span class='ocr_line' id='line_1_9' title="bbox 170 432 228 455; baseline 0 -6"><span class='ocrx_word' id='word_1_47' title='bbox 170 432 228 455; x_wconf 78' lang='grc' dir='ltr'>τες.</span> 
     </span>
    </p>
   </div>
   <div class='ocr_carea' id='block_1_10' title="bbox 207 470 959 508">
    <p class='ocr_par' dir='ltr' id='par_1_10' title="bbox 207 470 959 508">
     <span class='ocr_line' id='line_1_10' title="bbox 207 470 959 508; baseline 0.001 -11"><span class='ocrx_word' id='word_1_48' title='bbox 207 470 242 498; x_wconf 79' lang='grc' dir='ltr'><strong>θ’.</strong></span> <span class='ocrx_word' id='word_1_49' title='bbox 269 471 336 498; x_wconf 72' lang='grc' dir='ltr'>Τότε</span> <span class='ocrx_word' id='word_1_50' title='bbox 361 480 404 504; x_wconf 85' lang='grc' dir='ltr'><strong>τις</strong></span> <span class='ocrx_word' id='word_1_51' title='bbox 428 472 482 499; x_wconf 83' lang='grc' dir='ltr'><strong>τῶν</strong></span> <span class='ocrx_word' id='word_1_52' title='bbox 508 472 694 508; x_wconf 77' lang='grc' dir='ltr'>εὐνουστέρων</span> <span class='ocrx_word' id='word_1_53' title='bbox 718 471 793 508; x_wconf 84' lang='grc' dir='ltr'><strong>αὑτῷ</strong></span> <span class='ocrx_word' id='word_1_54' title='bbox 808 471 959 498; x_wconf 74' lang='grc' dir='ltr'><strong>δοκούντων</strong></span> 
     </span>
    </p>
   </div>
   <div class='ocr_carea' id='block_1_11' title="bbox 171 516 958 552">
    <p class='ocr_par' dir='ltr' id='par_1_11' title="bbox 171 516 958 552">
     <span class='ocr_line' id='line_1_11' title="bbox 171 516 958 552; baseline 0.003 -10"><span class='ocrx_word' id='word_1_55' title='bbox 171 516 306 551; x_wconf 78' lang='grc' dir='ltr'><strong>ὑπάρχειν</strong></span> <span class='ocrx_word' id='word_1_56' title='bbox 335 517 402 551; x_wconf 79' lang='grc' dir='ltr'>πρὸς</span> <span class='ocrx_word' id='word_1_57' title='bbox 421 518 452 544; x_wconf 84' lang='grc' dir='ltr'><strong>τὸ</strong></span> <span class='ocrx_word' id='word_1_58' title='bbox 477 517 523 549; x_wconf 73' lang='grc' dir='ltr'>οὓς</span> <span class='ocrx_word' id='word_1_59' title='bbox 552 519 644 552; x_wconf 84' lang='grc' dir='ltr'>ἡρέμα</span> <span class='ocrx_word' id='word_1_60' title='bbox 670 517 754 552; x_wconf 75' lang='grc' dir='ltr'>ἔφησε</span> <span class='ocrx_word' id='word_1_61' title='bbox 789 517 958 552; x_wconf 79' lang='grc' dir='ltr'>προσελθὼν,</span> 
     </span>
    </p>
   </div>
   <div class='ocr_carea' id='block_1_12' title="bbox 170 561 960 598">
    <p class='ocr_par' dir='ltr' id='par_1_12' title="bbox 170 561 960 598">
     <span class='ocr_line' id='line_1_12' title="bbox 170 561 960 598; baseline 0.003 -10"><span class='ocrx_word' id='word_1_62' title='bbox 170 563 252 588; x_wconf 85' lang='grc' dir='ltr'>Ἔστι</span> <span class='ocrx_word' id='word_1_63' title='bbox 268 571 310 594; x_wconf 86' lang='grc' dir='ltr'><strong>τις</strong></span> <span class='ocrx_word' id='word_1_64' title='bbox 321 563 400 598; x_wconf 75' lang='grc' dir='ltr'>ἀνὴρ,</span> <span class='ocrx_word' id='word_1_65' title='bbox 414 563 442 594; x_wconf 75' lang='grc' dir='ltr'>ὃς</span> <span class='ocrx_word' id='word_1_66' title='bbox 459 564 557 598; x_wconf 75' lang='grc' dir='ltr'>εἴρηκέ</span> <span class='ocrx_word' id='word_1_67' title='bbox 573 572 618 598; x_wconf 85' lang='grc' dir='ltr'><strong>μοι</strong></span> <span class='ocrx_word' id='word_1_68' title='bbox 631 564 763 591; x_wconf 83' lang='grc' dir='ltr'>δύνασθαί</span> <span class='ocrx_word' id='word_1_69' title='bbox 777 561 850 595; x_wconf 84' lang='grc' dir='ltr'>σε,ὧ</span> <span class='ocrx_word' id='word_1_70' title='bbox 863 565 960 590; x_wconf 77' lang='grc' dir='ltr'>δέσπο-</span> 
     </span>
    </p>
   </div>
   <div class='ocr_carea' id='block_1_13' title="bbox 167 609 958 646">
    <p class='ocr_par' dir='ltr' id='par_1_13' title="bbox 167 609 958 646">
     <span class='ocr_line' id='line_1_13' title="bbox 167 609 958 646; baseline 0.003 -12"><span class='ocrx_word' id='word_1_71' title='bbox 167 617 214 640; x_wconf 84' lang='grc' dir='ltr'><strong>τα,</strong></span> <span class='ocrx_word' id='word_1_72' title='bbox 232 609 294 643; x_wconf 78' lang='grc' dir='ltr'>ὑγιῆ</span> <span class='ocrx_word' id='word_1_73' title='bbox 311 609 453 644; x_wconf 77' lang='grc' dir='ltr'>καθιστᾷν.</span> <span class='ocrx_word' id='word_1_74' title='bbox 469 610 493 636; x_wconf 78' lang='grc' dir='ltr'>εί</span> <span class='ocrx_word' id='word_1_75' title='bbox 509 609 636 646; x_wconf 76' lang='grc' dir='ltr'><strong>θελήσειε</strong></span> <span class='ocrx_word' id='word_1_76' title='bbox 653 610 704 645; x_wconf 81' lang='grc' dir='ltr'>τὴν</span> <span class='ocrx_word' id='word_1_77' title='bbox 727 611 958 646; x_wconf 83' lang='grc' dir='ltr'>ὲγγεγραμμένην</span> 
     </span>
    </p>
   </div>
   <div class='ocr_carea' id='block_1_14' title="bbox 170 654 958 691">
    <p class='ocr_par' dir='ltr' id='par_1_14' title="bbox 170 654 958 691">
     <span class='ocr_line' id='line_1_14' title="bbox 170 654 958 691; baseline 0.003 -11"><span class='ocrx_word' id='word_1_78' title='bbox 170 654 344 689; x_wconf 69' lang='grc' dir='ltr'>μεμϐράναν,</span> <span class='ocrx_word' id='word_1_79' title='bbox 371 655 405 690; x_wconf 77' lang='grc' dir='ltr'><strong>ῆν</strong></span> <span class='ocrx_word' id='word_1_80' title='bbox 430 655 522 682; x_wconf 66' lang='grc' dir='ltr'>δίδωτι</span> <span class='ocrx_word' id='word_1_81' title='bbox 550 664 602 687; x_wconf 86' lang='grc' dir='ltr'>σοι,</span> <span class='ocrx_word' id='word_1_82' title='bbox 629 656 737 691; x_wconf 80' lang='grc' dir='ltr'>ἀφάψαι</span> <span class='ocrx_word' id='word_1_83' title='bbox 753 657 824 683; x_wconf 79' lang='grc' dir='ltr'>κατὰ</span> <span class='ocrx_word' id='word_1_84' title='bbox 837 656 885 682; x_wconf 77' lang='grc' dir='ltr'>τοῦ</span> <span class='ocrx_word' id='word_1_85' title='bbox 912 656 958 682; x_wconf 83' lang='grc' dir='ltr'><strong>σοῦ</strong></span> 
     </span>
    </p>
   </div>
   <div class='ocr_carea' id='block_1_15' title="bbox 166 700 959 736">
    <p class='ocr_par' dir='ltr' id='par_1_15' title="bbox 166 700 959 736">
     <span class='ocr_line' id='line_1_15' title="bbox 166 700 959 736; baseline 0.003 -11"><span class='ocrx_word' id='word_1_86' title='bbox 166 700 318 734; x_wconf 82' lang='grc' dir='ltr'><strong>τραχήλου,</strong></span> <span class='ocrx_word' id='word_1_87' title='bbox 351 701 397 726; x_wconf 83' lang='grc' dir='ltr'><strong>καὶ</strong></span> <span class='ocrx_word' id='word_1_88' title='bbox 422 702 526 736; x_wconf 79' lang='grc' dir='ltr'><strong>φορεῖν.</strong></span> <span class='ocrx_word' id='word_1_89' title='bbox 553 701 583 727; x_wconf 90' lang='lat' dir='ltr'><strong>&#39;O</strong></span> <span class='ocrx_word' id='word_1_90' title='bbox 599 701 628 728; x_wconf 63' lang='grc' dir='ltr'>δὲ</span> <span class='ocrx_word' id='word_1_91' title='bbox 655 702 791 736; x_wconf 80' lang='grc' dir='ltr'>μακάριος</span> <span class='ocrx_word' id='word_1_92' title='bbox 819 701 959 735; x_wconf 77' lang='grc' dir='ltr'>Μαριανδς</span> 
     </span>
    </p>
   </div>
   <div class='ocr_carea' id='block_1_16' title="bbox 167 746 957 782">
    <p class='ocr_par' dir='ltr' id='par_1_16' title="bbox 167 746 957 782">
     <span class='ocr_line' id='line_1_16' title="bbox 167 746 957 782; baseline 0 -10"><span class='ocrx_word' id='word_1_93' title='bbox 167 746 337 781; x_wconf 79' lang='grc' dir='ltr'>ἁπεκρίνατο</span> <span class='ocrx_word' id='word_1_94' title='bbox 351 754 358 761; x_wconf 83' lang='lat'><strong><em>°</em></strong></span> <span class='ocrx_word' id='word_1_95' title='bbox 378 747 433 773; x_wconf 76' lang='grc' dir='ltr'>Καὶ</span> <span class='ocrx_word' id='word_1_96' title='bbox 446 747 472 773; x_wconf 86' lang='grc' dir='ltr'><strong>τί</strong></span> <span class='ocrx_word' id='word_1_97' title='bbox 488 748 572 779; x_wconf 72' lang='grc' dir='ltr'>ἐστιν,</span> <span class='ocrx_word' id='word_1_98' title='bbox 588 747 602 774; x_wconf 87' lang='grc' dir='ltr'><strong>ὂ</strong></span> <span class='ocrx_word' id='word_1_99' title='bbox 621 756 704 782; x_wconf 86' lang='grc' dir='ltr'>φησιν</span> <span class='ocrx_word' id='word_1_100' title='bbox 720 747 908 782; x_wconf 66' lang='grc' dir='ltr'><strong>ἐγγεγράφθαι</strong></span> <span class='ocrx_word' id='word_1_101' title='bbox 923 748 957 782; x_wconf 83' lang='grc' dir='ltr'><strong>τῇ</strong></span> 
     </span>
    </p>
   </div>
   <div class='ocr_carea' id='block_1_17' title="bbox 169 790 956 828">
    <p class='ocr_par' dir='ltr' id='par_1_17' title="bbox 169 790 956 828">
     <span class='ocr_line' id='line_1_17' title="bbox 169 790 956 828; baseline 0.004 -12"><span class='ocrx_word' id='word_1_102' title='bbox 169 791 338 826; x_wconf 78' lang='grc' dir='ltr'><strong>μεμόράνῃ;</strong></span> <span class='ocrx_word' id='word_1_103' title='bbox 355 790 421 818; x_wconf 66' lang='lat' dir='ltr'><strong>Eine</strong></span> <span class='ocrx_word' id='word_1_104' title='bbox 436 792 463 818; x_wconf 82' lang='grc' dir='ltr'><strong>δὲ</strong></span> <span class='ocrx_word' id='word_1_105' title='bbox 477 793 491 818; x_wconf 81' lang='grc' dir='ltr'>ὁ</span> <span class='ocrx_word' id='word_1_106' title='bbox 505 793 569 824; x_wconf 77' lang='grc' dir='ltr'>παῖς</span> <span class='ocrx_word' id='word_1_107' title='bbox 590 801 597 808; x_wconf 91' lang='grc'>·</span> <span class='ocrx_word' id='word_1_108' title='bbox 619 793 822 828; x_wconf 83' lang='grc' dir='ltr'>Ἐρωτήσαντύς</span> <span class='ocrx_word' id='word_1_109' title='bbox 843 801 894 828; x_wconf 79' lang='grc' dir='ltr'><strong>μου</strong></span> <span class='ocrx_word' id='word_1_110' title='bbox 911 802 956 826; x_wconf 86' lang='grc' dir='ltr'>μι-</span> 
     </span>
    </p>
   </div>
   <div class='ocr_carea' id='block_1_18' title="bbox 167 837 956 872">
    <p class='ocr_par' dir='ltr' id='par_1_18' title="bbox 167 837 956 872">
     <span class='ocr_line' id='line_1_18' title="bbox 167 837 956 872; baseline 0.004 -11"><span class='ocrx_word' id='word_1_111' title='bbox 167 837 234 869; x_wconf 79' lang='grc' dir='ltr'>κρόν</span> <span class='ocrx_word' id='word_1_112' title='bbox 252 845 277 862; x_wconf 85' lang='grc' dir='ltr'><strong>τι</strong></span> <span class='ocrx_word' id='word_1_113' title='bbox 289 837 501 871; x_wconf 75' lang='grc' dir='ltr'><strong>περιεργότερον</strong></span> <span class='ocrx_word' id='word_1_114' title='bbox 516 837 560 863; x_wconf 84' lang='grc' dir='ltr'><strong>διὰ</strong></span> <span class='ocrx_word' id='word_1_115' title='bbox 580 837 628 872; x_wconf 78' lang='grc' dir='ltr'>τὴν</span> <span class='ocrx_word' id='word_1_116' title='bbox 648 837 752 870; x_wconf 73' lang='grc' dir='ltr'>ἄφατον</span> <span class='ocrx_word' id='word_1_117' title='bbox 769 846 820 872; x_wconf 88' lang='grc' dir='ltr'><strong>μου</strong></span> <span class='ocrx_word' id='word_1_118' title='bbox 840 838 905 871; x_wconf 74' lang='grc' dir='ltr'>περὶ</span> <span class='ocrx_word' id='word_1_119' title='bbox 917 837 956 869; x_wconf 75' lang='grc' dir='ltr'><strong>σὲ,</strong></span> 
     </span>
    </p>
   </div>
   <div class='ocr_carea' id='block_1_19' title="bbox 166 879 956 919">
    <p class='ocr_par' dir='ltr' id='par_1_19' title="bbox 166 879 956 919">
     <span class='ocr_line' id='line_1_19' title="bbox 166 879 956 919; baseline 0.003 -12"><span class='ocrx_word' id='word_1_120' title='bbox 166 879 191 908; x_wconf 84' lang='grc' dir='ltr'><strong><em>ὦ</em></strong></span> <span class='ocrx_word' id='word_1_121' title='bbox 205 883 333 913; x_wconf 82' lang='grc' dir='ltr'>δέσποτα,</span> <span class='ocrx_word' id='word_1_122' title='bbox 360 883 491 916; x_wconf 79' lang='grc' dir='ltr'><strong>φροντίδα</strong></span> <span class='ocrx_word' id='word_1_123' title='bbox 504 903 512 915; x_wconf 84' lang='lat'><strong>,</strong></span> <span class='ocrx_word' id='word_1_124' title='bbox 533 883 594 909; x_wconf 77' lang='grc' dir='ltr'><strong>οὐδὲ</strong></span> <span class='ocrx_word' id='word_1_125' title='bbox 617 883 696 909; x_wconf 81' lang='grc' dir='ltr'>τοῦτό</span> <span class='ocrx_word' id='word_1_126' title='bbox 717 891 749 918; x_wconf 83' lang='grc' dir='ltr'>με</span> <span class='ocrx_word' id='word_1_127' title='bbox 766 883 956 919; x_wconf 71' lang='grc' dir='ltr'><strong>ἀπεκρύψατο,</strong></span> 
     </span>
    </p>
   </div>
   <div class='ocr_carea' id='block_1_20' title="bbox 168 913 996 964">
    <p class='ocr_par' dir='ltr' id='par_1_20' title="bbox 168 913 996 964">
     <span class='ocr_line' id='line_1_20' title="bbox 168 913 996 964; baseline 0.002 -11"><span class='ocrx_word' id='word_1_128' title='bbox 168 927 229 954; x_wconf 80' lang='grc' dir='ltr'>ἀλλ’</span> <span class='ocrx_word' id='word_1_129' title='bbox 248 928 300 962; x_wconf 81' lang='grc' dir='ltr'>ἔφη</span> <span class='ocrx_word' id='word_1_130' title='bbox 327 913 403 958; x_wconf 52' lang='grc' dir='ltr'>τινας</span> <span class='ocrx_word' id='word_1_131' title='bbox 430 913 564 962; x_wconf 73' lang='grc' dir='ltr'>γραμμὰς</span> <span class='ocrx_word' id='word_1_132' title='bbox 589 929 680 955; x_wconf 73' lang='grc' dir='ltr'>ἐκεῖσε</span> <span class='ocrx_word' id='word_1_133' title='bbox 704 913 888 964; x_wconf 42' lang='grc' dir='ltr'>διαγράφειν,”</span> <span class='ocrx_word' id='word_1_134' title='bbox 909 913 958 956; x_wconf 67' lang='lat' dir='ltr'><strong>xui.</strong></span> <span class='ocrx_word' id='word_1_135' title='bbox 975 913 996 940; x_wconf 75' lang='grc' dir='ltr'><strong><em>Β</em></strong></span> 
     </span>
    </p>
   </div>
   <div class='ocr_carea' id='block_1_21' title="bbox 168 973 959 1010">
    <p class='ocr_par' dir='ltr' id='par_1_21' title="bbox 168 973 959 1010">
     <span class='ocr_line' id='line_1_21' title="bbox 168 973 959 1010; baseline 0.001 -10"><span class='ocrx_word' id='word_1_136' title='bbox 168 974 361 1008; x_wconf 77' lang='grc' dir='ltr'><strong>ἀστερίσκους,</strong></span> <span class='ocrx_word' id='word_1_137' title='bbox 378 974 425 999; x_wconf 74' lang='grc' dir='ltr'>καὶ</span> <span class='ocrx_word' id='word_1_138' title='bbox 441 973 604 1008; x_wconf 73' lang='grc' dir='ltr'><strong>ἡμικύκλια,</strong></span> <span class='ocrx_word' id='word_1_139' title='bbox 635 975 682 1001; x_wconf 87' lang='grc' dir='ltr'><strong>καί</strong></span> <span class='ocrx_word' id='word_1_140' title='bbox 708 983 768 1000; x_wconf 85' lang='grc' dir='ltr'>τινα</span> <span class='ocrx_word' id='word_1_141' title='bbox 795 975 878 1009; x_wconf 76' lang='grc' dir='ltr'>ἔτερα</span> <span class='ocrx_word' id='word_1_142' title='bbox 893 976 959 1010; x_wconf 85' lang='grc' dir='ltr'><strong>σχή-</strong></span> 
     </span>
    </p>
   </div>
   <div class='ocr_carea' id='block_1_22' title="bbox 169 1019 953 1055">
    <p class='ocr_par' dir='ltr' id='par_1_22' title="bbox 169 1019 953 1055">
     <span class='ocr_line' id='line_1_22' title="bbox 169 1019 953 1055; baseline 0.004 -11"><span class='ocrx_word' id='word_1_143' title='bbox 169 1027 245 1053; x_wconf 83' lang='grc' dir='ltr'>ματα</span> <span class='ocrx_word' id='word_1_144' title='bbox 262 1019 427 1054; x_wconf 76' lang='grc' dir='ltr'>γράμμασιν</span> <span class='ocrx_word' id='word_1_145' title='bbox 447 1019 615 1054; x_wconf 78' lang='grc' dir='ltr'>Ἐὕραῖκοῖς,</span> <span class='ocrx_word' id='word_1_146' title='bbox 637 1020 685 1046; x_wconf 72' lang='grc' dir='ltr'>καὶ</span> <span class='ocrx_word' id='word_1_147' title='bbox 703 1020 837 1055; x_wconf 71' lang='grc' dir='ltr'>ὀνόμασιν</span> <span class='ocrx_word' id='word_1_148' title='bbox 862 1021 953 1054; x_wconf 83' lang='grc' dir='ltr'>ἀγνώ-</span> 
     </span>
    </p>
   </div>
   <div class='ocr_carea' id='block_1_23' title="bbox 166 1063 958 1102">
    <p class='ocr_par' dir='ltr' id='par_1_23' title="bbox 166 1063 958 1102">
     <span class='ocr_line' id='line_1_23' title="bbox 166 1063 958 1102; baseline 0.006 -14"><span class='ocrx_word' id='word_1_149' title='bbox 166 1071 241 1090; x_wconf 86' lang='grc' dir='ltr'>στων</span> <span class='ocrx_word' id='word_1_150' title='bbox 261 1064 318 1094; x_wconf 84' lang='grc' dir='ltr'>τοῖς</span> <span class='ocrx_word' id='word_1_151' title='bbox 349 1063 468 1096; x_wconf 82' lang='grc' dir='ltr'><strong>πολλοῖς,</strong></span> <span class='ocrx_word' id='word_1_152' title='bbox 485 1064 586 1091; x_wconf 79' lang='grc' dir='ltr'>ἔσωθέν</span> <span class='ocrx_word' id='word_1_153' title='bbox 605 1073 634 1091; x_wconf 86' lang='grc' dir='ltr'>τε</span> <span class='ocrx_word' id='word_1_154' title='bbox 657 1065 704 1092; x_wconf 74' lang='grc' dir='ltr'>καὶ</span> <span class='ocrx_word' id='word_1_155' title='bbox 729 1065 830 1098; x_wconf 77' lang='grc' dir='ltr'>ἔξωθεν</span> <span class='ocrx_word' id='word_1_156' title='bbox 847 1075 958 1102; x_wconf 82' lang='grc' dir='ltr'>περιγε-</span> 
     </span>
    </p>
   </div>
   <div class='ocr_carea' id='block_1_24' title="bbox 165 1107 957 1146">
    <p class='ocr_par' dir='ltr' id='par_1_24' title="bbox 165 1107 957 1146">
     <span class='ocr_line' id='line_1_24' title="bbox 165 1107 957 1146; baseline 0.006 -13"><span class='ocrx_word' id='word_1_157' title='bbox 165 1107 330 1142; x_wconf 81' lang='grc' dir='ltr'>γραμμένα.</span> <span class='ocrx_word' id='word_1_158' title='bbox 347 1109 379 1134; x_wconf 87' lang='grc' dir='ltr'>Τί</span> <span class='ocrx_word' id='word_1_159' title='bbox 391 1109 445 1142; x_wconf 82' lang='grc' dir='ltr'><strong>γὰρ</strong></span> <span class='ocrx_word' id='word_1_160' title='bbox 461 1109 540 1144; x_wconf 80' lang='grc' dir='ltr'><strong>χρεία</strong></span> <span class='ocrx_word' id='word_1_161' title='bbox 557 1109 604 1136; x_wconf 74' lang='grc' dir='ltr'>καὶ</span> <span class='ocrx_word' id='word_1_162' title='bbox 619 1109 667 1136; x_wconf 83' lang='grc' dir='ltr'><strong>τοῦ</strong></span> <span class='ocrx_word' id='word_1_163' title='bbox 693 1110 791 1144; x_wconf 80' lang='grc' dir='ltr'><strong>μαθεῖν</strong></span> <span class='ocrx_word' id='word_1_164' title='bbox 806 1111 860 1137; x_wconf 84' lang='grc' dir='ltr'><strong>τῶν</strong></span> <span class='ocrx_word' id='word_1_165' title='bbox 876 1112 957 1146; x_wconf 78' lang='grc' dir='ltr'>ἐγγι-</span> 
     </span>
    </p>
   </div>
   <div class='ocr_carea' id='block_1_25' title="bbox 165 1153 958 1192">
    <p class='ocr_par' dir='ltr' id='par_1_25' title="bbox 165 1153 958 1192">
     <span class='ocr_line' id='line_1_25' title="bbox 165 1153 958 1192; baseline 0.006 -13"><span class='ocrx_word' id='word_1_166' title='bbox 165 1153 337 1188; x_wconf 74' lang='grc' dir='ltr'>γραμμένων</span> <span class='ocrx_word' id='word_1_167' title='bbox 352 1154 400 1188; x_wconf 75' lang='grc' dir='ltr'>τὴν</span> <span class='ocrx_word' id='word_1_168' title='bbox 417 1155 533 1190; x_wconf 84' lang='grc' dir='ltr'>δύναμιν</span> <span class='ocrx_word' id='word_1_169' title='bbox 554 1156 601 1182; x_wconf 82' lang='grc' dir='ltr'>καὶ</span> <span class='ocrx_word' id='word_1_170' title='bbox 618 1156 652 1182; x_wconf 80' lang='grc' dir='ltr'><strong>τὰ</strong></span> <span class='ocrx_word' id='word_1_171' title='bbox 666 1157 805 1192; x_wconf 81' lang='grc' dir='ltr'>σχήματα,</span> <span class='ocrx_word' id='word_1_172' title='bbox 822 1154 868 1188; x_wconf 80' lang='grc' dir='ltr'>Εἷς</span> <span class='ocrx_word' id='word_1_173' title='bbox 891 1158 958 1192; x_wconf 76' lang='grc' dir='ltr'>ἡμῖν</span> 
     </span>
    </p>
   </div>
   <div class='ocr_carea' id='block_1_26' title="bbox 165 1200 957 1237">
    <p class='ocr_par' dir='ltr' id='par_1_26' title="bbox 165 1200 957 1237">
     <span class='ocr_line' id='line_1_26' title="bbox 165 1200 957 1237; baseline 0.004 -10"><span class='ocrx_word' id='word_1_174' title='bbox 165 1202 224 1232; x_wconf 78' lang='grc' dir='ltr'>τοῖς</span> <span class='ocrx_word' id='word_1_175' title='bbox 240 1200 344 1231; x_wconf 82' lang='grc' dir='ltr'>δούλοις</span> <span class='ocrx_word' id='word_1_176' title='bbox 373 1209 419 1227; x_wconf 85' lang='grc' dir='ltr'>σου</span> <span class='ocrx_word' id='word_1_177' title='bbox 442 1202 524 1228; x_wconf 76' lang='grc' dir='ltr'>πᾶσιν</span> <span class='ocrx_word' id='word_1_178' title='bbox 551 1202 663 1234; x_wconf 76' lang='grc' dir='ltr'>σκοπὸς,</span> <span class='ocrx_word' id='word_1_179' title='bbox 691 1204 722 1229; x_wconf 83' lang='grc' dir='ltr'>τό</span> <span class='ocrx_word' id='word_1_180' title='bbox 748 1211 781 1229; x_wconf 71' lang='grc' dir='ltr'><strong>σε</strong></span> <span class='ocrx_word' id='word_1_181' title='bbox 796 1203 845 1237; x_wconf 78' lang='grc' dir='ltr'>τῆς</span> <span class='ocrx_word' id='word_1_182' title='bbox 861 1204 957 1237; x_wconf 79' lang='grc' dir='ltr'>ὑγείας</span> 
     </span>
    </p>
   </div>
   <div class='ocr_carea' id='block_1_27' title="bbox 164 1248 957 1284">
    <p class='ocr_par' dir='ltr' id='par_1_27' title="bbox 164 1248 957 1284">
     <span class='ocr_line' id='line_1_27' title="bbox 164 1248 957 1284; baseline 0.005 -12"><span class='ocrx_word' id='word_1_183' title='bbox 164 1248 270 1281; x_wconf 81' lang='grc' dir='ltr'><strong>τυχεῖν,</strong></span> <span class='ocrx_word' id='word_1_184' title='bbox 290 1248 338 1273; x_wconf 82' lang='grc' dir='ltr'>καὶ</span> <span class='ocrx_word' id='word_1_185' title='bbox 353 1249 390 1283; x_wconf 87' lang='grc' dir='ltr'>μὴ</span> <span class='ocrx_word' id='word_1_186' title='bbox 408 1248 512 1279; x_wconf 74' lang='grc' dir='ltr'>πάντας</span> <span class='ocrx_word' id='word_1_187' title='bbox 527 1249 611 1282; x_wconf 79' lang='grc' dir='ltr'>ἡμᾶς,</span> <span class='ocrx_word' id='word_1_188' title='bbox 626 1249 698 1283; x_wconf 83' lang='grc' dir='ltr'>τάχα</span> <span class='ocrx_word' id='word_1_189' title='bbox 719 1248 748 1275; x_wconf 77' lang='grc' dir='ltr'><strong>δὲ</strong></span> <span class='ocrx_word' id='word_1_190' title='bbox 762 1249 809 1275; x_wconf 76' lang='grc' dir='ltr'>καὶ</span> <span class='ocrx_word' id='word_1_191' title='bbox 823 1249 873 1284; x_wconf 81' lang='grc' dir='ltr'>τὴν</span> <span class='ocrx_word' id='word_1_192' title='bbox 892 1250 957 1284; x_wconf 78' lang='grc' dir='ltr'>ὅλην</span> 
     </span>
    </p>
   </div>
   <div class='ocr_carea' id='block_1_28' title="bbox 167 1294 958 1331">
    <p class='ocr_par' dir='ltr' id='par_1_28' title="bbox 167 1294 958 1331">
     <span class='ocr_line' id='line_1_28' title="bbox 167 1294 958 1331; baseline 0.003 -11"><span class='ocrx_word' id='word_1_193' title='bbox 167 1294 249 1320; x_wconf 68' lang='grc' dir='ltr'>πόλιν</span> <span class='ocrx_word' id='word_1_194' title='bbox 275 1294 321 1321; x_wconf 84' lang='grc' dir='ltr'><strong>διὰ</strong></span> <span class='ocrx_word' id='word_1_195' title='bbox 335 1294 383 1329; x_wconf 80' lang='grc' dir='ltr'>τῆς</span> <span class='ocrx_word' id='word_1_196' title='bbox 400 1294 449 1329; x_wconf 81' lang='grc' dir='ltr'>σῆς</span> <span class='ocrx_word' id='word_1_197' title='bbox 464 1295 622 1330; x_wconf 75' lang='grc' dir='ltr'>στερήσεως</span> <span class='ocrx_word' id='word_1_198' title='bbox 643 1295 749 1327; x_wconf 75' lang='grc' dir='ltr'>ζῶντας</span> <span class='ocrx_word' id='word_1_199' title='bbox 769 1296 808 1327; x_wconf 82' lang='grc' dir='ltr'>εἰς</span> <span class='ocrx_word' id='word_1_200' title='bbox 824 1295 888 1331; x_wconf 70' lang='grc' dir='ltr'>ᾅδου</span> <span class='ocrx_word' id='word_1_201' title='bbox 902 1304 958 1331; x_wconf 83' lang='grc' dir='ltr'>χω-</span> 
     </span>
    </p>
   </div>
   <div class='ocr_carea' id='block_1_29' title="bbox 164 1339 277 1374">
    <p class='ocr_par' dir='ltr' id='par_1_29' title="bbox 164 1339 277 1374">
     <span class='ocr_line' id='line_1_29' title="bbox 164 1339 277 1374; baseline 0 -8"><span class='ocrx_word' id='word_1_202' title='bbox 164 1339 277 1374; x_wconf 77' lang='grc' dir='ltr'><strong>σθῆναι.</strong></span> 
     </span>
    </p>
   </div>
   <div class='ocr_carea' id='block_1_30' title="bbox 206 1383 956 1423">
    <p class='ocr_par' dir='ltr' id='par_1_30' title="bbox 206 1383 956 1423">
     <span class='ocr_line' id='line_1_30' title="bbox 206 1383 956 1423; baseline 0.004 -11"><span class='ocrx_word' id='word_1_203' title='bbox 206 1389 234 1414; x_wconf 91' lang='grc' dir='ltr'><strong>ι’.</strong></span> <span class='ocrx_word' id='word_1_204' title='bbox 249 1386 321 1412; x_wconf 75' lang='grc' dir='ltr'><strong>Λάϐε</strong></span> <span class='ocrx_word' id='word_1_205' title='bbox 338 1383 396 1418; x_wconf 81' lang='grc' dir='ltr'>οὖν,</span> <span class='ocrx_word' id='word_1_206' title='bbox 416 1383 438 1413; x_wconf 81' lang='grc' dir='ltr'><strong>ὦ</strong></span> <span class='ocrx_word' id='word_1_207' title='bbox 461 1386 592 1421; x_wconf 78' lang='grc' dir='ltr'><strong>δέσποτα,</strong></span> <span class='ocrx_word' id='word_1_208' title='bbox 606 1387 636 1413; x_wconf 78' lang='grc' dir='ltr'>τὸ</span> <span class='ocrx_word' id='word_1_209' title='bbox 660 1386 748 1422; x_wconf 83' lang='grc' dir='ltr'>βραχὺ</span> <span class='ocrx_word' id='word_1_210' title='bbox 766 1387 846 1414; x_wconf 77' lang='grc' dir='ltr'>τοῦτο</span> <span class='ocrx_word' id='word_1_211' title='bbox 867 1388 956 1423; x_wconf 79' lang='grc' dir='ltr'>δέρμα</span> 
     </span>
    </p>
   </div>
   <div class='ocr_carea' id='block_1_31' title="bbox 165 1433 955 1470">
    <p class='ocr_par' dir='ltr' id='par_1_31' title="bbox 165 1433 955 1470">
     <span class='ocr_line' id='line_1_31' title="bbox 165 1433 955 1470; baseline 0.001 -10"><span class='ocrx_word' id='word_1_212' title='bbox 165 1433 214 1460; x_wconf 80' lang='grc' dir='ltr'>καὶ</span> <span class='ocrx_word' id='word_1_213' title='bbox 241 1433 366 1467; x_wconf 70' lang='grc' dir='ltr'>φόρεσον,</span> <span class='ocrx_word' id='word_1_214' title='bbox 394 1433 440 1459; x_wconf 72' lang='grc' dir='ltr'>καὶ</span> <span class='ocrx_word' id='word_1_215' title='bbox 456 1433 602 1468; x_wconf 77' lang='grc' dir='ltr'>ὑγιάσθητι</span> <span class='ocrx_word' id='word_1_216' title='bbox 624 1433 706 1465; x_wconf 69' lang='grc' dir='ltr'>αὐτὸς</span> <span class='ocrx_word' id='word_1_217' title='bbox 717 1454 724 1467; x_wconf 86' lang='grc'><strong>,</strong></span> <span class='ocrx_word' id='word_1_218' title='bbox 742 1435 788 1461; x_wconf 81' lang='grc' dir='ltr'><strong>καὶ</strong></span> <span class='ocrx_word' id='word_1_219' title='bbox 801 1435 866 1466; x_wconf 79' lang='grc' dir='ltr'>τοὺς</span> <span class='ocrx_word' id='word_1_220' title='bbox 881 1436 955 1470; x_wconf 77' lang='grc' dir='ltr'>παρᾶ</span> 
     </span>
    </p>
   </div>
   <div class='ocr_carea' id='block_1_32' title="bbox 167 1478 954 1516">
    <p class='ocr_par' dir='ltr' id='par_1_32' title="bbox 167 1478 954 1516">
     <span class='ocr_line' id='line_1_32' title="bbox 167 1478 954 1516; baseline 0.001 -10"><span class='ocrx_word' id='word_1_221' title='bbox 167 1479 215 1506; x_wconf 78' lang='grc' dir='ltr'><strong>σοῦ</strong></span> <span class='ocrx_word' id='word_1_222' title='bbox 232 1479 337 1510; x_wconf 77' lang='grc' dir='ltr'><strong>πάντας</strong></span> <span class='ocrx_word' id='word_1_223' title='bbox 349 1478 399 1513; x_wconf 82' lang='grc' dir='ltr'>τῆς</span> <span class='ocrx_word' id='word_1_224' title='bbox 418 1479 580 1513; x_wconf 80' lang='grc' dir='ltr'>φθοροποιοῠ</span> <span class='ocrx_word' id='word_1_225' title='bbox 601 1479 700 1514; x_wconf 80' lang='grc' dir='ltr'>λύπης,</span> <span class='ocrx_word' id='word_1_226' title='bbox 718 1480 828 1514; x_wconf 80' lang='grc' dir='ltr'>καὶτῆς</span> <span class='ocrx_word' id='word_1_227' title='bbox 844 1482 907 1516; x_wconf 69' lang='grc' dir='ltr'><strong>περὶ</strong></span> <span class='ocrx_word' id='word_1_228' title='bbox 926 1482 954 1507; x_wconf 78' lang='grc' dir='ltr'><strong>σὲ</strong></span> 
     </span>
    </p>
   </div>
   <div class='ocr_carea' id='block_1_33' title="bbox 163 1521 954 1559">
    <p class='ocr_par' dir='ltr' id='par_1_33' title="bbox 163 1521 954 1559">
     <span class='ocr_line' id='line_1_33' title="bbox 163 1521 954 1559; baseline 0.003 -9"><span class='ocrx_word' id='word_1_229' title='bbox 163 1523 263 1558; x_wconf 67' lang='grc' dir='ltr'>ὀδύνης</span> <span class='ocrx_word' id='word_1_230' title='bbox 274 1523 439 1556; x_wconf 75' lang='grc' dir='ltr'>ἀπάλλαξον.</span> <span class='ocrx_word' id='word_1_231' title='bbox 458 1521 525 1550; x_wconf 67' lang='lat' dir='ltr'><strong>Eius</strong></span> <span class='ocrx_word' id='word_1_232' title='bbox 539 1524 566 1550; x_wconf 78' lang='grc' dir='ltr'><strong>δὲ</strong></span> <span class='ocrx_word' id='word_1_233' title='bbox 578 1525 646 1559; x_wconf 79' lang='grc' dir='ltr'>πρὸς</span> <span class='ocrx_word' id='word_1_234' title='bbox 663 1525 744 1550; x_wconf 53' lang='grc' dir='ltr'>αὐτον</span> <span class='ocrx_word' id='word_1_235' title='bbox 766 1525 780 1550; x_wconf 82' lang='grc' dir='ltr'>ὁ</span> <span class='ocrx_word' id='word_1_236' title='bbox 796 1525 890 1556; x_wconf 70' lang='grc' dir='ltr'>πιστὸς</span> <span class='ocrx_word' id='word_1_237' title='bbox 903 1522 954 1552; x_wconf 69' lang='grc' dir='ltr'><strong>¹ὃν·</strong></span> 
     </span>
    </p>
   </div>
   <div class='ocr_carea' id='block_1_34' title="bbox 162 1568 989 1615">
    <p class='ocr_par' dir='ltr' id='par_1_34' title="bbox 162 1568 989 1615">
     <span class='ocr_line' id='line_1_34' title="bbox 162 1568 989 1615; baseline 0 -19"><span class='ocrx_word' id='word_1_238' title='bbox 162 1571 286 1602; x_wconf 81' lang='grc' dir='ltr'>τως,κα“ι</span> <span class='ocrx_word' id='word_1_239' title='bbox 297 1569 368 1595; x_wconf 69' lang='grc' dir='ltr'>κατὰ</span> <span class='ocrx_word' id='word_1_240' title='bbox 385 1569 452 1595; x_wconf 83' lang='grc' dir='ltr'><strong>Θεὸν</strong></span> <span class='ocrx_word' id='word_1_241' title='bbox 466 1568 635 1602; x_wconf 75' lang='grc' dir='ltr'>ἐνδοξότατος</span> <span class='ocrx_word' id='word_1_242' title='bbox 653 1569 774 1604; x_wconf 65' lang='grc' dir='ltr'>ὕπαρχος</span> <span class='ocrx_word' id='word_1_243' title='bbox 784 1570 876 1601; x_wconf 78' lang='grc' dir='ltr'>ἀτενὲς</span> <span class='ocrx_word' id='word_1_244' title='bbox 898 1571 926 1596; x_wconf 86' lang='grc' dir='ltr'>ἐν</span> <span class='ocrx_word' id='word_1_245' title='bbox 940 1584 952 1591; x_wconf 94' lang='grc'><strong>-</strong></span> <span class='ocrx_word' id='word_1_246' title='bbox 967 1586 989 1615; x_wconf 75' lang='lat' dir='ltr'>c</span> 
     </span>
    </p>
   </div>
   <div class='ocr_carea' id='block_1_35' title="bbox 163 1611 956 1651">
    <p class='ocr_par' dir='ltr' id='par_1_35' title="bbox 163 1611 956 1651">
     <span class='ocr_line' id='line_1_35' title="bbox 163 1611 956 1651; baseline -0.001 -9"><span class='ocrx_word' id='word_1_247' title='bbox 163 1616 244 1642; x_wconf 81' lang='grc' dir='ltr'><strong>ιδὼν·</strong></span> <span class='ocrx_word' id='word_1_248' title='bbox 263 1615 373 1650; x_wconf 84' lang='grc' dir='ltr'>Πρῶτον</span> <span class='ocrx_word' id='word_1_249' title='bbox 390 1614 450 1648; x_wconf 69' lang='grc' dir='ltr'>μὲν,</span> <span class='ocrx_word' id='word_1_250' title='bbox 461 1611 484 1640; x_wconf 81' lang='grc' dir='ltr'><strong>ὦ</strong></span> <span class='ocrx_word' id='word_1_251' title='bbox 502 1614 651 1649; x_wconf 70' lang='grc' dir='ltr'>σαθρότατε</span> <span class='ocrx_word' id='word_1_252' title='bbox 665 1614 799 1649; x_wconf 74' lang='grc' dir='ltr'>σύμϐουλε</span> <span class='ocrx_word' id='word_1_253' title='bbox 809 1619 855 1642; x_wconf 68' lang='grc' dir='ltr'><strong>καὶ</strong></span> <span class='ocrx_word' id='word_1_254' title='bbox 872 1616 956 1651; x_wconf 73' lang='grc' dir='ltr'>ψυχο-</span> 
     </span>
    </p>
   </div>
   <div class='ocr_carea' id='block_1_36' title="bbox 162 1659 954 1695">
    <p class='ocr_par' dir='ltr' id='par_1_36' title="bbox 162 1659 954 1695">
     <span class='ocr_line' id='line_1_36' title="bbox 162 1659 954 1695; baseline -0.001 -7"><span class='ocrx_word' id='word_1_255' title='bbox 162 1661 275 1692; x_wconf 69' lang='grc' dir='ltr'>6λα6ὲς,</span> <span class='ocrx_word' id='word_1_256' title='bbox 290 1660 372 1687; x_wconf 73' lang='grc' dir='ltr'>πόθεν</span> <span class='ocrx_word' id='word_1_257' title='bbox 391 1669 436 1694; x_wconf 84' lang='grc' dir='ltr'><strong>μοι</strong></span> <span class='ocrx_word' id='word_1_258' title='bbox 449 1660 528 1694; x_wconf 81' lang='grc' dir='ltr'>δῆλον</span> <span class='ocrx_word' id='word_1_259' title='bbox 542 1659 578 1691; x_wconf 82' lang='grc' dir='ltr'><strong>ὡς</strong></span> <span class='ocrx_word' id='word_1_260' title='bbox 595 1659 730 1695; x_wconf 79' lang='grc' dir='ltr'><strong>φεύξομαι</strong></span> <span class='ocrx_word' id='word_1_261' title='bbox 742 1660 792 1695; x_wconf 79' lang='grc' dir='ltr'><strong>τὴν</strong></span> <span class='ocrx_word' id='word_1_262' title='bbox 811 1661 888 1686; x_wconf 70' lang='grc' dir='ltr'>νόσον</span> <span class='ocrx_word' id='word_1_263' title='bbox 905 1669 954 1695; x_wconf 83' lang='grc' dir='ltr'>φο-</span> 
     </span>
    </p>
   </div>
   <div class='ocr_carea' id='block_1_37' title="bbox 163 1705 955 1742">
    <p class='ocr_par' dir='ltr' id='par_1_37' title="bbox 163 1705 955 1742">
     <span class='ocr_line' id='line_1_37' title="bbox 163 1705 955 1742; baseline 0.001 -9"><span class='ocrx_word' id='word_1_264' title='bbox 163 1707 248 1742; x_wconf 77' lang='grc' dir='ltr'>ρέσας</span> <span class='ocrx_word' id='word_1_265' title='bbox 263 1706 311 1741; x_wconf 79' lang='grc' dir='ltr'>τὴν</span> <span class='ocrx_word' id='word_1_266' title='bbox 333 1705 508 1741; x_wconf 78' lang='grc' dir='ltr'>μεμϐράναν,</span> <span class='ocrx_word' id='word_1_267' title='bbox 535 1705 636 1740; x_wconf 77' lang='grc' dir='ltr'>μᾶλλον</span> <span class='ocrx_word' id='word_1_268' title='bbox 649 1706 677 1732; x_wconf 80' lang='grc' dir='ltr'><strong>δὲ</strong></span> <span class='ocrx_word' id='word_1_269' title='bbox 695 1706 753 1737; x_wconf 79' lang='grc' dir='ltr'>πῶς</span> <span class='ocrx_word' id='word_1_270' title='bbox 766 1707 797 1732; x_wconf 75' lang='grc' dir='ltr'><strong>ού</strong></span> <span class='ocrx_word' id='word_1_271' title='bbox 821 1706 955 1742; x_wconf 68' lang='grc' dir='ltr'>πρόδηλον</span> 
     </span>
    </p>
   </div>
   <div class='ocr_carea' id='block_1_38' title="bbox 164 1751 954 1788">
    <p class='ocr_par' dir='ltr' id='par_1_38' title="bbox 164 1751 954 1788">
     <span class='ocr_line' id='line_1_38' title="bbox 164 1751 954 1788; baseline 0 -9"><span class='ocrx_word' id='word_1_272' title='bbox 164 1753 252 1788; x_wconf 67' lang='grc' dir='ltr'>μηδὲν</span> <span class='ocrx_word' id='word_1_273' title='bbox 266 1752 369 1786; x_wconf 78' lang='grc' dir='ltr'>ἀγαθὸν</span> <span class='ocrx_word' id='word_1_274' title='bbox 383 1752 413 1778; x_wconf 75' lang='grc' dir='ltr'>ἐν</span> <span class='ocrx_word' id='word_1_275' title='bbox 422 1751 491 1786; x_wconf 79' lang='grc' dir='ltr'>αὐτῇ</span> <span class='ocrx_word' id='word_1_276' title='bbox 500 1751 713 1787; x_wconf 75' lang='grc' dir='ltr'>διαγεγράφθαι,</span> <span class='ocrx_word' id='word_1_277' title='bbox 723 1752 771 1778; x_wconf 81' lang='grc' dir='ltr'>τοῦ</span> <span class='ocrx_word' id='word_1_278' title='bbox 783 1753 954 1787; x_wconf 73' lang='grc' dir='ltr'><strong>γεγραφότος</strong></span> 
     </span>
    </p>
   </div>
   <div class='ocr_carea' id='block_1_39' title="bbox 164 1797 954 1835">
    <p class='ocr_par' dir='ltr' id='par_1_39' title="bbox 164 1797 954 1835">
     <span class='ocr_line' id='line_1_39' title="bbox 164 1797 954 1835; baseline 0 -11"><span class='ocrx_word' id='word_1_279' title='bbox 164 1800 202 1835; x_wconf 81' lang='grc' dir='ltr'>μὴ</span> <span class='ocrx_word' id='word_1_280' title='bbox 219 1798 381 1834; x_wconf 76' lang='grc' dir='ltr'>βουλομένου</span> <span class='ocrx_word' id='word_1_281' title='bbox 394 1797 444 1833; x_wconf 78' lang='grc' dir='ltr'>τὴν</span> <span class='ocrx_word' id='word_1_282' title='bbox 463 1797 518 1824; x_wconf 83' lang='grc' dir='ltr'>τῶν</span> <span class='ocrx_word' id='word_1_283' title='bbox 534 1797 738 1832; x_wconf 78' lang='grc' dir='ltr'>γεγραμμένων</span> <span class='ocrx_word' id='word_1_284' title='bbox 760 1798 875 1833; x_wconf 80' lang='grc' dir='ltr'>δύναμιν</span> <span class='ocrx_word' id='word_1_285' title='bbox 902 1807 954 1832; x_wconf 81' lang='grc' dir='ltr'>φα-</span> 
     </span>
    </p>
   </div>
   <div class='ocr_carea' id='block_1_40' title="bbox 162 1843 954 1881">
    <p class='ocr_par' dir='ltr' id='par_1_40' title="bbox 162 1843 954 1881">
     <span class='ocr_line' id='line_1_40' title="bbox 162 1843 954 1881; baseline -0.001 -9"><span class='ocrx_word' id='word_1_286' title='bbox 162 1845 297 1881; x_wconf 61' lang='lat' dir='ltr'><strong>veprium;</strong></span> <span class='ocrx_word' id='word_1_287' title='bbox 315 1844 372 1871; x_wconf 75' lang='grc' dir='ltr'><strong>Πᾶν</strong></span> <span class='ocrx_word' id='word_1_288' title='bbox 390 1843 444 1880; x_wconf 80' lang='grc' dir='ltr'>γὰρ</span> <span class='ocrx_word' id='word_1_289' title='bbox 456 1844 486 1870; x_wconf 83' lang='grc' dir='ltr'>τὸ</span> <span class='ocrx_word' id='word_1_290' title='bbox 500 1845 704 1879; x_wconf 77' lang='grc' dir='ltr'><strong>φανερούμενον</strong></span> <span class='ocrx_word' id='word_1_291' title='bbox 717 1844 788 1871; x_wconf 81' lang='grc' dir='ltr'>κατὰ</span> <span class='ocrx_word' id='word_1_292' title='bbox 800 1845 846 1871; x_wconf 75' lang='grc' dir='ltr'>τὸν</span> <span class='ocrx_word' id='word_1_293' title='bbox 871 1845 954 1871; x_wconf 76' lang='grc' dir='ltr'>Ἀπό-</span> 
     </span>
    </p>
   </div>
   <div class='ocr_carea' id='block_1_41' title="bbox 163 1889 954 1926">
    <p class='ocr_par' dir='ltr' id='par_1_41' title="bbox 163 1889 954 1926">
     <span class='ocr_line' id='line_1_41' title="bbox 163 1889 954 1926; baseline 0.001 -10"><span class='ocrx_word' id='word_1_294' title='bbox 163 1891 258 1917; x_wconf 81' lang='grc' dir='ltr'>στολον</span> <span class='ocrx_word' id='word_1_295' title='bbox 286 1890 343 1924; x_wconf 80' lang='grc' dir='ltr'>φῶς</span> <span class='ocrx_word' id='word_1_296' title='bbox 360 1890 446 1917; x_wconf 61' lang='grc' dir='ltr'>ἔστιν.</span> <span class='ocrx_word' id='word_1_297' title='bbox 470 1889 502 1917; x_wconf 82' lang='grc' dir='ltr'><strong>Εἰ</strong></span> <span class='ocrx_word' id='word_1_298' title='bbox 522 1890 551 1916; x_wconf 79' lang='grc' dir='ltr'><strong>δὲ</strong></span> <span class='ocrx_word' id='word_1_299' title='bbox 565 1890 613 1916; x_wconf 81' lang='grc' dir='ltr'>καὶ</span> <span class='ocrx_word' id='word_1_300' title='bbox 633 1890 765 1925; x_wconf 78' lang='grc' dir='ltr'><strong>ὑποτίθης</strong></span> <span class='ocrx_word' id='word_1_301' title='bbox 781 1899 826 1926; x_wconf 89' lang='grc' dir='ltr'><strong>μοι</strong></span> <span class='ocrx_word' id='word_1_302' title='bbox 844 1890 954 1922; x_wconf 78' lang='grc' dir='ltr'>πάντως</span> 
     </span>
    </p>
   </div>
   <div class='ocr_carea' id='block_1_42' title="bbox 162 1935 953 1971">
    <p class='ocr_par' dir='ltr' id='par_1_42' title="bbox 162 1935 953 1971">
     <span class='ocr_line' id='line_1_42' title="bbox 162 1935 953 1971; baseline -0.001 -8"><span class='ocrx_word' id='word_1_303' title='bbox 162 1936 297 1970; x_wconf 74' lang='grc' dir='ltr'>ὑγιαίνειν</span> <span class='ocrx_word' id='word_1_304' title='bbox 313 1936 382 1970; x_wconf 82' lang='grc' dir='ltr'><strong>μετὰ</strong></span> <span class='ocrx_word' id='word_1_305' title='bbox 405 1935 455 1969; x_wconf 86' lang='grc' dir='ltr'>τῆς</span> <span class='ocrx_word' id='word_1_306' title='bbox 472 1936 648 1970; x_wconf 79' lang='grc' dir='ltr'>περιεργείας</span> <span class='ocrx_word' id='word_1_307' title='bbox 668 1936 776 1971; x_wconf 70' lang='grc' dir='ltr'>ἐκείνης</span> <span class='ocrx_word' id='word_1_308' title='bbox 798 1937 953 1971; x_wconf 77' lang='grc' dir='ltr'>φορέσαντσ,</span> 
     </span>
    </p>
   </div>
   <div class='ocr_carea' id='block_1_43' title="bbox 161 1980 952 2016">
    <p class='ocr_par' dir='ltr' id='par_1_43' title="bbox 161 1980 952 2016">
     <span class='ocr_line' id='line_1_43' title="bbox 161 1980 952 2016; baseline 0 -8"><span class='ocrx_word' id='word_1_309' title='bbox 161 1982 327 2016; x_wconf 83' lang='grc' dir='ltr'>γράμματα,</span> <span class='ocrx_word' id='word_1_310' title='bbox 345 1981 375 2006; x_wconf 77' lang='grc' dir='ltr'>οὐ</span> <span class='ocrx_word' id='word_1_311' title='bbox 391 1980 523 2014; x_wconf 82' lang='grc' dir='ltr'>βούλομαι</span> <span class='ocrx_word' id='word_1_312' title='bbox 543 1981 573 2006; x_wconf 83' lang='grc' dir='ltr'>τὸ</span> <span class='ocrx_word' id='word_1_313' title='bbox 597 1981 677 2016; x_wconf 77' lang='grc' dir='ltr'>σῶμα</span> <span class='ocrx_word' id='word_1_314' title='bbox 695 1980 844 2015; x_wconf 71' lang='grc' dir='ltr'>ῥωσθῆναι,</span> <span class='ocrx_word' id='word_1_315' title='bbox 861 1981 911 2016; x_wconf 80' lang='grc' dir='ltr'>τὴν</span> <span class='ocrx_word' id='word_1_316' title='bbox 924 1981 952 2008; x_wconf 82' lang='grc' dir='ltr'><strong>δὲ</strong></span> 
     </span>
    </p>
   </div>
   <div class='ocr_carea' id='block_1_44' title="bbox 160 2026 954 2063">
    <p class='ocr_par' dir='ltr' id='par_1_44' title="bbox 160 2026 954 2063">
     <span class='ocr_line' id='line_1_44' title="bbox 160 2026 954 2063; baseline -0.001 -8"><span class='ocrx_word' id='word_1_317' title='bbox 160 2028 253 2063; x_wconf 77' lang='grc' dir='ltr'>ψυχήν</span> <span class='ocrx_word' id='word_1_318' title='bbox 267 2036 318 2062; x_wconf 85' lang='grc' dir='ltr'><strong>μου</strong></span> <span class='ocrx_word' id='word_1_319' title='bbox 333 2027 515 2062; x_wconf 75' lang='grc' dir='ltr'>ζημιωθῆναι,</span> <span class='ocrx_word' id='word_1_320' title='bbox 532 2026 593 2053; x_wconf 73' lang='grc' dir='ltr'><strong>οὐδὲ</strong></span> <span class='ocrx_word' id='word_1_321' title='bbox 608 2028 632 2052; x_wconf 83' lang='grc' dir='ltr'>εί</span> <span class='ocrx_word' id='word_1_322' title='bbox 645 2027 689 2053; x_wconf 75' lang='grc' dir='ltr'>τὸν</span> <span class='ocrx_word' id='word_1_323' title='bbox 703 2026 804 2061; x_wconf 67' lang='grc' dir='ltr'>κόσμον</span> <span class='ocrx_word' id='word_1_324' title='bbox 819 2027 879 2053; x_wconf 77' lang='grc' dir='ltr'>ὅλον</span> <span class='ocrx_word' id='word_1_325' title='bbox 890 2036 954 2063; x_wconf 84' lang='grc' dir='ltr'>κερ-</span> 
     </span>
    </p>
   </div>
   <div class='ocr_carea' id='block_1_45' title="bbox 160 2071 953 2110">
    <p class='ocr_par' dir='ltr' id='par_1_45' title="bbox 160 2071 953 2110">
     <span class='ocr_line' id='line_1_45' title="bbox 160 2071 953 2110; baseline -0.001 -9"><span class='ocrx_word' id='word_1_326' title='bbox 160 2075 242 2109; x_wconf 77' lang='grc' dir='ltr'>δῆσαί</span> <span class='ocrx_word' id='word_1_327' title='bbox 260 2083 305 2110; x_wconf 86' lang='grc' dir='ltr'><strong>μοι</strong></span> <span class='ocrx_word' id='word_1_328' title='bbox 319 2073 477 2109; x_wconf 75' lang='grc' dir='ltr'>προῠκειτο.</span> <span class='ocrx_word' id='word_1_329' title='bbox 489 2073 596 2106; x_wconf 73' lang='grc' dir='ltr'>Ἄπαγε</span> <span class='ocrx_word' id='word_1_330' title='bbox 608 2071 665 2105; x_wconf 77' lang='grc' dir='ltr'>οὖν,</span> <span class='ocrx_word' id='word_1_331' title='bbox 681 2073 728 2099; x_wconf 77' lang='grc' dir='ltr'>καὶ</span> <span class='ocrx_word' id='word_1_332' title='bbox 742 2073 879 2105; x_wconf 80' lang='grc' dir='ltr'>τοιούτους</span> <span class='ocrx_word' id='word_1_333' title='bbox 891 2074 953 2109; x_wconf 72' lang='grc' dir='ltr'>ἐμοὶ</span> 
     </span>
    </p>
   </div>
   <div class='ocr_carea' id='block_1_46' title="bbox 160 2117 951 2155">
    <p class='ocr_par' dir='ltr' id='par_1_46' title="bbox 160 2117 951 2155">
     <span class='ocr_line' id='line_1_46' title="bbox 160 2117 951 2155; baseline -0.001 -8"><span class='ocrx_word' id='word_1_334' title='bbox 160 2121 260 2154; x_wconf 87' lang='grc' dir='ltr'>λόγους</span> <span class='ocrx_word' id='word_1_335' title='bbox 274 2120 373 2155; x_wconf 78' lang='grc' dir='ltr'>μηκέτι</span> <span class='ocrx_word' id='word_1_336' title='bbox 391 2119 540 2154; x_wconf 76' lang='grc' dir='ltr'>προσάξῃς.</span> <span class='ocrx_word' id='word_1_337' title='bbox 553 2119 636 2151; x_wconf 81' lang='grc' dir='ltr'>Λέγει</span> <span class='ocrx_word' id='word_1_338' title='bbox 650 2117 678 2144; x_wconf 77' lang='grc' dir='ltr'><strong>δὲ</strong></span> <span class='ocrx_word' id='word_1_339' title='bbox 695 2119 709 2144; x_wconf 78' lang='grc' dir='ltr'><strong>ὁ</strong></span> <span class='ocrx_word' id='word_1_340' title='bbox 719 2119 782 2150; x_wconf 74' lang='grc' dir='ltr'>παῖς</span> <span class='ocrx_word' id='word_1_341' title='bbox 795 2127 801 2134; x_wconf 91' lang='grc'>·</span> <span class='ocrx_word' id='word_1_342' title='bbox 820 2119 951 2154; x_wconf 81' lang='grc' dir='ltr'>Ἔκρινας</span> 
     </span>
    </p>
   </div>
   <div class='ocr_carea' id='block_1_47' title="bbox 161 2165 952 2202">
    <p class='ocr_par' dir='ltr' id='par_1_47' title="bbox 161 2165 952 2202">
     <span class='ocr_line' id='line_1_47' title="bbox 161 2165 952 2202; baseline -0.001 -8"><span class='ocrx_word' id='word_1_343' title='bbox 161 2165 219 2199; x_wconf 81' lang='grc' dir='ltr'>οὖν,</span> <span class='ocrx_word' id='word_1_344' title='bbox 234 2165 257 2194; x_wconf 81' lang='grc' dir='ltr'>ὧ</span> <span class='ocrx_word' id='word_1_345' title='bbox 272 2168 401 2202; x_wconf 79' lang='grc' dir='ltr'>τρόφιμε,</span> <span class='ocrx_word' id='word_1_346' title='bbox 419 2167 518 2193; x_wconf 83' lang='grc' dir='ltr'>σαυτὸν</span> <span class='ocrx_word' id='word_1_347' title='bbox 534 2166 688 2200; x_wconf 80' lang='grc' dir='ltr'>ἀπαλλάξαι</span> <span class='ocrx_word' id='word_1_348' title='bbox 705 2165 751 2193; x_wconf 82' lang='grc' dir='ltr'>τοῦ</span> <span class='ocrx_word' id='word_1_349' title='bbox 767 2165 829 2201; x_wconf 76' lang='grc' dir='ltr'>ζῇν,</span> <span class='ocrx_word' id='word_1_350' title='bbox 845 2165 888 2192; x_wconf 69' lang='grc' dir='ltr'><strong>ἵνα</strong></span> <span class='ocrx_word' id='word_1_351' title='bbox 905 2167 952 2194; x_wconf 77' lang='grc' dir='ltr'>καὶ</span> 
     </span>
    </p>
   </div>
   <div class='ocr_carea' id='block_1_48' title="bbox 161 2212 558 2248">
    <p class='ocr_par' dir='ltr' id='par_1_48' title="bbox 161 2212 558 2248">
     <span class='ocr_line' id='line_1_48' title="bbox 161 2212 558 2248; baseline 0.003 -9"><span class='ocrx_word' id='word_1_352' title='bbox 161 2214 237 2248; x_wconf 64' lang='grc' dir='ltr'>ἡμᾶς</span> <span class='ocrx_word' id='word_1_353' title='bbox 252 2213 307 2248; x_wconf 80' lang='grc' dir='ltr'><strong>πρὸ</strong></span> <span class='ocrx_word' id='word_1_354' title='bbox 323 2213 370 2239; x_wconf 85' lang='grc' dir='ltr'>οοῦ</span> <span class='ocrx_word' id='word_1_355' title='bbox 383 2212 558 2248; x_wconf 77' lang='grc' dir='ltr'>θανατὼσῃςς</span> 
     </span>
    </p>
   </div>
   <div class='ocr_carea' id='block_1_49' title="bbox 1013 285 1796 319">
    <p class='ocr_par' dir='ltr' id='par_1_49' title="bbox 1013 285 1796 319">
     <span class='ocr_line' id='line_1_49' title="bbox 1013 285 1796 319; baseline 0.006 -7"><span class='ocrx_word' id='word_1_356' title='bbox 1013 285 1090 313; x_wconf 86' lang='lat' dir='ltr'><strong>ﬁeret</strong></span> <span class='ocrx_word' id='word_1_357' title='bbox 1106 286 1222 318; x_wconf 73' lang='lat' dir='ltr'><strong>malum;</strong></span> <span class='ocrx_word' id='word_1_358' title='bbox 1235 294 1286 314; x_wconf 87' lang='lat' dir='ltr'><strong>nec</strong></span> <span class='ocrx_word' id='word_1_359' title='bbox 1303 288 1385 314; x_wconf 87' lang='lat' dir='ltr'><strong>ullam</strong></span> <span class='ocrx_word' id='word_1_360' title='bbox 1414 288 1440 315; x_wconf 92' lang='lat' dir='ltr'><strong>in</strong></span> <span class='ocrx_word' id='word_1_361' title='bbox 1455 289 1528 316; x_wconf 86' lang='lat' dir='ltr'><strong>omni</strong></span> <span class='ocrx_word' id='word_1_362' title='bbox 1545 289 1665 317; x_wconf 88' lang='lat' dir='ltr'><strong>humano</strong></span> <span class='ocrx_word' id='word_1_363' title='bbox 1693 291 1796 319; x_wconf 80' lang='lat' dir='ltr'><strong>auxilio</strong></span> 
     </span>
    </p>
   </div>
   <div class='ocr_carea' id='block_1_50' title="bbox 1011 332 1794 370">
    <p class='ocr_par' dir='ltr' id='par_1_50' title="bbox 1011 332 1794 370">
     <span class='ocr_line' id='line_1_50' title="bbox 1011 332 1794 370; baseline 0.008 -12"><span class='ocrx_word' id='word_1_364' title='bbox 1011 339 1086 365; x_wconf 84' lang='lat' dir='ltr'><strong>spem</strong></span> <span class='ocrx_word' id='word_1_365' title='bbox 1103 332 1144 359; x_wconf 89' lang='lat' dir='ltr'><strong>vir</strong></span> <span class='ocrx_word' id='word_1_366' title='bbox 1161 332 1285 365; x_wconf 87' lang='lat' dir='ltr'><strong>haberet,</strong></span> <span class='ocrx_word' id='word_1_367' title='bbox 1298 333 1381 368; x_wconf 89' lang='lat' dir='ltr'><strong>iique,</strong></span> <span class='ocrx_word' id='word_1_368' title='bbox 1398 334 1442 368; x_wconf 89' lang='lat' dir='ltr'><strong>qui</strong></span> <span class='ocrx_word' id='word_1_369' title='bbox 1456 336 1480 361; x_wconf 88' lang='lat' dir='ltr'><strong>ei</strong></span> <span class='ocrx_word' id='word_1_370' title='bbox 1493 335 1640 363; x_wconf 71' lang='lat' dir='ltr'><strong>[auxiliares</strong></span> <span class='ocrx_word' id='word_1_371' title='bbox 1659 340 1749 370; x_wconf 82' lang='lat' dir='ltr'><strong>erant,</strong></span> <span class='ocrx_word' id='word_1_372' title='bbox 1760 337 1794 364; x_wconf 89' lang='lat' dir='ltr'><strong>ad</strong></span> 
     </span>
    </p>
   </div>
   <div class='ocr_carea' id='block_1_51' title="bbox 1011 379 1556 414">
    <p class='ocr_par' dir='ltr' id='par_1_51' title="bbox 1011 379 1556 414">
     <span class='ocr_line' id='line_1_51' title="bbox 1011 379 1556 414; baseline 0.006 -10"><span class='ocrx_word' id='word_1_373' title='bbox 1011 383 1127 405; x_wconf 88' lang='lat' dir='ltr'><strong>mortem</strong></span> <span class='ocrx_word' id='word_1_374' title='bbox 1142 379 1229 414; x_wconf 81' lang='lat' dir='ltr'><strong>ipsius</strong></span> <span class='ocrx_word' id='word_1_375' title='bbox 1248 379 1399 413; x_wconf 92' lang='lat' dir='ltr'><strong>spectantia</strong></span> <span class='ocrx_word' id='word_1_376' title='bbox 1418 385 1556 414; x_wconf 85' lang='lat' dir='ltr'><strong>pararent.</strong></span> 
     </span>
    </p>
   </div>
   <div class='ocr_carea' id='block_1_52' title="bbox 1045 467 1794 504">
    <p class='ocr_par' dir='ltr' id='par_1_52' title="bbox 1045 467 1794 504">
     <span class='ocr_line' id='line_1_52' title="bbox 1045 467 1794 504; baseline 0.008 -9"><span class='ocrx_word' id='word_1_377' title='bbox 1045 467 1071 495; x_wconf 85' lang='lat'><strong>9.</strong></span> <span class='ocrx_word' id='word_1_378' title='bbox 1087 467 1164 495; x_wconf 87' lang='lat' dir='ltr'><strong>Tunc</strong></span> <span class='ocrx_word' id='word_1_379' title='bbox 1179 469 1278 503; x_wconf 82' lang='lat' dir='ltr'><strong>aliquis</strong></span> <span class='ocrx_word' id='word_1_380' title='bbox 1291 477 1384 496; x_wconf 89' lang='lat' dir='ltr'><strong>eorum</strong></span> <span class='ocrx_word' id='word_1_381' title='bbox 1396 470 1442 504; x_wconf 88' lang='lat' dir='ltr'><strong>qui</strong></span> <span class='ocrx_word' id='word_1_382' title='bbox 1458 470 1555 504; x_wconf 75' lang='lat' dir='ltr'><strong>majori</strong></span> <span class='ocrx_word' id='word_1_383' title='bbox 1574 471 1599 498; x_wconf 90' lang='lat' dir='ltr'><strong>in</strong></span> <span class='ocrx_word' id='word_1_384' title='bbox 1616 479 1677 499; x_wconf 88' lang='lat' dir='ltr'><strong>eum</strong></span> <span class='ocrx_word' id='word_1_385' title='bbox 1695 472 1794 501; x_wconf 74' lang='lat' dir='ltr'><strong>aﬁectu</strong></span> 
     </span>
    </p>
   </div>
   <div class='ocr_carea' id='block_1_53' title="bbox 1011 514 1792 547">
    <p class='ocr_par' dir='ltr' id='par_1_53' title="bbox 1011 514 1792 547">
     <span class='ocr_line' id='line_1_53' title="bbox 1011 514 1792 547; baseline 0.009 -7"><span class='ocrx_word' id='word_1_386' title='bbox 1011 514 1076 541; x_wconf 78' lang='lat' dir='ltr'><strong>ferri</strong></span> <span class='ocrx_word' id='word_1_387' title='bbox 1089 514 1262 546; x_wconf 84' lang='lat' dir='ltr'><strong>videbantur,</strong></span> <span class='ocrx_word' id='word_1_388' title='bbox 1282 516 1418 543; x_wconf 82' lang='lat' dir='ltr'><strong>accedens</strong></span> <span class='ocrx_word' id='word_1_389' title='bbox 1435 517 1516 543; x_wconf 73' lang='lat' dir='ltr'><strong>tacite</strong></span> <span class='ocrx_word' id='word_1_390' title='bbox 1542 517 1573 543; x_wconf 87' lang='lat' dir='ltr'><strong>ad</strong></span> <span class='ocrx_word' id='word_1_391' title='bbox 1591 526 1684 545; x_wconf 86' lang='lat' dir='ltr'><strong>aurem</strong></span> <span class='ocrx_word' id='word_1_392' title='bbox 1697 518 1767 547; x_wconf 82' lang='lat' dir='ltr'><strong>dixit</strong></span> <span class='ocrx_word' id='word_1_393' title='bbox 1784 528 1792 547; x_wconf 87' lang='lat'><strong>:</strong></span> 
     </span>
    </p>
   </div>
   <div class='ocr_carea' id='block_1_54' title="bbox 1012 559 1794 598">
    <p class='ocr_par' dir='ltr' id='par_1_54' title="bbox 1012 559 1794 598">
     <span class='ocr_line' id='line_1_54' title="bbox 1012 559 1794 598; baseline 0.008 -11"><span class='ocrx_word' id='word_1_394' title='bbox 1012 559 1060 587; x_wconf 84' lang='lat' dir='ltr'><strong>Est</strong></span> <span class='ocrx_word' id='word_1_395' title='bbox 1075 560 1116 587; x_wconf 88' lang='lat' dir='ltr'><strong>vir</strong></span> <span class='ocrx_word' id='word_1_396' title='bbox 1130 560 1239 595; x_wconf 76' lang='lat' dir='ltr'><strong>aliquis,</strong></span> <span class='ocrx_word' id='word_1_397' title='bbox 1254 561 1300 596; x_wconf 90' lang='lat' dir='ltr'><strong>qui</strong></span> <span class='ocrx_word' id='word_1_398' title='bbox 1324 561 1393 590; x_wconf 87' lang='lat' dir='ltr'><strong>dixit</strong></span> <span class='ocrx_word' id='word_1_399' title='bbox 1410 562 1488 594; x_wconf 84' lang='lat' dir='ltr'><strong>mihi,</strong></span> <span class='ocrx_word' id='word_1_400' title='bbox 1503 570 1599 590; x_wconf 79' lang='lat' dir='ltr'><strong>sanum</strong></span> <span class='ocrx_word' id='word_1_401' title='bbox 1627 569 1663 597; x_wconf 90' lang='lat' dir='ltr'><strong>te,</strong></span> <span class='ocrx_word' id='word_1_402' title='bbox 1682 573 1698 592; x_wconf 95' lang='grc' dir='ltr'><strong>ο</strong></span> <span class='ocrx_word' id='word_1_403' title='bbox 1718 568 1794 598; x_wconf 83' lang='lat' dir='ltr'><strong>here.</strong></span> 
     </span>
    </p>
   </div>
   <div class='ocr_carea' id='block_1_55' title="bbox 1011 606 1794 645">
    <p class='ocr_par' dir='ltr' id='par_1_55' title="bbox 1011 606 1794 645">
     <span class='ocr_line' id='line_1_55' title="bbox 1011 606 1794 645; baseline 0.01 -13"><span class='ocrx_word' id='word_1_404' title='bbox 1011 606 1069 633; x_wconf 88' lang='lat' dir='ltr'><strong>ﬁeri</strong></span> <span class='ocrx_word' id='word_1_405' title='bbox 1088 614 1178 641; x_wconf 76' lang='lat' dir='ltr'><strong>posse.</strong></span> <span class='ocrx_word' id='word_1_406' title='bbox 1192 607 1215 635; x_wconf 89' lang='lat' dir='ltr'><strong>si</strong></span> <span class='ocrx_word' id='word_1_407' title='bbox 1231 608 1361 642; x_wconf 75' lang='lat' dir='ltr'><strong>scriptam</strong></span> <span class='ocrx_word' id='word_1_408' title='bbox 1376 609 1572 643; x_wconf 77' lang='lat' dir='ltr'><strong>membranam,</strong></span> <span class='ocrx_word' id='word_1_409' title='bbox 1589 619 1669 645; x_wconf 84' lang='lat' dir='ltr'><strong>quam</strong></span> <span class='ocrx_word' id='word_1_410' title='bbox 1683 612 1730 639; x_wconf 92' lang='lat' dir='ltr'><strong>tibi</strong></span> <span class='ocrx_word' id='word_1_411' title='bbox 1748 613 1794 645; x_wconf 88' lang='lat' dir='ltr'><strong>do,</strong></span> 
     </span>
    </p>
   </div>
   <div class='ocr_carea' id='block_1_56' title="bbox 1011 651 1795 687">
    <p class='ocr_par' dir='ltr' id='par_1_56' title="bbox 1011 651 1795 687">
     <span class='ocr_line' id='line_1_56' title="bbox 1011 651 1795 687; baseline 0.01 -9"><span class='ocrx_word' id='word_1_412' title='bbox 1011 657 1025 678; x_wconf 85' lang='lat' dir='ltr'><strong>e</strong></span> <span class='ocrx_word' id='word_1_413' title='bbox 1052 651 1123 678; x_wconf 85' lang='lat' dir='ltr'><strong>collo</strong></span> <span class='ocrx_word' id='word_1_414' title='bbox 1156 651 1229 679; x_wconf 72' lang='lat' dir='ltr'><strong>ferre</strong></span> <span class='ocrx_word' id='word_1_415' title='bbox 1256 653 1386 681; x_wconf 77' lang='lat' dir='ltr'><strong>volueris.</strong></span> <span class='ocrx_word' id='word_1_416' title='bbox 1416 655 1515 682; x_wconf 84' lang='lat' dir='ltr'><strong>Beatus</strong></span> <span class='ocrx_word' id='word_1_417' title='bbox 1544 661 1636 684; x_wconf 88' lang='lat' dir='ltr'><strong>autem</strong></span> <span class='ocrx_word' id='word_1_418' title='bbox 1659 657 1795 687; x_wconf 82' lang='lat' dir='ltr'><strong>Mariauus</strong></span> 
     </span>
    </p>
   </div>
   <div class='ocr_carea' id='block_1_57' title="bbox 1009 697 1795 735">
    <p class='ocr_par' dir='ltr' id='par_1_57' title="bbox 1009 697 1795 735">
     <span class='ocr_line' id='line_1_57' title="bbox 1009 697 1795 735; baseline 0.013 -13"><span class='ocrx_word' id='word_1_419' title='bbox 1009 697 1162 731; x_wconf 74' lang='lat' dir='ltr'><strong>respondit,</strong></span> <span class='ocrx_word' id='word_1_420' title='bbox 1177 697 1302 732; x_wconf 81' lang='lat' dir='ltr'><strong>dixitque</strong></span> <span class='ocrx_word' id='word_1_421' title='bbox 1315 707 1321 724; x_wconf 91' lang='lat'>:</span> <span class='ocrx_word' id='word_1_422' title='bbox 1334 698 1404 731; x_wconf 85' lang='lat' dir='ltr'><strong>Quid</strong></span> <span class='ocrx_word' id='word_1_423' title='bbox 1413 704 1464 733; x_wconf 85' lang='lat' dir='ltr'><strong>est,</strong></span> <span class='ocrx_word' id='word_1_424' title='bbox 1476 702 1548 735; x_wconf 91' lang='lat' dir='ltr'><strong>quod</strong></span> <span class='ocrx_word' id='word_1_425' title='bbox 1567 703 1615 734; x_wconf 86' lang='lat' dir='ltr'><strong>ait,</strong></span> <span class='ocrx_word' id='word_1_426' title='bbox 1631 704 1795 732; x_wconf 74' lang='lat' dir='ltr'><strong>membrana:</strong></span> 
     </span>
    </p>
   </div>
   <div class='ocr_carea' id='block_1_58' title="bbox 1009 741 1795 778">
    <p class='ocr_par' dir='ltr' id='par_1_58' title="bbox 1009 741 1795 778">
     <span class='ocr_line' id='line_1_58' title="bbox 1009 741 1795 778; baseline 0.013 -11"><span class='ocrx_word' id='word_1_427' title='bbox 1009 747 1072 768; x_wconf 86' lang='lat' dir='ltr'><strong>esse</strong></span> <span class='ocrx_word' id='word_1_428' title='bbox 1091 741 1274 777; x_wconf 80' lang='lat' dir='ltr'><strong>inscriptum?</strong></span> <span class='ocrx_word' id='word_1_429' title='bbox 1295 743 1367 771; x_wconf 83' lang='lat' dir='ltr'><strong>Dixit</strong></span> <span class='ocrx_word' id='word_1_430' title='bbox 1381 750 1471 772; x_wconf 86' lang='lat' dir='ltr'><strong>autem</strong></span> <span class='ocrx_word' id='word_1_431' title='bbox 1496 746 1634 775; x_wconf 77' lang='lat' dir='ltr'><strong>famulus:</strong></span> <span class='ocrx_word' id='word_1_432' title='bbox 1655 748 1795 778; x_wconf 70' lang='lat' dir='ltr'><strong>Curiosius</strong></span> 
     </span>
    </p>
   </div>
   <div class='ocr_carea' id='block_1_59' title="bbox 1010 792 1794 830">
    <p class='ocr_par' dir='ltr' id='par_1_59' title="bbox 1010 792 1794 830">
     <span class='ocr_line' id='line_1_59' title="bbox 1010 792 1794 830; baseline 0.014 -17"><span class='ocrx_word' id='word_1_433' title='bbox 1010 795 1066 819; x_wconf 90' lang='lat' dir='ltr'><strong>me,</strong></span> <span class='ocrx_word' id='word_1_434' title='bbox 1082 795 1114 814; x_wconf 87' lang='lat' dir='ltr'><strong>ex</strong></span> <span class='ocrx_word' id='word_1_435' title='bbox 1144 795 1204 816; x_wconf 80' lang='lat' dir='ltr'><strong>mea</strong></span> <span class='ocrx_word' id='word_1_436' title='bbox 1218 797 1282 824; x_wconf 75' lang='lat' dir='ltr'><strong>erga</strong></span> <span class='ocrx_word' id='word_1_437' title='bbox 1313 795 1340 817; x_wconf 86' lang='lat' dir='ltr'><strong>te</strong></span> <span class='ocrx_word' id='word_1_438' title='bbox 1359 798 1423 818; x_wconf 87' lang='lat' dir='ltr'><strong>cura</strong></span> <span class='ocrx_word' id='word_1_439' title='bbox 1442 792 1639 827; x_wconf 87' lang='lat' dir='ltr'><strong>inquirentem,</strong></span> <span class='ocrx_word' id='word_1_440' title='bbox 1658 803 1747 830; x_wconf 86' lang='lat' dir='ltr'><strong>neque</strong></span> <span class='ocrx_word' id='word_1_441' title='bbox 1768 797 1794 824; x_wconf 87' lang='lat' dir='ltr'><strong>id</strong></span> 
     </span>
    </p>
   </div>
   <div class='ocr_carea' id='block_1_60' title="bbox 1009 833 1793 874">
    <p class='ocr_par' dir='ltr' id='par_1_60' title="bbox 1009 833 1793 874">
     <span class='ocr_line' id='line_1_60' title="bbox 1009 833 1793 874; baseline 0.014 -14"><span class='ocrx_word' id='word_1_442' title='bbox 1009 833 1094 861; x_wconf 75' lang='lat' dir='ltr'><strong>latere</strong></span> <span class='ocrx_word' id='word_1_443' title='bbox 1112 835 1208 867; x_wconf 85' lang='lat' dir='ltr'><strong>voluit,</strong></span> <span class='ocrx_word' id='word_1_444' title='bbox 1226 835 1275 863; x_wconf 86' lang='lat' dir='ltr'><strong>sed</strong></span> <span class='ocrx_word' id='word_1_445' title='bbox 1300 837 1379 871; x_wconf 82' lang='lat' dir='ltr'><strong>dixit,</strong></span> <span class='ocrx_word' id='word_1_446' title='bbox 1409 838 1516 866; x_wconf 85' lang='lat' dir='ltr'><strong>litteras</strong></span> <span class='ocrx_word' id='word_1_447' title='bbox 1530 842 1659 874; x_wconf 82' lang='lat' dir='ltr'><strong>quasdam</strong></span> <span class='ocrx_word' id='word_1_448' title='bbox 1687 850 1747 870; x_wconf 82' lang='lat' dir='ltr'><strong>sese</strong></span> <span class='ocrx_word' id='word_1_449' title='bbox 1766 844 1793 871; x_wconf 94' lang='lat' dir='ltr'><strong>in</strong></span> 
     </span>
    </p>
   </div>
   <div class='ocr_carea' id='block_1_61' title="bbox 1009 880 1793 922">
    <p class='ocr_par' dir='ltr' id='par_1_61' title="bbox 1009 880 1793 922">
     <span class='ocr_line' id='line_1_61' title="bbox 1009 880 1793 922; baseline 0.013 -16"><span class='ocrx_word' id='word_1_450' title='bbox 1009 886 1040 906; x_wconf 86' lang='lat' dir='ltr'><strong>ea</strong></span> <span class='ocrx_word' id='word_1_451' title='bbox 1071 880 1226 914; x_wconf 78' lang='lat' dir='ltr'><strong>scripsisse,</strong></span> <span class='ocrx_word' id='word_1_452' title='bbox 1253 888 1335 916; x_wconf 79' lang='lat' dir='ltr'><strong>atque</strong></span> <span class='ocrx_word' id='word_1_453' title='bbox 1361 884 1508 911; x_wconf 75' lang='lat' dir='ltr'><strong>asterisws</strong></span> <span class='ocrx_word' id='word_1_454' title='bbox 1534 893 1565 912; x_wconf 84' lang='lat' dir='ltr'><strong>ac</strong></span> <span class='ocrx_word' id='word_1_455' title='bbox 1592 888 1793 922; x_wconf 79' lang='lat' dir='ltr'><strong>semicirculos,</strong></span> 
     </span>
    </p>
   </div>
   <div class='ocr_carea' id='block_1_62' title="bbox 1009 927 1792 968">
    <p class='ocr_par' dir='ltr' id='par_1_62' title="bbox 1009 927 1792 968">
     <span class='ocr_line' id='line_1_62' title="bbox 1009 927 1792 968; baseline 0.013 -16"><span class='ocrx_word' id='word_1_456' title='bbox 1009 931 1090 960; x_wconf 84' lang='lat' dir='ltr'><strong>atque</strong></span> <span class='ocrx_word' id='word_1_457' title='bbox 1116 927 1184 954; x_wconf 86' lang='lat' dir='ltr'><strong>alias</strong></span> <span class='ocrx_word' id='word_1_458' title='bbox 1209 929 1341 962; x_wconf 87' lang='lat' dir='ltr'><strong>quasdam</strong></span> <span class='ocrx_word' id='word_1_459' title='bbox 1370 930 1470 964; x_wconf 81' lang='lat' dir='ltr'><strong>ﬁguras</strong></span> <span class='ocrx_word' id='word_1_460' title='bbox 1498 930 1639 960; x_wconf 73' lang='lat' dir='ltr'><strong>Hebraicis</strong></span> <span class='ocrx_word' id='word_1_461' title='bbox 1683 934 1792 968; x_wconf 89' lang='lat' dir='ltr'><strong>litteris,</strong></span> 
     </span>
    </p>
   </div>
   <div class='ocr_carea' id='block_1_63' title="bbox 1010 973 1794 1015">
    <p class='ocr_par' dir='ltr' id='par_1_63' title="bbox 1010 973 1794 1015">
     <span class='ocr_line' id='line_1_63' title="bbox 1010 973 1794 1015; baseline 0.013 -17"><span class='ocrx_word' id='word_1_462' title='bbox 1010 973 1157 1008; x_wconf 79' lang='lat' dir='ltr'><strong>multisque</strong></span> <span class='ocrx_word' id='word_1_463' title='bbox 1188 975 1343 1009; x_wconf 74' lang='lat' dir='ltr'><strong>ignotorum</strong></span> <span class='ocrx_word' id='word_1_464' title='bbox 1376 976 1536 1004; x_wconf 84' lang='lat' dir='ltr'><strong>nominibus</strong></span> <span class='ocrx_word' id='word_1_465' title='bbox 1569 979 1686 1007; x_wconf 75' lang='lat' dir='ltr'><strong>interius</strong></span> <span class='ocrx_word' id='word_1_466' title='bbox 1713 986 1794 1015; x_wconf 85' lang='lat' dir='ltr'><strong>atque</strong></span> 
     </span>
    </p>
   </div>
   <div class='ocr_carea' id='block_1_64' title="bbox 1008 1018 1791 1058">
    <p class='ocr_par' dir='ltr' id='par_1_64' title="bbox 1008 1018 1791 1058">
     <span class='ocr_line' id='line_1_64' title="bbox 1008 1018 1791 1058; baseline 0.01 -14"><span class='ocrx_word' id='word_1_467' title='bbox 1008 1018 1129 1045; x_wconf 81' lang='lat' dir='ltr'><strong>exterius</strong></span> <span class='ocrx_word' id='word_1_468' title='bbox 1151 1019 1386 1054; x_wconf 73' lang='lat' dir='ltr'><strong>circumscriptus.</strong></span> <span class='ocrx_word' id='word_1_469' title='bbox 1404 1021 1474 1053; x_wconf 84' lang='lat' dir='ltr'><strong>Quid</strong></span> <span class='ocrx_word' id='word_1_470' title='bbox 1498 1023 1570 1049; x_wconf 89' lang='lat' dir='ltr'><strong>enim</strong></span> <span class='ocrx_word' id='word_1_471' title='bbox 1601 1032 1713 1052; x_wconf 75' lang='lat' dir='ltr'><strong>necesse</strong></span> <span class='ocrx_word' id='word_1_472' title='bbox 1740 1030 1791 1058; x_wconf 83' lang='lat' dir='ltr'><strong>est,</strong></span> 
     </span>
    </p>
   </div>
   <div class='ocr_carea' id='block_1_65' title="bbox 1009 1063 1791 1105">
    <p class='ocr_par' dir='ltr' id='par_1_65' title="bbox 1009 1063 1791 1105">
     <span class='ocr_line' id='line_1_65' title="bbox 1009 1063 1791 1105; baseline 0.012 -15"><span class='ocrx_word' id='word_1_473' title='bbox 1009 1063 1203 1099; x_wconf 89' lang='lat' dir='ltr'><strong>inseriptorum</strong></span> <span class='ocrx_word' id='word_1_474' title='bbox 1227 1065 1333 1094; x_wconf 82' lang='lat' dir='ltr'><strong>discere</strong></span> <span class='ocrx_word' id='word_1_475' title='bbox 1365 1067 1493 1095; x_wconf 85' lang='lat' dir='ltr'><strong>virtutem</strong></span> <span class='ocrx_word' id='word_1_476' title='bbox 1511 1069 1692 1105; x_wconf 77' lang='lat' dir='ltr'><strong>ﬁgurasque?</strong></span> <span class='ocrx_word' id='word_1_477' title='bbox 1714 1071 1791 1099; x_wconf 90' lang='lat' dir='ltr'><strong>Unus</strong></span> 
     </span>
    </p>
   </div>
   <div class='ocr_carea' id='block_1_66' title="bbox 1008 1110 1793 1150">
    <p class='ocr_par' dir='ltr' id='par_1_66' title="bbox 1008 1110 1793 1150">
     <span class='ocr_line' id='line_1_66' title="bbox 1008 1110 1793 1150; baseline 0.013 -14"><span class='ocrx_word' id='word_1_478' title='bbox 1008 1110 1088 1138; x_wconf 88' lang='lat' dir='ltr'><strong>nobis</strong></span> <span class='ocrx_word' id='word_1_479' title='bbox 1102 1111 1229 1139; x_wconf 86' lang='lat' dir='ltr'><strong>omnibus</strong></span> <span class='ocrx_word' id='word_1_480' title='bbox 1243 1113 1329 1140; x_wconf 85' lang='lat' dir='ltr'><strong>servis</strong></span> <span class='ocrx_word' id='word_1_481' title='bbox 1345 1114 1396 1141; x_wconf 77' lang='lat' dir='ltr'><strong>tuis</strong></span> <span class='ocrx_word' id='word_1_482' title='bbox 1413 1122 1514 1150; x_wconf 84' lang='lat' dir='ltr'><strong>scapus</strong></span> <span class='ocrx_word' id='word_1_483' title='bbox 1530 1121 1580 1149; x_wconf 86' lang='lat' dir='ltr'><strong>est,</strong></span> <span class='ocrx_word' id='word_1_484' title='bbox 1599 1122 1628 1144; x_wconf 87' lang='lat' dir='ltr'><strong>ut</strong></span> <span class='ocrx_word' id='word_1_485' title='bbox 1647 1119 1793 1146; x_wconf 65' lang='lat' dir='ltr'><strong>sanitatem</strong></span> 
     </span>
    </p>
   </div>
   <div class='ocr_carea' id='block_1_67' title="bbox 1007 1157 1794 1196">
    <p class='ocr_par' dir='ltr' id='par_1_67' title="bbox 1007 1157 1794 1196">
     <span class='ocr_line' id='line_1_67' title="bbox 1007 1157 1794 1196; baseline 0.011 -14"><span class='ocrx_word' id='word_1_486' title='bbox 1007 1157 1195 1190; x_wconf 83' lang='lat' dir='ltr'><strong>consequaris,</strong></span> <span class='ocrx_word' id='word_1_487' title='bbox 1219 1160 1247 1183; x_wconf 86' lang='lat' dir='ltr'><strong>et</strong></span> <span class='ocrx_word' id='word_1_488' title='bbox 1271 1165 1305 1185; x_wconf 95' lang='lat' dir='ltr'><strong>ne</strong></span> <span class='ocrx_word' id='word_1_489' title='bbox 1324 1165 1374 1185; x_wconf 88' lang='lat' dir='ltr'><strong>nos</strong></span> <span class='ocrx_word' id='word_1_490' title='bbox 1397 1167 1492 1186; x_wconf 89' lang='lat' dir='ltr'><strong>omnes</strong></span> <span class='ocrx_word' id='word_1_491' title='bbox 1510 1165 1619 1196; x_wconf 86' lang='lat' dir='ltr'><strong>totaque</strong></span> <span class='ocrx_word' id='word_1_492' title='bbox 1638 1163 1707 1190; x_wconf 81' lang='lat' dir='ltr'><strong>forte</strong></span> <span class='ocrx_word' id='word_1_493' title='bbox 1727 1164 1794 1191; x_wconf 86' lang='lat' dir='ltr'><strong>civi-</strong></span> 
     </span>
    </p>
   </div>
   <div class='ocr_carea' id='block_1_68' title="bbox 1008 1202 1793 1243">
    <p class='ocr_par' dir='ltr' id='par_1_68' title="bbox 1008 1202 1793 1243">
     <span class='ocr_line' id='line_1_68' title="bbox 1008 1202 1793 1243; baseline 0.013 -15"><span class='ocrx_word' id='word_1_494' title='bbox 1008 1206 1049 1229; x_wconf 86' lang='lat' dir='ltr'><strong>tas</strong></span> <span class='ocrx_word' id='word_1_495' title='bbox 1060 1209 1094 1230; x_wconf 75' lang='lat' dir='ltr'><strong>ex</strong></span> <span class='ocrx_word' id='word_1_496' title='bbox 1109 1202 1182 1230; x_wconf 83' lang='lat' dir='ltr'><strong>obitu</strong></span> <span class='ocrx_word' id='word_1_497' title='bbox 1196 1206 1243 1231; x_wconf 83' lang='lat' dir='ltr'><strong>tuo</strong></span> <span class='ocrx_word' id='word_1_498' title='bbox 1260 1203 1316 1232; x_wconf 86' lang='lat' dir='ltr'><strong>vivi</strong></span> <span class='ocrx_word' id='word_1_499' title='bbox 1338 1205 1372 1233; x_wconf 91' lang='lat' dir='ltr'><strong>ad</strong></span> <span class='ocrx_word' id='word_1_500' title='bbox 1389 1207 1523 1234; x_wconf 89' lang='lat' dir='ltr'><strong>tumulum</strong></span> <span class='ocrx_word' id='word_1_501' title='bbox 1544 1216 1631 1243; x_wconf 85' lang='lat' dir='ltr'><strong>usque</strong></span> <span class='ocrx_word' id='word_1_502' title='bbox 1646 1211 1793 1238; x_wconf 81' lang='lat' dir='ltr'><strong>contriste-</strong></span> 
     </span>
    </p>
   </div>
   <div class='ocr_carea' id='block_1_69' title="bbox 1007 1256 1079 1276">
    <p class='ocr_par' dir='ltr' id='par_1_69' title="bbox 1007 1256 1079 1276">
     <span class='ocr_line' id='line_1_69' title="bbox 1007 1256 1079 1276; baseline 0.014 -1"><span class='ocrx_word' id='word_1_503' title='bbox 1007 1256 1079 1276; x_wconf 88' lang='lat' dir='ltr'><strong>mur.</strong></span> 
     </span>
    </p>
   </div>
   <div class='ocr_carea' id='block_1_70' title="bbox 1043 1382 1791 1420">
    <p class='ocr_par' dir='ltr' id='par_1_70' title="bbox 1043 1382 1791 1420">
     <span class='ocr_line' id='line_1_70' title="bbox 1043 1382 1791 1420; baseline 0.009 -10"><span class='ocrx_word' id='word_1_504' title='bbox 1043 1384 1086 1412; x_wconf 82' lang='lat' dir='ltr'><strong>lt).</strong></span> <span class='ocrx_word' id='word_1_505' title='bbox 1102 1382 1179 1411; x_wconf 73' lang='lat' dir='ltr'><strong>lianc</strong></span> <span class='ocrx_word' id='word_1_506' title='bbox 1195 1383 1290 1420; x_wconf 77' lang='lat' dir='ltr'><strong>igitur.</strong></span> <span class='ocrx_word' id='word_1_507' title='bbox 1309 1384 1384 1417; x_wconf 85' lang='lat' dir='ltr'><strong>bere,</strong></span> <span class='ocrx_word' id='word_1_508' title='bbox 1400 1393 1513 1420; x_wconf 80' lang='lat' dir='ltr'><strong>parvam</strong></span> <span class='ocrx_word' id='word_1_509' title='bbox 1540 1393 1728 1416; x_wconf 83' lang='lat' dir='ltr'><strong>membranam</strong></span> <span class='ocrx_word' id='word_1_510' title='bbox 1745 1397 1791 1418; x_wconf 92' lang='lat' dir='ltr'><strong>ac-</strong></span> 
     </span>
    </p>
   </div>
   <div class='ocr_carea' id='block_1_71' title="bbox 1007 1431 1790 1468">
    <p class='ocr_par' dir='ltr' id='par_1_71' title="bbox 1007 1431 1790 1468">
     <span class='ocr_line' id='line_1_71' title="bbox 1007 1431 1790 1468; baseline 0.008 -11"><span class='ocrx_word' id='word_1_511' title='bbox 1007 1431 1066 1465; x_wconf 88' lang='lat' dir='ltr'><strong>cipe</strong></span> <span class='ocrx_word' id='word_1_512' title='bbox 1095 1435 1122 1458; x_wconf 90' lang='lat' dir='ltr'><strong>et</strong></span> <span class='ocrx_word' id='word_1_513' title='bbox 1148 1431 1200 1464; x_wconf 81' lang='lat' dir='ltr'><strong>fer,</strong></span> <span class='ocrx_word' id='word_1_514' title='bbox 1221 1437 1303 1467; x_wconf 86' lang='lat' dir='ltr'><strong>atque</strong></span> <span class='ocrx_word' id='word_1_515' title='bbox 1332 1431 1390 1466; x_wconf 91' lang='lat' dir='ltr'><strong>ipse</strong></span> <span class='ocrx_word' id='word_1_516' title='bbox 1419 1439 1528 1465; x_wconf 86' lang='lat' dir='ltr'><strong>sanare,</strong></span> <span class='ocrx_word' id='word_1_517' title='bbox 1550 1437 1666 1468; x_wconf 89' lang='lat' dir='ltr'><strong>tuosque</strong></span> <span class='ocrx_word' id='word_1_518' title='bbox 1694 1443 1790 1463; x_wconf 90' lang='lat' dir='ltr'><strong>omnes</strong></span> 
     </span>
    </p>
   </div>
   <div class='ocr_carea' id='block_1_72' title="bbox 1008 1477 1791 1512">
    <p class='ocr_par' dir='ltr' id='par_1_72' title="bbox 1008 1477 1791 1512">
     <span class='ocr_line' id='line_1_72' title="bbox 1008 1477 1791 1512; baseline 0.008 -9"><span class='ocrx_word' id='word_1_519' title='bbox 1008 1477 1090 1504; x_wconf 77' lang='lat' dir='ltr'><strong>noxio</strong></span> <span class='ocrx_word' id='word_1_520' title='bbox 1117 1477 1210 1504; x_wconf 90' lang='lat' dir='ltr'><strong>dolore</strong></span> <span class='ocrx_word' id='word_1_521' title='bbox 1237 1483 1423 1512; x_wconf 82' lang='lat' dir='ltr'><strong>conceptaque</strong></span> <span class='ocrx_word' id='word_1_522' title='bbox 1450 1479 1484 1506; x_wconf 86' lang='lat' dir='ltr'><strong>de</strong></span> <span class='ocrx_word' id='word_1_523' title='bbox 1501 1483 1526 1506; x_wconf 89' lang='lat' dir='ltr'><strong>te</strong></span> <span class='ocrx_word' id='word_1_524' title='bbox 1551 1481 1679 1508; x_wconf 71' lang='lat' dir='ltr'><strong>mte-Iitia</strong></span> <span class='ocrx_word' id='word_1_525' title='bbox 1697 1481 1791 1510; x_wconf 84' lang='lat' dir='ltr'><strong>libera.</strong></span> 
     </span>
    </p>
   </div>
   <div class='ocr_carea' id='block_1_73' title="bbox 1007 1521 1792 1560">
    <p class='ocr_par' dir='ltr' id='par_1_73' title="bbox 1007 1521 1792 1560">
     <span class='ocr_line' id='line_1_73' title="bbox 1007 1521 1792 1560; baseline 0.009 -12"><span class='ocrx_word' id='word_1_526' title='bbox 1007 1521 1077 1549; x_wconf 78' lang='lat' dir='ltr'><strong>Vere</strong></span> <span class='ocrx_word' id='word_1_527' title='bbox 1093 1527 1183 1550; x_wconf 88' lang='lat' dir='ltr'><strong>autem</strong></span> <span class='ocrx_word' id='word_1_528' title='bbox 1205 1523 1290 1550; x_wconf 76' lang='lat' dir='ltr'><strong>ﬁdelis</strong></span> <span class='ocrx_word' id='word_1_529' title='bbox 1316 1531 1348 1551; x_wconf 83' lang='lat' dir='ltr'><strong>ac</strong></span> <span class='ocrx_word' id='word_1_530' title='bbox 1376 1525 1448 1559; x_wconf 85' lang='lat' dir='ltr'><strong>apud</strong></span> <span class='ocrx_word' id='word_1_531' title='bbox 1477 1524 1561 1552; x_wconf 86' lang='lat' dir='ltr'><strong>Deum</strong></span> <span class='ocrx_word' id='word_1_532' title='bbox 1577 1527 1792 1560; x_wconf 79' lang='lat' dir='ltr'><strong>gloriosissimus</strong></span> 
     </span>
    </p>
   </div>
   <div class='ocr_carea' id='block_1_74' title="bbox 1007 1567 1789 1607">
    <p class='ocr_par' dir='ltr' id='par_1_74' title="bbox 1007 1567 1789 1607">
     <span class='ocr_line' id='line_1_74' title="bbox 1007 1567 1789 1607; baseline 0.009 -14"><span class='ocrx_word' id='word_1_533' title='bbox 1007 1567 1152 1602; x_wconf 55' lang='lat' dir='ltr'><strong>praefectus</strong></span> <span class='ocrx_word' id='word_1_534' title='bbox 1170 1573 1247 1595; x_wconf 87' lang='lat' dir='ltr'><strong>torvo</strong></span> <span class='ocrx_word' id='word_1_535' title='bbox 1261 1569 1335 1596; x_wconf 81' lang='lat' dir='ltr'><strong>vultu</strong></span> <span class='ocrx_word' id='word_1_536' title='bbox 1367 1569 1435 1596; x_wconf 74' lang='lat' dir='ltr'><strong>dixit</strong></span> <span class='ocrx_word' id='word_1_537' title='bbox 1452 1570 1494 1597; x_wconf 89' lang='lat' dir='ltr'><strong>ei:</strong></span> <span class='ocrx_word' id='word_1_538' title='bbox 1518 1570 1640 1598; x_wconf 84' lang='lat' dir='ltr'><strong>Primum</strong></span> <span class='ocrx_word' id='word_1_539' title='bbox 1668 1573 1789 1607; x_wconf 81' lang='lat' dir='ltr'><strong>quidem,</strong></span> 
     </span>
    </p>
   </div>
   <div class='ocr_carea' id='block_1_75' title="bbox 1005 1613 1791 1652">
    <p class='ocr_par' dir='ltr' id='par_1_75' title="bbox 1005 1613 1791 1652">
     <span class='ocr_line' id='line_1_75' title="bbox 1005 1613 1791 1652; baseline 0.008 -12"><span class='ocrx_word' id='word_1_540' title='bbox 1005 1613 1164 1641; x_wconf 69' lang='lat' dir='ltr'><strong>{utilissime</strong></span> <span class='ocrx_word' id='word_1_541' title='bbox 1195 1615 1349 1649; x_wconf 63' lang='lat' dir='ltr'><strong>animasque</strong></span> <span class='ocrx_word' id='word_1_542' title='bbox 1374 1616 1605 1650; x_wconf 84' lang='lat' dir='ltr'><strong>pcrniciosissime</strong></span> <span class='ocrx_word' id='word_1_543' title='bbox 1636 1620 1791 1652; x_wconf 85' lang='lat' dir='ltr'><strong>consiliari,</strong></span> 
     </span>
    </p>
   </div>
   <div class='ocr_carea' id='block_1_76' title="bbox 1006 1659 1791 1692">
    <p class='ocr_par' dir='ltr' id='par_1_76' title="bbox 1006 1659 1791 1692">
     <span class='ocr_line' id='line_1_76' title="bbox 1006 1659 1791 1692; baseline 0.008 -6"><span class='ocrx_word' id='word_1_544' title='bbox 1006 1659 1078 1686; x_wconf 90' lang='lat' dir='ltr'><strong>unde</strong></span> <span class='ocrx_word' id='word_1_545' title='bbox 1092 1659 1157 1685; x_wconf 82' lang='lat' dir='ltr'><strong>milii</strong></span> <span class='ocrx_word' id='word_1_546' title='bbox 1169 1664 1276 1686; x_wconf 86' lang='lat' dir='ltr'><strong>constat</strong></span> <span class='ocrx_word' id='word_1_547' title='bbox 1290 1659 1348 1686; x_wconf 76' lang='lat' dir='ltr'><strong>fore</strong></span> <span class='ocrx_word' id='word_1_548' title='bbox 1364 1665 1393 1687; x_wconf 93' lang='lat' dir='ltr'><strong>ut</strong></span> <span class='ocrx_word' id='word_1_549' title='bbox 1414 1661 1598 1688; x_wconf 69' lang='lat' dir='ltr'><strong>membranam</strong></span> <span class='ocrx_word' id='word_1_550' title='bbox 1614 1663 1704 1691; x_wconf 82' lang='lat' dir='ltr'><strong>ferens</strong></span> <span class='ocrx_word' id='word_1_551' title='bbox 1718 1673 1791 1692; x_wconf 89' lang='lat' dir='ltr'><strong>mor-</strong></span> 
     </span>
    </p>
   </div>
   <div class='ocr_carea' id='block_1_77' title="bbox 1004 1703 1788 1740">
    <p class='ocr_par' dir='ltr' id='par_1_77' title="bbox 1004 1703 1788 1740">
     <span class='ocr_line' id='line_1_77' title="bbox 1004 1703 1788 1740; baseline 0.008 -9"><span class='ocrx_word' id='word_1_552' title='bbox 1004 1703 1068 1731; x_wconf 84' lang='lat' dir='ltr'><strong>bum</strong></span> <span class='ocrx_word' id='word_1_553' title='bbox 1083 1704 1202 1739; x_wconf 74' lang='lat' dir='ltr'><strong>abigam,</strong></span> <span class='ocrx_word' id='word_1_554' title='bbox 1215 1704 1269 1731; x_wconf 89' lang='lat' dir='ltr'><strong>imo</strong></span> <span class='ocrx_word' id='word_1_555' title='bbox 1282 1712 1357 1735; x_wconf 88' lang='lat' dir='ltr'><strong>vero,</strong></span> <span class='ocrx_word' id='word_1_556' title='bbox 1373 1706 1540 1740; x_wconf 87' lang='lat' dir='ltr'><strong>scriptorum</strong></span> <span class='ocrx_word' id='word_1_557' title='bbox 1555 1707 1581 1733; x_wconf 91' lang='lat' dir='ltr'><strong>in</strong></span> <span class='ocrx_word' id='word_1_558' title='bbox 1600 1715 1631 1734; x_wconf 83' lang='lat' dir='ltr'><strong>ea</strong></span> <span class='ocrx_word' id='word_1_559' title='bbox 1649 1709 1703 1735; x_wconf 92' lang='lat' dir='ltr'><strong>vim</strong></span> <span class='ocrx_word' id='word_1_560' title='bbox 1732 1718 1788 1737; x_wconf 93' lang='lat' dir='ltr'><strong>non</strong></span> 
     </span>
    </p>
   </div>
   <div class='ocr_carea' id='block_1_78' title="bbox 1005 1750 1788 1787">
    <p class='ocr_par' dir='ltr' id='par_1_78' title="bbox 1005 1750 1788 1787">
     <span class='ocr_line' id='line_1_78' title="bbox 1005 1750 1788 1787; baseline 0.008 -10"><span class='ocrx_word' id='word_1_561' title='bbox 1005 1750 1124 1781; x_wconf 88' lang='lat' dir='ltr'><strong>volente,</strong></span> <span class='ocrx_word' id='word_1_562' title='bbox 1141 1750 1187 1784; x_wconf 92' lang='lat' dir='ltr'><strong>qui</strong></span> <span class='ocrx_word' id='word_1_563' title='bbox 1218 1758 1249 1777; x_wconf 88' lang='lat' dir='ltr'><strong>ea</strong></span> <span class='ocrx_word' id='word_1_564' title='bbox 1265 1751 1384 1785; x_wconf 76' lang='lat' dir='ltr'><strong>Scripsit,</strong></span> <span class='ocrx_word' id='word_1_565' title='bbox 1413 1751 1562 1784; x_wconf 86' lang='lat' dir='ltr'><strong>declarare,</strong></span> <span class='ocrx_word' id='word_1_566' title='bbox 1582 1755 1719 1787; x_wconf 78' lang='lat' dir='ltr'><strong>quomodo</strong></span> <span class='ocrx_word' id='word_1_567' title='bbox 1734 1763 1788 1783; x_wconf 91' lang='lat' dir='ltr'><strong>non</strong></span> 
     </span>
    </p>
   </div>
   <div class='ocr_carea' id='block_1_79' title="bbox 1005 1795 1790 1833">
    <p class='ocr_par' dir='ltr' id='par_1_79' title="bbox 1005 1795 1790 1833">
     <span class='ocr_line' id='line_1_79' title="bbox 1005 1795 1790 1833; baseline 0.009 -11"><span class='ocrx_word' id='word_1_568' title='bbox 1005 1795 1180 1822; x_wconf 78' lang='lat' dir='ltr'><strong>manifestum</strong></span> <span class='ocrx_word' id='word_1_569' title='bbox 1193 1795 1239 1828; x_wconf 84' lang='lat' dir='ltr'><strong>sit,</strong></span> <span class='ocrx_word' id='word_1_570' title='bbox 1249 1796 1348 1823; x_wconf 86' lang='lat' dir='ltr'><strong>niliilin</strong></span> <span class='ocrx_word' id='word_1_571' title='bbox 1364 1796 1408 1823; x_wconf 84' lang='lat' dir='ltr'><strong>illa</strong></span> <span class='ocrx_word' id='word_1_572' title='bbox 1423 1797 1485 1824; x_wconf 87' lang='lat' dir='ltr'><strong>boui</strong></span> <span class='ocrx_word' id='word_1_573' title='bbox 1501 1805 1563 1826; x_wconf 84' lang='lat' dir='ltr'><strong>esse</strong></span> <span class='ocrx_word' id='word_1_574' title='bbox 1577 1800 1763 1833; x_wconf 78' lang='lat' dir='ltr'><strong>conscriptum</strong></span> <span class='ocrx_word' id='word_1_575' title='bbox 1778 1801 1790 1829; x_wconf 77' lang='grc' dir='ltr'>τ</span> 
     </span>
    </p>
   </div>
   <div class='ocr_carea' id='block_1_80' title="bbox 1005 1838 1787 1876">
    <p class='ocr_par' dir='ltr' id='par_1_80' title="bbox 1005 1838 1787 1876">
     <span class='ocr_line' id='line_1_80' title="bbox 1005 1838 1787 1876; baseline 0.01 -11"><span class='ocrx_word' id='word_1_576' title='bbox 1005 1838 1108 1866; x_wconf 88' lang='lat' dir='ltr'><strong>Lumen</strong></span> <span class='ocrx_word' id='word_1_577' title='bbox 1123 1840 1197 1866; x_wconf 86' lang='lat' dir='ltr'><strong>enim</strong></span> <span class='ocrx_word' id='word_1_578' title='bbox 1211 1841 1362 1867; x_wconf 85' lang='lat' dir='ltr'><strong>secundum</strong></span> <span class='ocrx_word' id='word_1_579' title='bbox 1375 1842 1534 1876; x_wconf 83' lang='lat' dir='ltr'><strong>Apostolum</strong></span> <span class='ocrx_word' id='word_1_580' title='bbox 1547 1851 1607 1870; x_wconf 86' lang='lat' dir='ltr'><strong>sese</strong></span> <span class='ocrx_word' id='word_1_581' title='bbox 1622 1845 1787 1874; x_wconf 73' lang='lat' dir='ltr'><strong>manifestat.</strong></span> 
     </span>
    </p>
   </div>
   <div class='ocr_carea' id='block_1_81' title="bbox 1005 1884 1788 1922">
    <p class='ocr_par' dir='ltr' id='par_1_81' title="bbox 1005 1884 1788 1922">
     <span class='ocr_line' id='line_1_81' title="bbox 1005 1884 1788 1922; baseline 0.011 -12"><span class='ocrx_word' id='word_1_582' title='bbox 1005 1884 1060 1911; x_wconf 80' lang='lat' dir='ltr'><strong>Etsi</strong></span> <span class='ocrx_word' id='word_1_583' title='bbox 1080 1889 1171 1912; x_wconf 87' lang='lat' dir='ltr'><strong>autem</strong></span> <span class='ocrx_word' id='word_1_584' title='bbox 1200 1886 1312 1912; x_wconf 86' lang='lat' dir='ltr'><strong>omnino</strong></span> <span class='ocrx_word' id='word_1_585' title='bbox 1329 1894 1383 1918; x_wconf 89' lang='lat' dir='ltr'><strong>me,</strong></span> <span class='ocrx_word' id='word_1_586' title='bbox 1406 1888 1611 1922; x_wconf 86' lang='lat' dir='ltr'><strong>superstitiosas</strong></span> <span class='ocrx_word' id='word_1_587' title='bbox 1639 1891 1698 1918; x_wconf 87' lang='lat' dir='ltr'><strong>illas</strong></span> <span class='ocrx_word' id='word_1_588' title='bbox 1715 1891 1788 1919; x_wconf 89' lang='lat' dir='ltr'><strong>litte-</strong></span> 
     </span>
    </p>
   </div>
   <div class='ocr_carea' id='block_1_82' title="bbox 1005 1933 1786 1970">
    <p class='ocr_par' dir='ltr' id='par_1_82' title="bbox 1005 1933 1786 1970">
     <span class='ocr_line' id='line_1_82' title="bbox 1005 1933 1786 1970; baseline 0.012 -14"><span class='ocrx_word' id='word_1_589' title='bbox 1005 1937 1048 1956; x_wconf 84' lang='lat' dir='ltr'><strong>ras</strong></span> <span class='ocrx_word' id='word_1_590' title='bbox 1066 1934 1230 1965; x_wconf 75' lang='lat' dir='ltr'><strong>gestantem,</strong></span> <span class='ocrx_word' id='word_1_591' title='bbox 1243 1937 1455 1959; x_wconf 67' lang='lat' dir='ltr'><strong>conseculurum</strong></span> <span class='ocrx_word' id='word_1_592' title='bbox 1469 1933 1616 1962; x_wconf 86' lang='lat' dir='ltr'><strong>sanitatem</strong></span> <span class='ocrx_word' id='word_1_593' title='bbox 1634 1944 1786 1970; x_wconf 66' lang='grc' dir='ltr'>ιιςεονοτθε,</span> 
     </span>
    </p>
   </div>
   <div class='ocr_carea' id='block_1_83' title="bbox 1004 1977 1788 2016">
    <p class='ocr_par' dir='ltr' id='par_1_83' title="bbox 1004 1977 1788 2016">
     <span class='ocr_line' id='line_1_83' title="bbox 1004 1977 1788 2016; baseline 0.01 -14"><span class='ocrx_word' id='word_1_594' title='bbox 1004 1983 1103 2010; x_wconf 90' lang='lat' dir='ltr'><strong>corpus</strong></span> <span class='ocrx_word' id='word_1_595' title='bbox 1121 1982 1193 2004; x_wconf 83' lang='lat' dir='ltr'><strong>recte</strong></span> <span class='ocrx_word' id='word_1_596' title='bbox 1207 1977 1308 2009; x_wconf 86' lang='lat' dir='ltr'><strong>valere,</strong></span> <span class='ocrx_word' id='word_1_597' title='bbox 1321 1978 1438 2005; x_wconf 90' lang='lat' dir='ltr'><strong>animam</strong></span> <span class='ocrx_word' id='word_1_598' title='bbox 1454 1985 1556 2011; x_wconf 89' lang='lat' dir='ltr'><strong>autem,</strong></span> <span class='ocrx_word' id='word_1_599' title='bbox 1572 1989 1661 2016; x_wconf 88' lang='lat' dir='ltr'><strong>neque</strong></span> <span class='ocrx_word' id='word_1_600' title='bbox 1676 1982 1697 2009; x_wconf 89' lang='lat' dir='ltr'><strong>si</strong></span> <span class='ocrx_word' id='word_1_601' title='bbox 1713 1990 1788 2010; x_wconf 88' lang='lat' dir='ltr'><strong>mun-</strong></span> 
     </span>
    </p>
   </div>
   <div class='ocr_carea' id='block_1_84' title="bbox 1003 2023 1786 2063">
    <p class='ocr_par' dir='ltr' id='par_1_84' title="bbox 1003 2023 1786 2063">
     <span class='ocr_line' id='line_1_84' title="bbox 1003 2023 1786 2063; baseline 0.009 -14"><span class='ocrx_word' id='word_1_602' title='bbox 1003 2023 1068 2050; x_wconf 90' lang='lat' dir='ltr'><strong>dum</strong></span> <span class='ocrx_word' id='word_1_603' title='bbox 1095 2023 1254 2050; x_wconf 87' lang='lat' dir='ltr'><strong>universum</strong></span> <span class='ocrx_word' id='word_1_604' title='bbox 1287 2023 1388 2051; x_wconf 90' lang='lat' dir='ltr'><strong>lucrari</strong></span> <span class='ocrx_word' id='word_1_605' title='bbox 1420 2025 1487 2052; x_wconf 88' lang='lat' dir='ltr'><strong>mihi</strong></span> <span class='ocrx_word' id='word_1_606' title='bbox 1517 2031 1590 2054; x_wconf 87' lang='lat' dir='ltr'><strong>esset</strong></span> <span class='ocrx_word' id='word_1_607' title='bbox 1605 2029 1786 2063; x_wconf 83' lang='lat' dir='ltr'><strong>propositum,</strong></span> 
     </span>
    </p>
   </div>
   <div class='ocr_carea' id='block_1_85' title="bbox 1004 2069 1788 2106">
    <p class='ocr_par' dir='ltr' id='par_1_85' title="bbox 1004 2069 1788 2106">
     <span class='ocr_line' id='line_1_85' title="bbox 1004 2069 1788 2106; baseline 0.009 -11"><span class='ocrx_word' id='word_1_608' title='bbox 1004 2069 1135 2096; x_wconf 86' lang='lat' dir='ltr'><strong>damnum</strong></span> <span class='ocrx_word' id='word_1_609' title='bbox 1149 2069 1202 2104; x_wconf 87' lang='lat' dir='ltr'><strong>pati</strong></span> <span class='ocrx_word' id='word_1_610' title='bbox 1219 2069 1291 2096; x_wconf 87' lang='lat' dir='ltr'><strong>haud</strong></span> <span class='ocrx_word' id='word_1_611' title='bbox 1317 2070 1388 2097; x_wconf 83' lang='lat' dir='ltr'><strong>volo.</strong></span> <span class='ocrx_word' id='word_1_612' title='bbox 1406 2071 1498 2106; x_wconf 80' lang='lat' dir='ltr'><strong>Apage</strong></span> <span class='ocrx_word' id='word_1_613' title='bbox 1512 2072 1605 2106; x_wconf 74' lang='lat' dir='ltr'><strong>igitur,</strong></span> <span class='ocrx_word' id='word_1_614' title='bbox 1621 2081 1673 2100; x_wconf 89' lang='lat' dir='ltr'><strong>nec</strong></span> <span class='ocrx_word' id='word_1_615' title='bbox 1688 2074 1788 2102; x_wconf 85' lang='lat' dir='ltr'><strong>similia</strong></span> 
     </span>
    </p>
   </div>
   <div class='ocr_carea' id='block_1_86' title="bbox 1002 2115 1786 2150">
    <p class='ocr_par' dir='ltr' id='par_1_86' title="bbox 1002 2115 1786 2150">
     <span class='ocr_line' id='line_1_86' title="bbox 1002 2115 1786 2150; baseline 0.008 -8"><span class='ocrx_word' id='word_1_616' title='bbox 1002 2115 1120 2149; x_wconf 83' lang='lat' dir='ltr'><strong>amplius</strong></span> <span class='ocrx_word' id='word_1_617' title='bbox 1135 2115 1219 2143; x_wconf 88' lang='lat' dir='ltr'><strong>verba</strong></span> <span class='ocrx_word' id='word_1_618' title='bbox 1236 2115 1304 2142; x_wconf 92' lang='lat' dir='ltr'><strong>mihi</strong></span> <span class='ocrx_word' id='word_1_619' title='bbox 1322 2116 1458 2150; x_wconf 78' lang='lat' dir='ltr'><strong>proferas.</strong></span> <span class='ocrx_word' id='word_1_620' title='bbox 1471 2117 1543 2144; x_wconf 83' lang='lat' dir='ltr'><strong>Dixit</strong></span> <span class='ocrx_word' id='word_1_621' title='bbox 1558 2123 1649 2146; x_wconf 89' lang='lat' dir='ltr'><strong>autem</strong></span> <span class='ocrx_word' id='word_1_622' title='bbox 1669 2127 1765 2148; x_wconf 82' lang='lat' dir='ltr'><strong>servus</strong></span> <span class='ocrx_word' id='word_1_623' title='bbox 1779 2130 1786 2148; x_wconf 86' lang='lat'><strong>:</strong></span> 
     </span>
    </p>
   </div>
   <div class='ocr_carea' id='block_1_87' title="bbox 1004 2161 1788 2197">
    <p class='ocr_par' dir='ltr' id='par_1_87' title="bbox 1004 2161 1788 2197">
     <span class='ocr_line' id='line_1_87' title="bbox 1004 2161 1788 2197; baseline 0.008 -9"><span class='ocrx_word' id='word_1_624' title='bbox 1004 2161 1134 2196; x_wconf 82' lang='lat' dir='ltr'><strong>Delegisti</strong></span> <span class='ocrx_word' id='word_1_625' title='bbox 1147 2169 1222 2197; x_wconf 74' lang='lat' dir='ltr'><strong>ergo,</strong></span> <span class='ocrx_word' id='word_1_626' title='bbox 1240 2161 1361 2195; x_wconf 90' lang='lat' dir='ltr'><strong>domine,</strong></span> <span class='ocrx_word' id='word_1_627' title='bbox 1376 2165 1402 2189; x_wconf 89' lang='lat' dir='ltr'><strong>te</strong></span> <span class='ocrx_word' id='word_1_628' title='bbox 1415 2162 1505 2197; x_wconf 86' lang='lat' dir='ltr'><strong>ipsum</strong></span> <span class='ocrx_word' id='word_1_629' title='bbox 1522 2163 1575 2190; x_wconf 78' lang='lat' dir='ltr'><strong>vita</strong></span> <span class='ocrx_word' id='word_1_630' title='bbox 1593 2165 1701 2197; x_wconf 83' lang='lat' dir='ltr'><strong>orbare,</strong></span> <span class='ocrx_word' id='word_1_631' title='bbox 1720 2170 1788 2194; x_wconf 78' lang='lat' dir='ltr'><strong>utet</strong></span> 
     </span>
    </p>
   </div>
   <div class='ocr_carea' id='block_1_88' title="bbox 1002 2207 1313 2235">
    <p class='ocr_par' dir='ltr' id='par_1_88' title="bbox 1002 2207 1313 2235">
     <span class='ocr_line' id='line_1_88' title="bbox 1002 2207 1313 2235; baseline 0.006 -2"><span class='ocrx_word' id='word_1_632' title='bbox 1002 2214 1052 2234; x_wconf 85' lang='lat' dir='ltr'><strong>nos</strong></span> <span class='ocrx_word' id='word_1_633' title='bbox 1063 2212 1127 2234; x_wconf 85' lang='lat' dir='ltr'><strong>ante</strong></span> <span class='ocrx_word' id='word_1_634' title='bbox 1138 2211 1164 2234; x_wconf 85' lang='lat' dir='ltr'><strong>te</strong></span> <span class='ocrx_word' id='word_1_635' title='bbox 1179 2207 1288 2235; x_wconf 86' lang='lat' dir='ltr'><strong>occidas</strong></span> <span class='ocrx_word' id='word_1_636' title='bbox 1302 2207 1313 2234; x_wconf 71' lang='grc'><strong><em>7</em></strong></span> 
     </span>
    </p>
   </div>
   <div class='ocr_carea' id='block_1_89' title="bbox 197 2252 955 2294">
    <p class='ocr_par' dir='ltr' id='par_1_89' title="bbox 197 2257 949 2294">
     <span class='ocr_line' id='line_1_89' title="bbox 197 2257 949 2294; baseline 0 -10"><span class='ocrx_word' id='word_1_637' title='bbox 197 2257 243 2286; x_wconf 85' lang='grc' dir='ltr'>ια’.</span> <span class='ocrx_word' id='word_1_638' title='bbox 267 2259 296 2285; x_wconf 86' lang='lat'><strong>&#39;0</strong></span> <span class='ocrx_word' id='word_1_639' title='bbox 319 2258 440 2294; x_wconf 74' lang='grc' dir='ltr'>ἔπαρχος</span> <span class='ocrx_word' id='word_1_640' title='bbox 461 2258 646 2294; x_wconf 77' lang='grc' dir='ltr'>ἁπεκρίνατο·</span> <span class='ocrx_word' id='word_1_641' title='bbox 669 2258 756 2292; x_wconf 80' lang='grc' dir='ltr'>’Υμᾱς</span> <span class='ocrx_word' id='word_1_642' title='bbox 777 2258 808 2285; x_wconf 79' lang='grc' dir='ltr'><strong>ού</strong></span> <span class='ocrx_word' id='word_1_643' title='bbox 830 2258 949 2293; x_wconf 83' lang='grc' dir='ltr'>θανάτῳ,</span> 
     </span>
    </p>
   </div>
   <div class='ocr_carea' id='block_1_90' title="bbox 1006 2252 1788 2294">
    <p class='ocr_par' dir='ltr' id='par_1_90' title="bbox 1037 2252 1788 2289">
     <span class='ocr_line' id='line_1_90' title="bbox 1037 2252 1788 2289; baseline 0.008 -10"><span class='ocrx_word' id='word_1_644' title='bbox 1037 2252 1081 2280; x_wconf 82' lang='grc' dir='ltr'><strong>Η.</strong></span> <span class='ocrx_word' id='word_1_645' title='bbox 1099 2253 1247 2280; x_wconf 69' lang='lat' dir='ltr'><strong>meectus</strong></span> <span class='ocrx_word' id='word_1_646' title='bbox 1265 2253 1426 2288; x_wconf 88' lang='lat' dir='ltr'><strong>respondit:</strong></span> <span class='ocrx_word' id='word_1_647' title='bbox 1446 2254 1502 2282; x_wconf 83' lang='lat' dir='ltr'><strong>Vos</strong></span> <span class='ocrx_word' id='word_1_648' title='bbox 1518 2255 1592 2282; x_wconf 86' lang='lat' dir='ltr'><strong>haud</strong></span> <span class='ocrx_word' id='word_1_649' title='bbox 1608 2257 1713 2289; x_wconf 85' lang='lat' dir='ltr'><strong>occido,</strong></span> <span class='ocrx_word' id='word_1_650' title='bbox 1737 2265 1788 2285; x_wconf 88' lang='lat' dir='ltr'><strong>nec</strong></span> 
     </span>
    </p>
   </div>
   <div class='ocr_carea' id='block_1_91' title="bbox 160 2304 950 2340">
    <p class='ocr_par' dir='ltr' id='par_1_91' title="bbox 160 2304 950 2340">
     <span class='ocr_line' id='line_1_91' title="bbox 160 2304 950 2340; baseline -0.003 -8"><span class='ocrx_word' id='word_1_651' title='bbox 160 2305 220 2332; x_wconf 77' lang='grc' dir='ltr'>ἀλλ’</span> <span class='ocrx_word' id='word_1_652' title='bbox 232 2305 287 2332; x_wconf 76' lang='grc' dir='ltr'><strong>οὐδ’</strong></span> <span class='ocrx_word' id='word_1_653' title='bbox 303 2305 433 2339; x_wconf 70' lang='grc' dir='ltr'>ἐμαυτὸν.</span> <span class='ocrx_word' id='word_1_654' title='bbox 447 2305 470 2331; x_wconf 75' lang='grc' dir='ltr'><strong>εἰ</strong></span> <span class='ocrx_word' id='word_1_655' title='bbox 482 2304 529 2330; x_wconf 79' lang='grc' dir='ltr'>καὶ</span> <span class='ocrx_word' id='word_1_656' title='bbox 542 2305 588 2330; x_wconf 80' lang='grc' dir='ltr'>τοῦ</span> <span class='ocrx_word' id='word_1_657' title='bbox 605 2305 732 2339; x_wconf 83' lang='grc' dir='ltr'>σώματος</span> <span class='ocrx_word' id='word_1_658' title='bbox 745 2304 884 2339; x_wconf 71' lang='grc' dir='ltr'>χωρισθὼ,</span> <span class='ocrx_word' id='word_1_659' title='bbox 899 2304 950 2340; x_wconf 76' lang='grc' dir='ltr'>τὴν</span> 
     </span>
    </p>
   </div>
   <div class='ocr_carea' id='block_1_92' title="bbox 161 2349 950 2386">
    <p class='ocr_par' dir='ltr' id='par_1_92' title="bbox 161 2349 950 2386">
     <span class='ocr_line' id='line_1_92' title="bbox 161 2349 950 2386; baseline -0.001 -9"><span class='ocrx_word' id='word_1_660' title='bbox 161 2352 189 2378; x_wconf 76' lang='grc' dir='ltr'><strong>δὲ</strong></span> <span class='ocrx_word' id='word_1_661' title='bbox 205 2350 296 2386; x_wconf 77' lang='grc' dir='ltr'>ψυχὴν</span> <span class='ocrx_word' id='word_1_662' title='bbox 312 2350 356 2377; x_wconf 76' lang='grc' dir='ltr'>διὰ</span> <span class='ocrx_word' id='word_1_663' title='bbox 371 2350 421 2385; x_wconf 81' lang='grc' dir='ltr'><strong>τὴν</strong></span> <span class='ocrx_word' id='word_1_664' title='bbox 434 2350 475 2382; x_wconf 76' lang='grc' dir='ltr'><strong>εἰς</strong></span> <span class='ocrx_word' id='word_1_665' title='bbox 491 2350 609 2386; x_wconf 82' lang='grc' dir='ltr'>Χριστὸν</span> <span class='ocrx_word' id='word_1_666' title='bbox 626 2350 729 2383; x_wconf 73' lang='grc' dir='ltr'>πίστιν,</span> <span class='ocrx_word' id='word_1_667' title='bbox 747 2350 793 2376; x_wconf 79' lang='grc' dir='ltr'>καὶ</span> <span class='ocrx_word' id='word_1_668' title='bbox 809 2349 839 2376; x_wconf 84' lang='grc' dir='ltr'><strong>τὸ</strong></span> <span class='ocrx_word' id='word_1_669' title='bbox 855 2351 893 2385; x_wconf 80' lang='grc' dir='ltr'>μὴ</span> <span class='ocrx_word' id='word_1_670' title='bbox 907 2358 950 2376; x_wconf 80' lang='grc' dir='ltr'><strong>τε·</strong></span> 
     </span>
    </p>
   </div>
   <div class='ocr_carea' id='block_1_93' title="bbox 162 2394 951 2431">
    <p class='ocr_par' dir='ltr' id='par_1_93' title="bbox 162 2394 951 2431">
     <span class='ocr_line' id='line_1_93' title="bbox 162 2394 951 2431; baseline -0.003 -9"><span class='ocrx_word' id='word_1_671' title='bbox 162 2395 306 2431; x_wconf 74' lang='grc' dir='ltr'>θεληκέναι</span> <span class='ocrx_word' id='word_1_672' title='bbox 331 2404 364 2430; x_wconf 79' lang='grc' dir='ltr'>με</span> <span class='ocrx_word' id='word_1_673' title='bbox 385 2394 546 2430; x_wconf 70' lang='grc' dir='ltr'>περιεργεία</span> <span class='ocrx_word' id='word_1_674' title='bbox 566 2394 728 2430; x_wconf 80' lang='grc' dir='ltr'>δαιμονικῆς</span> <span class='ocrx_word' id='word_1_675' title='bbox 754 2394 951 2430; x_wconf 76' lang='grc' dir='ltr'>χλεύης,εὺερ-</span> 
     </span>
    </p>
   </div>
   <div class='ocr_carea' id='block_1_94' title="bbox 161 2441 949 2477">
    <p class='ocr_par' dir='ltr' id='par_1_94' title="bbox 161 2441 949 2477">
     <span class='ocr_line' id='line_1_94' title="bbox 161 2441 949 2477; baseline -0.003 -9"><span class='ocrx_word' id='word_1_676' title='bbox 161 2442 326 2477; x_wconf 74' lang='grc' dir='ltr'>γετηοῆναι,</span> <span class='ocrx_word' id='word_1_677' title='bbox 343 2441 401 2476; x_wconf 73' lang='grc' dir='ltr'><strong>εἰμὶ</strong></span> <span class='ocrx_word' id='word_1_678' title='bbox 432 2441 481 2468; x_wconf 76' lang='grc' dir='ltr'>καὶ</span> <span class='ocrx_word' id='word_1_679' title='bbox 506 2441 584 2476; x_wconf 87' lang='grc' dir='ltr'>δίκην</span> <span class='ocrx_word' id='word_1_680' title='bbox 599 2441 677 2474; x_wconf 86' lang='grc' dir='ltr'>τίσω,</span> <span class='ocrx_word' id='word_1_681' title='bbox 697 2441 861 2476; x_wconf 82' lang='grc' dir='ltr'>εὐεργεσίαν</span> <span class='ocrx_word' id='word_1_682' title='bbox 879 2441 949 2472; x_wconf 82' lang='grc' dir='ltr'>ὅλως</span> 
     </span>
    </p>
   </div>
   <div class='ocr_carea' id='block_1_95' title="bbox 161 2487 950 2522">
    <p class='ocr_par' dir='ltr' id='par_1_95' title="bbox 161 2487 950 2522">
     <span class='ocr_line' id='line_1_95' title="bbox 161 2487 950 2522; baseline -0.003 -7"><span class='ocrx_word' id='word_1_683' title='bbox 161 2488 335 2519; x_wconf 71' lang='grc' dir='ltr'>ἀποκαλέσας</span> <span class='ocrx_word' id='word_1_684' title='bbox 367 2487 416 2522; x_wconf 84' lang='grc' dir='ltr'>τὴν</span> <span class='ocrx_word' id='word_1_685' title='bbox 441 2487 490 2522; x_wconf 76' lang='grc' dir='ltr'>τῆς</span> <span class='ocrx_word' id='word_1_686' title='bbox 518 2487 666 2522; x_wconf 84' lang='grc' dir='ltr'>ἀλλοτρίας</span> <span class='ocrx_word' id='word_1_687' title='bbox 692 2487 833 2522; x_wconf 83' lang='grc' dir='ltr'>δυνάμεως</span> <span class='ocrx_word' id='word_1_688' title='bbox 860 2495 950 2521; x_wconf 78' lang='grc' dir='ltr'>παρα-</span> 
     </span>
    </p>
   </div>
   <div class='ocr_carea' id='block_1_96' title="bbox 162 2531 949 2568">
    <p class='ocr_par' dir='ltr' id='par_1_96' title="bbox 162 2531 949 2568">
     <span class='ocr_line' id='line_1_96' title="bbox 162 2531 949 2568; baseline -0.001 -9"><span class='ocrx_word' id='word_1_689' title='bbox 162 2534 272 2568; x_wconf 76' lang='grc' dir='ltr'><strong>σκευήν.</strong></span> <span class='ocrx_word' id='word_1_690' title='bbox 295 2533 357 2564; x_wconf 84' lang='grc' dir='ltr'><strong>Πῶς</strong></span> <span class='ocrx_word' id='word_1_691' title='bbox 372 2533 425 2566; x_wconf 83' lang='grc' dir='ltr'>γὰρ</span> <span class='ocrx_word' id='word_1_692' title='bbox 441 2532 670 2566; x_wconf 71' lang='grc' dir='ltr'><strong>εὐεργετήσωσιν</strong></span> <span class='ocrx_word' id='word_1_693' title='bbox 689 2540 754 2558; x_wconf 80' lang='grc' dir='ltr'>ποτε</span> <span class='ocrx_word' id='word_1_694' title='bbox 772 2532 796 2558; x_wconf 78' lang='lat' dir='ltr'><strong>oi</strong></span> <span class='ocrx_word' id='word_1_695' title='bbox 815 2532 866 2566; x_wconf 85' lang='grc' dir='ltr'>τῆς</span> <span class='ocrx_word' id='word_1_696' title='bbox 883 2531 949 2566; x_wconf 77' lang='grc' dir='ltr'>ἀλη-</span> 
     </span>
    </p>
   </div>
   <div class='ocr_carea' id='block_1_97' title="bbox 162 2577 951 2614">
    <p class='ocr_par' dir='ltr' id='par_1_97' title="bbox 162 2577 951 2614">
     <span class='ocr_line' id='line_1_97' title="bbox 162 2577 951 2614; baseline -0.003 -9"><span class='ocrx_word' id='word_1_697' title='bbox 162 2578 226 2610; x_wconf 79' lang='grc' dir='ltr'>θοῦς</span> <span class='ocrx_word' id='word_1_698' title='bbox 242 2578 369 2614; x_wconf 80' lang='grc' dir='ltr'>προνοίας</span> <span class='ocrx_word' id='word_1_699' title='bbox 381 2578 496 2608; x_wconf 82' lang='grc' dir='ltr'>ἑαυτοὺς</span> <span class='ocrx_word' id='word_1_700' title='bbox 509 2578 677 2612; x_wconf 80' lang='grc' dir='ltr'>χωρίσαντες</span> <span class='ocrx_word' id='word_1_701' title='bbox 693 2577 737 2604; x_wconf 68' lang='grc' dir='ltr'>διὰ</span> <span class='ocrx_word' id='word_1_702' title='bbox 751 2578 850 2607; x_wconf 82' lang='grc' dir='ltr'>κακίας</span> <span class='ocrx_word' id='word_1_703' title='bbox 867 2577 951 2612; x_wconf 78' lang='grc' dir='ltr'>ὑπερ-</span> 
     </span>
    </p>
   </div>
   <div class='ocr_carea' id='block_1_98' title="bbox 161 2621 948 2659">
    <p class='ocr_par' dir='ltr' id='par_1_98' title="bbox 161 2621 948 2659">
     <span class='ocr_line' id='line_1_98' title="bbox 161 2621 948 2659; baseline -0.003 -9"><span class='ocrx_word' id='word_1_704' title='bbox 161 2624 265 2659; x_wconf 72' lang='grc' dir='ltr'>ϐολήν;</span> <span class='ocrx_word' id='word_1_705' title='bbox 283 2621 330 2655; x_wconf 72' lang='grc' dir='ltr'><strong>Οἷς</strong></span> <span class='ocrx_word' id='word_1_706' title='bbox 345 2625 400 2658; x_wconf 82' lang='grc' dir='ltr'>γὰρ</span> <span class='ocrx_word' id='word_1_707' title='bbox 419 2624 449 2650; x_wconf 84' lang='grc' dir='ltr'><strong>τὺ</strong></span> <span class='ocrx_word' id='word_1_708' title='bbox 463 2621 492 2649; x_wconf 76' lang='grc' dir='ltr'><strong>εὖ</strong></span> <span class='ocrx_word' id='word_1_709' title='bbox 508 2621 580 2649; x_wconf 73' lang='grc' dir='ltr'>εἶναι</span> <span class='ocrx_word' id='word_1_710' title='bbox 601 2623 639 2658; x_wconf 82' lang='grc' dir='ltr'>μὴ</span> <span class='ocrx_word' id='word_1_711' title='bbox 653 2624 794 2658; x_wconf 72' lang='grc' dir='ltr'>πρόσεστι,</span> <span class='ocrx_word' id='word_1_712' title='bbox 813 2622 871 2652; x_wconf 79' lang='grc' dir='ltr'><strong>πῶς</strong></span> <span class='ocrx_word' id='word_1_713' title='bbox 889 2623 948 2648; x_wconf 77' lang='grc' dir='ltr'>ἐτέ-</span> 
     </span>
    </p>
   </div>
   <div class='ocr_carea' id='block_1_99' title="bbox 163 2667 949 2705">
    <p class='ocr_par' dir='ltr' id='par_1_99' title="bbox 163 2667 949 2705">
     <span class='ocr_line' id='line_1_99' title="bbox 163 2667 949 2705; baseline -0.005 -9"><span class='ocrx_word' id='word_1_714' title='bbox 163 2679 219 2705; x_wconf 86' lang='grc' dir='ltr'>ροις</span> <span class='ocrx_word' id='word_1_715' title='bbox 236 2669 316 2697; x_wconf 70' lang='grc' dir='ltr'>τοῦτο</span> <span class='ocrx_word' id='word_1_716' title='bbox 342 2670 532 2704; x_wconf 78' lang='grc' dir='ltr'>παρέξουσιν;</span> <span class='ocrx_word' id='word_1_717' title='bbox 556 2669 661 2703; x_wconf 83' lang='grc' dir='ltr'>Ἀπάτη</span> <span class='ocrx_word' id='word_1_718' title='bbox 685 2667 732 2695; x_wconf 82' lang='grc' dir='ltr'>οὖν</span> <span class='ocrx_word' id='word_1_719' title='bbox 759 2670 776 2702; x_wconf 82' lang='grc' dir='ltr'>ὴ</span> <span class='ocrx_word' id='word_1_720' title='bbox 797 2667 949 2701; x_wconf 76' lang='grc' dir='ltr'>ἐπαγγελία</span> 
     </span>
    </p>
   </div>
   <div class='ocr_carea' id='block_1_100' title="bbox 160 2714 947 2750">
    <p class='ocr_par' dir='ltr' id='par_1_100' title="bbox 160 2714 947 2750">
     <span class='ocr_line' id='line_1_100' title="bbox 160 2714 947 2750; baseline -0.004 -7"><span class='ocrx_word' id='word_1_721' title='bbox 160 2717 274 2748; x_wconf 79' lang='grc' dir='ltr'>τούτων,</span> <span class='ocrx_word' id='word_1_722' title='bbox 294 2716 342 2743; x_wconf 74' lang='grc' dir='ltr'>καὶ</span> <span class='ocrx_word' id='word_1_723' title='bbox 359 2716 435 2742; x_wconf 67' lang='grc' dir='ltr'>οὐδὲν</span> <span class='ocrx_word' id='word_1_724' title='bbox 456 2716 552 2750; x_wconf 71' lang='grc' dir='ltr'>ἕτερον</span> <span class='ocrx_word' id='word_1_725' title='bbox 571 2715 586 2750; x_wconf 80' lang='grc' dir='ltr'><strong>ἢ</strong></span> <span class='ocrx_word' id='word_1_726' title='bbox 608 2714 776 2749; x_wconf 72' lang='grc' dir='ltr'>φενακισμδς</span> <span class='ocrx_word' id='word_1_727' title='bbox 795 2714 947 2749; x_wconf 77' lang='grc' dir='ltr'>προφανής.</span> 
     </span>
    </p>
   </div>
   <div class='ocr_carea' id='block_1_101' title="bbox 161 2760 947 2796">
    <p class='ocr_par' dir='ltr' id='par_1_101' title="bbox 161 2760 947 2796">
     <span class='ocr_line' id='line_1_101' title="bbox 161 2760 947 2796; baseline -0.004 -8"><span class='ocrx_word' id='word_1_728' title='bbox 161 2763 274 2794; x_wconf 81' lang='grc' dir='ltr'>Τούτοις</span> <span class='ocrx_word' id='word_1_729' title='bbox 303 2762 540 2796; x_wconf 57' lang='grc' dir='ltr'>ἀποπεμψάμενος</span> <span class='ocrx_word' id='word_1_730' title='bbox 567 2762 611 2787; x_wconf 73' lang='grc' dir='ltr'>τὸν</span> <span class='ocrx_word' id='word_1_731' title='bbox 637 2761 719 2787; x_wconf 71' lang='grc' dir='ltr'>παῖδα</span> <span class='ocrx_word' id='word_1_732' title='bbox 740 2760 796 2792; x_wconf 81' lang='grc' dir='ltr'>τοῖς</span> <span class='ocrx_word' id='word_1_733' title='bbox 815 2760 947 2794; x_wconf 80' lang='grc' dir='ltr'>ῥήμασιν,</span> 
     </span>
    </p>
   </div>
   <div class='ocr_carea' id='block_1_102' title="bbox 1004 2298 1787 2336">
    <p class='ocr_par' dir='ltr' id='par_1_102' title="bbox 1004 2298 1787 2336">
     <span class='ocr_line' id='line_1_102' title="bbox 1004 2298 1787 2336; baseline 0.009 -11"><span class='ocrx_word' id='word_1_734' title='bbox 1004 2298 1087 2326; x_wconf 81' lang='lat' dir='ltr'><strong>etiam</strong></span> <span class='ocrx_word' id='word_1_735' title='bbox 1113 2299 1260 2334; x_wconf 89' lang='lat' dir='ltr'><strong>meipsum.</strong></span> <span class='ocrx_word' id='word_1_736' title='bbox 1293 2299 1405 2327; x_wconf 85' lang='lat' dir='ltr'><strong>Etiamsi</strong></span> <span class='ocrx_word' id='word_1_737' title='bbox 1436 2308 1451 2327; x_wconf 91' lang='lat' dir='ltr'><strong>a</strong></span> <span class='ocrx_word' id='word_1_738' title='bbox 1468 2308 1585 2336; x_wconf 87' lang='lat' dir='ltr'><strong>corpore</strong></span> <span class='ocrx_word' id='word_1_739' title='bbox 1612 2303 1787 2333; x_wconf 86' lang='lat' dir='ltr'><strong>discessurus</strong></span> 
     </span>
    </p>
   </div>
   <div class='ocr_carea' id='block_1_103' title="bbox 1003 2345 1788 2384">
    <p class='ocr_par' dir='ltr' id='par_1_103' title="bbox 1003 2345 1788 2384">
     <span class='ocr_line' id='line_1_103' title="bbox 1003 2345 1788 2384; baseline 0.006 -12"><span class='ocrx_word' id='word_1_740' title='bbox 1003 2346 1066 2376; x_wconf 89' lang='lat' dir='ltr'><strong>sim,</strong></span> <span class='ocrx_word' id='word_1_741' title='bbox 1081 2345 1200 2372; x_wconf 87' lang='lat' dir='ltr'><strong>animam</strong></span> <span class='ocrx_word' id='word_1_742' title='bbox 1214 2350 1304 2372; x_wconf 89' lang='lat' dir='ltr'><strong>tamen</strong></span> <span class='ocrx_word' id='word_1_743' title='bbox 1319 2353 1366 2380; x_wconf 86' lang='lat' dir='ltr'><strong>per</strong></span> <span class='ocrx_word' id='word_1_744' title='bbox 1378 2345 1457 2373; x_wconf 84' lang='lat' dir='ltr'><strong>ﬁdem</strong></span> <span class='ocrx_word' id='word_1_745' title='bbox 1473 2347 1500 2374; x_wconf 94' lang='lat' dir='ltr'><strong>in</strong></span> <span class='ocrx_word' id='word_1_746' title='bbox 1515 2347 1654 2375; x_wconf 87' lang='lat' dir='ltr'><strong>Christum</strong></span> <span class='ocrx_word' id='word_1_747' title='bbox 1665 2349 1788 2384; x_wconf 90' lang='lat' dir='ltr'><strong>mihique</strong></span> 
     </span>
    </p>
   </div>
   <div class='ocr_carea' id='block_1_104' title="bbox 1003 2390 1786 2426">
    <p class='ocr_par' dir='ltr' id='par_1_104' title="bbox 1003 2390 1786 2426">
     <span class='ocr_line' id='line_1_104' title="bbox 1003 2390 1786 2426; baseline 0.009 -10"><span class='ocrx_word' id='word_1_748' title='bbox 1003 2390 1143 2418; x_wconf 71' lang='lat' dir='ltr'><strong>diabolicae</strong></span> <span class='ocrx_word' id='word_1_749' title='bbox 1171 2391 1274 2418; x_wconf 75' lang='lat' dir='ltr'><strong>fraudis</strong></span> <span class='ocrx_word' id='word_1_750' title='bbox 1301 2391 1497 2426; x_wconf 87' lang='lat' dir='ltr'><strong>superstitione</strong></span> <span class='ocrx_word' id='word_1_751' title='bbox 1526 2393 1687 2422; x_wconf 85' lang='lat' dir='ltr'><strong>beneﬁcium</strong></span> <span class='ocrx_word' id='word_1_752' title='bbox 1719 2404 1786 2423; x_wconf 88' lang='lat' dir='ltr'><strong>con-</strong></span> 
     </span>
    </p>
   </div>
   <div class='ocr_carea' id='block_1_105' title="bbox 1004 2436 1786 2475">
    <p class='ocr_par' dir='ltr' id='par_1_105' title="bbox 1004 2436 1786 2475">
     <span class='ocr_line' id='line_1_105' title="bbox 1004 2436 1786 2475; baseline 0.009 -13"><span class='ocrx_word' id='word_1_753' title='bbox 1004 2436 1069 2463; x_wconf 82' lang='lat' dir='ltr'><strong>ferri</strong></span> <span class='ocrx_word' id='word_1_754' title='bbox 1086 2437 1156 2464; x_wconf 82' lang='lat' dir='ltr'><strong>haud</strong></span> <span class='ocrx_word' id='word_1_755' title='bbox 1170 2437 1287 2465; x_wconf 84' lang='lat' dir='ltr'><strong>volendo</strong></span> <span class='ocrx_word' id='word_1_756' title='bbox 1308 2438 1422 2466; x_wconf 86' lang='lat' dir='ltr'><strong>servabo</strong></span> <span class='ocrx_word' id='word_1_757' title='bbox 1439 2438 1489 2475; x_wconf 73' lang='grc' dir='ltr'>(ι),</span> <span class='ocrx_word' id='word_1_758' title='bbox 1505 2439 1668 2467; x_wconf 74' lang='lat' dir='ltr'><strong>beneﬁcium</strong></span> <span class='ocrx_word' id='word_1_759' title='bbox 1689 2449 1704 2468; x_wconf 91' lang='lat' dir='ltr'><strong>a</strong></span> <span class='ocrx_word' id='word_1_760' title='bbox 1731 2442 1786 2470; x_wconf 86' lang='lat' dir='ltr'><strong>vir-</strong></span> 
     </span>
    </p>
   </div>
   <div class='ocr_carea' id='block_1_106' title="bbox 1004 2483 1786 2519">
    <p class='ocr_par' dir='ltr' id='par_1_106' title="bbox 1004 2483 1786 2519">
     <span class='ocr_line' id='line_1_106' title="bbox 1004 2483 1786 2519; baseline 0.006 -10"><span class='ocrx_word' id='word_1_761' title='bbox 1004 2486 1061 2509; x_wconf 89' lang='lat' dir='ltr'><strong>tute</strong></span> <span class='ocrx_word' id='word_1_762' title='bbox 1077 2483 1220 2518; x_wconf 78' lang='lat' dir='ltr'><strong>peregrina</strong></span> <span class='ocrx_word' id='word_1_763' title='bbox 1234 2488 1358 2518; x_wconf 85' lang='lat' dir='ltr'><strong>paratum</strong></span> <span class='ocrx_word' id='word_1_764' title='bbox 1365 2485 1477 2512; x_wconf 90' lang='lat' dir='ltr'><strong>omnino</strong></span> <span class='ocrx_word' id='word_1_765' title='bbox 1487 2493 1628 2513; x_wconf 75' lang='lat' dir='ltr'><strong>aversaris.</strong></span> <span class='ocrx_word' id='word_1_766' title='bbox 1644 2487 1786 2519; x_wconf 80' lang='lat' dir='ltr'><strong>Quomodo</strong></span> 
     </span>
    </p>
   </div>
   <div class='ocr_carea' id='block_1_107' title="bbox 1001 2529 1786 2565">
    <p class='ocr_par' dir='ltr' id='par_1_107' title="bbox 1001 2529 1786 2565">
     <span class='ocr_line' id='line_1_107' title="bbox 1001 2529 1786 2565; baseline 0.006 -10"><span class='ocrx_word' id='word_1_767' title='bbox 1001 2529 1086 2561; x_wconf 87' lang='lat' dir='ltr'><strong>enim,</strong></span> <span class='ocrx_word' id='word_1_768' title='bbox 1106 2529 1151 2564; x_wconf 84' lang='lat' dir='ltr'><strong>qui</strong></span> <span class='ocrx_word' id='word_1_769' title='bbox 1164 2538 1212 2564; x_wconf 78' lang='lat' dir='ltr'><strong>prr</strong></span> <span class='ocrx_word' id='word_1_770' title='bbox 1228 2531 1337 2558; x_wconf 69' lang='lat' dir='ltr'><strong>malitia:</strong></span> <span class='ocrx_word' id='word_1_771' title='bbox 1352 2532 1573 2565; x_wconf 81' lang='lat' dir='ltr'><strong>exsuperantiam</strong></span> <span class='ocrx_word' id='word_1_772' title='bbox 1593 2539 1655 2559; x_wconf 79' lang='lat' dir='ltr'><strong>vera</strong></span> <span class='ocrx_word' id='word_1_773' title='bbox 1684 2537 1786 2560; x_wconf 88' lang='lat' dir='ltr'><strong>semet-</strong></span> 
     </span>
    </p>
   </div>
   <div class='ocr_carea' id='block_1_108' title="bbox 1001 2575 1784 2611">
    <p class='ocr_par' dir='ltr' id='par_1_108' title="bbox 1001 2575 1784 2611">
     <span class='ocr_line' id='line_1_108' title="bbox 1001 2575 1784 2611; baseline 0.006 -10"><span class='ocrx_word' id='word_1_774' title='bbox 1001 2575 1075 2610; x_wconf 80' lang='lat' dir='ltr'><strong>ipsos</strong></span> <span class='ocrx_word' id='word_1_775' title='bbox 1103 2575 1291 2603; x_wconf 82' lang='lat' dir='ltr'><strong>benefaciendi</strong></span> <span class='ocrx_word' id='word_1_776' title='bbox 1319 2577 1461 2604; x_wconf 83' lang='lat' dir='ltr'><strong>voluntate</strong></span> <span class='ocrx_word' id='word_1_777' title='bbox 1489 2583 1603 2611; x_wconf 75' lang='lat' dir='ltr'><strong>eluunt,</strong></span> <span class='ocrx_word' id='word_1_778' title='bbox 1619 2578 1784 2606; x_wconf 87' lang='lat' dir='ltr'><strong>beneﬁcium</strong></span> 
     </span>
    </p>
   </div>
   <div class='ocr_carea' id='block_1_109' title="bbox 1000 2621 1785 2657">
    <p class='ocr_par' dir='ltr' id='par_1_109' title="bbox 1000 2621 1785 2657">
     <span class='ocr_line' id='line_1_109' title="bbox 1000 2621 1785 2657; baseline 0.005 -9"><span class='ocrx_word' id='word_1_779' title='bbox 1000 2621 1147 2656; x_wconf 85' lang='lat' dir='ltr'><strong>aliquando</strong></span> <span class='ocrx_word' id='word_1_780' title='bbox 1175 2623 1280 2657; x_wconf 84' lang='lat' dir='ltr'><strong>possint</strong></span> <span class='ocrx_word' id='word_1_781' title='bbox 1307 2623 1453 2650; x_wconf 81' lang='lat' dir='ltr'><strong>conferre?</strong></span> <span class='ocrx_word' id='word_1_782' title='bbox 1478 2623 1585 2656; x_wconf 87' lang='lat' dir='ltr'><strong>Quibus</strong></span> <span class='ocrx_word' id='word_1_783' title='bbox 1613 2625 1687 2652; x_wconf 90' lang='lat' dir='ltr'><strong>enim</strong></span> <span class='ocrx_word' id='word_1_784' title='bbox 1716 2625 1785 2652; x_wconf 88' lang='lat' dir='ltr'><strong>bene</strong></span> 
     </span>
    </p>
   </div>
   <div class='ocr_carea' id='block_1_110' title="bbox 1001 2668 1786 2706">
    <p class='ocr_par' dir='ltr' id='par_1_110' title="bbox 1001 2668 1786 2706">
     <span class='ocr_line' id='line_1_110' title="bbox 1001 2668 1786 2706; baseline 0.005 -12"><span class='ocrx_word' id='word_1_785' title='bbox 1001 2675 1061 2694; x_wconf 58' lang='lat' dir='ltr'><strong>esse</strong></span> <span class='ocrx_word' id='word_1_786' title='bbox 1081 2675 1134 2694; x_wconf 91' lang='lat' dir='ltr'><strong>non</strong></span> <span class='ocrx_word' id='word_1_787' title='bbox 1157 2668 1287 2702; x_wconf 84' lang='lat' dir='ltr'><strong>suppetit,</strong></span> <span class='ocrx_word' id='word_1_788' title='bbox 1309 2669 1447 2702; x_wconf 85' lang='lat' dir='ltr'><strong>quomodo</strong></span> <span class='ocrx_word' id='word_1_789' title='bbox 1476 2669 1503 2696; x_wconf 91' lang='lat' dir='ltr'><strong>id</strong></span> <span class='ocrx_word' id='word_1_790' title='bbox 1526 2670 1586 2697; x_wconf 89' lang='lat' dir='ltr'><strong>aliis</strong></span> <span class='ocrx_word' id='word_1_791' title='bbox 1614 2670 1786 2706; x_wconf 72' lang='lat' dir='ltr'><strong>largiantur?</strong></span> 
     </span>
    </p>
   </div>
   <div class='ocr_carea' id='block_1_111' title="bbox 1000 2713 1785 2751">
    <p class='ocr_par' dir='ltr' id='par_1_111' title="bbox 1000 2713 1785 2751">
     <span class='ocr_line' id='line_1_111' title="bbox 1000 2713 1785 2751; baseline 0.005 -11"><span class='ocrx_word' id='word_1_792' title='bbox 1000 2713 1091 2740; x_wconf 62' lang='lat' dir='ltr'><strong>Illusio</strong></span> <span class='ocrx_word' id='word_1_793' title='bbox 1104 2713 1185 2749; x_wconf 77' lang='lat' dir='ltr'><strong>igitur</strong></span> <span class='ocrx_word' id='word_1_794' title='bbox 1199 2718 1240 2741; x_wconf 85' lang='lat' dir='ltr'><strong>est</strong></span> <span class='ocrx_word' id='word_1_795' title='bbox 1255 2714 1363 2741; x_wconf 87' lang='lat' dir='ltr'><strong>illorum</strong></span> <span class='ocrx_word' id='word_1_796' title='bbox 1378 2715 1532 2749; x_wconf 84' lang='lat' dir='ltr'><strong>promissio,</strong></span> <span class='ocrx_word' id='word_1_797' title='bbox 1544 2723 1596 2743; x_wconf 83' lang='lat' dir='ltr'><strong>nec</strong></span> <span class='ocrx_word' id='word_1_798' title='bbox 1614 2717 1686 2744; x_wconf 90' lang='lat' dir='ltr'><strong>aliud</strong></span> <span class='ocrx_word' id='word_1_799' title='bbox 1705 2718 1785 2751; x_wconf 89' lang='lat' dir='ltr'><strong>quid-</strong></span> 
     </span>
    </p>
   </div>
   <div class='ocr_carea' id='block_1_112' title="bbox 1000 2759 1786 2794">
    <p class='ocr_par' dir='ltr' id='par_1_112' title="bbox 1000 2759 1786 2794">
     <span class='ocr_line' id='line_1_112' title="bbox 1000 2759 1786 2794; baseline 0.009 -10"><span class='ocrx_word' id='word_1_800' title='bbox 1000 2766 1081 2793; x_wconf 85' lang='lat' dir='ltr'><strong>quam</strong></span> <span class='ocrx_word' id='word_1_801' title='bbox 1111 2767 1192 2794; x_wconf 86' lang='lat' dir='ltr'><strong>quam</strong></span> <span class='ocrx_word' id='word_1_802' title='bbox 1217 2759 1367 2794; x_wconf 87' lang='lat' dir='ltr'><strong>impostura</strong></span> <span class='ocrx_word' id='word_1_803' title='bbox 1395 2760 1552 2789; x_wconf 79' lang='lat' dir='ltr'><strong>manifesta.</strong></span> <span class='ocrx_word' id='word_1_804' title='bbox 1582 2761 1678 2790; x_wconf 82' lang='lat' dir='ltr'><strong>Verbis</strong></span> <span class='ocrx_word' id='word_1_805' title='bbox 1711 2763 1786 2791; x_wconf 85' lang='lat' dir='ltr'><strong>hisco</strong></span> 
     </span>
    </p>
   </div>
   <div class='ocr_carea' id='block_1_113' title="bbox 200 2859 1786 2899">
    <p class='ocr_par' dir='ltr' id='par_1_113' title="bbox 200 2859 1786 2899">
     <span class='ocr_line' id='line_1_113' title="bbox 200 2859 1786 2899; baseline 0 -9"><span class='ocrx_word' id='word_1_806' title='bbox 200 2864 237 2899; x_wconf 70' lang='grc' dir='ltr'><strong>(ι)</strong></span> <span class='ocrx_word' id='word_1_807' title='bbox 255 2863 364 2898; x_wconf 83' lang='lat' dir='ltr'><strong>Aliquid</strong></span> <span class='ocrx_word' id='word_1_808' title='bbox 379 2862 424 2899; x_wconf 85' lang='lat' dir='ltr'><strong>hic</strong></span> <span class='ocrx_word' id='word_1_809' title='bbox 439 2862 465 2899; x_wconf 88' lang='lat' dir='ltr'><strong>in</strong></span> <span class='ocrx_word' id='word_1_810' title='bbox 483 2866 557 2890; x_wconf 79' lang='lat' dir='ltr'><strong>textu</strong></span> <span class='ocrx_word' id='word_1_811' title='bbox 571 2860 668 2899; x_wconf 74' lang='lat' dir='ltr'><strong>_Gra:eo</strong></span> <span class='ocrx_word' id='word_1_812' title='bbox 689 2860 731 2888; x_wconf 78' lang='lat' dir='ltr'><strong>rel</strong></span> <span class='ocrx_word' id='word_1_813' title='bbox 745 2859 883 2899; x_wconf 72' lang='lat' dir='ltr'><strong>redundat</strong></span> <span class='ocrx_word' id='word_1_814' title='bbox 900 2859 942 2887; x_wconf 85' lang='lat' dir='ltr'><strong>vel</strong></span> <span class='ocrx_word' id='word_1_815' title='bbox 958 2859 1048 2893; x_wconf 83' lang='lat' dir='ltr'><strong>deest;</strong></span> <span class='ocrx_word' id='word_1_816' title='bbox 1065 2867 1162 2888; x_wconf 81' lang='lat' dir='ltr'><strong>sensus</strong></span> <span class='ocrx_word' id='word_1_817' title='bbox 1179 2863 1270 2888; x_wconf 84' lang='lat' dir='ltr'><strong>tamen</strong></span> <span class='ocrx_word' id='word_1_818' title='bbox 1284 2860 1339 2895; x_wconf 67' lang='lat' dir='ltr'><strong>{aut</strong></span> <span class='ocrx_word' id='word_1_819' title='bbox 1355 2861 1424 2888; x_wconf 86' lang='lat' dir='ltr'><strong>lianc</strong></span> <span class='ocrx_word' id='word_1_820' title='bbox 1456 2866 1502 2888; x_wconf 88' lang='lat' dir='ltr'><strong>aut</strong></span> <span class='ocrx_word' id='word_1_821' title='bbox 1531 2865 1605 2889; x_wconf 77' lang='lat' dir='ltr'><strong>certe</strong></span> <span class='ocrx_word' id='word_1_822' title='bbox 1640 2870 1693 2890; x_wconf 91' lang='lat' dir='ltr'><strong>non</strong></span> <span class='ocrx_word' id='word_1_823' title='bbox 1716 2864 1786 2891; x_wconf 90' lang='lat' dir='ltr'><strong>mul-</strong></span> 
     </span>
    </p>
   </div>
   <div class='ocr_carea' id='block_1_114' title="bbox 168 2895 944 2933">
    <p class='ocr_par' dir='ltr' id='par_1_114' title="bbox 168 2895 944 2933">
     <span class='ocr_line' id='line_1_114' title="bbox 168 2895 944 2933; baseline -0.008 -6"><span class='ocrx_word' id='word_1_824' title='bbox 168 2895 391 2927; x_wconf 47' lang='lat' dir='ltr'><strong>iuin&#39;absiiiiilem</strong></span> <span class='ocrx_word' id='word_1_825' title='bbox 406 2897 660 2933; x_wconf 74' lang='lat' dir='ltr'><strong>interpretationem</strong></span> <span class='ocrx_word' id='word_1_826' title='bbox 676 2896 815 2931; x_wconf 82' lang='lat' dir='ltr'><strong>requirere</strong></span> <span class='ocrx_word' id='word_1_827' title='bbox 828 2895 944 2922; x_wconf 80' lang='lat' dir='ltr'><strong>videtur.</strong></span> 
     </span>
    </p>
   </div>
  </div>
