  <div class='ocr_page' id='page_1' title='image "/cluster/home/n/w/nwhite01/storage/ocr_20150623/116/njp.32101077772984/717.png"; bbox 0 0 2039 3150; ppageno 0'>
   <div class='ocr_carea' id='block_1_1' title="bbox 265 165 330 199">
    <p class='ocr_par' dir='ltr' id='par_1_1' title="bbox 265 165 330 199">
     <span class='ocr_line' id='line_1_1' title="bbox 265 165 330 199; baseline 0.015 -1"><span class='ocrx_word' id='word_1_1' title='bbox 265 165 330 199; x_wconf 71' lang='lat'><strong>1211</strong></span> 
     </span>
    </p>
   </div>
   <div class='ocr_carea' id='block_1_2' title="bbox 913 163 1240 195">
    <p class='ocr_par' dir='ltr' id='par_1_2' title="bbox 913 163 1240 195">
     <span class='ocr_line' id='line_1_2' title="bbox 913 163 1240 195; baseline -0.003 0"><span class='ocrx_word' id='word_1_2' title='bbox 913 163 1240 195; x_wconf 77' lang='lat' dir='ltr'><strong>SUPPLEMENTUM.</strong></span> 
     </span>
    </p>
   </div>
   <div class='ocr_carea' id='block_1_3' title="bbox 1820 162 1890 196">
    <p class='ocr_par' dir='ltr' id='par_1_3' title="bbox 1820 162 1890 196">
     <span class='ocr_line' id='line_1_3' title="bbox 1820 162 1890 196; baseline 0 -1"><span class='ocrx_word' id='word_1_3' title='bbox 1820 162 1890 196; x_wconf 76' lang='lat'><strong>1212</strong></span> 
     </span>
    </p>
   </div>
   <div class='ocr_carea' id='block_1_4' title="bbox 261 220 1043 256">
    <p class='ocr_par' dir='ltr' id='par_1_4' title="bbox 261 220 1043 256">
     <span class='ocr_line' id='line_1_4' title="bbox 261 220 1043 256; baseline -0.003 -7"><span class='ocrx_word' id='word_1_4' title='bbox 261 229 344 250; x_wconf 74' lang='lat' dir='ltr'><strong>servo</strong></span> <span class='ocrx_word' id='word_1_5' title='bbox 359 221 480 256; x_wconf 86' lang='lat' dir='ltr'><strong>repulso,</strong></span> <span class='ocrx_word' id='word_1_6' title='bbox 490 229 544 256; x_wconf 82' lang='lat' dir='ltr'><strong>prae</strong></span> <span class='ocrx_word' id='word_1_7' title='bbox 561 221 648 248; x_wconf 89' lang='lat' dir='ltr'><strong>multo</strong></span> <span class='ocrx_word' id='word_1_8' title='bbox 661 221 756 249; x_wconf 90' lang='lat' dir='ltr'><strong>dolore</strong></span> <span class='ocrx_word' id='word_1_9' title='bbox 771 220 925 256; x_wconf 74' lang='lat' dir='ltr'><strong>animaeque</strong></span> <span class='ocrx_word' id='word_1_10' title='bbox 944 229 976 248; x_wconf 89' lang='lat' dir='ltr'><strong>ac</strong></span> <span class='ocrx_word' id='word_1_11' title='bbox 987 228 1043 247; x_wconf 88' lang='lat' dir='ltr'><strong>cor-</strong></span> 
     </span>
    </p>
   </div>
   <div class='ocr_carea' id='block_1_5' title="bbox 1095 220 1886 256">
    <p class='ocr_par' dir='ltr' id='par_1_5' title="bbox 1101 220 1886 256">
     <span class='ocr_line' id='line_1_5' title="bbox 1101 220 1886 256; baseline 0.001 -9"><span class='ocrx_word' id='word_1_12' title='bbox 1101 221 1225 248; x_wconf 82' lang='grc' dir='ltr'>ὗπνωσεν</span> <span class='ocrx_word' id='word_1_13' title='bbox 1245 222 1277 247; x_wconf 76' lang='grc' dir='ltr'><strong>ἐκ</strong></span> <span class='ocrx_word' id='word_1_14' title='bbox 1298 221 1397 256; x_wconf 81' lang='grc' dir='ltr'><strong>πολλῆς</strong></span> <span class='ocrx_word' id='word_1_15' title='bbox 1414 221 1586 256; x_wconf 77' lang='grc' dir='ltr'>ἀδολεσχίας,</span> <span class='ocrx_word' id='word_1_16' title='bbox 1603 221 1650 248; x_wconf 72' lang='grc' dir='ltr'><strong>καὶ</strong></span> <span class='ocrx_word' id='word_1_17' title='bbox 1671 220 1752 248; x_wconf 82' lang='grc' dir='ltr'>πόνου</span> <span class='ocrx_word' id='word_1_18' title='bbox 1767 221 1886 256; x_wconf 76' lang='grc' dir='ltr'><strong>ψυχικοῦ</strong></span> 
     </span>
    </p>
   </div>
   <div class='ocr_carea' id='block_1_6' title="bbox 262 267 1050 304">
    <p class='ocr_par' dir='ltr' id='par_1_6' title="bbox 262 267 1050 304">
     <span class='ocr_line' id='line_1_6' title="bbox 262 267 1050 304; baseline -0.005 -8"><span class='ocrx_word' id='word_1_19' title='bbox 262 269 337 304; x_wconf 86' lang='lat' dir='ltr'><strong>poris</strong></span> <span class='ocrx_word' id='word_1_20' title='bbox 348 268 506 302; x_wconf 76' lang='lat' dir='ltr'><strong>fatigatione</strong></span> <span class='ocrx_word' id='word_1_21' title='bbox 516 267 656 299; x_wconf 82' lang='lat' dir='ltr'><strong>dormivit,</strong></span> <span class='ocrx_word' id='word_1_22' title='bbox 669 267 790 302; x_wconf 75' lang='lat' dir='ltr'><strong>viditque</strong></span> <span class='ocrx_word' id='word_1_23' title='bbox 802 268 829 294; x_wconf 93' lang='lat' dir='ltr'><strong>in</strong></span> <span class='ocrx_word' id='word_1_24' title='bbox 846 275 943 294; x_wconf 83' lang='lat' dir='ltr'><strong>somno</strong></span> <span class='ocrx_word' id='word_1_25' title='bbox 954 274 1050 302; x_wconf 90' lang='lat' dir='ltr'><strong>quem-</strong></span> 
     </span>
    </p>
   </div>
   <div class='ocr_carea' id='block_1_7' title="bbox 263 313 1051 349">
    <p class='ocr_par' dir='ltr' id='par_1_7' title="bbox 263 313 1051 349">
     <span class='ocr_line' id='line_1_7' title="bbox 263 313 1051 349; baseline -0.005 -7"><span class='ocrx_word' id='word_1_26' title='bbox 263 317 337 345; x_wconf 85' lang='lat' dir='ltr'><strong>dam.</strong></span> <span class='ocrx_word' id='word_1_27' title='bbox 356 315 401 348; x_wconf 89' lang='lat' dir='ltr'><strong>qni</strong></span> <span class='ocrx_word' id='word_1_28' title='bbox 425 322 440 340; x_wconf 89' lang='lat' dir='ltr'><strong>e</strong></span> <span class='ocrx_word' id='word_1_29' title='bbox 474 314 612 349; x_wconf 79' lang='lat' dir='ltr'><strong>germanis</strong></span> <span class='ocrx_word' id='word_1_30' title='bbox 639 313 700 349; x_wconf 81' lang='lat' dir='ltr'><strong>ejus</strong></span> <span class='ocrx_word' id='word_1_31' title='bbox 720 313 816 341; x_wconf 79' lang='lat' dir='ltr'><strong>amicis</strong></span> <span class='ocrx_word' id='word_1_32' title='bbox 836 313 1051 347; x_wconf 82' lang='lat' dir='ltr'><strong>notissimnsque</strong></span> 
     </span>
    </p>
   </div>
   <div class='ocr_carea' id='block_1_8' title="bbox 262 360 1050 395">
    <p class='ocr_par' dir='ltr' id='par_1_8' title="bbox 262 360 1050 395">
     <span class='ocr_line' id='line_1_8' title="bbox 262 360 1050 395; baseline -0.005 -6"><span class='ocrx_word' id='word_1_33' title='bbox 262 361 343 390; x_wconf 87' lang='lat' dir='ltr'><strong>simul</strong></span> <span class='ocrx_word' id='word_1_34' title='bbox 369 365 451 395; x_wconf 86' lang='lat' dir='ltr'><strong>atque</strong></span> <span class='ocrx_word' id='word_1_35' title='bbox 481 361 650 395; x_wconf 87' lang='lat' dir='ltr'><strong>conspicuus</strong></span> <span class='ocrx_word' id='word_1_36' title='bbox 683 360 710 387; x_wconf 92' lang='lat' dir='ltr'><strong>in</strong></span> <span class='ocrx_word' id='word_1_37' title='bbox 739 360 800 386; x_wconf 84' lang='lat' dir='ltr'><strong>aula</strong></span> <span class='ocrx_word' id='word_1_38' title='bbox 818 360 953 395; x_wconf 73' lang='lat' dir='ltr'><strong>imperiali</strong></span> <span class='ocrx_word' id='word_1_39' title='bbox 981 365 1050 391; x_wconf 81' lang='lat' dir='ltr'><strong>erat,</strong></span> 
     </span>
    </p>
   </div>
   <div class='ocr_carea' id='block_1_9' title="bbox 261 405 1049 440">
    <p class='ocr_par' dir='ltr' id='par_1_9' title="bbox 261 405 1049 440">
     <span class='ocr_line' id='line_1_9' title="bbox 261 405 1049 440; baseline -0.004 -5"><span class='ocrx_word' id='word_1_40' title='bbox 261 408 431 435; x_wconf 73' lang='lat' dir='ltr'><strong>Demetrium</strong></span> <span class='ocrx_word' id='word_1_41' title='bbox 447 407 499 434; x_wconf 85' lang='lat' dir='ltr'><strong>sibi</strong></span> <span class='ocrx_word' id='word_1_42' title='bbox 518 407 666 434; x_wconf 72' lang='lat' dir='ltr'><strong>dicen‘em.</strong></span> <span class='ocrx_word' id='word_1_43' title='bbox 696 405 766 439; x_wconf 82' lang='lat' dir='ltr'><strong>Quid</strong></span> <span class='ocrx_word' id='word_1_44' title='bbox 793 406 891 440; x_wconf 83' lang='lat' dir='ltr'><strong>habes,</strong></span> <span class='ocrx_word' id='word_1_45' title='bbox 911 406 1049 433; x_wconf 73' lang='lat' dir='ltr'><strong>amabilis-</strong></span> 
     </span>
    </p>
   </div>
   <div class='ocr_carea' id='block_1_10' title="bbox 260 451 1047 487">
    <p class='ocr_par' dir='ltr' id='par_1_10' title="bbox 260 451 1047 487">
     <span class='ocr_line' id='line_1_10' title="bbox 260 451 1047 487; baseline -0.001 -7"><span class='ocrx_word' id='word_1_46' title='bbox 260 455 341 484; x_wconf 76' lang='lat' dir='ltr'><strong>sime,</strong></span> <span class='ocrx_word' id='word_1_47' title='bbox 369 453 544 487; x_wconf 70' lang='lat' dir='ltr'><strong>graviterque</strong></span> <span class='ocrx_word' id='word_1_48' title='bbox 572 451 647 479; x_wconf 80' lang='lat' dir='ltr'><strong>fers?</strong></span> <span class='ocrx_word' id='word_1_49' title='bbox 674 451 816 487; x_wconf 77' lang='lat' dir='ltr'><strong>Cognosce</strong></span> <span class='ocrx_word' id='word_1_50' title='bbox 835 459 878 479; x_wconf 92' lang='lat' dir='ltr'><strong>me</strong></span> <span class='ocrx_word' id='word_1_51' title='bbox 894 451 1020 479; x_wconf 72' lang='lat' dir='ltr'><strong>celeriter</strong></span> <span class='ocrx_word' id='word_1_52' title='bbox 1040 460 1047 479; x_wconf 91' lang='lat'><strong>:</strong></span> 
     </span>
    </p>
   </div>
   <div class='ocr_carea' id='block_1_11' title="bbox 261 497 1048 535">
    <p class='ocr_par' dir='ltr' id='par_1_11' title="bbox 261 497 1048 535">
     <span class='ocr_line' id='line_1_11' title="bbox 261 497 1048 535; baseline -0.001 -9"><span class='ocrx_word' id='word_1_53' title='bbox 261 499 327 535; x_wconf 89' lang='lat' dir='ltr'><strong>quid</strong></span> <span class='ocrx_word' id='word_1_54' title='bbox 345 499 414 526; x_wconf 84' lang='lat' dir='ltr'><strong>forte</strong></span> <span class='ocrx_word' id='word_1_55' title='bbox 445 499 526 526; x_wconf 87' lang='lat' dir='ltr'><strong>etiam</strong></span> <span class='ocrx_word' id='word_1_56' title='bbox 548 505 645 525; x_wconf 83' lang='lat' dir='ltr'><strong>eorum</strong></span> <span class='ocrx_word' id='word_1_57' title='bbox 674 505 734 532; x_wconf 72' lang='lat' dir='ltr'><strong>qute</strong></span> <span class='ocrx_word' id='word_1_58' title='bbox 765 497 899 524; x_wconf 85' lang='lat' dir='ltr'><strong>medelam</strong></span> <span class='ocrx_word' id='word_1_59' title='bbox 923 497 1048 530; x_wconf 71' lang='lat' dir='ltr'><strong>afferant,</strong></span> 
     </span>
    </p>
   </div>
   <div class='ocr_carea' id='block_1_12' title="bbox 263 543 1050 578">
    <p class='ocr_par' dir='ltr' id='par_1_12' title="bbox 263 543 1050 578">
     <span class='ocr_line' id='line_1_12' title="bbox 263 543 1050 578; baseline -0.004 -6"><span class='ocrx_word' id='word_1_60' title='bbox 263 545 379 572; x_wconf 77' lang='lat' dir='ltr'><strong>suadere</strong></span> <span class='ocrx_word' id='word_1_61' title='bbox 394 544 442 571; x_wconf 88' lang='lat' dir='ltr'><strong>tibi</strong></span> <span class='ocrx_word' id='word_1_62' title='bbox 460 548 565 578; x_wconf 85' lang='lat' dir='ltr'><strong>potero.</strong></span> <span class='ocrx_word' id='word_1_63' title='bbox 585 543 734 570; x_wconf 71' lang='lat' dir='ltr'><strong>Przefectus</strong></span> <span class='ocrx_word' id='word_1_64' title='bbox 747 548 838 570; x_wconf 87' lang='lat' dir='ltr'><strong>autem</strong></span> <span class='ocrx_word' id='word_1_65' title='bbox 853 544 880 570; x_wconf 94' lang='lat' dir='ltr'><strong>in</strong></span> <span class='ocrx_word' id='word_1_66' title='bbox 896 551 993 571; x_wconf 89' lang='lat' dir='ltr'><strong>somno</strong></span> <span class='ocrx_word' id='word_1_67' title='bbox 1008 551 1050 570; x_wconf 78' lang='lat' dir='ltr'><strong>re-</strong></span> 
     </span>
    </p>
   </div>
   <div class='ocr_carea' id='block_1_13' title="bbox 260 590 544 627">
    <p class='ocr_par' dir='ltr' id='par_1_13' title="bbox 260 590 544 627">
     <span class='ocr_line' id='line_1_13' title="bbox 260 590 544 627; baseline -0.011 -8"><span class='ocrx_word' id='word_1_68' title='bbox 260 591 399 627; x_wconf 84' lang='lat' dir='ltr'><strong>spondens</strong></span> <span class='ocrx_word' id='word_1_69' title='bbox 412 590 480 617; x_wconf 76' lang='lat' dir='ltr'><strong>dixit</strong></span> <span class='ocrx_word' id='word_1_70' title='bbox 495 590 519 617; x_wconf 88' lang='lat' dir='ltr'><strong>ei</strong></span> <span class='ocrx_word' id='word_1_71' title='bbox 537 598 544 616; x_wconf 93' lang='lat'><strong>:</strong></span> 
     </span>
    </p>
   </div>
   <div class='ocr_carea' id='block_1_14' title="bbox 298 636 1048 672">
    <p class='ocr_par' dir='ltr' id='par_1_14' title="bbox 298 636 1048 672">
     <span class='ocr_line' id='line_1_14' title="bbox 298 636 1048 672; baseline -0.005 -6"><span class='ocrx_word' id='word_1_72' title='bbox 298 640 342 667; x_wconf 70' lang='lat'><strong>12.</strong></span> <span class='ocrx_word' id='word_1_73' title='bbox 355 638 426 671; x_wconf 84' lang='lat' dir='ltr'><strong>Quid</strong></span> <span class='ocrx_word' id='word_1_74' title='bbox 442 645 536 665; x_wconf 89' lang='lat' dir='ltr'><strong>eorunt</strong></span> <span class='ocrx_word' id='word_1_75' title='bbox 554 637 598 672; x_wconf 92' lang='lat' dir='ltr'><strong>qui</strong></span> <span class='ocrx_word' id='word_1_76' title='bbox 629 636 657 663; x_wconf 91' lang='lat' dir='ltr'><strong>in</strong></span> <span class='ocrx_word' id='word_1_77' title='bbox 674 636 742 663; x_wconf 82' lang='lat' dir='ltr'><strong>rivis</strong></span> <span class='ocrx_word' id='word_1_78' title='bbox 758 641 831 668; x_wconf 84' lang='lat' dir='ltr'><strong>sunt,</strong></span> <span class='ocrx_word' id='word_1_79' title='bbox 860 636 960 669; x_wconf 83' lang='lat' dir='ltr'><strong>habeo,</strong></span> <span class='ocrx_word' id='word_1_80' title='bbox 984 636 1048 671; x_wconf 87' lang='lat' dir='ltr'><strong>quid</strong></span> 
     </span>
    </p>
   </div>
   <div class='ocr_carea' id='block_1_15' title="bbox 261 683 1050 719">
    <p class='ocr_par' dir='ltr' id='par_1_15' title="bbox 261 683 1050 719">
     <span class='ocr_line' id='line_1_15' title="bbox 261 683 1050 719; baseline -0.005 -7"><span class='ocrx_word' id='word_1_81' title='bbox 261 693 327 712; x_wconf 84' lang='lat' dir='ltr'><strong>vero</strong></span> <span class='ocrx_word' id='word_1_82' title='bbox 343 693 450 716; x_wconf 83' lang='lat' dir='ltr'><strong>eorum,</strong></span> <span class='ocrx_word' id='word_1_83' title='bbox 469 684 516 719; x_wconf 88' lang='lat' dir='ltr'><strong>qui</strong></span> <span class='ocrx_word' id='word_1_84' title='bbox 541 684 568 711; x_wconf 88' lang='lat' dir='ltr'><strong>in</strong></span> <span class='ocrx_word' id='word_1_85' title='bbox 595 684 722 719; x_wconf 89' lang='lat' dir='ltr'><strong>sepulcro</strong></span> <span class='ocrx_word' id='word_1_86' title='bbox 746 683 849 718; x_wconf 85' lang='lat' dir='ltr'><strong>jacent.</strong></span> <span class='ocrx_word' id='word_1_87' title='bbox 868 691 923 710; x_wconf 87' lang='lat' dir='ltr'><strong>non</strong></span> <span class='ocrx_word' id='word_1_88' title='bbox 939 683 1050 710; x_wconf 84' lang='lat' dir='ltr'><strong>habeo?</strong></span> 
     </span>
    </p>
   </div>
   <div class='ocr_carea' id='block_1_16' title="bbox 259 729 1049 766">
    <p class='ocr_par' dir='ltr' id='par_1_16' title="bbox 259 729 1049 766">
     <span class='ocr_line' id='line_1_16' title="bbox 259 729 1049 766; baseline -0.004 -7"><span class='ocrx_word' id='word_1_89' title='bbox 259 731 340 760; x_wconf 87' lang='lat' dir='ltr'><strong>Omni</strong></span> <span class='ocrx_word' id='word_1_90' title='bbox 370 732 445 759; x_wconf 89' lang='lat' dir='ltr'><strong>enim</strong></span> <span class='ocrx_word' id='word_1_91' title='bbox 474 732 562 766; x_wconf 83' lang='lat' dir='ltr'><strong>capite</strong></span> <span class='ocrx_word' id='word_1_92' title='bbox 593 731 664 757; x_wconf 88' lang='lat' dir='ltr'><strong>male</strong></span> <span class='ocrx_word' id='word_1_93' title='bbox 694 730 802 762; x_wconf 76' lang='lat' dir='ltr'><strong>allecto,</strong></span> <span class='ocrx_word' id='word_1_94' title='bbox 829 729 932 757; x_wconf 83' lang='lat' dir='ltr'><strong>frustra</strong></span> <span class='ocrx_word' id='word_1_95' title='bbox 952 737 1049 756; x_wconf 89' lang='lat' dir='ltr'><strong>omnes</strong></span> 
     </span>
    </p>
   </div>
   <div class='ocr_carea' id='block_1_17' title="bbox 258 776 1049 812">
    <p class='ocr_par' dir='ltr' id='par_1_17' title="bbox 258 776 1049 812">
     <span class='ocr_line' id='line_1_17' title="bbox 258 776 1049 812; baseline 0 -8"><span class='ocrx_word' id='word_1_96' title='bbox 258 778 395 805; x_wconf 79' lang='lat' dir='ltr'><strong>sentiendi</strong></span> <span class='ocrx_word' id='word_1_97' title='bbox 429 777 572 804; x_wconf 73' lang='lat' dir='ltr'><strong>facultates</strong></span> <span class='ocrx_word' id='word_1_98' title='bbox 602 776 738 811; x_wconf 87' lang='lat' dir='ltr'><strong>possideo.</strong></span> <span class='ocrx_word' id='word_1_99' title='bbox 765 776 860 811; x_wconf 77' lang='lat' dir='ltr'><strong>Neque</strong></span> <span class='ocrx_word' id='word_1_100' title='bbox 885 777 969 809; x_wconf 85' lang='lat' dir='ltr'><strong>enim,</strong></span> <span class='ocrx_word' id='word_1_101' title='bbox 1001 778 1049 812; x_wconf 91' lang='lat' dir='ltr'><strong>qni</strong></span> 
     </span>
    </p>
   </div>
   <div class='ocr_carea' id='block_1_18' title="bbox 259 823 1046 857">
    <p class='ocr_par' dir='ltr' id='par_1_18' title="bbox 259 823 1046 857">
     <span class='ocr_line' id='line_1_18' title="bbox 259 823 1046 857; baseline -0.003 -5"><span class='ocrx_word' id='word_1_102' title='bbox 259 825 335 853; x_wconf 81' lang='lat' dir='ltr'><strong>clare</strong></span> <span class='ocrx_word' id='word_1_103' title='bbox 373 823 496 855; x_wconf 80' lang='lat' dir='ltr'><strong>videant,</strong></span> <span class='ocrx_word' id='word_1_104' title='bbox 535 823 629 850; x_wconf 84' lang='lat' dir='ltr'><strong>oculos</strong></span> <span class='ocrx_word' id='word_1_105' title='bbox 656 823 754 854; x_wconf 84' lang='lat' dir='ltr'><strong>habeo,</strong></span> <span class='ocrx_word' id='word_1_106' title='bbox 790 830 881 857; x_wconf 76' lang='lat' dir='ltr'><strong>neque</strong></span> <span class='ocrx_word' id='word_1_107' title='bbox 909 823 1046 856; x_wconf 81' lang='lat' dir='ltr'><strong>auditum,</strong></span> 
     </span>
    </p>
   </div>
   <div class='ocr_carea' id='block_1_19' title="bbox 258 869 1045 906">
    <p class='ocr_par' dir='ltr' id='par_1_19' title="bbox 258 869 1045 906">
     <span class='ocr_line' id='line_1_19' title="bbox 258 869 1045 906; baseline 0 -10"><span class='ocrx_word' id='word_1_108' title='bbox 258 871 305 906; x_wconf 83' lang='lat' dir='ltr'><strong>qni</strong></span> <span class='ocrx_word' id='word_1_109' title='bbox 330 874 431 906; x_wconf 75' lang='lat' dir='ltr'><strong>praeter</strong></span> <span class='ocrx_word' id='word_1_110' title='bbox 451 870 586 897; x_wconf 74' lang='lat' dir='ltr'><strong>maximos</strong></span> <span class='ocrx_word' id='word_1_111' title='bbox 604 869 736 904; x_wconf 74' lang='lat' dir='ltr'><strong>strepitus</strong></span> <span class='ocrx_word' id='word_1_112' title='bbox 755 869 902 904; x_wconf 86' lang='lat' dir='ltr'><strong>quidquam</strong></span> <span class='ocrx_word' id='word_1_113' title='bbox 932 870 1045 902; x_wconf 80' lang='lat' dir='ltr'><strong>audiat;</strong></span> 
     </span>
    </p>
   </div>
   <div class='ocr_carea' id='block_1_20' title="bbox 257 914 1045 951">
    <p class='ocr_par' dir='ltr' id='par_1_20' title="bbox 257 914 1045 951">
     <span class='ocr_line' id='line_1_20' title="bbox 257 914 1045 951; baseline -0.003 -7"><span class='ocrx_word' id='word_1_114' title='bbox 257 917 305 945; x_wconf 86' lang='lat' dir='ltr'><strong>sed</strong></span> <span class='ocrx_word' id='word_1_115' title='bbox 331 924 421 951; x_wconf 86' lang='lat' dir='ltr'><strong>neque</strong></span> <span class='ocrx_word' id='word_1_116' title='bbox 445 923 530 943; x_wconf 85' lang='lat' dir='ltr'><strong>nasus</strong></span> <span class='ocrx_word' id='word_1_117' title='bbox 552 923 647 942; x_wconf 90' lang='lat' dir='ltr'><strong>eorum</strong></span> <span class='ocrx_word' id='word_1_118' title='bbox 672 923 733 950; x_wconf 78' lang='lat' dir='ltr'><strong>quae</strong></span> <span class='ocrx_word' id='word_1_119' title='bbox 753 914 855 945; x_wconf 84' lang='lat' dir='ltr'><strong>olfacit,</strong></span> <span class='ocrx_word' id='word_1_120' title='bbox 885 916 1045 950; x_wconf 81' lang='lat' dir='ltr'><strong>qualitatem</strong></span> 
     </span>
    </p>
   </div>
   <div class='ocr_carea' id='block_1_21' title="bbox 259 961 1046 998">
    <p class='ocr_par' dir='ltr' id='par_1_21' title="bbox 259 961 1046 998">
     <span class='ocr_line' id='line_1_21' title="bbox 259 961 1046 998; baseline -0.003 -8"><span class='ocrx_word' id='word_1_121' title='bbox 259 967 323 998; x_wconf 88' lang='lat' dir='ltr'><strong>apte</strong></span> <span class='ocrx_word' id='word_1_122' title='bbox 337 962 480 994; x_wconf 77' lang='lat' dir='ltr'><strong>discernit.</strong></span> <span class='ocrx_word' id='word_1_123' title='bbox 494 969 583 996; x_wconf 80' lang='lat' dir='ltr'><strong>neque</strong></span> <span class='ocrx_word' id='word_1_124' title='bbox 596 962 622 988; x_wconf 94' lang='lat' dir='ltr'><strong>in</strong></span> <span class='ocrx_word' id='word_1_125' title='bbox 635 961 725 996; x_wconf 74' lang='lat' dir='ltr'><strong>lingua</strong></span> <span class='ocrx_word' id='word_1_126' title='bbox 739 969 782 988; x_wconf 87' lang='lat' dir='ltr'><strong>me</strong></span> <span class='ocrx_word' id='word_1_127' title='bbox 798 961 886 988; x_wconf 86' lang='lat' dir='ltr'><strong>dulcia</strong></span> <span class='ocrx_word' id='word_1_128' title='bbox 900 961 933 988; x_wconf 87' lang='lat' dir='ltr'><strong>ab</strong></span> <span class='ocrx_word' id='word_1_129' title='bbox 947 961 1046 989; x_wconf 80' lang='lat' dir='ltr'><strong>amaris</strong></span> 
     </span>
    </p>
   </div>
   <div class='ocr_carea' id='block_1_22' title="bbox 257 1009 1044 1043">
    <p class='ocr_par' dir='ltr' id='par_1_22' title="bbox 257 1009 1044 1043">
     <span class='ocr_line' id='line_1_22' title="bbox 257 1009 1044 1043; baseline -0.005 -6"><span class='ocrx_word' id='word_1_130' title='bbox 257 1010 398 1038; x_wconf 80' lang='lat' dir='ltr'><strong>diﬂ&#39;ernnt.</strong></span> <span class='ocrx_word' id='word_1_131' title='bbox 417 1009 456 1036; x_wconf 90' lang='lat' dir='ltr'><strong>lta</strong></span> <span class='ocrx_word' id='word_1_132' title='bbox 473 1009 547 1035; x_wconf 88' lang='lat' dir='ltr'><strong>enim</strong></span> <span class='ocrx_word' id='word_1_133' title='bbox 564 1013 650 1035; x_wconf 87' lang='lat' dir='ltr'><strong>totunt</strong></span> <span class='ocrx_word' id='word_1_134' title='bbox 662 1012 846 1043; x_wconf 88' lang='lat' dir='ltr'><strong>permutatum</strong></span> <span class='ocrx_word' id='word_1_135' title='bbox 864 1012 906 1034; x_wconf 89' lang='lat' dir='ltr'><strong>est</strong></span> <span class='ocrx_word' id='word_1_136' title='bbox 935 1015 1044 1042; x_wconf 87' lang='lat' dir='ltr'><strong>corpus,</strong></span> 
     </span>
    </p>
   </div>
   <div class='ocr_carea' id='block_1_23' title="bbox 258 1053 1046 1090">
    <p class='ocr_par' dir='ltr' id='par_1_23' title="bbox 258 1053 1046 1090">
     <span class='ocr_line' id='line_1_23' title="bbox 258 1053 1046 1090; baseline -0.006 -6"><span class='ocrx_word' id='word_1_137' title='bbox 258 1062 289 1084; x_wconf 89' lang='lat' dir='ltr'><strong>ut</strong></span> <span class='ocrx_word' id='word_1_138' title='bbox 316 1056 400 1083; x_wconf 85' lang='lat' dir='ltr'><strong>etiam</strong></span> <span class='ocrx_word' id='word_1_139' title='bbox 427 1060 542 1090; x_wconf 78' lang='lat' dir='ltr'><strong>tangens</strong></span> <span class='ocrx_word' id='word_1_140' title='bbox 557 1055 645 1085; x_wconf 62' lang='lat' dir='ltr'><strong>calida</strong></span> <span class='ocrx_word' id='word_1_141' title='bbox 667 1054 761 1081; x_wconf 82' lang='lat' dir='ltr'><strong>videar</strong></span> <span class='ocrx_word' id='word_1_142' title='bbox 779 1053 946 1088; x_wconf 81' lang='lat' dir='ltr'><strong>refrigerari,</strong></span> <span class='ocrx_word' id='word_1_143' title='bbox 975 1053 1046 1088; x_wconf 75' lang='lat' dir='ltr'><strong>frigi-</strong></span> 
     </span>
    </p>
   </div>
   <div class='ocr_carea' id='block_1_24' title="bbox 258 1097 1044 1136">
    <p class='ocr_par' dir='ltr' id='par_1_24' title="bbox 258 1097 1044 1136">
     <span class='ocr_line' id='line_1_24' title="bbox 258 1097 1044 1136; baseline -0.005 -7"><span class='ocrx_word' id='word_1_144' title='bbox 258 1102 356 1136; x_wconf 84' lang='lat' dir='ltr'><strong>disque</strong></span> <span class='ocrx_word' id='word_1_145' title='bbox 384 1101 511 1128; x_wconf 73' lang='lat' dir='ltr'><strong>admotus</strong></span> <span class='ocrx_word' id='word_1_146' title='bbox 526 1099 643 1127; x_wconf 82' lang='lat' dir='ltr'><strong>caleﬁeri</strong></span> <span class='ocrx_word' id='word_1_147' title='bbox 674 1106 718 1126; x_wconf 89' lang='lat' dir='ltr'><strong>me</strong></span> <span class='ocrx_word' id='word_1_148' title='bbox 746 1099 911 1125; x_wconf 80' lang='lat' dir='ltr'><strong>existimem.</strong></span> <span class='ocrx_word' id='word_1_149' title='bbox 935 1097 1044 1126; x_wconf 85' lang='lat' dir='ltr'><strong>Humeri</strong></span> 
     </span>
    </p>
   </div>
   <div class='ocr_carea' id='block_1_25' title="bbox 257 1144 1045 1184">
    <p class='ocr_par' dir='ltr' id='par_1_25' title="bbox 257 1144 1045 1184">
     <span class='ocr_line' id='line_1_25' title="bbox 257 1144 1045 1184; baseline -0.005 -9"><span class='ocrx_word' id='word_1_150' title='bbox 257 1156 342 1184; x_wconf 90' lang='lat' dir='ltr'><strong>porro</strong></span> <span class='ocrx_word' id='word_1_151' title='bbox 357 1151 385 1174; x_wconf 89' lang='lat' dir='ltr'><strong>et</strong></span> <span class='ocrx_word' id='word_1_152' title='bbox 399 1146 496 1174; x_wconf 87' lang='lat' dir='ltr'><strong>lacerti</strong></span> <span class='ocrx_word' id='word_1_153' title='bbox 514 1151 541 1173; x_wconf 88' lang='lat' dir='ltr'><strong>et</strong></span> <span class='ocrx_word' id='word_1_154' title='bbox 557 1153 654 1172; x_wconf 85' lang='lat' dir='ltr'><strong>manus</strong></span> <span class='ocrx_word' id='word_1_155' title='bbox 675 1153 690 1172; x_wconf 88' lang='lat' dir='ltr'><strong>a</strong></span> <span class='ocrx_word' id='word_1_156' title='bbox 705 1152 819 1179; x_wconf 73' lang='lat' dir='ltr'><strong>corpore</strong></span> <span class='ocrx_word' id='word_1_157' title='bbox 845 1146 976 1171; x_wconf 77' lang='lat' dir='ltr'><strong>duntaxat</strong></span> <span class='ocrx_word' id='word_1_158' title='bbox 996 1144 1045 1171; x_wconf 87' lang='lat' dir='ltr'><strong>de-</strong></span> 
     </span>
    </p>
   </div>
   <div class='ocr_carea' id='block_1_26' title="bbox 258 1189 1045 1230">
    <p class='ocr_par' dir='ltr' id='par_1_26' title="bbox 258 1189 1045 1230">
     <span class='ocr_line' id='line_1_26' title="bbox 258 1189 1045 1230; baseline -0.006 -9"><span class='ocrx_word' id='word_1_159' title='bbox 258 1193 378 1230; x_wconf 88' lang='lat' dir='ltr'><strong>pendent</strong></span> <span class='ocrx_word' id='word_1_160' title='bbox 408 1192 509 1219; x_wconf 88' lang='lat' dir='ltr'><strong>otiosa.</strong></span> <span class='ocrx_word' id='word_1_161' title='bbox 529 1191 698 1225; x_wconf 86' lang='lat' dir='ltr'><strong>Qnocunque</strong></span> <span class='ocrx_word' id='word_1_162' title='bbox 723 1195 815 1218; x_wconf 87' lang='lat' dir='ltr'><strong>motus</strong></span> <span class='ocrx_word' id='word_1_163' title='bbox 840 1189 965 1225; x_wconf 65' lang='lat' dir='ltr'><strong>imprllit,</strong></span> <span class='ocrx_word' id='word_1_164' title='bbox 990 1197 1045 1217; x_wconf 87' lang='lat' dir='ltr'><strong>non</strong></span> 
     </span>
    </p>
   </div>
   <div class='ocr_carea' id='block_1_27' title="bbox 257 1236 1046 1276">
    <p class='ocr_par' dir='ltr' id='par_1_27' title="bbox 257 1236 1046 1276">
     <span class='ocr_line' id='line_1_27' title="bbox 257 1236 1046 1276; baseline -0.006 -9"><span class='ocrx_word' id='word_1_165' title='bbox 257 1248 312 1276; x_wconf 91' lang='lat' dir='ltr'><strong>quo</strong></span> <span class='ocrx_word' id='word_1_166' title='bbox 325 1240 396 1271; x_wconf 88' lang='lat' dir='ltr'><strong>volo,</strong></span> <span class='ocrx_word' id='word_1_167' title='bbox 414 1239 497 1266; x_wconf 92' lang='lat' dir='ltr'><strong>feror.</strong></span> <span class='ocrx_word' id='word_1_168' title='bbox 519 1237 574 1264; x_wconf 83' lang='lat' dir='ltr'><strong>Etsi</strong></span> <span class='ocrx_word' id='word_1_169' title='bbox 590 1237 664 1264; x_wconf 88' lang='lat' dir='ltr'><strong>enim</strong></span> <span class='ocrx_word' id='word_1_170' title='bbox 695 1237 763 1264; x_wconf 82' lang='lat' dir='ltr'><strong>velle</strong></span> <span class='ocrx_word' id='word_1_171' title='bbox 780 1236 847 1263; x_wconf 89' lang='lat' dir='ltr'><strong>mihi</strong></span> <span class='ocrx_word' id='word_1_172' title='bbox 862 1236 944 1268; x_wconf 84' lang='lat' dir='ltr'><strong>adsit,</strong></span> <span class='ocrx_word' id='word_1_173' title='bbox 964 1243 1046 1270; x_wconf 82' lang='lat' dir='ltr'><strong>posse</strong></span> 
     </span>
    </p>
   </div>
   <div class='ocr_carea' id='block_1_28' title="bbox 257 1281 1046 1321">
    <p class='ocr_par' dir='ltr' id='par_1_28' title="bbox 257 1281 1046 1321">
     <span class='ocr_line' id='line_1_28' title="bbox 257 1281 1046 1321; baseline -0.009 -7"><span class='ocrx_word' id='word_1_174' title='bbox 257 1295 312 1314; x_wconf 89' lang='lat' dir='ltr'><strong>non</strong></span> <span class='ocrx_word' id='word_1_175' title='bbox 330 1285 460 1321; x_wconf 82' lang='lat' dir='ltr'><strong>suppetit.</strong></span> <span class='ocrx_word' id='word_1_176' title='bbox 488 1284 564 1311; x_wconf 86' lang='lat' dir='ltr'><strong>Idem</strong></span> <span class='ocrx_word' id='word_1_177' title='bbox 581 1283 662 1310; x_wconf 82' lang='lat' dir='ltr'><strong>etiam</strong></span> <span class='ocrx_word' id='word_1_178' title='bbox 693 1283 783 1317; x_wconf 88' lang='lat' dir='ltr'><strong>patior</strong></span> <span class='ocrx_word' id='word_1_179' title='bbox 803 1282 874 1309; x_wconf 86' lang='lat' dir='ltr'><strong>circa</strong></span> <span class='ocrx_word' id='word_1_180' title='bbox 889 1281 992 1308; x_wconf 78' lang='lat' dir='ltr'><strong>femora</strong></span> <span class='ocrx_word' id='word_1_181' title='bbox 1018 1285 1046 1308; x_wconf 85' lang='lat' dir='ltr'><strong>et</strong></span> 
     </span>
    </p>
   </div>
   <div class='ocr_carea' id='block_1_29' title="bbox 256 1328 1042 1368">
    <p class='ocr_par' dir='ltr' id='par_1_29' title="bbox 256 1328 1042 1368">
     <span class='ocr_line' id='line_1_29' title="bbox 256 1328 1042 1368; baseline -0.008 -8"><span class='ocrx_word' id='word_1_182' title='bbox 256 1339 346 1368; x_wconf 74' lang='lat' dir='ltr'><strong>genua</strong></span> <span class='ocrx_word' id='word_1_183' title='bbox 371 1335 400 1358; x_wconf 92' lang='lat' dir='ltr'><strong>ct</strong></span> <span class='ocrx_word' id='word_1_184' title='bbox 427 1329 538 1357; x_wconf 87' lang='lat' dir='ltr'><strong>brachia</strong></span> <span class='ocrx_word' id='word_1_185' title='bbox 570 1329 698 1364; x_wconf 87' lang='lat' dir='ltr'><strong>ipsasque</strong></span> <span class='ocrx_word' id='word_1_186' title='bbox 717 1328 798 1355; x_wconf 84' lang='lat' dir='ltr'><strong>etiam</strong></span> <span class='ocrx_word' id='word_1_187' title='bbox 832 1328 933 1362; x_wconf 88' lang='lat' dir='ltr'><strong>pedum</strong></span> <span class='ocrx_word' id='word_1_188' title='bbox 952 1328 1042 1354; x_wconf 83' lang='lat' dir='ltr'><strong>bases.</strong></span> 
     </span>
    </p>
   </div>
   <div class='ocr_carea' id='block_1_30' title="bbox 257 1374 1042 1412">
    <p class='ocr_par' dir='ltr' id='par_1_30' title="bbox 257 1374 1042 1412">
     <span class='ocr_line' id='line_1_30' title="bbox 257 1374 1042 1412; baseline -0.006 -7"><span class='ocrx_word' id='word_1_189' title='bbox 257 1378 355 1412; x_wconf 89' lang='lat' dir='ltr'><strong>Specie</strong></span> <span class='ocrx_word' id='word_1_190' title='bbox 371 1376 482 1411; x_wconf 89' lang='lat' dir='ltr'><strong>quidem</strong></span> <span class='ocrx_word' id='word_1_191' title='bbox 510 1382 570 1402; x_wconf 89' lang='lat' dir='ltr'><strong>mea</strong></span> <span class='ocrx_word' id='word_1_192' title='bbox 588 1382 649 1401; x_wconf 83' lang='lat' dir='ltr'><strong>esse</strong></span> <span class='ocrx_word' id='word_1_193' title='bbox 680 1374 723 1401; x_wconf 89' lang='lat' dir='ltr'><strong>illa</strong></span> <span class='ocrx_word' id='word_1_194' title='bbox 751 1374 880 1401; x_wconf 89' lang='lat' dir='ltr'><strong>videntur</strong></span> <span class='ocrx_word' id='word_1_195' title='bbox 908 1374 1042 1407; x_wconf 85' lang='lat' dir='ltr'><strong>membra,</strong></span> 
     </span>
    </p>
   </div>
   <div class='ocr_carea' id='block_1_31' title="bbox 256 1419 1041 1457">
    <p class='ocr_par' dir='ltr' id='par_1_31' title="bbox 256 1419 1041 1457">
     <span class='ocr_line' id='line_1_31' title="bbox 256 1419 1041 1457; baseline -0.004 -7"><span class='ocrx_word' id='word_1_196' title='bbox 256 1423 416 1457; x_wconf 82' lang='lat' dir='ltr'><strong>operatione</strong></span> <span class='ocrx_word' id='word_1_197' title='bbox 435 1425 524 1448; x_wconf 89' lang='lat' dir='ltr'><strong>autem</strong></span> <span class='ocrx_word' id='word_1_198' title='bbox 538 1419 649 1447; x_wconf 81' lang='lat' dir='ltr'><strong>alterius</strong></span> <span class='ocrx_word' id='word_1_199' title='bbox 675 1420 838 1455; x_wconf 71' lang='lat' dir='ltr'><strong>cuiuspiam,</strong></span> <span class='ocrx_word' id='word_1_200' title='bbox 858 1424 885 1447; x_wconf 87' lang='lat' dir='ltr'><strong>et</strong></span> <span class='ocrx_word' id='word_1_201' title='bbox 900 1427 955 1446; x_wconf 87' lang='lat' dir='ltr'><strong>non</strong></span> <span class='ocrx_word' id='word_1_202' title='bbox 970 1427 1041 1447; x_wconf 85' lang='lat' dir='ltr'><strong>utea.</strong></span> 
     </span>
    </p>
   </div>
   <div class='ocr_carea' id='block_1_32' title="bbox 256 1465 1042 1503">
    <p class='ocr_par' dir='ltr' id='par_1_32' title="bbox 256 1465 1042 1503">
     <span class='ocr_line' id='line_1_32' title="bbox 256 1465 1042 1503; baseline -0.004 -8"><span class='ocrx_word' id='word_1_203' title='bbox 256 1468 328 1501; x_wconf 83' lang='lat' dir='ltr'><strong>Quid</strong></span> <span class='ocrx_word' id='word_1_204' title='bbox 353 1468 445 1503; x_wconf 77' lang='lat' dir='ltr'><strong>igitur,</strong></span> <span class='ocrx_word' id='word_1_205' title='bbox 462 1466 535 1501; x_wconf 91' lang='lat' dir='ltr'><strong>quod</strong></span> <span class='ocrx_word' id='word_1_206' title='bbox 557 1465 647 1498; x_wconf 83' lang='lat' dir='ltr'><strong>nobis,</strong></span> <span class='ocrx_word' id='word_1_207' title='bbox 671 1465 698 1492; x_wconf 90' lang='lat' dir='ltr'><strong>in</strong></span> <span class='ocrx_word' id='word_1_208' title='bbox 715 1470 769 1493; x_wconf 92' lang='lat' dir='ltr'><strong>tam</strong></span> <span class='ocrx_word' id='word_1_209' title='bbox 786 1466 858 1494; x_wconf 87' lang='lat' dir='ltr'><strong>malo</strong></span> <span class='ocrx_word' id='word_1_210' title='bbox 885 1466 1042 1494; x_wconf 86' lang='lat' dir='ltr'><strong>morborum</strong></span> 
     </span>
    </p>
   </div>
   <div class='ocr_carea' id='block_1_33' title="bbox 255 1512 1045 1550">
    <p class='ocr_par' dir='ltr' id='par_1_33' title="bbox 255 1512 1045 1550">
     <span class='ocr_line' id='line_1_33' title="bbox 255 1512 1045 1550; baseline -0.003 -9"><span class='ocrx_word' id='word_1_211' title='bbox 255 1515 351 1550; x_wconf 71' lang='lat' dir='ltr'><strong>pelago</strong></span> <span class='ocrx_word' id='word_1_212' title='bbox 374 1513 518 1546; x_wconf 86' lang='lat' dir='ltr'><strong>demersis,</strong></span> <span class='ocrx_word' id='word_1_213' title='bbox 535 1512 651 1540; x_wconf 85' lang='lat' dir='ltr'><strong>suadeas</strong></span> <span class='ocrx_word' id='word_1_214' title='bbox 668 1517 715 1539; x_wconf 85' lang='lat' dir='ltr'><strong>aut</strong></span> <span class='ocrx_word' id='word_1_215' title='bbox 727 1512 822 1546; x_wconf 87' lang='lat' dir='ltr'><strong>iacias,</strong></span> <span class='ocrx_word' id='word_1_216' title='bbox 836 1513 930 1545; x_wconf 87' lang='lat' dir='ltr'><strong>habes,</strong></span> <span class='ocrx_word' id='word_1_217' title='bbox 946 1521 962 1540; x_wconf 91' lang='grc' dir='ltr'><strong>ο</strong></span> <span class='ocrx_word' id='word_1_218' title='bbox 975 1512 1045 1540; x_wconf 89' lang='lat' dir='ltr'><strong>dile-</strong></span> 
     </span>
    </p>
   </div>
   <div class='ocr_carea' id='block_1_34' title="bbox 255 1559 446 1596">
    <p class='ocr_par' dir='ltr' id='par_1_34' title="bbox 255 1559 446 1596">
     <span class='ocr_line' id='line_1_34' title="bbox 255 1559 446 1596; baseline -0.01 -7"><span class='ocrx_word' id='word_1_219' title='bbox 255 1566 327 1589; x_wconf 90' lang='lat' dir='ltr'><strong>ctum</strong></span> <span class='ocrx_word' id='word_1_220' title='bbox 344 1559 446 1596; x_wconf 83' lang='lat' dir='ltr'><strong>caput?</strong></span> 
     </span>
    </p>
   </div>
   <div class='ocr_carea' id='block_1_35' title="bbox 292 1604 1044 1640">
    <p class='ocr_par' dir='ltr' id='par_1_35' title="bbox 292 1604 1044 1640">
     <span class='ocr_line' id='line_1_35' title="bbox 292 1604 1044 1640; baseline -0.001 -7"><span class='ocrx_word' id='word_1_221' title='bbox 292 1607 334 1634; x_wconf 80' lang='lat' dir='ltr'><strong>i3.</strong></span> <span class='ocrx_word' id='word_1_222' title='bbox 347 1605 502 1633; x_wconf 74' lang='lat' dir='ltr'><strong>Demetrius</strong></span> <span class='ocrx_word' id='word_1_223' title='bbox 513 1609 616 1637; x_wconf 87' lang='lat' dir='ltr'><strong>autem,</strong></span> <span class='ocrx_word' id='word_1_224' title='bbox 629 1606 764 1640; x_wconf 75' lang='lat' dir='ltr'><strong>genuinus</strong></span> <span class='ocrx_word' id='word_1_225' title='bbox 775 1604 913 1638; x_wconf 86' lang='lat' dir='ltr'><strong>videlicet,</strong></span> <span class='ocrx_word' id='word_1_226' title='bbox 929 1612 1044 1640; x_wconf 87' lang='lat' dir='ltr'><strong>respon-</strong></span> 
     </span>
    </p>
   </div>
   <div class='ocr_carea' id='block_1_36' title="bbox 256 1651 1043 1685">
    <p class='ocr_par' dir='ltr' id='par_1_36' title="bbox 256 1651 1043 1685">
     <span class='ocr_line' id='line_1_36' title="bbox 256 1651 1043 1685; baseline -0.003 -6"><span class='ocrx_word' id='word_1_227' title='bbox 256 1652 320 1679; x_wconf 92' lang='lat' dir='ltr'><strong>dit:</strong></span> <span class='ocrx_word' id='word_1_228' title='bbox 336 1651 461 1678; x_wconf 86' lang='lat' dir='ltr'><strong>Primum</strong></span> <span class='ocrx_word' id='word_1_229' title='bbox 487 1651 599 1685; x_wconf 86' lang='lat' dir='ltr'><strong>quidem</strong></span> <span class='ocrx_word' id='word_1_230' title='bbox 624 1651 673 1678; x_wconf 86' lang='lat' dir='ltr'><strong>tibi</strong></span> <span class='ocrx_word' id='word_1_231' title='bbox 705 1651 821 1683; x_wconf 83' lang='lat' dir='ltr'><strong>suadeo,</strong></span> <span class='ocrx_word' id='word_1_232' title='bbox 842 1656 871 1678; x_wconf 89' lang='lat' dir='ltr'><strong>ut</strong></span> <span class='ocrx_word' id='word_1_233' title='bbox 889 1651 922 1678; x_wconf 90' lang='lat' dir='ltr'><strong>ad</strong></span> <span class='ocrx_word' id='word_1_234' title='bbox 951 1659 1043 1678; x_wconf 84' lang='lat' dir='ltr'><strong>rerum</strong></span> 
     </span>
    </p>
   </div>
   <div class='ocr_carea' id='block_1_37' title="bbox 254 1697 1044 1735">
    <p class='ocr_par' dir='ltr' id='par_1_37' title="bbox 254 1697 1044 1735">
     <span class='ocr_line' id='line_1_37' title="bbox 254 1697 1044 1735; baseline -0.003 -10"><span class='ocrx_word' id='word_1_235' title='bbox 254 1698 378 1725; x_wconf 84' lang='lat' dir='ltr'><strong>omnium</strong></span> <span class='ocrx_word' id='word_1_236' title='bbox 406 1697 558 1735; x_wconf 77' lang='lat' dir='ltr'><strong>conditoris</strong></span> <span class='ocrx_word' id='word_1_237' title='bbox 588 1697 635 1724; x_wconf 90' lang='lat' dir='ltr'><strong>Dei</strong></span> <span class='ocrx_word' id='word_1_238' title='bbox 664 1697 864 1732; x_wconf 81' lang='lat' dir='ltr'><strong>providentiam</strong></span> <span class='ocrx_word' id='word_1_239' title='bbox 895 1697 1044 1732; x_wconf 88' lang='lat' dir='ltr'><strong>respiciens</strong></span> 
     </span>
    </p>
   </div>
   <div class='ocr_carea' id='block_1_38' title="bbox 257 1741 1042 1776">
    <p class='ocr_par' dir='ltr' id='par_1_38' title="bbox 257 1741 1042 1776">
     <span class='ocr_line' id='line_1_38' title="bbox 257 1741 1042 1776; baseline 0 -7"><span class='ocrx_word' id='word_1_240' title='bbox 257 1743 331 1769; x_wconf 85' lang='lat' dir='ltr'><strong>bono</strong></span> <span class='ocrx_word' id='word_1_241' title='bbox 346 1742 384 1769; x_wconf 89' lang='lat' dir='ltr'><strong>sis</strong></span> <span class='ocrx_word' id='word_1_242' title='bbox 397 1741 501 1774; x_wconf 86' lang='lat' dir='ltr'><strong>animo,</strong></span> <span class='ocrx_word' id='word_1_243' title='bbox 516 1749 567 1768; x_wconf 86' lang='lat' dir='ltr'><strong>nec</strong></span> <span class='ocrx_word' id='word_1_244' title='bbox 587 1741 706 1774; x_wconf 86' lang='lat' dir='ltr'><strong>tristitia,</strong></span> <span class='ocrx_word' id='word_1_245' title='bbox 721 1750 782 1776; x_wconf 59' lang='lat' dir='ltr'><strong>quae</strong></span> <span class='ocrx_word' id='word_1_246' title='bbox 804 1743 900 1769; x_wconf 68' lang='lat' dir='ltr'><strong>animae</strong></span> <span class='ocrx_word' id='word_1_247' title='bbox 913 1742 1042 1769; x_wconf 88' lang='lat' dir='ltr'><strong>damnum</strong></span> 
     </span>
    </p>
   </div>
   <div class='ocr_carea' id='block_1_39' title="bbox 255 1786 1042 1823">
    <p class='ocr_par' dir='ltr' id='par_1_39' title="bbox 255 1786 1042 1823">
     <span class='ocr_line' id='line_1_39' title="bbox 255 1786 1042 1823; baseline 0.001 -9"><span class='ocrx_word' id='word_1_248' title='bbox 255 1787 536 1822; x_wconf 66' lang='lat' dir='ltr'><strong>aﬂ‘ert.opprimaris.</strong></span> <span class='ocrx_word' id='word_1_249' title='bbox 564 1786 640 1813; x_wconf 83' lang='lat' dir='ltr'><strong>Nosti</strong></span> <span class='ocrx_word' id='word_1_250' title='bbox 671 1787 744 1814; x_wconf 89' lang='lat' dir='ltr'><strong>enim</strong></span> <span class='ocrx_word' id='word_1_251' title='bbox 775 1787 900 1823; x_wconf 86' lang='lat' dir='ltr'><strong>ipsemet,</strong></span> <span class='ocrx_word' id='word_1_252' title='bbox 933 1795 1042 1815; x_wconf 89' lang='lat' dir='ltr'><strong>omnem</strong></span> 
     </span>
    </p>
   </div>
   <div class='ocr_carea' id='block_1_40' title="bbox 254 1832 1042 1869">
    <p class='ocr_par' dir='ltr' id='par_1_40' title="bbox 254 1832 1042 1869">
     <span class='ocr_line' id='line_1_40' title="bbox 254 1832 1042 1869; baseline 0.003 -9"><span class='ocrx_word' id='word_1_253' title='bbox 254 1833 392 1865; x_wconf 89' lang='lat' dir='ltr'><strong>morbum,</strong></span> <span class='ocrx_word' id='word_1_254' title='bbox 411 1832 524 1867; x_wconf 83' lang='lat' dir='ltr'><strong>provida</strong></span> <span class='ocrx_word' id='word_1_255' title='bbox 553 1832 611 1864; x_wconf 86' lang='lat' dir='ltr'><strong>Dei,</strong></span> <span class='ocrx_word' id='word_1_256' title='bbox 629 1832 675 1867; x_wconf 90' lang='lat' dir='ltr'><strong>qni</strong></span> <span class='ocrx_word' id='word_1_257' title='bbox 704 1841 756 1860; x_wconf 91' lang='lat' dir='ltr'><strong>nos</strong></span> <span class='ocrx_word' id='word_1_258' title='bbox 775 1834 887 1866; x_wconf 89' lang='lat' dir='ltr'><strong>creavit,</strong></span> <span class='ocrx_word' id='word_1_259' title='bbox 919 1834 1042 1869; x_wconf 87' lang='lat' dir='ltr'><strong>potentia</strong></span> 
     </span>
    </p>
   </div>
   <div class='ocr_carea' id='block_1_41' title="bbox 254 1877 1041 1913">
    <p class='ocr_par' dir='ltr' id='par_1_41' title="bbox 254 1877 1041 1913">
     <span class='ocr_line' id='line_1_41' title="bbox 254 1877 1041 1913; baseline 0.001 -8"><span class='ocrx_word' id='word_1_260' title='bbox 254 1878 402 1912; x_wconf 74' lang='lat' dir='ltr'><strong>largiente,</strong></span> <span class='ocrx_word' id='word_1_261' title='bbox 432 1877 459 1903; x_wconf 89' lang='lat' dir='ltr'><strong>in</strong></span> <span class='ocrx_word' id='word_1_262' title='bbox 477 1881 610 1912; x_wconf 67' lang='lat' dir='ltr'><strong>aegrotare</strong></span> <span class='ocrx_word' id='word_1_263' title='bbox 640 1878 723 1905; x_wconf 90' lang='lat' dir='ltr'><strong>etiam</strong></span> <span class='ocrx_word' id='word_1_264' title='bbox 739 1879 831 1911; x_wconf 89' lang='lat' dir='ltr'><strong>datur,</strong></span> <span class='ocrx_word' id='word_1_265' title='bbox 848 1886 883 1906; x_wconf 92' lang='lat' dir='ltr'><strong>ne</strong></span> <span class='ocrx_word' id='word_1_266' title='bbox 899 1879 1041 1913; x_wconf 77' lang='lat' dir='ltr'><strong>eﬂeratur,</strong></span> 
     </span>
    </p>
   </div>
   <div class='ocr_carea' id='block_1_42' title="bbox 255 1923 1042 1960">
    <p class='ocr_par' dir='ltr' id='par_1_42' title="bbox 255 1923 1042 1960">
     <span class='ocr_line' id='line_1_42' title="bbox 255 1923 1042 1960; baseline 0.004 -11"><span class='ocrx_word' id='word_1_267' title='bbox 255 1924 344 1958; x_wconf 88' lang='lat' dir='ltr'><strong>potius</strong></span> <span class='ocrx_word' id='word_1_268' title='bbox 360 1928 463 1955; x_wconf 87' lang='lat' dir='ltr'><strong>autem,</strong></span> <span class='ocrx_word' id='word_1_269' title='bbox 485 1927 553 1950; x_wconf 88' lang='lat' dir='ltr'><strong>utet</strong></span> <span class='ocrx_word' id='word_1_270' title='bbox 567 1923 654 1958; x_wconf 78' lang='lat' dir='ltr'><strong>magis</strong></span> <span class='ocrx_word' id='word_1_271' title='bbox 669 1923 742 1950; x_wconf 92' lang='lat' dir='ltr'><strong>velut</strong></span> <span class='ocrx_word' id='word_1_272' title='bbox 769 1931 878 1956; x_wconf 85' lang='lat' dir='ltr'><strong>aurum,</strong></span> <span class='ocrx_word' id='word_1_273' title='bbox 895 1925 967 1959; x_wconf 87' lang='lat' dir='ltr'><strong>quod</strong></span> <span class='ocrx_word' id='word_1_274' title='bbox 981 1925 1042 1960; x_wconf 83' lang='lat' dir='ltr'><strong>igne</strong></span> 
     </span>
    </p>
   </div>
   <div class='ocr_carea' id='block_1_43' title="bbox 254 1968 1042 2006">
    <p class='ocr_par' dir='ltr' id='par_1_43' title="bbox 254 1968 1042 2006">
     <span class='ocr_line' id='line_1_43' title="bbox 254 1968 1042 2006; baseline 0.004 -10"><span class='ocrx_word' id='word_1_275' title='bbox 254 1969 283 1996; x_wconf 90' lang='lat' dir='ltr'><strong>in</strong></span> <span class='ocrx_word' id='word_1_276' title='bbox 306 1976 369 1996; x_wconf 82' lang='lat' dir='ltr'><strong>vase</strong></span> <span class='ocrx_word' id='word_1_277' title='bbox 385 1968 528 2003; x_wconf 87' lang='lat' dir='ltr'><strong>probatius</strong></span> <span class='ocrx_word' id='word_1_278' title='bbox 546 1973 588 1995; x_wconf 83' lang='lat' dir='ltr'><strong>est</strong></span> <span class='ocrx_word' id='word_1_279' title='bbox 601 1969 716 2002; x_wconf 90' lang='lat' dir='ltr'><strong>factum,</strong></span> <span class='ocrx_word' id='word_1_280' title='bbox 732 1969 924 2004; x_wconf 85' lang='lat' dir='ltr'><strong>splendescat;</strong></span> <span class='ocrx_word' id='word_1_281' title='bbox 939 1971 961 1998; x_wconf 80' lang='lat' dir='ltr'><strong>si</strong></span> <span class='ocrx_word' id='word_1_282' title='bbox 977 1979 1042 2006; x_wconf 85' lang='lat' dir='ltr'><strong>pec-</strong></span> 
     </span>
    </p>
   </div>
   <div class='ocr_carea' id='block_1_44' title="bbox 256 2014 1043 2051">
    <p class='ocr_par' dir='ltr' id='par_1_44' title="bbox 256 2014 1043 2051">
     <span class='ocr_line' id='line_1_44' title="bbox 256 2014 1043 2051; baseline 0.004 -10"><span class='ocrx_word' id='word_1_283' title='bbox 256 2019 334 2041; x_wconf 87' lang='lat' dir='ltr'><strong>cator</strong></span> <span class='ocrx_word' id='word_1_284' title='bbox 350 2014 397 2046; x_wconf 87' lang='lat' dir='ltr'><strong>sit,</strong></span> <span class='ocrx_word' id='word_1_285' title='bbox 415 2014 579 2040; x_wconf 87' lang='lat' dir='ltr'><strong>conceditur</strong></span> <span class='ocrx_word' id='word_1_286' title='bbox 595 2018 622 2040; x_wconf 90' lang='lat' dir='ltr'><strong>ct</strong></span> <span class='ocrx_word' id='word_1_287' title='bbox 639 2019 782 2049; x_wconf 57' lang='lat' dir='ltr'><strong>atgrotare,</strong></span> <span class='ocrx_word' id='word_1_288' title='bbox 809 2019 839 2042; x_wconf 85' lang='lat' dir='ltr'><strong>ut</strong></span> <span class='ocrx_word' id='word_1_289' title='bbox 854 2015 899 2042; x_wconf 86' lang='lat' dir='ltr'><strong>ltic</strong></span> <span class='ocrx_word' id='word_1_290' title='bbox 917 2024 965 2051; x_wconf 87' lang='lat' dir='ltr'><strong>pro</strong></span> <span class='ocrx_word' id='word_1_291' title='bbox 979 2024 1043 2051; x_wconf 81' lang='lat' dir='ltr'><strong>pec-</strong></span> 
     </span>
    </p>
   </div>
   <div class='ocr_carea' id='block_1_45' title="bbox 256 2060 1041 2097">
    <p class='ocr_par' dir='ltr' id='par_1_45' title="bbox 256 2060 1041 2097">
     <span class='ocr_line' id='line_1_45' title="bbox 256 2060 1041 2097; baseline 0.004 -9"><span class='ocrx_word' id='word_1_292' title='bbox 256 2061 323 2088; x_wconf 71' lang='lat' dir='ltr'><strong>cati:</strong></span> <span class='ocrx_word' id='word_1_293' title='bbox 342 2068 439 2095; x_wconf 70' lang='lat' dir='ltr'><strong>prrnas</strong></span> <span class='ocrx_word' id='word_1_294' title='bbox 464 2060 533 2087; x_wconf 87' lang='lat' dir='ltr'><strong>dans</strong></span> <span class='ocrx_word' id='word_1_295' title='bbox 560 2060 646 2087; x_wconf 87' lang='lat' dir='ltr'><strong>multa</strong></span> <span class='ocrx_word' id='word_1_296' title='bbox 664 2061 692 2088; x_wconf 89' lang='lat' dir='ltr'><strong>in</strong></span> <span class='ocrx_word' id='word_1_297' title='bbox 707 2060 800 2088; x_wconf 78' lang='lat' dir='ltr'><strong>l’uturo</strong></span> <span class='ocrx_word' id='word_1_298' title='bbox 816 2062 918 2097; x_wconf 78' lang='lat' dir='ltr'><strong>iudicio</strong></span> <span class='ocrx_word' id='word_1_299' title='bbox 933 2064 1041 2091; x_wconf 84' lang='lat' dir='ltr'><strong>miscri-</strong></span> 
     </span>
    </p>
   </div>
   <div class='ocr_carea' id='block_1_46' title="bbox 254 2105 1041 2144">
    <p class='ocr_par' dir='ltr' id='par_1_46' title="bbox 254 2105 1041 2144">
     <span class='ocr_line' id='line_1_46' title="bbox 254 2105 1041 2144; baseline 0.004 -10"><span class='ocrx_word' id='word_1_300' title='bbox 254 2107 348 2134; x_wconf 80' lang='lat' dir='ltr'><strong>cordia</strong></span> <span class='ocrx_word' id='word_1_301' title='bbox 367 2105 496 2133; x_wconf 88' lang='lat' dir='ltr'><strong>induatur</strong></span> <span class='ocrx_word' id='word_1_302' title='bbox 509 2106 660 2133; x_wconf 73' lang='lat' dir='ltr'><strong>Secundum</strong></span> <span class='ocrx_word' id='word_1_303' title='bbox 675 2107 747 2141; x_wconf 87' lang='lat' dir='ltr'><strong>quod</strong></span> <span class='ocrx_word' id='word_1_304' title='bbox 768 2107 868 2135; x_wconf 91' lang='lat' dir='ltr'><strong>dicitur</strong></span> <span class='ocrx_word' id='word_1_305' title='bbox 881 2116 894 2135; x_wconf 89' lang='lat' dir='ltr'><strong>a</strong></span> <span class='ocrx_word' id='word_1_306' title='bbox 909 2109 1041 2144; x_wconf 87' lang='lat' dir='ltr'><strong>propheta</strong></span> 
     </span>
    </p>
   </div>
   <div class='ocr_carea' id='block_1_47' title="bbox 253 2150 1040 2188">
    <p class='ocr_par' dir='ltr' id='par_1_47' title="bbox 253 2150 1040 2188">
     <span class='ocr_line' id='line_1_47' title="bbox 253 2150 1040 2188; baseline 0.004 -9"><span class='ocrx_word' id='word_1_307' title='bbox 253 2151 360 2179; x_wconf 74' lang='lat' dir='ltr'><strong>Naltum</strong></span> <span class='ocrx_word' id='word_1_308' title='bbox 375 2159 383 2179; x_wconf 74' lang='grc' dir='ltr'><strong>ι</strong></span> <span class='ocrx_word' id='word_1_309' title='bbox 403 2150 618 2185; x_wconf 70' lang='lat' dir='ltr'><strong>(Nonjudicabit</strong></span> <span class='ocrx_word' id='word_1_310' title='bbox 633 2151 765 2179; x_wconf 75' lang='lat' dir='ltr'><strong>Dominus</strong></span> <span class='ocrx_word' id='word_1_311' title='bbox 775 2153 817 2180; x_wconf 87' lang='lat' dir='ltr'><strong>bis</strong></span> <span class='ocrx_word' id='word_1_312' title='bbox 832 2153 858 2180; x_wconf 93' lang='lat' dir='ltr'><strong>in</strong></span> <span class='ocrx_word' id='word_1_313' title='bbox 879 2153 996 2188; x_wconf 88' lang='lat' dir='ltr'><strong>idipsum</strong></span> <span class='ocrx_word' id='word_1_314' title='bbox 1013 2155 1040 2182; x_wconf 88' lang='lat' dir='ltr'><strong>in</strong></span> 
     </span>
    </p>
   </div>
   <div class='ocr_carea' id='block_1_48' title="bbox 254 2197 1040 2234">
    <p class='ocr_par' dir='ltr' id='par_1_48' title="bbox 254 2197 1040 2234">
     <span class='ocr_line' id='line_1_48' title="bbox 254 2197 1040 2234; baseline 0.004 -9"><span class='ocrx_word' id='word_1_315' title='bbox 254 2197 431 2225; x_wconf 86' lang='lat' dir='ltr'><strong>tribulatione</strong></span> <span class='ocrx_word' id='word_1_316' title='bbox 441 2198 462 2223; x_wconf 87' lang='grc'>¹.</span> <span class='ocrx_word' id='word_1_317' title='bbox 478 2206 486 2222; x_wconf 78' lang='grc' dir='ltr'><strong>ι</strong></span> <span class='ocrx_word' id='word_1_318' title='bbox 501 2198 619 2232; x_wconf 84' lang='lat' dir='ltr'><strong>Reponit</strong></span> <span class='ocrx_word' id='word_1_319' title='bbox 631 2199 775 2232; x_wconf 62' lang='lat' dir='ltr'><strong>praefectus</strong></span> <span class='ocrx_word' id='word_1_320' title='bbox 790 2209 796 2226; x_wconf 90' lang='lat'><strong>;</strong></span> <span class='ocrx_word' id='word_1_321' title='bbox 814 2199 854 2231; x_wconf 84' lang='lat' dir='ltr'><strong>Si,</strong></span> <span class='ocrx_word' id='word_1_322' title='bbox 866 2199 912 2234; x_wconf 85' lang='lat' dir='ltr'><strong>qui</strong></span> <span class='ocrx_word' id='word_1_323' title='bbox 928 2200 1040 2228; x_wconf 71' lang='lat' dir='ltr'><strong>adversa</strong></span> 
     </span>
    </p>
   </div>
   <div class='ocr_carea' id='block_1_49' title="bbox 1102 266 1888 302">
    <p class='ocr_par' dir='ltr' id='par_1_49' title="bbox 1102 266 1888 302">
     <span class='ocr_line' id='line_1_49' title="bbox 1102 266 1888 302; baseline 0.003 -10"><span class='ocrx_word' id='word_1_324' title='bbox 1102 267 1148 292; x_wconf 75' lang='grc' dir='ltr'>καὶ</span> <span class='ocrx_word' id='word_1_325' title='bbox 1165 266 1333 301; x_wconf 76' lang='grc' dir='ltr'><strong>σωματικοῦ.</strong></span> <span class='ocrx_word' id='word_1_326' title='bbox 1353 267 1407 293; x_wconf 74' lang='grc' dir='ltr'><strong>Καὶ</strong></span> <span class='ocrx_word' id='word_1_327' title='bbox 1422 266 1454 301; x_wconf 84' lang='grc' dir='ltr'>δὴ</span> <span class='ocrx_word' id='word_1_328' title='bbox 1469 266 1530 293; x_wconf 79' lang='grc' dir='ltr'>καθ’</span> <span class='ocrx_word' id='word_1_329' title='bbox 1548 266 1648 298; x_wconf 79' lang='grc' dir='ltr'>ὖτινους</span> <span class='ocrx_word' id='word_1_330' title='bbox 1664 267 1714 302; x_wconf 79' lang='grc' dir='ltr'><strong>ὁρᾷ</strong></span> <span class='ocrx_word' id='word_1_331' title='bbox 1731 267 1888 302; x_wconf 74' lang='grc' dir='ltr'>Δημήτριον</span> 
     </span>
    </p>
   </div>
   <div class='ocr_carea' id='block_1_50' title="bbox 1100 312 1891 348">
    <p class='ocr_par' dir='ltr' id='par_1_50' title="bbox 1100 312 1891 348">
     <span class='ocr_line' id='line_1_50' title="bbox 1100 312 1891 348; baseline 0.001 -9"><span class='ocrx_word' id='word_1_332' title='bbox 1100 321 1162 339; x_wconf 79' lang='grc' dir='ltr'>τινα</span> <span class='ocrx_word' id='word_1_333' title='bbox 1178 312 1234 339; x_wconf 83' lang='grc' dir='ltr'>τῶν</span> <span class='ocrx_word' id='word_1_334' title='bbox 1252 313 1373 347; x_wconf 84' lang='grc' dir='ltr'><strong>γνησίων</strong></span> <span class='ocrx_word' id='word_1_335' title='bbox 1404 313 1488 340; x_wconf 78' lang='grc' dir='ltr'>αὑτοῦ</span> <span class='ocrx_word' id='word_1_336' title='bbox 1511 312 1607 346; x_wconf 84' lang='grc' dir='ltr'>φίλων,</span> <span class='ocrx_word' id='word_1_337' title='bbox 1625 313 1672 340; x_wconf 75' lang='grc' dir='ltr'><strong>καὶ</strong></span> <span class='ocrx_word' id='word_1_338' title='bbox 1696 313 1742 339; x_wconf 74' lang='grc' dir='ltr'><strong>τὸν</strong></span> <span class='ocrx_word' id='word_1_339' title='bbox 1767 313 1797 340; x_wconf 72' lang='grc' dir='ltr'>ὲν</span> <span class='ocrx_word' id='word_1_340' title='bbox 1815 313 1891 348; x_wconf 81' lang='grc' dir='ltr'>βασι-</span> 
     </span>
    </p>
   </div>
   <div class='ocr_carea' id='block_1_51' title="bbox 1101 359 1889 394">
    <p class='ocr_par' dir='ltr' id='par_1_51' title="bbox 1101 359 1889 394">
     <span class='ocr_line' id='line_1_51' title="bbox 1101 359 1889 394; baseline 0.001 -9"><span class='ocrx_word' id='word_1_341' title='bbox 1101 359 1184 390; x_wconf 78' lang='grc' dir='ltr'>λείοις</span> <span class='ocrx_word' id='word_1_342' title='bbox 1206 360 1303 390; x_wconf 78' lang='grc' dir='ltr'>αὺλαῐς</span> <span class='ocrx_word' id='word_1_343' title='bbox 1327 359 1495 393; x_wconf 75' lang='grc' dir='ltr'><strong>τυγχάνοντα</strong></span> <span class='ocrx_word' id='word_1_344' title='bbox 1511 359 1728 394; x_wconf 83' lang='grc' dir='ltr'><strong>γνωριμώτατον</strong></span> <span class='ocrx_word' id='word_1_345' title='bbox 1744 359 1815 394; x_wconf 78' lang='grc' dir='ltr'>ἅμα,</span> <span class='ocrx_word' id='word_1_346' title='bbox 1841 360 1889 386; x_wconf 76' lang='grc' dir='ltr'><strong>καὶ</strong></span> 
     </span>
    </p>
   </div>
   <div class='ocr_carea' id='block_1_52' title="bbox 1102 402 1892 441">
    <p class='ocr_par' dir='ltr' id='par_1_52' title="bbox 1102 402 1892 441">
     <span class='ocr_line' id='line_1_52' title="bbox 1102 402 1892 441; baseline 0.001 -10"><span class='ocrx_word' id='word_1_347' title='bbox 1102 406 1240 440; x_wconf 74' lang='grc' dir='ltr'><strong>περιφανῆ</strong></span> <span class='ocrx_word' id='word_1_348' title='bbox 1263 405 1376 440; x_wconf 80' lang='grc' dir='ltr'>λέγοντα</span> <span class='ocrx_word' id='word_1_349' title='bbox 1400 405 1474 439; x_wconf 73' lang='grc' dir='ltr'>αὺτῴ</span> <span class='ocrx_word' id='word_1_350' title='bbox 1486 414 1492 420; x_wconf 93' lang='grc'><strong>·</strong></span> <span class='ocrx_word' id='word_1_351' title='bbox 1510 405 1542 432; x_wconf 82' lang='grc' dir='ltr'>Τί</span> <span class='ocrx_word' id='word_1_352' title='bbox 1556 405 1589 439; x_wconf 83' lang='grc' dir='ltr'>δὴ</span> <span class='ocrx_word' id='word_1_353' title='bbox 1605 406 1688 440; x_wconf 74' lang='grc' dir='ltr'>ἔχεις,</span> <span class='ocrx_word' id='word_1_354' title='bbox 1702 402 1725 432; x_wconf 85' lang='grc' dir='ltr'>ὧ</span> <span class='ocrx_word' id='word_1_355' title='bbox 1741 406 1892 441; x_wconf 76' lang='grc' dir='ltr'>προσφιλὲ-</span> 
     </span>
    </p>
   </div>
   <div class='ocr_carea' id='block_1_53' title="bbox 1102 451 1890 486">
    <p class='ocr_par' dir='ltr' id='par_1_53' title="bbox 1102 451 1890 486">
     <span class='ocr_line' id='line_1_53' title="bbox 1102 451 1890 486; baseline 0 -8"><span class='ocrx_word' id='word_1_356' title='bbox 1102 460 1196 484; x_wconf 81' lang='grc' dir='ltr'>στατε,</span> <span class='ocrx_word' id='word_1_357' title='bbox 1210 451 1256 478; x_wconf 77' lang='grc' dir='ltr'><strong>καὶ</strong></span> <span class='ocrx_word' id='word_1_358' title='bbox 1278 451 1383 486; x_wconf 83' lang='grc' dir='ltr'>βαρέως</span> <span class='ocrx_word' id='word_1_359' title='bbox 1409 451 1519 486; x_wconf 72' lang='grc' dir='ltr'>φέρειςς</span> <span class='ocrx_word' id='word_1_360' title='bbox 1535 451 1675 486; x_wconf 75' lang='grc' dir='ltr'>Γνὼρισόν</span> <span class='ocrx_word' id='word_1_361' title='bbox 1695 460 1728 486; x_wconf 83' lang='grc' dir='ltr'><strong>με</strong></span> <span class='ocrx_word' id='word_1_362' title='bbox 1745 452 1774 478; x_wconf 78' lang='grc' dir='ltr'><strong>τὺ</strong></span> <span class='ocrx_word' id='word_1_363' title='bbox 1787 451 1871 486; x_wconf 85' lang='grc' dir='ltr'>τάχος</span> <span class='ocrx_word' id='word_1_364' title='bbox 1882 461 1890 468; x_wconf 89' lang='grc'><strong>·</strong></span> 
     </span>
    </p>
   </div>
   <div class='ocr_carea' id='block_1_54' title="bbox 1103 497 1890 534">
    <p class='ocr_par' dir='ltr' id='par_1_54' title="bbox 1103 497 1890 534">
     <span class='ocr_line' id='line_1_54' title="bbox 1103 497 1890 534; baseline 0.003 -10"><span class='ocrx_word' id='word_1_365' title='bbox 1103 498 1168 530; x_wconf 79' lang='grc' dir='ltr'>ἴσως</span> <span class='ocrx_word' id='word_1_366' title='bbox 1193 498 1240 525; x_wconf 80' lang='grc' dir='ltr'>καί</span> <span class='ocrx_word' id='word_1_367' title='bbox 1266 506 1292 524; x_wconf 87' lang='grc' dir='ltr'><strong>τι</strong></span> <span class='ocrx_word' id='word_1_368' title='bbox 1318 497 1374 523; x_wconf 85' lang='grc' dir='ltr'>τῶν</span> <span class='ocrx_word' id='word_1_369' title='bbox 1403 498 1575 533; x_wconf 68' lang='grc' dir='ltr'>ὀνησιφόρων</span> <span class='ocrx_word' id='word_1_370' title='bbox 1603 498 1835 534; x_wconf 77' lang='grc' dir='ltr'>συμόυυλεὺσοιμι</span> <span class='ocrx_word' id='word_1_371' title='bbox 1855 499 1890 526; x_wconf 76' lang='grc' dir='ltr'><strong>ἄν</strong></span> 
     </span>
    </p>
   </div>
   <div class='ocr_carea' id='block_1_55' title="bbox 1101 543 1889 581">
    <p class='ocr_par' dir='ltr' id='par_1_55' title="bbox 1101 543 1889 581">
     <span class='ocr_line' id='line_1_55' title="bbox 1101 543 1889 581; baseline 0 -9"><span class='ocrx_word' id='word_1_372' title='bbox 1101 554 1153 572; x_wconf 85' lang='grc' dir='ltr'>σοι.</span> <span class='ocrx_word' id='word_1_373' title='bbox 1176 545 1206 572; x_wconf 87' lang='lat'><strong>&#39;0</strong></span> <span class='ocrx_word' id='word_1_374' title='bbox 1225 545 1253 572; x_wconf 88' lang='grc' dir='ltr'>δὲ</span> <span class='ocrx_word' id='word_1_375' title='bbox 1275 544 1399 580; x_wconf 79' lang='grc' dir='ltr'>ὒπαρχος</span> <span class='ocrx_word' id='word_1_376' title='bbox 1416 544 1477 571; x_wconf 57' lang='lat' dir='ltr'><strong>me!</strong></span> <span class='ocrx_word' id='word_1_377' title='bbox 1495 544 1598 577; x_wconf 74' lang='grc' dir='ltr'>ὕπνους</span> <span class='ocrx_word' id='word_1_378' title='bbox 1621 545 1794 581; x_wconf 80' lang='grc' dir='ltr'>ἀποκριθεὶς,</span> <span class='ocrx_word' id='word_1_379' title='bbox 1811 543 1889 572; x_wconf 78' lang='grc' dir='ltr'>εἶπεν</span> 
     </span>
    </p>
   </div>
   <div class='ocr_carea' id='block_1_56' title="bbox 1100 591 1191 626">
    <p class='ocr_par' dir='ltr' id='par_1_56' title="bbox 1100 591 1191 626">
     <span class='ocr_line' id='line_1_56' title="bbox 1100 591 1191 626; baseline -0.011 -8"><span class='ocrx_word' id='word_1_380' title='bbox 1100 591 1174 626; x_wconf 66' lang='grc' dir='ltr'>αὐτῷ</span> <span class='ocrx_word' id='word_1_381' title='bbox 1184 600 1191 607; x_wconf 91' lang='grc'><strong>·</strong></span> 
     </span>
    </p>
   </div>
   <div class='ocr_carea' id='block_1_57' title="bbox 1140 636 1888 672">
    <p class='ocr_par' dir='ltr' id='par_1_57' title="bbox 1140 636 1888 672">
     <span class='ocr_line' id='line_1_57' title="bbox 1140 636 1888 672; baseline 0 -8"><span class='ocrx_word' id='word_1_382' title='bbox 1140 636 1184 671; x_wconf 80' lang='grc' dir='ltr'><strong>ιβ’.</strong></span> <span class='ocrx_word' id='word_1_383' title='bbox 1201 637 1233 662; x_wconf 80' lang='grc' dir='ltr'>Τί</span> <span class='ocrx_word' id='word_1_384' title='bbox 1246 637 1301 671; x_wconf 85' lang='grc' dir='ltr'>γὰρ</span> <span class='ocrx_word' id='word_1_385' title='bbox 1317 636 1371 672; x_wconf 76' lang='grc' dir='ltr'>ἔχω</span> <span class='ocrx_word' id='word_1_386' title='bbox 1387 637 1440 664; x_wconf 81' lang='grc' dir='ltr'><strong>τῶν</strong></span> <span class='ocrx_word' id='word_1_387' title='bbox 1455 637 1483 664; x_wconf 76' lang='grc' dir='ltr'><strong>ὲν</strong></span> <span class='ocrx_word' id='word_1_388' title='bbox 1497 637 1575 669; x_wconf 76' lang='grc' dir='ltr'>ζῶσι,</span> <span class='ocrx_word' id='word_1_389' title='bbox 1593 637 1620 663; x_wconf 81' lang='grc' dir='ltr'><strong>τί</strong></span> <span class='ocrx_word' id='word_1_390' title='bbox 1647 636 1676 663; x_wconf 75' lang='grc' dir='ltr'>δὲ</span> <span class='ocrx_word' id='word_1_391' title='bbox 1694 636 1747 662; x_wconf 83' lang='grc' dir='ltr'><strong>τῶν</strong></span> <span class='ocrx_word' id='word_1_392' title='bbox 1767 636 1796 663; x_wconf 76' lang='grc' dir='ltr'>ὲν</span> <span class='ocrx_word' id='word_1_393' title='bbox 1810 637 1888 670; x_wconf 76' lang='grc' dir='ltr'>τάφῳ</span> 
     </span>
    </p>
   </div>
   <div class='ocr_carea' id='block_1_58' title="bbox 1101 683 1891 718">
    <p class='ocr_par' dir='ltr' id='par_1_58' title="bbox 1101 683 1891 718">
     <span class='ocr_line' id='line_1_58' title="bbox 1101 683 1891 718; baseline -0.001 -8"><span class='ocrx_word' id='word_1_394' title='bbox 1101 683 1237 718; x_wconf 79' lang='grc' dir='ltr'><strong>κειμένων</strong></span> <span class='ocrx_word' id='word_1_395' title='bbox 1253 685 1302 710; x_wconf 78' lang='grc' dir='ltr'>οὐκ</span> <span class='ocrx_word' id='word_1_396' title='bbox 1321 683 1389 718; x_wconf 73' lang='grc' dir='ltr'>ἐχως</span> <span class='ocrx_word' id='word_1_397' title='bbox 1406 683 1513 718; x_wconf 73' lang='grc' dir='ltr'>κεφαλὴ</span> <span class='ocrx_word' id='word_1_398' title='bbox 1537 683 1587 718; x_wconf 87' lang='grc' dir='ltr'>μὲν</span> <span class='ocrx_word' id='word_1_399' title='bbox 1598 683 1651 717; x_wconf 84' lang='grc' dir='ltr'><strong>γὰρ</strong></span> <span class='ocrx_word' id='word_1_400' title='bbox 1672 683 1749 709; x_wconf 85' lang='grc' dir='ltr'>πᾶσα</span> <span class='ocrx_word' id='word_1_401' title='bbox 1765 691 1891 709; x_wconf 70' lang='grc' dir='ltr'>κεκακω-</span> 
     </span>
    </p>
   </div>
   <div class='ocr_carea' id='block_1_59' title="bbox 1101 729 1886 766">
    <p class='ocr_par' dir='ltr' id='par_1_59' title="bbox 1101 729 1886 766">
     <span class='ocr_line' id='line_1_59' title="bbox 1101 729 1886 766; baseline -0.003 -10"><span class='ocrx_word' id='word_1_402' title='bbox 1101 731 1169 766; x_wconf 86' lang='grc' dir='ltr'>μένη</span> <span class='ocrx_word' id='word_1_403' title='bbox 1183 730 1290 762; x_wconf 80' lang='grc' dir='ltr'><strong>δεινῶς,</strong></span> <span class='ocrx_word' id='word_1_404' title='bbox 1303 731 1391 756; x_wconf 79' lang='grc' dir='ltr'>πάντα.</span> <span class='ocrx_word' id='word_1_405' title='bbox 1403 730 1437 756; x_wconf 72' lang='grc' dir='ltr'>τὰ</span> <span class='ocrx_word' id='word_1_406' title='bbox 1449 729 1615 764; x_wconf 70' lang='grc' dir='ltr'><strong>αἰσθητήρια</strong></span> <span class='ocrx_word' id='word_1_407' title='bbox 1631 729 1720 763; x_wconf 79' lang='grc' dir='ltr'>μάτην</span> <span class='ocrx_word' id='word_1_408' title='bbox 1735 729 1886 764; x_wconf 80' lang='grc' dir='ltr'>κέκτημαι·</span> 
     </span>
    </p>
   </div>
   <div class='ocr_carea' id='block_1_60' title="bbox 1099 773 1889 811">
    <p class='ocr_par' dir='ltr' id='par_1_60' title="bbox 1099 773 1889 811">
     <span class='ocr_line' id='line_1_60' title="bbox 1099 773 1889 811; baseline -0.001 -10"><span class='ocrx_word' id='word_1_409' title='bbox 1099 775 1159 801; x_wconf 75' lang='grc' dir='ltr'>οὗτε</span> <span class='ocrx_word' id='word_1_410' title='bbox 1175 776 1230 811; x_wconf 80' lang='grc' dir='ltr'><strong>γὰρ</strong></span> <span class='ocrx_word' id='word_1_411' title='bbox 1246 775 1405 810; x_wconf 77' lang='grc' dir='ltr'>ὀφθαλμοὺς</span> <span class='ocrx_word' id='word_1_412' title='bbox 1424 775 1478 810; x_wconf 74' lang='grc' dir='ltr'><strong>ἔχω</strong></span> <span class='ocrx_word' id='word_1_413' title='bbox 1501 775 1651 809; x_wconf 79' lang='grc' dir='ltr'><strong>βλέποντας</strong></span> <span class='ocrx_word' id='word_1_414' title='bbox 1670 776 1805 810; x_wconf 71' lang='grc' dir='ltr'>ἐναργῶς,</span> <span class='ocrx_word' id='word_1_415' title='bbox 1825 773 1889 801; x_wconf 77' lang='grc' dir='ltr'>οὒτε</span> 
     </span>
    </p>
   </div>
   <div class='ocr_carea' id='block_1_61' title="bbox 1099 820 1889 857">
    <p class='ocr_par' dir='ltr' id='par_1_61' title="bbox 1099 820 1889 857">
     <span class='ocr_line' id='line_1_61' title="bbox 1099 820 1889 857; baseline -0.003 -9"><span class='ocrx_word' id='word_1_416' title='bbox 1099 821 1185 857; x_wconf 76' lang='grc' dir='ltr'>ἀκοὴν</span> <span class='ocrx_word' id='word_1_417' title='bbox 1207 821 1369 854; x_wconf 76' lang='grc' dir='ltr'>ἐπαΐουσαν,</span> <span class='ocrx_word' id='word_1_418' title='bbox 1385 821 1457 856; x_wconf 84' lang='grc' dir='ltr'>πλὴν</span> <span class='ocrx_word' id='word_1_419' title='bbox 1479 821 1532 847; x_wconf 70' lang='grc' dir='ltr'><strong>τῶν</strong></span> <span class='ocrx_word' id='word_1_420' title='bbox 1548 822 1684 855; x_wconf 78' lang='grc' dir='ltr'><strong>μεγίστων</strong></span> <span class='ocrx_word' id='word_1_421' title='bbox 1701 821 1807 854; x_wconf 61' lang='grc' dir='ltr'>ψόφων,</span> <span class='ocrx_word' id='word_1_422' title='bbox 1830 820 1889 846; x_wconf 78' lang='grc' dir='ltr'>ἀλλ’</span> 
     </span>
    </p>
   </div>
   <div class='ocr_carea' id='block_1_62' title="bbox 1100 866 1890 904">
    <p class='ocr_par' dir='ltr' id='par_1_62' title="bbox 1100 866 1890 904">
     <span class='ocr_line' id='line_1_62' title="bbox 1100 866 1890 904; baseline -0.001 -11"><span class='ocrx_word' id='word_1_423' title='bbox 1100 868 1162 894; x_wconf 79' lang='grc' dir='ltr'>οὔτε</span> <span class='ocrx_word' id='word_1_424' title='bbox 1177 869 1192 902; x_wconf 84' lang='grc' dir='ltr'><strong>ἡ</strong></span> <span class='ocrx_word' id='word_1_425' title='bbox 1207 869 1250 904; x_wconf 66' lang='grc' dir='ltr'><strong>ρζν</strong></span> <span class='ocrx_word' id='word_1_426' title='bbox 1263 867 1398 903; x_wconf 79' lang='grc' dir='ltr'>διακρίνει</span> <span class='ocrx_word' id='word_1_427' title='bbox 1415 867 1508 901; x_wconf 76' lang='grc' dir='ltr'>σαφῶς</span> <span class='ocrx_word' id='word_1_428' title='bbox 1523 867 1577 893; x_wconf 86' lang='grc' dir='ltr'>τῶν</span> <span class='ocrx_word' id='word_1_429' title='bbox 1594 867 1820 902; x_wconf 77' lang='grc' dir='ltr'>ὸσφραινομένων</span> <span class='ocrx_word' id='word_1_430' title='bbox 1839 866 1890 902; x_wconf 76' lang='grc' dir='ltr'>τὴν</span> 
     </span>
    </p>
   </div>
   <div class='ocr_carea' id='block_1_63' title="bbox 1100 913 1889 950">
    <p class='ocr_par' dir='ltr' id='par_1_63' title="bbox 1100 913 1889 950">
     <span class='ocr_line' id='line_1_63' title="bbox 1100 913 1889 950; baseline 0.003 -11"><span class='ocrx_word' id='word_1_431' title='bbox 1100 914 1243 948; x_wconf 78' lang='grc' dir='ltr'>ποιότητα,</span> <span class='ocrx_word' id='word_1_432' title='bbox 1258 913 1321 940; x_wconf 77' lang='grc' dir='ltr'>οὔτε</span> <span class='ocrx_word' id='word_1_433' title='bbox 1335 915 1410 948; x_wconf 73' lang='grc' dir='ltr'>παρὰ</span> <span class='ocrx_word' id='word_1_434' title='bbox 1426 915 1457 949; x_wconf 86' lang='grc' dir='ltr'>τῇ</span> <span class='ocrx_word' id='word_1_435' title='bbox 1479 915 1588 950; x_wconf 83' lang='grc' dir='ltr'><strong>γλώττῃ</strong></span> <span class='ocrx_word' id='word_1_436' title='bbox 1610 923 1662 949; x_wconf 69' lang='grc' dir='ltr'><strong>μου</strong></span> <span class='ocrx_word' id='word_1_437' title='bbox 1681 915 1816 949; x_wconf 67' lang='grc' dir='ltr'>διαφορὰν</span> <span class='ocrx_word' id='word_1_438' title='bbox 1829 914 1889 950; x_wconf 81' lang='grc' dir='ltr'>ἔχει</span> 
     </span>
    </p>
   </div>
   <div class='ocr_carea' id='block_1_64' title="bbox 1098 960 1889 996">
    <p class='ocr_par' dir='ltr' id='par_1_64' title="bbox 1098 960 1889 996">
     <span class='ocr_line' id='line_1_64' title="bbox 1098 960 1889 996; baseline 0.001 -10"><span class='ocrx_word' id='word_1_439' title='bbox 1098 961 1132 987; x_wconf 74' lang='grc' dir='ltr'>τὰ</span> <span class='ocrx_word' id='word_1_440' title='bbox 1149 961 1253 994; x_wconf 80' lang='grc' dir='ltr'><strong>γλυκέα</strong></span> <span class='ocrx_word' id='word_1_441' title='bbox 1273 961 1341 996; x_wconf 74' lang='grc' dir='ltr'>πρὸς</span> <span class='ocrx_word' id='word_1_442' title='bbox 1360 960 1394 987; x_wconf 81' lang='grc' dir='ltr'><strong>τὰ.</strong></span> <span class='ocrx_word' id='word_1_443' title='bbox 1412 961 1517 995; x_wconf 73' lang='grc' dir='ltr'>πικρά·</span> <span class='ocrx_word' id='word_1_444' title='bbox 1530 961 1603 987; x_wconf 72' lang='grc' dir='ltr'>οὕτω</span> <span class='ocrx_word' id='word_1_445' title='bbox 1620 961 1674 996; x_wconf 81' lang='grc' dir='ltr'>γὰρ</span> <span class='ocrx_word' id='word_1_446' title='bbox 1692 961 1839 994; x_wconf 73' lang='grc' dir='ltr'>ἠλλοίωται</span> <span class='ocrx_word' id='word_1_447' title='bbox 1857 962 1889 987; x_wconf 81' lang='grc' dir='ltr'><strong>τὺ</strong></span> 
     </span>
    </p>
   </div>
   <div class='ocr_carea' id='block_1_65' title="bbox 1098 1006 1888 1042">
    <p class='ocr_par' dir='ltr' id='par_1_65' title="bbox 1098 1006 1888 1042">
     <span class='ocr_line' id='line_1_65' title="bbox 1098 1006 1888 1042; baseline 0.001 -10"><span class='ocrx_word' id='word_1_448' title='bbox 1098 1008 1154 1034; x_wconf 80' lang='grc' dir='ltr'>πᾶν</span> <span class='ocrx_word' id='word_1_449' title='bbox 1166 1007 1256 1040; x_wconf 77' lang='grc' dir='ltr'>σῶμα,</span> <span class='ocrx_word' id='word_1_450' title='bbox 1271 1007 1312 1033; x_wconf 79' lang='grc' dir='ltr'>ὅτι</span> <span class='ocrx_word' id='word_1_451' title='bbox 1329 1007 1377 1033; x_wconf 75' lang='grc' dir='ltr'>καὶ</span> <span class='ocrx_word' id='word_1_452' title='bbox 1391 1007 1445 1033; x_wconf 75' lang='grc' dir='ltr'><strong>τῶν</strong></span> <span class='ocrx_word' id='word_1_453' title='bbox 1458 1006 1569 1042; x_wconf 79' lang='grc' dir='ltr'>θερμῶν</span> <span class='ocrx_word' id='word_1_454' title='bbox 1583 1007 1738 1042; x_wconf 73' lang='grc' dir='ltr'><strong>ἁπτόμενος</strong></span> <span class='ocrx_word' id='word_1_455' title='bbox 1751 1007 1888 1042; x_wconf 71' lang='grc' dir='ltr'>ψύχεσθαι</span> 
     </span>
    </p>
   </div>
   <div class='ocr_carea' id='block_1_66' title="bbox 1097 1051 1887 1087">
    <p class='ocr_par' dir='ltr' id='par_1_66' title="bbox 1097 1051 1887 1087">
     <span class='ocr_line' id='line_1_66' title="bbox 1097 1051 1887 1087; baseline 0.001 -10"><span class='ocrx_word' id='word_1_456' title='bbox 1097 1051 1180 1084; x_wconf 75' lang='grc' dir='ltr'>δοκῶ,</span> <span class='ocrx_word' id='word_1_457' title='bbox 1212 1052 1260 1078; x_wconf 74' lang='grc' dir='ltr'><strong>καὶ</strong></span> <span class='ocrx_word' id='word_1_458' title='bbox 1282 1054 1339 1083; x_wconf 79' lang='grc' dir='ltr'>τοῖς</span> <span class='ocrx_word' id='word_1_459' title='bbox 1370 1051 1484 1086; x_wconf 59' lang='grc' dir='ltr'>ψυχραῖς</span> <span class='ocrx_word' id='word_1_460' title='bbox 1508 1051 1679 1086; x_wconf 78' lang='grc' dir='ltr'>κολλώμενος</span> <span class='ocrx_word' id='word_1_461' title='bbox 1699 1052 1887 1087; x_wconf 73' lang='grc' dir='ltr'>ὑπολαμϐάνω</span> 
     </span>
    </p>
   </div>
   <div class='ocr_carea' id='block_1_67' title="bbox 1097 1095 1888 1134">
    <p class='ocr_par' dir='ltr' id='par_1_67' title="bbox 1097 1095 1888 1134">
     <span class='ocr_line' id='line_1_67' title="bbox 1097 1095 1888 1134; baseline 0.001 -10"><span class='ocrx_word' id='word_1_462' title='bbox 1097 1098 1296 1132; x_wconf 76' lang='grc' dir='ltr'>θερμαίνεσθαι</span> <span class='ocrx_word' id='word_1_463' title='bbox 1322 1107 1329 1113; x_wconf 94' lang='grc'><strong>·</strong></span> <span class='ocrx_word' id='word_1_464' title='bbox 1352 1095 1423 1132; x_wconf 79' lang='grc' dir='ltr'>ὦμοι</span> <span class='ocrx_word' id='word_1_465' title='bbox 1450 1098 1478 1125; x_wconf 82' lang='grc' dir='ltr'>δὲ</span> <span class='ocrx_word' id='word_1_466' title='bbox 1501 1099 1549 1125; x_wconf 64' lang='grc' dir='ltr'><strong>καὶ</strong></span> <span class='ocrx_word' id='word_1_467' title='bbox 1573 1099 1698 1133; x_wconf 78' lang='grc' dir='ltr'>ἁγκῶνες</span> <span class='ocrx_word' id='word_1_468' title='bbox 1723 1099 1771 1125; x_wconf 79' lang='grc' dir='ltr'>καὶ</span> <span class='ocrx_word' id='word_1_469' title='bbox 1795 1100 1888 1134; x_wconf 83' lang='grc' dir='ltr'>χεῖρες</span> 
     </span>
    </p>
   </div>
   <div class='ocr_carea' id='block_1_68' title="bbox 1096 1144 1888 1181">
    <p class='ocr_par' dir='ltr' id='par_1_68' title="bbox 1096 1144 1888 1181">
     <span class='ocr_line' id='line_1_68' title="bbox 1096 1144 1888 1181; baseline 0.003 -11"><span class='ocrx_word' id='word_1_470' title='bbox 1096 1144 1306 1180; x_wconf 78' lang='grc' dir='ltr'>ἁποκρέμιινται</span> <span class='ocrx_word' id='word_1_471' title='bbox 1327 1145 1409 1179; x_wconf 66' lang='grc' dir='ltr'>μόνον</span> <span class='ocrx_word' id='word_1_472' title='bbox 1423 1144 1469 1171; x_wconf 91' lang='grc' dir='ltr'><strong>τοῦ</strong></span> <span class='ocrx_word' id='word_1_473' title='bbox 1495 1145 1620 1179; x_wconf 82' lang='grc' dir='ltr'>σώματος</span> <span class='ocrx_word' id='word_1_474' title='bbox 1635 1145 1758 1180; x_wconf 80' lang='grc' dir='ltr'>ἁεργείς.</span> <span class='ocrx_word' id='word_1_475' title='bbox 1777 1146 1853 1181; x_wconf 76' lang='grc' dir='ltr'>Ὂπη</span> <span class='ocrx_word' id='word_1_476' title='bbox 1865 1146 1888 1172; x_wconf 82' lang='grc' dir='ltr'>δ’</span> 
     </span>
    </p>
   </div>
   <div class='ocr_carea' id='block_1_69' title="bbox 1096 1191 1884 1228">
    <p class='ocr_par' dir='ltr' id='par_1_69' title="bbox 1096 1191 1884 1228">
     <span class='ocr_line' id='line_1_69' title="bbox 1096 1191 1884 1228; baseline 0.005 -12"><span class='ocrx_word' id='word_1_477' title='bbox 1096 1191 1130 1216; x_wconf 77' lang='grc' dir='ltr'>ἂν</span> <span class='ocrx_word' id='word_1_478' title='bbox 1144 1191 1160 1225; x_wconf 85' lang='grc' dir='ltr'><strong>ἡ</strong></span> <span class='ocrx_word' id='word_1_479' title='bbox 1175 1191 1283 1226; x_wconf 83' lang='grc' dir='ltr'>κίνησις</span> <span class='ocrx_word' id='word_1_480' title='bbox 1297 1191 1371 1225; x_wconf 81' lang='grc' dir='ltr'>ἄγοι,</span> <span class='ocrx_word' id='word_1_481' title='bbox 1383 1191 1516 1226; x_wconf 70' lang='grc' dir='ltr'>φέρομαι,</span> <span class='ocrx_word' id='word_1_482' title='bbox 1532 1192 1582 1226; x_wconf 79' lang='grc' dir='ltr'><strong>οὐχ</strong></span> <span class='ocrx_word' id='word_1_483' title='bbox 1601 1192 1655 1227; x_wconf 88' lang='grc' dir='ltr'>ὂπη</span> <span class='ocrx_word' id='word_1_484' title='bbox 1673 1191 1803 1228; x_wconf 80' lang='grc' dir='ltr'>βούλησις</span> <span class='ocrx_word' id='word_1_485' title='bbox 1818 1193 1884 1228; x_wconf 69' lang='grc' dir='ltr'><strong>ἐμή.</strong></span> 
     </span>
    </p>
   </div>
   <div class='ocr_carea' id='block_1_70' title="bbox 1097 1236 1887 1273">
    <p class='ocr_par' dir='ltr' id='par_1_70' title="bbox 1097 1236 1887 1273">
     <span class='ocr_line' id='line_1_70' title="bbox 1097 1236 1887 1273; baseline 0.004 -11"><span class='ocrx_word' id='word_1_486' title='bbox 1097 1236 1157 1263; x_wconf 76' lang='grc' dir='ltr'><strong>Κᾶν</strong></span> <span class='ocrx_word' id='word_1_487' title='bbox 1171 1237 1227 1271; x_wconf 75' lang='grc' dir='ltr'><strong>γὰρ</strong></span> <span class='ocrx_word' id='word_1_488' title='bbox 1243 1237 1273 1263; x_wconf 74' lang='grc' dir='ltr'>τὸ</span> <span class='ocrx_word' id='word_1_489' title='bbox 1299 1237 1389 1263; x_wconf 80' lang='grc' dir='ltr'>θέλειν</span> <span class='ocrx_word' id='word_1_490' title='bbox 1408 1246 1453 1272; x_wconf 83' lang='grc' dir='ltr'><strong>μοι</strong></span> <span class='ocrx_word' id='word_1_491' title='bbox 1475 1239 1562 1273; x_wconf 79' lang='grc' dir='ltr'>παρῇ,</span> <span class='ocrx_word' id='word_1_492' title='bbox 1578 1238 1608 1265; x_wconf 75' lang='grc' dir='ltr'>τὸ</span> <span class='ocrx_word' id='word_1_493' title='bbox 1623 1238 1754 1265; x_wconf 82' lang='grc' dir='ltr'>δύνασθαι</span> <span class='ocrx_word' id='word_1_494' title='bbox 1771 1240 1802 1266; x_wconf 76' lang='grc' dir='ltr'>οὐ</span> <span class='ocrx_word' id='word_1_495' title='bbox 1824 1247 1887 1265; x_wconf 83' lang='grc' dir='ltr'>συν-</span> 
     </span>
    </p>
   </div>
   <div class='ocr_carea' id='block_1_71' title="bbox 1095 1283 1886 1321">
    <p class='ocr_par' dir='ltr' id='par_1_71' title="bbox 1095 1283 1886 1321">
     <span class='ocr_line' id='line_1_71' title="bbox 1095 1283 1886 1321; baseline 0.004 -12"><span class='ocrx_word' id='word_1_496' title='bbox 1095 1283 1201 1318; x_wconf 83' lang='grc' dir='ltr'>τρέχει.</span> <span class='ocrx_word' id='word_1_497' title='bbox 1214 1283 1319 1310; x_wconf 85' lang='grc' dir='ltr'>Ταυτδν</span> <span class='ocrx_word' id='word_1_498' title='bbox 1331 1284 1359 1310; x_wconf 80' lang='grc' dir='ltr'>δὲ</span> <span class='ocrx_word' id='word_1_499' title='bbox 1374 1286 1473 1319; x_wconf 80' lang='grc' dir='ltr'>πάσχω</span> <span class='ocrx_word' id='word_1_500' title='bbox 1488 1286 1536 1311; x_wconf 76' lang='grc' dir='ltr'><strong>καὶ</strong></span> <span class='ocrx_word' id='word_1_501' title='bbox 1553 1285 1617 1320; x_wconf 74' lang='grc' dir='ltr'>περὶ</span> <span class='ocrx_word' id='word_1_502' title='bbox 1630 1286 1693 1316; x_wconf 82' lang='grc' dir='ltr'>τοὺς</span> <span class='ocrx_word' id='word_1_503' title='bbox 1706 1286 1824 1321; x_wconf 78' lang='grc' dir='ltr'>μηροὺς,</span> <span class='ocrx_word' id='word_1_504' title='bbox 1839 1287 1886 1312; x_wconf 81' lang='grc' dir='ltr'><strong>καὶ</strong></span> 
     </span>
    </p>
   </div>
   <div class='ocr_carea' id='block_1_72' title="bbox 1095 1330 1886 1365">
    <p class='ocr_par' dir='ltr' id='par_1_72' title="bbox 1095 1330 1886 1365">
     <span class='ocr_line' id='line_1_72' title="bbox 1095 1330 1886 1365; baseline 0.006 -10"><span class='ocrx_word' id='word_1_505' title='bbox 1095 1330 1130 1356; x_wconf 76' lang='grc' dir='ltr'><strong>τὰ</strong></span> <span class='ocrx_word' id='word_1_506' title='bbox 1148 1330 1261 1364; x_wconf 79' lang='grc' dir='ltr'>γόνατα,</span> <span class='ocrx_word' id='word_1_507' title='bbox 1281 1330 1329 1357; x_wconf 77' lang='grc' dir='ltr'>καὶ</span> <span class='ocrx_word' id='word_1_508' title='bbox 1346 1331 1395 1362; x_wconf 77' lang='grc' dir='ltr'><strong>τὰς</strong></span> <span class='ocrx_word' id='word_1_509' title='bbox 1410 1331 1545 1365; x_wconf 81' lang='grc' dir='ltr'><strong>ἀγκάλας,</strong></span> <span class='ocrx_word' id='word_1_510' title='bbox 1563 1332 1609 1358; x_wconf 74' lang='grc' dir='ltr'>καὶ</span> <span class='ocrx_word' id='word_1_511' title='bbox 1624 1332 1710 1364; x_wconf 74' lang='grc' dir='ltr'>αὐτὰς</span> <span class='ocrx_word' id='word_1_512' title='bbox 1727 1332 1784 1359; x_wconf 84' lang='grc' dir='ltr'>τῶν</span> <span class='ocrx_word' id='word_1_513' title='bbox 1795 1332 1886 1360; x_wconf 82' lang='grc' dir='ltr'>ποδῶν</span> 
     </span>
    </p>
   </div>
   <div class='ocr_carea' id='block_1_73' title="bbox 1095 1376 1884 1413">
    <p class='ocr_par' dir='ltr' id='par_1_73' title="bbox 1095 1376 1884 1413">
     <span class='ocr_line' id='line_1_73' title="bbox 1095 1376 1884 1413; baseline 0.004 -11"><span class='ocrx_word' id='word_1_514' title='bbox 1095 1377 1146 1407; x_wconf 76' lang='grc' dir='ltr'><strong>τὰς</strong></span> <span class='ocrx_word' id='word_1_515' title='bbox 1170 1376 1276 1412; x_wconf 81' lang='grc' dir='ltr'>βάσεις.</span> <span class='ocrx_word' id='word_1_516' title='bbox 1302 1377 1349 1412; x_wconf 85' lang='grc' dir='ltr'>Τῷ</span> <span class='ocrx_word' id='word_1_517' title='bbox 1373 1378 1424 1412; x_wconf 76' lang='grc' dir='ltr'>μὲν</span> <span class='ocrx_word' id='word_1_518' title='bbox 1451 1379 1506 1413; x_wconf 84' lang='grc' dir='ltr'>γὰρ</span> <span class='ocrx_word' id='word_1_519' title='bbox 1528 1379 1672 1412; x_wconf 77' lang='grc' dir='ltr'>φαίνεσθαι</span> <span class='ocrx_word' id='word_1_520' title='bbox 1689 1379 1744 1413; x_wconf 72' lang='grc' dir='ltr'>ἐμὰ</span> <span class='ocrx_word' id='word_1_521' title='bbox 1759 1379 1884 1406; x_wconf 73' lang='grc' dir='ltr'>δοκοῦσιν</span> 
     </span>
    </p>
   </div>
   <div class='ocr_carea' id='block_1_74' title="bbox 1095 1420 1884 1460">
    <p class='ocr_par' dir='ltr' id='par_1_74' title="bbox 1095 1420 1884 1460">
     <span class='ocr_line' id='line_1_74' title="bbox 1095 1420 1884 1460; baseline 0.005 -12"><span class='ocrx_word' id='word_1_522' title='bbox 1095 1420 1166 1449; x_wconf 80' lang='grc' dir='ltr'>εἶναι</span> <span class='ocrx_word' id='word_1_523' title='bbox 1179 1423 1266 1449; x_wconf 85' lang='grc' dir='ltr'>ταῦτα</span> <span class='ocrx_word' id='word_1_524' title='bbox 1281 1423 1317 1450; x_wconf 77' lang='grc' dir='ltr'>τὰ</span> <span class='ocrx_word' id='word_1_525' title='bbox 1341 1424 1420 1459; x_wconf 75' lang='grc' dir='ltr'>μέλη,</span> <span class='ocrx_word' id='word_1_526' title='bbox 1439 1425 1480 1460; x_wconf 85' lang='grc' dir='ltr'><strong>τῷ</strong></span> <span class='ocrx_word' id='word_1_527' title='bbox 1503 1425 1532 1451; x_wconf 79' lang='grc' dir='ltr'>δὲ</span> <span class='ocrx_word' id='word_1_528' title='bbox 1549 1425 1674 1460; x_wconf 67' lang='grc' dir='ltr'>ἐνεργεῖν</span> <span class='ocrx_word' id='word_1_529' title='bbox 1699 1425 1782 1452; x_wconf 73' lang='grc' dir='ltr'>ἄλλου</span> <span class='ocrx_word' id='word_1_530' title='bbox 1799 1426 1884 1459; x_wconf 67' lang='grc' dir='ltr'>τινος,</span> 
     </span>
    </p>
   </div>
   <div class='ocr_carea' id='block_1_75' title="bbox 1095 1468 1882 1508">
    <p class='ocr_par' dir='ltr' id='par_1_75' title="bbox 1095 1468 1882 1508">
     <span class='ocr_line' id='line_1_75' title="bbox 1095 1468 1882 1508; baseline 0.006 -14"><span class='ocrx_word' id='word_1_531' title='bbox 1095 1469 1144 1494; x_wconf 78' lang='grc' dir='ltr'><strong>καὶ</strong></span> <span class='ocrx_word' id='word_1_532' title='bbox 1168 1469 1220 1495; x_wconf 83' lang='grc' dir='ltr'><strong>οὐκ</strong></span> <span class='ocrx_word' id='word_1_533' title='bbox 1243 1469 1309 1504; x_wconf 72' lang='grc' dir='ltr'><strong>ἐμά.</strong></span> <span class='ocrx_word' id='word_1_534' title='bbox 1327 1469 1360 1495; x_wconf 87' lang='grc' dir='ltr'>Τί</span> <span class='ocrx_word' id='word_1_535' title='bbox 1385 1468 1434 1496; x_wconf 79' lang='grc' dir='ltr'>οὖν</span> <span class='ocrx_word' id='word_1_536' title='bbox 1456 1470 1527 1506; x_wconf 71' lang='grc' dir='ltr'>ἔχεις</span> <span class='ocrx_word' id='word_1_537' title='bbox 1545 1468 1658 1506; x_wconf 76' lang='grc' dir='ltr'>ήμίν,ὧ</span> <span class='ocrx_word' id='word_1_538' title='bbox 1679 1471 1746 1507; x_wconf 80' lang='grc' dir='ltr'>φίλη</span> <span class='ocrx_word' id='word_1_539' title='bbox 1764 1473 1882 1508; x_wconf 72' lang='grc' dir='ltr'><strong>κεφαλὴ.</strong></span> 
     </span>
    </p>
   </div>
   <div class='ocr_carea' id='block_1_76' title="bbox 1095 1515 1884 1555">
    <p class='ocr_par' dir='ltr' id='par_1_76' title="bbox 1095 1515 1884 1555">
     <span class='ocr_line' id='line_1_76' title="bbox 1095 1515 1884 1555; baseline 0.006 -14"><span class='ocrx_word' id='word_1_540' title='bbox 1095 1515 1311 1550; x_wconf 75' lang='grc' dir='ltr'>συμϐουλεῦσαι,</span> <span class='ocrx_word' id='word_1_541' title='bbox 1329 1516 1346 1552; x_wconf 84' lang='grc' dir='ltr'>ἢ</span> <span class='ocrx_word' id='word_1_542' title='bbox 1364 1517 1489 1551; x_wconf 68' lang='grc' dir='ltr'>ποιῆσαι,</span> <span class='ocrx_word' id='word_1_543' title='bbox 1506 1517 1627 1553; x_wconf 84' lang='grc' dir='ltr'>τοσούτῳ</span> <span class='ocrx_word' id='word_1_544' title='bbox 1649 1518 1727 1553; x_wconf 81' lang='grc' dir='ltr'>κακῴ</span> <span class='ocrx_word' id='word_1_545' title='bbox 1738 1519 1788 1546; x_wconf 74' lang='grc' dir='ltr'><strong>καὶ</strong></span> <span class='ocrx_word' id='word_1_546' title='bbox 1803 1527 1884 1555; x_wconf 78' lang='grc' dir='ltr'>νοση-</span> 
     </span>
    </p>
   </div>
   <div class='ocr_carea' id='block_1_77' title="bbox 1057 1561 1560 1605">
    <p class='ocr_par' dir='ltr' id='par_1_77' title="bbox 1057 1561 1560 1605">
     <span class='ocr_line' id='line_1_77' title="bbox 1057 1561 1560 1605; baseline 0.004 -19"><span class='ocrx_word' id='word_1_547' title='bbox 1057 1577 1080 1605; x_wconf 74' lang='lat' dir='ltr'><strong>c</strong></span> <span class='ocrx_word' id='word_1_548' title='bbox 1098 1562 1191 1595; x_wconf 75' lang='grc' dir='ltr'>μάτων</span> <span class='ocrx_word' id='word_1_549' title='bbox 1202 1561 1317 1596; x_wconf 83' lang='grc' dir='ltr'><strong>πελάγει</strong></span> <span class='ocrx_word' id='word_1_550' title='bbox 1332 1562 1560 1597; x_wconf 74' lang='grc' dir='ltr'>βεϐυθισμένοις;</span> 
     </span>
    </p>
   </div>
   <div class='ocr_carea' id='block_1_78' title="bbox 1132 1605 1881 1645">
    <p class='ocr_par' dir='ltr' id='par_1_78' title="bbox 1132 1605 1881 1645">
     <span class='ocr_line' id='line_1_78' title="bbox 1132 1605 1881 1645; baseline 0.007 -13"><span class='ocrx_word' id='word_1_551' title='bbox 1132 1605 1178 1640; x_wconf 88' lang='grc' dir='ltr'>ιγ’,</span> <span class='ocrx_word' id='word_1_552' title='bbox 1199 1605 1228 1632; x_wconf 91' lang='lat' dir='ltr'><strong>&#39;O</strong></span> <span class='ocrx_word' id='word_1_553' title='bbox 1243 1606 1271 1633; x_wconf 77' lang='grc' dir='ltr'>δὲ</span> <span class='ocrx_word' id='word_1_554' title='bbox 1292 1607 1404 1642; x_wconf 74' lang='grc' dir='ltr'>γνήσιος</span> <span class='ocrx_word' id='word_1_555' title='bbox 1419 1607 1500 1643; x_wconf 80' lang='grc' dir='ltr'>δῆθεν</span> <span class='ocrx_word' id='word_1_556' title='bbox 1517 1608 1675 1644; x_wconf 82' lang='grc' dir='ltr'>Δημήτριος</span> <span class='ocrx_word' id='word_1_557' title='bbox 1691 1609 1860 1645; x_wconf 76' lang='grc' dir='ltr'>ἀπεκρίνατο</span> <span class='ocrx_word' id='word_1_558' title='bbox 1875 1619 1881 1626; x_wconf 92' lang='grc'>·</span> 
     </span>
    </p>
   </div>
   <div class='ocr_carea' id='block_1_79' title="bbox 1097 1653 1883 1691">
    <p class='ocr_par' dir='ltr' id='par_1_79' title="bbox 1097 1653 1883 1691">
     <span class='ocr_line' id='line_1_79' title="bbox 1097 1653 1883 1691; baseline 0.006 -12"><span class='ocrx_word' id='word_1_559' title='bbox 1097 1653 1208 1687; x_wconf 85' lang='grc' dir='ltr'>Πρῶτον</span> <span class='ocrx_word' id='word_1_560' title='bbox 1224 1653 1273 1688; x_wconf 78' lang='grc' dir='ltr'>μὲν</span> <span class='ocrx_word' id='word_1_561' title='bbox 1289 1653 1421 1687; x_wconf 83' lang='grc' dir='ltr'>εὐθυμεῖν</span> <span class='ocrx_word' id='word_1_562' title='bbox 1443 1662 1486 1680; x_wconf 86' lang='grc' dir='ltr'><strong>σοι</strong></span> <span class='ocrx_word' id='word_1_563' title='bbox 1510 1654 1649 1690; x_wconf 78' lang='grc' dir='ltr'><strong>παραινῶ,</strong></span> <span class='ocrx_word' id='word_1_564' title='bbox 1677 1655 1726 1682; x_wconf 75' lang='grc' dir='ltr'><strong>καὶ</strong></span> <span class='ocrx_word' id='word_1_565' title='bbox 1747 1657 1784 1691; x_wconf 82' lang='grc' dir='ltr'>μὴ</span> <span class='ocrx_word' id='word_1_566' title='bbox 1797 1665 1883 1684; x_wconf 82' lang='grc' dir='ltr'>κατα-</span> 
     </span>
    </p>
   </div>
   <div class='ocr_carea' id='block_1_80' title="bbox 1095 1699 1883 1738">
    <p class='ocr_par' dir='ltr' id='par_1_80' title="bbox 1095 1699 1883 1738">
     <span class='ocr_line' id='line_1_80' title="bbox 1095 1699 1883 1738; baseline 0.006 -13"><span class='ocrx_word' id='word_1_567' title='bbox 1095 1699 1249 1733; x_wconf 78' lang='grc' dir='ltr'>χώννυσθαι</span> <span class='ocrx_word' id='word_1_568' title='bbox 1263 1699 1364 1731; x_wconf 68' lang='grc' dir='ltr'>λύπαις</span> <span class='ocrx_word' id='word_1_569' title='bbox 1382 1699 1576 1735; x_wconf 79' lang='grc' dir='ltr'>ψυχοφθόροις.</span> <span class='ocrx_word' id='word_1_570' title='bbox 1595 1702 1635 1733; x_wconf 72' lang='grc' dir='ltr'>εἰς</span> <span class='ocrx_word' id='word_1_571' title='bbox 1643 1701 1693 1737; x_wconf 82' lang='grc' dir='ltr'>τὴν</span> <span class='ocrx_word' id='word_1_572' title='bbox 1709 1703 1838 1738; x_wconf 80' lang='grc' dir='ltr'>πρόνοιαν</span> <span class='ocrx_word' id='word_1_573' title='bbox 1853 1704 1883 1730; x_wconf 78' lang='lat' dir='ltr'><strong>d-</strong></span> 
     </span>
    </p>
   </div>
   <div class='ocr_carea' id='block_1_81' title="bbox 1095 1744 1880 1781">
    <p class='ocr_par' dir='ltr' id='par_1_81' title="bbox 1095 1744 1880 1781">
     <span class='ocr_line' id='line_1_81' title="bbox 1095 1744 1880 1781; baseline 0.006 -11"><span class='ocrx_word' id='word_1_574' title='bbox 1095 1744 1187 1779; x_wconf 77' lang='grc' dir='ltr'>φορῶν</span> <span class='ocrx_word' id='word_1_575' title='bbox 1197 1746 1248 1780; x_wconf 78' lang='grc' dir='ltr'><strong>τὴν</strong></span> <span class='ocrx_word' id='word_1_576' title='bbox 1258 1745 1304 1771; x_wconf 86' lang='grc' dir='ltr'><strong>τοῦ</strong></span> <span class='ocrx_word' id='word_1_577' title='bbox 1319 1745 1486 1781; x_wconf 76' lang='grc' dir='ltr'>δημιουργοῦ</span> <span class='ocrx_word' id='word_1_578' title='bbox 1499 1747 1555 1772; x_wconf 83' lang='grc' dir='ltr'>τῶν</span> <span class='ocrx_word' id='word_1_579' title='bbox 1563 1746 1692 1774; x_wconf 82' lang='grc' dir='ltr'>ἁπάντων</span> <span class='ocrx_word' id='word_1_580' title='bbox 1700 1747 1779 1774; x_wconf 85' lang='grc' dir='ltr'><strong>Θεοῦ.</strong></span> <span class='ocrx_word' id='word_1_581' title='bbox 1796 1746 1880 1775; x_wconf 78' lang='grc' dir='ltr'>οἶσθα</span> 
     </span>
    </p>
   </div>
   <div class='ocr_carea' id='block_1_82' title="bbox 1094 1789 1882 1828">
    <p class='ocr_par' dir='ltr' id='par_1_82' title="bbox 1094 1789 1882 1828">
     <span class='ocr_line' id='line_1_82' title="bbox 1094 1789 1882 1828; baseline 0.004 -12"><span class='ocrx_word' id='word_1_582' title='bbox 1094 1791 1148 1825; x_wconf 86' lang='grc' dir='ltr'>γὰρ</span> <span class='ocrx_word' id='word_1_583' title='bbox 1164 1791 1212 1817; x_wconf 72' lang='grc' dir='ltr'>καὶ</span> <span class='ocrx_word' id='word_1_584' title='bbox 1234 1789 1316 1822; x_wconf 72' lang='grc' dir='ltr'>αὐτὸς</span> <span class='ocrx_word' id='word_1_585' title='bbox 1330 1790 1366 1822; x_wconf 83' lang='grc' dir='ltr'>ὡς</span> <span class='ocrx_word' id='word_1_586' title='bbox 1385 1791 1480 1817; x_wconf 71' lang='grc' dir='ltr'>ἅπασα</span> <span class='ocrx_word' id='word_1_587' title='bbox 1498 1791 1586 1824; x_wconf 76' lang='grc' dir='ltr'>νόσος,</span> <span class='ocrx_word' id='word_1_588' title='bbox 1608 1793 1642 1826; x_wconf 83' lang='grc' dir='ltr'>τῇ</span> <span class='ocrx_word' id='word_1_589' title='bbox 1656 1794 1824 1828; x_wconf 76' lang='grc' dir='ltr'>προνοητικῇ</span> <span class='ocrx_word' id='word_1_590' title='bbox 1838 1793 1882 1820; x_wconf 81' lang='grc' dir='ltr'>δυ-</span> 
     </span>
    </p>
   </div>
   <div class='ocr_carea' id='block_1_83' title="bbox 1095 1837 1881 1874">
    <p class='ocr_par' dir='ltr' id='par_1_83' title="bbox 1095 1837 1881 1874">
     <span class='ocr_line' id='line_1_83' title="bbox 1095 1837 1881 1874; baseline 0.005 -12"><span class='ocrx_word' id='word_1_591' title='bbox 1095 1837 1177 1872; x_wconf 82' lang='grc' dir='ltr'>νάμει</span> <span class='ocrx_word' id='word_1_592' title='bbox 1193 1837 1240 1862; x_wconf 86' lang='grc' dir='ltr'><strong>τοῦ</strong></span> <span class='ocrx_word' id='word_1_593' title='bbox 1257 1837 1402 1868; x_wconf 80' lang='grc' dir='ltr'>κτίσαντος</span> <span class='ocrx_word' id='word_1_594' title='bbox 1416 1838 1492 1872; x_wconf 81' lang='grc' dir='ltr'>ἡμᾶς</span> <span class='ocrx_word' id='word_1_595' title='bbox 1503 1838 1722 1874; x_wconf 79' lang='grc' dir='ltr'>συγχωρουμένη</span> <span class='ocrx_word' id='word_1_596' title='bbox 1736 1840 1881 1874; x_wconf 75' lang='grc' dir='ltr'>προσγίνε-</span> 
     </span>
    </p>
   </div>
   <div class='ocr_carea' id='block_1_84' title="bbox 1095 1882 1879 1921">
    <p class='ocr_par' dir='ltr' id='par_1_84' title="bbox 1095 1882 1879 1921">
     <span class='ocr_line' id='line_1_84' title="bbox 1095 1882 1879 1921; baseline 0.004 -12"><span class='ocrx_word' id='word_1_597' title='bbox 1095 1882 1157 1910; x_wconf 89' lang='grc' dir='ltr'>σθαι</span> <span class='ocrx_word' id='word_1_598' title='bbox 1181 1883 1224 1909; x_wconf 75' lang='grc' dir='ltr'><strong>ἐπ’</strong></span> <span class='ocrx_word' id='word_1_599' title='bbox 1245 1883 1365 1918; x_wconf 72' lang='grc' dir='ltr'>ὠφελείᾳ.</span> <span class='ocrx_word' id='word_1_600' title='bbox 1380 1882 1427 1909; x_wconf 78' lang='grc' dir='ltr'><strong>τοῦ</strong></span> <span class='ocrx_word' id='word_1_601' title='bbox 1443 1883 1587 1915; x_wconf 78' lang='grc' dir='ltr'>νοσοῦντος</span> <span class='ocrx_word' id='word_1_602' title='bbox 1607 1884 1764 1918; x_wconf 74' lang='grc' dir='ltr'>ἐγγίνεται·</span> <span class='ocrx_word' id='word_1_603' title='bbox 1782 1886 1807 1912; x_wconf 79' lang='lat' dir='ltr'><strong>si</strong></span> <span class='ocrx_word' id='word_1_604' title='bbox 1825 1886 1879 1921; x_wconf 72' lang='grc' dir='ltr'>γὰρ</span> 
     </span>
    </p>
   </div>
   <div class='ocr_carea' id='block_1_85' title="bbox 1093 1929 1879 1968">
    <p class='ocr_par' dir='ltr' id='par_1_85' title="bbox 1093 1929 1879 1968">
     <span class='ocr_line' id='line_1_85' title="bbox 1093 1929 1879 1968; baseline 0.005 -13"><span class='ocrx_word' id='word_1_605' title='bbox 1093 1929 1198 1960; x_wconf 76' lang='grc' dir='ltr'>δίκαιός</span> <span class='ocrx_word' id='word_1_606' title='bbox 1213 1931 1283 1962; x_wconf 75' lang='grc' dir='ltr'>ἐστι,</span> <span class='ocrx_word' id='word_1_607' title='bbox 1295 1930 1343 1956; x_wconf 76' lang='grc' dir='ltr'>καὶ</span> <span class='ocrx_word' id='word_1_608' title='bbox 1357 1930 1542 1964; x_wconf 82' lang='grc' dir='ltr'>συγχωρεῐται</span> <span class='ocrx_word' id='word_1_609' title='bbox 1557 1932 1657 1964; x_wconf 74' lang='grc' dir='ltr'>νοσεῖν,</span> <span class='ocrx_word' id='word_1_610' title='bbox 1679 1931 1725 1958; x_wconf 74' lang='grc' dir='ltr'><strong>ἵνα</strong></span> <span class='ocrx_word' id='word_1_611' title='bbox 1741 1932 1778 1968; x_wconf 83' lang='grc' dir='ltr'>μὴ</span> <span class='ocrx_word' id='word_1_612' title='bbox 1795 1932 1879 1968; x_wconf 75' lang='grc' dir='ltr'>ὑπερ-</span> 
     </span>
    </p>
   </div>
   <div class='ocr_carea' id='block_1_86' title="bbox 1093 1974 1878 2011">
    <p class='ocr_par' dir='ltr' id='par_1_86' title="bbox 1093 1974 1878 2011">
     <span class='ocr_line' id='line_1_86' title="bbox 1093 1974 1878 2011; baseline 0.003 -11"><span class='ocrx_word' id='word_1_613' title='bbox 1093 1974 1215 2008; x_wconf 83' lang='grc' dir='ltr'>αίρηται,</span> <span class='ocrx_word' id='word_1_614' title='bbox 1245 1974 1345 2008; x_wconf 81' lang='grc' dir='ltr'>μᾶλλον</span> <span class='ocrx_word' id='word_1_615' title='bbox 1365 1974 1393 2000; x_wconf 76' lang='grc' dir='ltr'>δὲ</span> <span class='ocrx_word' id='word_1_616' title='bbox 1414 1974 1458 2001; x_wconf 68' lang='grc' dir='ltr'><strong>ινα</strong></span> <span class='ocrx_word' id='word_1_617' title='bbox 1494 1975 1542 2001; x_wconf 76' lang='grc' dir='ltr'><strong>καὶ</strong></span> <span class='ocrx_word' id='word_1_618' title='bbox 1566 1975 1646 2002; x_wconf 70' lang='grc' dir='ltr'>πλέον</span> <span class='ocrx_word' id='word_1_619' title='bbox 1672 1975 1878 2011; x_wconf 75' lang='grc' dir='ltr'>λαμπρὺνηται,</span> 
     </span>
    </p>
   </div>
   <div class='ocr_carea' id='block_1_87' title="bbox 1092 2019 1878 2058">
    <p class='ocr_par' dir='ltr' id='par_1_87' title="bbox 1092 2019 1878 2058">
     <span class='ocr_line' id='line_1_87' title="bbox 1092 2019 1878 2058; baseline 0.003 -12"><span class='ocrx_word' id='word_1_620' title='bbox 1092 2019 1130 2050; x_wconf 77' lang='grc' dir='ltr'><strong>ὡς</strong></span> <span class='ocrx_word' id='word_1_621' title='bbox 1143 2022 1172 2046; x_wconf 82' lang='grc' dir='ltr'>ὲν</span> <span class='ocrx_word' id='word_1_622' title='bbox 1186 2020 1258 2055; x_wconf 70' lang='grc' dir='ltr'>χώνῃ</span> <span class='ocrx_word' id='word_1_623' title='bbox 1274 2020 1375 2055; x_wconf 57' lang='grc' dir='ltr'>χρυσὸς</span> <span class='ocrx_word' id='word_1_624' title='bbox 1387 2020 1425 2055; x_wconf 87' lang='grc' dir='ltr'>τῷ</span> <span class='ocrx_word' id='word_1_625' title='bbox 1440 2021 1508 2055; x_wconf 79' lang='grc' dir='ltr'>πυρὶ</span> <span class='ocrx_word' id='word_1_626' title='bbox 1519 2021 1662 2056; x_wconf 81' lang='grc' dir='ltr'>γινόμενο;</span> <span class='ocrx_word' id='word_1_627' title='bbox 1674 2022 1861 2058; x_wconf 79' lang='grc' dir='ltr'>δοκιμώτερος</span> <span class='ocrx_word' id='word_1_628' title='bbox 1871 2031 1878 2038; x_wconf 91' lang='grc'>·</span> 
     </span>
    </p>
   </div>
   <div class='ocr_carea' id='block_1_88' title="bbox 1093 2066 1879 2102">
    <p class='ocr_par' dir='ltr' id='par_1_88' title="bbox 1093 2066 1879 2102">
     <span class='ocr_line' id='line_1_88' title="bbox 1093 2066 1879 2102; baseline 0.005 -10"><span class='ocrx_word' id='word_1_629' title='bbox 1093 2067 1116 2092; x_wconf 83' lang='grc' dir='ltr'><strong>εί</strong></span> <span class='ocrx_word' id='word_1_630' title='bbox 1133 2066 1295 2101; x_wconf 71' lang='grc' dir='ltr'>ἁμαρτωλός</span> <span class='ocrx_word' id='word_1_631' title='bbox 1311 2068 1379 2100; x_wconf 76' lang='grc' dir='ltr'>ἐστι,</span> <span class='ocrx_word' id='word_1_632' title='bbox 1405 2067 1453 2093; x_wconf 70' lang='grc' dir='ltr'><strong>καὶ</strong></span> <span class='ocrx_word' id='word_1_633' title='bbox 1478 2068 1614 2102; x_wconf 74' lang='grc' dir='ltr'>παρεᾱται</span> <span class='ocrx_word' id='word_1_634' title='bbox 1629 2067 1765 2102; x_wconf 81' lang='grc' dir='ltr'>ἀσθενεῖν,</span> <span class='ocrx_word' id='word_1_635' title='bbox 1781 2069 1825 2095; x_wconf 80' lang='grc' dir='ltr'>ἵνα</span> <span class='ocrx_word' id='word_1_636' title='bbox 1839 2070 1879 2096; x_wconf 73' lang='grc' dir='ltr'><strong>ὲν-</strong></span> 
     </span>
    </p>
   </div>
   <div class='ocr_carea' id='block_1_89' title="bbox 1092 2112 1878 2147">
    <p class='ocr_par' dir='ltr' id='par_1_89' title="bbox 1092 2112 1878 2147">
     <span class='ocr_line' id='line_1_89' title="bbox 1092 2112 1878 2147; baseline 0.005 -9"><span class='ocrx_word' id='word_1_637' title='bbox 1092 2112 1179 2138; x_wconf 81' lang='grc' dir='ltr'>ταῦθα</span> <span class='ocrx_word' id='word_1_638' title='bbox 1204 2112 1257 2138; x_wconf 81' lang='grc' dir='ltr'>τῶν</span> <span class='ocrx_word' id='word_1_639' title='bbox 1273 2112 1550 2147; x_wconf 79' lang='grc' dir='ltr'>πεπλημμελημένων</span> <span class='ocrx_word' id='word_1_640' title='bbox 1570 2113 1633 2145; x_wconf 80' lang='grc' dir='ltr'>δοὺς</span> <span class='ocrx_word' id='word_1_641' title='bbox 1650 2114 1700 2145; x_wconf 70' lang='grc' dir='ltr'><strong>τὰς</strong></span> <span class='ocrx_word' id='word_1_642' title='bbox 1719 2113 1836 2146; x_wconf 77' lang='grc' dir='ltr'>εὐθύνας</span> <span class='ocrx_word' id='word_1_643' title='bbox 1851 2116 1878 2142; x_wconf 73' lang='grc' dir='ltr'>ὲν</span> 
     </span>
    </p>
   </div>
   <div class='ocr_carea' id='block_1_90' title="bbox 1091 2158 1878 2197">
    <p class='ocr_par' dir='ltr' id='par_1_90' title="bbox 1091 2158 1878 2197">
     <span class='ocr_line' id='line_1_90' title="bbox 1091 2158 1878 2197; baseline 0.004 -13"><span class='ocrx_word' id='word_1_644' title='bbox 1091 2159 1124 2193; x_wconf 82' lang='grc' dir='ltr'><strong>τῇ</strong></span> <span class='ocrx_word' id='word_1_645' title='bbox 1140 2158 1274 2193; x_wconf 80' lang='grc' dir='ltr'>μελλούσῃ</span> <span class='ocrx_word' id='word_1_646' title='bbox 1287 2158 1378 2193; x_wconf 77' lang='grc' dir='ltr'>κρίσει</span> <span class='ocrx_word' id='word_1_647' title='bbox 1395 2159 1496 2193; x_wconf 81' lang='grc' dir='ltr'>πολλῆς</span> <span class='ocrx_word' id='word_1_648' title='bbox 1509 2158 1623 2194; x_wconf 75' lang='grc' dir='ltr'>ὲσθῆται</span> <span class='ocrx_word' id='word_1_649' title='bbox 1647 2160 1697 2194; x_wconf 83' lang='grc' dir='ltr'>τῆς</span> <span class='ocrx_word' id='word_1_650' title='bbox 1722 2161 1878 2197; x_wconf 82' lang='grc' dir='ltr'>φιλανθρω-</span> 
     </span>
    </p>
   </div>
   <div class='ocr_carea' id='block_1_91' title="bbox 1093 2203 1878 2241">
    <p class='ocr_par' dir='ltr' id='par_1_91' title="bbox 1093 2203 1878 2241">
     <span class='ocr_line' id='line_1_91' title="bbox 1093 2203 1878 2241; baseline 0.006 -12"><span class='ocrx_word' id='word_1_651' title='bbox 1093 2204 1170 2236; x_wconf 74' lang='grc' dir='ltr'>πίας,</span> <span class='ocrx_word' id='word_1_652' title='bbox 1193 2203 1264 2230; x_wconf 83' lang='grc' dir='ltr'>κατὰ</span> <span class='ocrx_word' id='word_1_653' title='bbox 1276 2204 1305 2229; x_wconf 72' lang='grc' dir='ltr'>τὸ</span> <span class='ocrx_word' id='word_1_654' title='bbox 1321 2203 1467 2238; x_wconf 76' lang='grc' dir='ltr'>εἰρημένον</span> <span class='ocrx_word' id='word_1_655' title='bbox 1481 2203 1520 2239; x_wconf 86' lang='grc' dir='ltr'>τῷ</span> <span class='ocrx_word' id='word_1_656' title='bbox 1537 2206 1667 2240; x_wconf 77' lang='grc' dir='ltr'><strong>προφήτῃ</strong></span> <span class='ocrx_word' id='word_1_657' title='bbox 1687 2206 1803 2241; x_wconf 79' lang='grc' dir='ltr'>Ναούμ·</span> <span class='ocrx_word' id='word_1_658' title='bbox 1820 2207 1878 2234; x_wconf 59' lang='lat' dir='ltr'><strong>ﬁt}:</strong></span> 
     </span>
    </p>
   </div>
   <div class='ocr_carea' id='block_1_92' title="bbox 252 2243 1043 2286">
    <p class='ocr_par' dir='ltr' id='par_1_92' title="bbox 252 2243 1040 2279">
     <span class='ocr_line' id='line_1_92' title="bbox 252 2243 1040 2279; baseline 0.006 -10"><span class='ocrx_word' id='word_1_659' title='bbox 252 2244 412 2270; x_wconf 77' lang='lat' dir='ltr'><strong>valetudine</strong></span> <span class='ocrx_word' id='word_1_660' title='bbox 437 2243 554 2274; x_wconf 83' lang='lat' dir='ltr'><strong>laborat,</strong></span> <span class='ocrx_word' id='word_1_661' title='bbox 573 2244 680 2278; x_wconf 82' lang='lat' dir='ltr'><strong>placide</strong></span> <span class='ocrx_word' id='word_1_662' title='bbox 698 2245 831 2279; x_wconf 80' lang='lat' dir='ltr'><strong>patiatur,</strong></span> <span class='ocrx_word' id='word_1_663' title='bbox 847 2251 920 2273; x_wconf 86' lang='lat' dir='ltr'><strong>recte</strong></span> <span class='ocrx_word' id='word_1_664' title='bbox 939 2247 1000 2274; x_wconf 86' lang='lat' dir='ltr'><strong>ais:</strong></span> <span class='ocrx_word' id='word_1_665' title='bbox 1018 2248 1040 2274; x_wconf 93' lang='lat' dir='ltr'><strong>si</strong></span> 
     </span>
    </p>
   </div>
   <div class='ocr_carea' id='block_1_93' title="bbox 1095 2243 1878 2286">
    <p class='ocr_par' dir='ltr' id='par_1_93' title="bbox 1095 2248 1878 2286">
     <span class='ocr_line' id='line_1_93' title="bbox 1095 2248 1878 2286; baseline 0.004 -10"><span class='ocrx_word' id='word_1_666' title='bbox 1095 2249 1234 2283; x_wconf 74' lang='grc' dir='ltr'>ἐκδικήσει</span> <span class='ocrx_word' id='word_1_667' title='bbox 1249 2248 1352 2284; x_wconf 80' lang='grc' dir='ltr'>Κύριος</span> <span class='ocrx_word' id='word_1_668' title='bbox 1371 2249 1411 2280; x_wconf 63' lang='grc' dir='ltr'>δὶς</span> <span class='ocrx_word' id='word_1_669' title='bbox 1428 2249 1475 2275; x_wconf 70' lang='grc' dir='ltr'><strong>ἐπὶ</strong></span> <span class='ocrx_word' id='word_1_670' title='bbox 1497 2249 1528 2275; x_wconf 80' lang='grc' dir='ltr'>τὸ</span> <span class='ocrx_word' id='word_1_671' title='bbox 1541 2250 1608 2277; x_wconf 76' lang='grc' dir='ltr'>αὐτὸ</span> <span class='ocrx_word' id='word_1_672' title='bbox 1622 2252 1651 2277; x_wconf 70' lang='grc' dir='ltr'>ἐν</span> <span class='ocrx_word' id='word_1_673' title='bbox 1665 2251 1755 2286; x_wconf 74' lang='grc' dir='ltr'>θλίψει</span> <span class='ocrx_word' id='word_1_674' title='bbox 1769 2260 1774 2266; x_wconf 94' lang='grc'><strong>·</strong></span> <span class='ocrx_word' id='word_1_675' title='bbox 1795 2252 1878 2286; x_wconf 79' lang='grc' dir='ltr'>Λέγει</span> 
     </span>
    </p>
   </div>
   <div class='ocr_carea' id='block_1_94' title="bbox 255 2289 1039 2326">
    <p class='ocr_par' dir='ltr' id='par_1_94' title="bbox 255 2289 1039 2326">
     <span class='ocr_line' id='line_1_94' title="bbox 255 2289 1039 2326; baseline 0.005 -10"><span class='ocrx_word' id='word_1_676' title='bbox 255 2294 346 2316; x_wconf 82' lang='lat' dir='ltr'><strong>autent</strong></span> <span class='ocrx_word' id='word_1_677' title='bbox 370 2289 466 2317; x_wconf 89' lang='lat' dir='ltr'><strong>dolore</strong></span> <span class='ocrx_word' id='word_1_678' title='bbox 486 2297 597 2325; x_wconf 86' lang='lat' dir='ltr'><strong>pressus</strong></span> <span class='ocrx_word' id='word_1_679' title='bbox 613 2290 647 2317; x_wconf 89' lang='lat' dir='ltr'><strong>ad</strong></span> <span class='ocrx_word' id='word_1_680' title='bbox 661 2290 730 2317; x_wconf 87' lang='lat' dir='ltr'><strong>iram</strong></span> <span class='ocrx_word' id='word_1_681' title='bbox 748 2292 829 2318; x_wconf 85' lang='lat' dir='ltr'><strong>etiam</strong></span> <span class='ocrx_word' id='word_1_682' title='bbox 856 2293 1039 2326; x_wconf 81' lang='lat' dir='ltr'><strong>accendatur;</strong></span> 
     </span>
    </p>
   </div>
   <div class='ocr_carea' id='block_1_95' title="bbox 254 2335 1038 2374">
    <p class='ocr_par' dir='ltr' id='par_1_95' title="bbox 254 2335 1038 2374">
     <span class='ocr_line' id='line_1_95' title="bbox 254 2335 1038 2374; baseline 0.008 -13"><span class='ocrx_word' id='word_1_683' title='bbox 254 2336 373 2369; x_wconf 86' lang='lat' dir='ltr'><strong>hincque</strong></span> <span class='ocrx_word' id='word_1_684' title='bbox 399 2335 492 2367; x_wconf 74' lang='lat' dir='ltr'><strong>Verba,</strong></span> <span class='ocrx_word' id='word_1_685' title='bbox 510 2335 572 2362; x_wconf 90' lang='lat' dir='ltr'><strong>odio</strong></span> <span class='ocrx_word' id='word_1_686' title='bbox 603 2336 696 2371; x_wconf 78' lang='lat' dir='ltr'><strong>digna,</strong></span> <span class='ocrx_word' id='word_1_687' title='bbox 730 2337 918 2372; x_wconf 63' lang='lat' dir='ltr'><strong>proloquatur,</strong></span> <span class='ocrx_word' id='word_1_688' title='bbox 939 2338 1038 2374; x_wconf 81' lang='lat' dir='ltr'><strong>duplex</strong></span> 
     </span>
    </p>
   </div>
   <div class='ocr_carea' id='block_1_96' title="bbox 257 2381 1039 2419">
    <p class='ocr_par' dir='ltr' id='par_1_96' title="bbox 257 2381 1039 2419">
     <span class='ocr_line' id='line_1_96' title="bbox 257 2381 1039 2419; baseline 0.006 -12"><span class='ocrx_word' id='word_1_689' title='bbox 257 2386 299 2407; x_wconf 87' lang='lat' dir='ltr'><strong>est</strong></span> <span class='ocrx_word' id='word_1_690' title='bbox 321 2381 444 2414; x_wconf 88' lang='lat' dir='ltr'><strong>malum;</strong></span> <span class='ocrx_word' id='word_1_691' title='bbox 467 2381 554 2416; x_wconf 83' lang='lat' dir='ltr'><strong>magis</strong></span> <span class='ocrx_word' id='word_1_692' title='bbox 577 2381 650 2408; x_wconf 88' lang='lat' dir='ltr'><strong>enint</strong></span> <span class='ocrx_word' id='word_1_693' title='bbox 674 2386 701 2408; x_wconf 93' lang='lat' dir='ltr'><strong>et</strong></span> <span class='ocrx_word' id='word_1_694' title='bbox 725 2390 824 2417; x_wconf 83' lang='lat' dir='ltr'><strong>corpus</strong></span> <span class='ocrx_word' id='word_1_695' title='bbox 846 2383 1039 2419; x_wconf 76' lang='lat' dir='ltr'><strong>discruciatur,</strong></span> 
     </span>
    </p>
   </div>
   <div class='ocr_carea' id='block_1_97' title="bbox 257 2427 1040 2465">
    <p class='ocr_par' dir='ltr' id='par_1_97' title="bbox 257 2427 1040 2465">
     <span class='ocr_line' id='line_1_97' title="bbox 257 2427 1040 2465; baseline 0.008 -13"><span class='ocrx_word' id='word_1_696' title='bbox 257 2430 425 2462; x_wconf 86' lang='lat' dir='ltr'><strong>peccataque</strong></span> <span class='ocrx_word' id='word_1_697' title='bbox 444 2427 563 2461; x_wconf 84' lang='lat' dir='ltr'><strong>peccatis</strong></span> <span class='ocrx_word' id='word_1_698' title='bbox 588 2427 686 2454; x_wconf 78' lang='lat' dir='ltr'><strong>animae</strong></span> <span class='ocrx_word' id='word_1_699' title='bbox 711 2430 885 2461; x_wconf 79' lang='lat' dir='ltr'><strong>accumulat;</strong></span> <span class='ocrx_word' id='word_1_700' title='bbox 912 2432 984 2465; x_wconf 88' lang='lat' dir='ltr'><strong>quod</strong></span> <span class='ocrx_word' id='word_1_701' title='bbox 1012 2431 1040 2458; x_wconf 92' lang='lat' dir='ltr'><strong>in</strong></span> 
     </span>
    </p>
   </div>
   <div class='ocr_carea' id='block_1_98' title="bbox 255 2473 1039 2504">
    <p class='ocr_par' dir='ltr' id='par_1_98' title="bbox 255 2473 1039 2504">
     <span class='ocr_line' id='line_1_98' title="bbox 255 2473 1039 2504; baseline 0.005 -4"><span class='ocrx_word' id='word_1_702' title='bbox 255 2481 298 2501; x_wconf 89' lang='lat' dir='ltr'><strong>me</strong></span> <span class='ocrx_word' id='word_1_703' title='bbox 314 2474 415 2501; x_wconf 88' lang='lat' dir='ltr'><strong>factum</strong></span> <span class='ocrx_word' id='word_1_704' title='bbox 431 2481 524 2501; x_wconf 88' lang='lat' dir='ltr'><strong>cerno.</strong></span> <span class='ocrx_word' id='word_1_705' title='bbox 539 2473 607 2502; x_wconf 86' lang='lat' dir='ltr'><strong>Dicit</strong></span> <span class='ocrx_word' id='word_1_706' title='bbox 620 2474 644 2501; x_wconf 88' lang='lat' dir='ltr'><strong>ei</strong></span> <span class='ocrx_word' id='word_1_707' title='bbox 661 2475 786 2502; x_wconf 87' lang='lat' dir='ltr'><strong>amabilis</strong></span> <span class='ocrx_word' id='word_1_708' title='bbox 797 2477 927 2504; x_wconf 89' lang='lat' dir='ltr'><strong>nimirum</strong></span> <span class='ocrx_word' id='word_1_709' title='bbox 945 2477 1039 2504; x_wconf 68' lang='lat' dir='ltr'><strong>Deme-</strong></span> 
     </span>
    </p>
   </div>
   <div class='ocr_carea' id='block_1_99' title="bbox 252 2520 338 2548">
    <p class='ocr_par' dir='ltr' id='par_1_99' title="bbox 252 2520 338 2548">
     <span class='ocr_line' id='line_1_99' title="bbox 252 2520 338 2548; baseline -0.012 -1"><span class='ocrx_word' id='word_1_710' title='bbox 252 2520 338 2548; x_wconf 85' lang='lat' dir='ltr'><strong>trins:</strong></span> 
     </span>
    </p>
   </div>
   <div class='ocr_carea' id='block_1_100' title="bbox 288 2609 1039 2645">
    <p class='ocr_par' dir='ltr' id='par_1_100' title="bbox 288 2609 1039 2645">
     <span class='ocr_line' id='line_1_100' title="bbox 288 2609 1039 2645; baseline 0.004 -9"><span class='ocrx_word' id='word_1_711' title='bbox 288 2610 332 2637; x_wconf 76' lang='lat' dir='ltr'><strong>M.</strong></span> <span class='ocrx_word' id='word_1_712' title='bbox 349 2609 434 2637; x_wconf 88' lang='lat' dir='ltr'><strong>Tuam</strong></span> <span class='ocrx_word' id='word_1_713' title='bbox 450 2610 554 2643; x_wconf 85' lang='lat' dir='ltr'><strong>accepi,</strong></span> <span class='ocrx_word' id='word_1_714' title='bbox 572 2610 767 2645; x_wconf 77' lang='lat' dir='ltr'><strong>gloriosiSsime</strong></span> <span class='ocrx_word' id='word_1_715' title='bbox 790 2610 817 2638; x_wconf 91' lang='lat' dir='ltr'><strong>in</strong></span> <span class='ocrx_word' id='word_1_716' title='bbox 840 2610 929 2644; x_wconf 86' lang='lat' dir='ltr'><strong>terris,</strong></span> <span class='ocrx_word' id='word_1_717' title='bbox 949 2611 1039 2639; x_wconf 89' lang='lat' dir='ltr'><strong>humi-</strong></span> 
     </span>
    </p>
   </div>
   <div class='ocr_carea' id='block_1_101' title="bbox 250 2656 1037 2692">
    <p class='ocr_par' dir='ltr' id='par_1_101' title="bbox 250 2656 1037 2692">
     <span class='ocr_line' id='line_1_101' title="bbox 250 2656 1037 2692; baseline 0.004 -10"><span class='ocrx_word' id='word_1_718' title='bbox 250 2656 366 2689; x_wconf 85' lang='lat' dir='ltr'><strong>litatem,</strong></span> <span class='ocrx_word' id='word_1_719' title='bbox 383 2663 443 2691; x_wconf 70' lang='lat' dir='ltr'><strong>quae</strong></span> <span class='ocrx_word' id='word_1_720' title='bbox 461 2656 509 2683; x_wconf 88' lang='lat' dir='ltr'><strong>tibi</strong></span> <span class='ocrx_word' id='word_1_721' title='bbox 530 2657 557 2682; x_wconf 92' lang='lat' dir='ltr'><strong>in</strong></span> <span class='ocrx_word' id='word_1_722' title='bbox 581 2656 656 2684; x_wconf 67' lang='lat' dir='ltr'><strong>caelis</strong></span> <span class='ocrx_word' id='word_1_723' title='bbox 678 2657 790 2692; x_wconf 79' lang='lat' dir='ltr'><strong>gloriam</strong></span> <span class='ocrx_word' id='word_1_724' title='bbox 806 2658 946 2685; x_wconf 90' lang='lat' dir='ltr'><strong>conciliat.</strong></span> <span class='ocrx_word' id='word_1_725' title='bbox 966 2659 1037 2685; x_wconf 77' lang='lat' dir='ltr'><strong>Cor-</strong></span> 
     </span>
    </p>
   </div>
   <div class='ocr_carea' id='block_1_102' title="bbox 251 2700 1037 2735">
    <p class='ocr_par' dir='ltr' id='par_1_102' title="bbox 251 2700 1037 2735">
     <span class='ocr_line' id='line_1_102' title="bbox 251 2700 1037 2735; baseline 0.008 -10"><span class='ocrx_word' id='word_1_726' title='bbox 251 2700 336 2733; x_wconf 83' lang='lat' dir='ltr'><strong>porali</strong></span> <span class='ocrx_word' id='word_1_727' title='bbox 351 2700 434 2735; x_wconf 77' lang='lat' dir='ltr'><strong>igitur</strong></span> <span class='ocrx_word' id='word_1_728' title='bbox 448 2700 500 2727; x_wconf 90' lang='lat' dir='ltr'><strong>hoc</strong></span> <span class='ocrx_word' id='word_1_729' title='bbox 519 2701 625 2734; x_wconf 88' lang='lat' dir='ltr'><strong>morbo,</strong></span> <span class='ocrx_word' id='word_1_730' title='bbox 643 2700 758 2728; x_wconf 84' lang='lat' dir='ltr'><strong>Domino</strong></span> <span class='ocrx_word' id='word_1_731' title='bbox 773 2707 869 2729; x_wconf 86' lang='lat' dir='ltr'><strong>nostro</strong></span> <span class='ocrx_word' id='word_1_732' title='bbox 890 2711 921 2730; x_wconf 86' lang='lat' dir='ltr'><strong>ac</strong></span> <span class='ocrx_word' id='word_1_733' title='bbox 936 2703 1037 2731; x_wconf 84' lang='lat' dir='ltr'><strong>Serva—</strong></span> 
     </span>
    </p>
   </div>
   <div class='ocr_carea' id='block_1_103' title="bbox 252 2745 1036 2783">
    <p class='ocr_par' dir='ltr' id='par_1_103' title="bbox 252 2745 1036 2783">
     <span class='ocr_line' id='line_1_103' title="bbox 252 2745 1036 2783; baseline 0.006 -12"><span class='ocrx_word' id='word_1_734' title='bbox 252 2749 310 2772; x_wconf 86' lang='lat' dir='ltr'><strong>tore</strong></span> <span class='ocrx_word' id='word_1_735' title='bbox 332 2745 394 2772; x_wconf 86' lang='lat' dir='ltr'><strong>Jcsn</strong></span> <span class='ocrx_word' id='word_1_736' title='bbox 410 2746 520 2773; x_wconf 88' lang='lat' dir='ltr'><strong>Christo</strong></span> <span class='ocrx_word' id='word_1_737' title='bbox 548 2747 696 2781; x_wconf 89' lang='lat' dir='ltr'><strong>potentiam</strong></span> <span class='ocrx_word' id='word_1_738' title='bbox 711 2747 744 2774; x_wconf 92' lang='lat' dir='ltr'><strong>ad</strong></span> <span class='ocrx_word' id='word_1_739' title='bbox 767 2747 793 2774; x_wconf 93' lang='lat' dir='ltr'><strong>id</strong></span> <span class='ocrx_word' id='word_1_740' title='bbox 818 2748 963 2783; x_wconf 81' lang='lat' dir='ltr'><strong>largiente,</strong></span> <span class='ocrx_word' id='word_1_741' title='bbox 982 2751 1036 2777; x_wconf 83' lang='lat' dir='ltr'><strong>cito</strong></span> 
     </span>
    </p>
   </div>
   <div class='ocr_carea' id='block_1_104' title="bbox 250 2788 1035 2831">
    <p class='ocr_par' dir='ltr' id='par_1_104' title="bbox 250 2788 1035 2831">
     <span class='ocr_line' id='line_1_104' title="bbox 250 2788 1035 2831; baseline 0.011 -16"><span class='ocrx_word' id='word_1_742' title='bbox 250 2788 411 2818; x_wconf 84' lang='lat' dir='ltr'><strong>liberabere.</strong></span> <span class='ocrx_word' id='word_1_743' title='bbox 425 2791 494 2819; x_wconf 81' lang='lat' dir='ltr'><strong>Veni</strong></span> <span class='ocrx_word' id='word_1_744' title='bbox 510 2792 593 2827; x_wconf 72' lang='lat' dir='ltr'><strong>igitur</strong></span> <span class='ocrx_word' id='word_1_745' title='bbox 607 2792 634 2820; x_wconf 89' lang='lat' dir='ltr'><strong>in</strong></span> <span class='ocrx_word' id='word_1_746' title='bbox 651 2793 762 2820; x_wconf 89' lang='lat' dir='ltr'><strong>domum</strong></span> <span class='ocrx_word' id='word_1_747' title='bbox 779 2801 865 2822; x_wconf 88' lang='lat' dir='ltr'><strong>meam</strong></span> <span class='ocrx_word' id='word_1_748' title='bbox 877 2815 885 2828; x_wconf 89' lang='lat'><strong>,</strong></span> <span class='ocrx_word' id='word_1_749' title='bbox 899 2802 1035 2831; x_wconf 77' lang='lat' dir='ltr'><strong>opemque</strong></span> 
     </span>
    </p>
   </div>
   <div class='ocr_carea' id='block_1_105' title="bbox 288 2877 506 2911">
    <p class='ocr_par' dir='ltr' id='par_1_105' title="bbox 288 2877 506 2911">
     <span class='ocr_line' id='line_1_105' title="bbox 288 2877 506 2911; baseline 0.018 -9"><span class='ocrx_word' id='word_1_750' title='bbox 288 2877 298 2893; x_wconf 84' lang='lat'>&#39;</span> <span class='ocrx_word' id='word_1_751' title='bbox 310 2877 414 2905; x_wconf 72' lang='lat' dir='ltr'><strong>Naltum</strong></span> <span class='ocrx_word' id='word_1_752' title='bbox 430 2887 447 2911; x_wconf 86' lang='lat' dir='ltr'><strong>I,</strong></span> <span class='ocrx_word' id='word_1_753' title='bbox 469 2882 506 2907; x_wconf 79' lang='lat' dir='ltr'><strong>l2.</strong></span> 
     </span>
    </p>
   </div>
   <div class='ocr_carea' id='block_1_106' title="bbox 1092 2293 1876 2331">
    <p class='ocr_par' dir='ltr' id='par_1_106' title="bbox 1092 2293 1876 2331">
     <span class='ocr_line' id='line_1_106' title="bbox 1092 2293 1876 2331; baseline 0.005 -11"><span class='ocrx_word' id='word_1_754' title='bbox 1092 2295 1106 2320; x_wconf 80' lang='grc' dir='ltr'>ὁ</span> <span class='ocrx_word' id='word_1_755' title='bbox 1137 2294 1260 2328; x_wconf 78' lang='grc' dir='ltr'>ῦπαρχος</span> <span class='ocrx_word' id='word_1_756' title='bbox 1278 2300 1285 2308; x_wconf 88' lang='grc'><strong>·</strong></span> <span class='ocrx_word' id='word_1_757' title='bbox 1315 2293 1379 2319; x_wconf 78' lang='grc' dir='ltr'>Ἐὰν</span> <span class='ocrx_word' id='word_1_758' title='bbox 1409 2293 1579 2328; x_wconf 68' lang='grc' dir='ltr'>εὐχαρίστως</span> <span class='ocrx_word' id='word_1_759' title='bbox 1603 2296 1675 2331; x_wconf 75' lang='grc' dir='ltr'>φέρῃ</span> <span class='ocrx_word' id='word_1_760' title='bbox 1691 2297 1705 2322; x_wconf 81' lang='grc' dir='ltr'>ὁ</span> <span class='ocrx_word' id='word_1_761' title='bbox 1724 2297 1820 2330; x_wconf 83' lang='grc' dir='ltr'>νοσῶν,</span> <span class='ocrx_word' id='word_1_762' title='bbox 1846 2295 1876 2324; x_wconf 75' lang='grc' dir='ltr'><strong>εὖ</strong></span> 
     </span>
    </p>
   </div>
   <div class='ocr_carea' id='block_1_107' title="bbox 1093 2338 1878 2378">
    <p class='ocr_par' dir='ltr' id='par_1_107' title="bbox 1093 2338 1878 2378">
     <span class='ocr_line' id='line_1_107' title="bbox 1093 2338 1878 2378; baseline 0.006 -14"><span class='ocrx_word' id='word_1_763' title='bbox 1093 2339 1183 2372; x_wconf 67' lang='grc' dir='ltr'>λέγεις</span> <span class='ocrx_word' id='word_1_764' title='bbox 1196 2346 1202 2354; x_wconf 90' lang='grc'><strong>·</strong></span> <span class='ocrx_word' id='word_1_765' title='bbox 1220 2340 1244 2365; x_wconf 83' lang='grc' dir='ltr'>εἰ</span> <span class='ocrx_word' id='word_1_766' title='bbox 1261 2338 1289 2365; x_wconf 84' lang='grc' dir='ltr'>δὲ</span> <span class='ocrx_word' id='word_1_767' title='bbox 1302 2339 1355 2364; x_wconf 73' lang='grc' dir='ltr'><strong>ὑπὸ</strong></span> <span class='ocrx_word' id='word_1_768' title='bbox 1372 2338 1420 2365; x_wconf 86' lang='grc' dir='ltr'><strong>τοῦ</strong></span> <span class='ocrx_word' id='word_1_769' title='bbox 1440 2339 1545 2371; x_wconf 80' lang='grc' dir='ltr'>πάθους</span> <span class='ocrx_word' id='word_1_770' title='bbox 1557 2341 1735 2376; x_wconf 81' lang='grc' dir='ltr'>συνεχόμενος</span> <span class='ocrx_word' id='word_1_771' title='bbox 1758 2342 1878 2378; x_wconf 80' lang='grc' dir='ltr'>ὲξάπτη-</span> 
     </span>
    </p>
   </div>
   <div class='ocr_carea' id='block_1_108' title="bbox 1093 2385 1877 2424">
    <p class='ocr_par' dir='ltr' id='par_1_108' title="bbox 1093 2385 1877 2424">
     <span class='ocr_line' id='line_1_108' title="bbox 1093 2385 1877 2424; baseline 0.008 -14"><span class='ocrx_word' id='word_1_772' title='bbox 1093 2393 1137 2411; x_wconf 81' lang='grc' dir='ltr'><strong>ται</strong></span> <span class='ocrx_word' id='word_1_773' title='bbox 1153 2386 1201 2412; x_wconf 80' lang='grc' dir='ltr'><strong>καὶ</strong></span> <span class='ocrx_word' id='word_1_774' title='bbox 1212 2385 1251 2416; x_wconf 78' lang='grc' dir='ltr'>εἰς</span> <span class='ocrx_word' id='word_1_775' title='bbox 1271 2385 1364 2419; x_wconf 77' lang='grc' dir='ltr'>θυμὸν,</span> <span class='ocrx_word' id='word_1_776' title='bbox 1384 2386 1532 2414; x_wconf 79' lang='grc' dir='ltr'>κάντεῦθεν</span> <span class='ocrx_word' id='word_1_777' title='bbox 1548 2388 1658 2422; x_wconf 76' lang='grc' dir='ltr'>ῥήματα</span> <span class='ocrx_word' id='word_1_778' title='bbox 1677 2390 1877 2424; x_wconf 76' lang='grc' dir='ltr'>προπέμπηται</span> 
     </span>
    </p>
   </div>
   <div class='ocr_carea' id='block_1_109' title="bbox 1092 2431 1878 2472">
    <p class='ocr_par' dir='ltr' id='par_1_109' title="bbox 1092 2431 1878 2472">
     <span class='ocr_line' id='line_1_109' title="bbox 1092 2431 1878 2472; baseline 0.008 -16"><span class='ocrx_word' id='word_1_779' title='bbox 1092 2431 1272 2466; x_wconf 74' lang='grc' dir='ltr'>ἀποτρόπαια,</span> <span class='ocrx_word' id='word_1_780' title='bbox 1291 2431 1403 2458; x_wconf 79' lang='grc' dir='ltr'>διπλοῦν</span> <span class='ocrx_word' id='word_1_781' title='bbox 1429 2433 1459 2458; x_wconf 84' lang='grc' dir='ltr'>τὸ</span> <span class='ocrx_word' id='word_1_782' title='bbox 1475 2433 1560 2459; x_wconf 78' lang='grc' dir='ltr'>κακόν</span> <span class='ocrx_word' id='word_1_783' title='bbox 1574 2441 1581 2448; x_wconf 87' lang='grc'><strong>·</strong></span> <span class='ocrx_word' id='word_1_784' title='bbox 1608 2435 1698 2461; x_wconf 75' lang='grc' dir='ltr'>καὶτὸ</span> <span class='ocrx_word' id='word_1_785' title='bbox 1719 2435 1799 2470; x_wconf 82' lang='grc' dir='ltr'>σῶμα</span> <span class='ocrx_word' id='word_1_786' title='bbox 1825 2437 1878 2472; x_wconf 74' lang='grc' dir='ltr'><strong>γὰρ</strong></span> 
     </span>
    </p>
   </div>
   <div class='ocr_carea' id='block_1_110' title="bbox 1095 2476 1877 2516">
    <p class='ocr_par' dir='ltr' id='par_1_110' title="bbox 1095 2476 1877 2516">
     <span class='ocr_line' id='line_1_110' title="bbox 1095 2476 1877 2516; baseline 0.009 -15"><span class='ocrx_word' id='word_1_787' title='bbox 1095 2476 1175 2502; x_wconf 78' lang='grc' dir='ltr'>πλέον</span> <span class='ocrx_word' id='word_1_788' title='bbox 1200 2477 1273 2511; x_wconf 76' lang='grc' dir='ltr'>ἀνιᾷ,</span> <span class='ocrx_word' id='word_1_789' title='bbox 1301 2478 1348 2504; x_wconf 70' lang='grc' dir='ltr'><strong>καὶ</strong></span> <span class='ocrx_word' id='word_1_790' title='bbox 1373 2479 1405 2512; x_wconf 80' lang='grc' dir='ltr'><strong>τῇ</strong></span> <span class='ocrx_word' id='word_1_791' title='bbox 1423 2478 1496 2513; x_wconf 67' lang='grc' dir='ltr'>ψυχῇ</span> <span class='ocrx_word' id='word_1_792' title='bbox 1514 2479 1654 2514; x_wconf 79' lang='grc' dir='ltr'>ἁμαρτίας</span> <span class='ocrx_word' id='word_1_793' title='bbox 1674 2480 1715 2514; x_wconf 74' lang='grc' dir='ltr'><strong>ἐφ’</strong></span> <span class='ocrx_word' id='word_1_794' title='bbox 1729 2481 1877 2516; x_wconf 78' lang='grc' dir='ltr'>ἁμαρτίαις</span> 
     </span>
    </p>
   </div>
   <div class='ocr_carea' id='block_1_111' title="bbox 1093 2521 1876 2561">
    <p class='ocr_par' dir='ltr' id='par_1_111' title="bbox 1093 2521 1876 2561">
     <span class='ocr_line' id='line_1_111' title="bbox 1093 2521 1876 2561; baseline 0.008 -13"><span class='ocrx_word' id='word_1_795' title='bbox 1093 2521 1283 2557; x_wconf 77' lang='grc' dir='ltr'>προστίθησιν,</span> <span class='ocrx_word' id='word_1_796' title='bbox 1298 2522 1312 2548; x_wconf 81' lang='grc' dir='ltr'>ὃ</span> <span class='ocrx_word' id='word_1_797' title='bbox 1337 2525 1401 2556; x_wconf 77' lang='grc' dir='ltr'>περὶ</span> <span class='ocrx_word' id='word_1_798' title='bbox 1423 2524 1473 2557; x_wconf 76' lang='grc' dir='ltr'><strong>ἐμὲ</strong></span> <span class='ocrx_word' id='word_1_799' title='bbox 1489 2524 1632 2558; x_wconf 74' lang='grc' dir='ltr'>γινόμενον</span> <span class='ocrx_word' id='word_1_800' title='bbox 1661 2524 1768 2561; x_wconf 84' lang='grc' dir='ltr'>θεωρῶ.</span> <span class='ocrx_word' id='word_1_801' title='bbox 1796 2527 1876 2561; x_wconf 79' lang='grc' dir='ltr'>Λέγει</span> 
     </span>
    </p>
   </div>
   <div class='ocr_carea' id='block_1_112' title="bbox 1092 2566 1646 2604">
    <p class='ocr_par' dir='ltr' id='par_1_112' title="bbox 1092 2566 1646 2604">
     <span class='ocr_line' id='line_1_112' title="bbox 1092 2566 1646 2604; baseline 0.005 -12"><span class='ocrx_word' id='word_1_802' title='bbox 1092 2567 1168 2601; x_wconf 70' lang='grc' dir='ltr'>αὐτῷ</span> <span class='ocrx_word' id='word_1_803' title='bbox 1179 2567 1192 2592; x_wconf 87' lang='grc' dir='ltr'><strong>ὁ</strong></span> <span class='ocrx_word' id='word_1_804' title='bbox 1207 2566 1358 2602; x_wconf 76' lang='grc' dir='ltr'>προσφιλὴς</span> <span class='ocrx_word' id='word_1_805' title='bbox 1371 2567 1451 2602; x_wconf 77' lang='grc' dir='ltr'>δῆθεν</span> <span class='ocrx_word' id='word_1_806' title='bbox 1464 2569 1622 2604; x_wconf 83' lang='grc' dir='ltr'>Δημήτριος</span> <span class='ocrx_word' id='word_1_807' title='bbox 1638 2578 1646 2587; x_wconf 74' lang='grc' dir='ltr'><strong>ι</strong></span> 
     </span>
    </p>
   </div>
   <div class='ocr_carea' id='block_1_113' title="bbox 1128 2613 1876 2654">
    <p class='ocr_par' dir='ltr' id='par_1_113' title="bbox 1128 2613 1876 2654">
     <span class='ocr_line' id='line_1_113' title="bbox 1128 2613 1876 2654; baseline 0.008 -15"><span class='ocrx_word' id='word_1_808' title='bbox 1128 2613 1170 2640; x_wconf 84' lang='grc' dir='ltr'>ιδ’.</span> <span class='ocrx_word' id='word_1_809' title='bbox 1194 2613 1383 2649; x_wconf 77' lang='grc' dir='ltr'>Ἀπεδεξάμην</span> <span class='ocrx_word' id='word_1_810' title='bbox 1399 2622 1446 2641; x_wconf 78' lang='grc' dir='ltr'><strong>σου</strong></span> <span class='ocrx_word' id='word_1_811' title='bbox 1457 2615 1494 2645; x_wconf 73' lang='grc' dir='ltr'>ὡς</span> <span class='ocrx_word' id='word_1_812' title='bbox 1510 2615 1559 2641; x_wconf 69' lang='grc' dir='ltr'><strong>ἐπὶ</strong></span> <span class='ocrx_word' id='word_1_813' title='bbox 1575 2615 1626 2649; x_wconf 82' lang='grc' dir='ltr'>γῆς</span> <span class='ocrx_word' id='word_1_814' title='bbox 1645 2616 1812 2650; x_wconf 74' lang='grc' dir='ltr'>ἐνδοξότατε,</span> <span class='ocrx_word' id='word_1_815' title='bbox 1828 2619 1876 2654; x_wconf 73' lang='grc' dir='ltr'><strong>τὴν</strong></span> 
     </span>
    </p>
   </div>
   <div class='ocr_carea' id='block_1_114' title="bbox 1092 2658 1877 2698">
    <p class='ocr_par' dir='ltr' id='par_1_114' title="bbox 1092 2658 1877 2698">
     <span class='ocr_line' id='line_1_114' title="bbox 1092 2658 1877 2698; baseline 0.01 -14"><span class='ocrx_word' id='word_1_816' title='bbox 1092 2658 1267 2686; x_wconf 74' lang='grc' dir='ltr'>ταπείνωσιν.</span> <span class='ocrx_word' id='word_1_817' title='bbox 1282 2659 1342 2694; x_wconf 77' lang='grc' dir='ltr'>ἥτις</span> <span class='ocrx_word' id='word_1_818' title='bbox 1353 2660 1381 2686; x_wconf 77' lang='grc' dir='ltr'>ὲν</span> <span class='ocrx_word' id='word_1_819' title='bbox 1397 2661 1504 2694; x_wconf 73' lang='grc' dir='ltr'>οὐρανῷ</span> <span class='ocrx_word' id='word_1_820' title='bbox 1519 2669 1558 2686; x_wconf 76' lang='grc' dir='ltr'><strong>σοι</strong></span> <span class='ocrx_word' id='word_1_821' title='bbox 1575 2661 1624 2696; x_wconf 79' lang='grc' dir='ltr'>τὴν</span> <span class='ocrx_word' id='word_1_822' title='bbox 1635 2662 1714 2694; x_wconf 78' lang='grc' dir='ltr'>δόξαν</span> <span class='ocrx_word' id='word_1_823' title='bbox 1729 2665 1877 2698; x_wconf 56' lang='grc' dir='ltr'>μνηστεύε-</span> 
     </span>
    </p>
   </div>
   <div class='ocr_carea' id='block_1_115' title="bbox 1086 2704 1874 2743">
    <p class='ocr_par' dir='ltr' id='par_1_115' title="bbox 1086 2704 1874 2743">
     <span class='ocr_line' id='line_1_115' title="bbox 1086 2704 1874 2743; baseline 0.008 -13"><span class='ocrx_word' id='word_1_824' title='bbox 1086 2713 1141 2731; x_wconf 89' lang='grc' dir='ltr'>ται.</span> <span class='ocrx_word' id='word_1_825' title='bbox 1161 2704 1312 2740; x_wconf 76' lang='grc' dir='ltr'>Τοιγαροῦν</span> <span class='ocrx_word' id='word_1_826' title='bbox 1331 2706 1386 2737; x_wconf 67' lang='grc' dir='ltr'><strong>,καὶ</strong></span> <span class='ocrx_word' id='word_1_827' title='bbox 1411 2706 1460 2740; x_wconf 83' lang='grc' dir='ltr'>τῆς</span> <span class='ocrx_word' id='word_1_828' title='bbox 1487 2707 1649 2742; x_wconf 75' lang='grc' dir='ltr'>σωματικῆς</span> <span class='ocrx_word' id='word_1_829' title='bbox 1670 2707 1774 2743; x_wconf 77' lang='grc' dir='ltr'>ταύτης</span> <span class='ocrx_word' id='word_1_830' title='bbox 1797 2711 1874 2736; x_wconf 71' lang='grc' dir='ltr'>νότου</span> 
     </span>
    </p>
   </div>
   <div class='ocr_carea' id='block_1_116' title="bbox 1086 2750 1875 2790">
    <p class='ocr_par' dir='ltr' id='par_1_116' title="bbox 1086 2750 1875 2790">
     <span class='ocr_line' id='line_1_116' title="bbox 1086 2750 1875 2790; baseline 0.008 -15"><span class='ocrx_word' id='word_1_831' title='bbox 1086 2750 1182 2776; x_wconf 77' lang='grc' dir='ltr'>θᾶττον</span> <span class='ocrx_word' id='word_1_832' title='bbox 1198 2750 1451 2786; x_wconf 79' lang='grc' dir='ltr'>ἀπαλλαγήσῃ,τοῦ</span> <span class='ocrx_word' id='word_1_833' title='bbox 1468 2752 1572 2787; x_wconf 84' lang='grc' dir='ltr'>Κυρίου</span> <span class='ocrx_word' id='word_1_834' title='bbox 1587 2754 1636 2780; x_wconf 79' lang='grc' dir='ltr'><strong>καὶ</strong></span> <span class='ocrx_word' id='word_1_835' title='bbox 1652 2753 1781 2788; x_wconf 75' lang='grc' dir='ltr'>Σωτῆρος</span> <span class='ocrx_word' id='word_1_836' title='bbox 1797 2754 1875 2790; x_wconf 81' lang='grc' dir='ltr'>ἡμῶν</span> 
     </span>
    </p>
   </div>
   <div class='ocr_carea' id='block_1_117' title="bbox 1092 2796 1873 2837">
    <p class='ocr_par' dir='ltr' id='par_1_117' title="bbox 1092 2796 1873 2837">
     <span class='ocr_line' id='line_1_117' title="bbox 1092 2796 1873 2837; baseline 0.009 -15"><span class='ocrx_word' id='word_1_837' title='bbox 1092 2796 1180 2831; x_wconf 85' lang='grc' dir='ltr'>Ἰησοῦ</span> <span class='ocrx_word' id='word_1_838' title='bbox 1199 2797 1318 2832; x_wconf 80' lang='grc' dir='ltr'>Χριστοῦ</span> <span class='ocrx_word' id='word_1_839' title='bbox 1334 2797 1364 2832; x_wconf 60' lang='lat' dir='ltr'><strong>si)</strong></span> <span class='ocrx_word' id='word_1_840' title='bbox 1379 2798 1510 2837; x_wconf 68' lang='grc' dir='ltr'>δύνασθαι</span> <span class='ocrx_word' id='word_1_841' title='bbox 1525 2799 1711 2837; x_wconf 26' lang='grc' dir='ltr'>νπαρέχοντος.</span> <span class='ocrx_word' id='word_1_842' title='bbox 1733 2800 1810 2828; x_wconf 75' lang='grc' dir='ltr'><strong>Ἐλθὲ</strong></span> <span class='ocrx_word' id='word_1_843' title='bbox 1827 2799 1873 2829; x_wconf 84' lang='grc' dir='ltr'>οὖν</span> 
     </span>
    </p>
   </div>
  </div>
