2039 3150
160 133 231 168 1213

671 137 700 166 S.
721 135 912 166 DEMETRII
938 134 1136 165 MARTYBIS
1158 134 1264 164 ACTA.

1719 133 1786 167 12H

157 191 196 221 εἰς
216 189 263 218 τον
285 187 361 218 οἶκον
386 190 434 218 τδν
459 190 538 226 tum,
557 191 603 218 καὶ
623 191 803 226 ἀνακλήοητι,
830 191 941 218 κάκεῖσε

1007 189 1121 225 mplora,
1137 194 1218 224 atque
1234 189 1270 216 ibi
1287 188 1334 216 Dei
1349 189 1463 225 gloriam
1474 211 1480 223 ,
1500 189 1547 217 tibi
1567 197 1616 225 per
1632 198 1674 217 me
1691 190 1787 218 mani-

157 236 217 270 ὖψει
234 235 283 272 τὴν
297 235 376 269 δόξαν
390 236 438 264 τοῦ
453 237 522 264 Θεοῦ
535 237 568 264 δι’
581 236 649 272 ὲμοῦ
667 245 709 264 σοι
726 237 942 272 φανερουμένην.

162 281 191 307 ’0
206 281 234 308 δὲ
245 282 380 318 μακάριος
392 283 533 318 Μαριανὸς
547 283 725 316 διυπνισοεὶς,
750 285 798 311 καὶ
813 284 945 318 διηγησά-

158 336 238 361 μενος
250 328 308 359 τοῖς
323 328 438 364 πλησίον
454 329 488 355 τὰ
503 329 636 364 ὁραθέντα
660 330 733 364 αὑτῷ
755 329 816 356 καθ’
833 329 944 362 ὕπνους,

157 375 249 408 ἔλεγεν
263 375 425 410 ὀδυρόμενος
440 384 447 391 ο
463 376 519 403 Καὶ
535 376 587 403 ποῦ
602 376 713 412 εὕροιμι
737 385 767 404 σε
789 375 847 409 νῦν,
862 377 878 412 ἢ
900 377 946 404 τὸν

158 421 204 446 σὺν
219 419 304 453 οἶκον,
320 417 342 447 ὧ
358 421 436 456 κύριέ
456 429 519 457 μου,
537 423 585 450 καὶ
603 423 776 457 γνησιώτατε
793 424 945 458 Δημήτριε,

158 467 205 493 σοῦ
233 468 282 502 μὲν
301 467 372 494 κατὰ
395 467 445 503 τὴν
473 467 672 503 βασιλεύουσαν
693 469 771 495 πόλιν
793 469 947 503 διάγοντος,

157 513 225 548 ἐμοῦ
252 513 280 540 δὲ
302 515 374 540 κατὰ
398 514 601 550 Θεσσαλονίκης
628 516 776 550 κειμένους
807 516 881 551 οἴμοι
909 516 948 551 τῷ

157 559 262 595 ἀϐλίῳί
281 560 355 595 [Idan
372 561 446 596 χαρᾷ
467 570 501 596 με
519 563 533 588 ό
550 562 655 597 ὖνειρος
673 562 883 597 κατεφαίδρυνε,
901 563 948 591 καὶ

159 605 264 640 πηλίκῃ
279 605 369 640 θλίψει
381 606 411 632 τὸ
427 606 505 641 ὕπαρ
519 607 686 642 κατέχωσεν.
699 608 766 634 Τότε
778 605 819 639 εἷς
833 608 887 635 τῶν
900 618 949 635 πα-

159 651 305 685 ρεστώτων
324 654 415 685 νυγεὶς
438 653 491 680 ὑπὸ
514 653 582 681 Θεοῦ
597 654 766 687 ἁπεκρίνατο
778 662 785 670 ·
810 655 880 689 Ἐγώ
896 664 948 687 σοι,

159 697 289 730 δέσποτα,
308 698 421 733 μηνύσω
447 699 493 726 τόν
522 700 680 735 προστάτην
696 709 743 728 σου
768 703 815 728 καὶ
839 702 950 737 γνήσιον

160 743 249 777 φίλον,
265 746 312 772 καὶ
337 745 407 780 μετὰ
419 746 487 772 Θεὸν
506 746 639 782 δεσπότην
654 748 822 782 Δημήτριον,
839 747 883 774 τὸν
906 750 952 775 καὶ

159 790 190 816 ὲν
206 791 240 825 τῇ
258 790 439 827 βασιλευούσῃ
461 793 538 819 πόλει
558 792 606 820 νῦν
619 793 695 824 ὄντα.
711 794 759 821 καὶ
773 794 868 821 ἐνθάδε
884 803 951 821 κατ-

159 836 298 870 οικοῦντα,
318 838 429 864 κάκεῖσε
451 838 491 873 τῷ
518 839 625 874 βασιλεῖ
642 840 698 866 τῶν
725 840 794 867 ὅλων
818 841 953 876 παριστά-

163 890 256 916 μενον,
272 884 376 910 καὶτὸν
391 884 510 911 ἐνταῦθα
526 885 565 919 μὴ
581 885 811 919 ἀπολειπόμενον.

197 970 239 998 ιε’.
256 971 341 998 Τοῦτο
362 972 391 999 δὲ
413 972 466 998 τῶν
483 973 573 1008 σάρκα
587 974 634 1000 καὶ
651 972 720 1008 αἷμα
735 975 891 1010 φορούντων
906 976 953 1001 οὐ-

160 1016 218 1043 δενὶ
235 1017 360 1050 δυνατὸν,
387 1017 426 1053 τῷ
447 1018 476 1045 δὲ
503 1020 632 1054 παναγίῳ
652 1020 700 1046 καὶ
721 1020 807 1055 ὲΞόχῳ
832 1021 954 1057 μάρτυρι

160 1062 210 1090 τοῦ
223 1063 343 1099 Χριστοῦ
358 1065 519 1101 Δημητρίῳ,
543 1066 591 1093 καὶ
616 1066 688 1101 μάλα
708 1067 811 1103 ῥᾴδιον.
836 1068 875 1104 Τῇ
899 1069 954 1104 γὰρ

161 1110 238 1145 ἁΰλῳ
252 1111 335 1138 αὑτοῦ
354 1111 427 1147 ψυχῇ
450 1113 498 1140 καὶ
516 1114 550 1148 τῇ
568 1113 698 1149 ἀθολώτῳ
717 1113 812 1141 πίστει
839 1115 887 1141 καὶ
903 1115 954 1151 τὴν

162 1157 220 1184 ἄνω
241 1156 364 1191 βασιλίδα
389 1158 467 1185 πόλιν
490 1159 670 1195 Ἰερουσαλὴμ
687 1162 821 1193 κατοικεῖ,
838 1161 887 1188 καὶ
904 1162 954 1196 τῆς

163 1203 338 1239 θρεψαμένης
349 1205 431 1232 αὐτὸν
438 1205 641 1242 Θεσσαλονίκης
654 1207 706 1233 οὐκ
717 1207 953 1242 ἀπολιμπάνεται.

165 1248 245 1283 Ἔχει
259 1248 306 1276 οὖν
316 1250 345 1276 ὲν
359 1250 531 1286 ἀμφοτέραις
545 1252 606 1283 ταῖς
620 1252 731 1279 πόλεσιν
746 1253 837 1285 οἴκους
849 1261 855 1268 ·
870 1261 955 1288 προε-

162 1294 286 1329 τρέψατο
295 1295 323 1322 δέ
336 1303 370 1324 σε
383 1296 429 1322 τὸν
443 1297 510 1331 ὲμὺν
524 1297 659 1332 δεσπότην
676 1298 716 1329 είς
723 1298 770 1324 τὸν
780 1296 854 1325 οῐκον
869 1298 955 1326 αὐτοῦ

164 1340 315 1374 γενόμενον
345 1340 396 1375 τῆς
414 1340 511 1375 ὑγείας
536 1342 640 1377 τυχεῖν.
659 1341 831 1377 Σκεψώμεθα
857 1339 913 1376 οὖν,
931 1343 956 1370 εί.

163 1387 277 1414 δυνατόν
292 1395 321 1414 σε
335 1386 364 1414 ἐν
375 1386 414 1422 τῷ
425 1387 493 1423 οἴκῳ
507 1387 591 1415 αὑτοῦ
607 1387 647 1423 τῷ
658 1388 700 1419 εἰς
712 1388 762 1424 τὴν
780 1388 838 1415 ἄνω
858 1388 957 1424 Ἰερου-

165 1432 261 1467 σαλὴμ
285 1432 491 1467 παραγενέσθαι
522 1433 602 1469 σῶμα
628 1433 782 1469 φοροῦντα·
799 1434 878 1461 τοῦτο
901 1434 957 1470 γὰρ

164 1478 214 1505 καὶ
240 1478 289 1512 τῆς
307 1478 387 1505 νόσου
405 1478 563 1512 ἀπαλλάξαι
583 1479 730 1514 ὑπέσχετο.
751 1479 833 1506 ’Δλλὰ
851 1480 905 1515 μὴν
924 1481 955 1508 οὐ

999 236 1135 269 iestatam,
1166 235 1281 264 videbis.
1311 234 1379 262 Cum
1409 240 1500 262 autem
1528 236 1624 263 beatus
1652 236 1789 264 Marianos

998 287 1072 310 esset
1087 281 1305 317 expergefactus,
1321 286 1348 308 et
1361 290 1421 316 qua».
1437 281 1487 309 sibi
1513 281 1539 308 in
1556 290 1651 308 somno
1667 283 1724 310 visa
1740 291 1784 310 es-

999 333 1070 360 sent,
1086 328 1238 354 astantibus
1255 332 1405 360 narrasset,
1425 327 1576 355 laincntans
1601 327 1729 355 dicebat:
1749 328 1784 356 Et

1000 373 1044 400 ubi
1061 381 1135 400 nunc
1151 377 1177 400 te
1194 373 1235 400 vel
1248 373 1359 400 domum
1375 379 1460 406 tuam,
1478 374 1512 399 mi
1528 373 1637 400 domine
1652 381 1683 400 ac
1702 373 1789 401 sinee-

1000 419 1110 447 rissime
1126 419 1253 452 Demetri,
1272 419 1421 451 inveniam,
1442 424 1468 446 te
1495 419 1606 454 quidem
1632 419 1660 446 in
1680 419 1791 447 civitate

1000 473 1085 500 penes
1107 473 1188 500 quam
1206 465 1350 500 imperium
1370 470 1423 497 est,
1440 469 1640 497 commorante.
1661 472 1705 492 me
1724 473 1789 491 vero

1000 511 1203 539 Thessalonica:
1236 511 1435 541 decumbentel
1471 510 1518 538 Hei
1564 511 1631 538 mihi
1668 511 1790 538 misero!

1001 557 1108 591 Quanto
1123 566 1167 585 me
1180 557 1290 593 gaudio,
1302 557 1375 592 quod
1390 557 1417 584 in
1433 565 1529 585 somno
1544 557 1598 585 vidi
1615 557 1791 591 exhilaravit,

1003 605 1170 640 tanta,qnml
1185 604 1300 639 vigilans
1313 605 1446 638 comperi,
1462 604 1571 632 tristitia
1585 612 1627 631 me
1642 604 1791 639 depressit,

1003 651 1079 679 Tunc
1097 660 1168 679 unus
1184 652 1345 686 astantium,
1371 660 1386 680 a
1415 653 1470 679 Deo
1496 656 1598 682 motus,
1623 651 1791 686 respondit:

1004 698 1059 734 Ego
1077 699 1137 731 tibi,
1155 699 1276 730 domine,
1296 699 1440 726 ostendam
1465 703 1611 734 patronum
1629 703 1705 725 tuum
1730 705 1792 732 ger-

1004 751 1171 779 inauumque
1189 745 1308 772 amicum
1322 765 1328 777 ,
1345 752 1376 772 ac
1401 749 1463 779 post
1482 743 1567 771 Deum
1581 743 1722 770 dominum
1739 742 1792 769 De-

1005 790 1144 823 metrium,
1158 790 1204 824 qui
1218 796 1246 817 et
1261 790 1289 816 in
1305 790 1458 824 imperante
1484 789 1595 816 civitate
1620 796 1693 816 nunc
1717 796 1792 816 com-

1005 844 1126 869 morans,
1140 836 1238 870 hicque
1259 836 1397 868 habitans,
1415 842 1507 862 rerum
1528 834 1651 862 omnium
1671 834 1791 869 impera-

1006 882 1058 909 tori
1076 881 1175 909 ibidem
1191 886 1283 914 astat,
1302 888 1352 908 nec
1369 881 1446 908 illum
1461 901 1468 913 ,
1481 880 1528 916 qui
1546 879 1591 907 hic
1602 883 1654 913 est,
1676 879 1794 907 derelin-

1004 927 1072 962 quit.

1042 973 1084 1000 l5.
1103 973 1130 1002 Id
1153 979 1243 1001 autem
1261 981 1373 1000 carnem
1401 977 1428 999 et
1450 971 1612 1007 sanguinem
1628 970 1793 1006 gestantium

1005 1019 1071 1046 nulli
1088 1019 1228 1054 possibile,
1242 1018 1416 1046 sanctissimo
1434 1022 1527 1046 autem
1552 1025 1584 1045 ac
1603 1017 1795 1052 prmeminenti

1005 1065 1107 1094 Christi
1133 1065 1246 1101 martyri
1270 1065 1408 1093 Demetrio
1430 1064 1509 1092 valde
1530 1064 1612 1092 etiam
1632 1064 1721 1092 facile.
1739 1063 1796 1092 Sua

1005 1111 1077 1139 enim
1093 1111 1265 1139 immateriali
1282 1111 1373 1138 anima
1390 1111 1497 1146 ﬁdeque
1510 1115 1589 1146 parat
1604 1111 1718 1145 regiam,
1735 1118 1797 1146 quae

1005 1165 1114 1186 sursum
1129 1163 1182 1191 est,
1198 1158 1336 1186 civitatem
1352 1158 1507 1186 Jerusalem
1523 1157 1669 1189 inhabitat,
1682 1156 1797 1184 Thessa-

1006 1204 1190 1239 lonicamque,
1207 1212 1268 1240 quae
1292 1205 1384 1240 ipsum
1406 1205 1532 1238 enutriit,
1557 1204 1630 1232 baud
1656 1204 1795 1239 relinquit.

1007 1251 1093 1279 Habet
1108 1251 1199 1286 itaque
1216 1251 1244 1279 in
1267 1252 1401 1280 ambabus
1419 1252 1581 1279 civitatibus
1607 1251 1715 1278 domos.
1739 1249 1797 1277 Mo-

1006 1297 1068 1324 nuit
1082 1302 1173 1325 autem
1191 1302 1227 1331 te,
1244 1297 1386 1326 dominum
1401 1305 1504 1331 meum,
1518 1302 1549 1325 ut
1562 1298 1595 1326 ad
1610 1298 1721 1325 domum
1738 1297 1798 1331 ejus

1006 1342 1141 1370 accedens
1150 1343 1295 1371 sanitatem
1304 1342 1492 1378 consequaris.
1507 1342 1691 1377 Dispiciamus
1702 1342 1796 1377 igitur,

1007 1396 1073 1416 num
1101 1393 1138 1422 te,
1163 1396 1264 1424 carpus
1289 1393 1452 1425 gestantem.
1465 1389 1577 1416 domum
1599 1388 1670 1422 eius,
1687 1396 1746 1422 quae
1770 1388 1796 1414 in

1008 1442 1126 1470 superna
1137 1434 1288 1463 Jerusalem
1303 1439 1354 1468 est,
1371 1435 1448 1462 adire
1461 1435 1497 1463 sit
1525 1434 1665 1469 possibile.
1681 1434 1708 1461 Id
1722 1435 1797 1461 enim

1008 1481 1090 1508 ctiam
1111 1485 1138 1508 te
1162 1481 1257 1510 morbo
1277 1481 1454 1509 liberaturum
1473 1481 1610 1516 promisit.
1627 1479 1729 1508 Verum
1750 1488 1798 1507 na-

164 1523 281 1559 φυσικὺν
296 1525 370 1559 ἡμᾶς
382 1524 429 1551 νῦν
446 1526 517 1559 μετὰ
530 1524 650 1559 γεώδους
666 1526 784 1561 σκήνους
809 1525 844 1552 τὰ
865 1526 954 1552 ἐκεῖσε

1009 1527 1097 1554 turale
1117 1527 1194 1554 haud
1217 1532 1269 1560 est,
1286 1535 1338 1554 nos
1355 1527 1438 1554 modo
1454 1535 1517 1555 cum
1539 1531 1650 1554 lerreno
1671 1533 1797 1560 corpore,

163 1570 353 1598 καταλαὸεἰν·
384 1571 507 1598 λείπεται
530 1571 624 1598 τοίνυν
644 1570 711 1605 περὶ
742 1570 790 1597 τοῦ
815 1572 845 1598 ὲν
868 1571 955 1608 ταύτῃ

162 1618 197 1652 τῇ
218 1615 398 1651 θεοφυλάκτῳ
412 1616 467 1642 τῶν
482 1615 706 1643 Θεσσαλονικέων
728 1617 896 1652 μητροπόλει
913 1626 956 1644 σε-

162 1661 286 1696 ϐασμίου
299 1660 375 1688 οἴκου
387 1661 470 1688 αὐτοῦ
488 1661 534 1688 τὸν
544 1662 579 1689 γὲν
594 1660 634 1697 τῷ
654 1661 731 1698 ὕπνῳ
744 1662 902 1698 λαλήσαντά
914 1673 955 1691 σοι

164 1705 352 1742 σημάνασθαι.

202 1755 253 1785 ις’.
267 1752 300 1780 Τί
321 1751 369 1780 οὖν
386 1752 534 1788 μέλλομεν,
553 1750 718 1788 ὦδέσποτα,
735 1755 782 1782 καὶ
811 1755 862 1783 οὐκ
886 1757 956 1784 «ἀπι-

165 1807 230 1834 μεν,
247 1800 295 1826 καὶ
309 1799 358 1835 τὴν
371 1799 438 1835 παρ’
449 1800 533 1828 αὑτοῦ
544 1801 698 1837 τρυγῶμεν
713 1802 884 1838 ὲπισκοπήν;
899 1804 957 1831 Καὶ

163 1846 255 1874 ταῦτα
270 1847 361 1882 φήσας
375 1847 390 1874 ό
407 1848 482 1880 παῖς,
501 1847 597 1883 ἤγειρε
614 1847 667 1883 τῆς
682 1848 777 1884 κλίνης
793 1849 840 1876 τὸν
858 1849 955 1877 ἑαυτοῦ

164 1892 315 1928 δεσπότην,
335 1893 382 1921 καὶ
401 1893 462 1929 μεθ’
475 1893 580 1929 ἑτέρων
595 1894 746 1922 συνδούλων
762 1895 844 1922 αὑτοῦ
858 1895 958 1930 βαστά-

166 1948 219 1971 σας
244 1941 305 1971 ταῖς
328 1941 417 1975 χερσὶ,
436 1940 612 1975 συμπλέγδην
634 1941 806 1976 ἑκατέρωθεν
832 1942 956 1977 αὐτοφυῆ

165 1985 304 2021 καθέδραν
318 1986 393 2020 αὐτῷ
410 1986 636 2021 μηχανησάμενοι
653 1986 723 2022 (οὐδὲ
745 1987 800 2023 γὰρ
823 1988 899 2024 ἵππῳ
913 1989 957 2015 εὑ-

165 2033 259 2067 φόρως
268 2031 426 2066 ἐποχεῖσθαι
440 2031 574 2066 ἐδύνατο),
587 2032 707 2068 ἧνεγκαν
716 2034 745 2060 ἐν
758 2033 796 2069 τῷ
809 2035 957 2071 πανσέπτῳ

166 2078 226 2112 ναῷ
251 2076 299 2103 τοῦ
331 2076 494 2109 πανενδόξου
521 2077 660 2113 μάρτυρος
683 2079 853 2114 Δημητρίου.
876 2081 906 2107 '0
928 2081 957 2109 δὲ

165 2123 311 2156 εἰσελθὼν,
326 2123 376 2149 καὶ
403 2122 465 2149 ἰδὼν
487 2123 537 2157 τὴν
554 2123 721 2157 εὐπρέπειαν
741 2124 790 2151 τοῦ
807 2126 894 2159 οἴκου,
909 2127 957 2154 καὶ

165 2169 219 2203 τὴν
241 2169 270 2194 ἐν
291 2168 365 2203 αὑτῷ
387 2168 577 2204 πνευματικὴν
594 2168 721 2200 εὐωδίαν,
737 2169 787 2205 τὴν
800 2170 957 2206 τρέφουσαν

1009 1580 1069 1607 qua:
1078 1571 1183 1600 ibidem
1205 1576 1280 1605 sunt,
1295 1576 1400 1600 tenere.
1415 1571 1513 1599 Restat
1531 1579 1609 1606 ergo,
1626 1575 1665 1604 ut,
1680 1571 1726 1605 qui
1752 1570 1798 1597 tibi

1008 1619 1037 1647 in
1053 1626 1149 1647 somno
1165 1619 1272 1646 locutus
1286 1624 1338 1652 est,
1350 1620 1382 1646 de
1396 1618 1551 1646 veneranda
1566 1617 1649 1645 domo
1664 1624 1725 1649 sua,
1739 1622 1799 1651 quae

1008 1666 1038 1693 in
1050 1665 1104 1693 hac
1118 1665 1256 1693 custodita
1271 1673 1287 1692 a
1311 1664 1369 1692 Deo
1386 1664 1677 1692 Thessalonicensiuni
1698 1669 1800 1690 metro-

1009 1711 1064 1746 poli
1079 1715 1131 1744 est,
1148 1710 1244 1738 fecerit
1259 1718 1428 1738 sermonem.

1046 1757 1090 1784 16.
1106 1756 1179 1790 Quid
1201 1757 1284 1792 igitur
1310 1761 1485 1790 cunctamur,
1504 1755 1580 1790 bere,
1604 1763 1656 1782 nec
1676 1754 1799 1786 abimus,

1010 1803 1218 1838 faciendantque
1234 1803 1268 1830 ab
1283 1810 1317 1830 e0
1328 1801 1515 1830 visitationem
1531 1801 1690 1829 moramur?
1700 1801 1800 1834 Atque,

1009 1849 1055 1877 his
1069 1849 1165 1882 dictis,
1183 1848 1325 1877 dominum
1349 1855 1428 1875 suum
1455 1855 1551 1875 servus
1565 1855 1579 1875 e
1593 1847 1664 1875 lecto
1681 1846 1800 1878 levavit,

1007 1895 1203 1930 sublatumque
1219 1902 1282 1922 cum
1297 1893 1359 1922 aliis
1373 1895 1516 1922 amservis
1532 1894 1601 1927 suis,
1618 1893 1684 1921 sede
1700 1893 1736 1927 ei,
1750 1900 1799 1919 eu.

1009 1941 1055 1976 ius
1066 1942 1151 1969 latera
1161 1940 1299 1975 utrimque
1309 1945 1390 1968 erant
1401 1940 1427 1967 in
1441 1947 1470 1968 se
1481 1939 1639 1974 conjuncta,
1649 1943 1800 1973 exstructa,

1010 1988 1138 2016 manibus
1151 1988 1210 2015 suis
1226 1988 1328 2023 (neque
1337 1988 1410 2015 enim
1424 1994 1496 2022 equo
1508 1986 1590 2014 facile
1603 1986 1663 2013 vehi
1682 1986 1800 2021 poterat)

1011 2034 1039 2061 in
1050 2033 1236 2062 venerandum
1251 2033 1440 2070 εισι-ἰοςὶεείιυί
1453 2033 1580 2068 martyris
1596 2033 1727 2068 templum
1739 2039 1801 2067 por-

1012 2083 1114 2108 tarunt.
1131 2079 1200 2108 Cum
1216 2085 1307 2108 autem
1321 2084 1396 2107 esset
1411 2079 1564 2115 ingressus,
1581 2079 1704 2114 sedisque
1719 2085 1801 2105 orna-

1012 2131 1069 2153 tum
1084 2133 1117 2154 ac
1131 2126 1301 2161 spiritualem
1319 2125 1404 2157 illius,
1416 2126 1462 2161 qui
1480 2125 1602 2153 ﬁdelium
1617 2126 1722 2153 animas
1733 2145 1740 2158 ,
1755 2132 1801 2153 ve-

1012 2172 1052 2200 lut
1063 2173 1109 2201 Dei
1120 2173 1264 2206 paradisus
1277 2193 1286 2207 ,
1301 2173 1361 2205 alit,
1375 2172 1487 2201 odorem
1503 2172 1693 2207 comperisset.
1708 2172 1741 2199 iis
1754 2171 1802 2206 qui

165 2214 217 2246 τὰς
232 2213 320 2249 ψυχὰς
343 2213 398 2242 τῶν
412 2213 529 2246 πιστῶν,
544 2213 581 2246 ὡς
596 2215 610 2240 ὁ
625 2214 790 2250 παράδεισος
812 2216 860 2242 τοῦ
877 2217 954 2251 Θεοῦ,

1012 2219 1087 2247 illum
1110 2219 1245 2254 ferebant,
1275 2220 1434 2248 domesticis
1458 2219 1548 2247 dixit:
1568 2219 1598 2247 lu
1626 2219 1702 2246 nudo
1724 2219 1802 2253 pavi-

165 2259 230 2289 ιῖπε
255 2261 313 2292 τοῖς
339 2260 522 2296 βαστάζουσιν
541 2260 624 2288 αὑτὸν
644 2261 774 2295 οἰκέταις,
797 2262 907 2298 Ῥίψατέ
924 2273 959 2299 με

166 2307 275 2334 πλωτὸν
295 2307 335 2338 εις
353 2306 383 2334 τὸ
398 2305 507 2341 ἔδαφος.
524 2306 554 2333 οι
572 2305 601 2333 at
619 2307 670 2333 οὑκ
681 2307 826 2335 ἐῦούὶ.οντο
846 2308 895 2344 μὲν
914 2309 960 2338 διὰ

165 2354 198 2381 τὸ
214 2353 298 2380 παντὶ
315 2352 395 2387 μέρει
416 2352 464 2379 τοῦ
477 2352 605 2388 σώματος
618 2353 750 2388 ἀκίνητον
766 2354 848 2382 αὑτὸν
871 2355 960 2391 ὑπάρ-

166 2407 244 2435 χειν⁹
268 2399 345 2434 ὅμως
363 2399 571 2434 ὲγκελευομένῳ
590 2400 770 2436 σφοδρότερον
797 2401 959 2437 ὑπήκουσαν

166 2447 294 2477 ἄκοντες.
317 2445 346 2472 '0
367 2445 396 2471 δὲ
419 2445 509 2480 ῥιφεὶς
533 2446 579 2472 ἐπὶ
594 2446 644 2482 τὴν
665 2447 822 2482 μάρμαρον,
837 2449 885 2474 καὶ
902 2449 960 2480 τοῖς

166 2491 321 2526 ὀφθαλμοῖς
336 2491 493 2525 ἁναὸλέψας
510 2492 602 2526 μόνον,
618 2492 680 2519 οὐδὲ
701 2492 756 2528 γὰρ
770 2493 820 2529 τὴν
837 2494 960 2530 κεφαλὴν

168 2538 303 2567 σαλεῦσαι
317 2537 440 2570 ἐδύνατο,
452 2538 506 2564 τῶν
514 2538 646 2565 τενόντων
662 2539 751 2574 πάντη
764 2539 959 2576 διαλυομένων,

165 2585 274 2620 ηΰξατο
284 2583 370 2615 οὕτως
379 2592 387 2599 ⁸

206 2631 252 2663 ιζ’.
270 2630 349 2663 ’Λγιε
373 2630 420 2656 κα)⁸
429 2630 546 2664 πανάγιε
560 2630 706 2666 ἀθλοφόρε,
720 2633 767 2659 καὶ
778 2634 872 2668 γνήσιε
885 2633 962 2660 δοῦλε

167 2676 305 2713 Χριστοῦ,
325 2677 339 2702 ὁ
353 2677 401 2711 τὴν
416 2677 508 2712 ψυχήν
523 2686 570 2703 σου
581 2677 643 2709 δοὺς
657 2678 728 2713 ὑπὲρ
745 2679 839 2711 αὑτοῦ,
855 2681 902 2706 καὶ
912 2680 962 2714 ψυ-

168 2724 221 2759 χὰς
237 2721 344 2749 πολλῶν
360 2723 508 2758 κερδήσας,
525 2726 572 2749 καί
587 2725 777 2758 προσενέγκας
795 2726 867 2761 αὐτῷ
878 2735 884 2741 ·
903 2727 916 2751 ὁ
931 2728 962 2752 τὸ

170 2770 255 2805 σῶμά
286 2778 333 2796 σου
368 2770 429 2801 ταῖς
460 2769 572 2806 λόγχαις
607 2771 827 2806 τιτρωσκόμενον
858 2772 963 2808 Θεωρή-

172 2824 222 2847 σας
239 2816 309 2851 ὑπὲρ
324 2816 417 2849 αὑτοῦ,
435 2816 482 2843 καὶ
496 2817 688 2851 μεγαλυνϐεις,
704 2818 751 2844 καὶ
769 2818 883 2852 σώματα
901 2819 963 2845 πολ-

171 2861 229 2888 λῶν
249 2862 279 2887 ὲκ
295 2862 349 2888 τῶν
376 2862 469 2894 μυλῶν
484 2863 530 2889 τοῦ
550 2863 656 2894 λέοντος
669 2863 862 2894 ἐξαιρούμενος
879 2864 960 2896 μὲγρι

1011 2269 1105 2292 mento
1125 2273 1169 2292 me
1184 2265 1325 2301 deponite.
1347 2265 1388 2292 llli
1402 2270 1505 2299 autem,
1518 2265 1591 2300 quod
1609 2264 1685 2292 omni
1702 2271 1802 2298 corpo-

1012 2309 1050 2336 ris
1065 2314 1141 2344 parte
1159 2310 1306 2338 immobilis
1320 2311 1343 2338 is
1356 2316 1441 2345 esset,
1461 2318 1516 2338 non
1533 2311 1663 2338 volebant
1679 2310 1802 2344 quidem,

1012 2356 1165 2383 districtius
1181 2360 1273 2384 tamen
1296 2357 1402 2390 iubenti
1412 2357 1493 2385 inviti
1510 2361 1673 2391 paruerunt.
1689 2355 1734 2382 Ille
1751 2363 1801 2382 au-

1013 2407 1066 2429 tem
1093 2402 1121 2429 in
1148 2409 1333 2430 marmoreum
1363 2403 1452 2430 solum
1475 2403 1637 2438 coniectus,
1659 2402 1804 2436 oculisque

1010 2449 1144 2476 duntaxat
1168 2449 1267 2484 (neque
1289 2447 1377 2481 enim,
1401 2449 1493 2476 nervis
1513 2449 1627 2476 omnino
1647 2448 1802 2478 dissolutis.

1012 2499 1093 2530 caput
1112 2502 1223 2523 movere
1243 2494 1363 2530 poterat)
1387 2495 1514 2529 sublatis,
1540 2495 1614 2522 bunc
1634 2494 1663 2522 in
1689 2494 1805 2529 modum

1013 2541 1102 2569 oravit
1119 2551 1126 2569 :

1050 2634 1094 2660 l7.
1109 2633 1209 2660 Sancte
1225 2639 1257 2659 ac
1273 2631 1428 2659 beatissime
1444 2631 1628 2658 certaminum
1643 2630 1740 2662 victor,
1757 2638 1805 2665 ga-

1014 2679 1154 2714 nuiueque
1169 2678 1272 2706 Christi
1290 2685 1381 2711 serve,
1396 2677 1460 2713 qui,
1482 2677 1575 2705 anima
1601 2681 1647 2705 tua
1667 2685 1717 2712 pro
1742 2677 1804 2712 ipso

1013 2725 1087 2757 data,
1105 2724 1211 2751 animas
1223 2723 1305 2751 etiam
1322 2723 1470 2751 multorum
1484 2722 1607 2751 lucratus
1617 2729 1657 2755 es,
1672 2727 1754 2757 atque
1769 2722 1804 2749 ad

1013 2778 1075 2798 eum
1094 2770 1249 2803 adduxisti;
1276 2769 1324 2805 qui
1345 2777 1446 2804 corpus
1459 2773 1537 2798 tuum
1556 2769 1659 2796 lanceis
1676 2777 1725 2804 pro
1743 2769 1804 2803 ipso

1013 2817 1184 2844 vulneratum
1201 2815 1374 2850 conspicatus
1392 2815 1638 2851 magniﬁcatusque
1652 2814 1803 2842 multorum

1014 2863 1094 2891 ctiam
1110 2870 1224 2897 «πνοι-λ
1239 2872 1251 2890 εξ
1270 2862 1357 2890 leonis
1368 2862 1498 2890 dentibus
1513 2868 1597 2897 usque
1614 2868 1688 2889 nunc
1705 2859 1803 2895 eripis,
