2039 3150
156 166 221 201 1221

663 173 692 203 S.
706 171 899 202 DEMETRII
920 173 1120 202 MARTYIHS
1141 173 1244 202 ACTA.

1719 176 1788 209 1222

153 222 236 254 δόλως
251 222 416 249 ὑπενδοῦναι
432 223 482 259 τὴν
499 223 585 259 φορὰν
600 224 646 250 τοῦ
660 225 787 260 αἵματος,
800 225 836 257 ὡς
849 226 944 252 λοιπὸν

999 227 1101 254 mentio
1118 227 1287 259 extenuatis,
1304 227 1330 254 in
1346 228 1477 256 extremis
1491 232 1602 258 tandem
1614 232 1655 258 vir
1670 232 1793 268 jaceret,‘

154 271 183 296 ἐν
201 269 262 299 ταῖς
283 269 457 302 τελευταίαις
485 270 595 297 κεῖσθαι
624 270 671 297 τὸν
684 271 771 306 ἄνδρα
789 273 882 303 πνοαῖς
897 273 948 306 τῆς

153 315 199 342 τοῦ
216 315 321 346 πάθους
345 315 528 351 σφοδρότητος
550 318 782 353 καταχαλασοὶσης
802 318 850 353 τὴν
869 317 948 344 δύνα-

155 369 211 394 μιν,
231 359 309 394 ἄφνω
326 361 390 392 τοὺς
405 361 564 397 ὀφθαλμοὺς
584 362 681 398 διάρας
695 363 787 398 ἠρέμα
801 363 877 397 λέγει
891 365 947 396 τοῖς

154 406 230 437 ἰδίοις
245 414 253 422 ⁸
267 407 460 439 Βαστάσαντες
477 409 638 443 ἀπαγάγετέ
656 418 688 443 με
703 410 742 441 εἰς
754 409 800 437 τδν
814 407 888 436 οἷκον
899 410 947 437 τοῦ

153 453 309 487 προστάτου
337 454 388 488 τῆς
419 454 528 486 πόλεως
548 455 638 490 ἡμῶν.
665 456 697 482 Ol.
719 455 749 482 δὲ
768 456 837 492 μετὰ
861 457 946 490 φόὁου

152 499 349 536 ἀποκριθέντες
371 500 499 534 λέγουσιν
514 501 588 536 αὐτῷ
604 510 610 517 '
626 502 674 534 Et;
692 502 772 530 ποίου
790 503 946 538 προστάτου

153 544 229 572 οἷκον
244 546 369 579 κελεύεις
385 549 452 582 ἡμῖν
479 548 638 582 ἀπαγαγεῖν
671 557 701 576 σε
719 558 726 582 ;
742 550 824 584 Λέγει
843 551 946 583 αὐτοῖς,

152 593 206 620 Τοῦ
238 594 411 630 πρώτου-οἱ
438 594 467 621 δὲ
496 595 590 630 φασὶν,
617 595 731 631 Πρώτου
759 597 851 630 τίνοςς
880 597 947 624 Εἰπὲ

153 640 220 674 ἡμῖν
243 640 274 666 τὸ
298 640 395 675 ὖνομα,
421 640 552 668 δέσποτα.
575 642 605 668 '0
630 642 660 668 δὲ
689 641 828 674 ἐμϐλέψας
853 643 948 674 αὐτοῖς

152 685 247 719 λέγει·
267 686 361 713 Ἔστω
385 686 440 721 ἐγὼ
463 687 507 714 διὰ
526 687 576 723 τὴν
606 687 684 716 νόσον
702 688 812 715 ἔλαττον
843 688 945 723 φρονῶ,

152 732 213 763 πῶς
243 732 291 758 καὶ
313 732 394 767 ὑμετς
423 733 594 767 ὑγιαίνοντες
620 734 763 769 ὰφρονεῖτε
778 743 785 768 ;
801 735 858 761 Οὐκ
877 736 945 767 ἴστε,

152 778 191 805 ὅτι
210 779 325 810 πολλοὺς
342 779 392 813 μὲν
405 779 464 814 ἔχει
475 781 633 814 προστάτας
648 780 665 815 ή
678 780 756 811 πόλις
771 781 848 813 παρὰ
866 780 946 815 Θεῷ;

152 823 199 849 ἕνα
214 823 242 850 δὲ
256 824 287 850 τὸ
302 823 413 859 πρῶτον
436 824 528 852 αὐτῶν
543 825 589 851 διὰ
612 825 732 860 Χριστοῦ
757 825 946 861 ἐκληρώσατο,

154 869 200 895 τὸν
221 870 270 896 καὶ
285 869 412 904 ἐκθύμως
430 872 478 896 καὶ
495 870 606 906 θερμῶς
628 871 843 907 ὑπερμαχοῦντα
858 873 946 907 αὐτῆς

151 915 191 944 είς
212 915 266 949 ἀεὶ,
282 915 311 942 ὃν
340 915 378 947 ὡς
407 916 498 951 τεῖχος
522 916 740 952 ἁκαταμάχητον
763 917 794 944 οὐ
821 918 903 953 μόνον
926 920 943 954 ἡ
961 923 981 951 Β

152 961 242 993 πόλις,
256 961 324 988 ἀλλὰ
338 962 386 988 καὶ
399 963 416 998 ἡ
435 963 512 989 πᾶσα
528 962 605 999 χώρα
621 963 798 999 κεκλήρωται
812 974 819 998 ;

186 1010 241 1034 κε’.
265 1007 439 1043 Ἀπαγάγετέ
466 1017 501 1044 με
519 1010 666 1045 τοιγαροῦν
682 1011 723 1042 είς
735 1010 783 1038 τὸν
804 1009 879 1037 οἷκον
897 1012 946 1039 αὺ-

149 1051 208 1078 τοῦ.
225 1052 261 1079 Ἢ
277 1052 331 1087 γὰρ
357 1053 582 1089 ἐπισκεψάμενος
602 1054 674 1082 ἐλεεῖ
688 1064 732 1090 με,
749 1055 766 1091 ἢ
791 1056 838 1083 καὶ
855 1057 947 1083 τελευ-

151 1097 257 1129 τῶντός
284 1107 336 1133 μου
350 1099 440 1125 ἐκεῖσε
465 1100 627 1134 ἀποδέξεταί
647 1110 699 1136 μου
726 1101 777 1137 τὴν
802 1102 944 1138 πρόθεσιν,

150 1145 198 1171 καὶ
214 1144 244 1171 ἐν
259 1146 292 1179 τῇ
312 1145 450 1182 μελλούσῃ
467 1147 701 1182 παραστάσειτοῦ
717 1148 838 1184 φοϐεροῦ
858 1149 946 1184 βήμα-

149 1197 194 1222 τος
210 1189 258 1216 τσῦ
273 1190 392 1225 Χριστοῦ
410 1193 587 1227 πρεσϐεύσας
603 1193 738 1226 ἐξελεῖταί
764 1203 797 1230 με
817 1195 867 1230 τῆς
880 1196 946 1223 alw-

153 1236 210 1263 vlou
227 1237 378 1269 κολάσεως.
401 1240 433 1265 Ol
447 1239 475 1266 δὲ
495 1239 584 1267 ταῦτα
605 1239 788 1273 ἀκούσαντες,
820 1242 945 1276 συνῆκαν

149 1282 190 1309 ὅτι
207 1284 272 1318 περὶ
283 1284 332 1311 τοῦ
349 1284 501 1321 ἁγιοδώρου
530 1286 596 1313 ναοῦ
612 1286 686 1322 λέγει
709 1287 757 1314 τοῦ
781 1288 944 1320 πανενδόξου

151 1329 291 1364 μάρτυρος
319 1331 494 1366 Δημητρίου,
524 1333 574 1359 καὶ
602 1333 652 1369 τὴν
675 1334 809 1370 ταχίστην
828 1335 945 1370 ἄραντες

149 1374 297 1411 ἀπήγαγον
312 1376 395 1404 αὐτὸν
413 1378 515 1405 ἐκεῖσε.
539 1379 608 1406 Ποία
633 1379 725 1407 τοίνυν
737 1380 860 1414 γλῶσσα,
873 1380 947 1416 φιλό-

149 1422 398 1457 χριστοιὰδελφοὶ,
432 1424 556 1459 ἐξισχύει
573 1424 604 1451 τὸ
630 1425 745 1461 μέγεθος
777 1427 946 1462 διασαφῆσαι

147 1467 194 1493 τοῦ
220 1467 382 1502 Θαύματος;
409 1470 488 1502 Ποίος
511 1471 540 1498 δὲ
556 1471 618 1504 νοῦς
647 1472 717 1504 ὅλως
739 1473 945 1509 συνεπαρθῆναι

147 1513 200 1540 κάν
220 1514 282 1545 ταῖς
304 1515 422 1546 ἐννοίαις
436 1515 584 1551 δυνήσεται
601 1517 636 1552 τῇ
654 1516 876 1552 πολυσπλὰγχνῳ
896 1525 946 1552 με-

147 1558 285 1594 γαλοφυῒα
310 1560 357 1587 τοῦ
388 1561 552 1596 μάρτυρος;
578 1562 626 1589 Ὃν
642 1562 697 1596 γὰρ
720 1563 750 1589 οὺ
768 1562 896 1596 πλοῦτος,
913 1562 945 1590 οὺ

1001 274 1190 308 ineXSpectato
1208 273 1323 302 sublatis
1340 275 1469 310 paulatim
1497 277 1598 310 oculis,
1625 280 1714 307 servis
1730 282 1789 309 suis

1000 318 1087 346 dixit:
1120 319 1160 346 Ad
1190 320 1301 348 domum
1338 322 1457 350 civitatis
1483 330 1584 352 nostra;
1623 328 1790 361 protectoris

999 365 1138 393 sublatum
1155 374 1198 394 me
1213 367 1292 395 (erle.
1312 368 1352 395 llii
1368 374 1459 397 autem
1476 378 1539 398 cum
1555 371 1652 400 timore
1674 382 1789 409 respon-

999 412 1099 439 dentes
1123 412 1221 440 dicunt
1248 415 1292 441 ei:
1316 415 1356 442 Ad
1384 415 1465 451 cujus
1487 420 1653 452 protectoris
1677 420 1788 448 donuun

997 458 1078 491 jubes
1093 465 1144 486 nos
1173 464 1198 487 te
1215 459 1309 487 ferre?
1325 461 1395 489 Dicit
1421 463 1471 495 eis,
1500 463 1609 495 Primi;
1637 465 1716 493 aiunt
1737 467 1787 498 illi,

998 503 1148 539 Cujumam
1179 504 1279 540 primi?
1308 507 1354 534 Dic
1377 508 1457 535 nobis
1491 517 1602 542 nomen,
1637 511 1713 538 here.
1738 511 1789 540 llic

998 558 1066 578 vero
1083 559 1132 578 eos
1147 551 1262 580 intuitus
1278 553 1363 580 dicit:
1380 553 1459 582 Esto:
1476 563 1525 591 ego
1539 556 1573 583 ob
1591 557 1715 584 morbum
1735 559 1788 586 mi-

999 605 1052 624 nus
1065 599 1181 632 sapiam,
1201 600 1340 634 quomodo
1354 605 1382 628 et
1397 609 1455 635 vos,
1480 607 1555 630 recte
1569 603 1701 636 valentes,
1716 604 1789 632 desi-

999 644 1087 678 pitis?
1106 644 1269 678 Nescitisne,
1298 647 1397 674 multos
1414 648 1485 682 apud
1502 648 1588 676 Deum
1617 655 1788 684 protectores

999 689 1139 717 civitatem
1158 690 1272 725 habere,
1291 701 1375 720 unum
1392 699 1483 722 autem
1498 703 1546 728 per
1560 695 1699 723 Christum
1716 697 1789 724 obti-

1000 736 1093 764 nuisse
1117 744 1214 764 eorum
1242 739 1361 773 primum
1379 740 1430 776 (8),
1454 741 1500 776 qui
1529 742 1652 770 animose
1682 751 1789 778 semper

998 786 1081 816 atque
1109 782 1240 810 alacriter
1267 791 1316 819 pro
1339 793 1370 812 en
1385 790 1507 821 pugnat;
1531 795 1613 822 quem
1632 792 1662 815 ut
1678 796 1788 816 murum

998 827 1238 864 inexpugnabilem
1262 838 1317 858 non
1343 832 1431 859 solum
1458 833 1565 866 civitas,
1587 835 1635 862 sed
1648 839 1676 862 et
1697 835 1788 863 omnis

1000 875 1076 910 regio
1089 877 1188 904 sortita
1202 877 1262 905 est?

1032 1009 1078 1037 25.
1094 1009 1136 1038 Me
1149 1010 1230 1046 igitur
1246 1003 1407 1041 adldomum
1432 1013 1494 1049 ejus
1507 1015 1624 1044 deferte.
1646 1016 1694 1044 Vel
1713 1018 1787 1046 enim

997 1054 1115 1083 visitans
1138 1057 1315 1085 miserebitur
1339 1059 1404 1091 mei,
1432 1060 1476 1087 vel
1502 1065 1580 1089 certe
1604 1070 1666 1090 cum
1685 1063 1787 1092 ibidem

997 1101 1102 1135 obiero,
1117 1103 1237 1130 animam
1253 1111 1344 1132 meam
1364 1106 1499 1142 suscipiet
1522 1112 1551 1136 et
1566 1108 1594 1136 in
1616 1109 1709 1138 futura
1724 1111 1788 1138 bor-

998 1147 1075 1174 rcndi
1112 1148 1256 1176 tribunalis
1286 1150 1390 1178 Christi
1421 1153 1570 1186 praesentia
1611 1155 1788 1185 intercedens

996 1198 1099 1220 aeterno
1126 1202 1170 1222 me
1193 1195 1294 1230 eripiet
1315 1197 1477 1232 suppliciOu
1494 1199 1545 1232 llli,
1574 1201 1649 1229 hisce
1672 1203 1786 1237 auditis,

997 1239 1031 1266 de
1060 1239 1252 1275 gloriosissimi
1288 1244 1416 1279 martyris
1450 1244 1583 1273 Demetrii
1611 1249 1724 1283 templo,
1759 1249 1788 1277 in

996 1292 1052 1320 quo
1077 1286 1148 1314 dona
1174 1295 1189 1314 a
1205 1292 1304 1316 sancto
1324 1289 1451 1318 solebant
1468 1291 1600 1326 conferri,
1622 1293 1697 1329 loqui
1724 1302 1788 1323 eum

997 1331 1204 1366 intellexerunt,
1233 1335 1432 1371 celerrimeque
1459 1338 1597 1366 sublatum
1626 1347 1659 1367 eo
1680 1341 1788 1370 detule-

998 1382 1072 1405 runt.
1089 1378 1184 1411 Qualis
1201 1380 1283 1408 modo
1292 1380 1396 1417 lingua,
1415 1382 1517 1411 Christi
1531 1390 1657 1413 amantes
1674 1386 1787 1422 fratres,

998 1425 1124 1452 miraculi
1151 1426 1369 1461 magnitudinem
1398 1429 1538 1464 explicare
1570 1432 1695 1466 poterit?
1720 1433 1788 1466 Qua:

997 1478 1063 1498 vero
1075 1479 1164 1504 mens,
1192 1472 1236 1499 vel
1255 1474 1402 1508 cogitando
1419 1476 1512 1510 ctiam,
1528 1477 1645 1505 multum
1678 1479 1790 1508 miseri-

997 1517 1109 1545 cordem
1127 1518 1258 1554 martyris
1272 1520 1402 1547 virtutem
1418 1522 1509 1557 dignis
1534 1523 1665 1553 laudibus
1685 1527 1789 1561 poterit

998 1563 1121 1591 eti‘erre?
1137 1565 1223 1598 Quem
1242 1562 1383 1594 enimnon
1407 1569 1521 1603 divitia,
1538 1579 1594 1599 non
1611 1580 1709 1608 genus,
1731 1582 1788 1602 non

147 1605 238 1638 γένος,
265 1606 296 1633 οὔ
319 1606 519 1642 βοηθημάτων,
550 1608 601 1635 οὐκ
629 1608 756 1644 ἰατρικῆς
785 1609 944 1645 ἐπιστήμης

999 1610 1241 1644 medicamentum,
1254 1619 1310 1640 non
1324 1614 1391 1641 artis
1419 1615 1543 1650 medicae,
1562 1625 1623 1652 quae
1640 1620 1788 1648 sanitatem

149 1651 333 1687 ὶαματοφόροι
350 1652 481 1686 ἐπίνοιαι⁷
492 1654 552 1689 οὐχ).
571 1654 625 1680 τῶν
637 1654 793 1689 λεγομένων
813 1663 942 1690 περιαμ-

149 1698 245 1732 μάτων
261 1698 367 1733 πληθὺς
387 1699 532 1735 ὠφελῆσαι
554 1700 605 1728 κᾶν
622 1709 648 1727 τι
673 1700 845 1735 βραχύτατον
868 1701 943 1736 ἰσχυ-

148 1752 206 1776 σεν,
231 1744 294 1771 οὐδὲ
305 1745 361 1780 γὰρ
372 1745 477 1772 τούτων
498 1745 642 1780 ἐφείσαντο
658 1746 747 1774 πᾶσαν
763 1747 860 1781 πεῖραν
876 1755 944 1782 προ-

148 1790 280 1823 σάγοντες
296 1791 372 1826 αὐτῷ
387 1792 413 1818 οἱ
428 1792 496 1828 πρὸς
523 1793 602 1827 γένος
617 1793 662 1820 διὰ
682 1793 730 1829 τὴν
743 1793 873 1828 ἀπορίαν,
896 1793 942 1820 καὶ

147 1836 305 1874 ὰπὸγιωσιν
328 1838 374 1865 τοῦ
390 1839 558 1874 νοσήματος,
585 1839 676 1866 καίτοι
695 1838 878 1873 γινώσκοντες
903 1838 942 1871 ὡς

149 1883 387 1920 άπαγορευομὲνῳ
402 1886 547 1921 πράγματι
561 1886 745 1922 ἐγχειροῦσιν,
761 1886 855 1913 τοῦτον
870 1887 884 1913 ὁ
898 1894 943 1921 μι-

150 1929 238 1964 μητὴς
255 1929 302 1956 τοῦ
326 1931 430 1960 οἰκείου
446 1932 590 1966 δεσπότου,
613 1933 627 1959 ὁ
650 1932 837 1967 σωςοπολίτης
856 1932 941 1963 ὅντως

148 1975 197 2002 καὶ
230 1975 409 2010 ὑπερένδοξος
434 1977 585 2014 ἁθλοφόρος
613 1977 731 2013 Χριστοῦ
760 1979 788 2004 ἐν
811 1977 942 2013 ὀλιγίστῳ

148 2020 220 2047 πάνυ
236 2022 334 2057 καιροῦ
356 2023 524 2059 διαστήματι
547 2024 611 2059 ὑγιῆ
632 2024 774 2059 καὶάσινῆ,
791 2025 837 2051 καὶ

148 2066 230 2101 μένον
247 2069 434 2106 παρέστησεν,
456 2070 486 2096 οὐ
507 2070 590 2105 μόνον
606 2070 786 2105 σωματικῶς,
807 2069 878 2097 ἀλλὰ
894 2071 942 2098 καὶ

169 2129 281 2151 υχικως.

169 2130 183 2146 υ
204 2129 281 2151 ικως.

145 2120 166 2156 ψ
182 2129 240 2209 ἶς’.
255 2176 334 2204 Οὕτω
347 2176 395 2202 καὶ
411 2175 545 2205 συνέσεως
560 2173 693 2209 πλησθεὶς
714 2175 728 2201 ὁ
741 2175 811 2210 ἀνὴρ
830 2176 876 2204 διὰ
890 2177 941 2212 τῆς

145 2223 193 2250 τοῦ
213 2223 352 2258 μάρτυρος
366 2222 489 2257 χάριτος,
503 2221 613 2247 πάντων
627 2221 875 2257 ἐκπεπληγμένων,
893 2224 940 2250 καὶ

145 2270 247 2305 τρόπον
261 2271 324 2295 τινὰ
335 2268 523 2302 ἐξεστηκότων
537 2267 584 2294 ἐπὶ
595 2269 629 2303 τῇ
644 2268 842 2304 ἀπροσδοκήτῳ
855 2270 939 2297 αὑτοῦ
956 2282 979 2311 D

145 2315 237 2351 ὑγεία,
250 2317 296 2342 καὶ
308 2316 348 2350 τῷ
359 2316 436 2351 τάχει
451 2314 547 2348 αὐτῆς,
560 2312 620 2341 εἷπε
637 2316 705 2350 πρὸς
721 2316 783 2348 τοὺς
797 2317 940 2352 παρεστῶ-

145 2372 206 2395 τας,
231 2362 339 2395 ἀνοίξας
359 2362 391 2389 τὸ
416 2362 505 2396 στόμα
523 2361 665 2393 εὐσταθῶς
692 2362 940 2398 ἐξομολογούμενος

145 2409 184 2444 τῷ
201 2408 258 2436 τῶν
273 2408 344 2434 ὅλων
365 2407 488 2443 Δεσπότῃ
505 2407 565 2443 Θεῷ
576 2415 582 2422 ·
598 2408 646 2438 Τίς
659 2407 772 2442 λαλήσει
788 2409 838 2440 τὰς
857 2409 939 2435 δυνα-

148 2455 241 2486 στείας
256 2454 305 2481 τοῦ
321 2454 435 2488 Κυρίου,
455 2453 574 2488 φιλόθεοι
592 2454 640 2480 καὶ
653 2454 793 2489 ἀγαπητοὶ
805 2454 917 2490 ἀδελφοί
929 2464 938 2489 ;

147 2502 182 2528 Ἦ
198 2501 239 2532 τίς
255 2500 392 2532 ἁκουστὰς
405 2501 516 2535 ποιήσει
538 2500 628 2532 πάσας
641 2500 690 2532 τὰς
704 2500 822 2532 αίνέσεις
839 2501 937 2534 αὐτοῦς

146 2548 193 2579 Τίς
208 2549 265 2583 γὰρ
282 2547 320 2579 ὼς
335 2547 439 2582 Κύριος
454 2547 467 2573 ὀ
481 2547 548 2578 Θεὸς
561 2547 641 2581 ήμῶν
658 2547 672 2573 ὁ
693 2548 722 2573 ἐν
741 2547 855 2582 ὑψηλοῖς
874 2556 941 2574 κατ-

146 2594 241 2625 οικῶν,
259 2593 308 2620 καὶ
322 2594 355 2620 τὰ
371 2593 488 2619 ταπεινὰ
504 2594 611 2627 ἐφορῶν
627 2594 656 2620 ἐν
672 2594 712 2628 τῷ
726 2593 834 2628 οὐρανῷ
854 2594 901 2620 καὶ
913 2595 942 2620 ἐν

145 2640 178 2674 τῇ
208 2640 255 2674 γῇ,
270 2640 283 2665 ὁ
299 2638 508 2674 ὲνδοξαζόμενος
526 2640 555 2665 ἐν
575 2638 657 2674 βουλῇ
673 2639 759 2673 ἁγίων
775 2639 862 2674 μέγας
892 2639 940 2666 καὶ

148 2686 264 2721 φοῦερός
280 2687 376 2719 conv;
402 2686 508 2716 Ὄντως
528 2685 556 2712 ἐν
571 2685 654 2721 βουλῇ
671 2686 774 2712 εὺθὲων
795 2686 842 2712 καὶ
857 2694 940 2713 συνα-

149 2734 238 2768 γωγῇ,
253 2733 362 2768 μεγάλα
378 2731 412 2759 τὰ
427 2731 498 2765 ἔργα
511 2731 614 2759 Κυρίου
626 2739 633 2747 ·
650 2731 760 2764 ἔπαισε,
775 2730 822 2757 καὶ
839 2731 868 2758 αἱ
882 2733 941 2766 χεῖ-

184 2815 222 2853 (8)
237 2814 307 2841 lliuc
323 2812 428 2848 collige.
445 2812 501 2847 jam
519 2812 580 2853 inde
596 2820 610 2839 ιι
625 2812 738 2853 Joannis
759 2811 936 2853 TheSSaIIoni—

150 2850 238 2877 censis
265 2853 344 2876 :ctate
369 2856 417 2876 seu
451 2848 551 2875 sucula
576 2848 692 2881 septimo
728 2848 936 2882 verosimileque

151 2886 231 2912 etiam
249 2885 388 2918 aliquanto
403 2883 488 2923 prius,
508 2890 539 2924 ac
563 2884 639 2924 proin
656 2883 793 2924 jam_iude
808 2884 902 2924 saltem
920 2891 934 2910 a

151 2921 249 2949 saculo
268 2917 344 2948 sexto
358 2927 408 2956 pro
424 2919 556 2954 primario
570 2917 688 2947 civitatis
707 2917 935 2946 Thessalonicen-

998 1657 1097 1684 atIerre
1113 1657 1212 1691 solent,
1242 1659 1411 1694 adjumcnta.
1429 1671 1496 1695 non,
1526 1669 1557 1692 ut
1571 1667 1664 1694 vocari
1681 1668 1786 1702 solent,

996 1703 1180 1731 amuletorum
1222 1705 1334 1741 (neque
1371 1709 1445 1736 enim
1483 1713 1701 1748 consanguinei,
1738 1715 1788 1751 qui

997 1749 1089 1776 omnia
1109 1749 1136 1776 in
1153 1758 1186 1778 eo
1201 1753 1430 1788 experiebantur,
1448 1755 1522 1784 hisce
1537 1757 1631 1792 etiam,
1647 1763 1710 1787 utut
1726 1749 1787 1789 rem

997 1796 1164 1830 prohibitam
1176 1806 1236 1826 sese
1246 1798 1337 1827 facere
1353 1807 1510 1836 noscentes,
1523 1804 1557 1831 oh
1570 1806 1685 1834 sanandi
1698 1808 1787 1835 morbi

996 1841 1184 1871 ditiicultatom
1204 1845 1485 1884 desperationemquc
1510 1853 1671 1888 pepercere)
1692 1854 1787 1882 multi-

997 1889 1062 1916 tudo
1094 1891 1137 1918 vel
1167 1893 1312 1921 minimum
1343 1895 1426 1923 etiam
1452 1897 1550 1932 juvare
1579 1900 1694 1935 potuit,’f
1712 1901 1788 1930 hunc

996 1934 1106 1963 Domini
1121 1937 1163 1965 sui
1178 1939 1309 1973 imitator,
1325 1941 1444 1969 civitatis
1464 1951 1527 1970 vere
1558 1950 1691 1979 servator,
1708 1946 1789 1976 Chri-

996 1981 1087 2016 stique
1125 1985 1309 2013 certaminum
1339 1988 1427 2015 victor
1453 1989 1617 2018 brevissimo
1651 1994 1786 2028 temporis

996 2029 1096 2063 spatio,
1126 2036 1181 2057 non
1198 2031 1287 2058 solum
1316 2035 1469 2062 secundum
1500 2044 1610 2072 corpus,
1636 2039 1684 2066 sed
1701 2039 1786 2068 etiam

995 2076 1150 2103 secundum
1173 2077 1291 2105 animam
1316 2086 1412 2107 sanum
1439 2089 1470 2109 ac
1485 2082 1603 2117 salvum,
1628 2085 1786 2121 viribusque

995 2122 1153 2150 restitutum
1168 2124 1297 2152 reddidit.

1031 2167 1076 2195 26.
1092 2167 1130 2196 Ita
1149 2170 1253 2205 quippe
1281 2171 1424 2200 intellectu
1456 2182 1506 2208 per
1529 2177 1657 2212 martyris
1670 2178 1785 2213 gratiam

996 2213 1038 2240 vir
1065 2216 1197 2251 repletus,
1228 2218 1359 2246 omnibus
1382 2221 1515 2255 perculsis
1531 2227 1558 2250 et
1579 2225 1785 2258 quodammodo

996 2267 1052 2295 pra:
1079 2260 1267 2297 inexspectata
1302 2266 1447 2294 sanatione
1476 2268 1613 2304 hujusque
1641 2271 1784 2300 celeritate

994 2312 1070 2334 extra
1086 2315 1116 2335 se
1144 2309 1240 2344 raptis,
1269 2318 1317 2339 ore
1345 2317 1441 2347 aperto
1470 2314 1577 2342 laudem
1595 2315 1660 2350 Deo,
1691 2325 1784 2347 rerum

995 2354 1119 2381 omnium
1136 2355 1263 2388 Domino.
1285 2357 1412 2386 alacriter
1427 2361 1582 2390 attribuens
1603 2363 1671 2390 dixit
1691 2370 1785 2392 astan-

995 2400 1089 2428 tibus:
1107 2401 1215 2430 Domini
1228 2403 1354 2437 virtutes,
1369 2405 1416 2433 Dei
1435 2413 1559 2436 amantes
1574 2417 1605 2436 ac
1618 2409 1708 2438 dilecti
1729 2411 1786 2438 fra-

996 2452 1061 2480 tres,
1079 2449 1142 2484 quis
1156 2448 1305 2484 loquetur?
1319 2451 1365 2478 Vei
1380 2452 1442 2487 quis
1456 2461 1551 2481 omnes
1559 2454 1619 2489 ejus
1634 2456 1729 2484 laudes
1744 2458 1785 2485 la<

993 2494 1049 2522 ciet
1066 2496 1194 2524 auditas?
1208 2497 1274 2530 Quis
1285 2497 1358 2525 enim
1370 2498 1440 2526 sicut
1457 2498 1587 2529 Dominus
1597 2501 1667 2530 Deus
1678 2508 1784 2538 noster,

993 2540 1020 2568 in
1039 2542 1157 2570 excelsis
1171 2543 1301 2572 habitans
1319 2545 1432 2573 humilia
1449 2551 1477 2573 et
1489 2546 1516 2574 in
1531 2547 1609 2575 ctelis
1624 2554 1652 2576 ct
1668 2550 1695 2576 in
1712 2555 1784 2578 terra

994 2589 1119 2623 respicit,
1140 2590 1188 2625 qui
1217 2590 1416 2620 honoriﬁcatus
1444 2593 1472 2620 in
1489 2594 1608 2622 concilio
1624 2601 1784 2626 sanctorum

993 2643 1108 2671 magnus
1121 2640 1149 2664 et
1179 2637 1308 2665 terribilis
1324 2639 1387 2666 est?
1417 2638 1486 2667 Vere
1502 2640 1530 2668 in
1544 2641 1662 2670 consilio
1675 2648 1702 2670 et
1719 2650 1786 2671 con-

992 2684 1150 2719 gregatione
1166 2683 1304 2718 iustorum
1320 2692 1417 2720 magna
1433 2693 1518 2721 opera
1535 2686 1660 2716 Domini:
1673 2697 1785 2724 percus-

992 2731 1027 2758 sit
1043 2735 1071 2757 et
1090 2738 1188 2758 manus
1214 2731 1275 2765 eius
1291 2738 1470 2760 sanaverunt.
1487 2733 1583 2764 Sexies
1597 2740 1622 2764 te
1637 2743 1672 2764 ex
1695 2745 1783 2774 angu-

991 2813 1029 2840 sis
1047 2817 1163 2849 patrono
1183 2811 1304 2849 habitum
1332 2812 1418 2840 fuisse
1441 2817 1566 2849 sanctum
1591 2814 1758 2843 Demetrium
1772 2836 1781 2849 ,

990 2850 1036 2882 qui
1053 2848 1402 2888 proinde_etiam.jam_tum
1416 2848 1490 2875 cuitu
1501 2850 1687 2888 ecclesiastico
1701 2848 1784 2888 plane

991 2884 1089 2919 insigni
1109 2883 1191 2912 fuerit
1209 2883 1319 2912 indubie
1336 2884 1438 2912 ibidem
1455 2885 1571 2919 gavisus.
