2039 3150
175 165 244 198 1333

701 170 729 200 S.
749 170 940 202 DEMETRII
954 172 1151 202 MARTYRIS
1167 173 1274 204 ACTA.

1715 194 1725 200 -
1746 173 1814 206 1334

169 223 350 256 διασωθέντες
363 225 506 260 πλωτῆρας
526 226 573 252 τὸν
587 226 681 254 θεόθεν
702 228 795 260 αὐτοῖς
812 229 961 264 γενόμενον

1030 230 1066 257 ibi
1079 237 1126 264 per
1135 230 1315 258 certaminum
1329 231 1466 259 Victorem
1482 232 1587 260 cladem
1599 232 1684 261 fuisse
1699 233 1813 267 illatam,

174 269 285 304 ὕλιθρον
301 269 345 297 διά
356 271 403 297 τοῦ
416 271 568 306 ἀθλοφόρου
587 274 780 307 ἀφηγήσαντο,
803 277 852 302 καὶ
871 275 965 311 ἄπρα-

175 324 236 342 κτοι
250 316 319 351 μετά
331 317 448 348 πένθους
463 319 595 353 μεγίστου
615 320 649 346 τὰ
665 320 780 348 πλεῖστα
794 322 848 348 τῶν
860 323 968 357 μαγγά-

176 371 231 389 νων
248 364 366 390 καὶτῶν
386 365 495 392 σκύλων
521 367 720 400 καταλιπόντες
746 369 807 404 μετ’
834 369 968 405 αίσχύνης

176 406 290 442 ᾤχοντο.

214 454 286 489 pﬁg'.
303 456 335 481 Ol
350 456 379 482 δὲ
393 457 442 491 τῆς
459 456 593 484 θεοσώτου
609 459 712 494 ταύτης
738 459 788 495 τῆς
818 460 879 488 καθ’
896 461 971 496 ἡμᾶς

178 500 232 526 τῶν
247 501 462 529 Θεσσαλονικίων
479 504 582 536 πόλεως
596 505 690 540 δρόμῳ
703 507 732 533 τὸ
743 508 877 542 πανὰγιον
889 509 971 543 τέμε-

179 553 225 576 νος
239 545 285 571 τοῦ
300 546 388 573 αὐτῶν
411 547 564 582 προστάτου
581 550 628 576 καὶ
643 550 805 586 ὐπερμάχου
819 552 866 578 καὶ
884 552 970 587 ὑπερ-

179 591 288 624 ενδόξου
319 593 521 626 καταλαὸόντες
542 595 682 631 μάρτυρος
692 598 849 632 Δημητρίου
861 597 899 633 τῷ
911 598 972 634 Θεῷ

181 637 410 675 εὐχαριστηρίους
428 640 530 676 ὐμνοὺς
547 642 707 676 ἀνέπεμπον
721 643 845 677 λέγοντες
856 653 863 660 ·
881 644 972 680 Εὑχιι⁹

183 684 331 720 ριστοῦμὶν
361 694 422 719 σοι,
456 687 582 714 Δέσποτα
612 689 730 724 οὐρανοῦ
759 691 806 717 καὶ
835 691 904 726 γῆς,
932 691 973 718 ὅτι

182 730 299 763 ἀναξίων
315 731 399 759 ὅντων
414 734 494 768 ήμῶν
505 734 556 769 τῆς
572 736 645 770 παρά
658 735 706 762 σοῦ
719 737 857 771 σωτηρίας
871 737 914 764 διὰ
924 738 974 770 τὰς

183 776 296 808 ἐνούσας
311 778 378 812 ἡμῖν
392 779 530 814 ἁμαρτίας
547 781 596 807 οὐκ
614 780 720 813 ἔδωκας
734 783 810 817 ἡμᾶς
829 784 868 814 είς
886 783 974 818 θήραν

182 822 273 849 ὀδοῦσι
287 824 342 850 τῶν
359 824 467 860 ἐχθρῶν
480 826 558 861 ήμῶν
573 835 579 842 ·
601 828 658 854 ἀλλ’
673 828 779 857 ἔσωσας
798 830 871 865 ἡμᾶς
887 839 975 865 προσ-

182 868 330 904 δεξάμενος
357 871 407 902 τὰς
434 873 558 907 αἰτήσεις
583 873 629 899 τοῦ
667 875 782 909 γνησίου
808 875 974 910 θεράποντος

183 917 352 952 Δημητρίου.
378 918 432 944 Καὶ
457 919 535 946 τοῦτο
556 919 585 945 δὲ
605 920 750 955 τεράστιον
776 923 904 956 μέγιστον
926 924 974 950 καὶ

186 963 296 997 μνήμης
313 963 397 995 ὅντως
414 964 501 996 δεῖξαι
519 965 606 999 ἄξιον,
624 967 666 993 ὅτι
681 968 695 994 ό
710 967 765 994 τῶν
780 968 870 995 αὐτῶν
887 969 975 996 Σκλα-

184 1008 268 1034 δίνων
297 1009 421 1044 εξαρχος,
448 1010 569 1046 τοῦνομα
596 1012 722 1046 Χάτζων,
745 1014 817 1040 κατά
840 1015 871 1041 τὸ
900 1015 975 1050 αὐτῷ

184 1056 336 1091 εἰθισμένον
360 1057 403 1084 διὰ
430 1059 561 1092 μαντείας
585 1060 708 1094 ᾐτήσατο
723 1061 829 1095 μαθεῖν,
847 1062 871 1087 εἰ
886 1061 976 1088 είσελ-

184 1101 241 1127 θεῖν
253 1101 309 1136 ἔχοι
323 1102 352 1127 ὲν
366 1104 399 1137 τῇ
418 1102 596 1139 θεοφυλάκτῳ
611 1105 689 1140 ήμῶν
703 1106 790 1138 πόλει,
808 1106 856 1133 καὶ
869 1107 975 1142 ὲρρήθη

185 1147 270 1183 αὐτῷ,
291 1149 331 1175 ὅτι
353 1150 484 1176 είσε).θετν
502 1150 558 1184 ἔχει
572 1159 578 1166 ·
597 1152 627 1177 τὺ
643 1151 671 1178 δὲ
687 1152 746 1183 πῶς
758 1152 808 1178 οὐκ
828 1153 976 1189 ὖπεδείχθη

184 1194 270 1230 αὐτῷ,
285 1194 332 1221 καὶ
338 1195 432 1222 λοιπον
441 1196 478 1227 ὼς
490 1196 543 1222 ἀπὸ
552 1197 601 1232 τῆς
610 1197 735 1232 δοθείσης
747 1198 821 1233 αὑτῷ
834 1199 975 1233 μαντείας,

185 1243 307 1277 χρηστὰς
332 1241 402 1276 ἔχων
427 1242 465 1276 τῷ
493 1243 582 1270 δοκεῖν
605 1243 654 1275 τὰς
680 1244 800 1277 ἐλπίδας,
826 1245 923 1281 θάρσει
947 1247 977 1273 τῆ

185 1287 277 1322 δρᾶμα
295 1287 466 1322 παρώξυνεν.

223 1378 289 1413 ρξζκ
313 1379 383 1405 “Δ>.λ’
402 1379 415 1405 ο
435 1379 549 1406 ἀλλοιῶν
567 1381 680 1415 καιροὺς
707 1381 755 1408 καὶ
779 1382 911 1416 χρόνους,
931 1384 978 1410 καὶ

184 1424 370 1457 διασκεδάξων
385 1425 482 1460 βουλὰς
491 1426 610 1461 ἐχθρῶν,
629 1427 724 1454 τοῦτον
735 1427 826 1459 ζῶντα
839 1429 979 1464 αίχμάλω-

186 1479 232 1497 τον
249 1472 305 1502 τοῖς
322 1471 445 1502 πολίταις
459 1471 503 1497 διὰ
520 1470 565 1497 τοῦ
583 1473 828 1507 προσημανθέντος
846 1468 978 1509 παραπν-

186 1517 244 1544 λίου
263 1518 438 1552 παρέδωκεν·
461 1518 534 1550 τινὲς
553 1518 581 1544 δὲ
597 1519 652 1544 τῶν
667 1519 700 1545 τὰ
719 1519 814 1554 πρῶτα
839 1521 978 1555 φερόντων

1020 281 1179 309 narrarunt,
1205 284 1288 312 reque
1314 277 1427 310 infecta,
1455 278 1588 313 majorem
1613 279 1814 306 instrumento-

1021 329 1081 348 rum
1099 322 1306 358 spoliorumque
1329 328 1436 358 partem
1453 324 1574 352 maximo
1589 332 1651 353 cum
1676 325 1753 352 luctu
1770 332 1814 352 re-

1021 367 1177 402 linquentes
1189 374 1251 394 cum
1263 367 1399 395 dedecore
1414 363 1554 396 abierunt.

1061 456 1122 484 186.
1143 456 1194 490 Qui
1238 464 1302 484 vero
1332 457 1442 492 hujusa
1473 459 1527 486 Deo
1553 464 1668 487 servatze
1694 459 1814 488 Thessav

1023 501 1170 529 lonicensis
1188 507 1289 529 nostrae
1306 502 1425 530 civitatis
1445 508 1534 536 erant,
1551 504 1754 532 sanctissimum
1766 513 1814 540 pa-

1024 548 1095 575 troni
1123 548 1164 575 sui
1189 555 1221 574 ac
1238 549 1451 583 propugnatoris
1475 550 1654 585 martyrisqne
1677 550 1814 586 gloriosis-

1024 594 1084 622 simi
1100 595 1227 622 Demetrii
1251 595 1381 629 templum
1400 595 1529 623 festinato
1555 596 1699 628 adeuntes,
1721 596 1815 624 laudes

1026 641 1081 668 Deo
1104 648 1166 668 cum
1185 641 1336 676 gratiarum
1358 642 1468 669 actione
1482 642 1644 677 conjunctae
1667 642 1814 674 dederunt,

1024 688 1150 716 dicentes
1164 696 1171 714 :
1193 687 1265 722 Tibi,
1284 687 1398 716 Domine
1414 689 1476 716 ειειί
1493 693 1520 716 et
1535 692 1625 721 terrm,
1644 688 1745 723 gratias
1760 688 1817 723 agi-

1026 741 1099 766 mus,
1116 733 1189 768 quod
1209 741 1259 761 uos
1283 738 1394 768 propter
1410 733 1576 761 adhaerentia
1603 733 1681 760 nobis
1704 737 1817 768 peccata

1026 780 1114 807 salute
1131 787 1146 806 a
1163 784 1189 807 te
1207 780 1358 807 obtinenda
1373 779 1500 814 indignos
1513 779 1688 806 inimicorum
1709 784 1818 806 nostro-

1027 834 1087 853 rum
1105 826 1234 854 dentibus
1257 827 1285 853 in
1300 826 1421 861 pradam
1438 826 1511 853 haud
1532 825 1686 858 tradideris,
1709 825 1755 852 sed
1773 832 1818 858 ge-

1028 872 1104 898 nuini
1133 872 1205 899 servi
1234 871 1363 898 Demetrii
1388 879 1485 905 preces
1507 872 1661 906 suscipiens
1687 871 1818 898 servaris.

1028 916 1084 943 Hoc
1102 924 1184 951 porro
1199 917 1286 944 etiam
1300 917 1464 948 maximum,
1478 917 1674 951 memoriaque,
1691 921 1720 943 ut
1737 916 1761 943 id
1773 924 1819 942 ex-

1027 963 1182 993 hibeamus.
1207 970 1272 990 vere
1298 962 1411 997 dignum
1428 963 1480 990 fuit
1507 963 1682 995 miraculum,
1704 969 1818 989 eorum-

1028 1009 1089 1036 dem
1117 1008 1278 1037 Sclavorum
1305 999 1457 1044 principem
1485 1009 1531 1044 qul
1554 1009 1676 1036 Chataon
1701 1008 1818 1037 vocabu-

1028 1060 1072 1083 tur
1096 1055 1163 1091 (‘28),
1183 1063 1231 1091 pro
1248 1063 1325 1083 more
1356 1063 1416 1088 suo,
1443 1056 1548 1083 foretno
1580 1055 1608 1082 in
1627 1054 1818 1082 custoditama

1028 1103 1083 1129 Deo
1098 1103 1237 1130 civitatem
1261 1107 1383 1130 nostram
1410 1103 1596 1138 ingressurus,
1623 1100 1727 1128 oraculi
1749 1102 1819 1134 peli-

1028 1148 1102 1175 tione
1113 1148 1219 1175 discere
1233 1147 1381 1180 studuisse,
1396 1147 1477 1182 eique
1494 1146 1554 1174 fore
1569 1150 1600 1173 ut
1614 1146 1816 1181 ingrederetur.

1028 1202 1190 1229 responsum
1219 1194 1324 1228 fuisse;
1341 1201 1397 1229 quo
1423 1198 1515 1221 autem
1538 1193 1620 1221 modo
1634 1193 1659 1220 ei
1678 1197 1818 1220 ostensum

1028 1241 1103 1268 haud
1128 1246 1198 1274 erat,
1214 1241 1323 1268 tandem
1337 1241 1434 1274 etiam,
1458 1243 1554 1274 utpote
1572 1247 1588 1266 e
1603 1239 1668 1266 dato
1684 1239 1735 1266 sibi
1750 1238 1820 1265 vati-

1028 1287 1103 1314 cinio
1127 1287 1238 1319 bonam,
1256 1291 1286 1314 ut
1299 1287 1462 1322 apparebat,
1476 1284 1682 1321 spem‘habens,
1698 1291 1755 1312 rem
1769 1291 1818 1311 au-

1028 1334 1123 1360 daclcr
1142 1333 1195 1360 fuit
1207 1341 1363 1368 aggressus.

1066 1378 1129 1406 167.
1151 1377 1251 1405 Verum
1273 1378 1319 1413 qui
1354 1379 1512 1407 occasiones
1542 1386 1575 1406 ac
1607 1382 1729 1412 tempora
1762 1383 1821 1403 mu-

1029 1429 1078 1458 tat,
1100 1424 1327 1458 inimicorumque
1348 1425 1460 1452 consilia
1481 1425 1604 1459 dissipat,
1627 1424 1720 1450 vivum
1743 1422 1820 1449 illum

1030 1471 1135 1498 civibus
1168 1478 1216 1505 per
1243 1471 1385 1506 praefatam
1415 1471 1559 1506 portellam
1589 1471 1727 1505 captivum
1766 1473 1822 1496 tra-

1029 1518 1116 1550 didit;
1139 1517 1249 1552 qnidam
1278 1522 1368 1544 autem
1398 1518 1519 1545 civitatis
1552 1521 1652 1545 nostra
1686 1516 1822 1551 primores

184 1563 234 1598 τῆς
258 1563 321 1590 καθ’
345 1563 420 1597 ἡμᾶς
444 1563 548 1594 πόλεως
573 1564 643 1589 οἶκοι
667 1564 762 1591 τοῦτον
786 1565 976 1600 κατέκρυπτον

1031 1564 1103 1591 domi
1122 1571 1178 1591 sum
1199 1563 1275 1590 illum
1293 1564 1360 1590 lucri
1385 1563 1504 1598 alicujus
1530 1563 1751 1597 studiorumque,
1777 1569 1821 1588 ra-

186 1609 298 1644 κέρδους
313 1610 386 1640 τινὸς
403 1610 448 1635 καὶ
464 1610 573 1644 τρόπων
592 1609 642 1636 οὐκ
656 1610 776 1645 εὐλόγων
795 1611 876 1646 χάριν
889 1619 896 1627 ⁸
918 1613 976 1639 ἀλλ’

185 1655 246 1682 οὑδὲ
261 1656 290 1681 ἐν
303 1655 390 1691 τούτῳ
400 1655 521 1690 ἧργησεν
532 1656 548 1688 ή
561 1656 750 1690 χριστόὸουλος
764 1657 811 1684 τοῦ
824 1657 976 1693 ἀθλοφόροι»

186 1701 344 1736 προμήθεια
357 1709 363 1716 ·
382 1701 451 1728 ἀλλὰ
468 1701 568 1735 γύναια
590 1701 659 1735 πρὸς
673 1702 801 1737 ἀνδρείαν
821 1704 977 1740 ἀναστήσας

187 1749 291 1783 τόλμαν
317 1747 462 1775 τοῦτον’ὲκ
485 1747 533 1774 τοῦ
555 1747 642 1781 οῐκου,
666 1748 732 1775 ἔνθα
754 1750 977 1786 κατεκρύπτετο,

187 1796 335 1830 ἐξήγαγον,
360 1794 408 1822 καὶ
435 1793 552 1830 σύρασαι
582 1795 628 1822 διὰ
650 1795 701 1830 τῆς
725 1797 830 1829 πόλεως
858 1797 979 1826 ἐλιθοϐό-

187 1842 292 1875 λησαν²
314 1841 361 1868 καὶ
380 1840 467 1872 οὕτως
485 1840 569 1873 ἀξίως
585 1842 634 1876 τῆς
651 1841 736 1869 αὐτοῦ
759 1843 980 1880 δυσμενεστάτης

187 1887 301 1923 γνώμης
327 1888 438 1921 ἐπάξιον
459 1887 638 1922 ἀπηνέγκατο
663 1888 788 1916 θάνατον.
812 1891 914 1925 Μηδεὶς
934 1891 981 1918 οὖν

187 1935 242 1961 τῶν
257 1933 467 1970 φιλομαρτύρων
483 1933 560 1968 ὑμῶν
575 1934 718 1961 ἀπιστοϊτο
734 1937 788 1967 τοῖς
801 1937 938 1972 ἀγροίκως
951 1939 981 1965 ὲν

190 1981 304 2016 βραχέσι
328 1981 394 2015 περὶ
412 1979 516 2006 τούτων
535 1980 720 2016 ίστορηθεῖσιν
733 1990 740 1997 ·
765 1983 788 2009 εἰ
802 1983 857 2018 γὰρ
880 1983 926 2010 καί
940 1993 982 2016 τις

188 2027 226 2058 ὡς
244 2026 330 2062 ψευδῆ
342 2035 375 2061 με
394 2026 481 2053 ταῦτα
502 2027 660 2062 συγγράψαι
672 2028 980 2064 λογίσεται,σκοπείτω,

189 2073 226 2105 ὠς
239 2074 267 2100 ὲν
279 2074 372 2108 γραφῇ
385 2073 551 2108 τυγχάνουσι
567 2073 620 2108 πρὸ
633 2073 681 2100 τοῦ
698 2075 832 2109 παναγίου
850 2077 982 2112 τεμένους

189 2118 237 2146 τοῦ
257 2118 426 2154 ἀειμνήστου
448 2119 588 2154 μάρτυρος
609 2120 767 2156 Δημητρίου
783 2121 832 2148 τοῦ
848 2122 916 2158 πρὸς
943 2123 983 2158 τῷ

192 2165 271 2200 μέρει
288 2165 335 2191 τοῦ
354 2165 525 2200 καλουμένου
543 2164 632 2197 ξύλου,
650 2165 783 2199 δηλοῦντα
803 2167 852 2202 τήν
872 2167 982 2195 ἃπασαν

191 2212 237 2238 τοῦ
255 2211 375 2247 πολέμου
392 2211 558 2247 παράταξιν,
579 2211 625 2238 καὶ
646 2213 695 2248 τὴν
711 2213 751 2245 εἰς
774 2214 850 2248 ἡμᾶς
873 2214 918 2241 διὰ
934 2215 980 2241 τοῦ

191 2257 344 2294 ἀθλοφόρου
360 2259 508 2293 σωτηρίαν,
522 2258 557 2284 δι’
570 2254 601 2285 οὗ
615 2258 808 2293 ἀναπέμπεται
821 2259 897 2293 δόξα,
912 2261 980 2297 τιμὴ

192 2304 239 2331 καὶ
254 2304 443 2341 προσκύνησις
456 2304 494 2340 τῷ
512 2305 602 2341 Πατρὶ
619 2305 666 2332 καὶ
679 2305 718 2340 τῷ
734 2305 802 2341 Υίῷ.

1030 1610 1097 1637 tioni
1125 1610 1198 1636 haud
1222 1614 1480 1639 consentaneornm.
1496 1616 1577 1636 causa
1598 1609 1822 1640 absconderunt;

1030 1663 1124 1683 verum
1147 1663 1235 1690 neque
1265 1657 1315 1682 hac
1342 1656 1369 1682 in
1391 1663 1420 1682 re
1437 1655 1543 1682 Christi
1562 1655 1686 1682 consiliis
1711 1654 1822 1688 sapiens

1029 1701 1213 1730 certaminum
1234 1699 1353 1728 Victoris
1368 1700 1539 1735 providentia
1557 1700 1640 1728 otiata
1651 1703 1711 1731 est;
1727 1706 1823 1726 verum

1030 1748 1159 1776 mulieres
1169 1749 1201 1776 ad
1208 1748 1304 1776 fortem
1314 1747 1454 1775 audaciam
1465 1747 1499 1775 ab
1511 1755 1544 1775 eo
1553 1747 1688 1779 excitatae.
1702 1754 1717 1774 e
1725 1745 1822 1777 domo.

1031 1797 1077 1824 ubi
1095 1796 1206 1829 latebat,
1225 1795 1301 1824 illum
1315 1795 1480 1828 eduxerunt,
1495 1799 1666 1830 tractumque
1689 1801 1739 1830 per
1755 1793 1823 1822 civi-

1031 1848 1113 1871 tatem
1143 1843 1279 1878 lapidibus
1309 1847 1522 1878 oppresserunt;
1553 1847 1636 1877 atque
1660 1841 1700 1869 ita
1725 1840 1824 1868 merito

1031 1893 1148 1916 mortem
1181 1889 1322 1916 voluntate
1353 1897 1402 1916 sua
1433 1888 1610 1917 infestissima
1637 1887 1746 1923 dignam
1760 1887 1824 1914 sub-

1031 1936 1062 1963 iit
1076 1935 1144 1970 (‘29).
1162 1933 1248 1962 Nemo
1260 1935 1345 1970 igitur
1356 1941 1490 1966 vestrum,
1520 1935 1567 1970 qui
1584 1939 1729 1969 martyrem
1745 1941 1822 1960 ama-

1032 1982 1076 2013 tis.
1089 1982 1122 2008 iis
1136 1989 1194 2015 qua
1217 1981 1250 2008 de
1268 1982 1322 2008 illis
1337 1982 1442 2008 rustico
1457 1988 1585 2008 sermone
1600 1984 1709 2007 narrata
1727 1980 1822 2015 paucis

1032 2031 1105 2058 sunt,
1120 2026 1201 2053 Iidem
1217 2026 1334 2062 deneget
1349 2025 1417 2061 (ὅθ).
1435 2025 1512 2058 Quod
1529 2025 1551 2052 si
1572 2024 1645 2051 enim
1667 2023 1730 2059 quis
1752 2023 1822 2053 hac.

1032 2076 1062 2099 ut
1086 2072 1164 2103 falsa,
1179 2071 1324 2107 scripsisse
1349 2079 1394 2099 me
1418 2074 1554 2101 autumet,
1571 2069 1664 2098 videat
1683 2069 1730 2105 qui
1759 2073 1824 2097 ante

1032 2118 1236 2146 sanctissimum
1260 2125 1370 2154 semper
1390 2117 1560 2145 memorandi
1575 2117 1702 2152 martyris
1723 2115 1822 2144 Deme-

1033 2165 1079 2192 trii
1096 2165 1229 2201 templum
1246 2166 1278 2193 ad
1295 2165 1372 2201 ligni,
1390 2169 1420 2192 ut
1441 2169 1569 2196 vocatur,
1591 2164 1683 2191 locum
1701 2164 1728 2190 in
1755 2162 1824 2191 scri-

1034 2213 1089 2247 ptis
1113 2212 1259 2240 ostendant
1280 2219 1389 2240 omnem
1417 2211 1480 2240 belli
1501 2211 1638 2242 ordlnem.
1653 2210 1824 2245 salutemque

1032 2259 1112 2286 nobis
1124 2259 1249 2287 collatam
1264 2266 1313 2294 per
1323 2258 1504 2286 certaminum
1517 2257 1666 2288 Victorem.
1683 2264 1732 2292 per
1741 2264 1823 2292 quem

1038 2305 1167 2334 tribuitur
1191 2306 1288 2341 κίοι-ἀ.
1310 2307 1399 2334 honor
1424 2310 1452 2334 et
1478 2306 1603 2334 adoratio
1624 2305 1696 2333 Patri
1725 2309 1753 2332 et
1779 2303 1824 2331 Fi-

1036 2353 1084 2385 lio,
1099 2358 1152 2381 ctc.

912 2409 1028 2438 CAPUT
1056 2410 1091 2438 ll.

192 2467 282 2495 Sclavi
307 2469 403 2496 iterum
428 2468 643 2496 Thessalonicam
670 2470 878 2506 aggrediuntur,
898 2469 1033 2506 Deumque
1054 2479 1086 2498 ac
1108 2476 1229 2499 sanctum
1248 2471 1416 2499 Demetrium
1434 2471 1486 2498 sibi
1505 2471 1654 2498 contrarios
1669 2469 1780 2504 experti,
1795 2478 1823 2496 re

757 2505 866 2539 infecta,
882 2505 1000 2534 recedere
1021 2512 1149 2542 coguntur
1167 2507 1236 2542 (3|).
1603 2521 1605 2525 -

228 2550 296 2585 ρξη⁹.
309 2551 363 2578 Καὶ
382 2550 530 2586 θαυμάτων
552 2549 680 2585 θαύματα
693 2552 821 2587 τυγχάνει
840 2550 976 2587 ἀνώτερα,

1067 2553 1128 2582 I68.
1142 2554 1175 2582 Et
1192 2553 1319 2581 miracula
1335 2553 1472 2581 miraculis
1483 2553 1586 2588 majora
1602 2556 1666 2579 sunt
1678 2555 1705 2579 et
1718 2559 1761 2578 res
1776 2558 1822 2579 rc-
1844 2549 1846 2553 ’

192 2598 239 2624 καὶ
254 2597 426 2633 πραγμάτων
443 2597 596 2632 πράγματα
612 2597 732 2632 ὑπάρχει
758 2597 911 2633 ὑπέρτερα,
929 2599 976 2626 καὶ

1030 2599 1080 2627 bus
1088 2600 1300 2636 praestantiora,
1309 2604 1337 2628 et
1348 2600 1417 2628 bella
1427 2607 1442 2628 a
1451 2599 1531 2628 bellis
1539 2598 1677 2631 dilIeruut,
1685 2601 1713 2626 et
1721 2597 1822 2633 scripta

221 2665 284 2705 (2‘8)
301 2664 357 2692 Nec
381 2665 434 2692 hoc
458 2663 534 2692 ducis
561 2663 720 2692 Sclavorum
746 2672 846 2693 nomen
873 2666 979 2702 uspiam

209 2700 255 2728 ltbl
274 2700 393 2727 invenio.

192 2707 255 2728 aIIDl
274 2707 393 2727 invento.

230 2735 285 2770 (29)
298 2734 331 2771 ln
346 2742 414 2771 nece
431 2734 564 2763 Chatzoni
586 2739 641 2771 tam
658 2734 769 2771 indigne
786 2735 859 2763 illata
874 2740 978 2771 partem

193 2769 361 2805 quampiam,
371 2770 410 2797 uti
421 2771 466 2798 hic
479 2775 575 2798 auctor
587 2770 701 2803 indicat,
714 2770 843 2798 habuisse
856 2769 979 2801 sanctum

194 2805 372 2836 Demetrium,
390 2806 505 2832 multum
522 2805 625 2832 dubito.

230 2841 287 2875 (50)
303 2840 370 2874 Quae
386 2840 517 2868 hactenus
532 2848 593 2875 cap.
617 2841 744 2875 praesenti
758 2842 792 2869 dc
817 2842 977 2870 Sclarorum

196 2882 290 2912 cutura
306 2875 529 2903 Thessalonicam
552 2875 738 2912 expeditione,
757 2876 892 2912 Imjusqne
908 2878 979 2905 infe-

198 2909 240 2937 lici
257 2919 383 2939 successu
398 2915 492 2939 auctor
505 2909 607 2945 retulit,
624 2911 702 2939 facile
717 2909 836 2947 quidem,
847 2909 978 2948 {ptumum

1035 2667 1150 2699 opinor,
1168 2667 1239 2701 apud
1262 2674 1358 2694 omnes
1376 2666 1456 2694 fidem
1475 2666 1635 2699 invenient;
1662 2673 1757 2694 verum
1775 2666 1821 2700 qui

1035 2703 1167 2730 miraculo
1185 2702 1211 2730 id
1231 2702 1344 2734 factum,
1364 2702 1552 2736 visioncmque
1576 2708 1659 2736 supra
1687 2701 1798 2729 relatam
1813 2720 1820 2732 ,

1035 2745 1089 2772 qua
1104 2745 1164 2765 sese
1187 2743 1299 2765 sanctus
1313 2736 1467 2772 Demetrius
1489 2736 1615 2771 plurimis
1641 2737 1819 2772 spectandum

1035 2771 1092 2813 tum
1107 2773 1226 2813 dederit,
1243 2772 1314 2800 haud
1331 2771 1410 2800 facile
1426 2771 1582 2806 admittant,
1604 2771 1662 2799 non
1678 2771 1821 2800 defuturos

1033 2807 1171 2836 existimo.

1069 2843 1124 2876 (5t)
1140 2844 1226 2878 Caput
1243 2843 1295 2871 hoc
1318 2842 1346 2871 in
1359 2842 1454 2870 codice
1467 2843 1530 2878 olim
1546 2842 1716 2875 Mazarinzco,
1738 2849 1753 2870 e
1768 2849 1822 2877 quo

1036 2878 1079 2904 hic
1092 2879 1162 2913 typis
1177 2877 1294 2911 primum
1311 2878 1465 2909 excuditur.
1480 2885 1494 2906 a
1508 2877 1555 2906 fol.
1572 2886 1653 2905 verso
1670 2878 1722 2905 tu
1736 2883 1821 2913 usque

1034 2913 1066 2941 ad
1081 2913 1127 2942 l‘ol.
1153 2914 1201 2942 155
1220 2914 1357 2948 excurrit;
1378 2921 1408 2940 ac
1430 2918 1589 2949 scqncntcm
1616 2913 1726 2949 quidem
1749 2912 1822 2939 hunc
