2038 3151
247 150 316 182 1339

904 151 1217 182 SUPPLEMENTUM

1803 149 1875 183 1340

245 210 338 232 autem
359 212 392 232 ac
416 204 516 233 similia
540 205 678 233 monendo
700 204 918 241 aliirmandoque
937 207 1033 234 beatus

1097 206 1123 240 τῷ
1145 204 1232 240 τείχει
1254 204 1312 240 μετ’
1329 204 1418 232 αὐτῶν
1438 204 1626 240 ὲῶιατρίσων,
1651 205 1699 231 καὶ
1725 204 1781 232 τῶν
1805 207 1875 241 πρὸς

245 252 328 280 Pater
343 252 486 279 audaciam
501 251 542 279 eis
558 253 605 286 qui
619 251 736 279 civitatis
748 257 835 284 erant.
858 251 1033 287 subjiciebat,

248 303 331 334 atque
350 306 412 326 cum
429 298 463 325 iis
477 300 504 326 in
519 299 657 326 mcenibus
672 299 810 331 manebat,
826 306 945 334 cumque
963 306 1035 334 pau-

247 352 295 372 cos
311 349 374 379 post
392 344 452 372 dies
467 345 559 371 omnia
575 345 609 372 ad
623 345 808 372 resistendum
822 349 913 372 essent
929 350 1035 379 parata,

248 390 308 425 ipse
325 390 407 417 etiam
431 390 614 418 Barbarorum
629 391 769 426 chaganus
786 399 847 418 cum
866 391 917 418 alia
933 395 960 418 et
973 391 1038 418 Bul-

249 444 378 469 garorum
405 436 462 472 (58)
477 441 504 464 et
527 438 650 464 omnium
675 438 867 471 praedictarum
891 438 1037 465 nationum

249 483 424 510 multitudine
448 483 593 511 custodita:
614 484 678 512 huic
697 492 712 511 ιι
731 484 833 512 Sancto
858 484 973 518 civitati,
991 493 1038 512 ve-

249 529 290 555 lttt
308 530 426 563 procella
442 529 565 562 ltiberna,
580 537 612 556 ex
631 530 758 557 universa
774 530 941 558 continentis
957 531 1037 565 plaga

250 574 282 601 ad
312 575 411 602 moenia
439 575 580 610 applicuit,
610 576 766 603 universam
792 576 874 603 etiam
899 576 1036 603 civitatem

248 621 435 653 circumdans,
461 622 498 649 ita
523 626 552 649 ut
582 630 665 649 unum
692 622 825 650 duntaxat
853 622 1036 657 undequaque

249 671 332 702 caput
346 672 514 701 cerneretur,
529 675 580 695 nec
597 673 668 696 terra
684 669 836 696 invasionis
852 676 947 696 eorum
966 668 1036 695 mul-

250 713 394 741 titudinem
408 714 501 747 ferret,
520 723 571 742 nec
585 715 701 748 cibaria,
718 715 759 742 vel
775 723 868 742 eorum
885 715 930 750 qui
943 715 969 741 in
986 714 1039 741 cir-

1085 253 1250 288 ἁντιμαχίαν
1271 251 1488 287 εὐτρεπιζόντων
1508 253 1568 287 μετ’
1592 252 1686 287 ὀλίγας
1702 253 1812 288 ἡμέρας
1826 255 1876 281 καὶ

1087 299 1169 331 αὐτὸς
1194 300 1208 326 ὁ
1228 299 1284 326 τῶν
1305 299 1449 335 βαρϐάρων
1472 299 1591 334 χάγανος
1615 299 1684 334 μετὰ
1708 299 1756 326 τοῦ
1778 301 1873 336 ἐτέρου

1087 346 1208 381 πλήθους
1222 347 1278 373 τῶν
1292 355 1322 373 τε
1338 346 1500 381 Βουλγάρων
1517 347 1564 373 καὶ
1580 346 1635 373 τῶν
1647 347 1875 382 προλελεγμένων

1088 394 1198 421 πάντων
1215 393 1310 424 ἐθνῶν,
1328 393 1451 427 καθάπερ
1468 392 1567 426 λαῖλαψ
1582 392 1736 428 χειμερινὴ,
1751 394 1785 428 τῇ
1800 393 1876 426 am-

1089 439 1219 474 φυλάκτῳ
1234 438 1320 474 ταύτῃ
1336 438 1410 465 πόλει
1422 439 1465 465 διὰ
1477 439 1567 473 πάσης
1581 439 1632 472 τῆς
1645 439 1779 474 χερσαίας
1792 448 1878 473 προσ-

1089 485 1142 520 ῆψε
1157 485 1195 520 τῷ
1209 485 1309 519 τείχει,
1330 485 1375 511 καὶ
1391 485 1595 520 περιστοιχίσας
1608 485 1718 511 ἃπασαν
1726 485 1776 520 τὴν
1787 485 1875 518 πόλιν,

1089 531 1126 562 ὡς
1143 530 1207 565 μίαν
1222 529 1338 565 ὁρᾶσθαι
1368 530 1535 557 ὲκπὰντοθεν
1551 530 1600 564 τὴν
1616 530 1727 556 πάντων
1742 530 1875 565 κεφαλὴν,

1089 577 1136 603 καὶ
1153 577 1220 612 μηδὲ
1239 577 1288 611 τὴν
1303 578 1354 612 γῆν
1375 576 1525 612 ὑποφέρειν
1542 577 1592 611 τῆς
1611 577 1702 603 αὐτῶν
1720 576 1875 608 ἔπιδάσεως

1088 624 1137 657 τὴν
1152 623 1265 658 πληθὺν,
1294 622 1363 658 μηδὲ
1384 623 1529 657 αὐταρκεῖν
1552 622 1607 648 τῶν
1632 623 1758 656 ἀγωγῶν,
1781 623 1797 658 ἠ
1821 623 1877 650 τῶν

1090 670 1215 703 φρεάτων
1228 669 1262 695 τὰ
1277 669 1359 695 ὕδατα
1374 668 1443 703 πρὸς
1459 669 1510 704 τὴν
1524 667 1628 695 τούτων
1642 669 1689 695 καὶ
1702 669 1757 695 τῶν
1772 669 1878 704 ἀλόγων

1091 714 1169 747 ζώων
1182 715 1271 741 αὐτῶν
1288 715 1423 749 δαπάνην.

249 761 324 787 cuitu
344 765 418 794 sunt,
434 761 577 789 ﬂuviorum
597 767 644 789 aut
664 766 810 797 puteorum
837 769 915 797 aqua:
954 761 1051 789 usibus
1070 769 1165 789 eorum
1198 767 1280 797 atque
1303 762 1461 789 eorumdem
1491 762 1649 790 animalium
1678 762 1878 789 irrationalium

249 806 414 834 sufﬁcerent.

287 892 348 920 ΗΞ.
379 892 475 926 Tunc,
499 894 546 928 qui
575 894 693 922 civitatis
725 900 821 928 erant,
850 893 1032 921 Barbarorum

1121 889 1187 924 ροβ¹.
1204 889 1271 916 Τότε
1288 888 1320 923 δὴ
1338 887 1492 921 ἑωρακότες
1517 888 1542 914 οι
1561 887 1610 923 τῆς
1640 888 1744 920 πόλεως
1760 889 1791 915 τὸ
1807 889 1881 916 ἁνεί-

251 947 361 967 omnem
373 941 576 968 multitudinem
591 941 846 975 incomparabilem,
864 941 937 968 ferro
951 942 1042 969 muni-

252 989 318 1017 tam,
338 986 597 1021 petrobolornmque
614 986 647 1013 ad
665 987 765 1014 malum
793 993 880 1021 usque
901 987 1042 1022 undequa-

252 1037 305 1064 que
328 1031 485 1063 sublimem,
509 1033 544 1060 ita
575 1037 604 1059 ut
627 1033 740 1060 altitudo
760 1033 922 1060 interiorum
951 1041 1043 1061 muro-

254 1084 316 1104 rum
334 1077 433 1112 pinnas
451 1084 605 1113 superaret,
628 1085 789 1114 apparatum
811 1079 954 1112 viderunt;
973 1080 1042 1108 alios

255 1124 366 1158 quidem
380 1125 438 1159 qui,
457 1130 486 1152 ut
500 1131 645 1158 vocantur.
669 1133 684 1153 e
705 1126 827 1154 cratibus
850 1126 987 1161 coriisque
1005 1132 1044 1154 te-

255 1170 392 1204 studines,
410 1172 478 1199 alios
493 1172 539 1207 qui
561 1177 656 1200 contra
674 1178 768 1207 portas
784 1181 799 1200 e
817 1173 897 1208 lignis
916 1173 1044 1201 maximis

255 1217 377 1252 rotisque
403 1217 483 1246 facile
501 1219 677 1247 versatilibus
701 1220 814 1250 arietes,
831 1220 901 1248 alios
917 1227 982 1248 vero
997 1219 1044 1255 qui

257 1261 360 1296 ligneas
388 1264 459 1291 muri
491 1264 663 1292 altitudinetn
701 1267 882 1298 excedentes,
911 1272 1045 1302 tetateque

255 1307 404 1336 iuxurianli
417 1310 564 1344 juvenibus
579 1311 693 1339 armatis
703 1319 810 1338 sursum
825 1312 975 1340 instructas
988 1318 1046 1341 tur-

257 1362 300 1381 res
315 1356 514 1390 praeparabant,
541 1357 610 1385 alios
636 1365 744 1391 rursus,
771 1359 830 1392 qui.
848 1362 877 1385 ut
901 1364 1044 1393 vocantur,

254 1401 345 1435 iacula
363 1404 477 1431 missilia
494 1403 561 1439 (39),
577 1405 646 1432 alios
669 1405 715 1438 qui
727 1406 816 1433 scalas
831 1405 901 1433 rotis
914 1406 1047 1441 subjectis

258 1447 372 1475 mobiles
388 1449 572 1483 adducebant,
588 1450 659 1479 alios
671 1451 718 1486 qui
741 1452 882 1479 machinas
899 1452 1047 1480 candentes

257 1495 450 1528 moliebantur,
473 1497 541 1525 adeo
556 1502 584 1524 ut
600 1506 633 1525 ex
650 1498 684 1525 iis
699 1506 759 1534 quae
777 1500 971 1533 cernebantur,
995 1501 1049 1527 im-

256 1542 364 1569 modico
397 1550 515 1571 mmrore
549 1543 645 1571 civitas
679 1544 787 1572 detenta
829 1545 950 1578 diceret,
984 1547 1083 1595 quiaC

256 1587 377 1616 Tametsi
400 1589 538 1624 prioribus
562 1591 753 1618 obsidionibus
774 1591 1050 1620 civitatemliberarit

257 1633 398 1668 Dominus,
427 1643 459 1663 ex
485 1636 536 1663 bac
560 1640 650 1664 tamen
675 1637 827 1671 (nunquam
851 1637 924 1664 enim
949 1642 1050 1665 tantam

257 1680 442 1709 Barbarorum
474 1682 689 1714 multitudinem,
718 1682 822 1710 civitati
849 1683 1051 1716 imminentem.

257 1727 386 1762 quisquis
409 1728 526 1763 viderat)
551 1728 702 1755 servandos
728 1735 778 1755 nos
801 1735 862 1756 esse
886 1728 1050 1762 incolumel,

259 1771 332 1799 haud
353 1777 490 1806 putamus.
506 1773 596 1807 Atque
608 1773 665 1800 haec
688 1777 715 1800 ct
737 1772 854 1807 plurima
877 1772 896 1800 ii
920 1774 1051 1806 maxime,

257 1818 304 1851 qui
318 1817 420 1845 bellum
435 1817 507 1844 haud
522 1822 600 1845 erant
612 1818 729 1853 experti.

296 1874 357 1902 175.
392 1874 541 1902 Praedictus
569 1880 659 1902 autem
679 1874 761 1903 Pater
783 1883 814 1903 ac
840 1876 1002 1911 episcopus,
1018 1884 1052 1904 ne

259 1921 388 1957 languido
420 1920 485 1956 quid
519 1922 610 1948 animo
635 1921 749 1953 ferrent,
773 1922 820 1949 sed
858 1926 885 1949 ut
922 1922 1053 1949 certami-

258 1975 324 1995 num
342 1965 494 1998 Victorem,
514 1974 570 2001 quo
594 1971 619 1994 et
644 1973 718 1994 nunc
736 1974 785 2001 pro
806 1967 861 1994 illis
887 1967 1050 2000 decertaret,

257 2013 485 2048 deprecarentur,
513 2012 652 2039 monebat.
669 2011 747 2040 ’l‘unc
765 2016 856 2040 autem
874 2012 1052 2041 beatissimus

259 2059 304 2086 ille
320 2058 401 2086 Pater
412 2058 499 2085 virum
511 2058 657 2093 quemdam
670 2057 806 2093 fulgidum
821 2057 848 2085 in
866 2065 963 2086 somno
973 2058 1051 2090 vidit,

258 2105 395 2132 dicentem
425 2105 532 2140 sibique
564 2104 786 2139 quodammodo.
820 2110 850 2132 ut
882 2104 945 2132 laeto
979 2110 1053 2133 esset

259 2151 362 2183 animo,
380 2151 556 2186 imperantem
573 2158 581 2177 :
596 2149 635 2178 Ne
654 2150 761 2178 tristitia
775 2149 924 2186 dejieiaris,
945 2155 972 2178 te
987 2158 1049 2178 mo-

261 2206 324 2230 ueo,
339 2198 457 2230 dicebat,
473 2198 535 2232 quia
547 2196 705 2225 siuniversa
715 2197 912 2235 simulcivitas,
927 2196 1051 2230 Domine,

1093 943 1194 962 καστον
1210 933 1262 961 τῶν
1282 933 1429 968 βαρϐάρων
1441 933 1542 968 πλῆθος
1558 933 1632 960 ἅπαν
1651 935 1882 970 σεσιδηρωμένον,

1092 982 1140 1008 καὶ
1154 981 1204 1015 τὴν
1225 980 1290 1013 τῶν,
1304 979 1478 1014 πετροὸόλων
1510 979 1679 1006 ὲκπάντοθεν
1702 980 1883 1016 οὐρανομήκη

1093 1026 1279 1060 παράστασιν,
1302 1024 1339 1055 ὠς
1359 1023 1536 1058 ὑπερϐαίνειν
1550 1023 1590 1058 τῷ
1612 1022 1675 1057 ὕψει
1693 1023 1743 1054 τὰς
1757 1024 1812 1049 τῶν
1829 1024 1884 1051 ἔσω

1092 1070 1192 1106 τειχῶν
1206 1069 1345 1102 ἐπάλξεις,
1361 1069 1458 1100 ἄλλους
1474 1069 1503 1096 δὲ
1519 1069 1569 1100 τὰς
1585 1069 1758 1104 καλουμένας
1773 1071 1805 1096 ἐκ
1821 1070 1885 1096 πλο-

1094 1118 1149 1145 κῶν
1166 1118 1214 1144 καὶ
1229 1116 1338 1151 βυρσῶν
1352 1116 1485 1152 χελώνας,
1506 1115 1602 1148 ἄλλους
1618 1116 1687 1151 πρὸς
1706 1117 1768 1147 ταῖς
1786 1116 1885 1147 πύλαις

1094 1164 1187 1198 κριοὺς
1200 1164 1232 1190 ὲκ
1248 1163 1335 1194 ξύλων
1353 1162 1501 1197 μεγίστων,
1514 1161 1562 1188 καὶ
1573 1161 1678 1196 τροχῶν
1709 1160 1887 1196 εὖπερικυλί-

1095 1218 1176 1242 στων,
1190 1209 1299 1243 ἑτέρους
1317 1208 1346 1235 δὲ
1369 1208 1492 1243 πύργους
1511 1206 1712 1243 ὑπερμεγέθεις
1734 1206 1885 1239 ξυλοκατα-

1096 1256 1281 1287 σκευάστους,
1309 1254 1528 1290 ὑπερϐαίνοντας
1554 1253 1585 1280 τὸ
1613 1253 1680 1287 ὖψος
1703 1252 1752 1279 τοῦ
1777 1253 1886 1287 τείχους

1095 1301 1370 1332 κατασκευάσαντας,
1383 1299 1495 1334 ἔχοντας
1517 1297 1664 1324 κατεπάνω
1679 1297 1789 1329 νεανίας
1805 1305 1887 1331 σφρι-

1095 1347 1204 1381 γῶντας
1220 1346 1478 1380 καθωπλισμένους,
1495 1345 1615 1378 ἐτέρους¹
1627 1344 1655 1370 δὲ
1672 1344 1738 1376 τοὺς
1754 1343 1889 1378 καλουμέ-

1096 1402 1157 1425 νους
1172 1393 1297 1429 Βρπηκας
1311 1393 1517 1427 ἐμπεπηγότας,
1529 1391 1627 1422 ἄλλους
1643 1390 1812 1425 ὑποτρόχους
1827 1391 1888 1416 κλὶ-

1099 1448 1190 1474 μακας
1201 1438 1427 1474 ἐπιφερομένους,
1437 1439 1547 1472 ἑτέρους
1555 1437 1704 1472 διαπύρους
1714 1436 1887 1471 μαγγανείας

1098 1485 1286 1517 ἐπινοοῦντας,
1298 1486 1335 1517 ὡς
1347 1486 1380 1512 ὲκ
1394 1485 1449 1512 τῶν
1464 1485 1612 1520 ὁρωμένων
1626 1485 1656 1511 ἐν
1670 1484 1785 1519 ἀμέτρῳ
1799 1483 1887 1517 θλίψει

1092 1533 1149 1568 λτὴν
1171 1532 1250 1560 πόλιν
1276 1532 1455 1567 συσχεθεῖσαν
1481 1531 1582 1565 λέγειν,
1603 1531 1644 1557 ὅτι
1662 1531 1693 1557 El.
1716 1532 1764 1557 καὶ
1780 1532 1812 1558 ἐκ
1833 1531 1886 1557 τῶν

1100 1580 1241 1614 προτέρων
1258 1579 1421 1614 πολιορκιῶν
1437 1579 1487 1614 τὴν
1504 1579 1582 1605 πόλιν
1598 1579 1770 1614 ὲλυτρώσατο
1786 1579 1800 1604 ὸ
1810 1579 1886 1610 Θεὸς,

1102 1625 1158 1652 ἀλλ’
1173 1627 1205 1652 ἐκ
1220 1625 1323 1660 ταύτης
1334 1625 1384 1651 οὐκ
1396 1624 1512 1659 οἰόμεθα
1522 1624 1659 1656 σώζεσθαι
1671 1633 1678 1639 ·
1694 1624 1824 1650 οὐδέποτε
1835 1622 1888 1657 γὰρ

1102 1671 1240 1706 τοσαύτην
1255 1671 1360 1706 πληθὺν
1377 1671 1524 1706 βιρσάρων
1537 1680 1579 1702 τις
1593 1672 1626 1706 τῇ
1638 1670 1716 1698 πόλει
1726 1669 1889 1705 προσϐαλεῖν

1101 1717 1240 1745 τεθέαται.
1252 1718 1308 1745 Καὶ
1322 1717 1409 1745 ταῦτα
1424 1718 1473 1745 καὶ
1485 1718 1602 1745 πλεῖστα
1613 1718 1638 1744 οἱ
1654 1717 1772 1753 μάλιστα
1778 1716 1880 1752 ἀπσιρο

1103 1763 1228 1798 πόλεμοι.

1141 1876 1207 1913 ρογ’.
1234 1878 1264 1904 ’0
1291 1877 1319 1904 δὲ
1341 1876 1511 1913 προῤῥηθεὶς
1534 1877 1630 1912 Πατὴρ
1663 1877 1711 1903 καὶ
1741 1877 1891 1909 ἐπίσκοπος

1104 1924 1219 1960 παρῄνει
1238 1924 1320 1959 μηδὲν
1336 1924 1457 1960 ῥᾴθυμον
1474 1924 1580 1959 φέρειν,
1597 1923 1664 1950 ἀλλὰ
1679 1923 1725 1950 τὸν
1740 1924 1891 1959 ἀθλοφόρον

1104 1971 1238 1997 αἰτεῖσθαι
1256 1971 1303 1998 καὶ
1321 1971 1355 1996 τὰ
1370 1970 1417 1996 νῦν
1434 1970 1602 2005 συμμαχεῖν.
1619 1970 1686 1996 Τότε
1703 1970 1732 1997 δὲ
1747 1970 1809 1997 κατ’
1825 1971 1890 2006 δναρ

1103 2017 1154 2053 ὁρᾷ
1173 2018 1186 2044 ό
1201 2016 1435 2052 παμμακάριστος
1452 2016 1557 2046 ἐκεῖνος
1572 2016 1668 2050 Πατήρ
1684 2024 1746 2042 τινα
1764 2016 1892 2051 λαμπρὸν

1103 2063 1188 2099 ἄνδρα
1203 2063 1319 2096 λέγοντα
1335 2062 1382 2089 καὶ
1395 2062 1432 2094 ὠς
1447 2061 1622 2096 εὐθυμοῦντα
1639 2062 1722 2088 αὐτόν
1735 2069 1742 2077 ·
1761 2062 1807 2096 Μὴ
1826 2061 1893 2088 diiu-

1105 2109 1167 2143 μεῖν
1181 2117 1212 2135 σε
1227 2107 1367 2144 παραινῶ,
1384 2108 1491 2142 φήσας,
1510 2107 1594 2141 διότι,
1610 2108 1659 2134 ἐὰν
1674 2108 1769 2136 ἅπασα
1783 2108 1801 2144 ἠ
1816 2108 1893 2139 πόλις

1102 2154 1276 2190 ὁμοθυμαδὸν
1299 2153 1442 2189 ἁνακράξῃ
1463 2153 1494 2180 τδ
1521 2153 1618 2188 Κύριε,
1642 2153 1766 2188 ἐλέησον,
1793 2155 1840 2181 καὶ
1860 2155 1892 2180 ἐκ

1103 2199 1206 2235 ταύτης
1223 2199 1272 2234 τῆς
1290 2198 1450 2234 πολιορκίας
1464 2197 1678 2233 διασωθήσεσθε.
1696 2197 1779 2224 Ὅθεν
1798 2198 1891 2225 λοιπδν

262 2243 406 2276 miserere,
427 2242 599 2275 exclamarit,
625 2242 676 2270 bac
693 2242 774 2270 etiam
796 2243 936 2270 obsidione
952 2242 1046 2271 libera.

1103 2244 1164 2271 τότε
1178 2245 1206 2270 ιν
1217 2244 1330 2279 πλείστῃ
1347 2243 1468 2278 φροντῖδι
1481 2242 1529 2270 καὶ
1539 2242 1589 2277 άδη
1595 2242 1675 2278 μονίᾳ
1687 2242 1736 2269 τοῦ
1747 2242 1892 2278 ὁραθέντος

262 2291 348 2319 bitur.
369 2289 438 2317 Cum
451 2289 517 2317 hinc
534 2296 617 2324 porro
633 2288 764 2324 deinceps
783 2289 904 2316 maxima
916 2296 982 2317 cura
995 2288 1051 2317 rei-

261 2346 317 2374 que
337 2338 403 2366 visat
419 2337 558 2364 anxietate
574 2335 740 2370 afﬁceretur,
754 2335 907 2371 modosque
926 2335 1052 2364 diversos

262 2386 357 2413 animo
375 2383 538 2415 revolveret,
556 2390 588 2410 ac
614 2383 751 2418 quomodo
767 2382 882 2418 (popqu
902 2382 977 2410 omni
1003 2390 1051 2418 per

262 2432 383 2461 civitatis
398 2431 500 2459 mcenia
518 2430 643 2466 disperso
664 2429 849 2465 Barbarisque
872 2429 942 2458 alias
970 2430 1051 2458 alior-

262 2486 325 2508 sum
338 2477 582 2512 tumultuantibus)
596 2477 654 2505 ﬁeri
669 2476 694 2503 id
709 2480 815 2511 posset,
827 2475 943 2508 diceret,
961 2476 1050 2503 solum

263 2530 331 2555 tunc
354 2525 485 2562 lacrymis
506 2525 624 2560 rigabat,
641 2522 727 2550 Deum
753 2522 870 2550 multum
895 2522 1053 2550 misericor-

263 2573 324 2602 dem
337 2580 420 2602 orans
431 2580 464 2601 ac
477 2571 573 2600 dicens
587 2579 594 2599 :

298 2680 357 2714 (38)
372 2679 442 2707 Cum
460 2677 513 2714 sub
524 2677 613 2714 tribus
627 2674 983 2714 imperatoribusproxime
997 2680 1052 2701 me-

264 2709 380 2743 moratis
397 2713 508 2750 Bulgari
524 2712 598 2740 haud
615 2709 688 2750 raro.
704 2709 1048 2750 uti__apud_'flieophangm,

264 2742 419 2778 Cedrenum
436 2742 465 2776 οἵ
482 2747 618 2775 Zonaram
631 2742 814 2783 videre_lieet,
830 2744 857 2771 in
872 2744 979 2783 imperii
995 2742 1050 2783 Ro-

266 2785 339 2812 mani
367 2790 457 2812 terras
485 2783 677 2814 excurrerint.
705 2781 814 2815 aliquos
842 2779 989 2815 saltem_ex
1018 2779 1051 2806 iis

266 2819 385 2859 _Ava_rum
407 2819 550 2853 Cltagano.
564 2812 766 2859 expeditionem
782 2815 915 2859 adversus
931 2812 1051 2859 ill-1:532}:

268 2854 387 2881 ionicam
416 2848 482 2888 tun'c'
505 2848 676 2888 suscipienti,
693 2851 745 2880 sibi
766 2850 924 2886 adiungere,
941 2848 1050 2877 dilﬁcilc

270 2896 336 2920 sane
356 2887 430 2919 haud
445 2887 590 2918 exstiterit;

1103 2289 1261 2323 γενόμενος,
1286 2288 1334 2315 καὶ
1351 2287 1497 2323 διαφόρους
1521 2288 1640 2323 τρόπους
1662 2289 1693 2314 ἐν
1717 2287 1828 2323 βουλαῖς
1846 2289 1891 2316 ἀνι

1106 2335 1219 2370 ιχνεύων
1233 2336 1281 2363 καὶ
1294 2335 1381 2370 λέγων
1390 2342 1398 2351 ⁸
1416 2334 1477 2366 Πῶς
1489 2335 1636 2371 δυνήσεται
1652 2334 1732 2362 τοῦτο
1746 2335 1892 2370 γενέσθαις

1103 2383 1150 2410 τοῦ
1173 2383 1228 2418 γὰρ
1249 2382 1350 2415 παντὸς
1372 2381 1438 2408 λαοῦ
1456 2381 1500 2408 διὰ
1524 2382 1572 2408 τοῦ
1593 2382 1701 2418 τείχους
1717 2382 1767 2417 τῆς
1788 2381 1893 2413 πόλεως

1105 2429 1244 2465 σποράδην
1268 2429 1449 2464 ὑπάρχοντος,
1480 2429 1528 2455 καὶ
1554 2429 1607 2455 τῶν
1632 2428 1780 2464 βαρϐάρων
1806 2427 1893 2459 ἄλλως

1104 2477 1237 2511 ἀλλαχόσε
1262 2474 1460 2511 θορυϐούντων,
1486 2475 1616 2510 κατέρρει
1641 2477 1698 2506 τοῖς
1724 2474 1839 2510 δάκρυσι
1865 2476 1895 2501 τὸ

1105 2523 1213 2558 ἔδαφος,
1228 2521 1362 2549 δυσωπῶν
1373 2521 1418 2548 τὸν
1430 2521 1573 2548 πολυέλεον
1586 2521 1653 2548 Θεὸν
1667 2521 1713 2548 καὶ
1728 2520 1831 2556 λέγων·

1140 2673 1196 2706 (59)
1214 2673 1253 2700 ita
1271 2672 1314 2700 hic
1326 2673 1381 2699 duo
1405 2671 1537 2699 vocabula
1552 2671 1646 2699 Graeca
1663 2672 1791 2706 ὄρπηκας
1811 2670 1896 2705 ἐμπε-

1106 2709 1228 2746 πηγότας
1248 2708 1441 2746 interpretatus
1457 2714 1530 2746 sum,
1545 2707 1630 2746 quod,
1645 2714 1708 2746 eum
1728 2706 1895 2746 yocabuium

1103 2740 1192 2778 ὄρπηε
1201 2740 1379 2779 ριίιιιοιχειιίιιε
1390 2743 1419 2779 ei
1430 2740 1577 2779 attributas
1589 2741 1806 2779 signiﬁcationes
1821 2740 1893 2779 idem

1103 2777 1285 2816 etiampquod
1298 2777 1395 2816 Latine
1405 2777 1540 2811 jaculum,
1551 2777 1701 2816 _siguiiice_t,
1719 2784 1775 2816 non.
1790 2777 1896 2816 perspi-

1104 2811 1324 2848 ciant.'quaenatn
1339 2813 1392 2841 illis
1405 2817 1487 2848 queat
1502 2811 1593 2847 potior
1609 2812 1661 2840 hoc
1675 2812 1736 2840 loco
1754 2811 1896 2847 signiﬁca-

1105 2849 1142 2878 tio
1160 2849 1306 2883 quadrare.
