2038 3151
197 139 270 169 1311

723 143 754 172 5.
770 141 957 172 DEME'I‘RH
980 142 1176 172 MABTYRIS
1195 143 1297 172 ACTA.

235 196 299 230 906’.
318 195 370 226 Σὺ.
391 197 513 224 Δέσποτα
544 198 598 224 τῶν
621 199 764 231 ἁπάντων,
792 198 981 233 φιλάνθρωπος
998 201 1018 228 Α

191 241 248 273 ὢν,
261 241 414 277 ηὐδόκηοας
429 243 463 269 δι’
479 244 552 277 ἡμᾶς
568 244 788 279 ὲνανθρωπῆσαι,
800 245 849 271 καὶ
865 244 982 278 σταυρὸν

192 287 247 323 καὶ
261 286 375 312 θάνατον
396 287 465 322 ὑπὲρ
485 288 532 314 τοῦ
550 289 646 322 γένους
667 290 744 323 ἡμῶν
768 290 922 323 ὑπομείναι,
949 289 982 315 σὺ

193 335 376 368 προσήγαγες
395 334 490 360 ἑαυτὸν
507 334 578 369 ὑπὲρ
594 335 673 369 ἡμῶν
693 335 787 362 Θυσίαν
804 335 926 370 καθαρὰν
944 335 983 370 τῷ

193 374 238 412 σῷ
257 379 355 413 Πατρὶ,
373 381 405 406 σὺ
420 380 592 415 ὲξηγόρασας
608 382 682 415 ἡμᾶς
706 381 812 417 σεαυτῷ
833 381 872 416 τῷ
890 381 983 418 οἰκείῳ

191 425 306 458 αἵματι,
321 425 499 460 ἐκλεξάμενος
510 427 585 461 ἡμᾶς
594 426 657 453 λαόν
672 435 719 453 σου
733 428 897 461 περιούσιον,
908 427 983 460 ἔθνος

192 471 287 504 ἅγιον,
307 472 344 506 μὴ
359 472 517 499 εἰσέλθωσιν
529 473 592 508 ἔθνη
611 474 650 504 εἰς
666 473 714 507 τὴν
727 473 910 508 κληρονομίαν
925 482 984 506 σου,

195 517 238 552 μὴ
257 518 383 552 μιαίνωσι
409 519 472 550 τοὺς
489 519 600 553 ἁγίους,
615 519 662 550 οὓς
681 519 761 550 αὐτὸς
782 519 936 554 ηὑδόκησας
955 521 984 546 ἐν

193 563 292 593 αὐτοῖς
309 564 457 597 ἐνοικῆσαι,
476 565 512 599 μὴ
532 565 740 600 ὲπαιρέντθωσαν
761 565 821 592 καθ’
838 565 925 599 ἡμῶν,
947 565 985 596 ὡς

192 609 282 634 παλαι
300 609 347 635 ἐπὶ
365 610 411 636 τοῦ
428 610 532 638 Δαυῒδό
548 611 766 646 μεγαλορρήμων
793 611 900 643 ramo,
918 611 984 637 ἀλλὰ

190 655 240 686 δὸς
255 655 320 689 ἡμῖν
334 657 389 687 τοῖς
406 659 543 689 ταπεινοῖς
559 659 606 684 καὶ
621 659 741 692 ἀναξίοις
755 659 858 690 δούλοις
876 666 933 689 σου,
947 658 984 689 ὡς

191 700 236 735 τῷ
253 701 291 735 σῷ
307 702 381 728 παιδὶ
394 703 475 729 Δαυῖδ
489 703 564 730 λίθον
578 705 721 738 σωτήριον,
740 703 790 738 τὴν
806 703 855 738 σὴν
870 703 985 737 ἀόρατον

194 748 373 781 συμμαχίαν,
400 749 475 780 ὅπως
503 749 537 776 δι’
566 751 651 784 αὐτῆς
685 751 908 784 σφενδονίσαντες
936 749 985 781 τὰς

192 794 373 828 κατοτὲχνους
393 795 456 822 καθ’
473 796 553 830 ἡμῶν
569 797 622 822 τῶν
644 796 792 831 βαρὸάριυν
807 795 985 830 ἀποκρουσώ-

194 841 269 874 μεοα
288 841 444 876 φάλαγγας,
465 843 501 878 μὴ
522 844 680 878 ἀπράκτους
693 843 743 874 τὰς
759 843 830 877 ὑπὲρ
849 843 926 877 ἡμῶν
941 842 985 868 διὰ

191 886 243 912 τοῦ
264 886 415 922 ἀθλοφόρου
431 897 479 915 σου
496 889 705 923 προααγομένας
728 889 834 924 δεήσεις
855 890 981 924 ποιήσῃς,

192 932 233 966 μὴ
249 932 347 967 ἰσχύσῃ
364 933 425 960 καθ’
441 933 519 968 ἡμῶν
530 934 561 960 τὸ
574 934 776 969 εἱδωλόπηκτον
791 935 839 961 καὶ
853 934 982 968 ἀθεμιτό-

189 984 282 1010 γαμον
303 978 350 1004 καὶ
367 979 527 1013 παράνομον
551 980 637 1011 ἔθνος,
664 980 712 1014 μὴ,
737 980 861 1007 Δέσποτα
874 987 881 995 ·
897 980 982 1012 δεῖξον

189 1023 268 1056 ἡμᾶς
284 1023 332 1049 καὶ
348 1024 394 1050 νῦν
408 1025 466 1051 νέον
481 1034 527 1052 σου
542 1026 606 1053 λαὸν
628 1026 746 1062 Ἰσραὴλ,
764 1026 802 1057 ὡς
817 1027 849 1053 ἐκ
866 1026 920 1052 τῶν
937 1027 983 1052 Ai-

191 1069 317 1101 γυπτίων
330 1069 506 1098 διασωθέντα.

229 1114 293 1149 ροε’.
308 1117 361 1142 Καὶ
390 1117 477 1144 ταῦτα
499 1118 546 1144 καὶ
563 1118 676 1146 πλεῖστα
694 1120 839 1154 εὐχόμενος
858 1120 920 1150 τοὺς
935 1129 982 1146 πο-

189 1160 268 1193 λίτας
279 1163 486 1198 παρεθάρρυνεν
496 1163 586 1196 ἀξίους
597 1166 732 1200 παριστᾷν
744 1165 859 1197 ἑαυτοὺς
870 1165 910 1199 τῷ
921 1165 981 1200 Θεῷ

190 1207 242 1233 καὶ
258 1207 327 1242 ὑπὲρ
346 1208 476 1243 πατρίδος
493 1210 540 1236 καὶ
556 1210 628 1236 ναῶν
644 1211 785 1243 παναγίων
799 1212 845 1238 καὶ
861 1212 980 1244 πίστεως

189 1253 391 1286 διανίστασθαι,
411 1256 458 1282 καὶ
473 1256 527 1282 τῶν
540 1256 684 1291 βαρϐαρων
696 1259 816 1284 ἐναντίον
829 1259 980 1294 ἀντιπαρα-

187 1299 351 1327 τάσσεσθαι.
368 1301 424 1334 Τῆς
442 1299 488 1327 οὖν
504 1301 664 1336 πολιορκίας
685 1303 842 1338 γινομένης.
866 1305 914 1329 καὶι
927 1303 979 1330 τῶν

190 1343 364 1378 πετροϐόλων
393 1346 527 1372 πάντοθεν
553 1346 750 1378 ἀκοντιζόντων
780 1348 841 1382 οὐχὶ
866 1349 978 1382 πέτρας.

189 1391 249 1417 ἀλλ’
266 1391 316 1426 ὅρη
341 1393 388 1419 καὶ
407 1393 528 1427 βουνοὺς,
544 1391 583 1424 εἷς
601 1395 630 1420 ἐν
646 1396 678 1429 τῇ
700 1395 774 1421 ἔνδον
791 1395 845 1422 τῶν
862 1395 979 1422 πολιτῶν

191 1438 333 1473 πετραρέᾳ
352 1439 482 1474 ὑπάρχων
505 1440 598 1467 θεόθεν
620 1441 802 1475 ὲμπνευσθεὶς
824 1442 915 1476 μικρῷ
928 1442 978 1468 κά-

188 1485 271 1518 χληκι
292 1485 448 1520 ἐπιγράψας
473 1486 504 1512 τὸ
527 1487 614 1520 ὄνομα
639 1486 686 1513 τοῦ
711 1487 789 1521 ἁγίου
818 1489 977 1522 Δημητρίου

188 1530 315 1564 ἠκόντισε
337 1532 452 1565 κράξας,
474 1533 518 1559 Ἐν
532 1532 569 1566 τῷ
591 1532 703 1567 ὀνόματι
723 1533 769 1559 τοῦ
785 1533 853 1560 Θεοῦ
871 1534 918 1560 καὶ
932 1534 978 1561 τοῦ

189 1575 270 1610 ἁγίου
283 1578 453 1612 Δημητρίου·
469 1579 516 1604 καὶ
530 1578 713 1609 ἀπολυθέντος
726 1579 773 1605 τοῦ
785 1579 871 1610 λίθου,
880 1580 980 1612 ὁμοίως

186 1622 237 1647 καὶ
263 1621 363 1654 ἔξωθεν
378 1623 410 1649 ὲκ
433 1623 487 1649 τῶν
504 1623 651 1658 βαρϐάρων
674 1623 744 1658 ὑπὲρ
764 1623 844 1650 αὑτὸν
865 1623 979 1659 τριπλοῦ

187 1666 236 1694 καὶ
245 1668 374 1694 ἐπέκεινα
387 1669 568 1700 καθεστῶτος,
581 1670 736 1704 ὑπαντῆσαι
745 1669 842 1697 τοῦτον
853 1671 899 1697 καὶ
915 1671 981 1698 ἀνθ-

186 1714 357 1749 υποστρέψαι
374 1715 415 1746 είς
432 1714 482 1750 τὴν
499 1715 590 1751 χώραν
610 1716 658 1750 τῆς
685 1716 857 1752 βιρὸαρικῆς
881 1726 979 1752 πετρο-

187 1759 284 1791 ϐόλου,
315 1760 488 1795 ἀμφοτέρους
513 1761 696 1793 κατελθόντας
723 1763 769 1789 καὶ
799 1763 862 1794 τοὺς
889 1765 978 1791 ἐκεῖσε

185 1807 348 1833 ἀποκτεῖναι
374 1807 444 1841 μετὰ
462 1807 508 1834 τοῦ
531 1809 560 1834 ὲν
578 1809 647 1843 αὐτῇ
670 1808 746 1839 ὄντος
773 1811 976 1845 μαγγαναρίου,

187 1853 237 1878 καὶ
263 1853 332 1887 μετὰ
350 1852 473 1880 τοιοῦτον
496 1853 600 1888 θαῦμα,
625 1855 711 1889 μέσης
732 1855 782 1890 ήδη
801 1857 850 1891 τῆς
870 1856 977 1891 ἡμέρας

185 1897 349 1932 γενομένης,
361 1898 437 1932 ἄφνω
449 1899 560 1933 σεισμὸς
573 1899 659 1933 μέγας
674 1900 792 1932 ἐγένετο,
804 1900 874 1927 ὥστε
886 1901 975 1928 πάντα

184 1943 232 1970 τὸν
246 1943 310 1970 λαὸν
324 1945 374 1978 τῆς
392 1943 496 1974 πόλεως
511 1944 667 1978 ἀνακράξαι
684 1945 714 1972 τὸ
731 1945 816 1980 Κύριε
826 1966 833 1977 ,
850 1946 974 1980 ἐλέησον.

224 1992 293 2024 pag“.
311 1988 365 2016 Τοῦ
391 1989 420 2016 δὲ
449 1989 615 2024 βαρϐαρικοῦ
640 1991 760 2025 πλήθους
775 1991 927 2026 ἐωρακᾶτος
943 1993 974 2018 τὸ

185 2037 274 2070 τεῖχος
293 2036 509 2067 καταπεπτωκὸς
522 2036 606 2068 ἅπαν,
635 2036 842 2072 συνεφορμῆσαι
858 2038 926 2073 πρὸς
943 2037 973 2064 τὸ

185 2081 236 2116 τὴν
250 2082 328 2108 πόλιν
352 2082 435 2113 ἑλεῖν,
466 2082 513 2108 καὶ
529 2082 738 2117 πλησιασάντων
757 2082 848 2109 αὐτῶν
860 2084 926 2118 ὁρᾷν
943 2085 973 2111 τὸ

184 2128 273 2160 τεῖχος
289 2127 417 2161 καθάπερ
428 2127 457 2153 τδ
473 2127 583 2162 πρῶτον
597 2126 693 2158 ἑστὼς,
711 2127 787 2154 ἔνθεν
804 2136 834 2154 τε
850 2128 973 2162 ἐπεγνω-

185 2173 261 2199 κέναι
275 2172 320 2198 τὸν
335 2172 384 2208 τὴν
397 2172 525 2208 τοιαύτην
537 2173 680 2208 ἑωρακότα
691 2173 859 2206 ἐπαγγελίαν
877 2173 972 2209 ἀρχιε.

1000 872 1021 900 Β

992 1549 1014 1579 C

1749 144 1818 177 1312

1073 199 1131 225 ιτα
1154 199 1205 231 Τυ,
1231 207 1321 227 rerum
1357 201 1477 227 omnium
1510 199 1622 228 Domine
1638 222 1644 234 ,
1666 203 1821 230 misericors

1035 250 1095 269 cum
1127 244 1176 274 sis,
1206 249 1315 278 propter
1344 251 1394 272 nos
1424 250 1548 273 naturam
1576 246 1721 274 humanam
1739 255 1820 275 assu-

1035 297 1126 320 ηψπ-θ,
1142 298 1305 324 t'rucemque
1327 298 1358 317 ac
1384 297 1499 318 mortem
1524 299 1573 326 pro
1601 300 1699 327 genere
1727 299 1821 322 DOSU'O

1035 336 1147 363 sullerre
1178 337 1294 368 voluisti,
1313 341 1341 364 tu
1367 337 1482 372 teipsum
1510 345 1559 373 pro
1586 339 1664 366 nobis
1695 340 1818 367 obtulisti

1034 381 1108 407 Patri
1124 386 1169 407 tuo
1185 381 1348 408 sacrificium
1368 383 1511 414 mundum,
1529 387 1557 410 tu
1573 391 1622 411 nos
1642 385 1688 411 tibi
1708 386 1817 419 proprio

1035 427 1166 460 sanguine
1181 427 1281 458 emisti,
1298 428 1401 462 eligens
1420 436 1469 455 nos
1489 430 1617 463 populum
1642 434 1717 457 tuum
1733 438 1816 465 pecu-

1036 471 1141 504 liarem,
1164 476 1271 506 gentem
1299 479 1420 500 sanctam
1443 482 1451 500 :
1472 482 1526 502 non
1554 475 1657 502 intrent
1682 481 1775 510 gentes
1790 477 1817 503 in

1036 517 1220 545 ltmreditatem
1247 523 1332 550 tuatn,
1356 527 1389 546 ne
1419 522 1619 548 commaculth
1635 526 1727 549 sancta
1754 527 1821 550 tem-

1036 564 1078 597 pla
1106 567 1163 596 tua,
1181 571 1241 598 quae
1268 565 1326 599 ipse
1350 565 1421 592 inter
1438 573 1497 592 eam
1523 566 1675 594 inhabitare
1700 568 1821 601 voluisti,

1036 617 1070 636 ne
1095 609 1225 638 adversus
1242 619 1305 643 nos,
1328 611 1366 638 uti
1391 612 1529 646 quondam
1555 621 1686 648 arrogans
1712 613 1819 642 Guliath

1035 656 1166 684 adversus
1191 656 1285 688 David,
1304 657 1479 689 exaltentur;
1497 659 1544 685 sed
1567 659 1646 686 nobis
1670 659 1820 688 humilibus

1036 709 1118 736 atque
1134 703 1252 738 indignis
1267 704 1352 730 servis
1365 704 1429 736 tuis,
1448 709 1477 731 ut
1491 703 1595 732 famulo
1608 709 1655 732 tuo
1674 706 1767 738 David,
1785 706 1819 734 da

1037 749 1152 783 lapidem
1167 750 1327 781 salutarem.
1339 756 1411 778 tuam
1426 750 1589 778 invisibilem
1604 751 1631 778 in
1644 751 1715 778 bello
1727 760 1818 786 opem,

1037 800 1066 822 ut
1079 803 1192 830 peream
1210 796 1290 823 funda
1309 801 1416 824 utentes
1431 797 1492 824 dolo
1505 798 1639 825 adversus
1657 806 1706 825 nos
1719 798 1822 825 instru-

1036 846 1093 869 ctas
1108 842 1289 870 Barbarorum
1309 843 1458 878 phalanges
1474 843 1649 878 repellamus,
1668 852 1700 870 ne
1716 843 1791 870 fusas
1805 852 1819 871 a

1037 890 1084 913 tuo
1101 886 1280 913 certaminum
1300 886 1408 914 Victore
1427 895 1475 922 pro
1500 887 1579 915 nobis
1606 895 1712 922 preces-
1728 888 1821 915 irritas

1037 931 1129 964 facias,
1148 940 1181 958 ne
1197 933 1327 959 adversus
1343 940 1403 966 nos,
1421 940 1464 965 ne,
1479 932 1601 966 Domine,
1616 933 1696 961 idolis
1713 934 1821 962 addicta

1036 985 1067 1004 ac
1089 978 1191 1004 incesta
1213 978 1351 1012 impiaque
1375 979 1449 1006 natio
1475 979 1629 1013 praevaleat,
1646 978 1744 1006 exhibe
1770 986 1821 1007 nos

1035 1024 1115 1050 etiam
1135 1031 1206 1050 nunc
1218 1032 1318 1050 novum
1333 1029 1407 1051 tuum
1423 1024 1457 1051 ab
1469 1024 1603 1060 [Egyptiis
1618 1025 1819 1059 quodammodo

1036 1074 1183 1101 servatum,
1203 1071 1332 1104 populum
1353 1070 1449 1098 Israel.

1071 1115 1132 1141 l75.
1161 1116 1249 1149 Atque
1273 1116 1330 1142 ha'c
1353 1121 1379 1143 et
1400 1115 1515 1150 plurima
1545 1123 1628 1144 orans
1654 1116 1759 1144 civibus
1791 1117 1822 1144 fi-

1034 1161 1141 1187 duciam
1165 1162 1290 1194 addebat,
1307 1169 1361 1196 quo
1380 1162 1484 1196 seipsos
1507 1162 1604 1197 dignos
1624 1163 1680 1190 Deo
1706 1164 1821 1191 exhibe-

1035 1212 1104 1237 rrnt,
1121 1211 1149 1233 ut
1164 1211 1189 1233 ct
1205 1215 1254 1242 pro
1271 1207 1358 1241 patria
1370 1214 1396 1235 et
1409 1208 1517 1242 templis
1530 1210 1709 1238 sanctissimis
1723 1214 1749 1237 et
1765 1210 1819 1238 fide

1034 1253 1216 1285 insurgerent,
1235 1253 1347 1288 acieque
1370 1258 1466 1280 contra
1482 1253 1615 1282 Barbaros
1635 1255 1818 1284 decertarent.

1032 1297 1181 1324 Obsidione
1191 1298 1273 1333 igitur
1284 1299 1400 1333 incepta,
1410 1300 1615 1335 petrobolisque
1624 1301 1817 1336 undequaque,

1034 1351 1086 1369 non
1105 1343 1218 1377 lapides,
1242 1344 1291 1371 sed
1317 1350 1424 1372 montes
1445 1351 1471 1373 et
1490 1346 1584 1379 colles,
1606 1346 1818 1381 ejaculantibus,

1035 1395 1104 1415 unus
1121 1388 1147 1414 in
1166 1389 1275 1416 civitate
1287 1398 1301 1416 e
1314 1390 1422 1417 civibus
1436 1390 1555 1425 lapidum
1572 1391 1671 1425 iactor,
1686 1393 1818 1421 divinitus

1033 1435 1194 1468 inspiratus,
1220 1443 1281 1461 eum
1303 1443 1387 1470 parvo
1407 1437 1500 1470 lupillo
1520 1437 1608 1464 sancti
1628 1437 1758 1466 Demetrii
1771 1447 1821 1466 no-

1033 1487 1093 1506 mcn
1108 1480 1303 1514 inscripsisset,
1319 1489 1381 1508 eum
1396 1483 1487 1509 emisit
1503 1483 1624 1512 clamans
1649 1493 1656 1513 ι
1675 1484 1701 1512 lli
1725 1484 1771 1512 Dei
1792 1491 1820 1514 et

1032 1525 1119 1552 sancti
1142 1526 1270 1553 Demetrii
1290 1527 1411 1558 nomine,
1435 1537 1552 1563 rumque
1574 1531 1654 1565 lapis,
1678 1532 1820 1559 sitnilitrr-

1031 1580 1084 1606 que
1108 1572 1277 1600 extrinsecus
1304 1581 1317 1600 a
1345 1573 1474 1601 Darbaris
1502 1577 1580 1607 alter,
1607 1576 1654 1610 qui
1682 1577 1764 1611 triplo
1790 1582 1818 1605 et.

1031 1617 1148 1651 amplius
1164 1617 1250 1651 major
1261 1622 1329 1650 erat,
1347 1617 1446 1645 fuissL-t
1462 1619 1590 1652 emissus,
1608 1620 1709 1648 accidit
1729 1626 1758 1648 ut
1773 1622 1817 1650 hic

1030 1663 1068 1690 illi
1094 1669 1260 1696 occurreret,
1290 1670 1372 1699 atque
1395 1665 1427 1692 ad
1452 1665 1539 1692 locum
1564 1673 1619 1701 quo
1638 1667 1815 1695 barbarorum

1029 1714 1089 1738 erat
1104 1710 1263 1745 petrobolus
1290 1715 1485 1744 reverteretur,
1506 1716 1588 1746 utque
1604 1713 1686 1740 ambo
1703 1713 1817 1742 descent-

1029 1755 1123 1783 dentes
1145 1763 1193 1783 eos
1207 1756 1288 1782 etiam
1306 1755 1352 1791 qui
1379 1755 1478 1783 ibidem
1496 1762 1582 1790 erant,
1597 1765 1649 1785 una
1666 1766 1728 1786 cum
1749 1759 1817 1786 arti-

1029 1802 1088 1834 tice,
1106 1802 1152 1837 qui
1172 1802 1198 1829 in
1216 1810 1247 1829 eo
1263 1806 1331 1835 erat,
1345 1801 1514 1841 occiderent.
1533 1803 1571 1830 Ac
1587 1808 1648 1838 post
1666 1804 1719 1832 tale
1735 1805 1816 1831 mira-

1028 1849 1130 1880 culum,
1162 1856 1224 1875 cum
1241 1848 1328 1875 media
1356 1849 1411 1884 jam
1430 1849 1495 1882 dies,
1509 1853 1593 1882 esset,
1621 1849 1712 1876 subito
1735 1853 1815 1877 terra:

1028 1900 1117 1922 motus
1134 1895 1223 1922 factus
1236 1899 1276 1922 est
1289 1902 1416 1929 magnus,
1434 1894 1470 1921 ita
1485 1899 1515 1921 ut
1535 1896 1626 1922 omnis
1645 1895 1728 1923 simul
1745 1895 1814 1922 civi-

1026 1942 1090 1968 tatis
1105 1941 1221 1975 populus
1237 1940 1379 1973 clamaret,
1394 1939 1519 1973 Domine,
1532 1940 1673 1968 miserere.

1063 1986 1124 2013 l76.
1145 1985 1212 2012 Cum
1248 1988 1337 2010 auten:
1370 1984 1511 2012 barbarica
1533 1983 1678 2012 multitudo
1706 1992 1814 2013 murum

1024 2039 1132 2059 omnem
1149 2031 1247 2059 collabi
1259 2032 1378 2062 vidisset,
1396 2035 1425 2058 ut
1439 2030 1576 2058 civitatem
1598 2034 1716 2064 caperet.
1729 2030 1813 2058 simul

1025 2076 1152 2103 universa
1171 2077 1266 2109 movit,
1289 2084 1406 2112 cumque
1424 2075 1686 2110 appropinquasset,
1703 2083 1810 2103 murum

1025 2128 1053 2150 ut
1068 2128 1132 2150 ante
1148 2127 1265 2150 stantem
1284 2122 1361 2154 vidit,
1379 2122 1509 2156 hincque,
1530 2121 1576 2155 qui
1600 2120 1810 2155 proniiSsioncm

1024 2169 1181 2204 hujusmodi
1196 2169 1223 2196 in
1238 2169 1343 2196 visione
1361 2171 1513 2203 acceperat,
1525 2167 1760 2201 archiepiscopus,
1775 2167 1811 2194 ci-

186 2218 245 2253 ρέα,
262 2219 303 2244 ὅτι
334 2218 505 2245 ἐπέσκεπται
536 2219 586 2253 τὴν
599 2219 677 2245 πόλιν
705 2219 718 2245 ό
736 2219 838 2254 Κύριος
864 2219 909 2246 διὰ
925 2220 971 2247 τοῦ

1030 2217 1134 2244 vitalem
1154 2224 1203 2252 per
1225 2224 1305 2244 suum
1330 2215 1508 2243 certaminum
1527 2213 1662 2241 Victorem
1689 2213 1813 2242 visitasse

183 2263 333 2298 ἀθλοφόροι)
348 2263 442 2290 αὐτοῦ.
458 2263 595 2299 Εὕρηνται
608 2264 676 2298 γὰρ,
692 2264 729 2295 ὼς
745 2265 792 2290 καὶ
802 2264 916 2291 πλεῖστα
930 2274 975 2292 τε-

184 2308 306 2341 θέανται,
325 2310 357 2335 ἐκ
376 2309 430 2335 τῶν
445 2309 520 2344 παρὰ
539 2309 592 2335 τῶν
612 2309 758 2344 βαρθῖάρων
774 2310 918 2344 ῥιφέντων,
935 2310 974 2342 ὡς

183 2355 314 2388 νιφάδων,
333 2354 429 2389 βελῶν,
443 2355 504 2381 τινὰ
517 2354 547 2387 ἐξ
561 2356 652 2382 αὐτῶν
670 2355 701 2382 τὸ
715 2355 906 2390 ἐπτερωμένον
921 2356 972 2390 μέ-

184 2409 231 2435 ρος
245 2399 284 2435 τῷ
299 2400 386 2435 τείχει
399 2400 576 2436 κολληθέντα,
588 2401 633 2428 τὸν
648 2401 675 2428 δὲ
701 2401 811 2437 σίδηρον
825 2402 893 2437 πρὸς
907 2402 971 2434 τοὺς

183 2446 359 2478 ὑπεναντίους
378 2447 500 2481 τρέπειν.
519 2447 634 2474 Ἐκτοτε
651 2447 697 2475 οὖν
708 2448 757 2475 τοῦ
771 2448 906 2483 προέδρου
920 2449 969 2483 τὴν

182 2491 370 2526 γεγενημένην
385 2492 418 2526 τῇ
433 2491 508 2518 πόλει
523 2492 598 2526 παρὰ
613 2493 681 2519 Θεοῦ
694 2493 847 2528 ἐπισκοπὴν
866 2492 909 2519 διὰ
920 2493 970 2528 τῆς

181 2536 228 2563 τοῦ
243 2537 357 2570 σεισμοῦ
370 2538 493 2572 ταραχῆς
511 2539 723 2573 σαφηνίσαντος.
753 2540 800 2565 καὶ
819 2538 873 2565 τῶν
900 2538 968 2574 βαρ-

181 2582 274 2616 ϐάρων
286 2581 385 2614 ἔξωθεν
399 2583 641 2617 καταπλαγέντων,
658 2584 794 2611 ὲπιπλείω
813 2585 837 2610 oi
857 2586 906 2620 τῆς
918 2585 968 2611 πό-

180 2628 248 2659 λεως
259 2628 372 2663 ἀνδρίαν
385 2628 457 2654 κατὰ
469 2628 521 2654 τῶν
535 2629 664 2656 ἐναντίων
689 2630 861 2664 ἡμφιέσαντο
870 2638 877 2645 ⁸
894 2631 967 2664 τινὲς

148 2690 169 2736 -ί
217 2715 273 2751 (40)
289 2715 365 2744 Talia
380 2725 447 2754 sane
464 2723 539 2750 sunt,
556 2726 617 2754 quae
636 2719 678 2746 hic
695 2718 728 2745 ab
741 2723 853 2746 auctore
872 2723 966 2746 nostro

181 2755 336 2782 narrantur,
358 2756 396 2784 ut,
411 2752 432 2779 si
445 2754 526 2780 modo
544 2752 631 2781 locum
645 2753 825 2785 obtinuerint,
839 2754 966 2781 dubitare

182 2794 235 2813 non
246 2786 346 2818 sinant,
358 2786 422 2821 quin
439 2792 494 2814 tum
504 2788 798 2816 Thessalonicensibus
810 2789 964 2823 prodigiose

181 2829 195 2846 a
216 2827 316 2855 |Hllll‘l0
344 2823 481 2849 Demetrio
505 2823 585 2850 fuerit
606 2832 778 2850 Sllt'Clll‘SUlll.
804 2823 961 2850 Orationem

182 2856 299 2891 interim,
318 2865 397 2892 qtmtn
420 2856 550 2886 aJoanne
565 2857 801 2887 Thcssalonicensi
823 2859 856 2886 ad
876 2858 960 2886 Deum

1026 2262 1184 2294 Dominum,
1212 2261 1351 2296 cognovit.
1391 2260 1413 2287 Ε
1436 2259 1542 2295 sagittis
1573 2264 1714 2294 praeterea,
1740 2259 1812 2287 nivis

1024 2308 1166 2336 confertim
1179 2308 1300 2336 cadentis
1313 2307 1339 2334 in
1355 2306 1465 2335 modum
1482 2313 1528 2341 per
1541 2305 1675 2334 Barbaros
1690 2306 1810 2338 emissis,

1024 2355 1174 2387 nonnullae,
1193 2354 1262 2382 alata
1279 2354 1321 2382 sui
1339 2357 1416 2388 parte
1431 2359 1509 2379 muro
1522 2351 1620 2384 aliine,
1643 2351 1742 2379 ferrata
1758 2359 1808 2378 au-

1022 2406 1075 2429 tem
1091 2409 1188 2429 versus
1206 2401 1299 2429 hostes
1322 2406 1419 2431 versae,
1446 2399 1563 2426 iuventte
1592 2397 1703 2426 fuerunt
1726 2402 1808 2432 atque.

1023 2448 1104 2476 etiam
1129 2452 1159 2475 ut
1185 2447 1334 2482 plurimum
1360 2449 1514 2480 conspectae
1538 2444 1606 2480 (40).
1627 2443 1668 2471 Ab
1685 2451 1717 2472 eo
1741 2450 1809 2479 ergo

1023 2501 1146 2530 tempore
1169 2501 1184 2521 e
1217 2497 1296 2520 terrae
1320 2496 1410 2520 motus
1442 2490 1559 2518 tumultu
1582 2490 1769 2518 visitationem
1790 2498 1806 2517 a

1022 2539 1076 2567 Deo
1091 2539 1193 2567 civitati
1209 2538 1319 2570 factam,
1331 2537 1537 2572 archiepiscopo
1553 2535 1722 2568 declarante,
1740 2533 1806 2563 Βοτ-

1021 2585 1150 2620 barisque
1176 2584 1243 2612 foris
1267 2583 1459 2614 consternatis.
1482 2581 1645 2610 fortitudine
1673 2581 1806 2610 adversus

1019 2631 1148 2658 inimicos
1179 2630 1327 2657 maximam
1355 2633 1472 2663 partem,
1501 2628 1547 2663 qui
1572 2627 1690 2656 civitatis
1717 2631 1806 2660 erant,

1022 2718 1109 2745 fusam
1134 2726 1218 2753 supra
1232 2718 1254 2745 is
1268 2718 1360 2748 refert,
1378 2717 1463 2750 lapilli
1479 2715 1573 2753 emissi
1591 2715 1727 2753 miraculo
1742 2719 1804 2750 post

1020 2758 1115 2781 secuto
1136 2751 1196 2780 esse
1210 2753 1457 2782 accommodatatn,
1480 2751 1574 2778 mirari
1592 2751 1674 2784 subit,
1689 2752 1804 2785 eamque

1018 2787 1115 2815 Joanni
1132 2796 1145 2814 a
1159 2788 1269 2815 laudato
1279 2793 1389 2815 auctore
1405 2795 1453 2822 pro
1468 2786 1582 2815 arbitrio
1597 2793 1660 2814 esse
1686 2785 1804 2814 aﬂictam

1018 2823 1257 2852 vehementissime
1275 2823 1410 2858 Suspicor.
