2038 3151
188 165 256 198 1333

714 170 743 200 S.
761 171 954 203 DEMETRII
967 172 1165 203 MARTYRIS
1181 173 1287 205 ACTA.

1727 194 1738 200 -
1759 172 1827 206 1334

181 223 362 256 διασωθέντες
375 225 518 260 πλωεῆρες
538 226 585 253 τὸν
599 226 695 254 θεόθεν
715 229 809 261 αὐτοῖς
826 230 974 265 γενόμενον
989 256 991 260 Α

1044 230 1079 257 ibi
1092 238 1139 265 per
1149 230 1328 258 certaminum
1342 231 1479 259 Victorem
1496 231 1600 259 cladem
1613 231 1698 260 fuisse
1712 232 1826 266 illatam,

186 269 298 305 δλεθρον
313 270 357 297 διὰ
368 271 416 297 τοῦ
429 271 580 306 ἀθλοφόρου
600 274 793 308 ἀφηγήσαντο,
816 278 865 303 καὶ
885 276 978 312 ἀπρα-

189 325 248 343 κτοι
263 317 332 351 μετά
343 317 461 348 πένθους
476 319 608 353 μεγίστου
627 320 662 346 τά
678 320 794 348 πλεῖστα
808 322 861 349 τῶν
873 324 981 358 μαγγά-

190 372 244 389 νων
261 364 378 390 καὶτῶν
399 365 507 393 σκύλων
534 367 734 400 καταλιπόντες
760 369 820 404 μετ’
847 370 982 405 αἰσχύνης

189 407 302 443 ᾤχοντο.

227 455 299 489 ρξς’.
316 456 348 482 Ol
364 456 392 482 δὲ
406 457 456 491 τῆς
472 456 606 484 θεοσώτου
622 459 725 494 ταύτης
751 459 802 494 τῆς
832 460 893 488 καθ’
909 461 984 496 ἡμᾶς

192 501 245 527 τῶν
260 502 475 529 Θεσσαλονικέων
492 504 595 536 πόλεως
609 504 703 540 δρόμῳ
716 507 745 532 τὸ
757 508 890 541 πανάγιον
903 509 984 543 τέμε-

192 553 238 577 νος
252 545 298 572 τοῦ
313 546 402 572 αὐτῶν
423 548 578 582 προστάτου
594 549 642 575 καὶ
657 549 818 586 ὐπερμάχου
833 552 880 578 καὶ
898 552 984 586 ὑπερ-

193 592 301 624 ενὸόξου
333 593 535 626 καταλαὸόντες
556 594 696 630 μάρτυρος
705 597 863 632 Δημητρίου
875 597 913 632 τῷ
925 598 985 633 Θεῷ

194 638 423 676 εὐχαριστηρίους
442 640 543 675 ὑμνοὺς
560 641 720 676 ἀνέπεμπον
734 642 858 676 λέγοντες
870 653 877 660 ·
895 643 986 679 Εὐχα-

197 685 344 720 ριστοῦμὶν
374 694 436 719 σοι,
470 687 595 714 Δέσποτα
625 689 743 724 οὖρα.νοῦ
772 690 819 716 καὶ
848 691 918 725 γῆς,
946 691 987 717 ὅτι

195 731 313 763 ἀναξίων
328 732 413 759 ὄντων
428 734 507 768 ἡμῶν
518 734 569 769 τῆς
585 736 658 770 παρὰ
671 735 719 762 σοῦ
732 737 871 771 σωτηρίας
885 737 928 764 διὰ
938 737 988 769 τὰς

197 776 309 809 ἐνούσας
325 778 391 813 ἡμῖν
405 779 544 814 ἁμαρτίας
560 781 610 807 οὐκ
627 780 733 813 ἔδωκας
748 783 823 817 ἡμᾶς
843 783 883 814 είς
901 782 988 818 θήραν

196 822 286 849 ὀδοῦσι
301 824 355 850 τῶν
373 824 480 860 ἐχθρῶν
493 826 572 861 ἡμῶν
586 834 592 841 ·
614 827 671 854 ἀλλ’
686 828 792 857 ἔσωσας
812 830 886 865 ἡμᾶς
901 838 989 865 προσ.

196 868 344 905 δεξάμενος
370 871 420 902 τὰς
447 872 572 907 αἰτήσεις
596 873 644 899 τοῦ
682 875 796 909 γνησίου
821 875 988 910 θεράποντος

197 917 366 952 Δημητρίου.
392 918 446 944 Καὶ
471 919 549 946 τοῦτο
571 919 599 945 δὲ
620 920 764 955 τεράστιον
790 923 918 956 μέγιστον
941 923 989 950 καὶ

200 963 311 997 μνήμης
327 963 412 995 ὅντως
428 964 516 997 δεῖξαι
533 966 620 999 ἄξιον,
638 968 680 994 ὅτι
695 968 710 994 ὁ
725 967 779 994 τῶν
794 969 885 995 αὐτῶν
901 969 990 995 Σκλα-

199 1009 283 1035 ϐίνων
311 1009 435 1044 ἔξαρχος,
463 1010 584 1047 τοῦνομα
610 1013 736 1046 Χὰτζων,
760 1014 831 1040 κατά
854 1015 885 1041 τὸ
915 1014 990 1050 αὐτῷ

199 1057 351 1092 εἰθισμένον
374 1058 418 1084 διὰ
445 1059 575 1092 μαντείας
600 1060 722 1095 ᾐτήσατο
738 1061 843 1095 μαθεῖν,
861 1062 886 1088 εἰ
900 1061 990 1087 εἰσελ-

199 1102 255 1128 θεῖν
267 1101 323 1137 ἔχοι
337 1102 366 1128 ἐν
380 1104 414 1138 τῇ
433 1103 611 1140 θεοφυλάκτῳ
625 1105 703 1141 ἡμῶν
718 1106 805 1139 πόλει,
823 1105 870 1133 καὶ
883 1106 989 1142 ἐρρήθη

199 1149 283 1184 αὐτῷ,
305 1150 345 1176 ὅτι
366 1151 499 1178 είσε).θεῖν
516 1150 572 1184 ἔχει
587 1159 593 1166 ·
611 1152 641 1178 τὸ
657 1152 686 1178 δὲ
702 1153 761 1183 πῶς
773 1153 822 1179 οὐκ
843 1153 990 1189 ὑπεδείχθη

199 1195 284 1230 αὐτῷ,
299 1195 346 1222 καὶ
352 1196 446 1223 λοιπον
456 1197 492 1228 ὡς
504 1197 558 1223 ἀπὸ
567 1197 616 1232 τῆς
625 1197 750 1232 δοθείσης
762 1198 836 1233 αὑτῷ
849 1199 990 1234 μαντείας,

199 1244 321 1278 χρηστὰς
346 1243 415 1278 ἔχων
441 1242 479 1277 τῷ
508 1243 596 1270 δοκεῖν
619 1244 669 1276 τὰς
695 1244 815 1278 ἐλπίδας,
841 1245 938 1281 θάρσει
962 1247 992 1273 τὸ

199 1288 291 1323 δρᾶμα
309 1288 481 1323 παρώξυνεν.

237 1379 303 1414 ρξζ¹.
327 1379 397 1406 “Δ).λ’
417 1380 430 1406 ὁ
450 1380 564 1407 ἀλλοιῶν
582 1382 694 1416 καιροὺ;
721 1382 769 1409 καὶ
793 1383 925 1417 χρόνους,
945 1384 992 1411 καὶ

199 1426 385 1458 διασκεδάξων
399 1426 497 1461 βουλὰς
506 1427 624 1462 ἐχθρῶν,
643 1428 739 1455 τοῦτον
750 1428 840 1459 ζῶντα
853 1430 993 1465 αἰχμάλω-

201 1480 246 1498 τον
263 1473 319 1503 τοῖς
336 1471 459 1503 πολίταις
474 1472 518 1498 διὰ
534 1471 580 1498 τοῦ
597 1473 842 1508 προσημανθέντος
860 1483 992 1510 παρατευ-

200 1518 258 1545 λίου
277 1519 452 1554 παρέδωκεν
475 1520 548 1551 τινὲς
568 1519 596 1545 δὲ
612 1520 666 1545 τῶν
681 1520 714 1546 τὰ
733 1520 829 1555 πρῶτα
853 1521 992 1555 φερόντων

1033 281 1192 309 narrarunt,
1218 284 1302 312 reque
1327 277 1441 310 infecta,
1469 277 1602 312 majorem
1627 278 1827 305 instrumento-

1034 329 1094 349 rum
1113 322 1319 358 spoliorumque
1343 328 1450 357 partem
1467 324 1588 351 maximo
1603 331 1665 352 cum
1690 324 1767 351 luctu
1783 331 1827 351 τε-

1034 367 1190 402 linquentes
1202 375 1264 394 cum
1277 367 1412 395 dedecore
1428 362 1568 395 abierunt.

1074 456 1135 484 186.
1156 456 1208 490 Qui
1251 465 1315 484 vero
1345 457 1425 491 hujus
1441 465 1455 484 a
1487 458 1541 485 Deo
1567 463 1682 485 servata;
1708 458 1827 486 Thessa-

1036 501 1183 529 lonicensis
1201 506 1302 529 nostrae
1319 502 1439 529 civitatis
1459 507 1548 535 erant,
1565 503 1767 531 sanctissimum
1779 512 1827 539 pa-

1038 547 1108 574 troni
1136 547 1177 574 sui
1202 555 1234 574 ac
1252 548 1465 583 propugnatoris
1489 549 1669 584 martyrisque
1690 549 1828 585 gloriosis-

1037 594 1097 621 simi
1114 594 1240 621 Demetrii
1265 595 1395 629 templum
1414 594 1543 622 festinato
1568 595 1712 628 adeuntes,
1734 595 1828 623 laudes

1040 641 1095 667 Deo
1118 647 1180 667 cum
1198 641 1349 675 gratiarum
1372 641 1481 668 actione
1495 641 1658 675 coniunctas
1681 641 1827 673 dederunt,

1038 687 1164 715 dicentes
1178 695 1185 713 :
1206 686 1279 720 Tibi,
1298 687 1411 715 Domine
1428 688 1490 715 caeli
1507 693 1534 715 et
1548 691 1638 720 terrae,
1657 687 1758 722 gratias
1773 687 1831 722 agi-

1039 740 1113 765 mus,
1129 733 1203 767 quod
1224 741 1272 760 nos
1297 737 1408 767 propter
1424 733 1590 760 adhaerentia
1616 732 1695 759 nobis
1717 737 1830 766 peccata

1040 779 1128 806 salute
1145 786 1160 806 a
1177 784 1203 806 te
1221 779 1372 806 obtinenda
1386 778 1513 813 indignos
1526 778 1701 805 inimicorum
1723 783 1831 805 nostro-

1041 833 1100 852 rum
1119 825 1248 853 dentibus
1272 825 1299 852 in
1314 825 1434 860 praedam
1452 825 1524 852 haud
1545 825 1699 857 tradideris,
1722 824 1768 851 sed
1786 831 1832 857 κε-

1043 871 1118 898 nuini
1147 871 1219 898 servi
1249 870 1377 898 Demetrii
1402 878 1499 904 preces
1521 871 1675 905 suscipiens
1700 870 1831 897 servaris.

1042 915 1098 943 Hoc
1115 923 1198 951 porro
1214 916 1300 943 etiam
1314 915 1478 947 maximum,
1492 917 1687 950 memoriaque,
1704 920 1734 942 ut
1750 915 1775 942 id
1787 923 1833 942 ex-

1042 962 1196 993 hibeamus.
1222 969 1286 990 vere
1311 962 1425 997 dignum
1442 962 1494 989 fuit
1521 962 1695 994 miraculum,
1717 969 1831 988 eorum-

1043 1008 1103 1035 dem
1132 1008 1293 1036 Sclavorum
1319 999 1471 1044 principem
1499 1009 1545 1043 qui
1568 1007 1690 1035 Chatzsn
1715 1007 1832 1036 vocabu-

1043 1059 1086 1083 tur
1111 1055 1177 1090 (28),
1197 1063 1246 1090 pro
1263 1063 1339 1082 more
1371 1063 1430 1087 suo,
1457 1055 1562 1082 foretno
1594 1055 1622 1082 in
1640 1054 1831 1081 custoditama

1043 1102 1098 1129 Deo
1113 1102 1251 1129 civitatem
1275 1107 1397 1129 nostram
1425 1103 1609 1138 ingressurus,
1637 1100 1740 1128 oraculi
1763 1102 1832 1134 peti-

1043 1147 1117 1174 tione
1128 1147 1234 1174 discere
1247 1147 1395 1180 studuisse,
1411 1147 1491 1182 eique
1509 1146 1568 1173 i'ore
1583 1150 1613 1172 ut
1628 1145 1830 1180 ingrederetur,

1043 1202 1205 1228 responsum
1234 1194 1339 1227 fuisse;
1356 1201 1411 1228 quo
1437 1198 1530 1221 autem
1552 1193 1634 1220 modo
1647 1193 1672 1220 ei
1692 1196 1831 1219 ostensum

1043 1241 1117 1268 haud
1143 1245 1212 1273 erat,
1229 1240 1337 1267 tandem
1351 1240 1448 1272 etiam,
1473 1243 1567 1274 utpote
1586 1247 1602 1266 e
1617 1239 1681 1266 dato
1698 1238 1749 1266 sibi
1764 1238 1833 1265 vati-

1043 1287 1118 1314 cinio
1141 1287 1252 1319 bonam,
1271 1291 1301 1313 ut
1314 1286 1475 1322 apparebat,
1490 1283 1696 1321 spem‘habens,
1713 1291 1769 1311 rem
1783 1291 1832 1310 au-

1043 1333 1137 1360 dacter
1157 1333 1209 1360 fuit
1222 1341 1378 1368 aggressus.

1081 1378 1143 1406 l6'l.
1165 1377 1265 1405 Verum
1287 1379 1333 1414 qui
1368 1380 1526 1407 occasiones
1556 1386 1589 1406 ac
1621 1381 1744 1412 tempora
1776 1383 1835 1402 mu-

1044 1429 1093 1458 tat,
1114 1425 1342 1459 inimicorumque
1362 1425 1474 1452 consilia
1495 1425 1618 1459 dissipat,
1642 1424 1734 1451 vivum
1757 1421 1834 1448 illum

1044 1471 1149 1498 civibus
1183 1479 1230 1506 per
1258 1471 1400 1506 praefatam
1429 1471 1573 1507 portellam
1603 1470 1741 1505 captivum
1780 1472 1835 1495 tra-

1044 1518 1130 1549 didit;
1154 1518 1264 1552 quidam
1292 1523 1383 1544 autem
1412 1518 1533 1545 civitatis
1566 1521 1667 1545 nostrae
1700 1515 1836 1551 primori-5

199 1565 249 1599 τῆς
273 1564 335 1591 καθ’
359 1564 434 1598 ἡμᾶς
458 1564 563 1595 πόλεως
587 1565 657 1590 οἶκοι
682 1565 776 1591 τοῦτον
800 1565 991 1600 κατέκρυπτον

1046 1563 1117 1590 domi
1136 1571 1193 1590 suae
1213 1563 1289 1590 illum
1307 1564 1374 1590 lucri
1400 1563 1518 1597 alicujus
1545 1563 1765 1596 studiorumque,
1790 1568 1835 1587 ra-

201 1610 313 1644 κέρδους
328 1611 401 1641 τινὸς
418 1611 463 1636 καὶ
479 1610 588 1644 τρόπων
607 1610 657 1636 οὐκ
671 1610 791 1644 εὐλόγων
810 1611 891 1646 χάριν
904 1619 910 1626 ·
932 1612 991 1638 ἀλλ’

201 1656 261 1682 οὐδὲ
276 1656 305 1682 ἐν
318 1656 405 1691 τούτῳ
415 1655 536 1690 ῆργησεν
547 1656 562 1689 ἡ
576 1656 765 1690 χριστόθουλος
778 1657 826 1683 τοῦ
838 1656 990 1692 ἀθλοφόρου

201 1701 359 1737 προμήθεια
371 1709 378 1716 ·
397 1701 467 1728 ἀλλὰ
483 1700 583 1735 γύναια
605 1701 674 1735 πρὸς
688 1702 816 1737 ἀνδρείαν
835 1704 991 1740 ἀναστήσας

202 1749 306 1784 τόλμαν
332 1748 434 1775 τοῦτον·
445 1748 476 1774 ὲκ
500 1747 548 1774 τοῦ
570 1747 657 1781 οἴκου,
681 1748 746 1775 ἔνθα
768 1750 992 1785 κατεκρύπτετο,

202 1796 350 1831 ἐξήγαγον,
375 1795 423 1822 καὶ
450 1793 567 1831 σύρασαι
597 1795 642 1822 διά
665 1796 716 1830 τῆς
740 1797 844 1829 πόλεως
872 1797 994 1825 ἐλιθοϐό-

202 1842 289 1876 λησαν
300 1850 306 1857 ·
329 1842 376 1868 καὶ
395 1840 482 1872 οὕτως
499 1840 583 1873 ἀξίως
600 1841 649 1876 τῆς
666 1841 750 1869 αὐτοῦ
773 1842 994 1880 δυσμενεστάτης

202 1887 317 1923 γνώμης
341 1888 453 1922 ἐπάξιον
474 1887 652 1922 ἀπηνέγκατο
678 1888 802 1915 θάνατον.
826 1890 928 1925 Μηδεὶς
948 1891 996 1918 οὖν

202 1935 257 1961 τῶν
271 1934 482 1969 φιλομαρτύρων
497 1933 574 1968 ὑμῶν
589 1934 732 1961 ἀπιστοῖτο
748 1937 803 1967 τοῖς
815 1936 952 1972 ἀγροίκως
966 1939 996 1964 ἐν

205 1981 319 2016 βραχέσι
343 1981 408 2016 περὶ
427 1979 530 2006 τούτων
550 1980 734 2016 ἱστορηθεϊσιν
747 1990 754 1997 ·
779 1983 803 2008 εἰ
816 1983 872 2018 γὰρ
895 1983 940 2010 καί
954 1993 996 2016 τις

203 2027 241 2058 ὼς
259 2027 345 2062 ψευδῆ
356 2035 389 2062 με
408 2026 496 2053 ταῦτα
516 2027 674 2062 συγγράψαι
687 2027 836 2062 λογισεται,
846 2031 994 2064 σκοπείτω,

204 2074 241 2105 ὡς
254 2075 282 2100 ὲν
294 2074 387 2109 γραφῇ
400 2073 565 2108 τυγχάνουσι
581 2073 634 2108 πρδ
647 2073 696 2100 τοῦ
712 2075 847 2109 παναγίου
865 2077 996 2112 τεμένους

204 2119 251 2146 τοῦ
272 2119 441 2155 ἀειμνήστου
463 2119 602 2154 μάρτυρος
623 2120 782 2156 Δημητρίου
797 2121 846 2148 τοῦ
862 2122 931 2157 πρὸς
958 2123 997 2158 τῷ

207 2165 286 2201 μέρει
303 2165 350 2191 τοῦ
368 2165 540 2200 καλουμένου
557 2164 646 2197 ξύλου,
664 2166 798 2199 δηλοῦντα
817 2167 866 2202 τὴν
886 2167 997 2195 ἃπασαν

206 2212 252 2238 τοῦ
269 2211 389 2247 πολέμου
407 2211 572 2247 παράταξιν,
593 2211 640 2238 καὶ
661 2212 710 2248 τὴν
726 2213 765 2245 εις
789 2214 864 2248 ἡμᾶς
888 2214 932 2241 διὰ
948 2215 995 2241 τοῦ

206 2241 359 2294 ἀθλοφόρου
374 2241 572 2293 quampiam—6t;
585 2254 616 2285 οὗ
630 2241 823 2293 ἀναττέμτέεταιι
836 2241 912 2294 δδεα,
927 2261 995 2297 τιμὴ
1011 2241 1035 2269 D

207 2305 254 2332 καὶ
269 2305 458 2341 προσκύνησις
471 2304 509 2340 τῷ
526 2305 617 2341 [lat-pl.
634 2305 681 2331 καὶ
694 2305 733 2339 τῷ
749 2305 817 2340 Υίῷ.

1045 1609 1111 1636 tioui
1140 1610 1213 1636 haud
1236 1614 1494 1639 consentancorum,
1511 1616 1592 1636 causa
1612 1608 1837 1639 absconderunt;

1045 1663 1139 1683 verum
1162 1663 1250 1690 neque
1279 1656 1330 1681 hac
1357 1655 1384 1682 in
1406 1663 1434 1681 re
1451 1654 1557 1681 Christi
1576 1654 1701 1681 consiliis
1725 1652 1837 1687 sapiens

1044 1701 1228 1729 certaminum
1251 1699 1367 1728 Victoris
1383 1699 1554 1734 providentia
1572 1699 1654 1727 otiata
1666 1702 1725 1730 est;
1741 1705 1838 1725 verum

1045 1748 1174 1776 mulieres
1183 1748 1216 1776 ad
1222 1747 1319 1775 fortem
1329 1747 1469 1775 audaciam
1479 1747 1514 1774 ab
1525 1754 1559 1774 eo
1567 1747 1703 1779 excitatae,
1716 1744 1836 1777 edomo.

1045 1796 1092 1824 ubi
1110 1796 1220 1829 latebat,
1239 1796 1316 1823 illum
1330 1796 1494 1828 eduxerunt,
1509 1798 1681 1830 tractumque
1704 1801 1754 1830 per
1769 1793 1838 1822 civi-

1047 1847 1128 1871 tatem
1158 1843 1294 1878 lapidibus
1323 1847 1536 1878 Oppresscrunt;
1567 1847 1650 1877 atque
1675 1841 1714 1868 ita
1739 1839 1838 1868 merito

1046 1893 1163 1916 mortem
1196 1889 1336 1916 voluntate
1367 1897 1417 1916 sua
1448 1888 1624 1916 infestissima
1651 1887 1838 1922 dignamsub—

1046 1936 1077 1962 iit
1091 1935 1159 1970 (‘29).
1177 1933 1262 1962 Nemo
1275 1935 1359 1970 igitur
1371 1942 1505 1966 vestrum,
1535 1935 1582 1970 qui
1598 1939 1743 1969 martyrem
1759 1941 1837 1960 ama-

1047 1982 1091 2013 tis,
1104 1981 1137 2008 iis
1151 1989 1209 2015 qua
1232 1981 1265 2008 de
1283 1981 1338 2008 illis
1352 1982 1457 2008 rustico
1471 1987 1599 2008 sermone
1615 1984 1724 2007 narrata
1742 1980 1836 2014 paucis

1047 2031 1120 2058 sunt,
1135 2025 1216 2053 tidem
1232 2025 1348 2061 deneget
1364 2025 1432 2061 (50).
1450 2024 1527 2057 Quod
1544 2025 1566 2052 si
1586 2023 1660 2051 enim
1682 2022 1745 2058 quis
1767 2022 1836 2053 haee.

1047 2076 1077 2099 ut
1101 2071 1178 2103 falsa,
1193 2071 1339 2106 scripsisse
1364 2078 1408 2098 me
1433 2073 1569 2100 autumet,
1586 2069 1679 2097 videat
1698 2068 1745 2104 qui
1774 2072 1838 2096 ante

1047 2118 1250 2146 sanctissimum
1275 2124 1384 2153 semper
1405 2117 1574 2144 memorandi
1590 2116 1716 2152 martyris
1739 2115 1837 2143 Deme-

1048 2165 1094 2192 trii
1110 2165 1243 2201 tempium
1261 2165 1293 2193 ad
1309 2165 1386 2200 ligni,
1405 2169 1435 2192 ut
1457 2168 1583 2195 vocatur,
1605 2163 1698 2190 locum
1717 2163 1743 2189 in
1770 2162 1838 2190 scri-

1048 2213 1103 2247 ptis
1127 2212 1273 2240 ostendant
1295 2218 1404 2240 omnem
1432 2211 1495 2239 belli
1516 2210 1652 2241 ordlnem,
1668 2210 1838 2244 salutemque

1047 2259 1126 2286 nobis
1139 2258 1264 2286 collatam
1279 2266 1328 2294 per
1339 2257 1519 2285 certaminum
1532 2256 1681 2287 Victorem.
1698 2263 1747 2291 per
1756 2262 1838 2290 quem

1052 2306 1182 2333 tribuitur
1205 2306 1302 2341 glor'a.
1325 2306 1414 2333 honor
1439 2309 1466 2333 et
1493 2305 1617 2334 adoratio
1639 2303 1711 2332 Patri
1740 2308 1768 2331 et
1794 2302 1839 2330 Fi-

1051 2354 1101 2385 lio,
1113 2358 1167 2381 etc.

927 2409 1043 2438 CAPUT
1071 2410 1105 2438 ll.

207 2467 297 2495 δειαυί
322 2469 417 2496 iterum
443 2468 658 2496 Thessalonicam
685 2470 893 2506 aggrediuntur,
913 2469 1048 2506 Deumque
1069 2479 1100 2497 ac
1123 2475 1244 2498 sanctum
1263 2470 1429 2498 Demetrium
1449 2469 1500 2498 sibi
1521 2470 1669 2497 contrarios
1684 2468 1795 2504 experti,
1810 2477 1838 2495 re

771 2504 881 2539 infecta,
897 2504 1015 2533 recedere
1035 2511 1164 2541 coguntur
1182 2506 1250 2542 (5|).
1617 2520 1620 2523 λ

243 2550 311 2585 ρξην.
324 2551 378 2578 Καὶ
397 2550 544 2586 θαυμάτων
567 2550 695 2585 θαύματα
708 2551 836 2587 τυγχάνει
855 2549 991 2586 ἀνώτερα,

1081 2552 1143 2581 168.
1157 2554 1190 2581 Et
1207 2552 1334 2580 miracula
1349 2552 1487 2580 miraculis
1498 2552 1601 2587 majora
1617 2555 1681 2578 sunt
1693 2555 1720 2577 et
1733 2557 1776 2577 res
1791 2557 1836 2578 re-
1859 2548 1861 2552 ’

206 2598 253 2624 καὶ
269 2597 441 2633 πραγμάτων
457 2598 610 2632 πράγματα
627 2597 748 2633 ὑπάρχει
773 2598 926 2633 ὑπέρτερα,
943 2599 990 2624 καὶ

1044 2598 1095 2627 bus
1103 2599 1315 2634 prmstantiores,
1323 2603 1352 2627 et
1363 2599 1432 2627 bella
1442 2607 1457 2626 a
1466 2598 1546 2627 bellis
1554 2597 1692 2630 differunt,
1700 2600 1728 2624 et
1736 2596 1836 2632 scripta

235 2665 298 2705 ~(28)
315 2664 371 2692 Nec
396 2665 449 2692 hoc
473 2663 549 2692 ducis
576 2663 735 2692 Sclavorum
760 2672 861 2693 nomen
887 2665 994 2701 uspiam

224 2700 269 2727 libi
289 2700 408 2727 Invenio.

207 2707 269 2728 aut):
289 2707 408 2727 Invenio.

244 2734 300 2770 (29)
317 2734 346 2761 In
361 2742 428 2762 nece
446 2734 579 2762 Chatzoni
601 2738 656 2770 tam
673 2734 784 2768 indigne
801 2734 874 2763 illata
889 2740 993 2770 partem

207 2769 375 2805 quampiam,
386 2770 425 2796 uti
436 2770 481 2798 hic
495 2774 590 2797 auctor
602 2769 715 2802 indicat,
729 2769 858 2798 habuisse
870 2769 994 2800 sanetum

209 2805 386 2836 Demetrium.
404 2806 521 2832 multum
537 2805 640 2832 dubito.

245 2841 301 2876 (50)
318 2840 385 2876 Qua:
401 2840 533 2868 hactenus
547 2847 608 2875 cap.
632 2841 758 2876 praesenti
773 2841 807 2869 de
832 2842 992 2870 Sclarorum

211 2875 305 2912 contra
320 2875 544 2904 Thessalonicam
567 2875 753 2912 expeditione.
772 2876 907 2912 hujusque
923 2878 994 2905 infe-

212 2910 255 2938 lici
271 2919 398 2939 successu
413 2916 507 2939 auctor
520 2910 622 2944 retulit,
639 2911 717 2939 facile
731 2910 851 2947 quidem,
862 2910 993 2948 quantum

1049 2667 1164 2699 opinor,
1183 2667 1254 2701 apud
1277 2673 1373 2694 omnes
1392 2665 1471 2694 (idem
1491 2665 1650 2698 invenient;
1676 2672 1771 2701 verum
1789 2665 1836 2699 qui

1050 2702 1182 2730 miraculo
1200 2702 1226 2730 id
1246 2701 1359 2733 factum,
1379 2701 1567 2735 visionemque
1592 2707 1674 2734 supra
1702 2700 1814 2728 relatam
1828 2720 1836 2732 ,

1050 2744 1104 2771 qua
1119 2745 1179 2764 sese
1202 2742 1313 2765 sanctus
1329 2735 1482 2764 Demetrius
1505 2735 1630 2770 plurimis
1656 2735 1834 2771 spectandum

1050 2770 1107 2813 tum
1122 2772 1241 2813 dederit,
1258 2771 1330 2800 haud
1347 2771 1426 2799 facile
1441 2771 1597 2805 admittant,
1619 2770 1677 2798 non
1693 2770 1836 2799 defuturos

1049 2812 1186 2835 extstimo.

1085 2843 1140 2877 (51)
1156 2844 1241 2878 Caput
1258 2843 1311 2872 hoc
1334 2843 1362 2870 in
1375 2841 1469 2870 codice
1482 2841 1731 2878 olimrlilazarinazo.
1753 2849 1768 2869 e
1783 2849 1838 2876 quo

1051 2878 1094 2904 hic
1107 2879 1176 2913 typis
1192 2876 1310 2910 primum
1325 2877 1480 2908 excuditur.
1495 2885 1510 2905 a
1524 2876 1571 2905 fol.
1587 2885 1668 2905 verso
1685 2877 1737 2905 144
1751 2883 1837 2913 usque

1049 2913 1081 2940 ad
1097 2913 1143 2942 fol.
1168 2913 1216 2941 155
1235 2913 1372 2948 excurrit;
1393 2921 1424 2940 ac
1445 2917 1605 2949 sequentem
1632 2913 1741 2949 quidem
1764 2912 1838 2938 hunc
