2038 3151
228 162 298 195 i339

885 162 1198 194 SUPPLEMENTUM

1784 160 1859 194 i340

226 223 318 245 autem
339 224 373 244 ac
397 216 497 245 similia
521 217 659 244 monendo
681 216 899 253 aliirmandoque
918 218 1015 246 beatus

1079 217 1105 252 τῷ
1126 216 1212 252 τείχει
1235 216 1293 251 μετ’
1310 215 1400 243 αὐτῶν
1419 215 1608 252 ὲνδιατρίὸων,
1633 216 1680 243 καὶ
1705 216 1761 243 τῶν
1785 219 1859 253 προς

227 264 310 292 Pater
324 264 467 291 audaciam
482 263 523 292 eis
539 265 586 299 qui
600 263 717 291 civitatis
729 269 817 296 erant,
839 263 1015 299 subjiciebat,

229 315 313 346 atque
331 318 393 338 cum
411 311 445 338 iis
458 312 485 338 in
500 311 638 339 manibus
653 311 792 343 manebat,
807 318 926 345 cumque
944 318 1016 346 pau-

228 364 276 384 cos
292 361 355 391 post
373 356 433 384 dies
448 357 540 383 omnia
556 357 590 384 ad
604 357 790 384 resistendum
803 361 894 384 essent
910 361 1016 390 parata,

229 402 289 437 ipse
306 402 388 430 etiam
413 402 596 430 Barbarorum
610 403 750 438 chaganus
767 410 829 430 cum
847 403 898 430 alia
915 407 941 430 et
954 403 1019 430 Bul-

230 456 360 482 garorum
386 449 443 484 (58)
458 453 485 476 et
508 450 631 476 omnium
657 450 848 482 praedictarum
873 450 1018 476 nationum

230 495 405 522 multitudine
429 496 575 523 custodita:
595 496 659 524 huic
679 504 693 523 a
712 496 814 523 Sancto
839 496 954 529 civitati,
973 504 1020 524 ve-

230 541 271 567 lttt
289 542 408 575 procella
423 541 546 574 hiberna,
561 549 594 568 ex
611 542 740 568 universa
756 542 922 570 continentis
939 543 1019 577 plaga

231 586 264 613 ad
293 587 392 614 muenia
421 588 561 622 applicuit,
591 588 747 615 universam
773 588 856 615 etiam
881 588 1017 615 civitatem

229 633 416 666 circumdans,
443 634 480 661 ita
504 638 533 661 ut
563 642 647 661 unum
673 634 806 662 duntaxat
834 634 1017 669 undcquaque

230 683 313 713 caput
327 685 495 713 cerneretur,
511 687 562 707 nec
578 684 650 707 terra
665 680 817 708 invasionis
833 688 928 708 eorum
947 680 1018 707 Inul-

231 726 375 753 titudinem
389 726 482 759 ferrct,
502 734 553 754 nec
567 727 682 760 cibaria,
699 727 741 754 vel
756 734 849 754 eorum
866 727 912 762 qui
924 727 950 753 in
967 726 1020 753 cir-

1066 264 1231 300 ἁντιμαχίαν
1252 262 1470 299 εὐτρεπιζὸντων
1489 264 1548 298 μετ’
1573 264 1667 298 ὀλίγας
1683 264 1792 300 ἡμέρας
1807 266 1859 292 καὶ

1068 311 1151 342 αὐτὸς
1175 312 1189 338 6
1209 311 1265 338 τῶν
1286 310 1431 346 βαρϐάρων
1453 311 1573 346 χάγανος
1597 311 1665 346 μετὰ
1689 311 1736 338 τοῦ
1759 313 1857 347 ἑτέρου

1069 358 1189 392 πλήθους
1203 358 1258 385 τῶν
1273 367 1303 384 τε
1319 357 1481 393 Βουλγάρων
1498 359 1545 384 καὶ
1561 357 1616 384 τῶν
1629 358 1859 393 προλελεγμίνων

1069 405 1180 432 πάντων
1196 404 1291 436 ἐθνῶν,
1309 404 1432 438 καθάπερ
1449 403 1548 438 λαῖλαψ
1563 404 1717 439 χειμερινὴ,
1732 406 1765 439 τῇ
1781 405 1860 438 ἅγιο-

1070 451 1200 486 φυλάκτῳ
1215 450 1302 485 ταύτῃ
1317 450 1392 476 πόλει
1403 450 1446 476 διὰ
1458 450 1548 484 πάσης
1562 450 1614 484 τῆς
1626 451 1759 485 χερσαίας
1772 459 1861 485 προσ-

1071 496 1123 531 ῆψε
1138 497 1177 531 τῷ
1190 496 1290 530 τείχει,
1311 496 1356 523 καὶ
1372 496 1576 531 περιστοιχίσας
1590 496 1699 522 ἃπασαν
1707 497 1757 531 τὴν
1767 496 1859 528 πόλιν,

1070 543 1108 573 ὡς
1124 542 1188 577 μίαν
1203 541 1319 577 ὁρᾶσθαι
1349 541 1516 568 ὲκπάντοθεν
1532 541 1582 576 τὴν
1597 541 1708 567 πάντων
1723 541 1859 576 κεφαλὴν,

1070 589 1118 615 καὶ
1135 588 1202 623 μηδὲ
1220 589 1269 623 τὴν
1284 589 1336 623 γῆν
1356 588 1507 623 ὑποφέρειν
1524 588 1573 622 τῆς
1593 588 1684 614 αὐτῶν
1701 587 1859 620 ὲπιὸἀσεως

1069 635 1119 669 τὴν
1133 634 1247 669 πληθὺν,
1275 634 1344 669 μηδὲ
1366 635 1511 668 αὖταρκεῖν
1534 634 1589 660 τῶν
1613 634 1739 668 ἀγωγῶν,
1761 634 1777 669 ἢ
1802 634 1861 661 τῶν

1071 681 1197 715 φρεάτων
1209 680 1243 706 τὰ
1258 680 1340 706 ὕδατα
1355 679 1424 715 πρὸς
1441 680 1491 715 τὴν
1505 679 1609 706 τούτων
1624 680 1738 706 καὶτῶν
1753 680 1862 714 ἀλόγων

1073 726 1150 758 ζώων
1163 726 1253 753 αὐτῶν
1269 726 1404 761 δαπάνην.

230 773 306 800 cuitu
326 777 400 806 sunt,
415 773 559 801 ﬂuviorum
578 779 625 801 aut
645 778 791 809 puteorum
818 781 896 808 aqum
935 773 1032 800 usibus
1051 780 1147 801 eorum
1179 779 1262 808 atque
1284 773 1442 801 eorumdem
1473 773 1631 801 animalium
1659 773 1862 801 irt'ationaiiutn

230 818 396 846 suliicerent.

268 904 330 933 172.
361 904 456 938 Tunc,
481 906 527 941 qui
557 906 674 934 civitatis
707 912 803 940 erant,
831 905 1014 933 Barbarorum
1032 905 1053 933 B

232 959 343 979 omnem
355 953 558 980 multitudinem
573 952 827 987 incomparabilem,
846 952 918 980 ferro
933 953 1023 980 muni-

233 1001 300 1029 tant,
320 998 578 1033 petroboiorutnque
595 998 628 1024 ad
647 999 747 1026 celum
775 1005 862 1032 usque
883 999 1024 1033 undequa-

233 1049 287 1076 que
310 1043 467 1075 sublimem,
490 1045 525 1072 ita
556 1049 586 1071 ut
608 1044 722 1072 altitudo
742 1045 904 1072 interiorum
932 1052 1024 1072 muro-

235 1096 298 1116 rum
316 1089 415 1124 pinnas
433 1096 587 1126 superaret,
609 1097 770 1126 apparatum
792 1091 936 1124 viderunt;
955 1092 1024 1119 alios

236 1135 348 1170 quidem
362 1137 420 1172 qui,
439 1142 468 1164 ut
482 1143 627 1170 vocantur,
650 1145 666 1164 ε
688 1138 809 1165 cratibus
832 1138 968 1173 coriisque
987 1143 1026 1166 ως

237 1182 373 1215 ltudines.
391 1184 460 1211 alios
474 1184 521 1219 qui
542 1189 638 1211 contra
656 1190 749 1219 portas
766 1193 780 1212 e
799 1185 879 1219 lignis
898 1184 1025 1212 maximis

237 1229 359 1264 rotisque
385 1229 464 1258 facile
483 1231 659 1259 versatilibus
683 1231 795 1262 arietes,
813 1232 883 1260 alios
898 1239 964 1259 vero
978 1231 1025 1267 qui

239 1273 342 1308 ligneas
370 1276 440 1303 muri
473 1276 644 1304 altitudinem
683 1279 863 1310 excedentes,
893 1283 1027 1314 attateque

237 1319 386 1348 luxurianti
399 1322 546 1355 juvenibus
561 1323 675 1351 armatis
685 1331 792 1350 sursum
807 1324 957 1352 instructas
970 1330 1028 1352 tur-

238 1374 282 1394 res
298 1368 496 1402 pravparabaut,
523 1369 592 1397 alios
618 1377 725 1402 rursus,
753 1370 812 1404 qui,
830 1374 859 1397 ut
883 1376 1027 1404 vocantur,

236 1413 326 1448 iacula
345 1415 459 1442 missilia
476 1415 544 1451 (39),
559 1417 628 1444 alios
651 1417 697 1450 qui
709 1418 798 1446 scalas
814 1417 883 1445 rotis
897 1418 1028 1453 subjectis

240 1460 354 1488 tnobiles
369 1461 554 1495 adducebant,
570 1462 641 1490 alios
653 1463 700 1498 qui
723 1464 865 1491 machinas
882 1464 1029 1492 candentes

239 1507 432 1540 moliebantur,
455 1509 523 1537 adeo
538 1513 566 1536 Ill
582 1517 615 1537 ex
633 1510 666 1537 iis
681 1518 741 1546 quze
759 1512 953 1545 cernebantur,
977 1512 1030 1538 im-

238 1554 347 1582 modico
379 1563 497 1583 maerore
531 1556 627 1583 civitas
661 1556 769 1584 detenta
811 1557 932 1590 diceret,
966 1559 1029 1593 quia

238 1599 359 1628 Tametsi
382 1602 521 1636 prioribus
544 1603 736 1631 obsidionibus
756 1603 894 1631 civitatem
907 1604 1032 1632 liberarit

239 1645 381 1680 Dominus,
409 1655 442 1675 cx
467 1648 518 1675 hac
542 1652 632 1675 tamen
657 1650 809 1684 (nunquam
833 1649 906 1676 enim
931 1654 1032 1677 tantam

239 1692 424 1721 Barbarorum
455 1694 671 1726 ntultiludinem,
701 1694 804 1722 civitati
831 1695 1033 1728 imminentem,

239 1739 368 1774 quisquis
392 1740 509 1775 viderat)
533 1741 685 1767 servandos
711 1747 761 1767 nos
782 1747 845 1768 e5se
868 1740 1032 1773 incolumes,

241 1784 314 1811 haud
335 1789 473 1819 putamus.
488 1785 578 1820 Atque
591 1785 648 1812 haec
671 1789 698 1812 et
720 1784 836 1819 plurima
859 1784 878 1812 ii
902 1786 1032 1818 maxime,

240 1830 286 1864 qui
300 1829 402 1857 bellum
417 1829 489 1857 haud
505 1834 582 1857 erant
594 1831 711 1865 experti.

278 1886 339 1914 173.
374 1886 524 1914 Praedictus
551 1892 641 1914 autem
662 1887 743 1915 Pater
765 1895 797 1914 ac
822 1888 984 1923 episcopus,
1000 1895 1035 1916 ne

241 1933 371 1968 languido
403 1932 468 1968 quid
501 1933 592 1960 animo
617 1933 731 1966 ferrent,
756 1933 802 1961 sed
841 1938 867 1961 ut
905 1933 1035 1960 certami-

241 1987 307 2007 nutn
325 1977 477 2010 Victorem,
497 1986 552 2013 quo
576 1983 602 2006 et
627 1986 700 2006 nunc
718 1986 767 2013 pro
789 1978 844 2006 illis
869 1979 1032 2012 decertaret,

240 2025 468 2060 deprecarentur,
495 2024 635 2052 monebat.
652 2023 730 2051 Tunc
747 2028 839 2052 autem
857 2024 1035 2052 beatissimus

241 2071 287 2098 ille
303 2070 383 2098 Pater
395 2071 482 2097 virum
494 2070 639 2105 quemdam
653 2069 789 2105 fulgidum
804 2069 830 2097 in
849 2076 946 2097 somno
956 2069 1034 2102 vidit,

240 2117 379 2145 dicentem
408 2117 515 2152 sibique
547 2115 769 2152 quodammodo,
802 2121 832 2144 ut
864 2116 928 2144 laeto
961 2122 1036 2145 esset

242 2163 345 2195 animo,
363 2163 539 2198 imperantem
556 2170 564 2190 :
579 2161 617 2190 Ne
636 2162 744 2190 tristitia
758 2161 907 2198 dejiciaris,
927 2167 954 2190 te
970 2170 1032 2190 mo-

244 2218 307 2242 neo.
322 2209 440 2242 dicebat,
455 2209 518 2244 quia
530 2208 687 2237 siuniversa
697 2209 894 2247 simuicivitas,
909 2208 1033 2242 Domine,

1103 901 1168 936 poﬁ'.
1186 900 1253 927 Τότε
1270 899 1301 934 δὴ
1320 899 1473 933 ἑωρακότες
1499 899 1524 925 oi
1542 899 1592 934 τῆς
1621 899 1726 931 πόλεως
1742 900 1772 926 τὸ
1788 901 1865 927 ἁνεί-

1074 955 1176 974 καστον
1191 945 1244 972 τῶν
1264 944 1411 980 βαρόἁρων
1423 945 1524 980 πλῆθος
1539 945 1614 971 ἅπαν
1633 946 1865 980 σεσιδηρωμένον,

1074 993 1122 1019 καὶ
1136 992 1185 1027 τὴν
1207 991 1272 1025 τῶν,
1286 991 1460 1025 πετροϐόλων
1491 990 1661 1017 ικπάντοθεν
1683 991 1867 1026 οὐρανομήκη

1075 1038 1261 1072 παράστασιν,
1283 1035 1320 1066 ὠς
1341 1035 1518 1069 ὑπερὸαίνειν
1532 1034 1572 1069 τῷ
1593 1033 1657 1068 ὕψει
1675 1034 1724 1065 τὰς
1738 1035 1793 1060 τῶν
1810 1035 1867 1061 ἔσω

1074 1082 1174 1117 τειχῶν
1188 1081 1326 1113 ἐπάλξεις,
1343 1080 1440 1112 ἄλλους
1456 1080 1485 1107 δὲ
1500 1080 1550 1111 τὰς
1567 1080 1739 1115 καλουμένας
1754 1082 1786 1106 ἐκ
1802 1081 1868 1107 πλο-

1075 1130 1131 1156 κῶν
1148 1129 1195 1155 καὶ
1211 1127 1320 1163 βυρσῶν
1334 1127 1467 1163 χελώνας,
1487 1127 1584 1159 ἄλλους
1600 1127 1669 1162 πρὸς
1687 1128 1749 1159 ταῖς
1767 1127 1868 1158 πύλαις

1076 1176 1169 1210 κριοὺς
1182 1176 1214 1201 ὲκ
1230 1174 1317 1206 ξύλων
1334 1173 1483 1208 μεγίστων,
1496 1173 1544 1199 καὶ
1554 1172 1660 1208 τροχῶν
1692 1171 1870 1207 εὺπερικυλί-

1077 1230 1158 1253 στων,
1171 1221 1281 1255 ἑτέρους
1299 1220 1328 1247 δὲ
1351 1219 1474 1254 πύργους
1493 1218 1694 1254 ὑπερμεγέθεις
1716 1217 1868 1250 ξυλοκατα·

1078 1267 1263 1298 σκευάστους,
1290 1265 1510 1301 ὑπερῦαίνοντας
1536 1264 1568 1291 τὸ
1595 1264 1662 1298 ’ύψος
1685 1263 1733 1290 τοῦ
1758 1263 1870 1298 τείχους

1078 1312 1351 1344 κατασκευάσαντας,
1365 1311 1477 1346 ἔχοντας
1499 1308 1645 1336 κατεπάνω
1661 1308 1770 1340 νεανίας
1786 1316 1870 1342 σφρι-

1078 1358 1186 1392 γῶντας
1202 1357 1460 1391 καθωπλισμένους,
1477 1356 1597 1390 ἑτέρους
1609 1355 1638 1382 δὲ
1654 1356 1719 1386 τοὺς
1735 1354 1872 1389 καλουμέ-

1078 1413 1140 1436 νους
1153 1405 1279 1441 ὄρπηκας
1293 1404 1499 1438 ἐμπεπηγότας,
1511 1403 1609 1434 ἀλλους
1625 1401 1793 1437 ὑποτρόχους
1808 1401 1872 1427 κλί-

1081 1459 1172 1486 μακας
1183 1450 1409 1485 ἐπιφερομένους,
1419 1450 1529 1484 ἑτέρους
1537 1449 1686 1483 διαπύρους
1697 1447 1872 1482 μαγγανείας

1080 1497 1268 1529 ἐπινοοῦντας,
1280 1497 1317 1528 ὡς
1329 1497 1361 1524 ὲκ
1377 1497 1432 1523 τῶν
1446 1496 1594 1532 ὁρωμένων
1608 1496 1638 1522 ὲν
1652 1495 1767 1530 ἀμέτρῳ
1780 1494 1872 1528 θλίψει

1074 1545 1131 1580 τὴν
1153 1544 1232 1571 πόλιν
1258 1543 1437 1578 συσχεθεῖσαν
1463 1543 1564 1576 λέγειν,
1585 1543 1626 1569 ὅτι
1644 1542 1675 1569 El
1698 1543 1745 1568 καὶ
1762 1543 1793 1569 ἐκ
1814 1541 1871 1568 τῶν

1082 1591 1223 1626 προτέρων
1240 1590 1403 1625 πολιορκιῶν
1419 1591 1469 1625 τὴν
1486 1590 1563 1616 πόλιν
1580 1590 1753 1625 ὲλυτρώσατο
1768 1590 1782 1615 ὸ
1792 1589 1870 1622 Θεὸς,

1084 1637 1140 1663 ἀλλ’
1155 1638 1187 1663 ὲκ
1202 1637 1305 1671 ταύτης
1316 1637 1366 1663 οὐκ
1379 1635 1494 1670 οἰόμεθα
1503 1635 1641 1667 σώζεσθαι
1653 1644 1660 1650 -
1676 1635 1805 1662 ούδέποτι
1817 1633 1873 1668 γὰρ

1084 1683 1222 1718 τοσαύτην
1237 1683 1342 1718 πληθὺν
1359 1682 1507 1717 βαρεάρων
1519 1691 1561 1714 τις
1575 1683 1609 1718 τῇ
1620 1681 1699 1708 πόλει
1708 1680 1874 1716 προσϐαλεῖν

1083 1729 1222 1757 τεθέαται.
1234 1729 1290 1757 Καὶ
1304 1729 1391 1756 ταῦτα
1407 1729 1455 1756 καὶ
1467 1729 1583 1756 πλείστα
1595 1729 1620 1755 oi.
1636 1727 1754 1764 μάλιστα
1761 1727 1863 1763 ὰηιρο

1085 1774 1150 1801 πόλι
1154 1783 1210 1810 μοι.

1123 1887 1189 1924 ρο-ί.
1216 1890 1246 1916 '0
1273 1889 1301 1916 δὶ
1324 1888 1493 1924 προρῤηθεὶς
1516 1888 1612 1923 Πατὴρ
1645 1888 1693 1915 καὶ
1724 1888 1875 1920 ἐπίσκοπος

1086 1936 1201 1971 παρῄνει
1220 1935 1302 1971 μηδὲν
1318 1935 1439 1971 ῥᾴθυμον
1456 1935 1562 1970 φέρειν,
1579 1934 1647 1961 ἀλλὰ
1661 1935 1708 1961 τὸν
1723 1935 1875 1970 ἁθλοφόρον

1086 1983 1221 2009 αἰτεῖσθαι
1239 1982 1286 2009 καὶ
1304 1981 1338 2008 τὰ
1352 1981 1400 2008 νῦν
1417 1981 1584 2016 συμμαχεῖν.
1602 1981 1669 2007 Τότε
1686 1981 1713 2008 δὲ
1729 1981 1790 2008 κατ’
1807 1982 1875 2017 δναρ

1085 2029 1136 2065 ὁρᾷ
1155 2030 1168 2056 ό
1183 2027 1418 2064 παμμακάριστος
1435 2027 1539 2057 ἐκεῖνος
1555 2027 1651 2062 Πατήρ
1666 2035 1728 2053 τινα
1747 2027 1876 2062 λαμπρὸν

1086 2075 1170 2110 ἄνδρα
1185 2074 1301 2108 λέγοντα
1318 2074 1365 2100 καὶ
1377 2073 1415 2106 ὡς
1429 2073 1605 2108 εὐθυμοῦντα
1622 2073 1705 2099 αὐτόν
1717 2080 1724 2088 ·
1743 2073 1789 2107 Μὴ
1808 2073 1877 2099 ἀθυ-

1087 2122 1149 2154 μεῖν
1163 2128 1194 2147 σε
1209 2119 1350 2156 παραινῶ,
1367 2120 1457 2154 φήσας
1467 2139 1474 2151 ,
1492 2118 1576 2152 διότι,
1592 2119 1641 2145 ἐὰν
1657 2119 1751 2147 ἅπασα
1765 2119 1783 2155 ἠ
1798 2118 1876 2150 πόλις

1085 2165 1258 2201 ὁμοθυμαδὸν
1281 2164 1425 2201 ἁνακράξῃ
1446 2165 1476 2191 τὸ
1503 2164 1601 2199 Κύριε,
1625 2164 1748 2199 ἐλέησον,
1775 2166 1822 2192 καὶ
1843 2166 1876 2192 ἐκ

1086 2210 1188 2246 ταύτης
1205 2211 1255 2246 τῆς
1272 2209 1433 2246 πολιορκίας
1446 2208 1661 2244 διασωθήσεσθε.
1678 2209 1761 2236 Ὅθεν
1780 2208 1875 2236 λοιπδν

245 2256 389 2288 miserere,
410 2254 582 2287 exclamarit,
608 2254 659 2282 bac
676 2254 758 2282 etiam
778 2255 919 2282 obsidione
935 2254 1028 2282 liberat

1085 2256 1146 2283 τότε
1161 2256 1189 2282 iv
1199 2255 1312 2291 πλείστῃ
1329 2254 1451 2290 φροντίδι
1464 2254 1512 2281 καὶ
1522 2253 1658 2289 ἀδημονίᾳ
1670 2253 1718 2280 τοῦ
1729 2253 1876 2289 όραθέντος

245 2303 331 2331 bitur.
352 2301 421 2330 Cum
434 2301 500 2329 hinc
516 2308 599 2336 porro
616 2300 747 2336 deinceps
766 2301 886 2328 maxima
898 2308 965 2329 cura
978 2300 1034 2328 rei-

243 2358 300 2386 que
320 2349 386 2378 visa'.
403 2349 542 2377 anxietate
557 2347 722 2382 afﬁceretur,
737 2347 889 2383 modosque
909 2347 1034 2376 diversos

245 2397 340 2425 animo
357 2395 521 2427 revolveret,
539 2401 571 2422 ac
596 2395 734 2430 quomodo
750 2393 865 2430 (popqu
885 2394 960 2422 omni
986 2402 1034 2430 per

245 2443 366 2473 civitatis
381 2443 482 2470 muenia
500 2442 626 2478 disperso
647 2441 831 2477 Barbarisque
855 2441 924 2470 alias
952 2442 1034 2469 alior-

245 2498 308 2520 sum
321 2489 565 2524 tumuituantibus)
579 2488 637 2516 ﬁeri
652 2488 677 2515 id
692 2492 798 2523 posset,
810 2487 925 2520 diceret,
944 2487 1033 2515 solum

246 2542 314 2567 tunc
337 2537 468 2573 iacrymis
489 2536 607 2572 rigabat,
623 2534 710 2563 Deum
735 2533 852 2562 multum
879 2534 1036 2562 misericor-

246 2585 308 2613 dem
320 2592 403 2613 orans
414 2592 448 2612 ac
460 2583 556 2612 dicens
569 2591 577 2611 :

282 2692 340 2726 (38)
355 2690 425 2726 Cum
443 2689 495 2726 sub
508 2688 596 2726 tribus
610 2685 966 2726 imperatoribu_s__proxime
981 2692 1035 2712 me-

247 2720 364 2755 mdratis
381 2725 491 2760 Bulgari
508 2724 581 2752 baud
598 2720 671 2760 raro.
687 2720 1032 2760 uti_Aapud_Tl_teopba_ne‘m,

247 2762 402 2789 Cedrenum
419 2754 448 2788 οἵ
465 2759 601 2787 Zonaram
615 2754 797 2795 videreqlic'et,
814 2756 840 2784 in
855 2755 962 2795 imperii
978 2754 1033 2795 Rp-

250 2796 323 2822 mani
350 2801 440 2823 terras
468 2794 660 2825 excurrerint,
688 2793 797 2827 aliquos
825 2791 972 2827 saltem_ex
1001 2791 1035 2818 iis

250 2830 369 2865 Avarum
391 2831 533 2865 Chagano,
547 2824 750 2865 expeditionem
765 2828 897 2865 adversus
915 2824 1034 2865 Ineptia-

252 2864 372 2891 ionicam
400 2859 466 2892 ιυηὲ
489 2859 660 2899 suscipienti,
677 2863 729 2892 sibi
749 2862 907 2897 adjungerc,
925 2859 1034 2889 diliicile

255 2906 321 2928 sane
341 2899 413 2929 baud
428 2899 573 2930 exstiterit.

1086 2300 1244 2335 γενόμενος,
1269 2299 1316 2326 καὶ
1333 2299 1480 2335 διαφόρους
1504 2299 1622 2335 τρόπους
1644 2300 1674 2325 ἑν
1699 2299 1810 2334 βουλαίς
1828 2301 1875 2327 ἁν-

1089 2347 1202 2382 ιχνεύων
1215 2348 1263 2374 καὶ
1276 2347 1363 2382 λέγων
1372 2353 1380 2362 ⁸
1399 2346 1460 2378 Πῶς
1472 2347 1619 2382 δυνήσεται
1634 2345 1714 2374 τοῦτο
1728 2345 1857 2381 γενέσθαι
1868 2356 1876 2380 ;

1086 2395 1133 2422 τοῦ
1156 2394 1211 2429 γὰρ
1232 2393 1333 2426 παντὸς
1355 2393 1420 2419 λαοῦ
1439 2393 1483 2420 διὰ
1507 2393 1555 2420 τοῦ
1575 2393 1684 2428 τείχους
1699 2393 1750 2428 τῆς
1770 2392 1877 2424 πόλεως

1087 2441 1227 2476 σποράδην
1251 2440 1432 2474 ὑπάρχοντος,
1463 2440 1511 2466 καὶ
1537 2440 1590 2466 τῶν
1615 2439 1763 2475 βαρὸάρων
1788 2439 1877 2470 ἄλλως

1087 2488 1220 2523 ἀλλαχόσε
1245 2485 1443 2522 θορυϐούντων,
1469 2486 1599 2520 κατέρρει
1623 2487 1681 2517 τοῖς
1706 2485 1822 2521 δάκρυσι
1847 2487 1879 2512 τὸ

1088 2535 1196 2570 ἔδαφος,
1210 2532 1345 2561 δυσωπῶν
1355 2532 1401 2559 τὸν
1413 2532 1556 2559 πολυέλεον
1569 2532 1636 2559 Θεὸν
1649 2532 1696 2559 καὶ
1711 2531 1813 2567 λέγων·

1123 2685 1178 2718 ('59)
1197 2684 1236 2712 ita
1253 2684 1297 2711 hic
1309 2684 1365 2710 duo
1388 2683 1520 2710 vocabula
1535 2683 1630 2710 Graeca
1646 2683 1774 2718 ὄρπηκας
1794 2681 1881 2718 ἐμπε-

1089 2717 1211 2754 πηγότας
1230 2720 1424 2753 interpretatus
1440 2726 1513 2749 sum,
1528 2718 1613 2753 quod,
1629 2726 1692 2754 cum
1712 2717 1879 2754 vocabulum

1087 2751 1175 2790 ὅρπηε
1184 2751 1362 2790 ριάιιιξιχέίίαε
1373 2754 1402 2790 ei
1413 2751 1560 2790 attributas
1572 2752 1789 2790 signiﬁcationes
1803 2751 1877 2790 idem

1087 2786 1269 2828 etiatnv,'quod
1281 2789 1379 2828 Latine
1388 2788 1523 2823 jacuium,
1534 2786 1685 2828 signiticet,
1702 2796 1758 2828 non_
1773 2786 1880 2828 perspi-

1087 2823 1307 2860 ciam.’qti:enam
1322 2825 1375 2852 illis
1388 2829 1470 2859 queat
1486 2823 1576 2859 potior
1593 2824 1645 2852 boc
1659 2823 1720 2852 loco
1737 2823 1880 2858 signiﬁca-

1087 2861 1126 2890 tio
1144 2860 1289 2895 quadrare.
