2038 3151
181 136 249 167 13ιι

213 193 278 227 ροδ¹.
297 193 348 224 Σὺ,
370 194 491 221 Δέσποτα
522 196 575 222 τῶν
600 197 742 228 ἁπάντων,
770 196 959 230 φιλάνθρωπος
975 199 996 225 Λ

176 238 226 270 ὢν,
239 239 393 274 ηὑδόκησας
407 241 441 267 δι’
457 242 530 275 ἡμᾶς
546 242 765 277 ἑνανθρωπῆσαι,
779 243 827 268 καὶ
844 242 960 276 σταυρὸν

177 285 225 320 agat
239 283 353 310 θάνατον
374 285 443 319 ὑπὲρ
463 285 509 311 τοῦ
528 286 624 320 γένους
645 287 722 321 ἡμῶν
746 288 900 321 ὑπομεῖναι,
927 287 960 312 σὺ

178 332 355 366 προσήγαγες
373 331 468 358 ἑαυτὸν
486 332 556 367 ὑπὲρ
572 333 651 367 ἡμῶν
671 333 765 359 θυσίαν
782 333 904 367 καθαρὰν
923 332 961 367 τῷ

178 375 217 410 σῷ
235 376 334 410 Πατρὶ,
352 378 383 404 σὺ
399 378 570 412 ἐξηγόρασας
586 379 660 413 ἡμᾶς
684 379 789 414 σεαυτῷ
811 378 850 413 τῷ
869 379 962 414 οἰκείῳ

176 422 283 455 αἵματι,
299 423 478 457 ἐκλεξάμενος
489 425 563 458 ἡμᾶς
572 423 636 450 λαόν
649 433 697 450 σου
711 425 875 459 περιούσιον,
887 425 961 457 ἔθνος

176 469 266 502 ἅγιον,
286 469 322 504 μὴ
337 469 496 497 εἰσέλθωσιν
507 471 570 505 έθνη
589 471 628 502 εἰς
644 470 692 505 τὴν
705 471 888 505 κληρονομίαν
903 480 962 503 σου,

179 515 216 549 μὴ
235 515 361 549 μιαίνωσι
387 516 450 548 τοὺς
468 517 578 550 ἁγίους,
593 517 640 548 οῦς
659 517 739 548 αὐτὸς
760 517 914 551 ηὑδόκησας
933 518 962 543 ἐν

177 561 270 591 αὐτοῖς
287 561 436 594 ἐνοικῆσαι,
454 562 490 597 μὴ
510 562 718 598 ὲπαιρέσθωσαν
739 562 799 590 καθ’
816 562 903 596 ἡμῶν,
925 562 963 594 ὡς

176 606 260 632 πάλαι
278 607 324 633 ἐπὶ
343 607 389 634 τοῦ
407 608 510 635 Δαυῖδό
526 609 744 644 μεγαλορῤήμων
771 608 878 641 roma,
896 609 962 635 ἀλλᾶ

174 652 218 683 δὸς
233 653 299 686 ἡμῖν
312 655 367 685 τοῖς
384 657 521 687 ταπεινοῖς
537 656 584 682 καὶ
599 656 719 689 ἀναξίοις
733 656 837 687 δούλοις
854 664 911 686 σου.
925 655 962 686 ὡς

174 697 214 732 τῷ
231 698 269 732 σῷ
285 699 359 725 παιδὶ
372 701 453 727 Δαυΐὸ
467 701 542 728 λίθον
556 702 699 736 σωτήριον,
718 701 768 734 τὴν
785 701 833 735 σὴν
849 701 962 735 ἀόρατον

176 745 351 779 συμμαχίαν,
378 747 453 778 ὅπως
481 747 515 774 δι’
544 748 630 782 αὐτῆς
663 748 886 781 σφενδονίσαντες
915 747 963 778 τὰς

175 791 351 825 κατοτέχνους
371 793 433 819 καθ’
451 794 531 828 ἡμῶν
547 794 601 820 τῶν
623 794 770 829 βαρῦἀριυν
785 793 963 827 ἁποκρουσώ-

176 837 247 871 μεθα
266 839 422 873 φάλαγγας,
443 841 480 876 μὴ
500 841 658 876 ἀπράκτους
671 841 720 872 τὰς
737 840 808 874 ὑπὲρ
827 840 904 875 ἡμῶν
919 840 963 866 διὰ

173 883 221 909 τοῦ
242 884 393 920 ἁθλοφόρου
410 894 457 913 σου
475 887 684 920 προσαγομένας
706 887 812 921 δεήσεις
833 888 959 921 ποιήσῃς,

175 929 212 963 μὴ
228 929 325 965 ἰσχύσῃ
342 931 403 957 καθ’
419 931 497 966 ἡμῶν
509 932 540 958 τὸ
553 932 754 966 εἰδωλόπηκτον
769 933 817 958 καὶΙ
831 932 960 966 ἀθεμιτό·

172 982 261 1007 γαμον
282 975 329 1001 καὶ
346 977 505 1011 παράνομον
529 977 617 1009 ἔθνος,
643 978 690 1012 μὴ.
715 978 839 1004 Δέσποτα
852 985 859 993 ·
875 978 960 1010 δεῖξον

172 1020 246 1054 ἡμᾶς
263 1020 311 1046 καὶ
327 1021 373 1048 νῦν
387 1022 444 1048 νέον
460 1031 506 1049 σου
521 1023 585 1050 λαὸν
606 1024 724 1059 Ἰσραὴλ,
743 1024 780 1054 ὡς
795 1025 827 1050 ἑκ
844 1024 898 1050 τῶν
915 1024 960 1050 Ai-

173 1067 296 1098 γυπτίων
308 1067 485 1095 διασωθέντα.

208 1111 272 1146 ροε¹.
287 1114 340 1139 Καὶ
369 1114 455 1141 ταῦτα
478 1115 524 1141 καὶ
541 1115 655 1142 πλεῖστα
672 1117 818 1152 εὐχόμενος
836 1117 898 1147 τοὺς
913 1125 960 1143 πο-

171 1157 246 1190 λίτας
257 1160 466 1195 παρεθάρρυνεν
475 1161 564 1193 ἀξίους
575 1163 711 1198 παριατᾷν
723 1163 837 1194 ἑαυτοὺς
849 1163 888 1197 τῷ
900 1161 959 1197 Θεῷ

172 1204 220 1230 καὶ
236 1204 305 1240 ὑπὲρ
324 1206 454 1240 πατρίδος
472 1207 518 1233 καὶ
535 1207 607 1233 ναῶν
623 1208 764 1240 παναγίων
778 1209 824 1235 καὶ
839 1209 959 1241 πίστεως

170 1250 369 1283 διανίστασθαι,
389 1253 436 1279 καὶ
451 1253 505 1279 τῶν
518 1252 663 1288 βαρϐάρων
675 1256 795 1282 ἐναντίον
807 1256 958 1291 ἀντιπαρα-

169 1296 330 1324 τάσσεσθαι.
346 1298 402 1331 Τῆς
421 1296 467 1324 οὖν
483 1299 643 1333 πολιορκίας
663 1301 820 1334 γινομένης.
845 1302 892 1327 καὶ
905 1301 958 1327 τῶν

171 1341 343 1375 πετροϐόλων
372 1343 505 1370 πάντοθεν
532 1344 729 1376 ἀκοντιζόντων
759 1345 820 1379 οὐχ).
844 1346 956 1379 πέτρας,

170 1388 228 1414 ἀλλ’
244 1388 294 1423 ὅρη
319 1391 367 1416 καὶ
386 1390 506 1424 βουνοὺς,
524 1389 563 1421 εἷς
580 1393 608 1418 ιν
625 1393 657 1426 τῇ
678 1392 751 1419 ἔνδον
769 1393 823 1419 τῶν
840 1393 957 1420 πολιτῶν

171 1435 311 1471 πετραρέᾳ
331 1437 460 1471 ὑπάρχων
483 1437 576 1464 θεόθεν
599 1439 780 1473 ἑμπνευσθεὶς
802 1439 893 1474 μικρῷ
906 1440 956 1466 κά-

169 1482 250 1516 χληκι
271 1482 426 1517 ἐπιγράψας
452 1483 482 1510 τὸ
505 1484 593 1518 ὄνομα
617 1483 664 1511 τοῦ
689 1485 767 1518 ἁγίου
796 1486 955 1520 Δημητρίου

168 1527 293 1561 ἠκόντισε
316 1529 430 1563 κράξας,
453 1530 496 1556 Ἑν
510 1529 548 1564 τῷ
569 1530 682 1564 ὀνόματι
702 1530 747 1556 τοῦ
764 1530 831 1556 Θεοῦ
849 1531 895 1557 καὶ
910 1532 956 1558 τοῦ
970 1546 991 1574 C

169 1573 248 1607 ἁγίου
261 1575 431 1609 Δημητρίου·
448 1577 494 1601 καὶ
509 1575 691 1606 ἀπολυθέντος
704 1576 751 1602 τοῦ
763 1576 848 1607 λίθου,
858 1577 958 1610 ὁμοίως

168 1619 215 1644 καὶ
241 1618 342 1651 ἔξωθεν
357 1621 389 1645 ἐκ
412 1619 466 1646 τῶν
482 1620 629 1654 βαρϐάρων
653 1619 722 1655 ὑπὲρ
742 1620 822 1647 αὑτὸν
843 1621 957 1656 τριπλοῦ

168 1663 214 1691 καὶ
223 1665 352 1692 ἐπέκεινα
366 1665 546 1697 καθεστῶτος,
559 1666 714 1701 ὑπαντῆσαι
723 1666 820 1693 τοῦτον
831 1667 878 1694 καὶ
893 1668 959 1695 ἀνθ-

167 1711 335 1746 υποστρέψαι
353 1712 393 1743 είς
410 1711 460 1747 τὴν
477 1712 569 1748 χώραν
588 1713 637 1747 τῆς
663 1713 836 1749 βαρϐαρικῆς
859 1723 957 1749 πετρο-

167 1756 263 1787 ϐόλου.
293 1757 465 1792 ἀμφοτέρους
492 1758 675 1790 κατελθόντας
702 1760 747 1786 καὶ
777 1759 840 1791 τοὺς
867 1762 956 1788 ἐκεῖσε

166 1803 326 1830 ἀποκτεῖναι
353 1804 422 1838 μετὰ
440 1804 487 1830 τοῦ
509 1806 538 1831 ὲν
556 1806 625 1840 αὐτῇ
649 1805 724 1837 ὄντος
751 1807 954 1842 μαγγαναρίου,

167 1849 215 1875 καὶ
242 1850 310 1884 μετὰ
327 1849 451 1876 τοιοῦτον
473 1850 578 1885 θαῦμα,
603 1852 689 1886 μέσης
710 1852 760 1887 ἤδη
779 1854 828 1888 τῆς
849 1853 955 1888 ἡμέρας

166 1894 327 1929 γενομένης,
339 1895 415 1929 ἄφνω
428 1896 538 1930 σεισμὸς
551 1896 637 1930 μέγας
652 1897 771 1929 ἐγένετο,
783 1897 852 1924 ὥστε
865 1899 954 1925 πάντα

165 1941 211 1967 τὸν
224 1940 288 1967 λαὺν
302 1941 352 1975 τῆς
370 1941 474 1971 πόλεως
489 1941 645 1975 ἀνακράξαι
663 1942 692 1968 τὸ
709 1942 795 1977 Κύριε
805 1962 812 1974 ,
828 1943 952 1978 ἐλέησον.

202 1989 272 2021 ρος-⁸.
289 1985 344 2013 Τοῦ
369 1986 398 2013 δὲ
426 1986 594 2022 βαρὸαρικοῦ
618 1988 738 2022 πλήθους
753 1989 906 2024 ἑωρακότος
922 1989 952 2016 τὺ

164 2033 252 2067 τεῖχος
270 2033 487 2064 καταπεπτωκὸς
500 2033 584 2065 ἃπαν,
613 2034 822 2069 συνεφορμῆσαι
837 2035 904 2070 πρὸς
921 2035 951 2062 τὺ

164 2078 214 2113 τὴν
228 2079 306 2105 πόλιν
330 2079 414 2111 ἑλεῖν,
444 2079 491 2105 καὶ
506 2080 717 2114 πλησιασάντων
735 2080 826 2106 αὐτῶν
839 2081 905 2116 όρᾷν
922 2082 951 2108 τὸ

163 2125 252 2157 τεῖχος
267 2124 395 2158 καθάπερ
405 2124 436 2150 τὸ
451 2124 561 2159 πρῶτον
576 2123 671 2155 ἑστὼς,
690 2124 766 2150 ἐνθεν
782 2133 812 2151 τε
829 2125 952 2158 ἐπεγνω-

165 2170 240 2196 κέναι
253 2169 299 2195 τὸν
313 2169 361 2205 τὴν
375 2169 503 2205 τοιαύτην
515 2170 658 2205 ἑωρακότα
670 2170 838 2203 ἐπαγγελίαν
855 2171 950 2206 ἀρχιει

702 141 731 170 5.
748 140 934 170 DEMETBH
958 139 1153 170 MARTYRIS
1173 141 1275 170 ACTA.

1727 142 1795 175 1352

1051 196 1109 222 174.
1131 196 1183 228 Tu,
1209 205 1300 224 rerum
1335 199 1455 224 onminm
1488 197 1600 225 Domine
1616 219 1622 231 ,
1643 200 1798 228 misericors

1013 248 1074 267 cum
1104 241 1153 272 sis,
1183 246 1293 276 propter
1322 249 1372 269 nos
1402 247 1526 270 naturam
1554 243 1698 271 humanam
1717 252 1798 272 assu-

1013 295 1103 318 lllt‘l‘e,
1119 295 1283 322 cruccntque
1305 295 1337 314 ac
1362 294 1476 316 mortem
1502 296 1551 323 pro
1579 297 1677 324 genere
1705 295 1799 319 "OSU'O

1012 334 1124 360 snﬂcrre
1155 334 1272 366 voluisti,
1292 339 1319 361 tu
1345 335 1461 369 teipsum
1488 343 1537 370 pro
1564 336 1642 362 nobis
1673 337 1796 364 obtulisti

1013 379 1086 405 Patri
1102 383 1147 404 tuo
1162 379 1326 406 sacrilicium
1346 380 1489 411 ntundum,
1507 384 1535 406 ιιι
1550 387 1600 408 nos
1621 381 1667 408 libi
1686 382 1796 416 proprio

1013 424 1144 458 sanguine
1159 424 1259 455 eruisti,
1276 425 1379 460 eligens
1398 433 1447 452 uos
1467 427 1595 460 populum
1619 430 1695 454 tuum
1711 435 1795 462 pecu-

1013 468 1119 501 liarem,
1142 474 1249 504 gentem
1277 477 1398 498 sanctam
1421 479 1430 498 :
1450 479 1504 498 non
1532 471 1636 499 intrent
1660 477 1752 507 gentes
1768 473 1795 500 iu

1014 514 1198 542 haereditatem
1225 521 1310 548 luam,
1334 525 1367 544 ne
1397 519 1596 545 commaculent
1613 523 1705 546 sancta
1732 524 1799 546 tem-

1014 561 1056 595 pla
1085 565 1141 593 tua,
1159 569 1219 596 quae
1246 562 1304 596 ipse
1327 562 1399 589 inter
1416 571 1475 590 eam
1501 563 1653 591 inhabitare
1678 565 1798 597 voluisti,

1015 614 1048 633 ne
1073 607 1203 635 adversus
1221 616 1283 640 nos,
1305 609 1344 635 uti
1369 609 1506 644 quondam
1532 618 1663 644 arrogans
1689 610 1796 640 Goliath

1013 653 1144 681 adversus
1169 653 1263 685 David,
1282 654 1436 681 exaltentur
1451 663 1457 687 ;
1475 656 1521 682 sed
1544 655 1623 683 nobis
1647 655 1797 685 humilibus

1013 706 1096 734 atque
1112 700 1230 735 indignis
1245 701 1330 728 servis
1343 701 1407 733 tuis,
1426 706 1455 728 ut
1469 700 1572 728 famulo
1585 706 1632 729 tuo
1651 703 1744 735 David,
1762 703 1796 730 da

1015 746 1129 780 lapidem
1145 747 1304 779 salutarem,
1317 753 1388 775 luant
1404 747 1566 775 invisibilem
1581 748 1608 775 in
1622 749 1692 775 bello
1704 756 1795 783 opem.

1014 797 1043 819 ut
1056 801 1102 827 per
1111 801 1170 820 eam
1187 793 1268 820 funda
1287 798 1393 821 utentes
1409 794 1470 821 dolo
1483 794 1616 822 adversus
1635 803 1684 822 nos
1696 795 1799 822 instru-

1014 843 1072 866 ctas
1085 839 1267 867 Barbarorum
1287 840 1436 875 phalanges
1452 840 1627 875 repellamus,
1645 849 1677 867 ne
1693 840 1768 867 l‘usas
1782 849 1796 868 ιι

1014 887 1062 910 ιυο
1079 884 1258 911 certaminum
1278 883 1386 911 Victore
1404 892 1453 918 pro
1478 884 1557 911 nobis
1583 892 1688 919 preces.
1706 884 1798 912 irritas

1014 928 1107 961 facias,
1125 937 1158 955 nc
1175 930 1305 957 adversus
1321 937 1381 963 nos,
1399 937 1442 962 ne,
1457 929 1579 963 Domine,
1594 930 1672 957 idolis
1691 931 1798 958 addicta

1014 982 1045 1001 ac
1067 976 1169 1001 incesta
1190 975 1329 1010 impiaqnc
1352 975 1427 1002 natio
1452 976 1607 1009 praevaleat,
1624 975 1722 1004 exhibe
1747 984 1799 1004 nos

1013 1020 1093 1047 etiam
1113 1028 1184 1047 nunc
1196 1029 1295 1048 novum
1310 1027 1386 1048 tuum
1401 1021 1434 1048 ab
1446 1020 1581 1056 Egyptiis
1596 1022 1797 1056 quodammodo

1013 1071 1162 1098 servulum,
1181 1067 1309 1101 populum
1331 1067 1427 1095 Israel.

1049 1112 1110 1139 175.
1139 1113 1227 1146 Atque
1250 1113 1308 1139 hate
1331 1117 1357 1140 ct
1378 1112 1493 1147 plurinta
1523 1120 1606 1140 orans
1631 1113 1736 1142 civibus
1769 1114 1800 1141 ιι-

1012 1158 1119 1184 dneiam
1143 1159 1268 1190 addebat,
1284 1166 1338 1193 quo
1358 1159 1462 1193 seipsos
1485 1159 1582 1194 dignos
1602 1160 1657 1187 Deo
1683 1161 1799 1188 exhibe-

1013 1209 1082 1234 rnnl,
1099 1208 1127 1230 ut
1142 1208 1168 1230 ct
1183 1211 1232 1238 pro
1250 1204 1336 1238 patria
1347 1210 1374 1232 et
1387 1205 1495 1239 templis
1508 1207 1687 1234 sanctissimis
1701 1211 1727 1235 et
1743 1207 1796 1235 ﬁde

1013 1250 1195 1282 insurgerent,
1213 1250 1325 1284 acieque
1349 1255 1443 1278 contra
1460 1251 1593 1278 Barbaros
1613 1252 1796 1282 decertarent.

1011 1294 1159 1322 Obsidione
1169 1295 1251 1330 igitur
1262 1295 1378 1330 incepta,
1388 1297 1592 1332 petroboltsque
1603 1299 1795 1334 nndequaque,

1012 1348 1064 1366 non
1083 1340 1197 1374 lapides,
1220 1341 1268 1368 sed
1295 1347 1402 1369 tuentes
1423 1347 1448 1370 et
1468 1344 1562 1377 colles,
1584 1343 1796 1378 ejaculantibus,

1013 1393 1082 1412 unus
1099 1386 1126 1412 in
1144 1386 1253 1413 civitate
1265 1395 1279 1414 c
1292 1387 1400 1415 civibus
1414 1388 1533 1422 lapillum
1550 1389 1650 1423 jactor,
1664 1390 1796 1419 divinitus

1011 1432 1172 1466 inspiratus.
1198 1440 1259 1459 cum
1281 1441 1365 1468 parvo
1385 1434 1478 1468 lapillo
1498 1435 1586 1462 sancti
1606 1435 1735 1463 Demetrii
1750 1444 1798 1464 no-

1011 1485 1071 1503 men
1087 1478 1281 1512 inscripsisset,
1297 1487 1358 1506 eunt
1374 1481 1464 1507 emisit
1481 1481 1603 1509 clamans
1627 1491 1634 1510 ι
1653 1482 1680 1509 In
1703 1482 1748 1510 Dei
1770 1489 1798 1511 et

1010 1523 1097 1549 sancti
1119 1523 1248 1550 Demetrii
1268 1525 1390 1556 nomine,
1412 1534 1531 1560 cumque
1552 1529 1632 1562 lapis,
1657 1529 1798 1556 similiter-

1009 1577 1062 1603 que
1086 1569 1255 1597 extrinsecus
1282 1577 1296 1597 a
1323 1570 1452 1598 Barbaris
1480 1574 1558 1604 alter,
1586 1574 1633 1608 qui
1660 1574 1742 1608 triplo
1768 1579 1796 1602 et.

1008 1614 1126 1648 amplius
1142 1614 1229 1648 major
1239 1619 1307 1647 erat,
1325 1614 1423 1642 fuisset
1440 1616 1568 1649 emissus,
1586 1618 1688 1645 accidit
1708 1623 1736 1645 ut
1751 1619 1795 1647 hic

1008 1660 1046 1687 illi
1072 1666 1238 1693 occurreret,
1268 1667 1350 1696 atque
1373 1662 1406 1688 ad
1430 1661 1517 1689 loeunt
1542 1670 1598 1698 quo
1616 1664 1793 1693 barbarorum

1007 1711 1066 1735 erat
1083 1707 1241 1742 pelrobolns
1268 1712 1463 1740 reverteretur,
1484 1713 1567 1743 utque
1582 1709 1664 1738 ambo
1681 1711 1795 1739 descen.

1007 1753 1101 1780 dentes
1123 1760 1171 1780 eos
1185 1753 1266 1779 etiam
1284 1753 1331 1788 qui
1357 1753 1456 1780 ibidem
1474 1759 1560 1787 erant,
1575 1762 1627 1782 una
1645 1763 1706 1783 cum
1727 1756 1795 1784 arti-

1007 1799 1066 1831 llcc,
1084 1799 1129 1834 qtli
1150 1800 1177 1826 in
1194 1807 1225 1826 eo
1241 1803 1309 1831 erat,
1323 1799 1493 1838 occiderent.
1511 1800 1550 1828 Ac
1565 1805 1626 1835 post
1644 1802 1697 1829 tale
1713 1802 1793 1828 mira-

1006 1846 1108 1877 culum,
1139 1854 1202 1873 cum
1219 1845 1306 1872 media
1334 1846 1389 1881 jam
1408 1846 1473 1879 dics,
1487 1850 1570 1879 esset,
1599 1846 1690 1874 subito
1713 1851 1793 1874 terra:

1006 1898 1095 1920 motus
1113 1892 1200 1919 factus
1213 1896 1254 1919 est
1267 1899 1394 1927 magnus,
1412 1891 1449 1918 ila
1463 1896 1493 1918 ut
1513 1892 1604 1919 omnis
1623 1892 1706 1919 simul
1724 1892 1792 1919 civi-

1005 1939 1068 1966 latis
1083 1939 1199 1972 populus
1214 1938 1357 1970 clamaret,
1372 1936 1497 1969 Domine,
1510 1937 1651 1964 miserere.

1041 1983 1102 2010 176.
1123 1983 1190 2010 Cum
1225 1985 1316 2008 autem
1347 1981 1489 2008 barbarica
1511 1981 1656 2008 multitudo
1685 1989 1792 2009 murum

1003 2036 1111 2056 omnem
1127 2028 1225 2056 collabi
1237 2029 1356 2060 vidisset,
1374 2032 1403 2055 ut
1417 2027 1554 2055 civitatem
1575 2031 1694 2062 caperet.
1707 2026 1791 2054 simul

1004 2073 1129 2100 universa
1149 2074 1244 2106 movit,
1267 2081 1384 2109 cumque
1401 2072 1664 2107 appropinquasset,
1681 2079 1788 2099 murum

1003 2125 1031 2147 ut
1046 2125 1111 2147 ante
1126 2124 1243 2147 stantem
1262 2119 1338 2151 vidit,
1356 2119 1486 2153 hincque,
1508 2118 1553 2151 qui
1578 2117 1788 2152 promissionem

1002 2165 1159 2201 huiusmodi
1174 2166 1201 2193 in
1216 2165 1321 2193 visione
1338 2169 1490 2200 acceperat,
1503 2163 1738 2198 archiepiscopus,
1753 2163 1789 2191 ei-

165 2214 223 2249 ρέα,
240 2215 281 2241 ὃτι
312 2215 483 2241 ἐπέσκεπται
514 2215 564 2250 τὴν
577 2216 656 2242 πόλιν
683 2216 697 2242 ὁ
714 2216 816 2251 Κύριος
842 2216 888 2242 διὰ
903 2217 949 2244 τοῦ

1008 2214 1112 2241 vitalem
1132 2221 1181 2249 per
1204 2221 1282 2241 suum
1307 2212 1485 2240 certaminum
1504 2210 1640 2238 Victorem
1666 2210 1791 2238 visitasse

163 2260 310 2294 ἀθλοφόρου
326 2260 420 2287 αὐτοῦ.
435 2259 574 2296 Εὕρηνται
586 2261 654 2295 γὰρ,
670 2261 708 2292 ὡς
723 2262 771 2287 καὶ
781 2261 895 2288 πλεῖστα
908 2270 954 2289 τε-

163 2304 285 2338 θέανται,
303 2306 335 2332 ὲκ
354 2305 408 2332 τῶν
423 2306 498 2340 παρὰ
517 2306 571 2332 τῶν
590 2306 737 2341 βαρϐάρων
753 2307 896 2341 ῥιφέντων,
914 2307 952 2339 ὡς

162 2351 291 2385 νιφάδων,
311 2351 407 2386 βελῶν,
421 2351 482 2378 τινὰ
495 2351 525 2384 ἐξ
539 2352 630 2378 αὐτῶν
649 2352 679 2378 τὸ
693 2352 884 2387 ἐπτερωμένον
899 2353 950 2387 μέ-

162 2405 209 2431 ρος
223 2396 262 2431 τῷ
277 2397 364 2432 τείχει
377 2397 554 2432 κολληθέντα,
566 2398 612 2424 τὸν
626 2398 653 2425 δὲ
679 2398 789 2433 σίδηρον
803 2399 872 2434 πρὸς
885 2399 950 2431 τοὺς

162 2442 338 2474 ὑπεναντίους
356 2443 478 2478 τρέπειν.
497 2444 613 2471 Ἔκτοτε
629 2444 675 2472 οὖν
686 2445 735 2472 τοῦ
750 2445 884 2480 προέδρου
898 2446 948 2480 τὴν

160 2488 349 2522 γεγενημένην
363 2488 396 2522 τῇ
411 2487 486 2515 πόλει
501 2489 577 2523 παρὰ
591 2489 659 2515 Θεοῦ
672 2489 826 2524 ἐπισκοπὴν
845 2488 888 2516 διὰ
899 2490 948 2524 τῆς

159 2533 206 2559 τοῦ
221 2533 335 2567 σεισμοῦ
348 2535 471 2568 ταραχῆς
490 2536 701 2570 σαφηνίσαντος.
731 2537 778 2562 καὶ
798 2535 852 2561 τῶν
878 2534 946 2571 βαρ-

159 2579 252 2613 ϐάρων
264 2578 363 2611 ἔξωθεν
377 2579 619 2614 καταπλαγέντων,
637 2581 772 2607 ὲπιπλεὶω
791 2582 816 2607 oi.
835 2582 885 2616 τῆς
897 2582 946 2607 πό-

159 2624 227 2656 λεως
237 2624 349 2660 ἀνδρίαν
363 2624 435 2651 κατὰ
447 2625 500 2651 τῶν
513 2626 642 2652 ἐναντίων
668 2627 839 2661 ἡμφιέσαντο
849 2634 856 2642 ⁸
872 2627 946 2660 τινὲς

127 2688 148 2734 .i
195 2711 251 2748 (40)
267 2712 342 2740 Talia
358 2722 424 2750 sane
442 2719 517 2747 sunt,
535 2723 595 2750 quae
614 2715 656 2742 hic
673 2714 707 2742 ab
719 2719 831 2742 auctore
850 2720 944 2743 nostro

159 2752 314 2779 narrantur,
336 2753 374 2780 ut,
389 2749 410 2775 si
423 2751 503 2777 modo
522 2749 609 2777 locum
623 2749 803 2782 obtinuerint,
818 2751 944 2778 dubitare

160 2791 213 2810 Il0n
225 2783 324 2815 sinant,
335 2783 400 2818 quin
417 2789 472 2810 tum
482 2784 776 2812 Thcssalonicensibus
788 2786 942 2819 prodigiose

159 2826 173 2843 a
194 2823 295 2851 Nudo
322 2819 459 2845 Demetrio
483 2819 564 2846 fuerit
584 2828 756 2847 snreursunt.
782 2820 939 2847 Orationem

160 2853 277 2888 interitu,
295 2861 375 2888 quam
398 2862 412 2881 ιι
424 2853 529 2883 Joanne
543 2854 779 2883 Tltessaloniccnsi
801 2856 834 2883 ad
854 2854 938 2882 Deum

1005 2259 1162 2291 Dotninum,
1190 2257 1329 2293 cognovit.
1369 2257 1390 2284 E
1414 2257 1520 2292 sagittis
1550 2261 1692 2290 praeterea,
1718 2256 1790 2284 nivis

1002 2305 1144 2333 confertim
1157 2305 1278 2333 cadentis
1291 2304 1317 2331 in
1333 2303 1442 2332 modum
1460 2311 1506 2338 per
1519 2302 1653 2330 Barbaros
1667 2303 1788 2335 emissis,

1002 2352 1152 2383 nonnullae,
1170 2351 1240 2378 alata
1257 2350 1299 2378 sui
1316 2353 1393 2385 parte
1408 2357 1487 2376 muro
1500 2347 1598 2380 aliine,
1620 2347 1719 2376 ferrata
1735 2355 1786 2375 au-

1001 2403 1053 2426 tem
1069 2406 1165 2426 versus
1184 2398 1277 2425 hostes
1299 2403 1397 2427 verste,
1423 2395 1540 2423 inventae
1570 2394 1680 2422 fuerunt
1704 2399 1786 2429 atque

1001 2445 1082 2472 etiam
1107 2449 1137 2471 ut
1163 2443 1311 2479 plurimum
1337 2446 1492 2476 conspectae
1515 2440 1584 2476 (40).
1605 2440 1646 2468 Ab
1662 2448 1695 2469 eo
1719 2447 1786 2476 ergo

1002 2497 1124 2526 tempore
1148 2498 1162 2518 e
1194 2494 1273 2516 terra:
1298 2493 1388 2517 motus
1420 2487 1536 2515 tumultu
1560 2486 1746 2514 visitationem
1768 2494 1783 2514 a

1000 2535 1054 2564 Deo
1069 2535 1172 2563 civitati
1187 2534 1297 2566 laetam,
1309 2533 1515 2567 archiepiscopo
1530 2532 1699 2565 declarante,
1717 2530 1783 2560 Bar-

999 2581 1128 2616 barisque
1154 2581 1221 2609 foris
1245 2579 1436 2611 consternatis.
1459 2578 1623 2606 fortitudine
1651 2578 1784 2606 adversus

997 2627 1127 2654 inimicos
1157 2627 1304 2654 maximam
1333 2630 1449 2660 partem,
1479 2625 1525 2660 qui
1551 2624 1668 2653 civitatis
1694 2628 1784 2657 erant,

1000 2714 1087 2742 fusam
1113 2722 1196 2749 supra
1210 2715 1232 2742 is
1246 2715 1338 2746 refert,
1355 2713 1441 2748 lapilli
1457 2712 1551 2749 emissi
1569 2712 1705 2749 miraculo
1719 2715 1782 2747 post

998 2755 1093 2777 secuto
1114 2748 1174 2777 esse
1188 2751 1435 2780 accommodatam,
1458 2748 1552 2775 mirari
1570 2748 1652 2780 subit,
1667 2753 1782 2781 eamque

996 2784 1094 2812 Joanni
1110 2793 1124 2811 a
1138 2785 1247 2812 laudato
1257 2791 1366 2812 auctore
1382 2792 1431 2819 pro
1446 2783 1560 2813 arbitrio
1575 2790 1637 2811 esse
1663 2782 1782 2811 allictatn

997 2821 1235 2849 vehementissime
1253 2820 1387 2855 Suspicor.
