2038 3151
174 182 244 219 i357

700 188 729 219 S.
744 185 933 218 DEMETRII
951 187 1144 219 MARTYRIS
1164 186 1267 218 ACTA.

1719 183 1786 216 1358

166 238 332 269 καυσάντων
346 242 394 270 καὶ
412 241 580 275 διαζιύκτων
591 241 692 275 ὃπλων,
709 244 772 274 τοὺς
787 242 949 274 θαλαττίους

1007 249 1096 269 sarum
1111 241 1228 276 partium
1244 242 1309 268 sunt
1334 239 1433 274 partim
1464 238 1669 274 quiescentibus
1690 239 1787 266 armis-

169 288 318 324 πλωτῆρας
328 289 391 321 τοὺς
406 289 452 316 ἐπὶ
470 287 648 325 παρακομιδῇ
673 287 788 324 καρπῶν
802 289 832 314 ὲν
850 289 883 323 τῇ
903 287 951 323 βα-

169 335 313 371 σιλευούσῃ
326 337 452 368 ἀνιόντας
466 336 545 364 πόλει
564 336 744 372 παμπόλλους
765 335 952 371 ἐκπορθήσαν-

168 377 224 412 τεξ,
240 380 294 407 ἀπό
318 390 349 408 τε
365 382 419 409 τῶν
435 382 525 418 νήσων
551 383 598 409 καὶ
623 382 673 417 τῆς
687 383 783 417 στενῆς
805 382 951 417 Θαλάττης,

168 427 216 452 καὶ
229 427 284 453 τῶν
295 427 341 454 ἐπὶ
357 428 388 455 τδ
405 428 507 463 Πάριον
532 428 581 455 καὶ
596 428 769 464 Προκόνησον
786 428 887 460 τόπους
905 427 954 455 καὶ

167 472 266 504 αὐτοὺς
283 473 348 505 τοὺς
373 474 413 505 si;
443 474 473 501 τὺ
496 475 640 502 τιλωνεῐον
666 473 724 509 ἅμα
751 474 804 500 τῶν
829 474 954 509 πλοΐμων

168 518 424 553 αἰχμαλωτίσαντες
439 520 508 555 μετὰ
523 519 657 547 πλείστων
671 519 743 547 νηῶν
757 519 827 546 οῐκοι
843 519 890 546 ἐπὶ
907 519 955 546 Θυ-

168 564 269 596 λάκους
283 564 407 592 ἀπίασιν.

207 653 279 686 ρῐ-,α’.
297 651 364 679 Τότε
381 652 410 679 ὁὶ
425 652 439 679 ό
450 652 504 680 τῶν
518 654 689 689 πραγμάτων
703 654 809 689 κύριος,
821 653 835 679 ὸ
848 661 955 689 χριστο-

170 697 271 733 στεφὴς
280 698 359 733 ἡμῶν
372 698 511 733 βασιλεὺς,
526 700 575 735 τὴν
589 700 721 735 ἐπιμονὴν
737 700 785 726 καὶ
796 698 956 730 ἀλαζονείαν

170 741 226 767 τῶν
244 742 351 777 ἐχθρῶν
364 743 435 778 ὀρῶν
450 744 479 769 οὐ
499 743 580 779 μόνον
595 744 645 779 τὴν
662 743 730 779 πρὸς
744 744 793 779 τὴν
809 743 870 770 καθ’
884 743 957 778 ἡμᾶς

169 787 257 820 πόλιν,
276 787 317 813 ἔτι
334 788 361 815 δὲ
384 789 432 815 καὶ
446 789 513 824 πρὸς
529 790 628 821 αὐτοὺς
643 789 747 825 τολμᾷν
767 789 957 824 ἀντιπαρατά-

172 831 268 859 ξασθαι
283 832 347 864 τοὺς
364 832 540 867 κρατοῦντας,
563 833 662 868 ἠξίωσε
679 832 743 865 τοὺς
759 834 790 860 ἐκ
807 834 853 860 τοῦ
873 833 956 861 αὐτοῦ

170 876 345 912 φιλοχρίστου
368 879 485 911 στρατοῦ
508 879 552 905 διὰ
573 879 685 914 Θρᾴκης
711 879 758 906 καὶ
778 879 834 906 τῶν
855 879 956 907 ἁντίων

170 924 241 950 κατὰ
262 924 317 950 τῶν
338 923 385 950 τοῦ
401 924 564 959 Στρυμῶνος
584 925 900 963 καταατρατοπεδεῦσαι,
922 926 953 953 οὐ
971 915 992 942 Β

171 968 309 1002 κρυφηδόν
326 967 385 1002 ἦτοι
399 967 547 1003 λαθραίως,
563 968 630 995 ἀλλὰ
649 970 695 996 καὶ
711 970 890 1005 προμηνύσας
903 970 954 997 αὺ-

171 1013 226 1044 τοῖς
242 1013 291 1048 τὴν
307 1012 374 1046 πρὸς
387 1013 485 1045 αὐτοὺς
497 1014 635 1047 ἑξέλευσιν
647 1022 654 1029 ·
670 1014 768 1046 οἵτινες
783 1016 955 1052 προεγνωκό-

169 1066 225 1090 τες,
246 1058 296 1090 τὰς
320 1058 483 1094 κλεισούρας
505 1059 631 1091 καὶτοὺς
650 1059 832 1096 ὀχυροτέρους
856 1061 955 1093 τόπους

168 1104 368 1136 καταλαϐόντες
390 1105 459 1140 πρὸς
482 1105 639 1133 ἀντίστασιν
652 1106 706 1133 τῶν
726 1106 887 1141 Ῥωμαϊκῶν
911 1108 956 1133 ὲκ-

171 1150 384 1185 στρατευμάτων
402 1150 612 1182 ἀνθωπλίζοντο,
637 1152 727 1178 πᾶσαν
747 1151 797 1187 τὴν
817 1152 955 1188 βάρϐαρον

170 1196 202 1222 ἑκ
218 1195 356 1231 διαφόρων
369 1195 461 1231 ρηγῶν
478 1196 604 1232 βοήθειαν
617 1196 657 1229 είς
673 1198 831 1233 συμμαχίαν
842 1205 956 1233 προτρι·

169 1240 304 1277 ψάμενοι.

209 1285 280 1322 ριιβ’,
302 1287 382 1315 Ἀλλὰ
399 1288 445 1315 καὶ
464 1288 492 1315 ὲν
509 1288 597 1324 τούτῳ
617 1289 664 1316 τοῦ
682 1288 838 1322 εὐσθενοῦς,
858 1289 896 1319 ὼς
910 1288 955 1316 λέ·

169 1332 275 1364 λεκται,
294 1334 432 1368 μάρτυρος
450 1333 521 1369 μετὰ
537 1333 591 1360 τῶν
606 1334 709 1361 λοιπῶν
726 1334 812 1367 ἁγίων
827 1333 957 1360 καθοπλι-

173 1379 301 1413 σαμένου,
321 1379 409 1411 νίκαις
423 1379 453 1406 τὸ
473 1379 628 1414 Ῥωμαϊκὸν
646 1380 718 1406 κατὰ
732 1380 786 1406 τῶν
800 1379 956 1407 Σκλαϐίνων

172 1425 287 1458 ἐνέδειξε
306 1425 488 1460 στρατόπεδον
512 1425 559 1452 καὶ
576 1426 615 1457 εἰς
631 1425 663 1457 ἃς
679 1426 756 1452 αὐτοὶ
773 1426 958 1461 πεποιήκασιν

173 1470 282 1506 ἐνέδρας
292 1471 356 1503 τοὺς
367 1470 457 1498 αὐτῶν
471 1471 619 1507 σθεναροὺς
633 1472 681 1498 καὶ
695 1472 805 1506 ἐξόχους
821 1472 867 1499 καὶ
879 1468 958 1499 όπλί-

171 1525 221 1547 τας
235 1517 419 1551 κατέσφαξαν,
429 1517 477 1544 καὶ
487 1517 587 1551 ἔφυγεν
601 1518 676 1544 πᾶσα
688 1518 705 1552 ή
722 1517 859 1552 βάρϐαρος
873 1517 956 1552 φυλὴ,

172 1561 243 1612 ὥστε
259 1562 336 1593 τινὰς
353 1562 550 1612 είσδραμόντας
565 1564 599 1597 τῇ
615 1562 682 1612 acc-s6:
692 1562 956 1612 ἡμᾶςλθεοφυλάκτῳ
969 1583 991 1612 c

173 1607 249 1633 πόλει
271 1607 408 1642 κρυφηδὺν
430 1607 582 1641 διήγειραν,
600 1607 643 1640 ἔφ’
662 1605 684 1641 ᾧ
705 1606 826 1639 ἐξελθεῖν
851 1607 891 1638 είς
907 1608 957 1639 τὰς

172 1651 262 1677 αὐτῶν
279 1651 365 1682 κάσας
381 1652 428 1682 ’τὰς
447 1651 571 1686 πλησίον,
588 1651 636 1677 καὶ
651 1651 773 1685 καρποὺς
788 1652 850 1682 τοὺς
866 1651 957 1679 αὐτῶν

173 1696 265 1724 λαϐεῖν
280 1697 324 1724 διὰ
340 1696 387 1723 τοῦ
402 1697 506 1731 ἀφάτου
522 1696 617 1731 φόϐου,
637 1696 746 1730 καὶτῆς
763 1696 913 1732 γενομένης
929 1697 958 1724 ἐν

172 1743 264 1774 αὐτοῖς
281 1743 459 1778 κατασφαγῆς
473 1745 523 1775 τὰς
544 1743 633 1770 αὐτῶν
650 1742 782 1777 φαμιλίας
797 1743 886 1770 πάντα
908 1751 958 1769 κα-

172 1790 335 1822 ταλιπόντας
349 1792 406 1822 τοῖς
420 1790 515 1825 μέρεσι
527 1789 728 1825 προσπιλάσαι,
743 1790 791 1816 καὶ
803 1787 837 1825 ἦν
853 1789 958 1824 θεωρῆ-

174 1845 219 1864 σαι
244 1837 306 1868 τοὺς
333 1836 493 1871 νικηθέντας
522 1836 569 1863 καὶ
593 1836 716 1869 φυγάδας
741 1835 870 1868 πολίτας,
899 1836 958 1871 ἅμα

174 1882 280 1915 γυναιξὶ
297 1882 344 1909 καὶ
365 1882 471 1913 τέκνοις
491 1882 531 1913 είς
554 1882 601 1913 τὰς
626 1883 711 1914 κάσας
726 1882 778 1908 τῶν
794 1883 858 1916 περὶ
880 1882 958 1909 πόλιν

174 1928 221 1954 καὶ
235 1927 336 1954 λοιπῶν
350 1927 555 1963 πλησιαζόντων
565 1928 656 1954 τόπων
667 1928 796 1959 ἀπιόντας
805 1928 852 1955 καὶ
865 1928 958 1963 φέρειν

176 1975 258 2005 σῖτον,
275 1973 386 2008 ὄσπρια,
402 1973 451 2000 καὶ
474 1973 556 2005 ἄλλας
581 1974 737 2005 ἀποσκευὰς
753 1975 798 2001 καὶ
817 1975 852 2001 τὰ
876 1974 959 2001 λοιπὰ

174 2019 209 2046 τὰ
230 2019 298 2055 πρὸς
319 2020 478 2054 ἀποτροπὴν
495 2019 538 2045 ἐπ’
561 2018 644 2054 ὤμων
666 2020 894 2054 ἁποκομίζοντας,
913 2020 959 2046 ἀό-

175 2065 259 2096 πλους
269 2065 316 2091 καὶ
329 2064 367 2096 ὡς
388 2064 475 2091 ἔνεστι
490 2064 533 2091 διὰ
547 2064 596 2099 τὴν
620 2064 678 2091 ὁδὸν
705 2065 753 2091 καὶ
768 2065 814 2091 τὸν
832 2065 959 2092 καύσωνα

175 2109 354 2145 ἠμιχίτωνας,
371 2110 418 2136 καὶ
433 2110 500 2144 ὅπερ
516 2110 592 2136 αὐτοὶ
609 2110 678 2136 κατὰ
692 2109 742 2144 τῆς
760 2109 865 2141 πόλεως
879 2111 958 2145 ἡμῶν

176 2155 381 2187 ἐϐουλεύσαντο,
403 2154 481 2181 τοῦτο
494 2154 538 2181 διὰ
558 2154 605 2180 τοῦ
627 2154 764 2190 μάρτυρος
784 2155 801 2189 ἡ
821 2155 878 2182 ἄνω
892 2156 959 2182 πάν-

177 2208 230 2232 τως
246 2201 361 2236 πρόνοια
377 2200 417 2230 εἰς
430 2199 527 2231 αὐτοὺς
543 2200 712 2234 ἐπανήγαγε.

1002 294 1055 322 que
1070 286 1225 322 disjunctis,
1238 290 1336 313 nautas
1352 285 1472 312 marinos
1486 285 1632 319 plurimos,
1651 283 1697 319 qui
1709 291 1724 311 ι
1738 282 1788 311 de-

1001 332 1131 360 vehendis
1141 332 1174 359 ad
1189 331 1326 359 civitatem
1343 331 1525 365 imperantem
1541 329 1680 357 fructibus
1695 337 1788 357 rever-

1002 378 1137 410 tebantur,
1150 377 1318 412 diripientes,
1329 383 1430 412 eosque
1440 377 1485 411 qui
1497 376 1524 403 in
1534 376 1631 403 insulis
1651 375 1789 410 marisque

1003 425 1126 460 angustia
1133 431 1165 452 ac
1175 424 1283 458 locisﬁiis
1293 431 1353 459 quae
1365 422 1475 451 Parium
1485 430 1516 449 ac
1523 421 1714 450 Proconissurn
1726 429 1789 449 ver-

1003 479 1049 498 sus
1063 470 1118 506 (69)
1129 470 1179 498 sita
1192 474 1265 503 sunt,
1283 469 1449 502 habitabant,
1461 473 1542 503 atque
1557 468 1687 503 ipsosmet
1704 468 1786 495 etiam

1003 516 1049 552 qui
1067 516 1266 551 avectigalibus
1283 520 1370 548 erant,
1387 522 1442 543 una
1455 522 1516 542 cum
1532 513 1566 542 iis
1585 521 1646 550 quae
1659 514 1691 541 ad
1713 513 1790 541 navi-

1005 561 1139 596 gationem
1158 560 1324 596 spectabant.
1345 561 1492 595 capientes,
1510 567 1570 587 cum
1591 559 1706 588 navibus
1728 559 1790 594 plu-

1005 607 1083 634 rimis
1097 608 1130 635 ad
1148 613 1226 634 casas
1241 605 1297 642 (70)
1312 613 1375 634 suas
1392 606 1605 634 revertebantur.
1661 623 1679 641 κ

1042 652 1102 680 191.
1135 651 1211 680 Tunc
1241 657 1332 679 autem
1360 659 1450 679 rerum
1474 651 1622 689 dominus,
1643 655 1790 678 coronatus

1006 702 1098 725 noster
1112 704 1127 724 a
1143 697 1252 725 Christo
1270 698 1430 733 imperator.
1443 697 1617 725 inimicorum
1627 696 1788 724 obstinatio-

1006 751 1067 771 nem
1086 749 1168 778 atque
1190 744 1386 779 arrogantiam,
1401 751 1455 771 non
1477 743 1565 770 solum
1582 742 1720 770 civitatem
1737 750 1788 770 no-

1007 793 1102 821 stram,
1113 788 1159 816 sed
1171 793 1300 823 praeterea
1312 789 1394 816 etiam
1405 796 1453 816 eos
1462 788 1508 823 qui
1523 788 1703 823 principatum
1716 787 1790 814 obti-

1007 833 1119 866 nebant,
1133 834 1242 868 aggredi
1260 833 1360 861 audere
1370 833 1555 868 conspiciens,
1570 838 1666 861 contra
1683 840 1731 860 eos
1741 833 1789 868 qui

1008 878 1041 905 ad
1065 878 1212 905 exercitum
1235 886 1315 905 suum
1338 878 1440 906 Christi
1456 882 1593 906 amantem
1617 878 1788 913 spectabant.

1006 927 1099 951 contra
1116 931 1164 951 eos
1174 924 1220 959 qui
1234 924 1266 950 ad
1282 923 1453 959 Strymonem
1477 924 1556 952 sedes
1573 923 1713 951 habebant
1734 932 1788 952 non

1006 970 1112 997 occulte
1125 974 1171 997 aut
1184 969 1292 1003 furtim,
1308 970 1353 998 sed
1369 974 1395 997 et
1409 977 1468 1005 quae
1479 970 1612 998 adversus
1628 977 1675 997 eos
1687 970 1713 997 in
1726 977 1789 1004 pro-

1006 1016 1096 1044 cinctu
1112 1019 1183 1050 erat,
1195 1016 1366 1050 expeditione
1377 1020 1442 1043 ante
1456 1015 1625 1048 denuntiata,
1640 1023 1688 1051 per
1700 1014 1789 1042 Thra-

1006 1062 1076 1089 ciam
1091 1062 1206 1096 locaque
1225 1061 1314 1089 vicina
1335 1069 1443 1090 movere
1459 1062 1551 1097 jussit.
1574 1061 1626 1095 Qui
1647 1069 1704 1089 rem
1720 1069 1789 1097 prae-

1007 1111 1162 1140 noscentes,
1178 1107 1311 1142 angustiis
1325 1107 1446 1143 locisque
1462 1106 1630 1135 ﬁrmioribus
1645 1107 1788 1143 occupatis

1008 1157 1037 1178 ut
1046 1151 1177 1180 Romanis
1185 1152 1350 1180 exercitibus
1359 1153 1529 1184 resisterent,
1539 1160 1655 1180 armaex
1662 1153 1788 1185 adverso,

1007 1198 1144 1225 universis
1167 1198 1305 1225 variorum
1330 1205 1424 1233 regum
1447 1198 1599 1226 barbaricis
1609 1198 1789 1226 auxiliaribus

1006 1243 1093 1278 copiis
1103 1243 1136 1270 ad
1153 1243 1215 1270 belli
1234 1243 1390 1271 societatem
1403 1244 1518 1277 vocatis,
1534 1249 1675 1279 pararunt.

1043 1286 1102 1315 £92.
1123 1285 1221 1315 Verum
1251 1293 1278 1315 et
1305 1287 1355 1315 hac
1379 1288 1406 1316 in
1433 1297 1473 1321 re,
1495 1294 1599 1324 potens,
1635 1293 1664 1316 ut
1688 1290 1789 1318 dielum

1007 1338 1059 1367 est,
1076 1338 1189 1369 martyr,
1206 1333 1318 1369 reliquis
1342 1342 1405 1362 cum
1430 1335 1532 1363 sanctis
1549 1343 1624 1363 arma
1649 1335 1785 1363 submini-

1008 1384 1111 1413 strans,
1125 1379 1279 1407 Romanum
1298 1382 1448 1409 exercitum
1469 1386 1564 1409 contra
1580 1380 1691 1410 Sclavos
1706 1382 1790 1409 victo-

1008 1433 1066 1453 rem
1081 1425 1180 1459 eﬂ'ecit,
1195 1433 1299 1460 perque
1322 1426 1448 1464 insidias,
1473 1434 1542 1462 quas
1559 1427 1667 1463 ipsimct
1681 1431 1790 1454 struxe—

1008 1475 1081 1503 rant,
1110 1471 1195 1499 fortes
1212 1479 1307 1499 eorum
1335 1472 1594 1508 prastantioresque
1618 1480 1650 1500 ac
1671 1478 1791 1500 armatos

1009 1516 1130 1549 occidit;
1144 1521 1226 1552 atque
1240 1517 1331 1545 omnis
1346 1524 1412 1551 gens
1427 1517 1545 1544 barbara
1557 1517 1648 1552 fugam
1663 1518 1792 1553 arripuit,

1009 1562 1076 1590 adeo
1101 1567 1131 1589 ut
1147 1562 1278 1597 quosdam
1303 1562 1349 1596 qui
1372 1563 1409 1590 ad
1435 1568 1556 1590 nostram
1585 1564 1748 1591 custoditam
1775 1571 1791 1590 ι

1008 1608 1063 1635 Deo
1074 1607 1212 1634 civitatem
1227 1606 1415 1643 confugerant.
1434 1607 1588 1634 clanculum
1610 1608 1747 1635 monuerit
1760 1613 1792 1634 ut

1007 1653 1041 1680 ad
1059 1660 1137 1680 casas
1152 1660 1217 1680 suas
1228 1659 1311 1687 prope
1330 1660 1389 1679 eam
1405 1652 1471 1680 sitas
1485 1652 1602 1684 exirent.
1631 1653 1792 1688 fructusque

1007 1699 1165 1726 earumdem
1177 1698 1345 1733 colligerent,
1364 1705 1419 1732 quo
1433 1698 1469 1725 ob
1484 1697 1649 1726 ineffabilem
1663 1699 1789 1726 timorem

1009 1748 1165 1779 tantamque
1180 1744 1206 1770 in
1221 1750 1250 1771 se
1261 1743 1361 1770 caulem
1378 1743 1495 1770 familias
1507 1750 1572 1770 suas
1583 1743 1696 1770 omnino
1707 1743 1792 1770 relin-

1008 1794 1134 1826 quentes,
1153 1790 1186 1817 ad
1199 1793 1291 1825 partes
1307 1789 1368 1817 illas
1385 1789 1564 1822 accederent;
1579 1789 1791 1828 popularesque,

1009 1836 1055 1871 qui
1072 1836 1170 1863 devicti
1187 1838 1265 1862 erant
1287 1842 1320 1863 ac
1341 1835 1493 1870 fugiebant,
1520 1842 1582 1862 cum
1601 1835 1734 1863 uxoribus
1758 1841 1791 1862 ac

1009 1883 1102 1911 liberis
1115 1882 1148 1909 ad
1167 1882 1282 1909 sitorum
1297 1889 1379 1916 prope
1394 1881 1469 1908 illam
1486 1881 1712 1916 reliquorumque
1724 1881 1792 1909 vici-

1009 1936 1106 1957 norum
1127 1929 1250 1956 locorum
1273 1935 1351 1955 casas
1374 1927 1505 1955 abeuntes
1521 1926 1746 1962 frumentumque
1759 1934 1791 1954 ac

1010 1974 1085 2002 olera
1110 1974 1239 2005 ferentes,
1252 1977 1310 2000 erat
1323 1972 1428 2005 videre,
1447 1973 1486 1999 uti
1503 1973 1585 1999 etiam
1606 1972 1652 2007 qui
1677 1972 1792 2007 impedi—

1009 2019 1271 2054 menta'reliquaque
1282 2018 1353 2053 fugat
1365 2024 1487 2053 congrua
1499 2018 1623 2046 humeris
1633 2018 1790 2053 portabant,

1009 2066 1080 2093 alios
1098 2065 1230 2098 inermes,
1245 2069 1327 2099 atque
1345 2068 1374 2091 ut
1388 2071 1437 2099 per
1456 2064 1527 2091 viam
1545 2071 1577 2092 ac
1592 2065 1716 2092 ardorem
1728 2064 1792 2092 lice-

1009 2111 1066 2143 bat,
1089 2110 1289 2143 semivestitos;
1317 2117 1348 2136 ac
1362 2110 1432 2144 quod
1457 2109 1508 2145 ipsi
1534 2113 1630 2137 contra
1652 2110 1790 2137 civitatem

1010 2160 1131 2184 nostram
1157 2155 1278 2184 meditati
1294 2160 1384 2187 erant,
1402 2155 1427 2182 id
1444 2163 1492 2190 per
1508 2159 1653 2190 martyrem
1669 2162 1791 2190 superna

1010 2200 1181 2237 providentia
1196 2209 1278 2236 supra
1293 2209 1341 2229 eos
1355 2201 1468 2229 omnino
1484 2201 1602 2229 induxit.

216 2245 356 2282 ριιγκτοῧ
374 2245 427 2281 γὰρ
442 2246 559 2280 στρατοῦ
576 2247 665 2272 ἐκεῖσε
679 2247 712 2273 ὲκ
725 2245 772 2272 τοῦ
787 2246 898 2278 δικαίως
910 2247 957 2275 καὶ

1043 2249 1104 2277 195.
1137 2248 1163 2276 Is
1184 2255 1274 2283 porro,
1302 2248 1346 2282 qui
1367 2248 1442 2282 iuste
1466 2255 1498 2275 ac
1530 2247 1573 2282 pie
1596 2246 1676 2275 nobis
1704 2246 1792 2282 Impe-

176 2291 296 2323 εὐσεϐῶς
311 2291 465 2326 βασιλεύειν
476 2292 540 2327 ἡμῖν
553 2291 679 2327 λαχόντος
694 2292 836 2324 σταλέντος
847 2292 894 2319 ἐπὶ
906 2301 959 2320 πα-

178 2338 289 2374 ρατάξει
300 2338 353 2365 τῶν
365 2337 531 2371 Σκλαϐίνων,
544 2338 674 2373 σιτοφόρα
689 2338 780 2374 σκάφη
791 2339 836 2365 καὶ
847 2339 900 2373 πρὸ
910 2339 960 2374 τῆς

178 2385 258 2420 ἡμῶν
270 2385 405 2420 αἰτήσεως
419 2384 535 2411 ἐνταῦθα
547 2383 701 2412 ἀπέστειλε.
715 2383 776 2410 Τῶν
788 2384 960 2419 κρατούντων

177 2431 226 2459 καὶ
251 2432 280 2458 ιν
305 2431 392 2466 τούτῳ
411 2431 591 2466 ἀργησάντων
616 2430 661 2457 διὰ
687 2431 733 2456 τὸν
756 2429 848 2464 φόϐον,
875 2427 960 2464 οὗπερ

178 2478 308 2514 ἑποίησαν
323 2479 355 2505 ὲκ
370 2477 426 2505 τῶν
441 2476 558 2505 ἐνταῦθα
573 2475 700 2512 ἐκφορίου
715 2476 813 2512 μήπως
825 2475 960 2510 γνωσθέν-

177 2532 223 2556 τες
249 2524 433 2559 ἀγανακτήσει
453 2523 501 2550 καὶ
519 2522 705 2557 ὑπηϐληθῶσι,
723 2521 771 2548 καὶ
790 2522 816 2548 εί
837 2521 875 2557 μὴ
893 2521 958 2556 ἄχρι

179 2591 345 2625 regionibus,
361 2590 431 2618 haud
451 2589 545 2624 procul
557 2589 651 2621 etiam,
664 2593 694 2615 ut
709 2589 824 2620 dictum,
838 2596 854 2615 a
867 2587 956 2625 Thes-

179 2623 301 2662 Saimrics
318 2626 441 2662 remotis,
454 2623 489 2652 ab
506 2624 630 2659 ipsismet
648 2625 859 2662 imperatoribus
874 2623 952 2651 sedes

180 2661 297 2688 Subinde
324 2659 486 2692 obtinuisse,
518 2664 544 2685 et
564 2663 653 2685 tamen
675 2659 746 2685 haud
773 2665 836 2685 raro
860 2663 955 2686 contra

181 2695 264 2723 hosce
282 2703 357 2722 arma
374 2699 466 2730 postea
482 2693 571 2721 adhuc
594 2694 721 2726 movisse,
737 2693 959 2720 excursionibus—

215 2764 272 2799 (69)
285 2763 469 2799 Proconessus
482 2761 570 2799 insula
582 2765 623 2799 est
636 2760 707 2788 Asiae
717 2760 827 2788 Minoris
851 2760 878 2787 in
894 2759 958 2799 [fro-

199 2796 304 2830 oiitide.
327 2805 388 2832 qua:
414 2798 476 2825 aliis
505 2796 784 2832 olimuProconnesus
808 2800 857 2822 aut
877 2796 958 2822 etiam

199 2808 304 2830 onuue.
327 2808 388 2832 quas:
414 2808 476 2825 ams
505 2808 571 2824 οιιιιι
597 2808 784 2823 ι’ῐυυυιιιισιιυιε
808 2808 855 2822 IIII.
877 2808 958 2822 cuum

179 2808 375 2862 gmonnesus
400 2833 546 2867 appellata,
575 2830 709 2858 Marmara
725 2835 819 2867 Διιιιοαο
855 2837 962 2867 nuncu-

199 2875 269 2896 atur.
302 2864 484 2895 Videsis"ad
522 2866 681 2893 vocabulum
720 2864 900 2892 Proconnesus
932 2865 959 2892 in

205 2906 280 2932 exico
303 2901 489 2937 Geographico
514 2900 714 2928 Baudrandum.
740 2900 849 2934 Πάριον,
868 2899 960 2933 Mysia

1009 2300 1073 2323 rare
1096 2298 1137 2322 est
1154 2293 1278 2328 sortitus,
1300 2294 1386 2321 misso
1408 2293 1442 2320 ad
1457 2293 1569 2321 Sclavos
1591 2293 1790 2329 oppugnandos

1010 2339 1144 2374 exercitu,
1159 2339 1266 2375 navigia
1278 2339 1372 2371 etiam.
1386 2338 1526 2367 frumento
1541 2343 1653 2371 onusta.
1669 2339 1704 2366 ad
1721 2338 1791 2374 peti-

1010 2384 1113 2411 tionem
1138 2387 1258 2410 nostram
1281 2382 1336 2410 huc
1356 2381 1441 2410 misit.
1456 2381 1524 2409 Cum
1538 2387 1566 2409 et
1577 2381 1629 2409 hac
1643 2382 1672 2409 in
1688 2389 1727 2414 re,
1741 2381 1790 2417 qui

1010 2427 1206 2463 rempublicam
1226 2427 1464 2466 administrabant,
1485 2427 1522 2455 ob
1536 2427 1673 2461 timorem,
1694 2434 1730 2454 ne
1742 2426 1789 2462 qui

1011 2479 1092 2502 terra:
1106 2479 1254 2509 proventus
1264 2473 1466 2505 distrahebant,
1482 2480 1540 2500 rem
1564 2478 1710 2501 noscentes
1722 2480 1789 2500 con-

1011 2524 1053 2547 tra
1069 2527 1099 2548 se
1121 2518 1337 2554 indignarentur,
1354 2519 1424 2546 nihil
1440 2517 1552 2546 omnino
1575 2518 1694 2546 facerent
1717 2517 1793 2545 dice-

1011 2595 1065 2623 que
1075 2587 1174 2627 damna
1191 2587 1328 2628 illighaud
1340 2586 1445 2628 modica
1456 2586 1592 2628 intulisse,
1603 2585 1682 2628 facil?
1691 2590 1793 2628 agnatis-

1010 2620 1084 2663 ἑοιιιε
1109 2622 1154 2658 qui
1173 2621 1405 2663 vel_(.ionstantini
1419 2620 1644 2663 Porphyrogenilti
1659 2620 1694 2648 de

1011 2653 1128 2720 mati'btué
1155 2656 1428 2692 administrandum
1456 2653 1575 2691 imperio
1600 2655 1685 2684 libros
1716 2653 1792 2682 evol—

1010 2700 1086 2721 verin
1101 2711 1109 2719 .

1012 2760 1125 2789 Minoris
1150 2760 1177 2788 in
1200 2760 1265 2788 Asia
1285 2760 1318 2787 ad
1338 2759 1509 2794 Propontidis
1535 2767 1610 2788 oram
1633 2760 1728 2788 civitas
1738 2765 1793 2789 ests

1049 2796 1105 2831 (70)
1126 2796 1162 2823 Ita
1178 2796 1221 2822 hic
1235 2795 1395 2831 vocabulum
1419 2795 1562 2827 θυλάκους,
1578 2795 1651 2831 quod
1669 2796 1792 2830 ejusdem

1013 2829 1122 2866 prepric
1141 2838 1201 2858 cum
1215 2830 1347 2857 vocabulo
1367 2829 1466 2866 Latino
1478 2838 1570 2858 saccus
1586 2829 1794 2866 signiﬁcationis

1013 2865 1066 2900 est,
1082 2865 1314 2901 interpretandum
1327 2872 1342 2892 e
1357 2872 1439 2893 sensu
1451 2865 1538 2902 dum,
