2038 3151
235 149 305 182 1379

886 143 1208 174 SUPPLEMENTUM.

1791 137 1862 170 1380

233 208 313 234 sione
327 204 400 232 enim
415 203 596 234 afﬁciebatur,
612 206 640 228 et
653 207 719 228 ecce
739 200 792 232 vir,
811 203 950 226 armatura
968 198 1021 226 mi-

1079 206 1121 230 ςνς
1138 197 1282 233 ἐφίσταται
1293 204 1300 212 ·
1315 196 1389 232 ἑώρα
1405 195 1472 230 γὰρ,
1491 194 1538 221 καὶ
1555 192 1622 224 ἰδοὺ,
1635 193 1704 228 ἀνὴρ
1715 192 1863 226 ἐνδεδυμέ-

234 252 305 279 litari
321 251 444 282 indutus,
458 256 528 284 equo
540 247 672 280 insidens,
688 253 754 274 ense
769 246 931 276 instructus,
943 244 1020 279 juve-

233 299 278 327 nis
303 297 385 325 simul
411 303 443 323 ac
469 295 539 322 facie
558 294 727 324 laetissimus,
745 296 826 327 atquc
854 291 971 323 dicebat,
990 289 1019 317 Si

235 345 392 380 captivitate
407 348 434 371 et
449 342 567 370 vinculis
579 341 690 368 liberari
703 340 755 372 vis,
770 346 885 374 sequere
900 345 954 365 me.
968 337 1020 364 De-

235 392 322 419 clarat
337 390 363 417 ei
377 397 457 417 suum
476 393 503 416 et
518 395 617 415 nomen
631 392 659 414 et
675 386 790 422 patriam
807 389 834 412 et
848 385 1021 419 dignitatem,

236 445 321 472 neque
340 436 407 462 adeo
433 434 599 462 Demetrium
621 432 724 464 vocari,
741 430 1022 463 Thessalonicamque

235 483 261 510 ei
273 484 389 518 patriam
406 480 653 514 esse,militemque
665 478 782 505 existere
797 477 927 513 dignitate
941 475 1021 502 etiam

235 529 381 556 illustrem.
399 527 544 554 Liberatur
565 525 639 552 illico
656 524 773 552 vinculis
788 522 1021 557 archiepiscopus,

235 580 262 602 et
285 581 367 607 quam
393 576 486 608 posset
512 570 656 599 celerrime
671 577 747 603 eum,
761 569 808 604 qui
823 568 848 596 ei
865 568 1021 603 apparebat,

237 620 413 654 sequebatur.

271 665 334 692 210.
366 665 428 692 Dies
459 664 546 699 prima
573 663 693 695 transiit,
725 662 844 690 secunda
872 660 966 688 aderat
991 667 1023 688 ac

235 716 299 746 post
318 711 388 737 hanc
403 709 480 736 tertia
497 714 524 736 et
540 708 580 735 sic
596 708 725 742 deinceps
739 715 825 742 usque
841 707 874 733 ad
889 710 1022 738 octavam,

237 758 332 784 ducem
347 755 451 782 itineris
466 762 494 782 se
510 754 648 789 pra°bente
665 757 794 788 martyre,
807 753 920 787 jamque
941 758 1024 786 prope

237 801 462 830 Thessalonicam
490 804 550 827 erat
574 800 809 835 archiepiscopus,
831 803 858 826 et
884 806 947 826 ecce
962 805 1024 826 eva-

237 848 325 876 nescit
341 849 391 874 viaa
412 847 481 879 dux;
509 847 647 873 civitatem
670 846 834 880 ingreditur,
853 845 914 880 quis
941 846 968 871 in
994 852 1024 871 ea

238 893 274 921 sit
306 893 396 924 utiles,
425 896 514 926 rogat,
542 899 656 918 narrans
674 891 721 925 qui
747 899 808 917 ettm
832 898 847 917 a
871 890 1025 924 captivitate

238 938 399 969 liberasset;
421 937 510 963 adhuc
531 936 602 962 enim
616 944 631 962 e
654 935 834 963 Providentia:
855 934 1027 962 ordinatione

239 983 364 1011 miraculi
387 990 403 1009 a
426 987 545 1017 martyre
561 983 659 1017 patrati
677 982 836 1017 mysterium
855 981 942 1015 ipsum
961 980 1027 1007 late-

239 1030 295 1062 bat,
319 1034 348 1056 ut
366 1029 455 1056 adhuc
477 1029 564 1063 magis
581 1028 767 1062 dirulgaretur
782 1026 935 1062 prodigium
953 1033 1027 1052 mar-

240 1077 347 1112 tyrique
365 1075 397 1102 ad
415 1074 529 1110 gloriam
542 1073 651 1100 cederet
668 1073 841 1100 miraculum.
854 1072 1027 1106 Simulatque

192 1132 197 1135 -
240 1122 324 1158 igitur
342 1121 486 1148 audientes
508 1119 536 1147 in
559 1120 743 1152 cognitionem
766 1118 816 1151 rei,
834 1126 881 1153 per
897 1118 997 1145 factum
1012 1124 1027 1144 a

240 1173 360 1203 martyre
387 1166 550 1193 miraculum
577 1169 702 1200 patratae,
727 1168 867 1196 venerunt,
887 1163 920 1191 ad
941 1164 1026 1198 ipsam

241 1214 318 1241 illum
334 1220 441 1240 sacram
461 1211 590 1246 martyris
608 1211 748 1239 basilicam
765 1210 921 1243 deducunt;
935 1209 1027 1236 statim

241 1264 334 1286 autem
350 1263 432 1292 atque
449 1261 522 1285 esset
538 1257 691 1292 ingressus,
710 1263 741 1284 ac
753 1257 779 1282 in
793 1257 870 1283 icone
883 1261 1028 1290 martyrem

241 1305 365 1335 vidisset,
384 1303 520 1338 simulque
533 1308 560 1330 et
573 1310 638 1330 ense
649 1303 813 1329 instructum
826 1307 853 1328 et
871 1308 943 1335 equo
959 1300 1029 1328 iusi-

242 1350 349 1377 dentcm
366 1349 536 1384 conspiceret
552 1355 613 1375 esse
631 1348 706 1374 illum
716 1347 762 1382 qui
775 1347 828 1374 sibi
845 1346 1027 1381 apparuisset,

242 1395 426 1422 asseverabat.
447 1394 583 1421 Continuo
606 1393 643 1424 ei,
661 1401 722 1427 quae
737 1393 769 1419 ad
786 1391 952 1419 miraculum
966 1397 1029 1425 spe-

241 1445 359 1471 ctarent.
377 1439 550 1466 manifestata
563 1443 637 1470 sunt,
654 1438 809 1472 cadcusque
824 1437 851 1463 in
863 1436 959 1463 faciem
975 1435 1029 1462 Deo

242 1490 270 1514 et
287 1486 396 1521 martyri
417 1485 519 1520 gratias
541 1485 648 1518 agebat.

1070 253 1116 277 νος
1142 244 1296 271 πανοπλίαν
1321 242 1520 278 στρατηγικὴν,
1543 241 1674 276 ἔφιππος,
1699 239 1862 275 ξιφηφόρος,

1069 291 1130 322 νέος
1144 290 1266 325 ἆμαλιαὶ
1278 290 1458 325 χαριέστατος
1468 297 1475 304 '
1492 287 1550 320 καὶ,
1559 287 1591 313 Εἰ
1604 287 1654 321 τῆς
1671 285 1863 321 αἰχμαλωσίας

1070 336 1264 371 ἀπαλλαγῆναι
1291 335 1382 370 βούλει
1411 335 1460 361 καὶ
1482 334 1538 360 τῶν
1552 332 1671 368 δεσμῶν,
1686 332 1781 366 φησὶν,
1797 332 1848 358 ἁκο

1070 383 1160 410 λούθει
1178 391 1233 417 μοι.
1260 382 1392 416 ι’νωρίζει
1406 380 1494 415 τούτῳ
1513 380 1560 406 καὶ
1581 379 1668 412 ὄνομα
1679 378 1728 404 καὶ
1740 376 1863 411 πατρίδα

1071 429 1119 456 καὶ
1134 428 1254 463 ἀξίωμα,
1279 429 1320 454 ὅτι
1334 436 1364 453 τι
1382 427 1537 462 Δημήτριος
1553 425 1690 457 καλεῖται,
1701 424 1750 451 καὶ⁵
1758 424 1864 450 Θεσσα-

1071 475 1162 509 λονίκη
1189 473 1276 507 τούτῳ
1299 473 1410 507 πατρὶς,
1438 471 1486 498 καὶ
1525 470 1696 505 στρατιώτης
1716 469 1861 503 τυγχάνει,

1072 522 1199 557 λαμπρὸν
1214 520 1302 548 καὶτὸ
1317 520 1425 555 ἀξίωμα
1437 517 1640 553 περικείμενος.
1651 516 1754 543 Λὺεται
1767 523 1862 549 παρα-

1072 571 1166 606 χρῆμα
1181 569 1235 596 τῶν
1251 567 1361 602 δεσμῶν
1377 564 1570 600 ὀ-ἀρχιερεὺς,
1596 563 1644 590 καὶ
1700 561 1790 589 ποδῶν
1803 558 1862 595 εἶχε

1073 616 1182 650 τάχους,
1198 615 1237 649 τῷ
1252 613 1362 648 φανέντι
1379 610 1534 639 ἀκολουθεῖ.

1110 661 1152 689 σι’.
1168 661 1275 696 Ἡμέρα
1287 659 1427 694 παρῆλθεν
1441 659 1459 692 ἡ
1473 657 1578 692 πρώτη,
1593 656 1610 691 ή
1624 655 1742 689 δευτέρα
1756 654 1861 688 παρῆν,

1075 709 1121 734 καὶ
1137 708 1196 742 μετ’
1212 707 1297 740 αὐτὴν
1322 706 1338 740 ἡ
1364 704 1456 738 τρίτη,
1470 705 1519 730 καὶ
1534 702 1652 737 καθεξῆς
1667 701 1733 736 ἄχρι
1748 700 1798 727 καὶ
1811 700 1863 734 τῆς

1074 753 1179 788 ὀγδόης,
1195 751 1408 786 ποδηγετοῦντος
1422 750 1468 776 τοῦ
1482 749 1625 784 μάρτυρος
1635 756 1642 763 ⁸
1657 748 1785 775 καὶκατὰ
1796 747 1864 773 Θεσ.

1077 799 1220 832 σαλονίκην
1238 799 1252 825 ὁ
1266 797 1427 833 ἁρχιθύτης,
1448 796 1504 822 ίδοῦ
1525 795 1574 820 καὶ
1588 795 1603 821 ὁ
1619 794 1716 828 ὁδηγδς
1735 793 1843 826 ἀφανής
1854 799 1862 806 ’

1077 846 1163 881 εἰσῄει
1175 845 1225 880 τὴν
1238 845 1325 877 πόλιν,
1341 843 1510 870 πυνθάνεται
1522 842 1563 872 τίς
1579 841 1593 867 ὁ
1604 842 1633 867 ὲν
1645 840 1715 875 αὐτῇ
1730 838 1864 874 στρατιώ·

1076 901 1135 927 τηε,
1150 891 1327 926 διηγούμενος
1342 891 1415 921 ὅπως
1442 889 1524 915 αὐτὸν
1539 888 1590 921 τῆς
1605 885 1794 922 αἰχμαλωσίας
1814 884 1865 910 λυ-

1076 937 1209 972 τρὼςοιτο
1219 946 1225 953 ι
1242 935 1330 962 εἰσέτι
1342 935 1398 970 γὰρ
1409 934 1523 969 τρόποις
1535 932 1694 966 οἰκονομίας
1707 929 1865 956 κεκάλυπτο

1076 984 1100 1009 οἱ
1117 984 1146 1009 τὸ
1162 983 1211 1016 τῆς
1228 981 1400 1016 μαρηυρικῆς
1412 978 1636 1014 θαυματουργίας
1653 977 1812 1011 μυστήριον,
1825 974 1864 1005 ὡς

1077 1030 1115 1055 ἔτι
1135 1028 1237 1063 μᾶλλον
1251 1026 1441 1063 δημοσιεύοιτο
1460 1024 1491 1051 τὸ
1505 1024 1662 1058 τεράστιον,
1679 1022 1726 1048 καὶ
1741 1019 1866 1054 μεγαλύ-

1077 1083 1149 1102 νοιτο
1178 1073 1217 1109 τῷ
1244 1073 1362 1108 μάρτυρι
1380 1071 1412 1097 τὸ
1442 1069 1605 1103 θαυμάσιον.
1645 1068 1689 1098 Ὦς
1713 1065 1779 1100 γοῦν
1795 1065 1865 1100 πρὸς

1077 1121 1178 1155 γνῶσιν
1190 1120 1214 1146 οἱ
1227 1119 1373 1150 ἀκούοντες
1390 1117 1522 1151 γένοιντο,
1539 1115 1577 1147 ὡς
1590 1115 1624 1141 τὰ
1640 1114 1687 1140 τοῦ
1702 1114 1866 1148 πράγματος

1078 1165 1287 1202 θαυματουργία
1319 1163 1486 1199 μαρτυρικὴ,
1510 1163 1550 1193 είς
1567 1161 1638 1187 αὐτὰ
1656 1159 1751 1186 τοῦτον
1767 1158 1866 1192 ἂγουσι

1077 1213 1124 1240 τοῦ
1144 1212 1282 1248 μάρτυρος
1297 1211 1332 1236 τὰ
1346 1209 1406 1236 θεῖα
1423 1209 1562 1242 ἀνάκτορα
1573 1215 1580 1222 ·
1596 1207 1610 1233 ὁ
1623 1205 1652 1232 δὲ
1665 1205 1725 1240 ἃμα
1736 1212 1766 1230 τε
1777 1202 1866 1238 εἰσῄει

1079 1260 1126 1286 καὶ
1147 1260 1180 1294 τῇ
1199 1258 1285 1284 εικόνι
1302 1257 1348 1284 τὸν
1364 1257 1491 1291 μάρτυρα
1506 1253 1557 1281 ἴδοι
1572 1253 1620 1280 καὶ
1634 1251 1781 1287 ξιφηφόρον
1797 1249 1866 1284 ὁμοῦ

1079 1308 1125 1332 καὶ
1144 1304 1264 1339 ίπτιότην
1284 1303 1418 1333 θεάσοιτο,
1435 1300 1516 1327 αὑτὸν
1532 1300 1634 1326 ἐκεῖνον
1650 1297 1695 1324 τὸν
1710 1296 1828 1330 φανέντα
1839 1295 1867 1322 οι

1079 1351 1203 1387 παρευοὺ
1221 1349 1495 1384 ἀναγνωρισάμενος·
1518 1345 1580 1371 τότε
1606 1343 1638 1379 δὴ
1649 1344 1709 1369 τότε
1725 1339 1868 1369 ἀποκαλύ-

1079 1406 1176 1424 πτεται
1189 1396 1264 1431 αὑτῷ
1284 1396 1316 1422 τὰ
1332 1394 1378 1420 τοῦ
1390 1393 1540 1428 θαύματος,
1555 1392 1603 1417 καὶ
1621 1389 1713 1416 πεσὼν
1725 1389 1764 1420 εις
1781 1388 1868 1421 πρόσ-

1079 1452 1154 1470 ωπον
1176 1442 1395 1477 ἠνθωμολογεῖτο
1423 1440 1457 1466 τὰ
1483 1437 1647 1474 χαριστήρια
1670 1435 1730 1470 Θεῷ
1762 1434 1810 1461 καὶ
1824 1433 1866 1468 τῷ

1082 1490 1210 1524 μάρτυρι.

278 1531 340 1558 211.
367 1530 399 1557 Ει
418 1537 499 1562 nunc,
519 1529 702 1561 exclamabat,
720 1533 867 1564 martyrem
885 1534 964 1555 suum
976 1527 1027 1554 mi-

1117 1537 1180 1561 σια¹.
1204 1534 1258 1560 Καὶ
1273 1533 1320 1559 νῦν
1333 1532 1428 1566 ιγνων,
1446 1531 1521 1563 ὶϐόα,
1539 1531 1580 1557 ὃτι
1604 1528 1748 1556 ἀπέστειλε
1762 1526 1867 1562 Κύριος

243 1576 316 1605 sisse
335 1577 491 1609 Dominum,
510 1582 608 1610 meque
619 1582 634 1602 e
650 1582 732 1602 manu
745 1574 920 1608 alliigentium
938 1580 981 1600 me
997 1579 1029 1599 ac

243 1623 278 1651 de
293 1623 350 1650 luto
375 1622 449 1650 izecis
470 1622 614 1654 liberasse,
634 1621 771 1656 pedesque
785 1628 861 1648 meos
883 1620 1028 1652 direxisse,

245 1677 391 1704 cognosco.
409 1669 505 1695 Anima
520 1675 580 1695 mea
597 1667 772 1702 pertransivit
785 1667 957 1694 vinculorum
976 1666 1028 1693 ier-

245 1723 317 1748 rum,
332 1716 397 1750 ipsa:
413 1723 509 1741 manus
527 1722 593 1741 mea:
605 1715 630 1741 in
647 1715 765 1749 cophino
783 1714 953 1746 servierunt;
969 1712 1028 1744 sed,

244 1769 319 1795 ecce,
334 1769 409 1788 nunc
424 1761 486 1787 illas
497 1769 560 1787 cum
577 1761 668 1787 la:titia
682 1761 768 1792 elevo,
788 1761 860 1787 unde
874 1760 939 1786 mihi
955 1758 1031 1785 auxi-

245 1807 311 1833 Iiutu
338 1806 424 1832 venit.
451 1805 490 1832 Ac
517 1805 602 1832 Deum
627 1805 735 1839 quidem
759 1813 806 1832 ore
828 1804 1029 1838 magniﬁcabnt,

245 1851 333 1878 oculis
342 1856 432 1877 autem
447 1850 601 1884 subjectum
618 1849 710 1883 templi
722 1850 809 1877 solum
822 1847 1028 1880 tnadel’aciebat;

245 1897 270 1924 ei
282 1897 353 1923 enitn
369 1903 425 1930 pra:
438 1896 529 1922 laetitia
543 1895 625 1922 simul
634 1899 660 1921 et
669 1895 879 1929 compunctione
892 1894 1029 1928 lacrymav,

247 1944 380 1970 scatebra:
404 1943 431 1969 in
461 1942 573 1969 modum
594 1947 754 1973 manantes,
780 1940 935 1968 cilluebant.
962 1939 1030 1967 Hinc

247 1996 346 2015 novam
365 1989 460 2015 civitas
471 1992 527 2015 tota
550 1988 617 2014 tanti
634 1987 748 2022 prodigii
765 1986 940 2014 festivitatem
957 1986 1030 2014 cele-

245 2033 344 2060 brabat
357 2033 483 2068 martyri,
501 2033 718 2067 miraculumquc
732 2032 890 2059 extollebat.

282 2167 347 2194 212.
364 2167 410 2194 ille
437 2171 527 2194 autem
552 2166 775 2201 archiepiscopus
802 2165 954 2201 Cyprianus
984 2173 1030 2192 ca.

1082 1581 1128 1607 τὴν
1141 1580 1268 1614 μάρτυρα
1282 1578 1375 1610 αὑτοῦ,
1394 1578 1441 1604 καὶ
1453 1576 1589 1613 ὲρρΰσατό
1606 1584 1639 1610 με
1654 1577 1685 1601 ἐκ
1701 1573 1793 1609 χειρὸς
1812 1572 1868 1598 τῶν

1084 1627 1229 1653 ολισόντων
1247 1634 1291 1660 με,
1312 1626 1358 1651 καὶ
1372 1624 1427 1650 ἀπὸ
1444 1623 1531 1659 πηλοῦ
1548 1622 1620 1653 ίλύος
1630 1630 1637 1637 ·
1650 1621 1697 1648 καὶ
1709 1619 1869 1654 ἔστησενιὶν

1083 1671 1232 1708 εὐρυχώρῳ
1247 1672 1310 1702 τοὺς
1336 1671 1419 1702 πόδας
1448 1678 1509 1705 μου,
1528 1669 1575 1696 καὶ
1586 1669 1621 1696 τὰ
1636 1667 1795 1702 διαδήματα
1813 1674 1866 1700 μου

1083 1717 1240 1744 κατεύουνε.
1262 1716 1376 1751 Σίδηρον
1398 1714 1505 1749 διῆλθεν
1533 1715 1550 1748 ἡ
1572 1713 1645 1748 ψυχή
1673 1721 1724 1747 μου
1747 1712 1792 1737 τὸν
1812 1711 1868 1738 τῶν

1082 1763 1189 1798 δεσμῶν
1200 1770 1207 1777 ·
1223 1762 1250 1788 αἱ
1262 1761 1352 1796 χεῖρές
1369 1769 1420 1796 μου
1434 1757 1513 1787 αὗται
1528 1761 1557 1786 ὲν
1570 1759 1609 1794 τῷ
1625 1758 1727 1793 κορίνῳ
1741 1757 1869 1784 ἐδούλευ-

1084 1815 1151 1834 σανθ
1168 1807 1235 1836 ἀλλὰ
1251 1807 1309 1838 νῦν,
1324 1807 1390 1839 ἰδοὺ,
1412 1807 1483 1842 αἴρω
1506 1805 1608 1837 ταύτας
1623 1805 1681 1839 μετ’
1695 1803 1869 1839 εὐφροσύνης

1083 1853 1144 1880 ὅθεν
1161 1853 1178 1887 ἡ
1193 1852 1302 1887 βοήθειά
1316 1860 1367 1886 μου
1383 1851 1513 1885 ἐλήλυθεν
1525 1858 1532 1865 ·
1546 1850 1593 1877 καὶ
1610 1850 1724 1884 στόματι
1740 1849 1789 1882 μὲν
1800 1847 1868 1875 Θεὸν

1083 1898 1262 1933 ἐμεγάλυνεν,
1278 1897 1306 1930 ἐξ
1318 1896 1450 1932 ὀμμάτων
1462 1896 1490 1923 δὲ
1505 1897 1535 1922 τδ
1555 1895 1736 1930 ὑποκείμενον
1751 1895 1796 1921 τοῦ
1813 1893 1867 1920 vui.

1084 1944 1250 1980 κατέδρεχεν
1277 1943 1375 1978 ἔδαφος
1385 1949 1391 1958 ·
1422 1942 1572 1979 κρουνηδὸν
1586 1942 1640 1977 γὰρ
1654 1941 1729 1976 αὑτῷ
1740 1941 1868 1976 κατέρρει

1083 1991 1113 2016 τὸ
1127 1990 1177 2024 τῆς
1192 1990 1279 2024 χαρᾶς
1289 1986 1356 2023 ὁμοῦ
1370 1989 1416 2015 καὶ
1429 1988 1603 2022 κατανύξεως
1617 1988 1744 2022 δάκρυον.
1763 1987 1869 2014 Ἐντεῦ-

1084 2035 1131 2061 Θεν
1145 2036 1162 2070 ἡ
1177 2035 1253 2067 πόλις
1265 2036 1339 2061 πᾶσα
1357 2035 1454 2069 ἑορτὴν
1471 2034 1556 2070 ἄλλην
1569 2034 1619 2069 τῆς
1628 2034 1744 2069 τηλίκης
1760 2033 1868 2068 θαυμα-

1083 2080 1212 2115 τουργίας
1241 2080 1370 2115 ἐκρότουν
1388 2080 1427 2115 τῷ
1456 2081 1588 2116 μάρτυρι,
1617 2080 1663 2107 καὶ
1681 2079 1711 2106 τὸ
1725 2080 1868 2114 τεράστια]

1083 2126 1096 2151 ὲ
1100 2125 1260 2160 μεγάλυνον.

1121 2170 1184 2205 σιβ’.
1200 2170 1229 2197 '0
1243 2170 1272 2197 δὲ
1291 2170 1436 2206 ἀρχιερεὺς
1446 2171 1548 2203 ἐκεῖνος
1562 2171 1729 2206 Κυπριανδς,
1741 2171 1755 2198 ὁ
1767 2171 1869 2207 αἰχμά-

246 2214 348 2250 ptivus,
372 2213 492 2244 vinctus,
508 2212 576 2239 liber
585 2212 612 2239 in
625 2217 754 2247 martyre,
766 2211 1027 2246 Constantinopolim

1083 2217 1178 2250 λωτος,
1206 2218 1220 2243 ὁ
1236 2217 1359 2252 δέσμιος,
1383 2218 1397 2243 ὁ
1411 2217 1552 2252 ἐλεύθερος
1580 2218 1609 2245 ὲν
1625 2217 1663 2253 τῷ
1675 2218 1806 2253 μάρτυρι,
1819 2218 1869 2253 τὴν

246 2265 311 2296 post
327 2260 384 2286 hate
403 2266 563 2294 properans,
578 2266 639 2292 quat
654 2258 678 2284 ei
693 2262 756 2285 ante
772 2257 958 2292 captivitatem
973 2256 1031 2285 iue-

248 2310 310 2332 raut
325 2304 477 2340 proposita,
500 2304 618 2335 curavit,
638 2303 799 2330 miraculum
821 2305 902 2330 etiam
919 2303 1030 2334 ibidem.

248 2353 320 2386 quod
336 2351 360 2378 ei
372 2359 386 2379 a
402 2356 496 2378 sancto
511 2350 647 2376 Demetrio
659 2350 804 2385 obtigerat,
821 2356 955 2377 enarrans
967 2349 1032 2376 libe-

248 2406 333 2433 requc
358 2398 510 2432 divulgans.
525 2398 673 2431 Postquam
697 2403 779 2431 porro
792 2403 888 2423 rursus
908 2396 942 2422 ad
961 2396 1032 2422 ovile

248 2451 328 2471 suum
345 2443 476 2476 venisset,
493 2442 621 2475 templum
639 2441 747 2475 ingens,
761 2441 843 2467 vcluti
859 2441 892 2467 de
906 2441 1032 2475 redemp-

247 2490 322 2517 tione
336 2496 385 2516 sua
397 2488 493 2523 Magno
509 2487 546 2523 (6)
557 2487 659 2522 gratias
668 2486 863 2522 μεως,άὶνὶηο
876 2487 913 2513 illi
930 2487 1033 2514 nomini

248 2536 360 2568 excitat,
374 2535 495 2569 illudque
515 2538 543 2561 et
561 2537 640 2560 ornat
660 2537 689 2559 et
706 2532 834 2559 illustrat.
858 2532 956 2559 Verum
970 2540 1031 2559 cum

246 2586 274 2608 et
287 2587 443 2613 ’tnarmora,
462 2585 490 2607 ut
511 2587 559 2615 per
570 2588 601 2606 ea
626 2579 740 2613 martyri
766 2579 896 2613 templum
921 2582 1033 2606 ornaret

248 2629 429 2662 splendidius,
438 2635 507 2662 opus
527 2627 551 2654 ei
566 2631 668 2658 essent,
693 2625 798 2653 socium
812 2625 837 2652 in
849 2625 943 2652 labore
956 2625 1031 2652 illum

247 2674 361 2702 invertit.
376 2674 407 2702 Ei
423 2674 496 2702 enim
513 2677 635 2708 apparet,
651 2679 734 2708 seque
752 2671 894 2706 appulsam
911 2673 938 2698 in
952 2677 1030 2706 portu

247 2721 350 2754 navim,
363 2729 425 2756 qua:
436 2720 591 2748 necessaria
603 2720 695 2746 futura
711 2719 874 2751 contineret,
885 2719 942 2753 jam
959 2727 1032 2747 nunc

285 2830 324 2874 φ)
342 2832 381 2859 Ita
399 2833 451 2874 hic.
469 2835 767 2874 sanctusDemetrius,
784 2836 830 2874 qui
855 2836 1030 2874 μεγαλομάρ-

249 2872 342 2899 τυροτι
363 2871 453 2902 magni
479 2872 620 2905 martyris,
647 2871 727 2899 titulo
755 2871 771 2899 ἐι
795 2871 896 2900 Grecis
924 2873 1028 2906 passim

1085 2263 1290 2291 Κωνσταντίνου
1305 2264 1374 2298 μετὰ
1385 2263 1472 2290 ταῦτα
1484 2263 1658 2296 καταλαϐὼν,
1670 2262 1686 2299 ᾖ
1696 2264 1731 2291 τὰ
1741 2265 1790 2299 τῆς
1803 2273 1870 2299 προ-

1085 2310 1186 2341 θέσεως
1200 2309 1286 2344 τούτῳ
1300 2309 1334 2336 τὰ
1348 2309 1398 2344 τῆς
1411 2310 1600 2344 αἰχμαλωσίας
1610 2311 1774 2345 κατήπειγε,
1787 2311 1868 2337 κάκεῖ

1083 2355 1114 2381 τὸ
1129 2356 1171 2381 ἔπ’
1180 2356 1253 2390 αὐτῷ
1261 2355 1308 2382 τοῦ
1322 2356 1479 2390 Δημητρίου
1495 2355 1645 2390 Θαυμάσιον
1654 2356 1866 2391 διηγησάμενος,

1085 2401 1132 2427 καὶ
1148 2401 1419 2436 παρρησιασάμενος.
1445 2402 1520 2428 Ἐπεὶ
1539 2402 1585 2428 καὶ
1600 2400 1677 2434 αὖθις
1690 2403 1730 2438 τῷ
1745 2404 1869 2439 σφετέρῳ

1085 2446 1205 2481 ποιμνίῳ
1218 2447 1334 2479 γένοιτο,
1347 2446 1392 2472 τδν
1406 2446 1492 2481 μέγαν
1505 2447 1624 2482 ὡσπερεὶ
1638 2447 1808 2482 δεξιούμενος
1818 2448 1869 2483 τῆς

1084 2491 1300 2526 ἀπολυτρώσεως
1314 2491 1376 2517 ναδν
1388 2491 1489 2527 ίγείρει
1504 2493 1552 2518 ἰπὶ
1571 2493 1609 2528 τῷ
1628 2493 1693 2528 θείῳ
1708 2494 1798 2529 τούτῳ
1811 2495 1868 2520 ὀνό-

1086 2545 1161 2571 ματι,
1177 2536 1315 2569 καλλύνει,
1343 2537 1498 2572 λαμπρύνει
1525 2537 1636 2564 τοῦτον·
1662 2539 1730 2565 ἀλλὰ
1748 2541 1803 2575 γὰρ
1820 2541 1868 2566 καὶ

1085 2584 1238 2617 μαρμαρων
1251 2583 1312 2609 ἐπεὶ
1328 2583 1367 2614 είς
1385 2584 1479 2618 χρείαν
1501 2584 1663 2611 καθίσταται
1679 2585 1716 2616 ὡς
1732 2585 1766 2612 δι’
1776 2586 1868 2613 αὐτῶν

1085 2629 1263 2664 φαιδρότερον
1277 2630 1475 2657 κατακαλλύνει
1487 2631 1525 2665 τῷ
1540 2630 1661 2666 μάρτυρι
1673 2631 1718 2659 τὸν
1733 2633 1806 2665 ναὸν,
1823 2633 1869 2659 εὕ-

1086 2675 1173 2709 ρίσκει
1185 2675 1280 2702 τοῦτον
1297 2677 1437 2712 συνέριθον
1447 2685 1453 2691 ν
1470 2677 1596 2711 φαίνεται
1612 2678 1667 2713 γὰρ
1681 2679 1765 2713 αὐτῷ,
1779 2679 1826 2705 καὶ
1837 2680 1867 2705 τὸ

1085 2721 1114 2746 ὲν
1129 2720 1168 2755 τῷ
1181 2720 1286 2755 λιμένει
1302 2723 1394 2749 ⁴πλοῖον
1408 2724 1573 2758 προσκεῖλαν
1583 2724 1646 2759 ἄρτι
1660 2725 1761 2758 φάσκει
1777 2725 1866 2760 ἑωρα-

1081 2836 1288 2870 condecoratur,
1304 2838 1520 2866 antonomastice
1539 2836 1740 2872 quodammodo
1752 2844 1800 2864 seu
1814 2843 1866 2872 per

1083 2872 1271 2899 excellentiam
1292 2873 1459 2900 nominatur.
