2038 3151
236 165 304 196 1399

235 244 354 254 ..ιιι-..-

885 166 1207 199 SUPPLEMENTUM.

1790 171 1859 204 Ιφίῡο

859 342 993 396 ΑΝΑ
1006 341 1229 397 LECTA

230 465 276 495 De
297 468 462 503 unguento
482 472 540 494 scu
559 463 631 494 oleo
647 471 663 493 e
682 464 713 493 S.
731 462 882 492 Demetrii
901 461 1028 492 tumulo
1046 461 1230 501 prodigiose
1258 464 1453 495 scaturiente
1477 465 1616 504 aliisque
1643 466 1746 498 adhuc
1775 468 1860 507 ejus-

270 517 341 547 dem
365 517 470 547 Sancti
496 515 671 549 miraculis.
704 515 815 553 partim
839 524 855 544 e
887 514 1097 552 scriptoribus
1130 519 1276 554 typorum
1293 516 1521 556 beneﬁciojam
1541 519 1689 558 vulgatis,
1710 521 1823 558 partim
1842 531 1858 552 θ

268 568 400 598 Joannis
422 567 574 598 Stauracii
595 575 630 597 ac
643 566 793 597 Demetrii
811 565 1010 605 Chrysolorac
1028 564 1308 597 lucubrationibus
1325 568 1468 598 nondqu
1485 569 1581 600 editis
1597 575 1736 609 accepta.

231 746 244 779 ᾗ
262 747 280 778 I_
300 746 432 773 Mirurntn
445 769 451 778 ,
468 755 565 773 mrum
581 747 679 773 decimo
695 747 843 781 pcsleriora
854 767 860 777 ,
875 755 933 781 qua!
949 747 1018 774 Sun-
1034 746 1060 776 Α
1073 747 1145 773 cinio
1154 745 1348 773 Thessalonica
1366 750 1462 773 contra
1480 746 1571 773 omnia
1586 746 1704 774 hostium
1717 747 1860 775 molimina

265 788 321 808 ctus
331 782 357 808 in
369 782 560 809 Tltcssnlonicw
576 783 689 817 facerm"
702 787 822 814 patratae
834 788 970 809 narratur.

267 840 291 867 1.
311 838 406 866 Fuisse
417 840 569 872 enimvero,
583 839 709 866 Mauritio
725 839 831 874 imperii
846 838 960 866 Romani
974 838 1021 865 ha-

233 886 316 912 benas
325 885 495 916 moderante,
505 884 894 920 Thessalonicamprodigiose
908 892 1020 918 prorsus

233 929 313 957 modo
326 931 459 957 adversus
476 930 582 957 unitam
596 930 715 957 Avarum
732 930 902 964 aliarumque
919 929 1019 956 barba-

231 979 351 1005 ricarum
367 977 510 1004 nationum
527 977 579 1003 vim
596 985 609 1002 a
627 980 720 1003 sancto
737 975 885 1009 Demetrio,
904 979 1020 1010 patrono

231 1032 293 1056 suo,
306 1024 459 1056 defensam,
473 1022 740 1058 expugnationisque
752 1022 834 1049 simul
845 1029 877 1049 ac
889 1022 1020 1056 direptio-

233 1071 275 1097 nis
301 1070 424 1103 periculo
451 1069 665 1103 pratsentissimo
695 1072 836 1103 ereptam,
874 1068 1017 1099 Joannes,

233 1116 485 1143 'l‘hessalonicensis
509 1115 742 1149 archiepiscopus,
761 1121 842 1148 supra
868 1113 1018 1149 srepissime

234 1163 373 1194 laudatus,
388 1162 434 1196 qui
456 1162 496 1189 rei
518 1166 602 1196 gestat
621 1161 756 1192 interluit,
778 1160 985 1192 miraculorum,
1002 1169 1018 1188 a

233 1214 328 1235 sancto
347 1208 484 1235 Demetrio
502 1212 683 1243 patratorum,
706 1207 754 1233 lib.
773 1214 779 1233 ι
797 1206 852 1240 jam
870 1206 945 1238 dato,
957 1214 1018 1241 cap.

235 1255 268 1281 t5
282 1260 309 1281 ct
334 1255 404 1281 binis
417 1262 509 1289 seqq.,
534 1253 716 1280 indubitatum
742 1252 816 1279 facit.
840 1254 928 1287 Atque
952 1253 1017 1280 illud

233 1301 356 1335 quidem,
368 1301 406 1328 uti
422 1308 453 1328 cx
470 1300 625 1332 Adnotatis,
641 1299 714 1326 dicto
730 1299 813 1333 capiti
831 1298 862 1325 13
889 1299 1018 1326 snhnexis

234 1347 336 1382 liquet,
365 1347 466 1374 sweulo
490 1350 567 1373 sexto
605 1346 638 1372 all
678 1344 759 1372 finem
796 1345 945 1372 inclinante
968 1352 1017 1372 seu

233 1400 305 1419 anno
322 1392 374 1419 597
390 1393 499 1424 evenit;
512 1391 595 1418 fuisse
615 1397 696 1424 porro
710 1389 793 1416 etiam
809 1389 933 1416 eamdem
948 1389 1017 1416 civi-

235 1442 317 1464 tatem
343 1437 444 1464 szeculo
462 1437 588 1470 septimo,
612 1443 674 1462 cum
691 1435 774 1467 idem,
791 1442 871 1470 quem
893 1435 1016 1468 proxime
1034 1425 1053 1452 Β

236 1481 345 1508 taudari
356 1501 363 1512 ,
377 1481 495 1508 Joannes
510 1480 783 1508 Thessalonicensem
803 1480 947 1507 ceclcsiam
961 1479 1015 1513 jam

236 1526 437 1559 moderaretur,
459 1531 540 1560 atque
565 1525 654 1554 adhuc
679 1526 785 1558 sarius,
805 1525 904 1552 srcculo
922 1530 1019 1552 octavo

235 1571 357 1603 scilicet,
377 1571 457 1598 modo
473 1572 577 1606 pariter
596 1579 708 1606 prorsus
734 1570 850 1597 mirabili
878 1578 892 1597 a
917 1570 1019 1597 Sancto

235 1623 330 1646 nostro
349 1619 480 1646 adversus
493 1618 625 1645 Barbaros
646 1623 857 1652 propugnatam,
871 1625 885 1643 c
902 1621 1020 1652 patrato-

235 1673 295 1692 rum
305 1665 355 1692 abs
364 1664 415 1692 hoc
426 1664 620 1692 miraculorum
635 1663 679 1690 lib.
695 1663 896 1698 n,pariterjam
908 1664 981 1695 dato,
996 1663 1018 1690 si

236 1720 302 1744 non,
324 1711 396 1746 quod
414 1711 496 1744 hujus
514 1715 610 1738 auctor
627 1710 681 1743 (adi
695 1709 929 1737 Commcntarium
949 1717 1020 1744 pra:-

236 1757 313 1784 vinm
331 1763 407 1782 num.
422 1755 468 1789 ςὶιί)
489 1755 568 1782 ﬁdem
587 1755 771 1789 undequaquc
790 1755 922 1790 integram
948 1754 1019 1781 haud

239 1806 394 1833 mereatur,
416 1800 530 1827 omnino
555 1799 755 1832 indubitatum,
785 1799 1019 1827 verosimillimum

237 1847 332 1874 saltem
343 1851 466 1881 apparet.
475 1846 510 1873 Et
522 1853 597 1876 vero,
607 1853 659 1873 non
671 1850 776 1872 tantum
792 1846 892 1872 saiculo
905 1845 1020 1879 septimo

237 1901 269 1921 ac
287 1892 411 1927 sequenti
424 1913 431 1923 .
446 1892 494 1920 sed
512 1891 594 1919 etiam
609 1891 642 1918 ad
655 1899 755 1918 annum
772 1899 858 1926 usque
872 1891 924 1919 904
936 1892 1021 1919 Thes-

237 1939 385 1967 salonicam
397 1938 570 1965 inimicorum
578 1937 700 1965 omnium
710 1937 824 1972 impetu,
835 1941 1022 1972 patrocinante

237 1990 332 2012 sancto
348 1985 496 2016 Demetrio,
518 1985 686 2018 superiorem
708 1984 901 2018 permansisse,
922 1985 1019 2011 variis-

237 2039 290 2066 que
304 2031 366 2058 belli
385 2030 513 2065 periculis
528 2030 613 2057 fuisse
631 2034 751 2064 ereptam
762 2050 768 2062 ,
786 2029 907 2057 Joannes
924 2029 1020 2057 Came-

237 2078 308 2105 niala
322 2085 406 2112 supra
421 2077 510 2103 adhuc
525 2076 661 2107 laudatus,
678 2075 725 2110 qui
739 2080 794 2102 tum
808 2075 910 2106 ﬂoruit.
927 2076 953 2102 in
968 2083 1017 2103 sua

236 2127 269 2152 de
289 2123 492 2151 Thessalonica:
511 2130 559 2157 per
577 2122 729 2149 Saracenos
755 2122 862 2149 excidio
889 2122 1019 2149 lucubra-

237 2170 321 2200 tione,
335 2177 367 2196 ac
379 2168 506 2196 Nicolaus
521 2167 687 2200 patriarcha,
700 2167 846 2194 ecclesiam
861 2167 1020 2195 Constanti-

235 2216 421 2250 nopolitanam
443 2219 508 2242 tunc
530 2214 661 2248 tempOris
677 2213 845 2244 moderatus,
869 2214 895 2240 in
915 2222 965 2242 sua
985 2214 1019 2241 de

235 2262 329 2290 eodem
343 2262 469 2289 luctuoso
482 2265 581 2288 eventu
599 2259 725 2287 Monodia
741 2267 795 2286 nou
812 2260 930 2287 obscure
948 2260 1022 2287 indi-

235 2313 308 2335 CM”.

268 2353 295 2380 2.
318 2352 417 2379 Verum
444 2357 508 2379 tunc
523 2351 701 2380 celeberrima
718 2352 763 2379 illa
782 2351 887 2384 civitas,
913 2352 952 2379 uti
982 2351 1021 2378 rei

234 2399 360 2425 oculatus
377 2398 465 2430 testis,
481 2405 561 2432 quem
575 2398 674 2425 iterum
687 2405 748 2425 mox
765 2398 885 2429 laudavi,
902 2397 1023 2425 Joannes

235 2445 404 2474 tjamcniata,
414 2452 428 2471 a
445 2444 593 2471 Bertboldo
607 2443 721 2472 Nihusio
738 2452 810 2471 anno
824 2443 891 2471 1653
902 2443 1023 2470 Colonia:

234 2492 388 2526 Agrippinae
407 2491 510 2521 editus.
532 2498 682 2526 rursusque
705 2491 803 2518 deinde
828 2499 842 2517 a
858 2490 1023 2518 Combetisio

237 2537 363 2564 Historia:
385 2536 543 2571 Byzantina!
570 2542 631 2572 post
653 2536 849 2571 Theophanem
876 2536 1023 2570 scriptores

235 2590 305 2610 rnno
319 2583 389 2610 1685
406 2582 477 2618 typis
493 2582 694 2610 Parisiensibus
708 2590 832 2615 recursus,
852 2582 931 2609 ﬁdem
946 2582 1021 2612 facit,

237 2638 246 2656 λ
257 2629 404 2657 Saracenis
415 2631 548 2657 adversus
558 2629 676 2657 Leonem
686 2629 807 2657 Orientis
820 2630 1021 2663 imperatorem,

232 2681 414 2711 cognomento
436 2675 613 2710 Sapientem,
641 2676 816 2707 bellantibus,
845 2676 895 2702 sub
921 2674 1021 2702 Leonis

232 2721 389 2757 Tripolitc,
414 2722 570 2757 impiissimi
593 2727 741 2757 apostatae,
761 2723 843 2750 ductu
868 2727 1021 2758 expugnata

1073 793 1195 820 stetisset
1213 793 1386 824 inconcussa,
1405 792 1560 820 mirandum
1580 801 1662 828 quatit
1679 793 1795 821 maxime
1812 802 1860 821 ac-

1072 838 1148 866 cidit.
1165 839 1246 870 Audi,
1265 839 1313 873 qui
1337 843 1492 873 opportune
1509 839 1542 865 al
1563 839 1721 865 institutum
1738 847 1859 873 praesens

1071 885 1199 912 Nico'aus
1216 885 1370 919 patriarcha
1389 885 1448 912 loco
1469 892 1551 919 supra
1568 884 1614 912 cit.
1631 885 1722 912 verbis
1737 884 1838 911 Graecis
1851 906 1859 917 ,

1071 939 1131 966 quae
1148 935 1174 958 et
1188 932 1214 957 in
1227 930 1346 965 linguam
1364 929 1487 957 Latinam
1507 938 1640 957 conversa
1657 930 1743 957 textui
1767 930 1862 957 Graeco

1071 977 1242 1012 subiungam,
1261 976 1398 1011 loquatur.
1425 975 1490 1008 Ποῖ),
1511 976 1609 1011 inquit,
1639 977 1694 1010 μοὶ,
1721 977 1862 1011 Δημήτριε

1072 1024 1195 1058 μάρτυς,
1223 1024 1240 1056 ἡ
1272 1023 1406 1058 ἀήττητος
1442 1024 1602 1058 συμμαχίας
1637 1023 1697 1054 πῶς
1730 1024 1779 1057 τὴν
1812 1024 1863 1056 σὴν

1071 1069 1147 1094 πόλιν
1168 1068 1308 1103 ὑπερεῖδες
1331 1068 1537 1103 πορθαυμένηνς
1570 1068 1628 1098 πῶς
1650 1068 1702 1094 ὑπὸ
1728 1068 1769 1094 σαὶ
1787 1067 1864 1094 πολι-

1068 1114 1140 1148 σιύχτρ
1160 1115 1175 1149 ἡ
1198 1113 1306 1149 ἐχθροῖς
1322 1113 1421 1144 6.61:0;
1444 1112 1490 1147 ἀφ’
1508 1110 1539 1139 οὗ
1554 1113 1650 1147 χρόνου
1668 1112 1770 1146 ταύτην
1785 1113 1864 1146 ἣλιος

1070 1160 1199 1186 ἐθεάσατο
1221 1159 1358 1186 τοσούτων
1372 1159 1465 1185 κακῶν
1485 1159 1526 1190 εἰς
1545 1160 1643 1192 πεῖραν
1657 1159 1782 1192 ὲγένετο;
1800 1159 1864 1189 Πῶς

1069 1207 1117 1240 τῆς
1145 1205 1202 1231 τῶν
1231 1204 1433 1232 δυσσεόούντων
1451 1204 1550 1239 ὀφρύος
1576 1205 1690 1239 ἠνέσχηυ
1713 1213 1864 1240 κατορχου-

1070 1251 1154 1286 μένης
1167 1252 1216 1286 τῆς
1230 1252 1305 1285 ἱερᾶς
1325 1251 1513 1285 armoracia,“
1529 1251 1586 1282 πῶς
1607 1251 1757 1285 ὑπέμεινας
1774 1252 1863 1277 ταῦτα.

1069 1297 1117 1324 καὶ
1133 1297 1370 1331 διεκαρτέρησαςς
1393 1305 1401 1321 ι
1422 1295 1473 1323 Ubi
1495 1296 1573 1327 mihi.
1592 1295 1710 1322 Demetri
1735 1301 1838 1331 martyr
1852 1317 1861 1328 ,

1068 1342 1168 1369 invicta
1192 1343 1217 1369 in
1241 1342 1312 1369 bello
1328 1340 1464 1369 societis!
1485 1342 1535 1374 Qui
1553 1341 1690 1369 civitatem
1718 1345 1805 1373 tuam,
1831 1346 1862 1368 ut

1069 1391 1250 1418 everteretur,
1267 1387 1436 1420 despcxisti?
1454 1387 1500 1421 qni
1517 1387 1568 1413 sub
1592 1391 1617 1413 te
1640 1386 1765 1420 pra-side,
1787 1394 1861 1420 qum,

1069 1442 1084 1461 a
1101 1441 1156 1468 quo
1174 1437 1295 1468 tempore
1310 1432 1351 1459 sol
1366 1432 1440 1458 illam
1455 1431 1587 1466 spectavit
1602 1452 1610 1464 ,
1628 1431 1748 1458 inimicis
1773 1431 1864 1458 fuerat

1071 1479 1222 1509 inaccessa,
1241 1479 1273 1505 ad
1294 1483 1370 1506 tanta
1393 1478 1558 1513 experienda
1575 1478 1645 1504 mala
1662 1477 1794 1504 devenit?
1809 1477 1862 1510 Qui

1071 1527 1217 1561 impiorum
1241 1526 1342 1553 fastum
1368 1527 1394 1552 in
1411 1525 1481 1552 sacri
1498 1525 1641 1560 patrocinii
1667 1524 1860 1552 contumeliam

1070 1573 1206 1600 exsultare
1222 1573 1396 1600 sustinuisti?
1411 1571 1461 1604 Qui
1480 1572 1538 1598 haec
1560 1578 1658 1606 passus
1678 1578 1709 1598 es
1731 1576 1812 1604 atquc
1827 1570 1860 1596 ad

1071 1624 1221 1646 extremum
1235 1627 1323 1653 usque
1339 1618 1494 1653 pertulisti?
1511 1627 1520 1644 ι
1540 1618 1577 1645 lta
1603 1617 1718 1644 illustris
1739 1617 1795 1649 ille,
1813 1616 1862 1651 qui

1070 1668 1098 1691 ct
1115 1664 1244 1699 mysticus
1256 1663 1480 1698 cognominatur,
1499 1662 1655 1696 patriarcha
1671 1661 1864 1689 Constantino-

1073 1710 1209 1745 politanus
1228 1718 1307 1737 suam
1329 1710 1400 1736 haud
1421 1709 1536 1736 obscure
1559 1708 1592 1735 de
1620 1714 1699 1742 capta
1716 1708 1863 1741 excisaque

1073 1757 1279 1786 Thessalonica.
1297 1764 1357 1783 cum
1375 1756 1408 1782 ad
1434 1763 1510 1783 suam
1532 1762 1620 1790 usque
1633 1759 1742 1782 aetatem
1767 1754 1864 1780 ciiitas

1073 1803 1166 1830 isthmc
1184 1803 1286 1837 potenti
1303 1802 1389 1830 sancti
1407 1802 1536 1829 Demetrii
1553 1801 1704 1836 patrocinio
1725 1804 1782 1826 tuta
1798 1800 1865 1827 fuis-

1072 1855 1122 1880 set,
1137 1839 1344 1876 admirationem
1359 1848 1459 1883 prodit,
1475 1855 1536 1880 nec,
1555 1847 1620 1882 quiti
1634 1847 1789 1874 communis
1808 1846 1862 1876 ille,

1073 1903 1152 1929 quem
1165 1893 1291 1922 Nicolaus
1307 1894 1396 1921 verbis
1408 1893 1478 1920 datis
1494 1893 1632 1928 exprimit,
1647 1892 1788 1919 hominum
1805 1899 1865 1918 out-

1073 1941 1146 1968 nium
1165 1948 1262 1967 sensus
1280 1945 1336 1967 tum
1353 1940 1448 1972 fuerit,
1465 1939 1646 1966 dubitandum
1662 1942 1783 1973 apparet.

1108 1987 1133 2013 5.
1151 1986 1185 2013 At
1203 1994 1266 2013 vero
1281 1993 1330 2013 cur
1349 1986 1512 2018 Demetrius,
1532 1986 1589 2020 qui,
1609 1989 1638 2011 ut
1652 1993 1734 2018 supra
1751 1985 1777 2010 in
1790 1983 1861 2010 duo-

1073 2033 1124 2060 bus
1143 2034 1280 2068 prioribus
1297 2033 1489 2060 miraculorum
1512 2033 1571 2068 ejus
1597 2033 1674 2059 libris
1699 2039 1741 2060 est
1759 2031 1862 2062 videre,

1073 2087 1149 2107 suam
1162 2079 1226 2105 olim
1240 2079 1379 2106 civitatem
1393 2085 1486 2106 contra
1501 2077 1689 2105 ferocissimos
1701 2078 1794 2105 hostes
1808 2082 1863 2104 tam

1073 2132 1159 2158 saepe,
1180 2129 1272 2158 totque
1291 2125 1379 2152 modis
1397 2124 1560 2159 prodigiosis
1579 2124 1696 2151 diversis
1715 2124 1804 2151 [inerat
1820 2128 1864 2150 lu-

1073 2175 1154 2202 tatus,
1167 2179 1182 2198 a
1200 2170 1355 2202 Saracenis,
1368 2170 1471 2197 Christi
1489 2169 1626 2201 hostibus,
1638 2174 1694 2196 tum
1711 2170 1863 2204 expugnari

1073 2222 1153 2252 atque
1176 2218 1262 2244 everti
1287 2218 1392 2249 siverit,
1411 2217 1465 2244 alta
1486 2216 1543 2249 Dei,
1569 2224 1583 2243 a
1602 2216 1703 2249 quibus
1729 2221 1757 2242 et
1784 2215 1863 2242 nobis

1074 2263 1240 2295 timendum,
1254 2267 1318 2290 sunt
1331 2263 1445 2298 judicia.
1469 2261 1586 2289 Sanctus
1601 2262 1729 2294 interim,
1744 2262 1790 2296 qui
1806 2267 1862 2288 tum

1073 2310 1107 2336 ob
1125 2310 1311 2345 enjuscunqne
1326 2309 1432 2342 generis
1449 2308 1579 2334 miracula
1591 2328 1598 2339 ,
1625 2315 1723 2342 magno
1746 2315 1863 2334 numero

1075 2360 1190 2391 patrata.
1209 2361 1266 2383 tum
1285 2355 1403 2381 maxime
1419 2354 1455 2381 ob
1469 2353 1694 2381 Thessalonicam
1709 2353 1864 2387 prodigiose

1074 2409 1170 2429 Contra
1195 2402 1287 2429 hostes
1307 2401 1367 2435 plus
1385 2401 1469 2428 semel
1493 2405 1629 2427 servatam
1654 2400 1863 2434 gloriosissimis

1075 2449 1163 2483 magni
1184 2447 1311 2482 martyris
1328 2455 1359 2473 ac
1374 2447 1558 2480 thamnaturgi
1571 2466 1578 2476 .
1597 2447 1713 2481 aliisque
1737 2446 1764 2472 in
1781 2453 1862 2479 supra

1075 2494 1137 2521 data
1159 2493 1271 2521 Joannis
1289 2492 1559 2524 Thessalonicensis,
1583 2492 1788 2526 scriptorisqne,
1816 2491 1861 2524 qui

1074 2539 1204 2566 Joannem
1213 2539 1391 2568 continuavit,
1409 2537 1536 2573 anonymi
1555 2537 1862 2569 lucubrationeexpres-

1075 2586 1113 2612 sis
1130 2585 1218 2612 titulis
1231 2585 1430 2612 condecoratus
1453 2584 1552 2619 passim
1576 2590 1594 2610 a
1607 2583 1711 2610 Grmcis
1724 2583 1788 2608 Olllll
1806 2581 1863 2615 jam

1077 2633 1173 2662 fuerat,
1192 2639 1268 2658 suam
1281 2631 1352 2658 illam
1365 2630 1502 2657 civitatem
1522 2630 1650 2661 natalem,
1662 2636 1724 2655 cmn
1740 2628 1774 2654 ab
1785 2628 1862 2653 illato

1077 2685 1123 2711 per
1138 2676 1291 2703 Saracenos
1305 2675 1413 2703 excidio
1425 2677 1599 2705 surrexisset,
1616 2674 1777 2708 clademque
1795 2680 1864 2706 pne-

1077 2724 1186 2750 terilam
1214 2726 1386 2756 reparasset,
1406 2730 1456 2749 suo
1483 2722 1581 2747 iterum
1605 2721 1709 2748 auxilio
1733 2720 1866 2746 adversus

232 2767 294 2799 fuit,
311 2769 527 2804 lmdissimeque,
546 2769 643 2796 incolis
655 2769 737 2796 etiam
756 2776 853 2804 magno
868 2775 982 2795 numero
994 2769 1021 2795 in
1037 2770 1061 2800 Β
1079 2769 1203 2796 inimicos
1228 2769 1385 2802 prodigiose
1409 2768 1459 2794 fuit
1485 2772 1598 2798 tutatus,
1625 2767 1689 2793 licet
1714 2766 1822 2792 tandem
1849 2773 1863 2791 η

231 2816 417 2850 captivitatem
435 2817 571 2849 abductis,
587 2816 692 2850 direpta
710 2823 792 2849 atque
814 2816 916 2843 excisa.
934 2818 1021 2849 Atque

232 2862 283 2889 hoc
299 2861 426 2896 quidem,
442 2863 516 2896 quod
541 2864 572 2890 ad
602 2863 667 2890 illud
695 2870 782 2898 usque
801 2867 908 2897 tempus
933 2862 1018 2889 sancti

232 2907 374 2940 Demetrii,
388 2907 427 2934 uti
439 2908 565 2935 omnibus
582 2909 682 2943 passim
697 2914 752 2937 erat
772 2908 916 2940 Creditum,
928 2913 1020 2942 patro-

1078 2815 1175 2841 Turcis
1191 2814 1275 2846 illam,
1291 2821 1351 2849 qum
1365 2814 1416 2840 alta
1435 2814 1534 2840 iterum
1554 2812 1797 2845 inscrutaiiiliaquc
1819 2811 1864 2838 llei

1077 2860 1263 2895 suntjudicia,
1281 2867 1352 2887 anno
1371 2859 1438 2887 Hi9
1456 2859 1616 2894 expugnari,
1635 2858 1767 2891 ﬁrmaque
1785 2857 1865 2884 dcitt—

1077 2915 1142 2942 ceps
1158 2906 1343 2942 possessione,
1358 2905 1391 2933 ad
1409 2906 1480 2933 hunc
1494 2904 1575 2932 etiam
1592 2912 1678 2940 usque
1688 2904 1757 2931 diem
1773 2909 1865 2938 perse-
