2038 3151
155 195 221 227 1101

671 196 700 225 S.
723 193 913 225 DENlETlilI
937 192 1134 223 MARTYHIS
1155 193 1261 222 ACTA.

1708 183 1778 216 1102

150 257 273 284 versute,
298 251 383 279 teneri
398 250 560 286 permiserit.
571 249 714 277 Cedrenus
725 250 751 276 in
767 249 943 276 historiarum
963 252 981 276 It
998 256 1053 282 quo
1069 247 1177 281 Bulgari
1191 267 1198 280 ,
1218 250 1315 274 sancto
1332 245 1471 273 Demetrio
1486 241 1784 270 Tlressalouicensibns

150 299 331 333 Compemlio,
347 305 408 325 cum
431 299 464 324 de
494 298 576 324 rebus
597 297 648 324 sub
665 296 794 323 Michaele
812 295 844 322 iV
861 295 945 330 gestis

152 349 263 377 tractat,
280 345 420 380 sequentia
438 344 528 379 prodit
546 343 685 370 memoria:
701 352 709 370 :
725 351 734 367 ί
753 342 831 369 Αηιιο
851 341 943 374 mundi

156 393 244 421 sexies
257 390 632 425 millesimoquingentesimo
642 388 712 423 quad
719 388 851 420 ragcsimo
862 395 944 418 nono,

156 439 305 466 indictione
331 443 414 464 nona.
443 444 535 463 mense
552 435 715 470 Septembri,
733 435 881 462 Alusianus
898 441 946 468 pa-

153 484 253 512 tricius
275 489 300 510 et
322 482 553 517 Tlrcodosiopolis
570 482 723 516 prmfeetrrs,
740 479 877 506 secundus
892 478 946 504 Aa-

153 532 231 558 rnrris
247 531 346 564 (fuerat
375 529 419 556 hic
440 528 577 556 Samuelis
605 528 783 562 Bulgarorum
809 527 945 561 quondam

155 578 227 612 regis
243 577 337 610 frater)
361 577 432 604 filius
449 577 539 604 subito
555 584 587 602 ex
604 576 672 602 urbe
697 572 946 609 (Constantinopoli

155 624 267 658 nempe)
283 623 426 658 profugus,
442 623 474 649 ad
492 622 639 649 Deleamrnr
658 622 726 654 (erat
743 621 767 647 is
780 628 794 647 a
812 619 945 654 llulgaris,

156 677 226 704 quos
240 669 274 696 ad
299 669 480 696 deticienduru
498 676 512 695 a
525 667 628 696 Graecis
640 668 799 695 concitarat.
815 665 841 692 in
857 673 945 700 πτερω

156 722 247 742 assum
253 721 298 749 ptu
308 715 324 750 ς)
343 723 371 742 se
386 715 513 742 contulit.

173 760 219 787 ’4.
239 770 248 786 r
267 761 334 787 Cum
352 760 425 787 enim
443 759 584 795 injustitirc
597 762 743 787 accusatus
759 762 842 788 esset,
859 757 948 791 prius-

157 812 238 839 quam
254 805 287 831 de
300 813 382 833 causa
394 809 616 841 cognosceretur,
627 804 747 831 Joannes
762 801 947 838 (imperatoris

158 851 293 885 minister)
309 851 341 878 ab
355 859 386 878 eo
400 857 525 885 exegerat
537 850 597 877 auri
613 847 696 876 lib'ras
710 857 736 880 1.,
754 849 947 882 ademeratque

159 897 182 923 ei
201 897 343 924 mulierem
364 896 598 930 elegantissimam
612 914 619 926 ,
640 902 720 930 quam
746 895 773 921 in
798 894 947 920 Clrarsiano

161 942 293 974 habebat;
311 949 428 975 crnnque
447 940 539 967 multis
559 940 629 975 apud
648 940 840 975 irnperatorettr
863 939 950 974 preci-

161 987 210 1014 bus
229 996 280 1014 non
297 987 474 1017 obtinuisset,
491 992 519 1013 ut
535 987 576 1014 sui
595 987 741 1014 traheretur
757 986 837 1019 ratio,
854 987 949 1020 despe-

162 1033 228 1060 ratis
243 1033 300 1060 suis
316 1032 409 1065 rebus,
421 1033 550 1059 Armenio
565 1032 658 1059 habitu
675 1037 795 1066 su'npto,
807 1032 952 1058 simulans-

161 1085 224 1111 que,
249 1085 278 1104 se
297 1078 389 1105 Basilii
413 1078 587 1105 Tlreodorarri
613 1077 744 1105 famulum
770 1084 840 1109 esse,
869 1081 951 1110 atque

161 1122 386 1151 Thessalonicam
403 1124 437 1152 ad
454 1125 649 1159 imperatorem
667 1125 717 1156 ire,
735 1124 806 1151 clam
823 1124 951 1150 erunibus

164 1170 281 1204 aufugit,
296 1169 500 1204 Ostrobumque
517 1171 650 1205 pervenit,
668 1171 712 1197 ubi
729 1175 784 1197 tum
802 1177 862 1197 curti
877 1168 950 1196 ornt-i

164 1217 284 1244 exercitu
298 1222 387 1244 castra
404 1217 537 1244 Drrleanus
553 1218 679 1244 habebat.
691 1217 785 1252 Magna
802 1217 875 1244 hunc
888 1224 950 1243 curn

162 1263 257 1290 laetitia
285 1264 389 1298 accepit
417 1262 562 1293 Delearrus.
589 1269 724 1296 metuens,
746 1272 780 1291 ne
801 1263 835 1291 ad
862 1264 950 1298 ipsum

164 1318 181 1344 p
194 1310 256 1336 ilius
266 1309 429 1337 inclinarent
439 1309 559 1344 Bulgari,
571 1315 599 1336 ut
613 1310 687 1344 regio
705 1311 837 1343 sanguine
847 1314 952 1340 nattttn,

163 1359 332 1387 consortem,
362 1360 392 1382 ut
409 1363 464 1389 pne
486 1362 515 1382 se
534 1354 649 1386 ferebat.
668 1354 774 1389 imperii
797 1354 904 1385 ascivit,
921 1361 953 1380 ac

163 1409 225 1427 eum
241 1401 362 1428 exercitu
376 1401 553 1436 quadraginta
570 1401 684 1428 millium
697 1401 729 1427 ad
743 1396 951 1436 oppugnandam

164 1447 385 1474 Thessalonicam
398 1447 482 1477 misit.
494 1448 536 1474 ctri
551 1452 615 1474 tunc
630 1452 744 1482 praaerat
757 1447 953 1474 Constantinus

164 1493 305 1527 patricius,
321 1493 453 1528 patruelis
475 1494 660 1527 imperatoris.
677 1493 716 1520 Ευ
735 1493 874 1527 proh-ctus
890 1494 954 1519 Alu-

164 1539 258 1566 sianus
283 1539 377 1565 urbem
403 1539 475 1565 vallo
502 1539 586 1572 cingit
612 1547 643 1565 ac
670 1538 807 1565 machinis
838 1538 954 1566 admotis

996 295 1094 328 prmirc
1110 302 1142 320 ae
1157 300 1206 327 pro
1227 293 1296 320 urbe
1311 293 1454 319 decertare
1468 290 1558 325 palam
1571 292 1733 321 conspecto,
1750 286 1784 313 ab

996 339 1139 366 obsidione
1157 339 1395 366 Thessalonicensi
1415 337 1484 372 pulsi
1507 339 1592 370 atque
1618 334 1644 360 itr
1671 333 1760 366 fugam
1776 351 1784 363 ,

998 393 1094 418 magna
1118 385 1188 411 edita
1214 392 1325 412 suorum
1350 390 1451 417 strage,
1473 380 1603 415 coniecti,
1623 387 1636 406 a
1660 378 1786 405 Cedreno

999 434 1158 461 narrantur,
1174 429 1326 464 prodigium
1340 429 1395 462 jam
1411 432 1527 461 sper-tat,
1538 425 1672 456 Zonaras,
1690 425 1716 450 itr
1731 426 1786 450 Arr-

999 477 1105 503 nalilars
1123 476 1156 501 de
1174 476 1305 501 Alusiano
1320 474 1421 508 pariter
1437 473 1628 506 uulgari-que,
1642 471 1702 504 qui,
1717 469 1788 495 dure

1000 522 1128 552 Deleann.
1142 521 1299 548 Graecorum
1315 521 1409 555 jugurn
1423 538 1430 550 ,
1449 526 1463 545 a
1482 518 1582 544 Basilio
1604 517 1696 545 tertio,
1720 514 1787 541 Ιῖκέ-

999 567 1136 603 garoctoni
1154 574 1304 601 cognomen
1318 570 1460 600 propterea
1483 563 1594 597 adepto,
1613 562 1669 596 jam
1685 561 1719 586 alr
1736 561 1784 585 ali-

998 621 1053 644 quo
1068 618 1190 646 tempore
1207 611 1258 638 sibi
1274 611 1433 644 impositum
1446 629 1453 639 ,
1471 609 1523 636 sub
1544 615 1647 634 annum
1673 605 1785 633 circiter

1002 659 1068 687 l0i0
1081 666 1241 687 excussere,
1261 657 1287 683 in
1309 655 1441 682 Miclraelc
1455 659 1555 690 quarto
1570 661 1726 680 sermonem
1746 651 1788 678 irr-

999 705 1089 732 stituit
1105 713 1154 731 ncc
1167 708 1258 730 tarneu
1277 701 1408 737 prodigii,
1425 709 1480 735 quo
1496 700 1643 727 Alusianrs
1658 698 1693 725 ab
1711 697 1788 724 obsi-

999 753 1080 779 dione
1095 750 1349 781 Tltessalonirensi,
1367 749 1473 776 civitati
1497 756 1553 775 sure
1577 754 1656 781 opt-nr
1685 745 1790 772 fon-rite

1000 802 1096 825 sancto
1115 797 1264 827 Demetrio,
1282 796 1411 823 recedere
1432 795 1513 821 fuerit
1528 793 1699 827 compulsus,
1715 799 1790 817 [ιιι-ι)-

1000 845 1100 871 tionem
1119 843 1158 869 vel
1176 843 1258 868 verbo
1277 841 1351 868 facit.
1368 840 1469 867 Verum
1496 847 1558 867 cum
1578 840 1600 865 is
1616 838 1735 871 scriptor
1758 843 1791 863 ne

1000 889 1186 924 expeditionis
1201 888 1324 922 quidem,
1347 887 1380 913 ab
1398 887 1534 913 Alusiano
1558 890 1653 911 contra
1675 882 1792 909 Ther»:-

1001 936 1120 963 loniram
1135 939 1282 968 suscepta),
1303 932 1472 963 meminerit,
1489 930 1649 964 tactumque
1666 928 1790 963 proinde,

1002 990 1054 1017 quo
1070 981 1140 1008 felici
1158 980 1210 1006 ista
1228 986 1360 1006 SliCCt‘sSlt
1373 977 1455 1005 fuerit
1471 977 1616 1004 frustrata,
1630 973 1790 1000 miraculum

1002 1033 1222 1055 commemorare
1238 1028 1395 1060 opportune
1414 1022 1485 1049 haud
1509 1021 1638 1056 potuerit,
1655 1027 1708 1046 non
1731 1023 1790 1050 est,

1002 1082 1052 1100 cur
1073 1073 1145 1099 illius
1166 1072 1200 1098 de
1225 1071 1276 1098 hoc
1293 1070 1432 1098 silentium
1455 1069 1554 1095 nrirutn
1573 1067 1717 1093 admodum
1734 1065 1792 1092 cui-

1005 1128 1087 1154 quam
1106 1119 1225 1146 acciriat.
1246 1119 1279 1145 At
1299 1124 1362 1144 vero
1381 1117 1432 1143 erit
1457 1115 1595 1145 fortnSsis,
1613 1114 1661 1148 qui
1679 1113 1791 1143 saltem,

1003 1166 1073 1192 idem
1090 1165 1252 1192 miraculum
1272 1164 1381 1191 silentio
1393 1163 1474 1189 etiam
1492 1169 1506 1188 a
1517 1161 1623 1188 hanno
1634 1159 1791 1190 Stanracin,

1003 1217 1031 1239 ut
1052 1212 1109 1238 [ir-ri
1128 1213 1154 1238 in
1173 1212 1253 1246 hujus
1271 1218 1355 1245 penes
1380 1217 1429 1236 nos
1452 1212 1578 1235 exstante
1603 1207 1792 1233 lucubratione

1003 1258 1151 1293 comperio,
1169 1257 1314 1292 prrteriri,
1330 1256 1486 1282 miramlurn
1504 1254 1589 1288 magis
1603 1253 1750 1279 existinu-t.
1763 1251 1791 1278 1ι1

1004 1312 1080 1335 sane,
1107 1312 1168 1330 eum
1198 1304 1242 1330 hic
1269 1303 1398 1345 SCi'lpl‘m‘,
1425 1301 1483 1335 qui,
1509 1298 1740 1334 quemadmodum
1765 1299 1792 1324 in

1003 1350 1209 1378 Commentario
1227 1349 1327 1383 pra-rio
1344 1357 1418 1374 num.
1437 1348 1472 1374 26
1487 1347 1580 1378 docui,
1599 1345 1697 1372 sarculo
1711 1345 1794 1371 tertio

1005 1399 1111 1425 decimo
1129 1397 1230 1427 ﬂoruit,
1248 1401 1354 1430 patrata
1373 1405 1385 1421 a
1402 1399 1498 1423 sancto
1516 1394 1655 1420 Demetrio
1672 1394 1703 1419 ad
1725 1392 1792 1419 illud

1006 1451 1092 1476 usque
1112 1449 1220 1475 tempus
1237 1442 1367 1468 Il‘ll‘:l(‘tll:|
1388 1440 1491 1472 omnia,
1515 1445 1562 1467 aut
1580 1440 1675 1467 saltem
1693 1439 1791 1465 horum

1006 1491 1140 1524 praecipua
1157 1490 1255 1516 litteris
1271 1489 1464 1515 commendare
1490 1487 1659 1522 propositum
1676 1486 1728 1513 sibi
1748 1486 1792 1512 ha-

1007 1536 1106 1567 buerit,
1126 1539 1255 1568 oar-teque
1270 1542 1300 1560 ea
1316 1535 1400 1564 inter,
1416 1534 1499 1567 quod,
1517 1541 1599 1566 supra
1627 1541 1641 1559 e
1664 1532 1789 1558 Ci-dreuu

165 1593 272 1612 summa
289 1585 421 1612 iudusuia
436 1590 586 1619 oppugnat.
603 1584 657 1611 Sed
671 1593 732 1611 crrrrr
757 1593 804 1618 per
827 1593 874 1611 sex
896 1585 953 1611 dies
967 1590 987 1616 (ζ
1006 1582 1131 1609 relatuzn.
1152 1587 1223 1606 anno
1239 1587 1270 1606 ex
1287 1579 1368 1606 dictis
1387 1579 1451 1606 10H
1469 1579 1612 1610 acciderit,
1631 1578 1790 1604 uriraCnbrm

165 1631 265 1657 frustra
284 1636 484 1665 oppugnasset,
500 1631 618 1664 undique
635 1631 777 1664 repulsus,
795 1638 841 1664 spis
866 1638 952 1664 ex,u-

165 1677 278 1712 gnantla‘.
296 1677 411 1710 abiecta,
429 1677 573 1704 obsidione
586 1685 645 1703 eam
661 1684 758 1710 capere
774 1676 878 1704 statuit.

201 1724 226 1749 5.
243 1733 251 1748 ι
268 1723 401 1757 Oppidani
418 1723 534 1757 quadarn
548 1723 592 1749 die
605 1723 637 1749 ad
655 1723 810 1756 sepulcrum
825 1722 952 1757 martyris

168 1768 295 1796 Demetrii
321 1775 513 1801 accesserunt,
533 1769 788 1804 supplicatioucqrre
806 1777 852 1802 per
870 1774 951 1795 to'aar

166 1819 274 1841 noctem
290 1820 375 1842 tracta
389 1815 486 1850 usique
499 1820 646 1849 unguento,
661 1815 732 1850 quod
743 1823 773 1842 ex
783 1822 815 1841 eo
827 1816 951 1850 sepulcro

167 1861 291 1893 scaturit,
306 1869 361 1887 uno
378 1861 480 1895 impetu
497 1861 600 1896 apertis
616 1862 700 1895 portis
725 1861 751 1888 in
772 1861 904 1893 Brrlgttros
922 1869 952 1887 se

168 1908 333 1938 emiserunt,
350 1907 479 1934 habentes
496 1915 588 1934 serum
611 1908 745 1942 legionem
765 1907 953 1941 Magnanimo-

168 1961 237 1983 rum.
252 1953 410 1988 hostemque
423 1954 568 1988 improvisa
585 1953 764 1987 impressione
778 1954 950 1987 perterritum

168 2000 194 2026 in
223 1999 314 2033 fugam
343 2001 520 2034 coniecerunt
533 2019 540 2030 .
559 2001 668 2026 nemine
686 2000 837 2026 subsistere
859 2004 905 2025 aut
926 2007 956 2025 se

168 2045 313 2072 defendere
334 2053 409 2072 auso.
430 2045 528 2072 Ductor
549 2045 677 2072 Romamn
694 2045 762 2071 aciei
784 2046 834 2072 fuit
853 2050 954 2079 martyr

169 2091 274 2126 iterque
296 2091 496 2125 cunrplanavit;
525 2092 596 2126 quod
622 2091 730 2125 uulgari
754 2092 853 2126 captivi
875 2092 952 2126 jura-

170 2143 262 2162 ruenru
281 2137 488 2168 continuarunt,
506 2137 640 2168 dicentes,
660 2137 763 2165 vidisse
781 2146 810 2165 se
823 2139 950 2172 juvenem

170 2181 299 2216 equitem,
317 2182 364 2214 qui
383 2183 510 2210 Romana:
539 2183 664 2217 phalangi
690 2185 815 2217 praeiret;
839 2192 871 2211 ex
902 2192 956 2219 quo

171 2228 242 2262 ignis
257 2229 387 2255 exsiliens
403 2229 534 2256 adversos
555 2235 691 2256 erenraret
710 2229 812 2257 hostes.
827 2230 957 2257 Cecidere

1004 1627 1074 1654 haud
1093 1626 1214 1652 irriimum
1230 1625 1319 1651 locum
1336 1625 1469 1654 obtineat,
1487 1623 1552 1649 mihi
1569 1623 1689 1656 ipsiutet,
1702 1627 1731 1648 ut
1745 1629 1794 1647 va-

1003 1681 1062 1700 runr
1077 1672 1172 1702 fatear,
1187 1671 1286 1696 nriruur
1304 1669 1452 1696 admodum
1465 1669 1587 1696 obvertit.
1601 1667 1713 1699 Verum,
1727 1667 1792 1701 qrrid

1003 1720 1024 1746 si
1044 1719 1150 1753 quidem
1163 1739 1170 1749 ,
1190 1717 1224 1744 dc
1250 1725 1304 1750 quo
1323 1717 1367 1742 hic
1386 1716 1562 1746 disserimus,
1589 1714 1752 1741 miraculum
1774 1722 1788 1740 a

1004 1765 1108 1792 Joanne
1131 1764 1276 1792 Stauracio
1299 1763 1398 1790 litteris
1417 1763 1499 1790 fuerit
1524 1761 1746 1789 corrrrm-rrdatnrrr
1768 1764 1794 1786 ct

1006 1816 1094 1837 tamen
1112 1810 1138 1837 in
1155 1810 1252 1838 Leonis
1270 1810 1360 1836 Allatii
1377 1816 1441 1838 ηις..
1457 1807 1530 1842 quod
1558 1806 1702 1833 nobiseum
1718 1813 1795 1832 corrr-

1007 1857 1174 1883 munieatuur
1195 1857 1220 1882 in
1236 1856 1330 1883 codice
1348 1859 1445 1881 nostro
1459 1853 1535 1888 frus.
1558 1853 1609 1880 l93
1632 1856 1733 1884 exstat,
1760 1852 1794 1878 ab

1007 1903 1223 1930 amanuensibus
1236 1903 1270 1928 sit
1287 1902 1420 1928 omissum
1434 1901 1445 1927 ?

1043 1949 1068 1975 7.
1086 1948 1156 1981 Quid
1185 1949 1206 1974 si
1231 1949 1312 1973 etiam
1341 1946 1500 1973 Stanracius
1520 1953 1551 1973 ea
1569 1945 1717 1973 duntaXaI,
1734 1952 1795 1978 qua)

1007 1995 1118 2028 Scriptis
1131 1993 1257 2020 mandata
1271 1993 1384 2023 invenit,
1396 1990 1528 2018 miracula
1539 1991 1565 2016 in
1576 1990 1794 2017 lucubrationern

1008 2050 1085 2069 suam
1111 2040 1252 2067 inferemla
1269 2039 1397 2070 duxerit,
1414 2038 1577 2071 nullumque
1594 2036 1663 2063 forte
1686 2036 1796 2063 fortuna

1009 2088 1152 2121 scripturn,
1165 2086 1236 2119 quod
1254 2085 1371 2112 relatum
1384 2092 1397 2110 a
1408 2084 1533 2110 Cedreno
1547 2083 1710 2110 miraculum
1722 2091 1798 2109 corn-

1010 2133 1182 2168 plerterelur,
1208 2132 1240 2158 ad
1268 2138 1378 2157 manum
1402 2130 1548 2157 habuerit?
1573 2130 1640 2158 Utut
1657 2130 1709 2161 sit,
1725 2129 1798 2155 dicto

1008 2179 1133 2213 equidem
1153 2178 1286 2212 prodigio,
1302 2177 1375 2211 quod
1391 2181 1419 2203 et
1433 2185 1446 2203 a
1461 2175 1568 2204 Joanne
1579 2176 1743 2210 Curopaiate
1758 2182 1800 2200 re-

1010 2225 1105 2255 fertur,
1124 2229 1261 2259 utcunque
1277 2224 1442 2258 sntit-agatur
1465 2228 1646 2249 rrremoratrrrrr
1671 2223 1697 2249 in
1715 2221 1799 2248 Conr-

171 2275 286 2309 amplius
309 2275 341 2302 15
367 2275 486 2302 millibus
511 2275 689 2310 Bulgarorunr
704 2297 712 2309 ,
730 2277 860 2311 captique
883 2278 955 2304 haud
974 2275 996 2302 ι)
1011 2272 1143 2299 mentario
1159 2271 1259 2306 praevio
1277 2278 1353 2297 trunr.
1372 2270 1422 2296 l58
1442 2274 1467 2296 et
1487 2268 1558 2295 binis
1581 2276 1658 2302 seqq.
1676 2267 1746 2293 Petri
1774 2273 1802 2294 ct

171 2322 332 2356 pruciorcs;
357 2321 453 2356 reliqui
480 2322 639 2356 turpissima
667 2322 729 2356 luga
756 2323 789 2350 ad
813 2323 959 2350 De‘eanum

169 2371 325 2392 evaserunt.
348 2375 357 2392 r
379 2367 468 2394 Prima
502 2367 557 2394 haec
579 2371 622 2394 est
648 2367 745 2394 bellica
768 2368 917 2402 expeditio,
934 2368 960 2394 in

170 2418 222 2444 qua
240 2411 336 2437 iterum
360 2415 421 2445 post
446 2417 584 2447 acceptam
601 2420 672 2438 anno
697 2413 749 2440 901
774 2414 808 2439 ab
830 2413 961 2447 Agarenis

169 2456 274 2483 cladem
302 2457 418 2483 mirabili
445 2457 525 2490 plane
552 2446 632 2484 niodo
658 2466 673 2484 a
698 2463 794 2484 sancto
824 2446 961 2485 Demetrio

170 2502 370 2529 Tlressalouiee
385 2502 470 2530 fuisse
487 2511 648 2530 succursura
673 2509 812 2531 narratur.
832 2504 920 2538 Atque
938 2504 961 2532 is

169 2548 278 2582 quidem
294 2554 420 2581 eventus,
437 2557 499 2576 cum
511 2556 584 2575 anno
601 2550 692 2576 mundi
711 2558 801 2577 scxres
820 2550 962 2577 millesimo

170 2594 389 2628 quingentesimo
407 2595 620 2630 quadragesimo
638 2603 721 2627 nono,
739 2595 775 2622 uti
797 2595 878 2628 cjam
895 2596 963 2622 reri-

170 2639 233 2666 ratis
257 2639 372 2666 Cedrerri
397 2639 487 2667 verbis
505 2640 678 2674 intelligitur,
703 2641 792 2666 locrrrn
820 2640 960 2673 habuerit,

172 2693 243 2712 anno
261 2686 362 2712 Christi
390 2686 455 2715 l0“
482 2688 562 2714 debet
587 2686 699 2718 innecti,
720 2688 760 2713 uti
777 2695 809 2713 cx
826 2694 961 2713 annorum

173 2730 253 2761 5508,
286 2739 403 2765 quorum
436 2732 530 2759 rrltirno
560 2732 666 2758 labente
693 2731 836 2758 Christum
867 2738 961 2758 rratrrrn

173 2777 259 2804 Graeci
278 2782 409 2809 staturrrrt,
429 2778 500 2805 farta
517 2779 551 2806 ab
567 2779 647 2804 annis
663 2778 744 2809 6359.
760 2786 876 2812 quoruru
895 2778 961 2804 ulti-

174 2831 217 2850 mo
234 2831 265 2849 ex
281 2823 361 2851 dictis
375 2829 524 2851 memorata
539 2833 553 2851 a
567 2825 693 2851 Cedrcno
710 2824 886 2859 Bulgarorum
906 2825 960 2851 cla-

172 2869 219 2894 des
232 2869 334 2900 evenit,
351 2870 530 2897 subduetionc
549 2871 724 2897 manifestum
744 2871 844 2898 evadit.

209 2916 233 2941 tr'.
255 2914 331 2948 Quod
345 2920 435 2944 autem
453 2917 485 2944 ad
502 2925 557 2945 rem
572 2917 658 2951 ipsum
672 2925 720 2945 seu
737 2917 829 2952 potius
842 2917 960 2952 ἰιιεέεηε),

1015 2317 1113 2344 Asanis
1137 2317 1265 2349 fratrum,
1289 2316 1442 2351 principum
1467 2315 1661 2349 Bulgarorurn,
1685 2313 1800 2340 factum.

1016 2363 1047 2390 Ili
1074 2363 1158 2394 enim,
1175 2370 1228 2396 quo
1250 2362 1416 2389 contribules
1432 2368 1508 2392 suos,
1523 2360 1570 2395 qui
1594 2364 1655 2394 post
1679 2359 1803 2394 proxime

1015 2417 1029 2436 c
1053 2408 1176 2436 Cedrcno
1199 2409 1313 2435 relatam
1345 2407 1616 2434 Thessalonicensem
1644 2406 1708 2432 antri
1733 2405 1799 2432 1041

1015 2455 1120 2482 cladem
1142 2463 1156 2481 a
1179 2455 1311 2482 lilichaele
1327 2458 1424 2489 quarto
1440 2454 1550 2488 penitus
1566 2453 1672 2479 Stlltnell
1690 2452 1802 2479 Graeco-

1016 2511 1075 2529 rum
1101 2502 1216 2536 imperio
1232 2509 1319 2536 usque
1341 2501 1374 2528 ad
1400 2500 1496 2528 lsaaeii
1515 2500 1623 2534 Arrgeli,
1643 2506 1714 2525 anno
1731 2498 1800 2525 1185

1016 2549 1121 2583 imperii
1146 2549 1258 2576 habenis
1281 2549 1400 2583 primnur
1429 2547 1543 2580 admoti,
1567 2551 1676 2580 tempus
1689 2545 1802 2580 paciﬂce

1016 2601 1175 2622 manserant
1190 2595 1301 2625 annexi,
1316 2595 1348 2621 ad
1367 2594 1548 2621 defectionem
1566 2593 1664 2619 iterum
1679 2591 1804 2618 concita-

1016 2646 1087 2672 rent,
1108 2646 1234 2667 sanctum
1251 2640 1418 2667 Demetrium
1430 2660 1436 2670 ,
1450 2639 1647 2666 Thessalonica
1664 2646 1677 2664 a
1693 2637 1803 2664 Gneco-

1017 2687 1226 2722 rumquetutela
1243 2687 1349 2718 relicta,
1361 2688 1388 2713 in
1402 2686 1568 2720 Bulgariarn,
1583 2685 1625 2711 cui
1637 2691 1716 2718 opem
1730 2687 1805 2710 esset

1018 2732 1139 2764 laturus,
1154 2733 1336 2762 concessisse,
1352 2731 1470 2758 subdole.
1491 2731 1604 2761 finxere,
1623 2729 1699 2756 falsis
1721 2730 1802 2755 etiam

1018 2778 1148 2812 prodigiis
1162 2778 1225 2805 huic
1237 2786 1287 2805 suo
1304 2782 1459 2804 commento
1483 2776 1562 2803 fidem
1588 2776 1736 2802 conciliare
1755 2782 1803 2802 co-

1019 2825 1092 2856 nati;
1112 2825 1137 2850 id
1161 2829 1251 2852 autcm
1270 2825 1324 2851 duo
1350 2823 1453 2858 praefati
1472 2823 1610 2857 principes
1628 2822 1744 2848 maxime
1763 2822 1804 2848 fc-

1018 2871 1089 2898 cisse
1107 2871 1243 2907 videntur.
1262 2871 1302 2896 vel
1320 2871 1403 2905 quod,
1428 2877 1489 2896 ctrrn
1513 2868 1599 2895 rladis
1620 2876 1702 2902 prope
1717 2868 1804 2893 Thes-

1019 2917 1166 2944 s:rlen?cam
1187 2917 1334 2952 majoribus
1351 2915 1409 2943 suis
1424 2923 1495 2942 anno
1512 2914 1574 2941 10M
1594 2922 1609 2941 a
1635 2918 1728 2942 sancto
1751 2911 1802 2938 De~
