2038 3151
235 163 304 194 1399

885 165 1206 198 SUPPLEMENTUM.

1790 170 1859 203 1400

858 340 992 395 ΑΝΑ
1005 340 1128 396 LEC
1140 341 1229 396 TA

229 463 275 494 De
296 466 461 502 unguento
481 470 539 492 seu
558 461 630 492 oleo
646 470 662 492 e
681 462 712 491 S.
731 460 880 491 Demetrii
901 459 1027 491 tumulo
1045 460 1229 500 prodigiose
1257 463 1452 494 seaturiente
1476 463 1615 503 aliisque
1641 465 1746 497 adhuc
1775 467 1859 505 ejus-

269 516 340 545 dem
365 515 470 545 Sancti
495 513 670 548 miraculis.
703 513 815 552 partim
838 523 854 543 e
886 512 1096 551 scriptoribus
1129 518 1276 552 typorum
1292 515 1445 546 beneﬁcio
1456 516 1520 555 jam
1540 518 1688 557 vulgatis.
1709 519 1823 557 partim
1841 530 1858 551 θ

268 566 400 597 Joannis
421 565 573 596 Stauracii
594 574 629 596 ac
641 565 792 595 Demetrii
810 564 1010 603 Cbrysolorze
1028 563 1307 596 lucubrationibus
1325 567 1467 597 nondum
1484 568 1580 599 editis
1597 574 1736 608 accepta.

231 745 243 778 ς
261 745 279 776 l_
299 744 432 771 llirnrutu
443 767 450 776 ,
467 754 564 772 Μελ-ειη)
580 746 679 772 derimo
694 746 842 779 posteriora
853 766 860 776 ,
874 753 932 780 qua’
948 746 1018 773 San-
1033 745 1058 775 Α
1072 745 1144 772 cinio
1153 744 1347 772 Thessalonica
1365 749 1461 772 contra
1479 745 1570 772 omnia
1585 745 1703 772 hostium
1717 747 1860 774 molimina

264 786 320 806 ctus
330 780 356 806 in
368 780 560 808 Thessalonica:
575 781 688 815 favorem
701 786 820 813 patrima
833 786 970 808 narratur.

266 838 290 865 1.
309 836 405 865 Fuisse
416 838 568 870 enimvero,
582 838 708 865 Mauritio
725 838 830 872 imperii
845 837 959 865 Romani
973 837 1020 864 ha-

231 885 315 911 benas
324 883 495 915 moderante,
505 883 894 918 Thessalonicamproiligioso
907 891 1019 916 prorsus

232 928 312 955 modo
325 929 459 955 adversus
475 928 581 955 unitam
595 929 714 955 Avarum
732 929 902 962 aliarumque
918 927 1018 955 barba-

231 977 350 1004 ricarum
366 976 510 1002 nationum
526 975 578 1001 vim
595 983 608 1001 a
625 978 719 1002 sancto
736 974 884 1008 Demetrio,
903 978 1019 1009 patrono

231 1030 292 1054 suo,
305 1022 458 1055 defensam,
472 1020 740 1056 evpugnationisque
751 1020 832 1047 simul
845 1027 876 1047 ac
888 1020 1019 1055 direptio-

231 1070 274 1096 nis
300 1069 422 1101 periculo
450 1067 665 1102 praesentissimo
693 1071 835 1102 ereptam,
873 1067 1016 1098 Joannes,

232 1114 485 1141 'l‘hessalonicensis
508 1113 741 1147 archiepiscopus,
759 1120 842 1147 supra
867 1113 1018 1148 saepissime

233 1161 372 1193 laudatus,
387 1161 433 1194 qui
456 1161 495 1187 rei
517 1164 601 1195 gestae
620 1159 755 1191 interluit,
777 1159 984 1191 miraculorum,
1001 1167 1016 1187 a

232 1212 327 1234 sancto
346 1206 484 1233 Demetrio
500 1210 682 1241 patratorum.
705 1205 752 1232 lib.
772 1213 778 1232 ι
795 1205 851 1239 jam
869 1205 944 1237 dato,
956 1213 1016 1240 cap.

234 1253 267 1279 15
281 1259 308 1280 ct
333 1253 403 1279 binis
416 1260 508 1287 καφ,
533 1251 715 1278 indubitatum
741 1250 815 1278 facit.
839 1252 928 1286 Atque
951 1252 1016 1278 illud

232 1299 355 1333 quidem,
367 1299 405 1326 uti
421 1307 452 1326 ex
470 1298 624 1331 Aduotatis,
641 1298 714 1325 dicto
729 1297 812 1332 capiti
829 1297 861 1324 15
888 1298 1017 1325 subnexis

233 1346 336 1380 liquet,
363 1345 465 1372 sweulo
489 1348 566 1372 sexto
604 1344 637 1371 all
677 1343 758 1370 finem
796 1343 945 1370 inclinante
967 1351 1016 1370 seu

233 1399 304 1418 anno
322 1390 372 1418 597
389 1391 498 1422 evenit;
511 1389 594 1416 fuisse
614 1396 695 1423 porro
709 1388 792 1414 etiam
808 1387 933 1415 eamdem
947 1388 1016 1414 civi—

235 1441 316 1462 tatem
342 1436 443 1462 szcculo
461 1435 587 1469 septimo,
612 1442 673 1460 cum
690 1433 773 1465 idem.
790 1441 870 1468 quem
892 1433 1015 1467 proxime
1033 1424 1052 1450 Β

235 1479 343 1506 laudavi
355 1499 362 1510 .
376 1479 494 1506 Joannes
509 1478 782 1506 Thessalonicensem
802 1479 945 1506 ecclesiam
960 1478 1014 1511 jam

235 1525 436 1557 moderaretur,
457 1529 539 1559 atque
564 1524 653 1552 adhuc
678 1525 784 1556 serius,
804 1524 903 1551 smculo
920 1529 1018 1550 octavo

234 1570 356 1601 scilicet,
376 1570 456 1597 modo
472 1570 576 1604 pariter
594 1577 707 1604 prorsus
733 1569 849 1596 mirabili
877 1577 891 1595 τι
916 1569 1018 1596 Sancto

234 1621 329 1644 nostro
348 1617 479 1644 adversus
491 1617 624 1643 Barbaros
645 1621 856 1650 propugnatam,
870 1623 885 1642 c
901 1620 1019 1650 patrato-

234 1671 294 1690 rum
304 1663 354 1690 abs
363 1663 414 1690 hoc
425 1663 620 1690 miraculorum
633 1661 678 1689 lib.
694 1662 895 1697 n,pariterjam
907 1663 980 1694 dato,
995 1661 1017 1688 si

235 1718 300 1742 non.
323 1710 395 1744 quod
413 1709 495 1743 hujus
512 1713 609 1736 auctor
626 1708 680 1742 (adi
694 1707 928 1735 Commentariun)
947 1715 1018 1742 pra:-

235 1756 311 1783 vium
330 1762 406 1781 num.
421 1754 467 1788 εει)
487 1753 567 1780 ﬁdem
587 1753 770 1787 undequaque
789 1753 921 1788 integrann
947 1753 1018 1780 haud

237 1804 392 1831 mereatur,
415 1798 528 1826 omnino
553 1798 754 1830 indubitatum,
784 1798 1018 1826 verosimillimum

235 1845 331 1872 saltem
341 1850 465 1880 apparet.
474 1845 509 1871 Et
521 1852 596 1875 vero,
606 1851 658 1871 non
670 1848 775 1870 tantum
791 1844 891 1870 smculo
903 1843 1019 1878 septimo

235 1899 268 1919 ac
285 1891 410 1926 sequenti
423 1911 430 1921 .
445 1890 493 1918 sed
511 1891 592 1917 etiam
608 1890 641 1916 ad
654 1897 755 1916 annum
771 1897 856 1924 usque
871 1890 923 1918 904
935 1891 1020 1918 Thes-

236 1937 384 1965 salonicam
395 1937 568 1964 inimicorum
576 1935 699 1963 oumium
709 1935 823 1970 impetu.
834 1939 1020 1970 patrocinante

235 1989 331 2011 sancto
347 1983 495 2015 Demetrio,
517 1983 685 2017 superiorem
707 1983 899 2017 permansisse,
920 1983 1018 2010 variis-

236 2037 289 2064 que
303 2029 365 2056 belli
384 2029 512 2064 periculis
527 2028 612 2055 fuisse
630 2033 767 2063 ereptam,
785 2028 905 2056 Joannes
923 2027 1018 2055 Came-

235 2076 307 2103 niala
321 2083 404 2110 supra
420 2075 509 2102 adhuc
524 2074 659 2105 laudatus,
677 2073 724 2108 qui
738 2078 793 2100 tum
807 2073 909 2105 ﬂoruit,
926 2074 952 2100 iu
967 2082 1016 2101 sua

235 2125 268 2150 .te
288 2122 490 2150 Thessalonica:
510 2128 558 2156 per
575 2120 728 2148 Saracenos
754 2120 861 2148 excidio
888 2121 1018 2147 lucubra-

235 2168 320 2199 tione,
333 2175 366 2194 ac
377 2166 505 2194 Nicolaus
520 2165 686 2198 patriarcha,
699 2165 845 2193 ecclesiam
860 2165 1019 2194 Constanti-

234 2214 420 2249 nopolitanam
442 2218 507 2240 tunc
528 2212 660 2247 temporis
675 2211 844 2243 moderatus.
867 2212 894 2239 in
913 2220 964 2240 sua
983 2212 1018 2239 de

233 2260 328 2288 eodem
341 2260 468 2287 luctuoso
481 2263 580 2286 eventu
599 2258 724 2285 Monodia
740 2265 793 2285 non
811 2258 928 2286 obscure
947 2259 1021 2286 indi-

233 2311 306 2334 εηυῐ.

266 2351 293 2378 2.
316 2350 416 2378 Verum
442 2355 506 2378 tunc
521 2350 699 2378 celeberrima
717 2350 762 2378 illa
780 2350 886 2382 civitas,
911 2351 951 2377 uti
980 2350 1020 2376 rei

232 2397 359 2423 oeiilatus
376 2396 464 2428 testis,
479 2404 560 2430 quem
573 2396 672 2423 iterum
686 2404 747 2424 mox
764 2396 884 2427 laudavi,
901 2396 1021 2424 Joannes

233 2443 402 2473 Cantcnlata,
412 2450 427 2470 a
443 2442 592 2469 Bertholdo
605 2441 720 2470 Nihusio
737 2450 809 2469 anno
823 2442 889 2470 1655
900 2441 1021 2469 Colonia:

232 2490 387 2524 Agrippith
405 2489 508 2520 editus.
530 2497 680 2524 rursusque
703 2489 802 2516 deinde
826 2497 840 2516 a
856 2488 1021 2516 Combeﬁsio

235 2535 361 2562 Ilistariw
383 2535 541 2570 Byzantina:
568 2540 630 2570 post
652 2534 847 2569 Theophanem
875 2535 1022 2569 scriptores

234 2588 303 2608 2mm
318 2581 387 2608 1685
405 2581 475 2616 typis
491 2581 692 2608 Parisiensibus
706 2588 831 2613 rceusus,
850 2581 930 2608 [idem
945 2580 1020 2610 facit,

236 2636 245 2654 ι
256 2628 402 2655 Saracenis
414 2629 546 2656 adversus
556 2627 675 2655 Leonem
685 2627 806 2655 Orientis
818 2629 1020 2662 imperatorem,

230 2680 412 2708 cognomento
434 2673 612 2708 Sapientem,
639 2674 814 2706 bellantibus,
843 2674 893 2701 sub
919 2673 1020 2700 Leonis

231 2718 387 2755 Tt'ipolil;t‘.,
412 2721 568 2755 impiissimi
592 2725 740 2755 apostatze,
759 2722 842 2748 ductu
866 2725 1019 2756 expugnata

1072 792 1194 819 stetisset
1213 792 1385 823 inconcussa.
1404 791 1560 818 mirandum
1579 799 1661 826 quam
1678 793 1795 820 maxime
1811 801 1861 820 ac-

1071 837 1147 865 cidit.
1164 837 1244 869 Audi,
1265 838 1312 872 qui
1336 842 1491 872 opportune
1509 838 1542 864 al
1562 837 1721 864 institutum
1737 846 1859 872 praesens

1070 883 1199 911 Nico'aus
1215 884 1369 918 patriarcha
1388 883 1447 910 loco
1468 891 1550 918 supra
1566 883 1613 910 cit.
1631 884 1721 910 verbis
1736 883 1838 910 (ἱππεῖς
1851 905 1860 916 ,

1070 937 1130 964 quae
1147 934 1174 956 et
1188 930 1213 956 in
1227 929 1345 963 linguam
1363 928 1486 956 Latinam
1506 936 1639 956 conversa
1657 929 1742 956 textui
1766 929 1862 956 Graeco

1069 976 1241 1010 subjungam.
1260 975 1397 1010 loquatur.
1424 974 1490 1007 [103,
1510 976 1609 1009 inquit,
1637 976 1693 1008 μοὶ,
1719 976 1862 1010 Δημήτρια

1071 1022 1194 1057 μάρτυς,
1223 1023 1239 1055 ἡ
1271 1022 1405 1056 ἀήττητος
1441 1022 1601 1056 συμμαχὶα;
1636 1022 1695 1053 πῶς
1730 1022 1778 1056 τὴν
1812 1023 1863 1056 σὴν

1070 1067 1146 1094 πόλιν
1167 1067 1307 1102 ὑπερεῖδες
1330 1066 1536 1102 πορθουμένηνς
1569 1067 1627 1097 πῶς
1649 1067 1702 1092 ὑπὸ
1728 1067 1768 1092 σοὶ
1786 1066 1864 1092 πολι-

1068 1113 1139 1147 ούχιμ
1159 1114 1174 1148 ἡ
1198 1112 1305 1148 ἐχθροῖς
1321 1112 1420 1143 ἄσιτος
1443 1111 1489 1146 ἀφ’
1507 1108 1538 1138 (ιῦ
1553 1112 1649 1146 χρόνηυ
1667 1111 1770 1145 ταύτην
1785 1112 1864 1146 ἥλιος

1069 1159 1199 1185 ἐθεάσατο
1221 1158 1356 1184 τοσούτων
1371 1158 1464 1184 κακῶν
1484 1158 1525 1188 εἰς
1544 1159 1641 1191 πεῖραν
1656 1158 1782 1191 ὲγένετος
1799 1157 1864 1188 Πῶς

1067 1205 1116 1239 τῆς
1143 1204 1201 1230 τῶν
1229 1203 1432 1230 ὁυσσεῆούντων
1451 1203 1550 1238 ὀφρύος
1574 1204 1689 1238 ἠνέσχου
1712 1212 1864 1238 κατορχου-

1069 1250 1153 1284 μένης
1166 1251 1215 1284 τῆς
1229 1250 1305 1284 ξιρᾶς
1325 1250 1512 1284 προστισὶις;
1528 1250 1585 1280 πῶς
1606 1250 1756 1284 ὑπέμεινας
1773 1251 1863 1276 ταῦτα.

1067 1296 1116 1322 καὶ
1132 1295 1369 1330 διεκαρτέρηαας;
1391 1304 1400 1320 ι
1421 1294 1471 1322 Ubi
1494 1295 1572 1326 mihi,
1591 1294 1708 1321 Demetri
1734 1300 1837 1329 martyr
1852 1315 1860 1327 ,

1067 1341 1167 1367 invicta
1191 1341 1216 1368 in
1240 1341 1311 1368 bello
1326 1339 1463 1368 societas!
1483 1340 1534 1373 Qui
1552 1340 1689 1368 civitatem
1717 1344 1804 1372 tuam,
1830 1345 1862 1367 nt

1069 1389 1250 1416 evorteretur,
1265 1385 1434 1419 despexisti?
1453 1385 1499 1419 qui
1516 1385 1567 1412 sub
1590 1390 1616 1412 te
1639 1385 1764 1419 praeside.
1786 1393 1861 1419 qur,

1068 1440 1083 1459 a
1100 1439 1155 1466 quo
1173 1436 1293 1466 tempore
1309 1431 1349 1458 sol
1364 1431 1438 1457 illam
1454 1431 1586 1465 spectavit
1601 1451 1609 1463 ,
1626 1430 1747 1457 inimicis
1771 1429 1863 1457 fuerat

1070 1478 1220 1508 inaccessa.
1239 1478 1272 1504 ad
1293 1481 1369 1505 tanta
1392 1477 1557 1511 experienda
1575 1477 1644 1503 mala
1661 1476 1793 1503 dercnit?
1808 1476 1862 1508 Qui

1070 1525 1216 1560 impiorum
1240 1525 1340 1552 fastum
1367 1525 1394 1551 in
1410 1524 1480 1551 Sacri
1496 1524 1640 1558 patrocinii
1667 1523 1860 1550 contumeliam

1069 1571 1205 1599 exsultare
1221 1571 1395 1598 sustinuisti?
1410 1570 1460 1603 Qui
1479 1571 1537 1597 lucc
1559 1577 1657 1605 passus
1677 1577 1708 1597 es
1730 1575 1811 1603 atque
1825 1569 1860 1595 ad

1069 1623 1220 1644 extremum
1234 1625 1322 1652 usque
1338 1617 1492 1652 pertulisti?
1509 1627 1519 1642 ι
1539 1617 1576 1644 lla
1602 1617 1716 1643 illustris
1738 1616 1795 1648 ille,
1811 1615 1861 1651 qui

1069 1667 1097 1690 ct
1114 1663 1242 1698 mysticus
1255 1662 1478 1697 cognominatur,
1498 1661 1654 1696 patriarcha
1670 1660 1863 1688 Constantino-

1071 1709 1208 1743 politanus
1228 1717 1305 1736 suam
1328 1708 1399 1735 haud
1420 1708 1535 1735 obscure
1557 1707 1591 1734 de
1619 1713 1698 1741 capta
1715 1707 1862 1740 excisaque

1072 1755 1278 1785 Thessalonica.
1295 1762 1356 1781 cum
1373 1754 1407 1781 ad
1432 1762 1509 1782 suam
1531 1761 1618 1788 usque
1632 1759 1740 1780 aztatem
1766 1753 1864 1780 ci\itas

1071 1801 1165 1828 isthmc
1183 1802 1285 1836 potenti
1301 1801 1388 1828 sancti
1405 1801 1536 1828 Demetrii
1551 1799 1703 1834 patrocinio
1724 1804 1780 1826 tnta
1797 1799 1864 1826 fuis-

1071 1853 1121 1879 set,
1136 1838 1343 1875 admirationem
1358 1847 1458 1882 prodit,
1474 1854 1535 1879 nec,
1554 1846 1618 1880 quin
1633 1846 1787 1873 communis
1807 1845 1862 1875 ille,

1071 1901 1151 1927 queui
1164 1892 1290 1920 Nicolaus
1305 1893 1395 1919 verbis
1407 1892 1477 1920 datis
1493 1892 1631 1926 exprimit,
1646 1891 1787 1918 hominum
1804 1898 1863 1917 om-

1072 1940 1144 1966 nium
1164 1947 1260 1966 sensus
1279 1944 1336 1966 tum
1352 1939 1447 1971 fuerit,
1464 1938 1644 1965 dubitandum
1661 1941 1781 1972 aplvarct.

1106 1985 1132 2012 ὅ.
1149 1985 1184 2012 At
1202 1993 1265 2012 vero
1279 1992 1329 2012 cur
1348 1984 1511 2017 Demetrius,
1530 1985 1588 2019 qui,
1608 1989 1637 2010 ut
1650 1991 1733 2018 supra
1749 1985 1775 2010 in
1788 1982 1860 2010 duo-

1072 2031 1123 2059 bus
1143 2032 1278 2066 prioribus
1295 2032 1488 2059 miraculorum
1511 2032 1570 2067 ejus
1595 2031 1672 2058 libris
1698 2037 1740 2059 est
1758 2031 1860 2060 videre.

1072 2085 1148 2105 suam
1161 2078 1224 2104 olim
1239 2078 1377 2105 civitatem
1392 2084 1486 2105 contra
1500 2077 1687 2104 ferocissimos
1700 2077 1792 2104 hostes
1806 2081 1861 2103 tam

1072 2130 1158 2157 stupe,
1179 2128 1271 2158 totque
1290 2124 1377 2150 modis
1396 2124 1559 2158 prodigiosis
1578 2123 1694 2150 diversis
1713 2123 1802 2150 fuerat
1818 2127 1862 2149 tu-

1072 2173 1154 2200 tatus.
1165 2177 1180 2196 a
1199 2169 1353 2201 Saracenis,
1367 2169 1470 2196 Christi
1487 2168 1624 2200 hostibus,
1637 2173 1693 2195 tum
1711 2169 1861 2203 expugnari

1071 2221 1152 2250 atque
1175 2216 1260 2243 everti
1286 2217 1391 2248 siverit,
1409 2216 1464 2243 alta
1485 2215 1542 2248 Dei,
1567 2215 1702 2248 aquibus
1727 2220 1756 2242 et
1782 2214 1861 2242 nobis

1073 2261 1238 2293 timendum,
1253 2266 1317 2289 sunt
1329 2261 1445 2297 judicia.
1467 2260 1585 2288 Sanctus
1600 2261 1728 2293 interim,
1742 2261 1788 2295 qui
1805 2265 1860 2287 tum

1072 2309 1106 2335 ob
1123 2309 1310 2342 cujuscunque
1325 2307 1430 2341 getteris
1448 2307 1596 2338 miracula.
1622 2314 1721 2341 magno
1745 2314 1861 2333 numero

1073 2359 1188 2389 patrata.
1208 2359 1266 2381 tum
1283 2354 1402 2380 maxime
1418 2353 1453 2380 ob
1467 2352 1692 2380 Thessalonicam
1707 2352 1862 2387 prodigiose

1073 2407 1168 2428 contra
1193 2400 1285 2427 hostes
1306 2400 1366 2434 plus
1384 2400 1467 2426 semel
1492 2404 1628 2426 servatam
1652 2399 1862 2434 gloriosissimis

1074 2447 1162 2481 magni
1182 2446 1309 2482 martyris
1327 2454 1358 2472 ac
1373 2445 1556 2479 tbaumaturgi
1570 2465 1576 2476 ,
1595 2446 1711 2480 aliisque
1735 2445 1762 2471 in
1779 2452 1860 2478 supra

1073 2493 1136 2520 data
1158 2492 1270 2520 Joannis
1287 2491 1557 2523 Thessalonicensis,
1581 2491 1787 2526 scuiptorisque.
1814 2490 1859 2524 qui

1073 2538 1203 2565 Joannem
1212 2537 1390 2567 continuavit.
1407 2536 1534 2572 anonymi
1552 2536 1742 2563 lucubratione
1751 2542 1860 2568 expres-

1074 2585 1112 2611 sis
1129 2583 1216 2611 titulis
1230 2583 1429 2610 condeeoratus
1451 2583 1551 2618 passim
1575 2589 1592 2609 θ,
1605 2581 1708 2609 Grmcis
1722 2582 1786 2607 ohm
1805 2580 1861 2614 jam

1075 2631 1172 2660 fui-rat.
1190 2637 1267 2656 suam
1279 2629 1351 2656 illam
1363 2629 1501 2656 civitatem
1520 2629 1648 2660 natalem,
1659 2635 1722 2654 cum
1738 2627 1773 2654 ab
1784 2627 1859 2653 illato

1075 2684 1121 2709 pt't‘
1137 2675 1290 2702 Saracenos
1303 2674 1411 2701 excidio
1423 2675 1598 2704 surrexisset,
1615 2673 1776 2707 clademque
1793 2679 1862 2706 pne-

1075 2723 1184 2748 tcrilam
1213 2724 1385 2755 rcparassct,
1405 2729 1455 2747 suo
1482 2720 1580 2746 iterum
1603 2720 1707 2747 auxilio
1732 2719 1863 2745 adversus

230 2765 292 2797 fuit,
309 2766 525 2802 fmdissimcque,
545 2767 642 2794 incolis
654 2767 736 2794 etiam
754 2775 852 2802 magno
866 2768 1020 2794 numeroin
1036 2769 1060 2798 Ι)
1077 2767 1202 2794 inimicos
1226 2767 1383 2801 prodigiose
1407 2767 1458 2792 l'uit
1483 2771 1596 2798 tutatus,
1623 2766 1687 2792 licet
1713 2765 1820 2791 tandem
1847 2772 1860 2790 .1

229 2813 416 2847 captivitatem
434 2815 569 2846 abductis,
586 2815 690 2848 direpta
709 2821 791 2848 atque
812 2815 914 2842 excisa.
932 2817 1020 2848 Atque

231 2860 282 2886 hoc
297 2858 424 2893 quidem,
441 2861 514 2894 quod
539 2862 571 2888 ad
600 2861 665 2888 illud
694 2869 780 2897 usque
800 2866 907 2895 tempus
931 2860 1017 2888 sancti

230 2904 373 2937 Demetrii,
387 2905 425 2932 uti
437 2906 563 2932 omnibus
581 2907 681 2941 passim
695 2912 751 2935 erat
770 2907 914 2939 creditum,
927 2912 1018 2941 patro-

1076 2813 1173 2840 Turcis
1189 2813 1273 2845 illam,
1290 2820 1349 2847 qum
1364 2812 1415 2838 alta
1433 2812 1533 2839 iterum
1552 2811 1795 2844 iuscrulaisiliaquc
1817 2810 1861 2837 llei

1075 2859 1261 2894 suntjudtcia,
1279 2866 1351 2886 anno
1369 2858 1436 2885 “'29
1455 2858 1615 2893 expugnari,
1633 2857 1765 2890 ﬁrmaque
1784 2856 1862 2882 dein-

1076 2914 1140 2941 reps
1157 2905 1341 2941 possessione,
1356 2904 1389 2931 ad
1408 2905 1478 2932 hunc
1492 2903 1574 2931 etiam
1591 2911 1676 2939 usque
1686 2903 1756 2930 diem
1771 2908 1862 2937 persa-
