2038 3151
161 191 231 224 1105

687 193 720 223 S.
741 191 929 222 DEMETRII
947 190 1143 222 MARTYRIS
1155 191 1259 223 ACTA.

1712 182 1791 223 tios

158 250 274 284 θνήσκει
290 249 396 285 βιαίως,
413 248 500 280 οὓτως
513 249 527 275 6
547 248 640 281 ἄθλιος
653 250 703 285 τῆς
721 251 826 281 οἰκείας
842 252 943 282 κακίας

999 250 1188 277 intestinorum
1205 250 1279 278 illius
1294 251 1426 286 sanguine
1438 259 1453 277 ιι
1478 249 1505 278 in
1530 249 1607 277 ntulti
1629 248 1786 285 sanguinis.

157 296 206 322 καὶ
229 296 412 332 ματαιότητος
426 294 599 331 δρεψάμενος
621 297 686 328 τοὺς
699 297 834 332 καρποὺς,
849 297 946 333 μέχρις

156 343 242 370 αὑτοῦ
263 342 373 377 τρυγίου
393 343 424 369 τὺ
444 343 524 369 κόνδυ
549 342 596 370 τοῦ
620 342 708 377 Θυμοῦ
724 342 839 375 ἐκπιὼν,
856 345 903 370 καὶ
916 344 948 370 τδ

156 389 209 422 τῆς
239 388 324 423 ὀργῆς
350 388 456 422 Κυρίου
485 389 637 423 ποτήριον,
657 389 704 417 καὶ
738 389 948 423 μεμεθυσμένου

157 434 233 460 θείω
258 434 339 469 ξυρηῦ
365 436 405 466 εἰς
427 435 525 469 πεῖραν
549 435 645 461 ἐλθών.
664 434 842 470 Ἐπεστρᾶφη
863 435 919 470 γὰρ
934 435 948 462 ὁ

155 479 240 511 πόνος
265 480 348 507 αὑτοῦ
375 481 416 512 εἰς
442 481 563 516 κεφαλὴν
591 481 685 513 αὐτοῦ,
705 481 751 508 καὶ
766 482 813 507 ἐπὶ
825 482 948 516 κορυφὴν

157 525 210 559 μὲν
226 526 242 560 ὴ
259 525 351 552 ἀδικία
367 526 450 553 αὑτοῦ
466 527 581 562 κατέὗη·
601 528 642 558 εἰς
658 527 755 562 βόθρον
767 527 790 554 δ’
808 527 838 553 ὃν
854 528 949 564 εἰργά-

157 581 238 603 σατο,
251 573 391 605 πέπτωκε,
411 574 459 600 καὶ
477 574 525 608 μία
550 574 706 608 μαρτυρικὴ
725 573 798 608 βυλὶς
821 574 861 605 εἰς
879 574 950 600 ὲκδί-

156 627 241 651 κησιν
252 619 353 654 ἢρκεσε
369 620 424 646 τῶν
441 619 548 646 πολλῶν
565 619 670 646 ἐκείνου
687 619 794 651 κακῶν,
811 621 859 646 καὶ
878 618 949 653 αἷμα

157 663 251 698 ἐξέχεε
265 665 369 691 δίκαιον
384 665 437 692 τῶν
453 665 580 700 ὲγκάτων
596 665 680 692 αὐτοῦ
700 664 806 693 πολλῶν
823 665 950 699 αἱμάτων

157 709 260 737 ἀδίκων
277 711 433 738 ἀντίπονον.

199 779 241 806 12.
256 779 295 806 Εη
314 788 385 807 nunc
398 781 552 809 versionem
566 781 690 808 Latinam
703 789 709 807 :
722 780 805 808 tTum
818 780 949 808 continuo

160 829 241 852 nocte
253 825 416 860 intempesta
432 827 544 854 ultionis
554 835 610 854 suae
623 827 741 861 gladium
756 826 828 854 Deus
840 826 949 853 tandem

160 871 283 902 strinxit,
310 877 391 905 atque
419 872 445 898 in
470 872 529 898 zelo
546 873 684 907 martyris,
708 873 790 899 veluti
816 873 843 900 itt
867 877 948 904 cole,

160 918 279 943 exacuit.
293 916 392 943 Subito
407 917 491 952 igitur
505 922 599 945 custos
612 926 674 945 vere
688 918 761 953 vigil,
776 919 949 953 civitatisque
966 919 986 947 Β

161 968 260 988 nostra!
278 970 378 996 praeses
395 970 426 989 ac
447 971 562 998 magnus
586 965 676 999 magni
700 964 780 999 ltegis
800 965 876 992 miles
897 965 949 993 Dc-

161 1009 285 1042 ntetrius,
302 1017 372 1044 equo
388 1011 448 1038 albo
471 1011 605 1044 insidens,
622 1012 800 1046 Bulgarorutu
820 1013 877 1048 regi
900 1021 950 1049 ap-

162 1061 250 1090 paret.
270 1057 427 1093 miseroque
452 1059 525 1085 illico
544 1059 644 1087 vulnus
660 1060 760 1086 lethale
776 1059 882 1093 inﬂigit.
901 1059 950 1088 llic

161 1107 252 1128 autent
285 1103 378 1129 statim
414 1111 578 1138 magnopere
603 1104 758 1132 vociferans
791 1113 947 1139 supremum

161 1148 299 1176 exercitus
310 1148 352 1175 sui
369 1149 465 1176 ducem
482 1150 657 1184 Munaslram,
674 1152 755 1178 vciuti
777 1151 903 1178 videlicet
915 1152 949 1177 ab

159 1201 192 1221 co
207 1194 297 1226 lmsus,
308 1195 483 1223 inclamabat.
499 1195 578 1222 Hunc
591 1198 674 1229 enim,
686 1197 731 1231 qui
744 1198 890 1232 equitaret,
902 1205 948 1232 ge-

160 1247 260 1267 neroso
279 1247 310 1267 ac
328 1241 399 1273 albo,
411 1249 466 1275 quo
480 1242 640 1273 vehebatur.
653 1251 723 1278 equo
739 1243 884 1269 tentorium
902 1244 945 1269 iu-

160 1293 298 1320 gressum,
317 1287 492 1322 hastamque,
507 1295 588 1322 quam
614 1296 706 1315 Secum
727 1288 841 1319 ferebat,
858 1289 883 1315 itt
903 1296 950 1316 ror

160 1339 242 1358 suum
260 1332 461 1367 drmergeutem
480 1343 540 1362 sese
566 1334 664 1362 intueri
691 1334 881 1366 existimabat;
899 1335 948 1361 ite-

161 1384 277 1411 rumque
294 1385 325 1404 ac
349 1385 420 1411 saqte
441 1378 515 1405 illttm
540 1379 717 1409 inclamabat,
746 1380 781 1406 ita
803 1384 832 1406 ut
855 1384 880 1406 et
907 1380 948 1406 eis

159 1422 326 1450 clamoribus
341 1425 475 1451 excitatus
493 1425 617 1459 lectoque
638 1425 769 1452 exsiliens
787 1427 947 1459 (tentorium

159 1467 231 1494 enim
249 1469 272 1495 ei
287 1473 345 1495 erat
359 1469 386 1495 in
403 1468 512 1504 vicinia)
528 1470 718 1504 ingrederetur
735 1478 766 1497 ac
783 1471 948 1505 circumspi-

159 1520 244 1547 ceret,
261 1523 345 1550 seque
367 1516 455 1550 ipsum
482 1517 659 1548 ostenderet,
684 1525 714 1544 ac
737 1518 782 1551 qui
799 1517 839 1544 Tu
865 1525 925 1544 mox
940 1537 947 1548 ,

159 1569 230 1596 equo
245 1566 291 1588 tuo
309 1562 370 1589 albo
388 1563 442 1590 huc
458 1563 600 1596 advectus,
619 1563 696 1590 hasta
715 1571 755 1590 nte
772 1563 947 1595 interemisti,

159 1608 275 1638 audiret,
291 1608 441 1642 timoreque
459 1608 656 1642 percelleretur
668 1616 699 1635 ac
716 1609 818 1636 diceret
836 1608 894 1635 :Ne
909 1614 949 1638 tu,
963 1601 985 1631 ί]

161 1662 220 1684 rex.
236 1654 314 1680 malis
333 1654 431 1681 alienis
442 1653 571 1681 alliciat-is
585 1662 592 1680 :
608 1655 700 1689 quieto
718 1655 810 1681 animo
829 1655 878 1682 sis.
892 1655 949 1681 Non

159 1704 202 1728 est
224 1701 260 1731 id,
278 1708 332 1727 non
349 1705 401 1728 est.
419 1700 541 1734 Species,
560 1709 614 1728 non
635 1701 749 1732 veritas,
764 1701 811 1728 tibi
828 1701 948 1728 obvenit.

160 1746 218 1779 Ille,
234 1748 311 1781 plaga
329 1746 464 1780 profunde
480 1753 604 1782 accepta,
620 1747 740 1782 graviter
757 1748 948 1782 torquebatur,

159 1792 362 1820 voeil‘erabatur
377 1801 408 1820 ac
421 1793 550 1828 ejulabat.

198 1862 239 1889 15.
259 1871 268 1887 ι
289 1860 389 1888 Ventre
405 1860 488 1896 igitur
503 1861 594 1888 statim
610 1861 776 1894 laneinatur,
792 1861 951 1889 Sumeienti-

160 1916 212 1943 que
229 1908 306 1942 copia
325 1909 485 1943 sanguinem
502 1912 652 1939 recentem,
670 1912 699 1934 ttt
718 1909 766 1935 tibi
781 1929 788 1941 ,
807 1908 925 1935 Demetri
940 1928 948 1941 ,

161 1961 212 1989 pro
232 1958 276 1980 tua
295 1954 344 1981 hac
361 1954 472 1981 civitate
491 1954 663 1981 inimicorum
681 1955 813 1989 sanguine
831 1963 877 1988 pes
895 1955 949 1982 tin—

161 2005 252 2036 gatnr,
266 2000 394 2028 deorsum
411 2001 520 2031 emittit,
535 2000 648 2035 jamque
664 2000 759 2035 incipit
775 2001 867 2029 aninto
881 2001 949 2028 deti~

159 2054 233 2074 cere.
253 2046 314 2073 "mc
328 2054 471 2079 supremus
487 2048 626 2074 exercitus
648 2047 706 2081 ejus
726 2047 779 2073 dux
795 2046 948 2076 Manaslras

159 2092 344 2125 constiicatus,
364 2100 424 2119 eum
444 2101 505 2119 eum
519 2100 600 2126 quam
616 2093 703 2127 potuit
718 2093 860 2120 celerrime
874 2101 947 2127 equo

159 2139 286 2173 supinant
301 2139 486 2174 imposuisset,
502 2146 583 2166 cursu
602 2139 741 2165 concitato
755 2139 833 2174 fugit,
850 2140 948 2167 saluti-

158 2195 212 2220 que
222 2185 371 2212 consulens
387 2185 531 2212 celerrime
545 2184 640 2218 pedem
656 2184 750 2216 refert,
768 2193 875 2220 unaque
884 2194 946 2213 cum

158 2233 205 2260 illo
225 2240 256 2259 ac
269 2240 317 2266 pcr
334 2231 393 2265 eius
410 2232 565 2257 utandatuut
581 2232 671 2258 omnis
686 2239 716 2258 ea
735 2232 875 2259 innumera
895 2233 945 2259 mi-

998 295 1099 330 injustc
1113 296 1201 328 clTnsi,
1221 303 1329 331 pmnam
1346 297 1452 324 elludit.
1470 305 1479 322 ι

1036 343 1079 369 Η.
1096 341 1158 370 Haec
1176 343 1236 370 luco
1253 350 1334 377 snpra
1357 342 1441 369 citato
1458 341 1578 369 Joannes
1601 340 1764 368 Stanracius
1779 348 1788 373 ς

999 398 1094 418 verum
1110 397 1191 421 anne,
1211 390 1248 416 uti
1264 389 1339 416 hisce
1357 389 1450 416 Graece
1466 389 1549 416 simul
1572 393 1598 415 et
1621 387 1716 415 Latine
1734 387 1790 421 jam

999 436 1121 464 recitatis
1135 437 1225 464 verbis
1241 436 1336 468 tradit,
1351 435 1472 463 Joannes
1487 443 1535 462 seu
1546 433 1712 466 JoannitiusI
1730 433 1793 459 Bul~

1000 490 1128 517 gztrorum
1145 490 1202 514 rex,
1220 483 1282 509 dtnu
1295 481 1516 509 Thessalonicam
1534 481 1683 511 obsideret,
1699 488 1713 507 a
1730 487 1791 506 san-

1000 534 1045 557 eto
1060 531 1203 559 Demetrio,
1223 537 1300 563 opctu
1319 529 1383 555 ltuic
1399 529 1502 556 civitati
1520 536 1576 555 sum
1592 527 1674 554 natali
1692 527 1788 561 prodi-

1000 577 1076 611 giose
1092 575 1205 606 ferente.
1223 576 1313 609 rripsa
1333 575 1384 601 l'uit
1403 574 1533 602 occisus?
1549 574 1652 600 Auctor
1664 573 1709 600 ille
1724 572 1789 607 qui-

1001 622 1073 654 dem,
1090 621 1319 656 quemadmodum
1331 621 1357 648 itt
1374 621 1580 648 Commentario
1594 619 1696 654 prmvio
1710 625 1786 644 num.

999 667 1034 695 26
1048 668 1144 700 docui,
1161 667 1260 694 stcculo
1278 667 1358 694 tertio
1378 667 1486 694 decium
1512 664 1718 692 verosimillime
1740 663 1790 690 ﬂo-

1001 715 1068 747 ruit,
1083 722 1115 741 ac
1131 715 1208 749 proin
1222 714 1323 742 saeculo
1339 714 1447 744 eodem,
1467 720 1520 747 quo
1533 712 1676 741 Joannem.
1689 710 1788 744 Bulga-

1000 769 1093 789 rorum
1112 768 1212 794 regem,
1231 761 1257 788 in
1277 760 1423 788 obsidione
1441 757 1679 786 'l‘hessalonicensi
1697 755 1788 783 necari

1000 813 1016 833 e
1032 813 1114 840 supra
1135 806 1217 832 dictis
1241 805 1374 840 contigit;
1393 813 1486 831 verum
1504 812 1564 831 cum
1584 803 1677 832 etiam,
1694 809 1791 834 quent-

1001 849 1147 876 admodum
1164 848 1233 876 infra
1247 849 1362 879 docebo,
1379 849 1405 875 in
1426 849 1520 875 codice
1537 853 1632 875 nostro
1645 847 1715 882 -ι-ηις
1739 846 1790 873 193

1003 902 1062 929 pag.
1075 894 1109 921 95
1122 902 1175 921 non
1192 890 1307 921 obseure
1325 895 1433 927 innuat,
1450 896 1494 920 diu
1512 899 1574 920 ante
1586 898 1692 920 attalum
1710 899 1788 920 suam

1003 939 1102 967 factum
1118 948 1179 966 esse
1197 940 1234 971 id,
1249 940 1321 973 quod
1332 940 1503 967 Entmanueli
1518 940 1668 968 Comucuo,
1679 938 1789 964 (iunco-

1002 994 1062 1013 rum
1076 987 1110 1012 ab
1126 994 1197 1012 anno
1214 986 1282 1013 11ιό
1295 986 1328 1012 ad
1354 993 1455 1013 annum
1480 994 1567 1020 usque
1588 985 1654 1012 1180
1669 985 1789 1019 impera-

1001 1032 1066 1064 turi,
1084 1041 1098 1058 a
1113 1037 1206 1059 sancto
1222 1032 1359 1059 Dentctrio
1374 1033 1519 1060 obvenisse
1533 1053 1540 1064 ,
1558 1033 1657 1059 ibidem
1676 1036 1789 1063 narrat,

1001 1077 1073 1104 haud
1090 1077 1172 1104 citius
1185 1077 1331 1111 equidem,
1356 1086 1438 1112 quant
1462 1078 1557 1104 eodem
1586 1076 1685 1104 s:eculo
1709 1076 1790 1103 tertio

1001 1124 1107 1151 decium
1126 1123 1242 1150 multum
1258 1124 1313 1157 jam
1331 1128 1459 1158 prOVCt'ln
1482 1123 1611 1149 lloruiSse
1631 1122 1737 1149 videtur
1758 1128 1789 1148 ac

1002 1170 1080 1205 proin
1099 1177 1112 1196 a
1129 1168 1243 1196 Joannis
1259 1169 1437 1204 Bulgarorutu
1456 1169 1528 1202 regis
1546 1175 1622 1199 nece,
1640 1175 1700 1202 quae
1716 1174 1789 1193 anno

1001 1223 1033 1242 ex
1051 1215 1131 1242 dictis
1146 1215 1214 1242 1207
1233 1216 1332 1246 evenit,
1350 1215 1482 1241 remotius
1499 1214 1632 1244 abfuisse.
1654 1221 1735 1248 quam
1760 1217 1791 1239 ti;

1001 1262 1063 1292 sibi.
1091 1262 1154 1287 dum
1178 1268 1237 1288 eam
1262 1265 1358 1304 sam-t2
1384 1261 1520 1288 Demetrio
1546 1259 1691 1291 attribuit,
1711 1259 1790 1286 ﬁdem

1001 1313 1102 1336 certam
1128 1312 1209 1342 atque
1231 1307 1412 1334 indubitatam
1439 1307 1588 1334 conciliare
1606 1312 1697 1341 queat.
1715 1305 1790 1338 Nec,

1000 1356 1050 1381 etsi
1066 1355 1146 1382 etiam
1165 1354 1256 1382 smcali
1277 1354 1342 1381 dicti
1362 1354 1440 1380 initio
1453 1354 1576 1384 dixisset,
1595 1353 1675 1380 aliter
1690 1352 1723 1378 de
1742 1352 1790 1378 illo

1002 1403 1051 1429 hac
1069 1401 1095 1428 itt
1116 1410 1145 1428 re
1162 1401 1231 1428 foret
1248 1401 1423 1435 loquendum.
1440 1400 1544 1427 Etenim
1566 1399 1710 1430 Joannem,
1724 1397 1786 1425 Bul-

1001 1454 1138 1482 garontm'
1149 1455 1250 1483 regem,
1263 1456 1277 1474 a
1295 1453 1390 1474 Sancto
1406 1447 1542 1473 Demetrio
1555 1446 1639 1473 fuisse
1657 1445 1791 1476 occisum,

1001 1502 1014 1520 ί·
1034 1494 1105 1526 vulgi
1121 1494 1251 1520 duntaxat
1268 1494 1338 1520 fatua
1352 1513 1359 1525 ,
1377 1501 1436 1527 quin
1457 1498 1537 1520 tetate
1553 1500 1600 1518 sua
1617 1491 1789 1524 obtinuerit,

1000 1539 1218 1571 vcrosimillimc,
1237 1547 1271 1565 ne
1286 1539 1406 1573 amplius
1429 1539 1493 1572 qttid
1512 1539 1599 1565 dicam
1614 1559 1621 1570 ,
1640 1538 1667 1564 in
1685 1538 1791 1564 litteras

1002 1585 1116 1611 miserit.
1136 1585 1174 1612 Ita
1192 1585 1233 1611 vel
1249 1585 1367 1611 maxime
1382 1592 1415 1611 ex
1432 1592 1464 1611 eo
1478 1590 1601 1616 autumo,
1616 1584 1687 1618 quod
1705 1583 1792 1609 Geor-

1002 1631 1061 1664 gius
1079 1631 1246 1665 Acropolita,
1269 1632 1314 1665 qui
1340 1630 1441 1664 pariter
1463 1630 1562 1657 szccuio
1580 1631 1661 1656 tertio
1684 1630 1791 1656 decimo

1003 1677 1104 1709 ﬂoruit,
1126 1678 1231 1713 prmfati
1250 1678 1429 1712 Bulgarorum
1447 1678 1519 1712 regis
1545 1685 1638 1704 necem
1664 1684 1791 1711 superna

1002 1723 1096 1751 Saltem
1113 1724 1205 1751 virtuti
1219 1731 1234 1750 a
1250 1725 1390 1750 nonnullis
1410 1723 1495 1751 fuisse
1509 1723 1684 1755 attributam,
1703 1731 1786 1758 supra

1002 1772 1055 1797 ltuc
1071 1770 1242 1806 lranseriptis
1260 1771 1350 1798 verbis
1364 1771 1501 1797 memorize
1517 1772 1623 1804 prodat.
1641 1771 1731 1804 itaque
1749 1770 1790 1796 si-

1002 1817 1057 1842 tnttl
1078 1818 1188 1849 faniam;
1207 1824 1222 1843 a
1236 1817 1374 1844 nonnullis
1392 1816 1457 1849 illis,
1470 1816 1515 1851 qui
1533 1816 1558 1843 id
1572 1816 1670 1849 fecere,
1684 1821 1790 1850 natam,

1001 1861 1124 1889 indicare
1142 1863 1273 1889 rideatur.

1036 1907 1081 1933 15.
1095 1906 1194 1934 Verum
1208 1915 1289 1934 nemo
1306 1916 1357 1934 non
1371 1908 1457 1940 novit,
1471 1915 1550 1942 quam
1565 1915 1635 1942 stepe
1647 1907 1713 1934 falsa
1728 1915 1790 1935 esse

1001 1952 1070 1979 fama
1089 1953 1193 1984 soleat,
1212 1953 1329 1979 maxime
1345 1953 1367 1979 si
1384 1953 1538 1980 communis
1555 1953 1628 1980 haud
1646 1953 1695 1985 sit;
1713 1960 1790 1980 com-

1001 2006 1110 2025 munem
1130 2003 1219 2024 autem
1245 1998 1318 2025 illam
1343 1999 1416 2026 haud
1437 1998 1540 2031 fuisse,
1566 2007 1599 2026 ex
1626 1999 1789 2033 Acropolita‘.

999 2046 1091 2073 verbis
1105 2046 1244 2073 observari
1262 2047 1353 2079 velim,
1374 2047 1506 2081 facileque
1524 2046 1582 2073 ﬁeri
1606 2048 1738 2079 potuisse.
1757 2052 1786 2074 ιιι

998 2099 1014 2118 e
1026 2090 1137 2118 Joannis
1152 2092 1223 2126 regis
1239 2093 1356 2124 somnio,
1374 2093 1456 2126 cujus
1473 2093 1542 2119 idetu
1565 2092 1724 2127 Acropolita
1739 2094 1788 2120 ibi-

979 2135 986 2141 ”
999 2137 1059 2165 dem
1077 2138 1212 2168 meminit,
1229 2138 1340 2166 sinister
1352 2138 1397 2166 ille
1409 2139 1442 2165 de
1455 2138 1530 2165 illata
1546 2139 1661 2174 principi
1680 2140 1723 2166 isti
1740 2148 1789 2174 per

1000 2187 1125 2209 sanetunt
1142 2182 1306 2209 Demetrium
1325 2191 1392 2210 nece
1410 2191 1504 2210 1⁵11111οΓ
1520 2192 1632 2218 sparsus
1644 2205 1651 2217 ,
1671 2192 1791 2220 tuosque

1000 2236 1014 2255 a
1029 2228 1147 2256 credulis
1164 2229 1276 2256 nimium
1299 2229 1376 2264 justo
1398 2230 1507 2257 facilius
1532 2230 1612 2257 fuerit
1627 2232 1766 2259 admissus
1779 2252 1788 2264 ν

158 2279 236 2305 litum
257 2277 411 2308 ιιιιιίιὶιυιιο,
438 2277 474 2303 ita
496 2277 711 2308 festinantech
728 2277 749 2304 si
768 2277 879 2312 quidam
901 2285 944 2321 se:
962 2277 983 2304 D
1001 2274 1064 2301 licet
1081 2275 1188 2302 interim
1203 2274 1333 2308 Joamtcs,
1352 2284 1406 2303 non
1433 2277 1549 2304 violenta
1564 2297 1571 2310 ,
1600 2278 1648 2304 sed
1669 2279 1788 2304 naturati

158 2324 279 2351 cttndum
299 2322 417 2350 l'aliulam
434 2323 524 2350 Barea:
540 2323 586 2350 lilii
603 2331 650 2350 eos
665 2323 886 2357 insequerentur.
903 2324 948 2352 Ti-

159 2379 220 2398 tnor
240 2370 311 2397 enim
328 2377 360 2396 ac
377 2373 480 2396 tremor
503 2369 654 2396 secundum
680 2377 777 2396 novam
801 2370 946 2404 quamdam

159 2425 250 2444 rerum
269 2416 486 2444 vicissitudinem
505 2416 584 2442 irruit
606 2423 688 2450 super
705 2423 764 2443 eos.
779 2415 814 2442 At
837 2423 903 2444 vero
922 2416 947 2443 ei

158 2463 185 2488 iu
203 2462 272 2488 vivis
289 2461 334 2488 ditt
354 2468 465 2487 manere
480 2460 552 2488 haud
568 2461 686 2496 obtigit,
704 2462 752 2489 sed
778 2463 834 2496 ipsa
851 2462 946 2490 eadem

157 2509 202 2535 die
212 2513 272 2534 ante
283 2507 349 2535 solis
362 2514 502 2539 occasum,
516 2508 554 2534 uti
571 2508 598 2535 in
609 2507 732 2536 historiis
743 2509 850 2543 legitur,
864 2509 946 2537 unius

158 2555 211 2582 diei
233 2554 333 2581 animal
357 2553 473 2581 violenta
502 2558 588 2580 morte
609 2555 758 2582 occutnbit.
787 2554 825 2581 lta
851 2555 946 2582 miseri

158 2601 191 2628 ad
211 2601 299 2635 ipsum
319 2607 405 2635 usque.
430 2599 543 2626 fundum
562 2600 670 2627 Domini
686 2601 814 2629 vindictae
830 2601 940 2636 poculo.

159 2644 362 2679 iracundiaeque
388 2644 473 2672 calice
502 2644 658 2677 exhausto,
688 2649 769 2680 atque
797 2645 946 2673 abundanti

159 2690 299 2717 novaculae
314 2690 413 2717 divinat
428 2690 615 2724 experimento
631 2694 752 2725 sumpto,
767 2690 878 2718 malitiae
889 2699 947 2719 sua:

159 2743 191 2763 ac
209 2735 337 2763 vanitatis
355 2735 462 2763 fructus
481 2735 600 2771 collegit.
622 2736 688 2770 Ejus
711 2736 784 2763 enim
812 2737 890 2765 labor
918 2739 945 2766 in

159 2786 239 2814 caput
254 2781 312 2815 ejus
328 2788 479 2809 conversus
495 2785 547 2809 est.
565 2781 605 2809 Ac
620 2781 680 2816 ejus
695 2782 804 2817 quidem
817 2783 948 2818 iniquitas

159 2835 240 2863 supra
259 2827 387 2854 verticem
404 2827 565 2860 descendit;
580 2827 608 2855 in
625 2826 731 2854 foveam
744 2832 845 2862 autem,
861 2836 943 2864 quam

158 2874 234 2906 fecit.
255 2873 373 2906 cecidit.
392 2881 533 2909 unumque
549 2874 678 2910 martyris
692 2873 814 2909 iaculum
833 2874 859 2902 in
877 2875 946 2902 mul-

160 2926 248 2947 tarum
264 2920 322 2954 ejus
341 2920 513 2956 iniquitatutn
525 2919 674 2948 vindictam
686 2918 942 2956 Iuﬂecit,justeque

1000 2326 1088 2348 ntorte
1106 2321 1187 2348 vitam
1204 2321 1391 2350 terminasset.
1408 2323 1507 2349 Atllnec
1524 2323 1690 2358 Acropolita,
1707 2331 1787 2358 quem

1001 2365 1145 2394 Stauratiio
1159 2367 1304 2403 suﬂ‘ragari
1323 2375 1376 2394 non
1394 2376 1473 2396 nemo
1491 2369 1561 2396 forte
1577 2369 1725 2400 existimet,
1744 2377 1790 2404 ge-

999 2412 1114 2439 neratim
1133 2414 1264 2441 duntaxat
1278 2414 1363 2441 divini
1378 2413 1570 2450 Numinis-ﬁne,
1587 2423 1640 2450 qua
1657 2414 1788 2448 Joannes,

1000 2458 1179 2492 Bulgarorum
1199 2468 1257 2490 rex.
1276 2460 1359 2488 fuerit
1373 2466 1488 2489 necatus
1500 2481 1507 2494 ,
1524 2469 1576 2489 tton
1597 2467 1688 2489 autem
1705 2463 1786 2501 etiam

997 2505 1099 2534 diserte
1125 2506 1212 2534 sancti
1231 2506 1360 2534 Demetrii
1387 2509 1554 2535 mentionem
1572 2507 1656 2540 facit,
1677 2515 1728 2535 nec
1744 2508 1787 2534 ιι1-

1001 2551 1056 2578 ίιιιιι
1074 2551 1205 2580 hactenus
1220 2556 1292 2580 [λοιπε
1305 2552 1366 2581 ﬁdei
1382 2554 1590 2582 auetoritatisve
1612 2554 1786 2588 scriptorem,

998 2597 1044 2632 qui
1069 2596 1167 2624 Joanui
1186 2597 1332 2626 Stauracio
1359 2601 1540 2632 assentiatur,
1560 2600 1682 2626 invenire
1698 2599 1784 2634 quivi.

997 2643 1114 2672 Allatius
1130 2644 1240 2679 quidem
1256 2646 1430 2681 transcriptis
1447 2654 1462 2673 a
1477 2654 1540 2674 sese
1554 2646 1612 2673 loco
1629 2653 1710 2680 supra
1733 2646 1783 2673 cit.

996 2690 1110 2719 Joannis
1129 2691 1264 2718 Stattracii
1288 2692 1380 2719 verbis
1405 2692 1546 2727 subiungit
1569 2700 1576 2725 ;
1601 2701 1610 2718 ι
1638 2692 1667 2719 lu
1691 2692 1788 2719 codice

1001 2737 1129 2764 Vaticano
1145 2737 1252 2764 CLXlll
1268 2737 1293 2764 in
1311 2738 1435 2773 margine
1450 2737 1576 2766 Historia!
1589 2738 1728 2766 Cltouiatte
1746 2739 1788 2766 le-

995 2782 1068 2818 gitur
1090 2791 1098 2810 :
1125 2779 1212 2815 Οὗτός
1245 2783 1321 2810 ἔστιν
1337 2783 1351 2810 ό
1373 2784 1406 2810 ua
1415 2783 1482 2819 εὸἡς
1500 2779 1706 2820 Σκυλοῖωάννής
1723 2785 1787 2812 ἑπι-

999 2828 1110 2864 κληθεὶς
1137 2828 1261 2864 ὕστερον,
1294 2828 1323 2856 ὃν
1347 2830 1453 2857 ἀνεῖλεν
1480 2832 1495 2857 ό
1520 2831 1609 2866 μέγας
1631 2833 1787 2868 Δημήτριος

1000 2875 1151 2910 meum»;
1165 2875 1238 2903 and
1262 2875 1312 2911 τῆς
1333 2875 1532 2913 Θεσσαλονίκης
1546 2878 1782 2914 ἐπιστρατεύων-

996 2929 1037 2954 τι,
1066 2921 1103 2953 ὡς
1132 2922 1232 2954 ἐντοῖς
1261 2921 1366 2949 ἐκείνου
1396 2922 1531 2959 θαύμασιν
1549 2925 1758 2960 ἀναγέγραπται
1775 2931 1783 2940 ’
