2038 3151
130 172 196 204 liCﬂ
642 172 672 201 Β.

707 171 895 200 ΟΕΜΕῚΊΗΙ
928 169 1124 199 ΜΛΗΠΙΗΞ
1153 170 1257 199 ACTA.

1695 170 1763 202 ltilO

125 228 248 254 Zonaras
265 231 292 254 ct
308 226 401 261 Lupus
431 226 626 261 protospatha;
649 226 675 252 lii
701 231 801 258 autem,
822 225 924 260 princi-
939 231 959 257 Α
978 233 1058 251 nemo
1083 226 1213 260 prudens,
1232 231 1364 260 quantum
1388 227 1496 262 opinor,
1522 228 1601 255 fidem
1623 228 1761 262 habuerit,

125 281 184 308 pcin
198 273 275 299 illum
291 280 305 299 a
321 270 426 299 Joanne
439 276 554 306 cognato
573 279 636 302 suo,
653 272 700 305 qui
721 276 748 298 et
769 270 915 298 Vladistla-

126 321 177 347 bus
195 319 349 350 dicebatur,
368 318 489 345 occisum
510 317 604 348 fuisse,
622 318 744 345 unanimi
761 325 916 350 consensu,

125 367 200 393 nulla
216 372 329 400 prorsus
346 364 433 391 sancti
450 363 580 391 Demetrii
601 364 739 390 mentione
760 364 841 396 facta,
860 371 918 391 me-

125 411 218 438 moria:
233 412 364 446 produnt.
382 410 521 437 Cedrcnus
539 411 566 437 in
581 409 762 437 Historiarum
782 410 919 437 Parisien-

125 458 164 485 εἰς
182 457 245 484 anui
271 457 338 484 1647
356 457 485 485 editionis
511 457 678 491 Compcnilio
692 476 699 487 ,
725 457 788 483 dunt
807 465 851 484 res
867 457 918 483 sub

123 505 227 532 Basilio
251 504 396 531 Macedone
420 509 511 538 gestas
538 507 751 535 commemorat,
771 505 914 538 sequentia

124 553 231 584 isthaec,
243 558 304 586 quae
317 551 349 578 ad
364 552 535 586 propositutn
548 557 672 577 nostrum
687 555 821 585 spectant,
835 551 918 577 verba

124 597 282 633 suppeditat
300 604 306 623 :
326 606 335 622 i
354 596 497 624 Successit
514 597 538 624 ei
555 597 688 632 (Sanun-li
707 605 805 632 tteittpc
822 598 917 632 Bulga-

125 645 174 671 ri:e
192 644 257 678 regi)
276 643 347 670 [ilius
363 643 510 677 Galtrielis,
526 643 573 678 qui
601 648 627 670 et
650 643 790 670 Romanus
806 643 917 670 dii-eba-

126 695 180 721 tur,
196 695 271 723 patre
286 689 425 716 robustior
444 689 500 720 ille,
516 689 562 715 sed
582 688 728 723 prudentia
750 689 830 723 longe
846 689 917 715 inle-

126 735 194 767 rior,
213 741 292 762 natus
308 735 414 769 captiva
435 736 552 770 quadam
572 734 716 762 Larissam.
734 734 796 760 lniit
811 734 916 761 decima

126 781 219 815 quinta
235 780 419 815 Septembris.
439 781 590 808 indictione
606 781 712 808 decima
729 780 824 813 tertia,
838 787 918 806 cunt-

127 835 181 862 que
195 828 314 854 nomium
328 828 464 862 integrum
482 828 647 862 imperasset
665 835 778 858 annum,
792 830 916 853 venatum

126 873 220 900 exiens
237 873 401 900 interlicitur
416 880 431 899 θ
445 872 551 899 Joanne
562 892 570 904 ,
592 873 639 907 qui
656 877 683 900 et
698 872 914 903 Vladistltlabus,

971 272 1089 298 maxime
1103 279 1164 298 cum
1187 279 1201 298 ε
1221 272 1373 305 ltadomiri,
1389 273 1451 301 aliis
1466 273 1601 301 Gabrielis
1615 279 1663 302 aut
1678 275 1759 302 etiam

972 317 1097 350 Romani,
1122 321 1204 344 :ctatc
1231 312 1279 346 seu
1307 319 1399 346 saeculi
1426 319 1561 347 undet-imi
1591 321 1679 354 initio,
1704 329 1760 356 quo

970 364 1124 398 principem
1143 364 1216 391 hunc
1243 365 1335 392 necari
1361 365 1485 400 contigit,
1504 366 1687 394 ducentorum
1705 369 1759 394 cir-

970 411 1038 437 citer
1060 417 1194 437 annorum
1217 411 1317 445 spatio,
1346 413 1385 438 uti
1408 420 1441 439 ex
1470 412 1504 439 iis
1536 421 1596 447 quai
1613 413 1646 441 de
1663 414 1709 441 il'o
1732 414 1759 440 in

969 457 1173 484 Commentario
1187 458 1298 492 przevio,
1312 466 1389 486 num.
1404 459 1449 492 26,
1465 459 1491 486 in
1507 460 1624 487 medium
1641 460 1740 487 adduxi
1751 480 1760 492 ,

969 505 1057 539 palam
1082 509 1135 537 est,
1160 509 1283 532 remotus
1312 506 1410 532 vixerit
1436 507 1599 542 nullumque
1626 513 1758 542 prieterea

970 551 1132 585 scriptorem
1150 551 1234 577 alium
1250 559 1298 578 seu
1316 552 1500 587 antiquiorem
1519 561 1568 581 seu
1583 554 1665 580 etiam
1688 555 1760 582 ditii-

969 601 1045 623 taxat
1069 597 1247 623 recentiorem
1275 597 1327 624 sibi
1354 598 1547 634 suifragantctn
1572 600 1693 633 habeat,
1721 602 1759 627 ιιιί

968 644 1096 677 quisque,
1110 644 1156 677 qui
1173 651 1229 670 rem
1245 644 1420 675 examinarit,
1437 646 1599 677 comperiet.

1004 689 1049 716 ‘ll.
1067 688 1244 716 Radoiuirum
1266 698 1347 724 porro
1364 691 1390 717 in
1411 691 1501 718 medio
1519 693 1671 724 montium,
1695 694 1760 719 tllllll

969 735 1106 762 venationi
1119 743 1230 770 operam
1244 736 1334 767 daret.
1350 737 1434 764 fuisse
1447 738 1582 769 occisum,
1597 739 1668 765 idem
1682 739 1764 766 Stan-

971 781 1060 806 iaeius
1084 780 1110 806 in
1135 781 1292 807 narratione
1316 789 1378 812 sua,
1394 781 1487 808 Graece
1511 783 1592 809 simul
1617 788 1642 810 et
1661 782 1762 810 Latine

969 833 1051 859 supra
1075 826 1206 858 exhibita,
1223 826 1305 853 etiam
1330 827 1462 860 atlirntat;
1486 828 1512 855 id
1533 834 1623 856 autem
1650 829 1761 858 minim.

970 880 1050 906 quant
1069 880 1125 898 rem
1139 881 1152 899 a
1169 873 1272 900 Sancto
1287 879 1382 900 nostro
1397 874 1483 902 fuisse
1498 880 1646 910 patratum,
1663 883 1677 902 a
1693 884 1765 904 teri-

127 921 183 947 lilio
198 920 325 951 Aaronis,
343 926 425 954 quem
444 920 502 954 ipse
519 921 579 947 neci
598 921 746 956 aliquando
771 921 918 948 subtraxe-
935 907 956 933 Β
973 923 1028 946 tate
1045 919 1184 951 abhorret,
1199 920 1262 947 licet
1279 920 1389 947 interim
1403 907 1538 954 Cedreno,
1551 923 1597 956 qui
1615 923 1689 949 illum
1703 923 1763 948 Bul-

126 972 195 994 τω.)
211 967 248 992 Ac
264 966 346 1001 paulo
360 970 421 999 post
437 966 507 993 ideiti
528 971 624 993 auctor
639 967 676 992 ita
690 966 787 993 iterum
803 966 918 994 scribit:

129 1020 139 1036 ε
155 1012 255 1045 Quinta
272 1013 315 1039 die
332 1012 536 1040 Cheirotmetus
555 1012 696 1040 Romanus
719 1012 765 1046 (ad
782 1012 914 1039 Basiliam

127 1059 319 1094 imperatorem
336 1058 506 1094 Mosynopoli
521 1059 690 1093 versantem)
705 1059 788 1091 venit,
802 1058 919 1086 famulos

127 1113 221 1134 secum
240 1105 379 1133 adducens
395 1105 509 1133 Joannis
527 1105 717 1138 Vlailislhlahi,
730 1106 846 1133 Aaroiiis
862 1106 919 1138 filii,

126 1157 155 1179 et
177 1152 293 1184 litteras,
313 1152 414 1186 quibus
430 1151 473 1179 liic
493 1151 681 1186 significabat,
698 1160 726 1179 se
741 1151 861 1178 Gabrieli
878 1152 915 1177 vi-

126 1204 181 1225 tam
197 1198 344 1232 eripuisse,
361 1205 488 1232 nuncque
505 1198 537 1225 ad
563 1206 592 1226 se
615 1198 728 1224 rediisse
744 1197 917 1232 Biilgarieutn

125 1244 282 1277 imperium,
296 1243 536 1278 promittebatqne,
553 1251 581 1271 sc
599 1251 708 1271 servum
731 1247 758 1271 et
777 1243 917 1270 subditum

126 1289 284 1323 imperatori
305 1289 374 1316 fore.
393 1298 402 1314 ι

162 1378 208 1407 20.
223 1379 285 1406 llaec
304 1382 394 1407 omnia
412 1379 565 1412 Cedrenus,
576 1380 677 1415 quibus
693 1387 770 1414 sane,
789 1380 920 1408 Radomi-

125 1433 187 1452 rum
204 1433 251 1453 seu
264 1426 431 1459 Gabriclem,
445 1426 491 1461 qui
505 1430 532 1453 et
545 1425 685 1454 Romanus
697 1426 850 1460 dicebatur,
863 1436 917 1455 non

125 1477 141 1496 ιι
165 1475 262 1497 sancto
280 1470 429 1503 [ιιιιιιιιιτὶον
447 1471 493 1498 sed
512 1478 526 1497 a
548 1470 665 1503 Joanne,
686 1479 734 1499 seu
747 1492 754 1504 ,
774 1473 811 1499 uti
839 1474 918 1501 aliter

125 1516 207 1543 etiam
226 1517 389 1549 vocabatur,
407 1516 597 1544 Vladisthlabo
615 1517 807 1552 intcretnptutn
821 1518 916 1551 fuisse,

125 1562 299 1596 apertissime
319 1562 411 1589 tradit.
434 1561 489 1589 Nec
511 1563 601 1589 minus
617 1563 643 1588 iil
661 1563 781 1590 dilucide
794 1563 916 1591 Zonaras

125 1607 264 1634 memoria:
287 1607 389 1641 prodit.
413 1607 502 1638 Audi.
525 1608 571 1641 qui
594 1607 620 1634 in
637 1608 798 1640 Annalibus,
824 1616 838 1635 a
856 1617 915 1636 sese

125 1654 267 1680 adornatis
282 1660 410 1688 annoque
425 1653 492 1680 1687
518 1652 631 1681 Parisiis
653 1655 773 1687 excusis,
793 1660 858 1681 tom.
873 1655 893 1682 ll
906 1676 914 1688 ,

125 1706 188 1733 pag.
204 1699 257 1726 226
268 1699 405 1733 loquatur.
426 1707 436 1725 ι
456 1699 494 1726 Ex
520 1699 688 1734 cardiogmo,
706 1701 794 1735 inquit
815 1701 848 1728 de
867 1701 916 1727 Sa-

125 1745 215 1772 niuele
228 1745 409 1780 Biilgaroruitt
427 1753 502 1781 rege,
517 1745 629 1779 interiit,
646 1746 800 1781 principatu
818 1747 916 1782 Bulga.

125 1800 221 1820 roruin
237 1792 264 1819 in
287 1791 441 1820 Gabrielem
456 1792 540 1819 filium
552 1813 559 1826 ,
574 1792 622 1826 qui
637 1796 665 1819 et
681 1792 823 1820 Romanus
842 1794 916 1820 dice-

125 1839 218 1871 batur,
250 1839 383 1866 translato
401 1847 408 1865 :
425 1846 526 1874 quem,
556 1840 678 1866 nondum
705 1847 778 1867 anno
801 1840 915 1874 elapso,

126 1886 211 1912 frater
228 1885 372 1919 patruelis,
386 1886 507 1912 Aaronis
524 1885 596 1912 illius
613 1885 818 1913 Vlailistlilavus
835 1886 917 1913 Joan-

126 1938 176 1958 nes
198 1930 358 1965 (binominis
378 1931 450 1958 enim
475 1935 502 1957 et
527 1930 571 1957 hic
595 1931 665 1966 erat)
687 1931 800 1958 occidit.
823 1941 832 1957 ι
857 1932 914 1963 Ac,

125 1977 221 2011 paucis
237 1977 418 2011 interpositis,
436 1977 532 2004 addit:
553 1977 601 2004 iAt
617 1976 753 2004 Samuelis
771 1977 842 2005 illius
861 1977 916 2004 Βυη

126 2031 223 2050 manus
241 2021 349 2050 Gabriel
367 2022 496 2056 (necdum
516 2023 588 2050 enim
609 2031 696 2051 exesus
716 2023 785 2059 erat)
805 2031 852 2058 per
879 2024 917 2051 le-

125 2075 202 2104 gatos
219 2070 376 2103 impi-ratoti
394 2071 506 2104 (Bmilio
521 2070 662 2098 Μιιιθάιιιιί
679 2072 786 2106 nempe)
799 2072 916 2098 servitu-

126 2123 179 2145 tem
205 2117 394 2151 pollicebatur,
417 2123 445 2145 et
469 2124 591 2152 tempore
619 2119 713 2152 aliquo
740 2119 914 2152 interposito,

125 2162 240 2191 Joannis
256 2163 436 2191 Vladisthlavi
452 2165 576 2192 minister
593 2165 670 2192 adest
683 2165 785 2192 eandem
802 2164 917 2192 Gabrie-

125 2211 159 2238 lis
175 2211 210 2237 ab
226 2211 290 2238 lii-ro
307 2219 358 2238 suo
376 2211 475 2238 factam
500 2212 648 2243 nuntians,
674 2213 776 2246 aliique
789 2212 866 2239 multi
881 2220 915 2240 ex

971 973 1099 999 garorum
1117 973 1221 1001 regem,
1242 974 1296 993 non
1311 975 1371 993 cum
1390 967 1486 994 mediis
1504 967 1530 994 in
1548 968 1686 994 montibus
1700 975 1762 994 ver-

969 1015 1076 1038 saretur
1095 1001 1289 1046 vciiationiqiie
1304 1019 1417 1047 operam
1434 1012 1493 1048 jam
1514 1012 1602 1043 daret,
1617 1013 1662 1039 sed
1682 1017 1739 1039 turn
1753 1033 1761 1044 ,

969 1064 1031 1084 cum
1049 1057 1081 1084 ail
1099 1058 1270 1085 venationem
1285 1058 1382 1090 exiret,
1396 1065 1444 1085 seu
1459 1058 1527 1092 iam,
1544 1063 1574 1084 ut
1590 1059 1761 1084 venationem

970 1103 1177 1138 aggrederetur,
1207 1103 1234 1130 in
1271 1104 1384 1139 procinc
1413 1108 1508 1136 staret,
1538 1109 1676 1139 perempta
1703 1108 1761 1130 tum

970 1149 1065 1182 fuisse,
1082 1157 1162 1183 supra
1183 1150 1234 1177 huc
1250 1149 1420 1183 transcriptis
1437 1149 1528 1176 verbis
1547 1149 1648 1181 trailiit,
1666 1156 1762 1176 assen-

970 1195 1014 1222 tiri
1039 1195 1150 1228 malim;
1175 1195 1246 1229 illlOtl
1274 1195 1317 1222 hic
1342 1195 1469 1222 lectorem
1502 1194 1591 1221 adhuc
1620 1194 1762 1221 monuisse

969 1247 1127 1274 Contentus,
1146 1242 1179 1268 ad
1195 1241 1267 1268 aliud
1287 1241 1378 1273 modo,
1408 1241 1436 1268 in
1452 1249 1506 1276 quo
1530 1247 1634 1276 patrem
1659 1241 1762 1276 pariter

969 1287 1089 1314 Sanctus
1115 1293 1209 1315 noster
1239 1288 1368 1316 habuisse
1404 1294 1556 1320 narratur,
1591 1288 1760 1322 progredior.

969 1334 1127 1368 Christiani,
1144 1335 1282 1370 susceptis
1301 1335 1389 1362 sacris
1409 1342 1460 1370 pro
1475 1335 1663 1369 recuperanda
1677 1333 1761 1360 Terra

968 1385 1064 1407 saneta
1089 1380 1325 1414 expeditionibus,
1342 1380 1518 1408 Antiochiam
1547 1381 1574 1407 in
1600 1384 1762 1414 potestatem

969 1433 1047 1453 suant
1063 1433 1135 1452 anno
1151 1425 1218 1453 l098
1230 1426 1287 1461 jam
1303 1426 1478 1461 redegerant,
1492 1435 1553 1454 cuin
1569 1426 1641 1453 haud
1659 1427 1697 1452 ita
1712 1425 1763 1452 (111-

968 1472 1032 1499 (1ιιηι
1057 1478 1118 1506 post
1136 1472 1172 1500 ab
1193 1474 1337 1500 innumero
1361 1472 1560 1501 Saracenorum
1585 1473 1710 1500 εχει-εἰμι
1734 1473 1762 1499 in

969 1517 1082 1543 civitate
1096 1517 1142 1543 illa
1156 1517 1233 1544 fuere
1249 1518 1383 1550 conclusi,
1396 1519 1608 1552 arctissimaque
1620 1518 1764 1545 obsidione

970 1561 1002 1588 ad
1019 1569 1141 1588 summas
1156 1563 1297 1597 angustias
1312 1562 1412 1589 adacti.
1434 1563 1530 1589 Verum
1549 1571 1611 1589 cum
1631 1564 1741 1590 tandem
1753 1582 1761 1593 .

968 1615 1022 1642 quo
1041 1607 1118 1635 hisce
1130 1615 1190 1635 sese.
1205 1609 1375 1643 expedirent,
1390 1617 1422 1635 ex
1443 1609 1509 1635 Urbe
1525 1608 1639 1635 obsessa
1655 1609 1759 1644 egressi

968 1654 1094 1682 inimicos
1115 1660 1209 1682 eSsent
1229 1655 1335 1686 adorti,
1361 1655 1515 1682 albatorum
1541 1656 1688 1687 exercitus,
1715 1656 1760 1682 cui

968 1700 1122 1728 Demetrius
1138 1701 1241 1735 aliique
1256 1699 1351 1727 Sancti
1366 1701 1463 1736 praeire
1479 1700 1556 1728 fuere
1568 1701 1718 1736 conspecti,
1733 1701 1761 1728 in

968 1748 1087 1780 ipsorum
1116 1747 1248 1773 auxilitum
1274 1751 1372 1774 contra
1401 1747 1555 1774 Saracenos
1583 1755 1598 1775 e
1622 1747 1761 1774 montibus

969 1793 1076 1828 prodire
1090 1799 1132 1820 est
1146 1794 1233 1821 visus.
1250 1792 1288 1821 Ita
1309 1794 1334 1821 in
1353 1794 1492 1822 variorum
1520 1794 1687 1828 scriptorum
1703 1794 1761 1821 col-

968 1839 1093 1871 lectiOne,
1113 1847 1173 1874 quae
1195 1839 1274 1867 Gesta
1301 1840 1348 1867 Dei
1369 1849 1416 1874 per
1442 1840 1564 1868 Francos
1596 1840 1759 1868 inscribitur

969 1894 1096 1920 annoque
1113 1885 1178 1912 1611
1199 1887 1331 1913 Hanovite
1351 1887 1402 1913 fuit
1421 1894 1541 1920 excusa,
1568 1891 1698 1913 testatum
1719 1886 1763 1912 fa-

967 1933 1045 1959 ciuttt
1060 1932 1199 1960 ltobertus
1217 1933 1379 1965 monachus,
1397 1932 1540 1960 Balilricus
1567 1931 1691 1958 Dolensis
1714 1939 1760 1958 ar-

968 1978 1171 2012 chiepiscopus,
1189 1986 1220 2004 ac
1235 1977 1384 2005 Guibertus
1402 1978 1507 2011 abbas,
1528 1977 1575 2012 qui
1597 1985 1694 2005 ontnes
1721 1977 1760 2004 tei

967 2029 1052 2058 gestae
1071 2025 1189 2057 arqualcs
1208 2024 1351 2052 exstitere.
1521 2048 1526 2053 ,

1002 2070 1048 2097 ‘22.
1067 2070 1243 2104 Singulorum
1259 2091 1265 2103 ,
1291 2079 1352 2106 qua:
1378 2071 1410 2098 ad
1429 2078 1485 2098 rem
1501 2075 1626 2098 nostrain
1647 2070 1761 2105 potissi-

967 2125 1042 2143 mum
1067 2116 1180 2148 faciunt,
1197 2117 1278 2144 verba
1297 2117 1350 2145 huc
1367 2117 1516 2145 transfero.
1540 2117 1679 2144 Robertus
1701 2124 1761 2144 mo-

968 2163 1074 2190 uachus
1087 2182 1095 2194 ,
1112 2171 1174 2198 pag.
1190 2163 1244 2197 64!,
1259 2162 1286 2190 in
1303 2163 1435 2190 adornata
1453 2171 1466 2189 a
1484 2171 1545 2190 sese
1564 2162 1762 2197 Hierosolymi-

970 2215 1033 2236 tana
1054 2210 1166 2236 historia
1181 2230 1188 2242 ,
1214 2209 1262 2237 lib.
1283 2217 1330 2242 vn,
1353 2209 1390 2236 ita
1408 2208 1506 2236 scribit
1524 2217 1531 2235 :
1549 2217 1558 2234 ‹
1576 2208 1645 2234 Dum
1671 2208 1711 2234 sic
1734 2207 1760 2237 (τι

129 2257 281 2284 illustribus
307 2257 430 2291 Bulgaria
455 2258 488 2284 ad
511 2258 703 2293 imperatorem
728 2259 880 2286 confluunt.
902 2269 911 2285 ι
931 2254 953 2282 D
968 2256 1135 2284 Christianis
1158 2255 1304 2283 Antiochia
1329 2254 1461 2289 egressis)
1490 2259 1624 2284 certatur.
1651 2257 1678 2280 cl
1704 2256 1760 2279 lam

127 2301 159 2330 Et
177 2310 250 2330 nunc
263 2303 344 2330 etiam
359 2301 426 2337 Lupi
449 2304 634 2338 protospatlne
662 2304 708 2338 qui
727 2309 754 2331 et
771 2305 830 2340 ipse
846 2305 917 2340 apud

127 2348 304 2376 Muratorium
316 2368 322 2379 ,
338 2352 403 2375 tom.
423 2347 441 2375 V
463 2347 557 2375 Rerum
573 2349 730 2377 Itulicariuti
748 2351 917 2384 scriptorum,

127 2401 189 2430 pag.
208 2394 253 2427 41,
270 2393 411 2422 ﬂadoiniri
432 2401 558 2428 mortem,
576 2404 630 2422 non
648 2401 745 2424 sancto
761 2397 916 2430 Demetrio,

125 2441 174 2468 sed
198 2440 300 2468 Joanni
326 2448 375 2468 seu
394 2439 582 2469 Vladistlilzibo
597 2462 604 2474 ,
623 2442 697 2469 illius
716 2447 846 2477 cognato,
869 2445 918 2471 ad-

126 2487 234 2518 scribit,
254 2487 288 2514 ad
307 2495 363 2514 rem
381 2488 450 2514 hanc
467 2485 595 2515 facientia
613 2489 708 2516 verba.
724 2489 771 2517 Sic
789 2489 890 2517 habent
908 2499 915 2518 :

131 2542 138 2558 l
162 2535 241 2560 Anno
260 2533 329 2561 1016
344 2535 455 2562 occisus
479 2539 522 2562 est
539 2535 612 2562 illitis
636 2536 757 2568 praedicti
780 2536 917 2564 Samuelis

127 2580 160 2605 ab
179 2580 240 2614 ejus
258 2580 426 2608 consobrino
445 2580 499 2608 (ilio
518 2582 616 2608 Λποηὶ
637 2588 662 2608 et
688 2583 812 2617 regnavit
828 2583 912 2617 ipse.»

126 2625 194 2652 Cum
220 2633 286 2661 ergo
313 2632 367 2653 tres
395 2627 554 2660 scriptores.
569 2635 650 2661 supra
668 2628 694 2654 in
711 2636 778 2659 rem,
796 2636 857 2662 qua:
873 2630 917 2654 hic

127 2673 296 2699 caulicienila
315 2678 384 2703 erat,
398 2673 518 2706 laudati,
536 2673 701 2703 Gabrielem,
720 2681 775 2701 non
791 2681 804 2700 τι
821 2680 916 2702 sancto

128 2715 276 2752 Demetrio,
295 2719 343 2746 sed
367 2727 381 2746 a
407 2718 513 2747 Joanne
538 2728 586 2747 seu
615 2719 811 2754 Vladisthlabo,
842 2722 915 2748 nulla

127 2769 240 2795 prorsus
257 2760 351 2792 simu
371 2766 508 2793 mentione
523 2765 605 2798 facta,
622 2766 708 2793 fuisse
726 2767 914 2799 interfectum,

127 2807 343 2839 luculentissime
370 2819 446 2845 sane,
475 2813 513 2840 uti
536 2820 551 2840 e
573 2812 629 2847 jam
656 2814 777 2840 recitatis
805 2814 913 2840 illorntn

127 2857 217 2885 verbis
235 2858 338 2893 liquet,
353 2859 490 2886 memoriae
507 2859 634 2893 prodant,
661 2859 806 2886 Statiracio
828 2861 915 2886 enini-

126 2906 202 2938 Vero,
227 2905 272 2940 qui
309 2904 409 2933 Sancto
434 2910 530 2933 nostro
556 2914 649 2936 necem
675 2906 748 2934 illam
779 2907 912 2941 ascribit,

969 2304 1042 2338 longi
1062 2303 1223 2331 certaminis
1251 2302 1396 2337 prolixitas
1424 2305 1530 2335 poterat
1555 2299 1685 2332 twdiare;
1712 2306 1762 2325 nec

970 2358 1100 2378 numerus
1118 2350 1239 2377 hostium
1256 2349 1401 2376 videbatur
1416 2348 1588 2378 decrescere,
1608 2346 1761 2372 albatorum

969 2397 1086 2424 militum
1105 2396 1314 2424 innumerabilis
1334 2394 1472 2422 exercitus
1489 2394 1564 2421 visus
1579 2397 1620 2419 est
1637 2392 1670 2419 de
1684 2399 1762 2418 mon-

968 2443 1042 2470 tibus
1063 2442 1243 2474 descendere,
1262 2449 1377 2477 quorutn
1402 2440 1524 2476 signiferi
1551 2444 1578 2466 ct
1600 2439 1684 2465 duces
1701 2444 1763 2464 esse

968 2492 1098 2518 dicuntur
1123 2489 1269 2524 Georgius,
1288 2488 1443 2519 Mauritius,
1459 2485 1634 2513 Demetrius:
1651 2490 1720 2517 quos
1733 2487 1762 2508 ut

972 2538 1090 2572 primunt
1105 2536 1172 2564 vidit
1187 2535 1333 2563 Podiensis
1346 2535 1503 2569 episcopus,
1519 2533 1685 2559 exclamavit
1696 2538 1762 2555 voce

971 2591 1068 2618 magna
1087 2583 1183 2610 dicens
1207 2591 1213 2610 :
1237 2582 1259 2608 (l
1278 2582 1391 2612 milites,
1407 2588 1483 2613 ecce,
1503 2580 1576 2606 venit
1605 2577 1738 2604 auxilium
1754 2596 1761 2607 ,

967 2630 1038 2663 quod
1064 2628 1141 2656 vobis
1169 2627 1296 2663 promisit
1315 2626 1397 2654 Deus.
1419 2627 1451 2652 lit
1469 2630 1545 2652 certe
1573 2624 1659 2651 nostri
1684 2622 1762 2649 valilo

967 2676 1141 2710 expavissent
1156 2695 1163 2707 ,
1191 2674 1244 2701 nisi
1272 2673 1370 2700 fuisset
1394 2681 1468 2707 spes,
1495 2679 1577 2707 quam
1597 2671 1623 2697 in
1645 2669 1761 2696 Domino

969 2721 1115 2748 habebant.
1141 2720 1258 2747 Tremor
1283 2720 1422 2747 maximus
1447 2719 1528 2746 irruit
1555 2719 1581 2745 in
1609 2719 1715 2749 hostes,
1733 2721 1760 2742 et

968 2767 1055 2794 versis
1071 2767 1204 2797 vultibus.
1219 2766 1306 2794 scutis
1323 2771 1397 2800 terga
1416 2766 1555 2800 cooperim
1570 2769 1589 2795 t,
1605 2768 1631 2791 et
1649 2764 1738 2798 iugata
1751 2783 1759 2794 ,

968 2819 1022 2851 quo
1041 2813 1188 2846 unicuique
1210 2813 1286 2839 locus
1313 2812 1407 2844 dabat,
1432 2812 1577 2853 arripiunt.
1604 2810 1670 2837 Pars
1689 2809 1733 2836 illa
1752 2830 1758 2840 ,

968 2867 1029 2892 qua:
1044 2866 1057 2885 θ
1080 2863 1156 2894 parte
1173 2858 1312 2894 pugnabat
1331 2859 1428 2889 maris.
1449 2864 1477 2884 ut
1490 2858 1558 2884 vidit
1575 2857 1665 2892 fugam
1687 2864 1759 2883 suo-

968 2913 1041 2939 ruin,
1058 2905 1147 2942 ignem
1166 2907 1267 2941 sparsit
1282 2913 1365 2941 super
1379 2913 1490 2941 gzanzcn
1509 2905 1610 2940 campi,
1623 2903 1695 2939 quod
1711 2910 1757 2929 cc-
