2038 3151
245 158 312 191 1111

895 148 1222 181 SUl’l'LEMEN'I‘Uil.

1808 137 1881 170 1112

242 216 336 244 leritcr
352 214 431 246 arsit,
455 213 518 247 quia
539 212 604 238 illu.l
633 211 784 237 siccam-rat
810 209 892 235 ardor
918 208 1032 235 aestatis.
1051 208 1072 237 A
1087 210 1234 235 testantur,
1248 211 1340 230 verum
1357 202 1438 229 etiam
1452 201 1522 235 apud
1536 198 1685 247 Clicsuium
1697 201 1763 223 tom.
1779 195 1812 247 I_V
1827 195 1882 247 {Ke-

245 265 307 291 lla-c
325 262 386 289 ideo
401 261 536 290 fecerunt.
551 263 581 286 ut
600 259 651 285 hoc
665 258 744 291 signo
757 257 795 283 illi
807 256 853 290 qui
867 256 893 281 in
910 254 1036 282 tentoriis

243 313 335 341 erant,
354 309 446 335 statim
469 306 605 340 fugerent,
620 309 647 331 et
661 297 866 331 sccunfditiora
883 301 969 335 spolia
986 301 1036 327 tul-

246 357 346 382 lerent.
363 354 402 381 Illi
431 360 506 384 vero,
534 351 645 386 cognito
672 351 750 385 signo
763 369 771 382 ,
789 349 835 384 qui
854 349 879 374 iu
898 348 1037 374 montibus

245 405 335 432 erant,
367 401 494 435 protinus
522 397 650 432 fugerunt
670 403 731 422 cum
762 394 892 422 omnibus
919 393 1036 428 spoliis,

248 456 308 481 qua:
325 452 434 482 portare
451 445 609 472 valuerunt.
636 453 645 468 ι
675 442 814 469 Hactenus
834 441 958 467 laudatus
978 447 1038 465 mo-

249 495 356 522 nachus
383 492 522 520 Robertus
541 499 546 516 :
565 490 598 517 ad
618 489 773 516 Baldricum
800 486 1037 521 archiepiscopum

247 541 303 574 jam
324 540 414 566 venio.

285 587 332 614 25.
351 585 399 612 llic
415 584 535 619 praefata:
551 580 739 611 Collectionis,
754 586 814 613 pag.
840 578 900 609 121,
918 577 946 604 in
972 584 1038 604 con-

251 638 324 660 texta
341 640 355 658 a
378 639 408 658 sc
426 629 675 664 Hieroaolymiluna
693 625 806 652 historia
823 623 962 658 sequentia
991 622 1043 650 ist-

251 679 309 706 hcc
325 677 414 712 prodit
433 675 572 703 memoria:
591 682 598 700 :
614 683 623 700 ί
640 674 719 704 Ecce,
734 672 788 698 Deo
800 670 914 706 gratias,
931 669 1043 704 abipsis

252 724 393 753 montanis
409 723 485 757 (dum
503 722 608 749 scilicet
623 724 717 747 contra
731 719 881 745 Saracenos
894 716 1043 744 Christiani

253 778 338 806 prope
351 768 525 797 Antiochiam
544 775 652 794 summo
669 765 827 792 discrimine
844 761 1044 798 prwliarentur)

254 817 329 843 visus
345 819 386 842 est
404 815 480 841 exire
494 813 631 840 exercitus
648 809 865 846 innumerabilis,
880 810 959 843 equis
976 808 1046 834 albis

255 861 416 891 insidentes,
434 864 460 886 et
484 858 581 885 vexilla
611 857 725 884 candida
753 856 780 882 in
806 855 932 882 manibus
949 853 1046 889 pra-fc-

1088 259 1146 278 runt
1168 250 1358 277 Francicam»:
1372 247 1530 282 scriptorum
1545 245 1582 271 rei
1597 243 1724 270 oculatus
1738 242 1817 269 tedis
1831 242 1883 269 Pe-

1089 302 1147 324 trus
1158 295 1335 325 Tudehodus,
1350 292 1522 320 Sinraccnsis
1538 291 1677 320 sacerdos.
1691 297 1739 316 seu
1755 289 1847 323 potius
1859 289 1885 317 is

1088 343 1135 378 qui
1158 343 1323 377 prolixiores
1340 339 1483 367 Tuilebodi
1499 337 1724 368 conmentarios,
1744 335 1885 362 narratio-

1089 391 1170 418 nibus
1185 390 1303 416 interim.
1317 396 1385 422 quas
1400 388 1425 412 hi
1439 386 1590 415 continent,
1603 382 1719 410 ﬁdeliter
1730 381 1884 416 expressis.

1089 439 1116 464 in
1135 436 1328 471 compendium
1343 433 1491 460 contraxit.

1125 484 1169 511 25.
1190 483 1227 509 En
1240 483 1319 514 adeo,
1332 489 1393 507 cum
1408 481 1433 506 id
1451 480 1487 506 ita
1502 479 1609 507 habeat.
1623 477 1704 511 hujus
1719 476 1812 505 etiam.
1823 482 1888 509 quae

1093 531 1126 558 ad
1146 537 1266 565 pr.rseus
1281 528 1437 555 institutum
1455 525 1603 560 pertinent,
1622 523 1765 557 srriptoris
1780 522 1862 547 verba
1877 529 1884 547 :

1094 577 1257 610 «Cmperunt
1271 580 1366 601 turma:
1378 573 1530 600 Turcornm
1542 579 1573 598 ex
1583 574 1698 604 utraque
1710 574 1786 603 Parte
1799 568 1886 598 exire,

1093 627 1255 656 iinstrosque
1267 621 1386 655 undique
1401 617 1653 651 circumciugebant
1666 636 1673 647 ,
1690 614 1842 649 jaculando
1859 618 1888 640 et

1094 668 1246 703 sagittando
1259 673 1284 694 et
1301 666 1481 694 vulnerando.
1496 665 1630 692 Exierunt
1642 670 1753 697 quoque
1765 661 1800 688 de
1811 669 1888 687 iuon-

1094 714 1181 741 taneis
1198 713 1411 740 innumerabiles
1428 712 1576 743 exercitus,
1594 710 1638 744 qui
1653 708 1788 736 ducebant
1801 714 1889 740 equos

1096 765 1190 796 albos,
1207 771 1324 796 quorum
1342 763 1439 790 vexilla
1455 762 1547 789 ornnia
1571 762 1631 788 alba
1646 764 1734 787 erant.
1759 759 1889 785 Videntes

1096 811 1187 844 itaque
1209 810 1295 836 nostri
1318 810 1390 836 hunc
1405 809 1556 836 exercitum
1572 806 1753 842 ignorabant,
1777 804 1824 839 qui
1843 811 1890 831 es»

1096 862 1168 889 sent,
1188 856 1275 883 donec
1291 859 1479 890 cognoverunt
1511 861 1570 880 esse
1585 853 1751 888 adjutorinm
1768 850 1888 882 Christi,

256 911 357 934 rentes.
375 905 432 933 Hoc
450 904 528 932 multi
548 903 677 930 viderunt
691 901 923 932 Christianorum,
936 905 962 927 et
974 900 1045 927 sicut
1061 887 1083 916 Β
1104 904 1176 931 sicut
1193 902 1331 929 "mnam-i1
1354 902 1407 928 illis
1432 909 1479 936 per
1497 887 1668 934 Stephanum
1694 898 1865 926 sacerdotem
1880 915 1889 927 ,

255 958 365 987 putant,
382 952 525 988 gentilium
540 959 548 984 ;
565 955 593 977 et
609 950 768 977 haesitantes
782 948 954 975 mirabantur
966 946 1047 981 quid-

257 1009 321 1028 nam
338 1004 422 1028 esset.
436 997 558 1025 Tandem
576 996 684 1030 utrique
698 998 888 1030 cognoverunt
905 995 987 1020 duces
1002 1002 1050 1028 ag-

257 1046 340 1074 minis
357 1051 483 1072 sancmnt
500 1042 647 1076 Georgium
679 1044 706 1066 ct
729 1045 855 1066 sanctum
879 1038 1046 1065 Demetrium

256 1099 282 1120 et
298 1095 423 1120 sanctum
442 1089 607 1117 Mercurium
619 1107 626 1119 ,
643 1095 691 1114 sua
713 1086 790 1121 signa
810 1086 929 1112 ferentes
946 1092 1049 1120 praece-

257 1139 334 1164 dere.
357 1136 504 1164 Saracenis
520 1141 585 1167 ergo
611 1133 680 1160 visio
708 1133 765 1158 haec
793 1131 908 1158 multum
932 1131 1051 1157 incussit

258 1185 386 1210 timorem
399 1203 407 1216 ,
424 1181 589 1210 Christianis
604 1185 694 1207 autem
713 1186 787 1213 spem
802 1179 878 1205 auxit
889 1178 1028 1205 meliorem
1042 1186 1050 1210 ;

260 1230 329 1258 istos
344 1228 487 1261 animavit,
503 1228 564 1255 illos
580 1226 743 1255 exiuanivit.
758 1224 824 1257 Hoc,
841 1225 885 1258 qui
901 1223 1050 1260 aﬂuerunt'

259 1274 338 1302 multi
353 1273 500 1308 contigisse
515 1272 606 1300 testati
622 1271 706 1302 snut';
725 1277 778 1297 nou
797 1275 886 1296 tamen
911 1269 937 1296 id
954 1276 1052 1295 omnes

260 1320 352 1347 videre
379 1323 548 1354 potuerunt,
567 1317 615 1346 sed
632 1317 733 1352 quibus
752 1316 884 1343 Dominus
900 1315 986 1342 voluit
1005 1322 1049 1340 ar-

260 1373 359 1393 canum
392 1373 473 1392 suum
497 1364 637 1395 revelare;
660 1363 790 1390 revelavit
823 1366 913 1388 autem
940 1361 1002 1388 aiiis
1019 1360 1052 1387 ad

261 1412 456 1439 confusionem
471 1431 478 1442 ,
496 1411 559 1437 aliis
574 1410 607 1436 ad
625 1409 756 1436 instantis
773 1407 903 1441 triumphi
915 1407 1052 1434 ostensio-

263 1465 338 1484 nem.
362 1457 448 1482 Porro
466 1455 601 1482 mendacii
624 1460 705 1480 nemo
726 1460 776 1479 nos
795 1454 942 1486 redarguat
957 1473 964 1484 ,
989 1452 1054 1486 quia

263 1502 332 1529 nihil
348 1509 381 1528 ex
400 1500 484 1527 corde
509 1505 604 1527 nostro
629 1499 776 1534 ﬁngimus;
793 1501 839 1525 sed
857 1497 929 1532 quod
948 1497 1039 1523 audiri

1099 958 1217 986 quorum
1232 949 1360 976 ductores
1375 948 1481 975 [uerunt
1497 953 1610 974 sanctus
1623 945 1767 979 Georgius,
1784 949 1810 970 et
1824 943 1890 970 hea-

1099 1001 1143 1024 tus
1151 995 1314 1023 Theodorus
1324 999 1350 1022 et
1361 999 1472 1021 sanctus
1483 993 1647 1020 Demetrius.
1658 990 1720 1017 lla-c
1734 990 1814 1016 verba
1829 996 1892 1015 cre-

1100 1041 1188 1069 denda
1212 1045 1286 1072 sunt,
1307 1040 1370 1074 quia
1388 1040 1480 1075 plures
1495 1047 1526 1065 ex
1541 1038 1641 1065 nOstris
1654 1037 1780 1063 viderunt
1795 1037 1858 1063 huc.
1879 1044 1888 1060 I

1100 1092 1188 1123 Atque
1205 1090 1241 1114 ita
1266 1087 1451 1122 prodigiosum
1466 1107 1472 1118 ,
1501 1086 1534 1111 ile
1550 1092 1605 1119 quo
1623 1084 1665 1110 hie
1683 1084 1761 1110 nobis
1779 1091 1870 1110 sermo
1883 1102 1892 1113 ,

1101 1136 1213 1165 factum,
1240 1134 1407 1168 scriptorum
1425 1132 1644 1167 synclironurum
1657 1151 1663 1162 ,
1680 1138 1797 1165 quorum
1821 1137 1894 1156 unus

1100 1181 1183 1207 etiam
1199 1179 1325 1214 ipsisruet
1337 1179 1396 1206 suis
1410 1177 1498 1205 oculis
1523 1185 1578 1204 rem
1596 1176 1678 1203 fuerit
1701 1178 1828 1207 intuitus.
1847 1176 1894 1202 tir-

1102 1231 1204 1254 matnm
1230 1226 1379 1257 habemus;
1409 1225 1474 1251 licet
1499 1229 1590 1250 autem
1607 1223 1632 1249 hi
1649 1223 1721 1249 haud
1742 1231 1839 1249 omnes
1866 1222 1894 1248 in

1102 1271 1255 1298 occlustiqu
1280 1271 1391 1300 dueum,
1418 1277 1536 1303 quorum
1563 1268 1694 1294 auxilium
1719 1268 1892 1294 Christianos

1104 1316 1181 1342 aiunt
1199 1320 1339 1349 expertos,
1360 1312 1528 1348 assignando
1551 1312 1631 1338 tertio
1655 1311 1834 1344 conveniant,
1857 1311 1891 1338 iis

1104 1365 1194 1388 mineo
1214 1360 1335 1386 unanimi
1360 1366 1496 1386 consensit
1522 1364 1617 1383 oiuncs
1642 1361 1767 1384 sanctum
1796 1356 1894 1384 Deme-

1103 1409 1188 1434 trium
1222 1415 1275 1433 nna
1302 1414 1365 1433 cum
1396 1410 1492 1433 sancto
1515 1403 1632 1438 Georgio
1660 1411 1817 1430 accensent.
1838 1403 1895 1431 Nec

1106 1459 1211 1480 tantum
1234 1453 1260 1480 lii
1278 1453 1445 1487 posteriores
1470 1451 1563 1478 Sancti
1582 1451 1608 1477 in
1629 1458 1712 1485 supra
1739 1455 1894 1477 inenarrata

1105 1501 1137 1528 ad
1156 1500 1327 1528 Antiochiam
1345 1499 1449 1534 pnclio,
1467 1505 1561 1525 verum
1576 1498 1697 1524 etiamin
1710 1497 1806 1525 altero.
1821 1497 1895 1532 quod

263 1556 336 1581 nius,
352 1548 377 1575 id
395 1551 541 1578 testamur,
558 1550 585 1573 et
601 1545 789 1573 testimonium
810 1549 933 1571 uestrum
955 1551 987 1570 ex
1007 1551 1054 1570 ore
1068 1562 1089 1590 ο
1107 1547 1170 1574 huic
1191 1546 1295 1581 ρι-ωινίι
1307 1565 1314 1576 ,
1331 1553 1401 1572 anno
1415 1544 1482 1572 1097
1501 1551 1650 1578 paucorum
1668 1543 1773 1570 dierum
1797 1544 1898 1570 itinere

263 1602 357 1622 eorum
375 1594 421 1628 qui
438 1593 471 1619 ad
489 1593 610 1624 fuerunt,
629 1599 721 1618 verum
739 1595 791 1618 est.
805 1600 814 1616 ι

300 1639 344 1666 ξι.
368 1639 405 1666 Ita
425 1638 569 1666 Ualdricus
585 1656 593 1669 ,
622 1645 683 1672 qua:
712 1643 795 1670 supra
823 1635 944 1662 recitatis
967 1634 1056 1662 verbis

265 1685 403 1714 Robertus
426 1685 579 1712 monachus
598 1683 703 1715 tradit,
724 1682 940 1709 luculentissima
957 1681 1057 1708 conﬁr—

265 1737 332 1758 mat.
349 1731 404 1758 Nec
419 1732 511 1758 minus
523 1731 548 1758 id
566 1731 719 1757 luculenter
735 1728 801 1756 facit
812 1729 961 1756 Guibertus
971 1728 1057 1755 abbas

267 1776 295 1803 in
313 1776 560 1809 llierusolymilana
577 1775 677 1808 pariter
691 1783 706 1801 a
722 1782 751 1800 se
761 1774 924 1801 concinnata
937 1773 1058 1800 llistoria

268 1822 440 1848 collectionis
459 1820 591 1855 praefata,
608 1822 653 1847 cui
671 1824 695 1846 el
714 1819 809 1846 istlnec
827 1819 929 1845 inserta
946 1823 1036 1846 exstat
1049 1838 1058 1851 ,

268 1875 331 1902 pag.
343 1867 397 1894 523
414 1867 452 1894 ita
467 1867 593 1894 scribens
608 1874 615 1892 :
635 1875 644 1891 ι
663 1865 696 1892 Et
709 1872 785 1897 ecce,
798 1865 883 1899 copia:
899 1866 1059 1892 innumera-

268 1914 338 1941 biles
366 1913 442 1947 (dum
476 1912 626 1940 Christiani
652 1912 759 1939 scilicet
786 1916 881 1938 contra
905 1911 1059 1939 Saracenos

267 1966 352 1994 prope
364 1950 704 1992 Antiochiam‘decertant)
715 1963 859 1992 ceperunt
869 1957 903 1984 de
919 1958 1061 1985 montibus

268 2014 420 2042 emergere,
437 2013 555 2040 quorum
573 2010 601 2032 et
614 2007 679 2040 equi
698 2010 724 2032 et
743 2004 822 2039 signa
840 2006 926 2031 multo
941 2006 1061 2032 candore

269 2052 412 2085 nitebant;
424 2052 527 2079 nostris
538 2057 628 2079 autem
641 2051 779 2078 maximus
793 2050 828 2077 ad
844 2058 939 2078 eorum
951 2052 1059 2078 contui-

270 2103 327 2125 tum
344 2103 442 2132 stupor
459 2098 587 2131 increvit,
605 2097 764 2125 verentibus
781 2097 888 2132 utique.
904 2104 938 2124 ne
951 2103 1062 2125 contra-

270 2143 318 2170 ria:
331 2143 458 2171 venirent
474 2143 670 2170 adminiculum
688 2142 761 2171 ferre
777 2143 868 2177 parti,
885 2142 973 2170 donec
986 2151 1061 2170 eom-

270 2189 390 2225 periunt,
416 2189 443 2217 id
469 2188 528 2217 fore
545 2189 629 2216 etiam
655 2188 801 2216 visibiliter
826 2188 880 2216 sibi
907 2189 1059 2223 prmatitum

1107 1600 1120 1618 a
1131 1591 1220 1618 Μαίη]
1234 1591 1379 1618 commissa
1391 1590 1557 1618 Christianis
1568 1597 1650 1618 eruce
1662 1589 1899 1625 signatissuccur-

1107 1639 1175 1665 lisse
1192 1642 1348 1665 narrantur.

1141 1684 1187 1710 26.
1206 1683 1233 1709 ln
1249 1691 1330 1718 supra
1345 1682 1465 1715 laudata,
1483 1691 1543 1717 quae
1559 1682 1637 1709 Gesta
1656 1681 1704 1709 Dei
1721 1690 1767 1716 per
1779 1682 1897 1709 Francos

1111 1729 1292 1761 inscribitur,
1320 1731 1485 1763 scriptorum
1505 1729 1642 1755 variorum
1666 1728 1833 1756 Collectioue
1849 1737 1900 1755 au-

1107 1783 1167 1802 ctor
1179 1776 1311 1806 incertus.
1323 1774 1501 1806 Francorum,
1511 1774 1662 1802 Jerusalem
1671 1775 1898 1809 expugnantium,

1109 1826 1187 1857 gesta
1208 1822 1377 1853 describens,
1393 1822 1489 1854 relato,
1506 1821 1532 1848 in
1555 1830 1609 1856 quo
1626 1830 1640 1848 a
1658 1822 1823 1850 Christianis
1835 1830 1899 1849 cru-

1109 1876 1141 1895 ce
1155 1868 1269 1902 signatis
1284 1867 1407 1894 inlideles
1424 1876 1520 1902 magna
1538 1868 1615 1895 clade
1643 1873 1706 1902 post
1727 1873 1834 1901 captam
1852 1867 1901 1894 Ni-

1108 1922 1192 1941 caeam
1210 1915 1260 1941 l‘usi
1280 1915 1365 1945 luere,
1383 1915 1544 1945 certamine.
1562 1922 1625 1941 mox
1640 1915 1780 1950 subiungit
1795 1923 1802 1940 :
1821 1925 1830 1940 ς
1848 1915 1902 1941 Re-

1109 1961 1192 1988 latum
1209 1967 1252 1988 est
1266 1969 1331 1997 ergo
1347 1965 1441 1995 postea
1459 1969 1474 1989 a
1487 1961 1662 1996 quibusdam,
1674 1964 1738 1996 quia
1752 1963 1804 1988 duo
1821 1963 1903 1997 equi-

1112 2013 1164 2041 tes,
1183 2008 1210 2035 in
1227 2008 1297 2036 albis
1316 2009 1404 2035 \‘eSllli
1421 2029 1428 2040 ,
1451 2016 1534 2044 super
1559 2016 1644 2043 equos
1663 2009 1739 2036 albos
1754 2009 1880 2036 sedentes
1892 2030 1900 2042 ,

1110 2052 1221 2080 Tut‘COS
1257 2061 1305 2088 per
1335 2054 1457 2081 triduum
1490 2059 1729 2089 persequerentur.
1759 2055 1900 2086 dicentes,

1111 2108 1197 2126 unum
1213 2100 1297 2128 luisse
1312 2100 1458 2135 Georgium
1471 2120 1478 2132 ,
1495 2101 1610 2128 alterum
1626 2108 1689 2128 vero
1706 2101 1791 2129 fuisse
1806 2101 1903 2128 Deme-

1113 2147 1206 2178 trium,
1225 2151 1360 2182 martyres
1374 2147 1517 2182 gloriosos.
1540 2158 1550 2173 ι
1568 2149 1671 2176 Auctor
1686 2149 1795 2183 quidem
1808 2169 1817 2181 ,
1833 2149 1879 2183 qui
1893 2169 1901 2181 ,

1112 2194 1185 2227 quod
1198 2193 1288 2220 Verbis
1301 2194 1375 2220 hisce
1388 2194 1534 2224 astruitur.
1552 2195 1686 2228 perhibet,
1700 2195 1806 2229 sibique
1818 2194 1900 2222 etiam

270 2236 436 2270 adiutorium
448 2235 563 2263 Christi.
575 2235 698 2268 Quorum
710 2235 866 2270 specialiter
877 2234 960 2262 fuisse
972 2235 1052 2262 duces

1110 2239 1220 2267 Petrum
1239 2240 1385 2267 diaconum
1406 2240 1432 2267 in
1460 2240 1590 2267 ωινυηίσο
1613 2241 1777 2273 Cauinenai,
1800 2241 1846 2268 lib.
1864 2249 1903 2273 iv,

270 2283 375 2317 opinati
393 2287 456 2310 sunt
467 2283 603 2318 gloriosos
620 2286 678 2316 post
691 2281 815 2308 militiam
829 2287 962 2317 martyres
974 2280 1058 2308 Geor-

272 2328 357 2363 gium,
371 2328 538 2355 Mercurium
549 2333 632 2362 atque
644 2326 823 2354 Demetrium.
833 2326 896 2354 Haec
907 2334 921 2353 a
935 2330 1058 2354 nostrum

274 2374 403 2409 plurimis
420 2374 478 2401 visa
489 2393 498 2407 ,
514 2378 542 2401 et
559 2381 621 2401 cum
636 2373 708 2405 aliis,
724 2381 787 2408 quat
802 2373 935 2405 viderant,
951 2374 1061 2415 retulis-

270 2424 343 2452 sunt,
368 2421 461 2454 plena,
478 2424 509 2447 ut
532 2428 581 2455 par
606 2424 677 2453 erat,
694 2420 746 2447 lide
768 2424 833 2447 sunt
855 2420 970 2448 credita.
989 2420 1022 2447 Et
1037 2421 1060 2447 δὶ

271 2465 434 2493 Machabazis
449 2465 514 2493 olim
530 2474 579 2501 pro
593 2466 804 2494 circumcisione
815 2471 843 2493 et
855 2474 939 2494 carne
948 2467 1060 2501 p0rcina

273 2512 462 2546 pugnantibus
489 2511 602 2539 evidens
630 2513 792 2547 apparuisse
817 2512 917 2547 legitur
946 2513 1060 2540 cmleste

273 2558 445 2592 suﬂragium,
464 2564 568 2594 quanto
584 2559 701 2592 amplius
717 2558 760 2585 his
774 2558 879 2591 debuit,
898 2559 943 2593 qui
958 2567 1007 2593 pro
1023 2567 1064 2587 re-

276 2604 373 2638 purgio
400 2603 526 2630 ecclesiis
549 2603 705 2630 adhibendo
731 2607 757 2630 ct
781 2607 855 2630 statu
877 2603 937 2630 lidei
958 2611 1062 2639 propu—

272 2649 383 2683 gnaudo
397 2647 449 2675 {usi
466 2648 607 2682 sanguinis
623 2648 733 2676 Christo
747 2648 869 2676 detulere
884 2650 1036 2677 servitium.
1050 2660 1059 2676 ι

272 2694 327 2722 Nec
349 2695 374 2722 lii
392 2701 497 2722 tantum
513 2700 569 2723 tres
584 2696 735 2730 Scriptores
746 2715 753 2726 ,
773 2704 854 2730 supra
869 2696 986 2722 laudata:
999 2696 1060 2723 Cul-

273 2738 387 2767 lectioni
405 2741 514 2773 inserti,
530 2748 647 2775 quormn
668 2741 750 2767 verba
762 2741 819 2774 jam
834 2741 972 2774 dedimus,
985 2741 1063 2768 alba-

276 2791 366 2814 torum
392 2788 527 2820 militum,
545 2788 647 2822 quibus
664 2793 777 2814 sanctus
797 2788 948 2815 Demetrius
964 2788 1064 2822 aliique

274 2831 329 2860 duo
345 2834 432 2860 sancti
452 2835 546 2868 praeire
558 2835 659 2861 fuerint
671 2835 822 2869 conspecti,
838 2836 969 2862 visionem
984 2835 1065 2862 Clui—

273 2878 374 2919 stianis
384 2880 411 2907 in
422 2879 598 2908 celeberrima
608 2881 641 2908 ad
649 2881 822 2908 Antiochiam
832 2889 919 2916 pugna
932 2882 1062 2915 oblatam,

1111 2295 1171 2322 cap.
1192 2287 1235 2319 11.
1255 2287 1448 2323 sul'l‘ragentem
1465 2288 1564 2322 habet,
1582 2289 1700 2316 militum
1728 2290 1880 2317 albatorum
1894 2310 1902 2319 .

1110 2334 1169 2368 qui,
1198 2334 1301 2361 sanctis
1325 2333 1441 2368 Georgio
1459 2342 1490 2362 ac
1512 2335 1648 2362 Demetrio
1663 2336 1797 2367 ducibus,
1814 2337 1840 2362 in
1857 2345 1903 2362 su-

1111 2387 1159 2415 pra
1180 2379 1267 2406 relato
1283 2381 1316 2406 ad
1331 2380 1505 2408 Antiochiam
1523 2382 1616 2415 praelio
1637 2382 1802 2409 Christianis
1822 2391 1905 2410 cruce

1111 2424 1227 2458 signatis
1239 2427 1449 2457 succurrerint,
1469 2426 1599 2453 visionem
1622 2428 1775 2454 mirandam
1793 2429 1905 2455 silenta)

1112 2469 1236 2503 involvit,
1253 2470 1326 2504 quod
1341 2475 1367 2497 ct
1381 2470 1476 2498 Petrus
1492 2472 1625 2499 diaconus
1637 2474 1760 2506 proxime
1776 2475 1905 2501 laudatus

1112 2514 1195 2548 facit;
1213 2516 1278 2542 hinc
1294 2521 1385 2543 autem
1406 2518 1537 2544 visionem
1549 2538 1555 2548 .
1570 2527 1630 2550 qum
1650 2519 1676 2545 in
1692 2520 1784 2553 praelii;
1800 2521 1832 2546 ad
1851 2521 1907 2547 An-

1113 2561 1243 2587 t.ochiam
1264 2562 1369 2593 evenit,
1387 2570 1527 2597 perperam
1545 2565 1576 2590 ad
1593 2565 1715 2598 prmiium
1727 2585 1733 2597 ,
1753 2574 1904 2599 paurorum

1113 2606 1219 2633 dierum
1238 2607 1334 2635 itinere
1350 2617 1365 2635 a
1386 2608 1474 2636 Nicaea
1493 2615 1571 2636 antea
1587 2613 1776 2643 i-mninissnm,
1796 2620 1810 2638 a
1829 2613 1907 2639 duci-

1114 2653 1166 2680 bus
1182 2654 1236 2681 illis
1253 2656 1436 2690 Scripturihus
1454 2657 1547 2683 rel'erri
1564 2679 1570 2688 ,
1586 2666 1639 2685 non
1658 2666 1737 2684 nemo
1753 2660 1821 2685 l'urte
1837 2667 1905 2685 cou-

1115 2701 1214 2728 lcndcl.
1235 2699 1335 2728 Verum
1352 2703 1402 2728 etsi
1420 2703 1502 2729 etiam
1519 2705 1558 2729 vel
1582 2713 1613 2730 ex
1638 2712 1670 2730 cu
1687 2706 1813 2735 maxime,
1834 2706 1905 2740 quod

1115 2745 1180 2772 nulli
1200 2754 1314 2780 prorsus
1330 2749 1478 2782 scriptores
1496 2750 1539 2776 alii
1556 2750 1681 2782 \isiouis,
1701 2759 1761 2785 quae
1775 2753 1801 2776 in
1818 2760 1905 2785 ιιιιειικ

1117 2791 1238 2823 proxime
1255 2798 1317 2826 post
1342 2799 1448 2827 captant
1469 2794 1585 2821 Nicaeam
1610 2796 1776 2822 Christianis
1804 2802 1907 2830 pariter

1117 2836 1199 2862 fuerit
1214 2838 1321 2869 oblata.
1344 2841 1510 2867 mentionem
1532 2841 1646 2872 faciant.
1664 2848 1828 2876 Scriptor-.2.»
1847 2845 1907 2869 tau-

1118 2881 1245 2909 datorum
1261 2891 1339 2911 error
1359 2884 1516 2920 huiusmodi
1533 2894 1586 2914 non
1604 2887 1740 2914 immerito
1758 2894 1840 2921 queat
1855 2897 1908 2915 ve-
