2038 3151
171 177 239 209 1413

685 176 716 207 S.
739 175 928 206 DEMETRH
949 171 1145 206 MARTYRIS
1165 176 1271 208 ACTA.

1719 179 1788 211 ιιιι

156 243 289 271 rosimilis
307 243 404 275 videri,
418 243 475 270 fieri
494 247 584 270 tamen
603 246 692 277 potest
705 262 711 274 ,
730 246 758 268 ut
775 241 939 269 Christianis
954 248 979 274 ,ι
996 250 1111 277 gnoseas
1129 244 1271 278 proﬁteri,
1294 244 1402 280 inquire
1417 250 1444 273 et
1465 247 1555 278 hodie.
1572 252 1600 275 et
1624 255 1696 281 cras.
1715 254 1744 277 et
1759 251 1788 278 in

153 290 275 317 visiones
293 290 352 317 dua:
369 290 471 317 similes
491 289 606 316 diversae
619 308 625 319 .
649 289 733 315 altera
749 289 776 315 in
794 289 888 323 pra-lio
912 290 944 315 ad

153 335 353 366 Antiochiam,
380 335 466 362 altera
492 335 519 362 in
548 334 641 369 praelia
670 335 819 366 anteriori,
845 335 946 362 ftterint

152 382 263 413 oblata,
280 389 397 415 qtrartrm
419 381 536 415 priorem
555 380 677 415 quidem,
704 381 777 415 quod
795 388 855 407 eam
881 388 942 414 pcr—

152 431 274 460 spectaur
293 427 364 453 hatrd
386 426 542 458 habuerint,
559 426 653 453 ultimo
668 434 682 454 a
703 426 782 454 nobis
799 426 943 453 memorati

153 474 208 499 duo
225 476 353 499 auctores
368 479 421 499 non
437 472 586 502 narrarint,
604 472 783 506 posteriorem
798 480 863 499 vero
877 474 942 500 scri-

152 523 247 552 ptores
269 517 328 548 alii,
355 517 428 551 quod
454 525 527 549 eam,
548 522 644 552 utpote
660 526 742 552 quam
770 518 849 552 pauci
873 518 942 545 dun.

150 567 240 594 taxat,
253 558 293 589 ἰιῑί
319 570 351 589 ex
378 562 445 597 ipsis
464 563 586 597 proxime
609 564 681 590 datis
707 563 799 590 verbis
825 563 942 596 videtur,

150 612 342 641 spectassem,
371 615 420 642 pro
448 608 539 636 minus
560 614 636 636 Certa
661 609 802 642 haberent,
830 609 940 637 silentio

150 655 350 689 praeterierint.

185 723 231 750 27.
249 721 334 750 Porro
348 727 505 751 sanctorum
519 722 640 758 Georgii,
660 722 786 750 Demetrii
818 727 845 750 et
863 722 938 750 Mau-

149 770 217 802 ritii,
242 770 288 804 qui
313 769 476 801 Christianis
494 777 575 797 cruce
589 770 704 805 signatis
719 769 859 804 suppetias
883 769 937 796 fer-

146 819 221 848 rent,
235 815 367 843 visionem
383 816 499 843 subinde
509 816 632 850 ipsismet
643 814 751 847 Turcis,
763 815 827 841 dum
841 815 938 842 urbem

146 862 350 890 Antiochenam
380 869 453 888 anno
480 862 550 889 i098
580 861 743 888 obsiderent
769 861 937 894 Christiani,

145 907 266 934 oblatam
286 906 381 937 fuisse,
397 906 498 933 dixisse
513 908 595 934 etiam
614 911 744 934 narratur
759 907 869 941 quidam
889 914 935 934 eo-

146 953 273 980 rumdem
287 951 441 980 Turcorum
454 953 520 985 dux,
535 953 644 980 nomine
658 952 787 988 Pyrrhus.
804 952 862 985 llic,
874 953 937 979 dum

148 1002 272 1032 tempore
289 997 413 1025 brevium
431 998 615 1030 iuduciarum,
634 1007 694 1034 quae
707 1019 716 1031 ,
735 999 851 1026 durante
866 999 941 1026 οιιδίτ

147 1042 243 1075 dioue,
258 1048 343 1077 pactae
368 1047 458 1076 erant,
475 1051 535 1070 eum
553 1045 676 1079 principe
698 1044 847 1071 Tarentino
866 1043 936 1071 Boa-

147 1087 260 1120 nirrndo,
275 1088 318 1115 cui
337 1093 448 1123 postea,
466 1090 572 1118 traditis
587 1090 610 1116 ei
622 1110 629 1122 ,
647 1098 715 1125 quas
729 1090 859 1117 custodia:
881 1096 937 1116 suae

145 1134 352 1161 commendatas
368 1134 500 1167 habebat,
517 1136 648 1168 turribus,
664 1135 835 1163 Antiochiam
850 1135 940 1170 prodi-

144 1177 184 1206 dit
197 1198 204 1211 ,
222 1179 391 1206 familiariter
409 1179 526 1207 subinde
549 1181 766 1215 colloqueretur,
795 1180 866 1206 inter
884 1187 936 1206 (δεε-

143 1227 215 1255 tera,
232 1225 461 1258 Quemadmodum
480 1233 562 1260 supra
585 1226 714 1252 laudatus
728 1225 864 1252 Robertus
880 1233 938 1252 mo-

142 1270 251 1297 nachus
270 1269 397 1297 lliuorire
413 1269 676 1305 llierosolymimnw,
694 1271 740 1298 lib.
755 1279 781 1304 v,
798 1271 936 1298 memoria:

141 1315 252 1351 prodit,
281 1325 290 1342 ι
309 1317 426 1350 quodam
451 1316 496 1344 die
518 1317 660 1352 requisivit
686 1318 720 1344 ab
745 1325 787 1350 eo,
822 1318 933 1344 ubinam

148 1367 242 1390 castra
259 1363 381 1396 posuerit
400 1363 445 1390 ille
461 1363 671 1390 candidatorum
690 1363 825 1391 exercitus
852 1363 932 1390 innu-

143 1409 297 1441 merabilis,
322 1417 442 1444 quorum
458 1410 563 1438 auxilio
582 1411 609 1438 in
633 1411 762 1438 omnibus
780 1411 858 1439 bellis
873 1411 933 1438 ful-

141 1455 290 1482 ciebautur
303 1454 465 1484 Christiani.
484 1457 596 1484 Dicebat
610 1457 696 1490 enim,
707 1457 771 1492 quia
787 1457 932 1484 adventum

141 1500 253 1528 illorum
281 1509 421 1536 nunquam
448 1507 576 1537 poterant
602 1503 739 1530 sustinere
766 1501 860 1533 Turci,
886 1502 932 1529 sed

141 1548 235 1575 statim
262 1553 291 1575 ιιι
309 1549 438 1576 videbant
459 1549 532 1580 illos,
562 1549 729 1583 incipiebant
755 1556 853 1582 pavere
871 1557 877 1575 :
895 1548 932 1574 illi

140 1599 210 1619 vero
225 1593 299 1625 ipsos
315 1597 345 1619 ut
360 1597 461 1620 ventus
478 1593 596 1620 tur-binis
612 1593 804 1628 opprimebant
817 1612 825 1624 ,
843 1597 870 1619 et
887 1593 931 1619 isti
946 1594 970 1625 ο
987 1610 992 1635 i

139 1636 370 1669 vulnerabantur;
387 1638 424 1664 illi
444 1638 608 1670 obruebant,
625 1643 650 1665 et
667 1638 710 1665 isti
724 1638 929 1666 occidebantur.

143 1683 192 1711 'Jui
221 1682 397 1710 Boamundus
421 1683 459 1719 ait
485 1690 492 1708 :
519 1682 640 1710 Putasne
665 1684 749 1710 alium
776 1684 928 1711 exercitum

139 1736 214 1760 esse.
234 1736 315 1763 quam
334 1729 416 1761 bunc,
435 1737 517 1764 quem
536 1729 623 1761 vides,
641 1730 786 1756 nostrum?
803 1730 851 1756 Cui
868 1729 928 1756 ille:

139 1775 194 1801 Per
209 1773 381 1802 Marlromum
397 1783 487 1816 meum
501 1781 694 1810 praeceptorem
709 1774 782 1809 juro,
799 1775 928 1810 quoniam

139 1823 164 1848 si
185 1821 228 1848 hic
241 1821 380 1854 adessent,
395 1825 451 1849 tota
466 1822 522 1849 bzec
535 1822 661 1856 planities
673 1830 720 1850 eos
731 1830 784 1849 non
799 1827 908 1857 caperet
922 1831 928 1848 2

139 1873 238 1892 omnes
253 1866 355 1892 habent
372 1874 457 1900 equos
473 1866 551 1894 albos
569 1868 644 1894 mira:
662 1868 828 1900 celeritatis,
844 1873 869 1894 et
886 1876 929 1894 ve~

139 1911 269 1937 srirnenta
287 1915 313 1937 et
332 1915 410 1938 scuta
426 1915 453 1938 et
468 1911 567 1938 vexilla
585 1912 708 1946 ejusdem
725 1913 836 1940 coloris.
854 1912 907 1939 Sed
920 1933 928 1944 ,

138 1963 188 1991 per
204 1955 295 1989 fidem,
315 1963 397 1990 quam
408 1956 493 1984 babes
506 1956 533 1983 in
548 1955 652 1989 Jesum,
666 1957 712 1984 ubi
729 1963 819 1984 castra
834 1965 926 1984 corunr

138 2001 228 2028 locata
246 2001 330 2028 sunt?

177 2068 222 2095 528.
243 2077 253 2094 ι
271 2067 450 2095 Boamundus
469 2067 560 2101 itaque
580 2067 679 2103 spiritu
703 2068 751 2096 Dei
775 2069 931 2098 illustratus

137 2115 215 2142 illico
239 2113 337 2144 sensit,
362 2113 446 2144 hanc,
471 2120 554 2148 quam
577 2113 692 2145 viderat,
718 2112 765 2141 Dei
794 2113 927 2141 visionem

136 2167 217 2192 esse;
231 2166 281 2187 nec
289 2159 361 2194 quod
373 2159 513 2194 quaerebat
526 2166 558 2186 ex
574 2159 734 2191 tenlalione,
751 2159 798 2186 sed
810 2167 843 2186 ex
855 2160 926 2188 bona

138 2207 281 2234 voluntate
304 2205 464 2240 procedere,
489 2209 517 2233 et
534 2205 703 2240 respondens
719 2205 807 2239 inquit
824 2213 831 2232 :
851 2205 927 2234 Licet

136 2253 177 2280 sis
194 2255 342 2279 extraneas
356 2258 371 2278 a
388 2251 446 2285 lege
475 2254 583 2283 nostra,
609 2250 674 2284 quia
699 2255 725 2278 te
752 2250 833 2278 video
856 2252 926 2278 bona
944 2267 968 2297 υ

136 2306 202 2334 erga
217 2305 267 2324 nos
280 2297 420 2324 voluntate
437 2297 565 2332 bonoque
579 2297 677 2331 spiritu
689 2298 850 2330 aninraturn,
864 2305 929 2332 ape-

137 2343 207 2370 riam
231 2341 279 2369 tibi
306 2341 416 2376 aliquod
443 2341 506 2369 Ildei
531 2347 634 2369 nostra:
655 2346 870 2368 sacramentum.
898 2341 928 2369 Si

139 2393 245 2416 tantum
264 2387 392 2422 profundi
409 2387 566 2424 intellectus
582 2388 710 2419 haberes,
724 2387 828 2422 gratias
844 2388 929 2415 Crea-

139 2434 195 2462 tori
229 2434 354 2462 umuium
381 2433 485 2461 referre
513 2433 640 2466 deberes,
664 2433 713 2468 qui
739 2433 784 2459 tibi
810 2432 931 2461 ostendit

137 2479 289 2508 exercitum
301 2479 477 2506 candidatum
495 2487 502 2505 :
517 2484 544 2506 et
556 2479 640 2510 scias,
655 2480 719 2514 quia
733 2479 759 2506 in
773 2479 857 2506 terris
872 2487 927 2506 non

138 2529 354 2558 conversantur,
374 2525 421 2552 sed
441 2525 469 2551 in
488 2525 615 2559 supernis
637 2525 829 2553 mansionibus
851 2525 926 2560 regni

137 2573 283 2599 caelorum.
300 2571 333 2597 ili
349 2575 423 2600 sunt.
437 2570 483 2605 qui
507 2577 557 2605 pro
580 2570 631 2597 fide
645 2569 745 2598 Christi
766 2572 927 2607 martyrium

138 2619 337 2648 sustinuerunt,
357 2621 383 2644 ct
408 2617 434 2644 in
460 2617 536 2644 omni
561 2621 633 2643 terra
658 2622 752 2644 contra
771 2617 927 2644 incredulos

138 2666 346 2692 dimicaverunt.
358 2663 461 2690 liorurn
474 2663 601 2698 prarciptti
615 2668 678 2689 sunt
688 2663 823 2698 signiferi.
838 2663 924 2690 Geor-

139 2711 210 2745 gius,
224 2710 389 2742 Demetrius,
402 2709 547 2736 Mauritius
561 2718 568 2736 :
583 2709 628 2743 qui
645 2709 671 2735 in
687 2709 739 2736 hac
752 2709 859 2736 mortali
874 2710 926 2736 vita

140 2756 268 2783 militaria
282 2763 358 2783 arma
373 2760 553 2791 gestaverunt
565 2775 572 2787 ,
590 2760 619 2781 et
636 2762 684 2789 pro
698 2754 854 2781 Christiana
875 2755 927 2782 fide

117 2800 119 2803 ’
139 2804 229 2838 capite
245 2804 315 2839 plexi
328 2809 402 2830 sunt.
417 2801 449 2828 lli
465 2802 574 2836 quoties
588 2801 664 2827 nobis
679 2801 799 2834 expedit,
810 2800 925 2834 jnbcnte

140 2848 255 2877 Domino
275 2849 339 2876 .lesu
357 2848 477 2879 Christo,
498 2847 578 2874 nobis
596 2846 781 2881 suffragantur
795 2866 802 2877 ,
828 2852 855 2873 et
879 2855 926 2882 per

141 2895 190 2924 hos
203 2895 305 2924 inimici
317 2895 403 2925 nostri
414 2894 629 2928 praecipitantur.
643 2892 676 2920 Et
687 2897 713 2919 nt
724 2900 766 2920 me
776 2901 866 2919 rcrunr
879 2901 922 2920 eo-

997 288 1042 315 die
1060 290 1156 321 altera,
1169 298 1203 316 an
1216 290 1243 317 in
1257 295 1311 317 tota
1328 291 1437 326 regione
1451 292 1501 319 hac
1513 300 1607 320 eorum
1621 301 1710 323 castra
1727 304 1791 331 pos-

1001 335 1054 361 sint
1078 335 1194 362 inveniri
1223 344 1230 363 :
1256 337 1329 371 quod
1347 337 1368 364 si
1398 338 1582 371 inveniantur,
1601 341 1738 375 redarguti
1761 344 1789 370 in

1000 385 1146 414 Conspectu
1165 385 1211 409 tuo
1228 388 1243 408 a
1269 383 1425 415 mendacio,
1442 384 1649 413 erubescernus.
1670 386 1702 413 Et
1725 396 1788 415 cum

998 425 1025 452 in
1043 430 1098 452 tota
1123 427 1234 460 regione
1260 429 1417 462 nequiveris
1432 429 1492 457 illos
1510 430 1650 463 invenire.
1667 433 1690 460 si
1706 435 1787 461 nobis

998 478 1111 498 necesse
1127 472 1191 504 erit,
1216 473 1243 499 in
1268 474 1419 501 crastinum
1447 475 1553 502 videbis
1581 476 1688 504 adesse.
1712 477 1789 506 Unde

997 516 1083 549 igitur
1098 521 1152 544 tam
1171 518 1227 545 cito
1243 520 1368 552 veniunt,
1386 521 1437 547 nisi
1454 528 1468 546 a
1484 522 1609 555 superuis
1621 523 1744 555 sedibus,
1762 525 1787 551 iu

995 563 1095 597 quibus
1113 565 1279 590 morantur?
1294 565 1344 591 Cui
1363 566 1501 600 respondit
1516 566 1636 601 Pyrrhus
1653 568 1703 598 (sic
1715 569 1787 595 erriru

995 614 1054 636 erat
1068 616 1167 637 nomen
1183 609 1272 644 ejus):
1287 609 1319 636 Et
1335 611 1356 637 si
1371 611 1404 637 dc
1416 612 1486 638 coelo
1498 612 1620 644 i'eniuul,
1632 614 1675 640 rrbi
1692 619 1731 641 tot
1748 615 1788 640 al-

995 655 1043 681 bos
1056 663 1153 689 equos,
1166 660 1206 682 tot
1217 660 1306 689 scuta,
1320 661 1359 684 tot
1369 657 1466 684 vexilla
1482 659 1641 686 inveniunt?
1655 661 1705 687 Cui
1719 660 1787 686 Bon-

996 699 1115 726 mundus
1132 708 1138 725 :
1158 699 1198 726 Tu
1215 708 1313 735 magna
1333 707 1359 728 et
1380 709 1464 736 super
1488 711 1597 730 sensum
1625 713 1714 731 meum
1743 713 1786 731 rc-

993 745 1098 777 qrriris;
1115 751 1268 780 propterea,
1287 747 1310 774 si
1329 748 1380 778 vis,
1395 749 1507 775 accedat
1523 756 1598 775 nlt'llS
1619 752 1785 784 capelluuus.

993 789 1038 822 qui
1052 790 1100 816 tibi
1114 798 1195 824 super
1211 791 1253 817 his
1266 793 1449 825 respondebit.
1475 794 1514 819 Ad
1528 794 1584 820 ha-e
1605 796 1784 828 capellanus:

992 834 1059 860 Cum
1077 835 1254 868 omnipotens
1272 836 1389 863 Creator
1405 839 1518 872 angi-los
1539 848 1603 866 suos
1621 841 1678 867 sive
1694 841 1786 874 justo-

995 887 1055 905 rurn
1073 880 1185 913 spiritus
1200 881 1308 906 mittere
1324 882 1445 915 disponit
1462 885 1487 909 in
1504 889 1614 915 terram,
1631 891 1694 911 tunc
1709 895 1785 913 :rssu-

956 930 976 956 Β
990 930 1069 951 ιιιιιιιι
1087 924 1140 952 sibi
1163 932 1243 952 aerea
1262 933 1387 960 corpora,
1413 932 1442 953 ut
1459 936 1505 962 per
1521 937 1550 954 ea
1571 931 1649 957 nobis
1674 932 1783 959 innote-

991 976 1079 998 scaut.
1096 971 1158 998 Ideo
1172 977 1263 998 autem
1282 980 1355 998 nunc
1372 975 1468 1000 armati
1489 981 1638 1008 apparent,
1664 981 1692 1003 ut
1710 977 1784 1005 indi-

991 1020 1065 1047 cent,
1082 1017 1155 1051 quod
1174 1017 1199 1043 in
1218 1017 1288 1043 bello
1305 1017 1468 1045 laboratrrris
1488 1021 1590 1046 auxrlio
1607 1023 1728 1050 veniunt.

1029 1061 1073 1088 29.
1091 1061 1126 1088 At.
1143 1070 1218 1093 vero,
1246 1063 1351 1096 inquiet
1379 1071 1525 1096 nonnemo,
1551 1066 1675 1098 visionis,
1701 1075 1782 1101 quam

990 1107 1115 1140 ipsismut
1142 1107 1239 1135 Turcis
1266 1109 1385 1135 oblatam
1410 1109 1513 1141 fuisse,
1540 1112 1656 1138 relaturo
1686 1114 1779 1141 verba

991 1153 1076 1185 hisce,
1089 1153 1161 1188 quod
1177 1154 1365 1181 Boamundurn
1384 1156 1455 1182 inter
1467 1160 1494 1182 et
1507 1155 1642 1194 Pyrrhum
1659 1159 1780 1186 habitum

991 1199 1084 1230 fuerit.
1103 1199 1271 1234 colloquium
1296 1201 1392 1234 exigit,
1419 1202 1494 1230 solus
1513 1205 1635 1230 meminit
1653 1205 1779 1233 laudatus

989 1244 1124 1272 llobertus
1140 1247 1303 1280 monachus,
1322 1248 1482 1283 nrrllnmque
1497 1250 1540 1276 hic
1553 1250 1674 1282 orrnriuo,
1690 1260 1734 1285 qur
1748 1253 1781 1279 de

987 1292 1074 1319 sacris
1085 1292 1305 1320 Christianorum
1324 1294 1351 1320 in
1370 1294 1543 1322 Palu-stiriam
1556 1297 1781 1331 expeditionibus

986 1338 1123 1368 tractat-it.
1150 1338 1315 1372 scriptorem
1334 1339 1417 1366 alirrrn
1444 1341 1496 1367 sibi
1515 1346 1654 1376 utcunque
1679 1343 1781 1369 suifra-

985 1387 1092 1418 gantem
1110 1383 1202 1410 habet.
1219 1383 1329 1418 Fateor,
1351 1386 1392 1412 sic
1421 1387 1520 1420 liabct;
1547 1388 1602 1413 imo
1628 1396 1692 1415 vero
1718 1397 1779 1416 cum

985 1436 1137 1462 sermones,
1152 1437 1220 1463 quos
1238 1431 1308 1467 idem
1326 1431 1447 1465 scriptor
1464 1431 1623 1459 Boarnurnlo
1637 1439 1663 1460 ct
1675 1433 1780 1469 Pyrrho

986 1475 1123 1506 attribuit,
1134 1475 1189 1502 sitit
1205 1476 1373 1511 ltujusmodi,
1393 1483 1419 1504 ιιι
1435 1478 1506 1505 ultro
1518 1479 1644 1514 citroque
1659 1480 1692 1507 ab
1705 1480 1780 1508 hisce

987 1520 1092 1546 habitos
1108 1520 1168 1546 illos
1185 1529 1282 1547 omnes
1296 1521 1395 1554 fuisse,
1412 1524 1493 1550 etiam
1509 1525 1548 1550 vel
1569 1525 1680 1558 idcirco,
1702 1527 1775 1560 quod

986 1564 1119 1598 Pyrrhum
1135 1566 1217 1591 veluti
1233 1567 1428 1600 mysteriorum
1440 1568 1501 1594 ﬁdei
1516 1569 1678 1596 Christiana:
1695 1571 1777 1604 plane

997 1617 1110 1643 gnarum
1126 1616 1331 1644 repraesentem,
1348 1612 1445 1647 bicque
1459 1617 1549 1640 tanien
1564 1615 1628 1640 olim
1642 1615 1776 1642 Christia-

988 1663 1037 1682 nus
1057 1655 1170 1687 fuisset,
1192 1663 1286 1690 parum
1303 1658 1459 1685 verosimile
1485 1664 1636 1692 appareat,
1654 1668 1704 1687 nec
1727 1669 1778 1694 ego

986 1699 1136 1732 visionem,
1163 1708 1244 1734 quam
1266 1701 1387 1736 Pyrrhus
1407 1702 1432 1728 iu
1456 1703 1593 1737 colloqtrio
1619 1712 1680 1730 cum
1710 1704 1763 1731 Boa

988 1745 1088 1772 rnrrndo
1104 1746 1198 1773 habito
1215 1747 1288 1781 apud
1305 1746 1455 1774 Ruhertum
1473 1749 1639 1775 monachum
1653 1757 1774 1777 eorume-

987 1797 1086 1824 rnorat,
1108 1799 1184 1820 certo
1202 1793 1336 1821 habuisse
1365 1794 1470 1826 locum,
1493 1802 1651 1822 asseverare
1667 1797 1775 1828 ausim;

986 1845 1080 1865 verum
1097 1839 1231 1873 quidquid
1247 1839 1284 1866 sit
1301 1847 1348 1867 seu
1364 1841 1396 1868 de
1412 1840 1517 1868 visione
1534 1841 1584 1868 ista
1602 1849 1649 1869 seu
1664 1842 1696 1868 de
1714 1843 1776 1869 aliis

984 1891 1068 1917 supra
1088 1891 1102 1911 e
1120 1885 1204 1912 variis
1219 1885 1404 1920 scriptoribus
1421 1886 1523 1918 relatis,
1545 1894 1614 1920 quas
1627 1888 1709 1913 etiam
1725 1887 1775 1914 de-

984 1935 1069 1963 cepta:
1089 1930 1114 1956 iu
1132 1930 1186 1957 illis
1204 1930 1281 1964 ipsis,
1297 1931 1343 1965 qui
1362 1938 1409 1958 eas
1427 1931 1601 1959 sibi,oblaras
1616 1932 1708 1962 fuisse
1733 1933 1775 1959 di-

983 1983 1058 2006 xere,
1087 1976 1276 2009 imaginatioui
1305 1984 1444 2003 nonnemo
1475 1977 1600 2004 fortassis
1634 1979 1773 2011 (rectene,

984 2028 1018 2048 an
1039 2028 1128 2053 set-us,
1151 2028 1203 2048 non
1228 2021 1340 2056 definio)
1358 2022 1538 2056 ascripserit,
1560 2030 1574 2049 a
1592 2024 1681 2050 tribus
1698 2025 1775 2059 equi-

983 2067 1043 2093 drm
1061 2067 1086 2092 iu
1104 2066 1253 2093 Boaurundi
1277 2072 1303 2094 et
1324 2066 1421 2102 Pyrrhi
1444 2068 1582 2103 colloquio
1608 2071 1772 2098 memoratis

982 2111 1087 2138 sanctis
1107 2118 1139 2138 ac
1162 2111 1325 2138 nominatim
1349 2119 1364 2138 a
1386 2117 1482 2140 sancto
1503 2112 1642 2140 Deuretrio
1656 2133 1663 2146 ,
1690 2115 1772 2142 Chri-

982 2155 1081 2184 stianis
1096 2163 1178 2183 cruce
1192 2157 1308 2192 signatis
1323 2164 1379 2184 non
1395 2161 1500 2184 tantum
1512 2158 1540 2185 in
1558 2166 1647 2194 pugna
1666 2160 1698 2187 ad
1716 2161 1773 2187 An-

957 2221 961 2226 .
983 2202 1111 2230 tiocbiam
1130 2204 1289 2232 commissa.
1306 2212 1403 2231 verum
1416 2204 1498 2231 etiam
1516 2205 1544 2232 in
1561 2206 1647 2234 sacris
1660 2207 1772 2242 expetii-

983 2248 1103 2277 tionibus
1119 2249 1187 2277 alias
1210 2258 1243 2277 ac
1260 2250 1423 2278 nominatim
1442 2250 1469 2276 in
1493 2250 1673 2285 gravissimo,
1698 2253 1771 2286 quod

981 2302 1130 2329 paucorum
1146 2295 1254 2323 dierum
1280 2295 1380 2323 itinere
1398 2303 1412 2322 a
1435 2295 1526 2322 Nicaea
1544 2297 1655 2329 evenit,
1678 2297 1771 2331 [mulio

986 2341 1072 2368 fuisse
1084 2349 1258 2374 succursum,
1271 2341 1335 2368 ntihi
1352 2345 1394 2369 sat
1408 2341 1563 2369 verosirnile
1580 2348 1703 2376 apparet,
1720 2342 1770 2370 etsi

979 2385 1088 2413 interim
1118 2394 1168 2414 nec
1183 2386 1209 2414 id
1229 2395 1343 2422 prorsus
1360 2391 1465 2415 certum
1485 2395 1646 2415 asseverare
1668 2389 1770 2416 ausim.

978 2430 1017 2460 Ea
1034 2432 1111 2460 sedet
1125 2433 1275 2467 sententia,
1296 2434 1385 2468 primo
1402 2433 1532 2468 quidem,
1550 2434 1624 2468 quod
1645 2440 1769 2462 sanctum

977 2482 1104 2506 nostrum
1119 2478 1265 2513 dictosque
1276 2479 1355 2506 binos
1369 2479 1440 2506 alios
1456 2483 1566 2506 sanctos
1579 2487 1592 2505 a
1605 2479 1770 2506 Christianis

978 2529 1034 2553 tum
1046 2525 1206 2560 frequenter
1222 2525 1362 2552 invocatos
1373 2525 1459 2552 fuisse
1474 2529 1616 2559 appareat,
1631 2526 1767 2552 directas-

978 2579 1031 2606 que
1046 2571 1085 2598 illi
1103 2571 1137 2597 ad
1155 2578 1184 2598 se
1201 2577 1297 2605 preces
1314 2571 1405 2597 irritas
1418 2579 1476 2598 esse
1493 2570 1766 2598 verosinrilitorhaud

978 2617 1108 2649 siverint;
1124 2615 1222 2643 deinde
1238 2623 1313 2645 vero,
1325 2616 1408 2650 quod,
1424 2625 1485 2642 eum
1498 2615 1686 2648 Boamundus,
1700 2618 1763 2642 rluor

978 2663 1011 2690 ad
1029 2663 1139 2690 relatam
1155 2670 1168 2688 τι
1188 2660 1294 2697 Pyrrho
1313 2661 1447 2688 visionem
1467 2662 1620 2696 respondit,
1637 2662 1662 2688 iri
1679 2663 1765 2687 botto-

981 2716 1041 2736 rrrrn
1058 2708 1187 2743 periculis
1202 2714 1217 2734 a
1231 2707 1334 2734 sanctis
1350 2706 1479 2740 Georgio,
1494 2707 1634 2733 Durtretrio
1650 2713 1677 2734 et
1691 2707 1765 2733 Mm-

977 2756 1039 2782 ritio
1068 2754 1120 2789 (adi
1153 2761 1227 2781 uuui.
1258 2752 1382 2788 proxime
1411 2753 1604 2788 praegressum)
1636 2754 1764 2779 succurri

977 2799 1144 2828 Christianis
1169 2798 1329 2829 asserncrit,
1348 2805 1377 2824 ea
1396 2797 1423 2823 iu
1441 2797 1569 2830 opinione
1584 2796 1666 2824 hosce
1683 2798 1763 2823 etiam

979 2846 1081 2881 passim
1100 2851 1165 2872 tunc
1181 2844 1277 2875 fuisse,
1298 2847 1461 2877 argrrmrnto
1478 2841 1502 2868 id
1524 2842 1570 2874 sit,
1582 2844 1765 2876 experientia—

979 2901 1032 2930 que
1055 2894 1189 2921 habeatur
1211 2895 1394 2926 compertum,
1412 2889 1483 2916 haud
1505 2897 1567 2917 raro
1592 2892 1712 2923 evenire,
1735 2892 1766 2916 ut
