2038 3151
255 149 324 182 ιμδ

907 143 1227 174 SUl’l’LEiiENTUM.

1820 140 1890 173 “£6

253 210 300 241 id,
326 209 398 242 qttod
424 207 552 234 οιιηιὶὶιιιδ
577 205 678 240 passim
697 203 816 236 \idctur,
841 203 948 230 veritati
974 210 1042 229 con-
1059 205 1079 233 Α
1097 201 1258 229 duodecimo
1286 199 1456 234 inperatori,
1484 206 1499 225 a
1518 199 1618 226 Sancto
1641 203 1738 226 nostro
1764 197 1792 226 in
1818 199 1892 227 bello

251 260 340 288 grttat.

287 301 331 327 5t).
351 298 497 333 Utcunque
519 297 629 324 interim
655 297 706 323 ista
727 295 819 322 omnia
835 315 841 325 ,
861 302 919 328 qum
946 293 1043 320 lectori

251 346 399 381 judicanda
418 344 589 378 ulteriusque
615 342 792 377 expendenda
819 341 955 375 relinquo,
980 347 1040 366 sese.

253 394 390 424 habeant,
411 398 502 418 terum
522 390 566 416 hic
585 390 791 416 tractandazum
820 387 919 414 Serietn
949 394 1046 421 prostes

253 446 334 473 quor,
363 443 391 464 et
419 442 444 463 ut
461 457 468 468 ,
485 444 540 470 qtto
553 443 667 470 quaeque
683 434 836 464 evenerint,
855 433 987 466 temporis
1003 439 1047 457 or-

253 486 345 522 tlutem
359 493 387 511 se.
400 485 435 518 lui
455 491 470 518 p
482 491 576 517 rgum,
592 482 625 508 ad
644 480 848 507 Emmanuelem
863 480 1044 509 Comnenum,

253 531 299 562 qui
323 530 357 556 ab
384 537 456 555 anno
472 529 539 554 H43
562 527 596 554 ad
620 534 724 553 attuum
742 533 826 559 ttsque
847 524 915 550 “80
931 523 1045 558 imperio

255 569 388 604 Orientali
406 575 524 610 pra-fuit,
540 573 595 608 jam
611 573 702 599 venio.
718 571 777 603 llic,
793 572 816 598 si
832 570 951 598 Joannes
967 570 1047 596 Stans

254 625 354 656 racius,
374 630 459 656 supra
481 630 494 647 a
513 620 593 647 nobis
608 619 761 653 stupissime
783 618 840 652 jam
865 617 1002 649 laudatus,
1019 618 1046 643 in

254 671 350 696 codice
365 672 462 696 nostro
477 668 496 702 ’ξ-
514 675 565 693 nts.
584 666 635 694 195
653 666 700 692 fol.
721 672 794 691 vers.
808 665 843 692 92
859 669 887 691 et
905 664 1048 698 sequenti-

255 717 306 744 bus
318 724 379 743 vera
398 718 543 746 memoret,
560 712 768 748 imperatoriam
785 711 849 743 sibi,
861 719 914 745 qua
930 711 955 736 iu
974 709 1051 736 festis

255 761 480 790 solemnioribtts,
501 765 632 793 tuaeque,
650 765 712 784 cum
727 756 880 791 principum
899 760 1047 782 extraneo-

257 816 316 833 rum
335 807 486 841 legatiOnes
502 804 669 839 excipienda:
684 803 784 834 forent,
802 806 936 832 uteretur,
951 799 1049 827 contiei

258 849 360 880 lccctat
374 860 389 879 e
404 859 524 886 purpura
536 855 649 881 vestem,
662 847 875 884 pretiosissimis
893 845 1050 880 margaritis

257 901 430 928 distinctam.
446 897 564 929 Acctdit,
588 901 628 928 ut.
645 904 707 923 cum
726 895 812 930 pridie
826 893 1049 920 Resurrectionis

257 946 407 973 hominum
421 953 451 971 ex
469 944 644 978 imperatoris
657 943 798 973 thesauro,
809 949 864 975 quo
877 941 920 968 hic
935 939 1050 966 soletuui

259 993 306 1020 illo
328 993 396 1020 festo
412 1000 442 1019 ea
465 990 637 1023 iudaeretur,
659 989 756 1016 fuisset
772 993 906 1019 extracta,
921 995 935 1013 a
954 990 1049 1012 sancto

258 1039 397 1066 Demetrio
413 1043 496 1065 noctu
514 1042 653 1071 sitrrcpta,
675 1042 809 1069 sacroque
825 1034 886 1068 ejus
896 1033 1052 1060 conditorio

258 1085 464 1113 Taessalouicae
483 1083 567 1110 fuerit
595 1082 735 1115 lutpOsila,
761 1090 775 1108 a
796 1081 885 1115 capite
909 1080 942 1107 ad
971 1079 1052 1114 pcdes

260 1140 348 1166 usque
362 1138 493 1164 expansa.
509 1128 587 1155 Mane
603 1128 744 1157 olliciales,
760 1127 805 1160 qui
831 1134 844 1152 a
871 1133 899 1152 rc
924 1125 1051 1152 vcstiaria

259 1183 350 1209 crant,
369 1185 421 1203 non
448 1177 578 1207 inventa,
603 1182 682 1208 quant
710 1173 795 1207 pridie
818 1179 833 1198 e
858 1171 1052 1206 gazophylacio

259 1226 453 1254 extraxerant,
483 1225 559 1247 veste
589 1217 784 1253 imperatoria,
818 1223 901 1251 quant
933 1216 1052 1241 maxime

260 1270 425 1301 turbantur;
451 1267 571 1294 basilicae
589 1270 681 1292 autem
702 1263 792 1292 sancti
815 1262 945 1290 Demetrii
965 1261 1053 1288 Thcs-

260 1317 389 1343 salutttcn.‘
399 1315 529 1344 atdttuus,
543 1316 702 1346 couspecta,
716 1319 778 1337 cum
795 1311 864 1336 hanc
875 1309 961 1336 multo
974 1315 1053 1335 mane

260 1367 336 1389 esset
352 1362 506 1395 ingressus,
520 1359 614 1386 cadent
632 1359 678 1385 illa
691 1378 697 1389 ,
711 1365 771 1392 qua:
789 1364 872 1391 supra
890 1356 974 1382 sancti
989 1363 1054 1382 cott-

261 1408 391 1434 ditotitnn
412 1411 472 1432 erat
488 1405 638 1440 explicata,
655 1407 730 1430 veste
748 1402 925 1436 imperatoria
938 1420 945 1432 ,
970 1401 1054 1427 haatet

261 1453 406 1483 attonitus,
421 1451 521 1485 templo
533 1449 666 1481 excurrit,
679 1448 776 1475 iterum
786 1447 812 1473 id
826 1447 986 1482 ingreditur,
1000 1453 1054 1480 pra:

263 1499 486 1533 margaritarum,
512 1496 614 1531 quibus
633 1495 718 1522 vestis
745 1495 790 1520 illa
817 1493 947 1520 distincta
972 1497 1052 1522 crat,

264 1546 367 1579 fulgore
387 1551 455 1579 pene
472 1548 636 1575 excarcatur,
657 1546 761 1568 vestem
776 1540 908 1567 attentius
923 1538 1052 1566 conside-

263 1596 316 1623 rat,
338 1599 392 1618 rem
411 1592 490 1617 ocius
507 1590 642 1622 divulgat,
659 1595 740 1616 senes
755 1590 936 1618 concurrunt,
952 1585 1055 1620 pretio-

262 1645 320 1665 sam
346 1637 420 1663 illam
446 1640 549 1663 vestem
581 1641 745 1670 purpuream
773 1633 961 1667 speculantur,
981 1640 1054 1659 Irem

262 1691 333 1716 esse,
355 1691 416 1718 qum
441 1682 473 1710 ad
491 1682 683 1716 imperatorem
710 1684 826 1715 spectet.
844 1680 1002 1714 opinantur,
1022 1678 1056 1704 il-

266 1730 321 1757 lico
335 1730 382 1763 qui
400 1729 477 1760 huic,
494 1729 566 1763 quod
585 1730 716 1759 evenerat
728 1747 736 1759 ,
753 1726 925 1761 signiﬁcent.
945 1724 1055 1751 nuntios

266 1776 389 1805 mittttnt,
407 1773 591 1808 imperatorio
608 1773 691 1804 diem,
702 1779 756 1806 quo
771 1777 872 1798 vestem
888 1778 1054 1804 purpuream

269 1827 350 1847 sacro
370 1819 458 1846 sancti
483 1816 638 1845 conditorio
653 1816 808 1850 impositam
835 1814 951 1841 inveniri
969 1814 1056 1840 corui-

265 1868 358 1902 gisset,
385 1865 510 1900 inquirit,
549 1871 612 1891 esse
638 1862 715 1889 illum
746 1862 846 1896 ipsum,
873 1868 928 1895 quo
953 1865 1055 1888 vestem

266 1912 469 1947 imperatoriam
488 1915 569 1940 nocte
586 1908 750 1944 prteeedenti
765 1907 851 1935 fuisse
862 1906 994 1938 ablatam,
1005 1907 1055 1933 sibi

266 1959 300 1986 ab
316 1958 476 1986 omcialibus
491 1960 566 1985 esset
587 1955 703 1983 relatum
715 1975 723 1987 ,
737 1954 880 1988 cotuperit,
902 1953 1054 1988 prodigium

265 2006 400 2040 agnoscit,
422 2013 509 2040 coque
534 2003 652 2039 primum
675 2009 730 2028 una
753 2008 814 2028 cuttt
847 2000 907 2027 aula
929 2001 1057 2026 universa

265 2050 444 2085 obstupescit.

301 2097 348 2124 5|.
364 2097 465 2124 Deinde
479 2103 555 2127 vero,
574 2100 602 2122 ut
617 2096 651 2122 ad
677 2095 702 2121 id
721 2094 791 2129 quod
811 2093 866 2120 ltuc
882 2092 1055 2126 potissimum

267 2148 382 2177 spectat,
395 2143 450 2177 jam
466 2143 584 2174 veniant,
609 2141 734 2171 Videtur,
749 2140 846 2175 inquit,
861 2143 895 2165 ob
911 2140 1056 2170 incuriam,

267 2190 382 2216 dixerint
406 2194 496 2215 autem
525 2192 552 2215 et
576 2187 610 2214 ob
636 2187 872 2222 ingratitudinem,
890 2192 992 2220 tuartyr
1008 2194 1057 2212 nos
1082 2201 1085 2205 -

1098 255 1273 278 succursum,
1290 247 1369 280 idque
1388 253 1442 272 non
1469 245 1552 272 semel
1579 249 1699 276 tantum,
1715 245 1764 272 sed
1781 246 1893 280 sa-pius.

1102 294 1202 320 Verum
1222 298 1267 325 ut,
1285 300 1346 327 qua:
1373 299 1431 318 mea
1449 291 1483 318 sit
1501 291 1534 318 de
1555 295 1610 317 tota
1632 290 1768 318 Stauracii
1794 299 1893 318 narra-

1099 341 1174 367 tione
1192 339 1296 373 opinio,
1310 339 1366 372 jam
1383 338 1482 368 dicam,
1500 336 1615 363 ntultum
1631 344 1738 367 vereor,
1757 345 1790 364 ne
1808 345 1822 364 a
1845 346 1894 364 ca-

1100 386 1154 421 pite
1170 387 1202 412 ad
1217 386 1319 412 calcem
1336 389 1520 411 commentum
1538 382 1594 415 sit,
1612 390 1644 409 eo
1661 382 1724 414 liae,
1748 384 1770 409 si
1797 391 1851 410 non
1875 391 1891 410 a

1101 430 1245 457 Stanracio
1257 449 1264 461 ,
1280 429 1314 455 ab
1336 429 1422 455 altero
1441 428 1568 462 equidem
1586 427 1712 454 Gneo.qu
1737 427 1868 461 quapiam
1885 448 1894 459 ,

1099 476 1202 504 fabulis
1219 475 1365 502 admodum
1388 483 1437 509 pro
1453 475 1540 510 gentis
1559 473 1648 500 indole
1663 473 1792 505 addicto,
1811 474 1896 500 unice

1100 524 1262 554 inventum,
1290 526 1320 548 ttt
1344 521 1424 552 forte,
1451 529 1512 548 cum
1537 520 1765 555 pretiosissimam
1789 526 1906 561 vestemI

1099 574 1197 597 sancto
1217 569 1352 595 Demetrio
1369 568 1403 594 ab
1413 566 1593 593 Emmanuelo
1603 566 1746 593 Conmeno
1763 566 1894 592 donatam

1101 615 1185 643 fuisse
1216 615 1405 647 intellexisset,
1422 614 1642 648 qualemcunque
1665 612 1823 638 donationis
1840 612 1896 638 hu-

1099 662 1144 696 jus
1161 669 1284 694 causam,
1298 669 1359 687 cum
1390 668 1452 687 vera
1471 659 1542 686 haud
1561 664 1734 689 nosceretur,
1753 657 1895 693 ignoranti

1102 716 1134 736 ac
1150 709 1261 735 credulo
1282 708 1361 742 vulgo
1374 707 1542 734 obtruderet.

1138 756 1181 782 52.
1204 754 1268 782 Utut
1285 754 1338 785 sit,
1359 753 1438 780 ﬁdem
1455 752 1580 786 equidem
1606 751 1788 779 indubitatam
1806 751 1895 778 Joan-

1105 811 1164 830 nem
1179 802 1352 829 Stauracium
1366 800 1393 826 in
1409 807 1458 826 sua
1474 797 1636 832 compendio
1651 799 1707 833 jam
1721 798 1783 824 data
1799 805 1896 824 narra-

1106 850 1178 876 tione
1193 855 1246 875 non
1264 847 1375 878 mereri,
1396 854 1428 873 ex
1446 853 1479 872 eo
1493 845 1579 880 liquet
1594 864 1601 876 ,
1615 843 1687 878 quod
1703 844 1755 871 sub
1768 844 1894 878 ejusdem

1065 887 1088 917 Β
1104 896 1185 923 finem
1217 895 1253 921 ita
1280 894 1407 920 scribat:
1433 891 1514 918 Ἀλλὰ
1547 891 1601 925 γὰρ
1625 891 1681 917 τῶν
1704 890 1895 924 παλαιοτέρωί

1102 941 1234 976 ἀφέμενοι
1249 939 1401 973 θαυμάτων
1419 936 1467 963 τοῦ
1493 937 1633 972 μάρτυρος
1652 935 1704 969 (τῖς
1723 935 1778 969 γὰρ
1795 934 1827 960 ἂν
1843 935 1895 960 καὶ

1102 984 1378 1021 ὲξιριθμήςαιταῦτα
1393 984 1439 1009 καὶ
1451 983 1614 1017 διηγήσαιτο
1624 981 1645 1013 ;i
1656 983 1711 1011 τεαῖς
1726 981 1897 1015 προσφάτοις

1102 1033 1150 1060 καὶ
1168 1032 1313 1066 νεωτέρας
1330 1030 1376 1055 καὶ
1407 1026 1444 1056 ὧν
1465 1028 1557 1054 πολλοὶ
1579 1027 1627 1054 καὶ
1641 1027 1736 1054 θεαταὶ
1760 1027 1808 1052 καὶ
1824 1026 1898 1061 μάρ-

1103 1088 1185 1115 τυρες
1216 1078 1301 1105 εἰσέτι
1328 1076 1367 1111 τῷ
1394 1075 1444 1110 βίῳ
1470 1075 1629 1110 περέεισιν,
1666 1073 1898 1107 ἐνδιατρὶψωμεν.

1107 1134 1116 1151 t
1134 1125 1234 1151 Verum
1257 1122 1459 1156 antiquioribus
1483 1121 1552 1154 (hate
1566 1119 1637 1146 enim
1663 1119 1725 1154 quis
1751 1123 1897 1145 recenseat

1104 1175 1185 1206 atque
1204 1174 1311 1197 enarret
1322 1169 1343 1202 ?)
1360 1167 1452 1195 missis
1464 1166 1592 1201 martyris
1611 1165 1761 1197 miraculis,
1776 1164 1803 1191 in
1818 1166 1898 1192 novis

1105 1227 1136 1246 ac
1154 1217 1353 1245 recentioribus
1367 1218 1394 1241 ct
1415 1221 1532 1249 quorum
1551 1213 1639 1239 adhuc
1653 1211 1731 1238 multi
1753 1215 1895 1246 spectato-

1105 1273 1148 1292 res
1170 1265 1252 1291 etiatu
1268 1267 1295 1289 cl
1314 1266 1396 1289 testes
1411 1260 1437 1287 ltl
1452 1259 1522 1286 vivis
1538 1262 1697 1294 supersunt.
1713 1264 1824 1291 operam
1850 1264 1900 1291 po-

1106 1319 1212 1338 namus.
1235 1320 1244 1335 »
1271 1308 1377 1342 Quibus
1394 1307 1485 1334 verbis
1500 1310 1578 1333 :etate
1597 1312 1656 1332 sese
1671 1311 1686 1330 a
1705 1305 1806 1334 rebus,
1827 1310 1899 1337 Quas

1106 1359 1177 1386 dicta
1193 1356 1314 1384 narratio
1329 1353 1531 1388 complectitur,
1549 1351 1619 1378 hami
1636 1358 1731 1386 parum
1749 1349 1835 1377 fuisse
1854 1357 1899 1377 re-

1107 1409 1210 1432 ntotum
1224 1423 1232 1436 ,
1257 1401 1331 1429 haud
1354 1401 1472 1428 obscure
1487 1399 1605 1430 iudicat;
1621 1396 1771 1431 scriptores
1787 1401 1877 1422 autent
1888 1414 1898 1426 .

1107 1456 1135 1479 ut
1148 1451 1199 1478 sibi
1218 1451 1243 1476 in
1261 1448 1361 1475 talibus
1374 1465 1382 1478 ,
1399 1450 1494 1480 utpote
1511 1443 1616 1470 crcditu
1631 1441 1778 1469 admodum
1799 1440 1899 1468 difIlti—

1105 1498 1188 1528 libus,
1202 1496 1280 1523 fidem
1296 1493 1476 1521 indubitatam
1491 1490 1734 1520 concilient,a3tate
1750 1487 1898 1522 propinqui

1067 1561 1089 1588 ο
1108 1545 1236 1578 nulloque
1247 1550 1278 1569 ex
1294 1542 1383 1575 capite
1397 1539 1516 1573 suspecti
1534 1537 1719 1571 requirantur,
1734 1535 1814 1568 idque
1828 1542 1899 1568 prin-

1108 1592 1187 1626 cipue
1207 1595 1280 1619 tunc,
1298 1594 1360 1614 cum
1378 1584 1415 1617 id,
1429 1584 1501 1619 quod
1516 1582 1656 1610 "tentoria:
1670 1580 1797 1615 produnt,
1812 1579 1900 1607 silen-

1107 1639 1144 1665 tio
1161 1637 1195 1664 ab
1211 1634 1340 1661 omnibus
1357 1638 1469 1666 prorsus
1482 1630 1553 1661 aliis,
1563 1630 1602 1656 uti
1615 1629 1659 1656 hic
1673 1628 1713 1659 fit,
1731 1626 1898 1662 prteteritur.

1107 1684 1207 1710 Adbaec
1219 1679 1378 1707 Enuuanuel
1393 1677 1550 1705 Comnenus
1563 1676 1710 1710 imperator
1728 1674 1900 1708 improspera

1107 1730 1164 1757 fere
1180 1735 1287 1762 semper
1305 1726 1413 1753 fortuna
1429 1724 1456 1750 in
1473 1723 1553 1750 bellis
1576 1727 1618 1749 est
1643 1729 1719 1753 usus,
1741 1720 1901 1754 nullamque

1107 1783 1230 1811 prorsus,
1247 1780 1349 1808 quam,
1374 1770 1494 1798 inimicis
1511 1770 1597 1797 sancti
1620 1768 1748 1795 Demetrii
1768 1774 1821 1802 ope
1837 1774 1902 1801 pro-

1107 1823 1209 1857 digiose
1233 1819 1390 1855 prostratis,
1408 1821 1563 1852 reportasse
1577 1823 1639 1842 eum
1652 1835 1659 1848 ,
1680 1814 1834 1841 verosituile
1851 1821 1900 1848 ap-

1108 1872 1213 1904 pareat,
1230 1865 1373 1892 victoriam
1396 1862 1543 1890 admodutn
1571 1861 1703 1896 insignem
1730 1868 1745 1887 a
1764 1860 1900 1894 scriptore

1108 1914 1161 1941 fide
1176 1912 1258 1947 digno
1274 1911 1316 1938 vel
1335 1918 1389 1937 uno
1405 1908 1553 1936 memorari
1571 1907 1691 1935 invenio.
1712 1905 1804 1940 Neque
1821 1913 1898 1936 vero,

1109 1965 1138 1987 ut
1153 1960 1194 1987 vel
1211 1964 1279 1986 tunc
1296 1957 1391 1990 etiam,
1404 1964 1467 1983 etim
1485 1955 1616 1982 adversus
1631 1953 1781 1981 Saracenos
1795 1951 1900 1978 aliosve

1109 2006 1170 2034 ﬁdei
1185 2004 1352 2032 Christianae
1369 2004 1463 2030 hostes
1485 2002 1600 2029 bellaret
1613 2020 1620 2031 ,
1642 2000 1753 2027 caeleste
1767 1997 1900 2025 auxilium

1108 2052 1288 2088 experiretur.
1303 2050 1410 2077 ratione
1425 2049 1478 2075 ulla
1492 2048 1592 2082 dignus
1606 2047 1691 2074 fuisse
1702 2046 1809 2072 videtur
1826 2044 1902 2079 priu-

1110 2107 1174 2134 ceps
1191 2099 1246 2130 ille,
1264 2098 1322 2132 qui,
1337 2096 1567 2132 quemadmodum
1578 2102 1611 2122 ex
1623 2093 1748 2120 unanimi
1763 2092 1818 2119 fere
1832 2091 1904 2119 scri-

1110 2153 1218 2182 ptorum
1235 2144 1455 2180 syocltronorunt
1475 2142 1632 2169 testimonio
1655 2144 1782 2171 constat,
1802 2138 1903 2165 ﬂoren-

1110 2193 1247 2219 tissimum
1262 2190 1486 2218 Christianorum
1505 2187 1655 2215 exercitum
1669 2205 1678 2217 ,
1705 2185 1757 2213 sub
1782 2183 1900 2210 Conradi

267 2235 417 2270 θοτνίβετθσ
445 2235 511 2262 cm“
527 2235 601 2261 θ¹¹ί¹¹¹
627 2233 726 2268 stirpi“5
754 2233 811 2267 lit“!
837 2234 863 2258 l"
889 2233 988 2265 Pri"llis
1012 2239 1059 2266 Pr“
1074 2238 1288 2274 Diutperatoris
1311 2237 1394 2264 ductu
1412 2236 1438 2262 in
1455 2234 1627 2261 Palmstinam
1653 2236 1750 2259 contra
1777 2230 1902 2258 infideles

269 2282 347 2308 nobis
371 2281 496 2313 certarit,
519 2281 700 2314 inimicusque
727 2284 837 2306 nostros
861 2279 1057 2313 prostraverit,

269 2335 319 2355 nos
337 2336 370 2354 ne
391 2328 475 2354 semel
492 2327 602 2361 quidem
618 2326 657 2352 vel
677 2334 758 2360 parvo
776 2326 958 2360 qualicunque
973 2326 1059 2351 dona-

269 2375 310 2400 rio
325 2374 421 2400 victori
436 2374 538 2408 gratias
551 2374 675 2408 egimus;
694 2378 722 2398 ut
738 2373 828 2403 nobis,
850 2371 1058 2398 retrihtuionent

269 2428 323 2448 non
341 2421 513 2451 curantibus,
531 2426 634 2446 vestem
659 2427 823 2454 purpuream
846 2418 954 2445 auferre
970 2423 1061 2444 certa-

269 2467 372 2493 minum
391 2467 477 2494 victor
494 2466 578 2493 fuerit
597 2471 718 2493 coactus.
740 2465 802 2492 Ilaec
816 2465 920 2496 Cra-ce,
935 2472 996 2498 quae
1008 2465 1060 2491 huc

270 2521 356 2547 usque
381 2513 541 2547 cmupendio
564 2512 660 2539 Latino
681 2512 743 2538 data
769 2519 783 2537 a
801 2512 949 2546 nobisjam
975 2517 1059 2543 sunt,

269 2558 356 2586 fastus
374 2559 500 2586 nonnihil
518 2565 599 2592 Supra
614 2558 661 2584 cit.
674 2556 796 2584 Joannes
813 2557 985 2589 Stauracius,
999 2564 1059 2583 mox

269 2607 351 2633 etiam
369 2604 540 2640 subjungens
553 2609 608 2630 tum
626 2604 707 2630 verba
724 2604 865 2634 nonnulla,
884 2603 982 2637 quibus
996 2608 1060 2630 tunc

271 2651 432 2678 Emmanuel
460 2651 617 2678 Comuenus
642 2650 804 2677 nominatim
829 2655 926 2677 saneto
948 2650 1059 2685 martyri

269 2695 302 2722 de
327 2697 449 2730 praestita
472 2696 524 2722 sibi
541 2695 576 2722 ab
594 2703 626 2722 eo
647 2695 673 2721 in
700 2695 778 2722 bellis
810 2695 933 2722 subsidio
958 2698 1060 2730 gratias

269 2741 365 2773 egerit,
380 2747 436 2767 tum
452 2741 533 2767 etiam
550 2741 695 2772 bonorum,
708 2748 768 2774 quae
779 2741 878 2771 eidem,
891 2747 946 2775 quo
959 2741 1060 2775 gratias

271 2790 403 2819 praeterea
435 2787 641 2822 qualescunque
659 2787 782 2817 referret,
807 2787 968 2818 contulerit,
988 2787 1060 2813 nmi-

271 2831 346 2856 tiam.
363 2831 441 2864 Quod
467 2833 488 2859 si
514 2833 605 2867 itaque
621 2833 750 2867 scriptori
772 2832 808 2859 illi
827 2832 993 2859 credendqu
1013 2834 1058 2864 sit,

270 2875 353 2903 fuerit
367 2877 449 2903 etiam
473 2878 640 2906 limutauueli
656 2879 806 2911 Ct)|llttt‘::0,
823 2879 943 2905 Orientis
958 2882 1059 2906 sa-rnto

1113 2289 1268 2319 pergentem
1281 2303 1288 2316 ,
1309 2282 1445 2310 nefarium
1463 2281 1489 2307 in
1506 2281 1616 2307 modum
1640 2279 1739 2313 partim
1764 2277 1902 2305 submini-
1923 2311 1926 2314 λ

1112 2335 1207 2359 strata,
1223 2329 1266 2356 cui
1288 2328 1388 2355 calcem
1405 2326 1550 2354 admisceri
1570 2325 1691 2358 fecerat,
1711 2324 1812 2354 farina,
1838 2330 1904 2357 par-

1113 2377 1159 2403 tim
1178 2375 1343 2405 Turrorum,
1369 2373 1471 2407 quibus
1491 2372 1567 2399 illum
1588 2372 1699 2406 indigne
1722 2370 1903 2406 prodiderat,

1113 2421 1221 2449 insidiis
1237 2420 1388 2447 necandum
1403 2419 1518 2446 curavit.
1534 2419 1668 2445 Omnibus
1686 2417 1779 2452 itaque
1805 2417 1904 2444 sedulo

1113 2468 1250 2502 expen~is.
1285 2466 1402 2492 fueritne
1427 2473 1548 2499 unquam
1574 2464 1744 2491 Etmuauueli
1761 2462 1905 2490 Contnenn

1113 2523 1127 2542 a
1152 2519 1247 2541 sancto
1267 2512 1403 2538 Demetrio
1423 2511 1579 2546 prodigiose
1597 2510 1622 2536 in
1634 2510 1705 2536 bello
1720 2515 1883 2535 succursum
1897 2528 1904 2538 ,

1113 2561 1225 2588 dubium
1245 2567 1311 2587 sane
1326 2559 1475 2586 admodum
1490 2578 1497 2590 ,
1515 2566 1548 2585 ne
1571 2558 1692 2584 deterius
1710 2555 1774 2591 quid
1793 2555 1905 2585 dicam,

1114 2607 1177 2632 mihi
1193 2611 1315 2640 apparet.

1147 2652 1191 2678 55.
1209 2650 1264 2678 Nec
1279 2651 1374 2683 etiam,
1391 2657 1421 2677 ut
1436 2651 1468 2677 ad
1486 2649 1511 2676 id
1525 2669 1532 2679 .,
1550 2648 1622 2684 quod
1642 2649 1685 2676 hic
1701 2647 1791 2674 adhuc
1809 2647 1906 2674 dicen-

1112 2698 1176 2724 dum
1194 2702 1287 2727 restat,
1305 2699 1359 2730 jam
1377 2704 1499 2731 pergam,
1512 2701 1616 2723 certum
1630 2702 1788 2722 asseverare
1803 2694 1906 2725 ausim,

1111 2745 1269 2772 Andronico
1284 2743 1402 2773 Juuiori,
1421 2742 1523 2769 saeculo
1540 2748 1641 2776 quarto
1661 2741 1770 2768 decimo
1794 2740 1907 2768 ϐαναυ-

1112 2798 1171 2817 rum
1195 2791 1365 2824 imperatori,
1387 2789 1481 2816 bellica
1504 2789 1531 2815 in
1546 2788 1734 2822 expeditione,
1757 2795 1809 2820 qua
1828 2794 1902 2812 anno

1112 2837 1180 2864 1527
1191 2837 1412 2864 'l‘bessalouieam
1427 2835 1582 2868 occupavit,
1592 2842 1672 2870 opem
1685 2834 1724 2861 fui
1733 2841 1770 2860 Asc
1780 2842 1794 2860 a
1807 2839 1906 2859 S’HICIO

1113 2882 1249 2909 Demetrio
1266 2882 1374 2908 allatam
1390 2901 1396 2912 ,
1415 2881 1472 2909 uti.
1488 2889 1546 2914 qu.c
1563 2879 1684 2907 Joannes
1699 2880 1842 2906 (iantacth
1856 2886 1908 2905 nos
