2038 3151
171 183 239 216 Ml'l

673 183 704 213 S.
727 180 915 212 DEMETBII
937 179 1134 210 MARTYRIS
1155 179 1259 209 ACTA.

1715 177 1780 208 Hi3

167 242 349 269 Historiarum
358 241 403 268 lib.
416 248 435 273 t,
447 247 506 275 cap.
517 239 551 268 ὅτι
561 238 724 274 suppeditat.
733 238 859 270 verba,in
870 237 951 266 Com.
964 238 990 268 Α
1003 237 1153 265 nachorum
1185 237 1211 263 in
1229 236 1263 264 iis
1286 236 1419 270 lieuteque
1436 235 1589 271 degentium
1609 235 1783 262 multitudine

167 288 299 315 mentario
327 286 426 322 praevio
457 293 533 313 num.
559 285 607 312 121
630 285 684 320 jam
703 284 950 316 recitata,innuere

166 334 305 361 videntur.
324 333 360 360 lta
378 334 469 359 animo
483 337 654 367 comparatus
669 338 741 362 sum,
759 330 832 364 quod
848 330 875 356 in
893 333 950 356 tota

165 377 349 406 Cantacuteui
368 377 400 405 de
416 381 547 412 occupata
563 384 610 412 per
624 376 812 403 Andronicum
831 375 950 402 Thessa-

166 425 256 451 lonica
271 424 426 450 narratione
441 423 508 450 nihil
523 424 635 450 omnino
650 426 786 455 occurrat.
801 422 866 456 quin
884 421 951 448 solis

164 473 270 495 naturae
283 468 384 495 viribus
397 468 455 495 ﬂeri
466 467 546 495 facile
558 468 691 501 potuerit;
709 467 845 502 superiori
859 470 950 492 autem

164 515 264 542 virtuti
283 514 395 546 factum,
415 520 520 542 naturae
531 514 604 542 vires
621 513 691 541 haud
707 513 852 544 excedens,
867 512 952 540 ascri-

165 561 232 589 bere
251 569 304 588 non
330 560 487 593 debeamus,
502 561 555 588 nisi
575 561 659 592 forte,
679 561 750 595 quod
775 559 884 587 interim
909 558 952 586 hic

167 615 221 634 non
241 608 281 639 ﬁt,
297 607 367 634 ratio
396 607 530 641 quaepiam
546 607 619 641 justa
635 614 666 634 ac
683 606 769 633 solida
785 605 951 633 contrarium

167 653 292 681 suadeat.
311 652 411 680 Verum
445 653 496 680 etsi
519 653 627 687 quidem
648 653 676 679 in
691 651 890 681 Thessalonica:
906 658 953 684 per

166 698 354 726 Andronicum
376 699 554 734 occupatione
580 699 741 726 miraculum
752 717 760 729 ,
776 701 805 725 ut
820 702 951 733 apparet,

168 752 218 772 seu
237 752 388 779 supernum
408 752 423 772 a
444 748 540 772 sancto
558 744 694 772 Demetrio
712 744 951 771 subministratum

168 790 302 817 auxilium
321 791 516 818 admittendum
532 798 586 817 non
603 791 739 821 videatur,
755 789 890 817 miraculo
908 793 950 815 ta-

169 844 245 868 men,
267 844 315 871 per
330 841 456 864 sanctum
474 836 639 863 Demetrium
662 841 779 870 patrato,
798 840 827 862 ut
848 835 954 862 Andro-

170 881 462 912 nicus,Thessalonica
474 881 528 915 jam
542 881 729 916 oceupata,ab
743 882 892 908 inveterato
908 887 954 914 pe-

170 927 349 960 riculosaque
371 926 494 958 vulnere,
514 927 539 953 in
559 927 626 962 pede
644 930 765 961 accepto,
783 926 886 961 absque
900 926 955 953 ulla

171 979 261 1004 mora,
273 979 333 998 cum
349 977 487 1006 unguento
502 979 517 999 e
531 973 617 999 sancti
635 972 762 1000 Demetrii
779 972 885 999 tumulo
899 980 959 999 sca-

173 1017 302 1050 turiente,
328 1017 414 1044 liuere
426 1017 500 1044 illum
529 1017 808 1049 decrevisset,fuerit
830 1020 959 1050 sanatus‘,

173 1061 275 1089 factum
290 1063 427 1090 existimo.
442 1062 496 1090 Nec
510 1063 616 1096 dubito,
628 1064 693 1097 quin
707 1063 773 1090 mihi
791 1071 957 1091 assensurus

171 1108 219 1140 sit,
237 1108 392 1143 quicunque
410 1108 532 1143 proxime
560 1109 679 1143 laudata,
696 1109 798 1144 quibus
813 1109 893 1136 etiam
911 1108 962 1136 mi-

172 1154 269 1181 rabilis
291 1154 338 1181 illa
361 1154 508 1182 Andronici
530 1155 637 1182 sanatio
671 1159 808 1188 narratur,
829 1155 962 1183 Cantacu-

173 1199 235 1227 seni
261 1200 343 1227 verba
367 1204 472 1228 attento
496 1201 588 1228 animo
615 1201 784 1236 expenderit.
811 1200 960 1229 Schismati

173 1246 298 1281 quidem,
313 1254 368 1281 quo
385 1246 506 1274 Ecclesia
521 1247 613 1275 Graeca
629 1255 644 1274 a
656 1247 756 1275 Christi
772 1248 890 1275 Ecclesia
903 1251 962 1275 erat

173 1291 309 1325 sejuncta,
324 1291 480 1319 adhaerebat
494 1292 677 1325 Andronicus;
693 1300 785 1320 verum
799 1292 959 1320 beneﬁcium

174 1338 243 1365 adeo
259 1337 389 1366 eximium
406 1337 432 1364 in
448 1338 586 1366 hominem
603 1339 685 1366 etiam
707 1339 862 1373 hujusmodi
875 1338 962 1366 fuisse

175 1383 303 1410 collatum
318 1403 326 1416 ,
349 1383 503 1410 mirandum
533 1391 586 1411 non
606 1388 666 1416 est,
692 1391 756 1412 cum
785 1384 960 1412 historiarum

174 1429 360 1456 monumentis
378 1430 514 1463 proditum
539 1430 591 1462 sit,
619 1430 736 1464 ingentia
755 1430 886 1457 miracula
910 1430 961 1456 ali-

174 1473 285 1507 quando
298 1473 325 1501 in
340 1474 465 1501 ethnicos
477 1480 501 1501 et
515 1481 529 1500 a
538 1473 695 1502 Christiana
707 1475 836 1508 religione
847 1482 961 1510 prorsus

174 1519 281 1546 alienos
297 1526 311 1545 a
330 1519 396 1546 viris
419 1520 534 1550 sanctis,
549 1519 592 1546 vel
606 1519 661 1554 jam
680 1521 706 1546 in
722 1520 822 1546 omium
839 1521 956 1554 receptis

174 1565 215 1592 vel
229 1565 317 1591 adhuc
330 1565 411 1591 vitam
425 1565 567 1591 nobiscum
578 1564 758 1598 agitantibus,
770 1569 877 1598 patrata
888 1572 960 1593 esse.
975 1578 997 1608 α

175 1611 214 1637 Ita
233 1608 293 1638 fere
307 1609 334 1636 in
353 1609 409 1636 suis
426 1609 457 1635 ad
474 1609 599 1642 proximo
615 1610 664 1637 cit.
680 1609 864 1636 Cantacuzcni
881 1613 963 1645 caput

179 1653 407 1682 Adnotationibus
420 1652 566 1682 Societatis
580 1658 682 1682 nostra:
696 1655 825 1682 sacerdos
839 1654 962 1683 Iacobus

176 1700 345 1732 Gretserus;
361 1699 408 1735 qui
433 1707 495 1727 cum
520 1699 619 1727 ibidem
647 1705 777 1735 praeterea
804 1701 890 1728 multa
912 1701 965 1728 alia

179 1747 251 1773 hanc
276 1746 303 1773 in
319 1751 377 1773 rem
393 1750 545 1780 Opportune
563 1745 679 1773 disserat
694 1766 701 1779 ,
721 1746 862 1774 curiosum
882 1746 966 1773 lecto-

178 1799 236 1819 rem
250 1792 283 1819 ad
298 1799 359 1819 eum
375 1792 518 1819 brevitatis
533 1799 615 1819 causa
630 1793 751 1825 remitto,
769 1793 806 1819 uti
820 1786 900 1830 et’ad
914 1799 946 1819 ea
956 1810 965 1825 ,

177 1845 240 1872 quae
261 1838 353 1873 operis
372 1838 458 1866 nostri
483 1841 576 1865 tomus
596 1838 721 1872 proxime
748 1838 914 1866 antecedens
938 1838 966 1866 in

177 1883 392 1916 Commentario,
409 1883 484 1911 Actis
510 1883 560 1911 SS.
577 1883 663 1919 Sergii
685 1887 713 1911 et
732 1883 830 1912 Bacchi
854 1885 965 1920 praevio,

178 1927 191 1963 ς
205 1928 232 1960 5,
248 1929 444 1964 complectitur.

180 1983 194 2020 §
213 1984 258 2011 111.
286 1983 433 2016 Nonnulla,
452 1992 511 2018 qua!
535 1989 662 2020 propterea
687 1985 719 2012 de
742 1985 894 2019 prodigiosa
917 1993 967 2011 un-

215 2025 322 2053 guento,
337 2027 350 2044 ε
361 2020 446 2045 ειτηειί
461 2019 589 2046 Demetrii
609 2020 710 2046 tumulo
741 2021 897 2046 acaturientc
912 2028 966 2046 me-

216 2054 309 2080 moriae
323 2057 428 2080 exstant
443 2054 560 2088 prodita,
578 2054 605 2080 in
618 2055 734 2081 medium
750 2055 930 2081 adducuntur.

218 2110 264 2138 5t.
279 2109 337 2137 Etsi
351 2109 458 2145 quidem
477 2115 643 2145 unguentum
654 2118 669 2138 e
679 2111 766 2138 sancti
781 2112 909 2138 Demetrii
924 2114 968 2138 tu-

183 2157 258 2184 mulo
276 2156 340 2184 olim
362 2163 416 2184 non
439 2160 544 2183 tantum
572 2157 702 2188 stillasse,
731 2157 778 2185 sed
808 2161 836 2185 et
862 2157 965 2193 ingenti

181 2209 295 2235 prorsus
315 2208 346 2228 ac
362 2201 495 2236 stupenda
511 2202 589 2236 copia
612 2201 639 2228 id
666 2201 779 2234 factum,
798 2201 913 2230 adducta
939 2202 966 2230 in

1001 283 1192 314 celeberrimo,
1207 283 1289 310 vitam
1304 281 1453 309 solitariam
1470 281 1585 316 agebat;
1606 288 1668 308 cum
1692 285 1783 308 autem

1002 330 1038 356 ita
1055 328 1127 355 haud
1147 328 1240 363 procul
1265 327 1410 355 admodum
1427 335 1442 354 a
1459 326 1698 354 Thessalonicensi
1717 326 1783 354 civi-

1002 378 1068 407 tate,
1084 379 1177 408 utpote
1197 379 1225 401 et
1241 374 1299 408 ipsa
1315 374 1342 400 in
1361 373 1519 400 Macedonia
1534 373 1599 405 sita,
1616 377 1783 404 versaretur,

1002 422 1035 449 de
1053 421 1113 448 oleo
1139 428 1187 448 seu
1219 424 1369 455 unguento,
1394 420 1465 454 quod
1493 419 1519 446 in
1547 418 1786 446 Thessalonicensi

1003 467 1090 494 sancti
1106 465 1233 493 Demetrii
1258 465 1369 493 basilica
1383 473 1397 492 e
1411 472 1490 492 sacro
1515 465 1597 500 hujus
1618 464 1722 492 tumulo
1743 464 1788 491 in-

1003 512 1075 548 genti
1089 520 1120 540 ac
1134 512 1268 546 stupenda
1281 513 1359 547 copia
1371 512 1498 540 continuo
1513 512 1637 546 stillaret,
1648 518 1789 540 sermones

1004 566 1017 585 a
1034 558 1158 592 pluribus
1172 558 1281 585 misceri
1294 558 1364 585 haud
1377 565 1437 585 raro
1445 558 1578 585 audierat.
1795 594 1800 598 .

1038 605 1095 632 54‘.
1110 603 1210 632 Verum
1224 604 1263 631 rei
1277 604 1437 639 prodigiosae
1453 604 1532 631 fidem
1548 604 1617 631 haud
1633 604 1788 631 adhibebat.

1003 651 1071 679 Cum
1086 651 1170 681 enim,
1184 651 1301 684 dicebat,
1313 650 1399 678 sancti
1413 650 1552 683 Demetrii,
1566 651 1612 685 qui
1628 650 1706 677 hasta
1723 650 1791 677 dun-

1003 700 1078 724 taxat
1092 696 1235 724 confossus
1254 696 1392 728 occubuit,
1410 703 1461 724 nec
1474 696 1550 731 plura
1573 700 1707 723 tormenta
1723 697 1791 724 sub-

1004 743 1045 776 iit,
1071 743 1228 778 martyrium
1260 743 1328 770 nihil
1355 743 1466 770 omnino
1489 743 1627 778 singulare
1648 743 1791 778 habuerit,

1005 792 1035 815 ut
1051 787 1097 822 qui
1113 795 1168 822 pra:
1182 787 1283 815 sanctis
1300 788 1465 823 martyribus
1491 788 1563 819 aliis,
1580 788 1626 823 qui
1652 790 1793 816 ιλιι·οοίεεί-

1005 833 1057 860 mis
1090 833 1302 868 quibuscunque
1335 833 1457 861 toleratis
1486 834 1629 862 tormentis
1669 835 1793 870 martyrii

1006 879 1121 914 palmam
1145 878 1272 912 retulere,
1290 878 1375 913 gratia
1391 879 1435 905 illa
1450 878 1551 907 Sancto
1574 880 1619 906 isti
1640 880 1720 914 plane
1737 881 1795 908 exi-

1015 925 1079 957 mia,
1089 928 1118 951 ut
1130 932 1145 951 e
1158 918 1262 952 tumqu
1276 924 1334 958 ejus
1351 928 1517 959 unguentum
1528 945 1535 957 ,
1549 927 1679 954 sanandis
1693 928 1794 954 morbis

1013 971 1143 1004 salutare,
1156 970 1311 1006 prodigiose
1326 971 1468 1004 scaturiat,
1481 971 1612 998 divinitus
1626 971 1661 999 sit
1673 973 1770 999 collata
1784 973 1796 999 ἲ

1013 1016 1133 1047 Adhaee,
1157 1024 1218 1043 cum
1242 1020 1407 1051 unguentum
1425 1017 1490 1043 illud
1507 1023 1555 1043 seu
1570 1017 1660 1044 oleum
1678 1017 1795 1044 maxima

1012 1062 1134 1097 quotidie
1148 1063 1225 1097 copia
1238 1069 1252 1089 a
1269 1062 1366 1096 populo
1382 1062 1493 1094 hauriri,
1511 1069 1560 1090 nec
1584 1066 1672 1090 tamen
1689 1063 1742 1089 ulla
1754 1070 1796 1089 ra-

1012 1109 1086 1136 tione
1105 1108 1230 1136 imminui
1259 1107 1381 1140 audiret,
1397 1115 1412 1135 e
1428 1107 1519 1135 Sancti
1532 1108 1617 1136 nostri
1638 1116 1753 1144 corpore
1770 1109 1795 1135 iu

1012 1155 1126 1186 stillare,
1143 1154 1281 1189 aegerrime
1299 1154 1325 1181 in
1348 1154 1471 1181 animum
1487 1154 1642 1187 inducebat,
1661 1162 1694 1182 eo
1713 1156 1797 1182 etiam

1013 1199 1116 1228 idcirco
1145 1200 1330 1234 propendens,
1357 1204 1387 1227 ut
1417 1200 1505 1227 oleum
1534 1207 1581 1228 seu
1608 1206 1797 1235 unguentum,

1017 1246 1129 1274 aliunde
1150 1250 1230 1273 antea
1247 1251 1382 1280 paratum,
1399 1253 1454 1273 non
1469 1253 1586 1280 superna
1602 1254 1649 1274 seu
1670 1248 1798 1282 martyris

1012 1291 1124 1325 virtute,
1142 1291 1188 1319 sed
1215 1291 1336 1319 humano
1361 1291 1478 1319 artificio
1501 1291 1596 1319 eﬂ'ecta
1622 1293 1798 1326 scaturigine,

1014 1337 1115 1372 populo
1131 1338 1257 1372 profundi
1275 1346 1323 1367 seu
1339 1337 1541 1367 subministrari
1558 1338 1734 1366 existimaret.
1748 1339 1799 1366 Ve-

1013 1391 1073 1410 rum
1099 1384 1237 1412 monacho
1259 1384 1317 1416 illi,
1338 1392 1390 1419 qua
1414 1384 1631 1412 incredulitatem
1654 1393 1731 1412 suam
1748 1385 1800 1413 fuit

1012 1429 1156 1462 dedoctus,
1169 1431 1239 1459 visio
1253 1431 1372 1459 caelestis
1386 1431 1436 1459 fuit
1451 1432 1551 1459 oblata.
1563 1432 1637 1459 lianc
1647 1432 1725 1467 ipsis,
1739 1439 1800 1467 qua

1012 1475 1134 1503 Joannes
1159 1476 1320 1504 Stauracius
1346 1478 1407 1505 loco
1435 1479 1482 1505 cit.
1509 1478 1675 1513 suppeditat,
1699 1478 1801 1506 Graecis

1012 1521 1124 1551 verbis.
1153 1521 1245 1548 addita
1274 1523 1355 1548 etiam
1383 1523 1416 1549 ad
1445 1523 1549 1550 calcem
1577 1524 1801 1558 interpretatione

1014 1564 1130 1598 Latina,
1158 1565 1254 1593 lectori
1279 1566 1322 1593 hic
1347 1566 1412 1594 libet
1450 1567 1590 1595 exhibere.
1620 1568 1665 1595 Sic
1687 1569 1768 1596 habet
1793 1579 1800 1597 :

1024 1609 1127 1636 Ἐδόκει
1164 1610 1224 1637 καθ’
1251 1610 1352 1642 ὕπνους
1376 1611 1502 1646 γενέσθαι
1527 1614 1559 1647 τῇ
1581 1612 1801 1641 Θεσσαλονικέων

1018 1654 1105 1687 πόλει,
1124 1655 1170 1682 καὶ
1194 1655 1239 1683 τδν
1257 1657 1321 1684 ναὸν
1337 1657 1562 1692 καταλαμϐάνειν
1582 1658 1630 1685 τοῦ
1650 1659 1800 1696 μάρτυρος,

1017 1699 1109 1735 εὑρεῖν
1127 1709 1157 1727 τε
1179 1702 1225 1729 τὸν
1240 1702 1375 1737 νεωκόρον
1393 1705 1441 1731 καὶ
1458 1706 1631 1739 προσειπεῖν,
1655 1707 1702 1732 καὶ
1717 1706 1802 1733 ἀκοῦ-

1017 1753 1073 1772 σαι·
1087 1743 1125 1772 Ἦ
1142 1746 1230 1781 βούλει
1246 1747 1346 1775 ίδέτθαι
1359 1748 1403 1775 τὴν
1417 1749 1545 1786 μάρτυρα
1556 1760 1563 1784 ;
1576 1752 1624 1778 καὶ
1638 1751 1802 1786 ἀνθυπενεγ-

1017 1792 1075 1818 κεῖν
1089 1791 1134 1818 τὸν
1153 1793 1288 1825 Βιτάλιον,
1301 1794 1348 1821 παὶ
1362 1794 1422 1822 λίαν
1436 1796 1475 1828 εἰς
1488 1796 1567 1823 τοῦτο
1582 1797 1638 1832 ἔχει
1655 1797 1802 1833 summa);

1018 1835 1088 1863 ὥστε
1119 1838 1165 1864 καὶ
1196 1838 1259 1865 ἰδεῖν
1287 1839 1334 1866 καὶ
1368 1841 1605 1874 προσπτύξασοαι.
1637 1843 1692 1870 Καὶ
1717 1842 1802 1875 οὕτως

1018 1882 1031 1909 ὁ
1047 1882 1096 1917 μὲν
1113 1884 1262 1918 προηγεῖτο
1282 1884 1297 1910 ὁ
1321 1885 1468 1919 νεωκόρος,
1488 1886 1581 1913 εἵπετο
1596 1885 1624 1912 δὲ
1635 1887 1649 1912 ό
1667 1887 1801 1919 Βιτάλιος.

1054 1927 1100 1954 55.
1120 1927 1164 1959 Ὠς
1177 1928 1205 1954 δὲ
1220 1928 1304 1962 ὶγγὺς
1318 1929 1366 1963 τῆς
1381 1929 1455 1960 θείας
1470 1929 1588 1956 κιϐωτοῦ
1601 1929 1648 1957 τοῦ
1662 1931 1802 1966 μάρτυρος

1017 1973 1147 2007 γένοιντο,
1164 1973 1318 2008 είσελθέτην
1329 1973 1412 2009 ἄμφω
1423 1975 1455 2001 ὲκ
1468 1975 1514 2002 τοῦ
1525 1975 1625 2008 ελαίου,
1635 1977 1682 2003 καὶ
1695 1977 1743 2009 τὰς
1755 1977 1803 2004 θύ-

1018 2027 1067 2054 ρας
1082 2018 1237 2054 μετέθεντο,
1247 2021 1295 2047 καὶ
1309 2019 1357 2055 τὴν
1378 2020 1454 2055 ἱερὰν
1470 2021 1640 2057 μετέστησαν
1668 2023 1802 2058 λάρνακα.

1018 2064 1065 2090 και¹
1080 2063 1240 2099 μαρμάρους
1248 2061 1320 2098 ἦραν
1331 2064 1435 2092 ἐκεῖθεν
1450 2066 1481 2092 ὲκ
1493 2066 1578 2100 μέσου
1591 2067 1670 2094 ἑπτά·
1681 2068 1803 2103 καὶπρὸς

1017 2108 1118 2144 ὀρυγὴν
1137 2109 1185 2144 μὲν
1199 2109 1362 2144 ἀμοιὸαυτδν
1384 2110 1439 2145 (an.
1461 2111 1607 2146 ἀμοιὸαδόν
1620 2112 1641 2148 τ)
1655 2113 1701 2140 τοῦ
1715 2114 1804 2141 ἐκεῖσε

1017 2154 1141 2189 χώματος
1154 2163 1162 2170 ·
1182 2155 1250 2189 μετὰ
1263 2154 1292 2181 δὲ
1314 2155 1379 2190 χοῦς
1393 2155 1486 2191 ἕτερος
1511 2157 1629 2192 καθαρὸς
1644 2159 1804 2192 ἀπηντλείτο

1019 2200 1123 2227 ἐκεῖθεν
1154 2200 1266 2232 εὐωδίας
1295 2200 1424 2237 πλείστης
1454 2201 1606 2234 ἀνάπλεως.
1642 2203 1718 2230 Ἐπεὶ
1736 2203 1764 2230 δὲ
1788 2205 1805 2239 ὴ

184 2249 389 2276 Commentario
404 2248 518 2283 pravio,
536 2256 613 2276 num.
627 2249 662 2277 95
674 2253 701 2277 et
717 2249 761 2282 97,
777 2248 878 2277 Nicetae
893 2249 962 2277 Cho-

1016 2248 1102 2283 ὀρυγὴ
1113 2247 1211 2282 φθάσοι
1226 2248 1335 2284 πήχεων
1343 2249 1407 2285 ἄχρι
1418 2248 1511 2283 τριῶν,
1523 2249 1568 2276 καὶ
1581 2250 1712 2285 μικρόντι
1726 2252 1805 2285 πρὸς,

183 2295 264 2322 niatte
278 2299 305 2321 et
318 2293 432 2321 Joannis
451 2295 616 2330 Anagnosta:
639 2295 724 2323 verba
751 2301 793 2323 sat
817 2296 968 2324 luculenter

184 2340 314 2374 prodant,
329 2340 380 2368 hoc
401 2344 492 2367 tamen
508 2345 677 2375 postremum
692 2346 883 2376 argumentum
898 2348 969 2369 non-

184 2386 249 2412 dum
270 2393 302 2412 ex
326 2385 452 2413 instituto
470 2387 598 2419 tractavi,
614 2387 697 2421 idque
715 2386 783 2414 adeo
798 2387 839 2414 vel
855 2387 968 2418 ideirco,

186 2431 259 2466 quod
277 2432 409 2458 nonnulla
429 2432 519 2460 adhuc
534 2432 607 2460 haud
623 2433 732 2468 penitus
754 2437 906 2461 memoratu
928 2433 970 2460 in-

186 2477 269 2512 digna
292 2477 493 2511 subministrat,
515 2479 528 2513 ς
553 2479 681 2513 praesenti
705 2479 795 2507 facere
819 2479 969 2513 constitui,

185 2514 279 2556 itaque
304 2528 363 2555 qua;
381 2521 415 2549 de
432 2521 533 2549 Sancto
548 2523 710 2552 disserenda
730 2523 859 2556 fuerunt,
881 2522 972 2550 absol-

186 2573 262 2593 vero.
294 2564 329 2593 Ut
355 2565 449 2601 itaque
475 2567 500 2594 id
524 2568 641 2595 instituti
671 2568 796 2602 meliori,
823 2576 878 2604 quo
913 2567 971 2596 ﬁeri

187 2615 287 2645 potest,
307 2612 406 2639 ordine
422 2613 577 2648 mancipem
597 2613 716 2646 ed‘ectui,
737 2622 751 2641 a
776 2615 971 2649 suppeditata,

187 2665 246 2692 qua:
274 2658 301 2685 in
321 2659 416 2686 codice
441 2665 534 2687 nostro
560 2659 580 2695 -ι-
604 2668 657 2689 ms.
683 2661 733 2688 193
761 2661 808 2690 fol.
835 2670 917 2690 verso
937 2661 972 2690 78

188 2707 215 2729 et
229 2711 306 2740 seqq.
322 2712 337 2732 e
353 2704 450 2734 Leonis
472 2706 565 2734 Allatii
582 2714 634 2735 ms.
657 2711 781 2742 excerpta
800 2712 900 2741 exstat,
925 2717 974 2744 per

189 2747 321 2778 Joannem
342 2750 511 2779 Slauracium
529 2761 611 2788 supra
626 2754 776 2788 saepissime
791 2754 928 2782 laudatum
941 2755 975 2784 de

189 2798 323 2824 monacho
338 2797 466 2831 quodam,
484 2800 596 2826 nomine
610 2798 720 2832 Vitalio,
734 2800 890 2828 narratione
906 2801 976 2829 duco

191 2839 309 2870 initium.
322 2841 371 2869 Hic
386 2843 412 2870 in
430 2844 581 2872 celsissimo
599 2844 763 2873 Macedoniae
787 2850 880 2874 monte
891 2847 974 2880 Atho,

195 2891 247 2915 tum
263 2889 493 2917 monasteriorum
523 2898 584 2925 quas
613 2892 815 2926 complectitur,
831 2898 888 2921 tum
915 2901 973 2923 mo-

370 2935 504 2966 Px’mon.
525 2936 581 2968 Gn.
598 2937 704 2970 CXV].

1020 2295 1126 2330 λάρναξ
1144 2296 1230 2331 ἐφάνη
1247 2296 1353 2328 τούτοις
1383 2296 1647 2332 περικεκαλυμμένη
1667 2299 1805 2333 μαρμάρῳ

1020 2341 1103 2377 λευκῇ
1119 2361 1127 2374 ,
1153 2341 1187 2377 ἢν
1210 2343 1258 2369 καὶ
1277 2342 1380 2377 ταύτην
1397 2341 1502 2368 ἐκεῖθεν
1519 2341 1673 2378 διάραντες,
1693 2344 1741 2370 καὶ
1756 2344 1806 2378 τὴν

1020 2387 1144 2422 λάρνακα
1163 2387 1416 2422 ἀναχαλυψάμενοι,
1431 2385 1501 2414 είδον
1517 2387 1591 2415 ἔνδον
1608 2388 1711 2423 ταύτης
1726 2389 1805 2416 ἀκτι-

1021 2431 1184 2460 νοϐολοῦντα
1198 2433 1246 2460 τὸν
1260 2433 1389 2468 μάρτυρα
1402 2432 1540 2467 κείμενον,
1556 2432 1646 2465 ζῶντα
1661 2433 1805 2469 καθαρῶς,

1025 2478 1073 2505 καὶ
1090 2478 1197 2505 ὲοικὸτα
1209 2478 1385 2511 ύπνώττοντι,
1397 2479 1600 2514 ὑπομειδιῶντα
1630 2480 1676 2507 καὶ
1690 2481 1806 2516 φαιδρω-

1022 2524 1081 2551 πόν.
1113 2525 1171 2552 Καὶ
1209 2525 1264 2552 ἰδοὺ
1291 2525 1388 2561 μυρίαι
1414 2525 1530 2562 τρώσεις
1561 2526 1601 2561 τῷ
1634 2527 1752 2563 μάρτυρι
1775 2528 1806 2554 ἐκ

1022 2571 1160 2606 τραχήλου
1180 2571 1261 2606 μέχρι
1289 2571 1337 2598 καὶ
1358 2571 1459 2606 ὀσφύος
1476 2572 1561 2607 αὐτῆς
1579 2572 1805 2608 πεπὺκνωμέναι,

1025 2617 1072 2643 καὶ
1101 2617 1220 2652 ἀλλήλας
1247 2618 1369 2653 ἀκριϐῶς
1396 2619 1630 2653 προσεγγίξουσαι
1662 2619 1733 2646 κατὰ
1758 2620 1808 2650 τὰς

1024 2662 1302 2699 κηροπλαστουμένας
1321 2665 1393 2696 «ταῖς
1419 2664 1564 2700 μελίσσαις
1593 2665 1681 2697 ὀπὰς,
1710 2665 1808 2696 σκεῦος

1024 2705 1080 2735 οἷον
1101 2709 1214 2744 μυωπδν
1239 2709 1287 2736 καὶ
1304 2709 1396 2745 μύρων
1413 2710 1598 2746 μυριοφλέὸες
1612 2712 1644 2738 ἐκ
1659 2710 1713 2737 τῶν
1733 2711 1808 2737 ὀπῶν

1024 2754 1210 2789 ἀνεπήγαζον,
1237 2755 1346 2790 σφοδρῷ
1365 2755 1492 2790 καθάπερ
1511 2756 1637 2783 κάτωθεν
1663 2756 1809 2791 ἀναφυσώ-

1027 2809 1106 2836 μεναι
1134 2802 1281 2836 πνεύματν
1300 2802 1349 2829 καὶ
1372 2802 1473 2837 μικροῦ
1500 2802 1555 2829 δεῖν
1583 2803 1607 2829 οἱ
1626 2803 1720 2839 ἄνδρες
1736 2799 1809 2830 οὗτοι

1027 2847 1075 2873 καὶ
1106 2847 1307 2880 κατεκλύζοντο
1329 2848 1386 2880 τοϊς
1414 2848 1468 2875 τῶν
1500 2848 1595 2885 μύρων
1622 2848 1808 2883 ἁναπηδύουσι

1030 2893 1174 2930 ῥεύμασιν,
1189 2894 1224 2921 ’⁷0
1238 2903 1268 2922 τι
1290 2895 1336 2922 καὶ
1352 2895 1366 2923 ὁ
1386 2895 1507 2927 Βιτάλιος
1529 2895 1601 2929 ἰδὼν,
1612 2895 1657 2923 καὶ
1672 2893 1806 2930 ὑπερθαυ-

1516 2941 1554 2972 ίι5
