2038 3151
263 176 330 208 Hi9

911 178 1234 211 SUPPLEMENTUM.

1810 183 1874 215 ιιξυ

261 233 361 266 μάσας,
387 231 418 258 τὸ
445 231 516 258 θετον
551 232 638 258 ἐκεῖνο
658 230 738 266 σῶμα
767 230 813 258 τοῦ
840 232 977 267 μάρτυρος
997 233 1041 258 καὶ

1097 239 1124 261 ut
1141 235 1190 261 viri
1215 234 1251 262 illi
1281 235 1435 263 subsilienli
1458 235 1538 263 etiam
1563 236 1693 272 unguenti
1712 235 1786 264 ﬂuxu
1809 238 1872 264 sub.

260 277 446 315 προσεκύνησε
463 279 511 305 καὶ
523 278 678 312 ἠσπάσατο,
697 278 744 304 καὶ
761 278 858 310 σκεῦός
889 288 914 305 τι
927 279 965 310 ὡς
987 279 1043 306 ἐδό-

259 333 303 351 κει
321 324 412 359 φέρων
430 324 531 359 χεροῖν,
550 324 565 350 ὃ
578 324 646 358 δῆτα
669 324 810 358 ὲγχωρίως
835 323 958 351 καλεῖται
981 333 1043 350 κου-

259 370 375 405 τρίσιον,
399 369 480 396 τοῦτο
506 369 561 396 τῶν
587 369 794 400 ἁναόλυζόντων
819 370 924 397 ἐκεῖθεν
949 370 1042 405 μύρων

261 415 462 450 πεπλήρωκεν·
480 415 559 446 αὖθις
593 412 641 441 οὖν
668 414 717 448 τὴν
747 415 902 449 μυροφόρον
934 415 1043 449 ικεῖνην

259 461 499 495 ὲπιπωματίζουσι
512 460 644 495 λάρνακα,
657 459 704 486 καὶ
715 459 800 494 ταύτῃ
817 459 882 494 χοῦν
895 459 942 486 τὸν
956 459 1043 494 εὐώδη

260 506 459 540 περιτιθέασιν,
479 505 527 533 καὶ
553 505 625 532 οὕτω
649 505 732 531 πάλιν
755 506 786 532 τὸ
804 506 837 531 ὲκ
863 505 918 532 τῶν
947 505 1043 540 μύρων

260 553 382 589 πηλῶδες
400 553 497 585 ικεῖνο,
513 551 562 584 τὰς
596 551 761 588 μαρμάρους
780 560 809 578 τε
838 551 886 578 καὶ
909 551 959 587 τὴν
979 560 1042 586 φαι-

262 600 379 634 νομένην
396 600 478 626 πᾶσιν
493 598 597 626 ἄνωθεν
616 598 751 634 λάρνακα.

297 645 342 672 36.
363 642 421 671 Εἴθ’
434 644 506 671 οὕτω
519 643 569 679 τὴν
584 643 688 679 σεπτὴν
703 644 751 670 καὶ
772 643 849 670 πάλιι
871 643 1043 678 μαρτυρικὴν

262 691 378 718 κιὸωτδν
402 691 577 726 Θυρώσαντες
597 691 635 722 ὡς
659 690 688 717 τὸ
710 691 841 724 πρότερον
863 689 974 724 ἐξῆλθον
996 689 1044 715 καὶ

261 737 308 764 τοῦ
323 737 387 764 ναοῦ
407 738 453 764 καὶ
469 737 517 771 τῆς
538 736 643 767 πόλεως
659 744 665 751 ·
684 737 696 762 ὁ
715 735 764 770 μὲν
783 735 907 766 nmmo;
924 735 1040 769 τραπεὶς

262 783 485 818 παλιμπόρευτος
514 783 583 818 πρὸς
606 782 667 808 ὅθεν
685 783 765 815 δῆτα,
781 782 819 813 ὡς
831 782 929 814 ἐδόκει,
945 781 1042 816 ἐλήλυ-

262 828 308 854 θεν
321 836 330 844 ⁸
349 828 363 854 (ι
378 828 407 854 δὲ
430 827 567 862 νεωκόρος
587 827 625 859 ὡς
647 826 741 853 τοῦτον
762 826 845 862 μέχρι
870 827 942 858 τινος
959 827 1043 853 τόπου

261 872 487 907 διαπευσόμενος,
504 871 638 906 ’Δλμυρδς
652 871 690 906 τῷ
705 871 781 906 τόπῳ
795 871 826 897 τὸ
844 871 940 905 δνομα.
958 870 1045 896 Ἐκεῖ·

262 918 308 944 θεν
337 915 384 945 οὖν
411 917 487 953 αὐτῷ
514 917 717 952 συνταξάμενος
746 917 823 949 αὖθις
849 916 1041 950 ὑπέστρεψεν,
1059 910 1080 938 Β

260 964 447 1000 αἰτησάμενος
473 964 522 998 μὲν
545 964 591 990 τὸν
611 963 735 991 Βιτάλιον
764 964 796 990 ὲκ
822 963 869 990 τοῦ
891 962 976 998 μύρου
994 962 1043 988 λα-

261 1010 370 1043 ϐέσθαι,
388 1011 456 1045 ὅπερ
471 1010 517 1037 τοῦ
539 1009 709 1045 μαρτυρικοῦ
727 1009 883 1045 ἁπήντλησε
906 1009 1043 1044 σώματος·

261 1056 299 1091 μὴ
315 1056 404 1092 τυχὼν
429 1056 458 1082 δὲ
484 1055 530 1082 τοῦ
550 1055 717 1090 ζητήματος,
731 1056 755 1082 εἰ
777 1055 816 1090 μὴ
843 1055 923 1089 μόνον
938 1054 1045 1084 νοτίδας

263 1102 364 1137 μικρὰς
386 1102 419 1129 ἔκ
437 1101 532 1128 τούτου
551 1101 582 1128 τὸ
602 1102 728 1136 μέτωπον
747 1100 928 1135 σταυροειδῶς
951 1100 1044 1136 lupt-

261 1148 389 1182 σάμενος.
402 1147 434 1174 Τί
449 1147 479 1174 τὸ
495 1148 541 1174 ιπὶ
556 1147 680 1180 τούτοιςς
701 1145 864 1181 ’Δφύπνιστο
881 1147 895 1173 ὁ
909 1145 1042 1178 Βιτὰ).ιος,

261 1195 308 1220 καὶ
321 1193 376 1220 ἰδοὺ
392 1193 421 1219 τὸ
437 1193 608 1228 μαρτυρικδν
622 1193 708 1228 μύρον
720 1194 778 1224 ταῖς
789 1193 867 1228 χερσὶ
880 1192 1042 1226 περιέφερε,

262 1241 309 1266 καὶ
325 1240 385 1272 ὅλος
405 1237 439 1275 ἦν
459 1241 516 1271 τοῖς
529 1240 626 1275 μύροις
639 1239 792 1275 διάϐροχος·
811 1239 858 1266 καὶ
869 1239 928 1270 ὅλος
946 1236 980 1273 ἦν
993 1237 1044 1271 τῆς

262 1286 375 1318 εὐωδίας
390 1286 543 1318 ἀνάπλεως,
561 1285 699 1321 ᾶπληκτος
715 1286 786 1318 ὅλος,
802 1285 862 1317 ὅλης
881 1284 1042 1316 ὶνθουσιῶν,

261 1333 355 1368 τρόμῳ
385 1333 556 1368 κεκραμένος
577 1333 622 1360 καὶ
641 1333 776 1368 χαρμονῇ,
797 1333 920 1366 Μήποτε,
944 1331 1042 1364 λέγων,

261 1380 308 1407 καὶ
326 1379 410 1406 εἰσέτι
427 1379 592 1414 ὀνειροπολῶ
605 1399 612 1411 ,
628 1380 674 1406 καὶ
691 1378 765 1414 μύρα
790 1377 963 1411 φαντάζομαι
982 1375 1043 1402 καθ’

262 1426 364 1457 ὕπνους
381 1425 476 1460 φέρειν
490 1425 537 1452 τοῦ
556 1425 714 1460 μάρτυρος;
738 1424 809 1450 Ἀλλ’
826 1423 863 1454 ὡς
881 1422 969 1448 ἔοικεν
983 1421 1043 1447 οὐδὲ

262 1472 295 1497 τὰ
315 1471 364 1505 τῆς
382 1469 469 1505 oti/sib;
491 1478 538 1504 μοι
550 1469 618 1504 πρὸς
631 1469 710 1503 ὄναρ,
727 1468 774 1496 καὶ
788 1467 835 1494 τοῦ
856 1465 1042 1502 φανταστικοῦ

263 1514 450 1546 ἀνατύπωσις·
469 1514 538 1542 ἀλλὰ
556 1514 701 1549 σωματικὴ
718 1513 834 1547 ἑνδημία
853 1521 898 1548 μοι
913 1512 978 1547 ἄχρι
994 1511 1043 1546 τῆς

1095 285 1294 315 mergerentur.
1309 280 1386 314 Quod
1404 289 1466 309 eum
1479 281 1598 309 Vitalius
1614 282 1729 309 vidisset
1746 290 1777 310 ac
1790 291 1874 318 supra

1095 326 1205 353 modum
1217 326 1409 359 admiraretur,
1422 327 1546 354 divinutn
1560 327 1626 354 illud
1636 328 1764 362 martyris
1776 335 1875 363 corpus

1094 375 1121 398 et
1138 371 1263 399 adoravit
1286 375 1314 399 et
1340 371 1482 402 salutavit.
1501 372 1703 407 quoddamque,
1718 377 1746 399 ut
1767 373 1874 401 videba-

1094 419 1150 448 tur,
1167 423 1225 449 vas,
1239 415 1383 443 Cutribion
1398 415 1527 443 nimirum
1537 417 1685 444 vernacule
1698 416 1877 451 appellatum,

1094 461 1221 489 manibus
1232 466 1354 496 gestans,
1367 462 1428 489 oleo
1442 462 1468 488 id
1483 461 1547 489 inde
1561 462 1727 489 scaturiente
1739 462 1876 496 implevit.

1094 507 1200 535 Rursus
1219 507 1301 543 igitur
1319 508 1405 540 illam,
1425 515 1441 535 e
1458 515 1512 542 qua
1526 507 1616 534 oleum
1633 507 1767 538 scaturit,
1785 514 1877 534 arcam

1094 554 1240 586 claudunt,
1256 554 1336 589 eique
1350 554 1412 581 boni
1425 554 1519 581 odoris
1535 554 1659 586 humum,
1677 553 1767 588 itaque
1777 552 1879 580 iterum

1093 599 1216 627 oleosum
1234 600 1302 627 illud
1325 599 1431 631 lutum,
1450 599 1610 634 lapidesque
1636 606 1819 631 marmoreos,
1844 606 1879 625 ac

1094 653 1154 680 quae
1170 645 1302 673 divinitus
1320 645 1382 672 data
1398 645 1528 672 omnibus
1543 648 1669 679 apparet.
1695 643 1801 671 thecam
1828 643 1880 670 im-

1094 695 1211 726 ponunt.
1230 691 1275 718 Sic
1301 691 1410 723 deinde,
1437 691 1595 718 venerando
1625 690 1721 717 iterum
1750 689 1880 724 martyris

1094 738 1179 765 etiam
1196 737 1362 770 conditorio,
1382 741 1411 764 ut
1435 738 1512 772 prius
1537 740 1607 767 erat,
1623 736 1731 766 clauso,
1745 742 1761 762 e
1775 735 1879 770 templo

1094 784 1177 811 etiam
1198 791 1229 811 ac
1245 783 1355 811 civitate
1369 787 1433 810 sunt
1447 783 1562 817 egressi,
1574 781 1690 809 Vitalius
1705 782 1817 816 quidem
1832 788 1877 813 eo,

1095 830 1167 857 unde
1187 830 1328 862 nimirum,
1346 833 1376 856 ut
1394 829 1552 864 apparebat,
1570 832 1699 859 venerat.
1718 828 1816 855 iterum
1835 835 1880 855 re-

1095 876 1185 910 diens,
1201 875 1318 904 aedituus
1336 879 1427 902 autem
1452 874 1536 902 veluti
1564 874 1640 901 illum
1659 874 1853 902 observaturus
1868 892 1877 905 ο

1095 921 1129 949 ad
1148 921 1304 956 quemdam,
1328 920 1373 948 cui
1397 927 1495 947 nomen
1522 923 1582 947 erat
1610 919 1752 951 Almurus,
1774 918 1876 946 locum.

1095 965 1165 994 Hinc
1185 966 1266 1000 igitur
1277 964 1365 993 eidem
1379 965 1533 1000 adjunctus,
1546 963 1738 992 canitalium
1755 963 1880 998 quidem.

1095 1015 1126 1039 ut
1139 1019 1171 1039 ex
1187 1011 1258 1043 oleo,
1273 1011 1347 1045 quod
1364 1017 1380 1038 e
1396 1009 1524 1044 martyris
1538 1016 1654 1044 corpore
1668 1009 1811 1040 hauserat,
1833 1015 1882 1035 ac-

1095 1056 1215 1091 ciperet,
1239 1055 1420 1091 postulasset,
1449 1054 1653 1089 postulatoque,
1679 1053 1702 1080 si
1727 1051 1881 1088 pauxillum

1095 1102 1200 1130 humidl
1209 1100 1362 1136 exceperis,
1375 1109 1429 1128 non
1441 1101 1564 1131 oblento.
1577 1107 1610 1127 eo
1623 1099 1716 1127 crucis
1727 1099 1755 1126 in
1768 1098 1881 1125 modum

1094 1149 1213 1177 frontem
1229 1148 1366 1179 tinxisset,
1391 1147 1486 1182 pedem
1505 1146 1605 1173 iterum
1622 1150 1694 1172 retro
1718 1144 1792 1172 tulit.
1816 1142 1883 1170 Haec

1095 1195 1166 1222 inter
1181 1194 1296 1222 Vitalius
1312 1192 1451 1228 paululum
1469 1191 1674 1226 expergeiactus
1690 1194 1746 1222 est,
1756 1194 1792 1221 et,
1805 1195 1881 1221 ecce,

1094 1240 1222 1276 martyris
1232 1243 1400 1274 unguentum
1415 1236 1543 1265 manibus
1554 1235 1776 1266 circumferebat,
1794 1238 1883 1262 totus.

1095 1293 1147 1321 que
1160 1290 1219 1313 erat
1233 1285 1293 1312 oleo
1306 1283 1444 1315 madidus,
1458 1282 1585 1316 bonoque
1597 1281 1682 1309 odore
1697 1279 1882 1314 undequaque

1094 1333 1204 1368 plenus,
1218 1330 1373 1366 perculsus,
1389 1332 1464 1356 totus
1476 1331 1552 1355 extra
1578 1334 1608 1354 se
1632 1329 1737 1360 raptus,
1761 1328 1883 1352 tremore

1095 1385 1127 1406 ac
1137 1377 1230 1405 laetitia
1244 1383 1408 1411 suspensus,
1423 1373 1529 1404 Nonne.
1541 1373 1646 1405 dicens,
1655 1371 1747 1398 adhuc
1762 1370 1882 1402 somnio.

1094 1424 1275 1458 martyrisque
1285 1429 1328 1450 me
1342 1421 1414 1449 ferre
1427 1421 1516 1448 oleum
1527 1420 1554 1446 in
1573 1418 1679 1446 somnio
1690 1417 1844 1452 imaginor?
1857 1425 1866 1442 ι

1130 1470 1176 1497 58.
1195 1478 1204 1494 ι
1223 1468 1336 1499 Verum,
1356 1471 1387 1494 ut
1403 1466 1520 1496 videtur,
1535 1464 1601 1492 mihi
1618 1463 1691 1490 haud
1715 1463 1829 1491 visionis
1854 1462 1882 1489 in

1094 1523 1202 1548 somno,
1224 1513 1431 1548 phantasiaque
1449 1511 1533 1543 lletio,
1553 1509 1601 1538 sed
1624 1517 1766 1543 corporea,
1791 1509 1828 1535 ita
1853 1512 1883 1535 ut

265 1559 439 1595 μαρτυρικῆς
465 1559 559 1594 τιμίας
583 1559 672 1594 σοροῦ·
693 1558 776 1586 αὑτοῦ
795 1567 840 1593 μοι
857 1557 904 1584 τοῦ
924 1556 1043 1591 μεγάλου

1097 1560 1225 1596 martyris
1248 1559 1329 1587 etiam
1352 1557 1472 1586 loculum
1495 1559 1641 1583 veneratus
1657 1555 1719 1587 sim,
1735 1553 1881 1589 praesentia

263 1605 297 1641 (ὦ
313 1606 385 1633 θείου
405 1606 548 1642 τεραστίου
567 1614 597 1632 τε
616 1605 664 1632 καὶ
676 1604 848 1640 ἀκούσματος
858 1604 878 1639 ε)
901 1603 935 1630 τὰ
957 1602 1047 1629 πάντα

262 1653 492 1688 οίκονομὴσαντος
517 1653 556 1685 ὠς
575 1652 612 1688 μὴ
633 1652 680 1679 καὶ
707 1651 884 1687 βλασφημίας
914 1649 1048 1685 κρημνοῖς

264 1700 452 1737 περιπέσοιμι.
475 1710 485 1726 ι
498 1700 527 1728 In
545 1707 642 1728 somno
657 1699 732 1728 visus
749 1699 802 1726 sibi
816 1702 858 1726 est
873 1696 1048 1725 Thessaloni-

263 1758 324 1778 cam
344 1749 460 1781 delatus,
485 1756 518 1776 ac
538 1748 668 1783 templum
697 1746 827 1781 martyris
853 1749 954 1777 tenere,
979 1743 1047 1772 aedi-

264 1801 392 1829 tuumque
409 1793 547 1820 invenisse
563 1800 595 1819 ac
610 1792 720 1826 alloqui,
731 1796 824 1826 atque,
840 1791 882 1817 An
898 1793 1047 1825 martyrem

265 1841 360 1868 videre
377 1839 442 1866 vis?
456 1837 562 1871 audire,
582 1836 754 1873 Vitaliusque
770 1844 902 1864 annuere.
917 1836 950 1864 Et
972 1843 1047 1869 vero,

267 1889 297 1914 ut
312 1892 372 1912 eum
385 1889 412 1912 et
422 1883 526 1912 videret
539 1888 567 1911 et
583 1887 759 1911 veneraretur
772 1890 854 1918 quam
869 1882 987 1910 maxime
998 1889 1049 1910 ex-

267 1930 385 1966 petebat.
402 1930 492 1964 Atque
506 1929 544 1956 ita
557 1929 667 1963 quidem
689 1929 808 1957 tedituus
822 1928 954 1963 praeibat,
971 1926 1048 1955 Vita-

266 1976 320 2004 lius
336 1982 400 2003 vero
411 1975 584 2010 sequebatur.
596 1974 631 2003 Ut
644 1978 735 2002 autem
748 1975 782 2001 ad
796 1981 905 2003 sacrum
920 1973 1049 2009 martyris

264 2021 446 2049 conditorium
461 2024 606 2054 venerunt,
631 2021 711 2048 ambo
736 2027 785 2056 per
810 2019 901 2048 oleum
919 2024 984 2048 sunt
1002 2020 1047 2047 in-

266 2067 363 2102 gressi,
377 2067 531 2102 janussque
545 2066 691 2094 recludunt
702 2073 733 2094 ac
746 2073 852 2094 sacram
864 2066 972 2094 thecam
985 2065 1050 2093 sub-

267 2116 388 2143 movent,
414 2111 574 2146 lapidesque
599 2118 768 2139 marmoreos
792 2116 897 2146 septem
922 2118 938 2138 e
960 2110 1050 2138 medio

267 2156 333 2184 hinc
353 2156 462 2184 tollunt.
479 2156 518 2184 Ac
542 2156 569 2183 in
585 2155 691 2184 tumulo
713 2155 824 2191 quidem
852 2155 954 2184 ibidem
975 2155 1049 2183 exsi-

268 2205 358 2230 stente
380 2209 427 2236 per
444 2202 518 2229 vices
533 2200 657 2235 fodiunt;
672 2207 735 2236 post
752 2205 842 2229 autem
859 2209 926 2236 pura
949 2201 1050 2229 humus

267 2247 331 2280 alia,
346 2247 411 2275 boni
424 2246 517 2275 odoris
535 2247 713 2282 undequaque
725 2247 870 2280 exsistens,
887 2247 949 2274 inde
961 2252 1051 2275 extra-

268 2293 354 2322 hitur.
367 2293 515 2328 Postquam
532 2301 596 2320 vere
609 2292 694 2321 fossio
710 2292 743 2320 ad
759 2297 815 2320 tres
835 2300 924 2328 usque
939 2292 1049 2321 subitos

269 2348 300 2368 ac
313 2340 392 2375 paulo
406 2339 524 2375 amplius
539 2340 736 2375 processisset,
752 2347 816 2367 arca
832 2339 898 2375 ipsis
911 2340 1048 2374 apparuit,

270 2385 360 2421 lapide
376 2393 530 2413 martnoreo
545 2385 660 2413 candido
671 2389 810 2420 cooperta,
824 2391 904 2420 quem
922 2385 1000 2420 juxta
1019 2392 1051 2413 ac

268 2432 342 2459 illam
354 2439 416 2459 cum
428 2431 491 2459 inde
507 2431 686 2464 amovissent,
699 2438 846 2466 areamque
863 2430 1047 2466 aperuissent.

268 2482 428 2514 martyrem,
448 2478 494 2512 qui
512 2478 538 2505 in
555 2485 587 2505 ea
601 2477 717 2513 iaceret,
741 2477 834 2505 radios
849 2484 864 2504 a
882 2484 944 2505 sese
966 2477 1049 2504 emit-

267 2528 368 2551 tentem
379 2543 387 2556 ,
400 2523 516 2551 vividum
528 2523 640 2551 omnino
652 2527 839 2558 apparentem,
851 2523 1052 2558 dormientique

266 2569 396 2602 similem,
412 2568 596 2597 subridentem
609 2576 641 2597 ac
654 2569 729 2597 vultu
745 2569 858 2597 hilarem
882 2569 1019 2597 viderunt.
1039 2578 1048 2595 ι

304 2615 349 2642 57.
371 2623 380 2640 ι
399 2615 441 2648 Ει,
460 2621 534 2647 ecce,
559 2614 645 2650 plagae
668 2614 800 2648 inﬁnitas,
820 2614 932 2650 martyri
949 2622 965 2641 a
981 2614 1050 2642 collo

268 2660 302 2687 ad
318 2661 392 2694 ipsos
405 2667 494 2695 usque
509 2660 617 2688 lumbos
631 2660 716 2688 dense
731 2660 851 2694 inﬂictae,
868 2660 1049 2695 invicemque,

269 2713 324 2733 non
337 2713 417 2734 secus
431 2713 463 2733 ac
478 2705 622 2739 foramina,
637 2705 671 2733 ab
687 2705 783 2741 apibus
793 2713 810 2734 e
823 2713 885 2734 cera
898 2710 1050 2741 compacta,

267 2751 382 2779 omnino
401 2751 602 2787 contingentes,
629 2755 797 2786 unguentum
820 2759 835 2780 e
856 2751 1052 2785 foraminibus,

273 2797 345 2824 vasis
363 2796 492 2831 perforati
517 2797 632 2833 oleoque
656 2797 763 2826 inﬁnito
792 2798 926 2826 scatentis
946 2798 975 2826 in
991 2805 1052 2826 mo-

269 2840 347 2872 dum,
365 2842 534 2875 emittebant.
551 2850 584 2871 ac
602 2844 627 2871 si
643 2850 658 2870 a
677 2843 831 2872 vehementi
857 2843 975 2878 quodam
1000 2844 1054 2878 spi-

269 2885 322 2914 ritu
340 2887 464 2914 ceorsum
483 2890 599 2918 fuissent
617 2889 725 2919 inﬂatas.
741 2889 796 2920 Nec
813 2890 929 2920 multum
945 2891 1050 2926 abfuit,

1099 1615 1161 1636 sese
1178 1606 1285 1637 obtulit.
1304 1606 1419 1640 ipsemet
1431 1609 1528 1638 magno
1540 1602 1568 1637 (ο
1582 1602 1705 1629 divinum
1727 1599 1883 1635 prodigium

1097 1660 1130 1681 ac
1144 1650 1376 1684 ordinationem!)
1394 1649 1459 1677 mihi
1473 1648 1597 1678 omnino.
1613 1655 1645 1674 ne
1658 1647 1685 1673 in
1705 1645 1883 1680 blasphemia:

1098 1699 1278 1734 praecipitium
1302 1697 1440 1732 prolabar,
1471 1694 1666 1730 prospiciente.
1697 1702 1707 1718 ι
1736 1691 1800 1719 Haec
1824 1692 1883 1719 loco

1098 1752 1183 1780 supra
1205 1744 1252 1771 cit.
1276 1742 1449 1773 Stauracius,
1463 1740 1517 1768 alia
1532 1739 1644 1774 insuper
1657 1738 1748 1773 plura,
1766 1737 1884 1765 brevita-

1099 1791 1134 1817 tis
1151 1797 1225 1825 ergo,
1241 1791 1313 1823 quod
1328 1788 1361 1815 ad
1379 1794 1435 1815 rem
1451 1785 1523 1813 haud
1540 1785 1654 1812 multum
1669 1784 1783 1815 faciant,
1799 1791 1814 1810 a
1831 1789 1884 1809 no-

1099 1835 1140 1863 bis
1158 1836 1202 1862 hic
1216 1833 1375 1864 omittenda,
1389 1840 1452 1860 mox
1467 1832 1629 1867 adiungens,
1643 1829 1799 1863 Vitalioque
1821 1835 1882 1855 mo-

1099 1881 1188 1908 nacho
1212 1887 1262 1914 pro
1289 1878 1412 1911 arbitrio,
1435 1881 1467 1905 ut
1488 1880 1613 1912 apparet,
1625 1875 1768 1910 aﬂingens,
1781 1875 1882 1910 quibus

1100 1927 1145 1955 hic
1169 1925 1304 1961 stupendo
1330 1931 1412 1959 quam
1441 1925 1556 1951 maxime
1580 1922 1729 1957 unguenti,
1755 1929 1771 1949 e
1793 1922 1883 1949 sancti

1100 1972 1230 2001 Demetrii
1247 1971 1351 1998 tumulo
1366 1970 1444 2005 copia
1459 1975 1603 2005 permagna
1619 1966 1800 1998 scaturientis.
1814 1973 1882 2001 pro-

1099 2020 1171 2054 digio
1188 2017 1437 2046 luculentissimum
1449 2035 1458 2048 ,
1473 2023 1535 2044 cum
1559 2015 1649 2042 oblata
1666 2014 1691 2042 ei
1706 2034 1713 2047 ,
1730 2019 1811 2048 quam
1825 2013 1882 2047 jam

1100 2064 1286 2098 exhibuimus,
1299 2063 1368 2091 visio
1388 2062 1495 2094 fuisset.
1518 2060 1704 2089 testimonium
1720 2059 1884 2094 praebuerit,

1100 2110 1316 2139 incredulitatem
1325 2116 1401 2137 suam
1411 2108 1500 2135 isthac
1511 2107 1624 2134 omnino
1635 2103 1884 2133 dedoctusNerum

1100 2157 1169 2185 nihil
1183 2162 1307 2191 prorsus,
1331 2154 1404 2190 quod
1421 2153 1463 2181 vel
1485 2151 1611 2180 monachi
1628 2149 1721 2178 Vitalii
1745 2149 1819 2178 atati
1841 2149 1885 2176 vel

1101 2203 1201 2230 oblatae
1217 2202 1290 2234 huic,
1313 2208 1395 2236 quam
1414 2203 1518 2232 narrat,
1536 2197 1650 2226 visionis
1665 2196 1775 2232 epocbe
1791 2195 1884 2223 deter-

1063 2246 1089 2276 D
1103 2247 1240 2277 uitiandas
1252 2251 1391 2282 utcunque
1403 2245 1529 2278 suﬂiciat,
1539 2242 1699 2271 Stauracius
1715 2240 1883 2276 suppeditat;

1100 2295 1165 2324 hinc
1190 2298 1280 2322 autem
1294 2293 1335 2325 tit,
1351 2297 1391 2325 ut,
1406 2291 1580 2326 quandonam
1594 2288 1673 2324 copia
1685 2291 1769 2320 tanta,
1783 2291 1886 2322 quanta

1101 2341 1130 2369 in
1147 2340 1252 2368 visione
1269 2339 1353 2366 relata
1368 2337 1580 2370 narrationeque
1599 2335 1669 2362 hanc
1684 2332 1823 2368 complexa
1838 2333 1885 2359 in-

1102 2386 1207 2419 nuitur,
1236 2384 1417 2414 scaturientis
1446 2390 1462 2411 e
1489 2382 1583 2410 Sancti
1610 2387 1727 2416 corpore
1752 2379 1885 2414 unguenti

1102 2433 1256 2469 prodigium
1270 2432 1359 2459 locum
1375 2429 1513 2461 habuerit,
1523 2427 1630 2456 deliniri
1646 2426 1719 2454 haud
1728 2429 1820 2461 queat,
1833 2424 1885 2452 etsi

1103 2478 1214 2506 interim
1226 2497 1235 2510 ,
1249 2481 1280 2504 ut
1296 2475 1342 2503 diu
1357 2479 1420 2503 ante
1440 2473 1577 2502 Stauracii
1593 2475 1700 2500 aetatem
1715 2470 1886 2498 initium'ac-

1102 2524 1216 2559 ceperit,
1243 2521 1397 2550 certissime
1419 2528 1452 2549 ex
1478 2527 1522 2552 eo,
1546 2518 1619 2554 quod
1639 2517 1730 2545 verbis
1749 2523 1825 2543 num.
1851 2513 1887 2541 52

1109 2570 1240 2602 recitatis,
1258 2570 1285 2597 iu
1302 2567 1426 2604 ejusdem
1446 2565 1567 2594 auctoris
1583 2563 1772 2592 lucubratione
1787 2564 1887 2596 praesit

1103 2615 1173 2643 visio
1199 2614 1322 2650 praefata,
1347 2611 1547 2644 consectarium
1571 2609 1685 2638 omnino
1714 2608 1761 2635 sit.
1788 2606 1887 2633 Verum

1105 2662 1266 2690 Stauracius
1279 2668 1311 2689 ea
1329 2661 1412 2688 etiam
1430 2658 1597 2694 suppeditat,
1614 2655 1727 2692 quibus,
1745 2657 1826 2680 aetate
1837 2658 1887 2679 sua

1105 2716 1152 2736 seu
1176 2707 1276 2736 saecqu
1299 2707 1381 2735 tertio
1400 2705 1507 2734 decimo
1526 2703 1596 2731 idem
1611 2702 1694 2730 etiam
1711 2698 1888 2728 scaturientis

1103 2754 1182 2789 copia
1207 2754 1325 2781 maxima
1347 2760 1363 2780 e
1387 2751 1480 2780 Sancti
1506 2749 1611 2778 tumqu
1636 2754 1684 2776 seu
1707 2751 1822 2780 corpore
1840 2750 1890 2770 un-

1105 2788 1198 2834 guenti
1215 2798 1369 2833 prodigium
1379 2795 1543 2828 obtinuisse,
1559 2791 1783 2822 manifestissime

1143 2845 1188 2873 39.
1201 2844 1309 2872 Etenim
1322 2847 1385 2879 post
1397 2850 1475 2871 suam
1487 2843 1520 2870 de
1532 2841 1711 2876 Bulgarorum
1723 2844 1783 2871 rege
1795 2833 1888 2879 Scylo-

1109 2889 1214 2920 Joanne
1232 2878 1428 2923 narrationem,
1445 2894 1528 2922 quam
1542 2886 1632 2916 verbis
1650 2891 1726 2912 num.
1742 2881 1776 2910 52
1791 2878 1887 2908 recita-
