2038 3151
147 191 211 224 Mil

657 191 687 222 S.
707 191 896 221 DEMETRII
919 189 1116 220 MARTYRIS
1136 189 1240 221 ACTA.

1698 186 1769 219 1422

144 253 179 281 tis
193 251 345 287 subiungit,
363 249 465 278 Gr.rcis
483 250 556 278 hisce
575 250 649 281 aliis,
662 250 759 278 Latine
779 251 812 278 ad
827 250 930 278 calcem

983 248 1029 275 καὶ
1043 250 1076 284 τῇ
1094 248 1166 283 χειρὶ
1187 247 1311 283 κατέχων
1326 247 1476 284 βακτηρίαν
1493 246 1607 282 λεπτὴν.
1621 247 1706 282 ταύτῃ
1719 247 1769 282 τὴν

144 298 266 330 redditis,
284 298 320 324 ita
345 297 440 324 scribit
454 305 461 329 ;
479 296 527 328 Tt;
543 296 592 323 οὐκ
612 293 666 323 οἶδε
682 296 730 332 τὴν
749 296 781 323 ὲκ
796 297 843 323 τοῦ
858 305 925 323 παν-

143 345 252 379 εντὶμου
281 342 476 379 Δημητριακοῦ
502 342 630 377 σώματος
648 342 858 374 ἀναϐλύζουσαν
872 342 928 368 τῶν

144 391 239 425 μύρων
255 388 355 423 πηγὴν,
372 389 421 422 ὅση
435 388 474 422 τῷ
486 387 648 423 πληθυσμῷ,
665 387 702 419 ὡς
715 387 928 423 ὑπερεκχεῖσθαι

143 436 261 463 καὶτῶν
277 435 368 469 κύκλῳ
385 435 433 470 τῆς
455 434 531 466 θείαις
553 434 637 461 αὑτοῦ
667 434 749 469 σοροῦ
771 433 928 469 μυροδόχων

144 481 297 516 δεξαμενῶν
310 489 317 514 ;
330 477 414 507 Αὗται
431 481 464 507 ὲκ
483 479 575 514 πηγῆς
590 479 645 506 τῶν
664 479 759 515 μύρων
774 478 819 506 τοῦ
841 478 928 513 μάκα-

143 534 189 561 ρος
208 526 305 560 μέχρις
328 525 418 552 αὐτῶν
439 525 582 560 δεχόμεναι
611 525 658 550 τὸν
685 523 772 559 εὐώδη
790 522 853 558 ῥοῦν
871 523 927 549 διι-

141 572 353 607 κρουνιζὸμενον
372 573 429 603 τοῖς
450 570 626 606 βουλομένοις
647 570 704 597 τῶν
721 569 928 605 Χριστωνύμων

140 619 215 644 κατὰ
231 618 323 645 πᾶσαν
337 617 412 652 ὥραν
430 618 548 653 ἰατρεῖον
561 617 722 652 πρόκεινται
743 616 926 650 ἑτοιμότατον

140 664 189 690 καὶ
205 663 285 698 γένος
313 663 396 694 ἅπαν.
427 663 475 690 καὶ
499 663 592 699 ἡλικία
609 661 684 689 πᾶσα
703 661 808 688 ἐκεῖθεν
821 669 927 695 πρυτα-

141 711 213 737 νεῖον
227 709 345 744 ἄφθονον
359 710 412 736 τῶν
433 710 527 744 μύρων
548 708 695 735 πλουτοῦσι
711 707 757 734 τοῦ
776 707 927 742 μάρτυρος·

141 756 250 792 ἄνδρες,
264 757 392 790 γυναῖκες
422 755 469 782 καὶ
498 755 583 788 νήπια
603 755 679 786 ὅλαις
699 754 796 789 χερσὶν
816 753 866 779 ὅσα
882 751 929 779 καὶ

142 803 244 836 dictum.
265 802 332 836 πρὸς
353 802 466 833 ἑαυτοὺς
497 800 528 827 τὸ
547 801 633 836 μύρον
651 799 755 826 ἐκεῖθεν
772 799 928 833 ὲφέλκουσι·

143 850 192 876 καὶ
213 849 238 875 οἱ
258 849 308 884 μὲν
330 849 497 882 ὀφθαλμοὺς,
510 848 534 873 οι
555 847 582 873 δὲ
599 847 686 882 πόμα
701 846 750 874 καὶ
764 843 821 873 ὦτα
837 845 928 880 τούτῳ

145 895 358 929 καθαγιάζουσιν
372 902 379 909 ο
400 895 424 920 ot
447 894 476 920 δὲ
500 894 548 920 καὶ
569 893 669 928 στέρνα
696 894 744 919 καὶ
770 892 861 918 πᾶσαν
881 891 928 918 τοῦ

143 941 271 974 σώματος
285 939 449 974 ὁλομέλειαν
465 939 504 974 τῷ
528 938 608 974 μύρῳ
625 937 863 974 προσεπιχρίουσι,
884 937 931 963 καὶ

143 985 238 1018 ἁπλῶς
255 986 343 1012 εἰπεῖν
359 985 518 1020 ἀκορέστως
539 984 632 1019 ἔχουσι
651 985 700 1019 τῆς
715 984 748 1010 ἐκ
769 983 864 1010 τούτου
880 992 932 1010 κα-

142 1032 328 1068 ταμυρίσεως.
347 1041 357 1058 ‹
379 1031 447 1065 Quis
472 1032 603 1066 unguenti
630 1031 732 1058 fontem
746 1050 754 1063 ,
773 1038 788 1058 e
814 1030 932 1057 maxime

141 1079 298 1107 venerando
321 1078 454 1106 Demetrii
478 1085 595 1113 corpore
618 1076 814 1105 scaturientem
828 1095 836 1107 ,
858 1075 932 1102 haud

142 1125 239 1153 novit?
251 1124 338 1152 Tanta
351 1129 443 1151 manat
455 1125 542 1159 copia,
555 1127 585 1150 ιιι
596 1124 679 1151 etiam
692 1126 768 1150 extra
780 1122 930 1154 destinata,

140 1179 202 1207 quae
219 1179 326 1198 sacrum
339 1171 414 1198 illius
429 1170 563 1197 tumulum
578 1169 701 1204 cingunt,
716 1173 856 1204 unguento
868 1176 931 1196 sus-

141 1217 268 1252 cipiendo
301 1223 365 1244 vasa
389 1223 448 1244 sese
464 1216 594 1243 effundat.
615 1215 676 1244 Haec
709 1216 777 1243 bene
792 1215 931 1248 olentem,

141 1270 203 1298 qua:
221 1270 236 1290 e
254 1263 323 1290 beati
341 1268 544 1298 unguentorum
569 1263 644 1290 fonte
667 1262 814 1293 emittitur,
835 1261 934 1288 ﬂuxio-

141 1318 203 1336 nem
224 1309 251 1336 in
269 1317 330 1337 sese
345 1309 518 1344 recipientia,
534 1309 752 1344 praseutissima
768 1308 932 1336 Christianis

142 1355 296 1382 valentibus
319 1355 394 1382 omni
420 1355 488 1382 hora
512 1360 622 1382 exstant
643 1356 750 1382 ofiicina
766 1354 881 1382 medica.
901 1353 933 1381 Et

141 1408 229 1435 genus
249 1401 408 1428 universum
425 1405 451 1428 et
466 1407 531 1428 retas
549 1401 641 1429 omnis
658 1401 768 1436 publico
783 1401 858 1433 hinc,
877 1407 931 1435 quo

141 1445 273 1480 martyris
289 1449 427 1481 unguenta
441 1445 550 1473 abunde
575 1446 697 1478 aluntur,
722 1445 782 1473 loco
806 1445 931 1480 locuple-

141 1495 244 1518 tantur.
263 1490 319 1518 Viri
334 1511 341 1523 ,
360 1492 489 1519 mulieres
512 1496 539 1518 ct
569 1492 645 1525 pueri
663 1491 729 1519 totis
743 1492 871 1518 manibus
886 1499 933 1526 per

140 1536 224 1564 tubos
238 1540 410 1571 unguentum
433 1537 496 1564 inde
514 1536 547 1563 ad
561 1544 590 1564 se
605 1537 728 1564 eliciunt.
747 1537 785 1564 Ac
809 1537 855 1563 ahi
870 1539 932 1571 qui-

979 295 1039 322 ἀδὴν
1058 295 1106 322 τοῦ
1128 294 1216 330 μύρου
1233 293 1381 330 διέγραψεν
1401 295 1432 320 ἑκ
1447 293 1497 328 τῆς
1515 293 1674 328 μυροφόροδ
1692 293 1768 328 δεινή-

980 350 1029 373 σας
1049 340 1153 376 ταύτην
1179 341 1271 376 σοροῦ,
1293 341 1342 367 καὶ
1362 341 1402 372 εἰς
1425 341 1573 375 πρόσωπον
1588 339 1635 365 τοῦ
1652 338 1767 373 ἐδάφους

978 388 1040 414 κατ’
1056 387 1164 414 εὐθεῖαν
1184 387 1423 422 σχηματισάμενος
1438 386 1486 413 τοῦ
1502 385 1580 418 ναοῦ,
1601 385 1649 412 καὶ
1662 394 1768 421 trapeto.

978 434 1043 460 τίκα
1063 433 1156 468 μύρων
1174 433 1266 468 exne;
1279 434 1383 460 ὲκεῖοεν
1395 433 1502 468 ὲξέρρει
1516 432 1563 460 καὶ
1579 431 1618 466 τῷ
1632 431 1690 466 τοῦξ
1703 431 1767 458 ναοῦ

978 480 1090 516 ὁμαλῶς
1116 480 1165 508 καὶ
1192 481 1281 514 ἠπίως
1314 480 1522 516 περιελιμναζε.
1556 480 1611 506 Καὶ
1631 480 1766 514 ποταμὸς,

980 526 1046 559 ἰδοὺ,
1064 526 1135 553 κατὰ
1151 526 1235 553 Δανῖδ
1251 526 1396 561 ἐπεκρότει
1410 526 1482 561 χειρὶ
1508 526 1540 552 τὸ
1564 525 1712 561 Θαμάσιον,
1729 526 1767 556 ὠς

979 572 1106 600 ἐντεῦθεν
1133 572 1303 608 ὲξαπορῆσαι
1329 573 1375 599 τὸν
1409 572 1633 608 ἔξυπηρετοῦντα
1658 573 1693 607 τῇ
1721 571 1769 598 τοῦ

981 620 1121 656 μάρτυρος
1137 619 1272 655 λάρνακι,
1296 619 1343 646 καὶ
1372 619 1477 654 ταχέως
1504 619 1582 650 αὖθις
1598 619 1704 651 ἀνοῖξαι
1719 617 1770 648 τὰς

980 666 1152 698 κλεισθεισας
1163 666 1238 701 αὑτῷ
1257 665 1352 700 πρώην
1370 665 1534 700 μυροδόχους
1547 664 1706 699 δεξαμενὰς,
1723 663 1770 690 καὶ

980 712 1147 748 συγγνώμην
1158 713 1269 748 αἰτῆσαι
1284 712 1332 739 τοῦ
1346 712 1531 747 ἀγνοήματος,
1545 712 1591 738 καὶ
1603 711 1676 738 οὕτω
1693 710 1769 746 μόλις

980 759 1076 794 στῆναι
1091 759 1137 785 τὸν
1151 758 1179 784 ὲν
1196 758 1270 794 μέσῳ
1292 757 1338 784 τοῦ
1355 756 1418 785 ναοῦ
1435 758 1566 793 χεόμενον
1582 756 1769 792 μυρὸκρουνον

979 804 1115 839 ποταμόν.

1014 851 1060 878 Μ.
1078 861 1087 877 ‹
1118 851 1148 878 Εἰ
1180 851 1262 886 igitur
1291 851 1318 878 in
1349 858 1447 878 somno
1473 850 1586 885 Magnus
1607 849 1771 885 (Demetrius

947 918 967 949 Β
981 897 1090 932 nempe)
1105 902 1228 932 apparet,
1250 896 1342 931 idque,
1367 896 1440 931 quod
1465 896 1581 928 fecerat,
1611 895 1769 930 exprobrat,

983 951 1026 976 ac,
1043 943 1079 970 Ut
1094 944 1172 978 quid,
1190 943 1238 976 ait,
1262 942 1406 975 ﬂuentum,
1429 942 1502 977 quod
1520 949 1536 969 e
1560 941 1693 976 sanguine
1708 949 1770 968 meo

983 989 1105 1024 quotidie
1127 996 1142 1016 a
1167 988 1221 1016 Deo
1236 988 1346 1015 abunde
1365 987 1565 1023 suppeditatur,
1583 986 1709 1014 fidelibus
1726 986 1770 1012 in-

983 1035 1075 1063 vidisti
1089 1055 1096 1066 .
1115 1034 1382 1069 complectentiaque
1399 1037 1568 1067 unguentum
1595 1031 1768 1067 receptacula

983 1081 1100 1108 Christri
1117 1080 1275 1107 amantibus
1291 1079 1450 1107 occlusisti?
1467 1081 1504 1105 Ac
1519 1086 1569 1113 ego
1584 1078 1692 1114 quidem
1717 1085 1771 1105 non

984 1127 1010 1154 in
1027 1133 1154 1154 mensura
1173 1133 1205 1153 ac
1218 1125 1366 1160 guttatim,
1393 1124 1440 1152 sed
1466 1124 1498 1151 ad
1524 1123 1697 1152 saturitatem
1721 1131 1772 1150 un-

983 1178 1083 1207 guenta
1107 1179 1241 1207 propono,
1267 1175 1295 1198 tu
1314 1178 1379 1198 vero
1396 1170 1432 1197 ita
1448 1177 1531 1204 parce
1548 1177 1580 1196 ac
1599 1168 1732 1196 invidiose
1745 1173 1773 1195 te

983 1219 1066 1252 geris.
1088 1218 1122 1244 At
1143 1224 1218 1249 vero,
1236 1220 1265 1243 ut
1279 1220 1431 1250 martyrum
1448 1215 1605 1242 amantibus
1621 1214 1710 1241 locum
1727 1221 1773 1241 sa-

983 1271 1059 1291 crum
1071 1263 1142 1291 haud
1156 1270 1275 1297 unquam
1290 1262 1382 1289 discas
1396 1261 1555 1294 occludere,
1568 1265 1772 1294 unguentorum

984 1318 1106 1338 meorum
1122 1313 1228 1345 portam
1245 1308 1370 1336 fidelibus
1388 1308 1431 1335 hic
1456 1307 1561 1343 aperui.
1578 1306 1671 1339 Dixit,
1686 1313 1719 1332 ac
1735 1310 1774 1332 tc-

983 1366 1065 1386 nuem
1085 1365 1164 1384 manu
1185 1356 1312 1384 baculum
1336 1360 1443 1388 tenens,
1465 1355 1510 1382 illo
1528 1354 1660 1390 unguenti
1679 1353 1772 1385 viam,

984 1413 999 1432 a
1023 1404 1128 1432 tumulo
1145 1404 1337 1438 unguentifero
1361 1403 1432 1430 hanc
1446 1402 1551 1430 ducens
1579 1405 1705 1436 rectaque
1728 1407 1775 1435 per

983 1450 1130 1485 pavimenti
1153 1449 1247 1484 templi
1272 1449 1444 1483 supcrliciem
1473 1447 1620 1475 cfformans
1634 1466 1641 1479 ,
1664 1445 1772 1473 descri-

984 1497 1057 1531 psit,
1083 1503 1115 1522 ac
1134 1503 1195 1522 mox
1220 1499 1424 1529 unguentorum
1443 1493 1516 1520 illinc
1535 1493 1612 1520 rivus
1628 1491 1754 1519 afﬂuebat
1767 1509 1775 1522 ,

988 1540 1214 1575 aequabiliterque
1231 1544 1256 1566 et
1272 1539 1369 1566 leniter
1382 1539 1409 1565 in
1427 1539 1520 1572 templi
1545 1540 1701 1572 pavitnento
1717 1545 1776 1564 ma-

140 1584 201 1611 dem
222 1583 329 1615 OCU|05.
342 1583 388 1610 alii
405 1588 494 1610 θυῐεω
507 1589 538 1609 09
550 1590 582 1609 ac
591 1590 671 1610 aures
685 1583 730 1609 ὶιιο
747 1587 929 1614 CODSCCI‘MII;
946 1599 968 1629 α
985 1587 1077 1620 nabat,
1090 1590 1117 1613 et
1130 1593 1195 1613 ecce
1222 1585 1338 1612 mirifice
1354 1584 1505 1612 secundum
1529 1583 1658 1611 Dav-idem
1675 1583 1776 1610 flumen

140 1630 186 1658 alii
208 1637 274 1657 vero
286 1633 313 1657 et
326 1634 435 1662 pectora
449 1633 476 1656 et
493 1629 586 1656 omnia
601 1628 726 1663 corporis
741 1628 863 1656 membra
879 1635 931 1654 un-

140 1682 242 1713 guento
258 1677 402 1712 inungunt,
420 1683 462 1707 ac,
475 1679 504 1702 ut
525 1682 580 1702 uno
597 1676 680 1702 verbo
695 1674 798 1707 dicam,
816 1674 932 1701 insatia-

141 1722 210 1750 biles
231 1722 258 1748 in
281 1721 403 1749 facienda
420 1727 470 1755 per
483 1719 549 1746 illud
567 1719 698 1746 unctione
713 1724 786 1746 sunt.
808 1728 817 1745 ι

177 1767 223 1795 40.
242 1766 414 1797 Stauracius,
433 1765 508 1792 hisce
524 1763 606 1791 modo
626 1764 788 1799 praemissis,
805 1763 932 1799 proxime

142 1812 298 1843 subnectit,
314 1810 477 1838 monachum
493 1808 640 1844 quemdam
655 1829 662 1842 ,
679 1809 723 1836 cui
740 1809 774 1836 oh
789 1809 851 1836 vitae
869 1816 933 1836 san-

142 1860 264 1886 ctitatem
279 1855 444 1884 Demetriani
461 1855 580 1891 sepulcri
592 1862 659 1883 cura
673 1859 731 1883 erat
747 1855 860 1889 credita,
872 1862 933 1882 cum

144 1905 278 1939 quotidie.
296 1904 372 1930 nullo
387 1908 496 1930 servato
514 1903 604 1934 modo,
626 1902 813 1937 cujuscunque
827 1901 934 1936 generis

143 1957 175 1976 ac
199 1948 288 1976 atatis
303 1948 427 1976 homines
443 1947 596 1976 scaturiens
610 1954 625 1974 e
643 1946 737 1974 Sancti
753 1955 867 1982 corpore
883 1954 934 1973 un-

143 1999 275 2032 guentum
294 1995 450 2022 auferentes
466 1995 571 2022 videret
585 2012 592 2024 .
613 2000 642 2020 re
664 1992 754 2020 isthac
769 2000 801 2019 ac
817 1993 935 2020 maxime

142 2052 175 2070 ex
194 2050 227 2070 eo
244 2041 316 2077 quod
342 2040 459 2067 feminas
479 2040 574 2072 etiam,
597 2046 658 2073 quze
676 2039 722 2066 illo
748 2042 775 2065 et
801 2046 885 2073 genas
908 2043 936 2066 et

144 2092 240 2124 pectus
264 2091 290 2114 et
316 2086 400 2114 ubera
421 2089 448 2113 et
471 2085 583 2113 brachia
601 2085 733 2113 continuo
751 2085 933 2119 inungerent.

143 2139 271 2170 spectare
295 2137 447 2167 cogeretur,
475 2131 645 2167 indignatus,
671 2136 841 2167 unguentum
859 2139 934 2159 com-

145 2178 291 2215 plectenlia
304 2177 477 2211 receptacula
494 2177 621 2204 occlusit.
638 2175 737 2204 Verum
755 2176 794 2209 id,
813 2182 843 2204 ut
855 2177 936 2204 Stau-

144 2225 235 2252 racius
255 2223 357 2255 subdit,
377 2223 478 2250 Sancto
498 2227 606 2255 nostro,
623 2223 669 2257 qui
694 2230 748 2250 non
766 2227 871 2250 tantum
892 2223 937 2258 ju-

983 1631 1132 1668 plaudebat
1148 1639 1232 1658 manu
1245 1650 1253 1662 .
1269 1635 1299 1657 ut
1316 1630 1390 1662 hinc,
1407 1629 1452 1664 qui
1474 1629 1604 1664 martyris
1620 1628 1776 1656 conditorio

983 1676 1168 1708 dcserviebat,
1179 1675 1288 1703 consilii
1303 1682 1404 1710 expers
1417 1674 1508 1701 animo
1520 1673 1687 1704 concideret,
1700 1680 1776 1699 mox-

983 1731 1036 1759 que
1062 1723 1173 1756 iterum,
1192 1729 1253 1757 qnze
1275 1722 1392 1757 primum
1420 1720 1577 1753 clauserat,
1602 1723 1774 1753 unguentum

984 1768 1195 1804 complectentia
1220 1766 1395 1802 receptacula
1413 1766 1553 1801 aperiret,
1569 1771 1601 1791 ac
1621 1764 1728 1791 veniam
1742 1763 1776 1791 de

985 1823 1078 1843 errore
1095 1814 1246 1850 postularet
1263 1813 1362 1847 vixque
1377 1813 1413 1840 ita
1428 1812 1468 1846 ἧίιι
1488 1810 1582 1846 templi
1606 1810 1696 1837 medio
1719 1816 1777 1836 ma-

986 1869 1065 1894 nans,
1082 1868 1097 1888 e
1112 1868 1167 1895 quo
1181 1863 1352 1894 unguentum
1376 1857 1556 1888 scaturiebat,
1577 1856 1677 1882 flumen
1695 1855 1777 1882 siste-

986 1912 1038 1935 ret.
1059 1916 1068 1933 ›
1088 1906 1182 1933 “elata
1200 1904 1292 1931 verbis
1309 1904 1385 1930 hisce
1402 1910 1417 1930 a
1437 1901 1582 1929 Stauracio
1597 1900 1667 1928 visio
1688 1899 1730 1926 vel
1744 1906 1777 1926 ex

985 1961 1019 1980 co
1044 1952 1110 1979 mihi
1129 1955 1258 1986 suspecta
1278 1954 1318 1976 est
1337 1949 1485 1976 admodum
1501 1968 1509 1980 ,
1525 1948 1599 1982 quod
1624 1946 1753 1974 monachi
1767 1966 1775 1979 ,

989 1997 1160 2026 continentia
1193 2000 1362 2030 unguentum
1393 1995 1566 2029 receptacula
1594 1993 1775 2025 occludeutis.

986 2045 1088 2072 factum
1121 2042 1330 2078 improbandum
1360 2040 1433 2069 haud
1460 2040 1604 2072 videatur,
1633 2040 1675 2072 si,
1702 2038 1775 2074 quod

987 2089 1148 2119 Stauracius
1170 2089 1202 2116 de
1224 2087 1353 2120 feminis,
1372 2087 1531 2115 indecenter
1546 2094 1608 2114 sese
1629 2086 1656 2113 in
1676 2085 1776 2121 templo

987 2137 1118 2165 continuo
1135 2135 1313 2171 ungentibus,
1331 2133 1381 2166 ait,
1397 2133 1505 2161 veritati
1520 2133 1557 2160 sit
1570 2139 1732 2160 consonum.

1022 2182 1066 2210 ΔΞ.
1084 2180 1194 2212 Verum,
1206 2184 1345 2214 utcunque
1357 2186 1401 2207 res
1416 2179 1473 2206 haec
1486 2179 1596 2208 habeat.
1613 2178 1683 2206 visio
1696 2178 1776 2212 equi—

987 2228 1048 2256 dem
1059 2228 1113 2263 jam
1127 2227 1223 2259 relata,
1236 2225 1353 2260 aliaque,
1368 2232 1428 2260 qua:
1444 2225 1478 2252 de
1491 2224 1637 2256 monacho,
1655 2223 1776 2258 sepulcri

145 2275 213 2303 stos,
240 2270 287 2297 sed
313 2273 472 2304 peccatores
488 2268 568 2296 etiam
587 2273 727 2304 unguento
754 2276 804 2296 suo
829 2269 931 2297 morbis

989 2273 1152 2302 Dcmclriani
1173 2272 1296 2305 custode,
1317 2271 1479 2299 Stauracius
1497 2275 1613 2303 narrat,
1630 2270 1776 2304 scriptoris

145 2316 275 2344 sanandis
290 2315 412 2348 salutari,
435 2315 472 2342 uti
491 2315 610 2346 volebat,
625 2314 736 2341 minimc
749 2314 861 2348 placuit,
878 2323 935 2342 mo-

146 2363 319 2396 nachumque
348 2360 452 2388 idcirco
485 2361 619 2395 corripuit
643 2360 670 2387 in
698 2360 821 2392 visione,
852 2368 934 2394 quam

146 2408 307 2436 Stauracius
331 2407 422 2435 verbis
439 2406 553 2439 Graecis,
569 2405 664 2433 Latine
683 2406 766 2434 etiam
783 2406 816 2433 ad
834 2407 932 2433 horum

144 2455 246 2482 calcem
262 2453 423 2484 recitantlis,
440 2452 564 2488 sequenti
581 2451 661 2479 modo
685 2451 797 2486 exponit
811 2459 819 2478 :
838 2452 935 2478 Τοίνυν

144 2501 190 2528 καὶ
205 2500 271 2534 ὂναρ
287 2499 412 2533 φαίνεται
436 2499 450 2524 ὁ
471 2499 558 2532 μέγας
585 2498 671 2534 αὐτῷ,
688 2498 736 2525 καὶ
754 2498 933 2529 κατονειδίζει

144 2547 193 2580 τῆς
213 2546 350 2581 πράξεως,
380 2544 428 2571 καὶ
451 2544 511 2570 Ἰνα
539 2544 576 2576 τί,
609 2545 688 2578 φησὶ,
712 2545 769 2576 τοῖς
795 2544 935 2571 εὐσεϐέσιν

145 2593 298 2627 ἐφθόνησας
312 2592 358 2618 τὸν
378 2591 410 2618 ἐκ
437 2590 492 2618 τῶν
517 2590 591 2625 ἐμῶν
625 2591 748 2618 αἱμάτων
776 2591 845 2626 προς
865 2590 934 2618 Θεοῦ

146 2640 282 2670 planctu);
306 2639 368 2665 καθ’
394 2638 514 2673 ἑκάττην
538 2637 749 2671 δαψιλευὸμενον
780 2637 855 2672 ροἰν,
880 2637 928 2664 καὶ

150 2687 199 2717 τὰς
216 2685 383 2720 μυροίόχους
405 2684 556 2717 δεξαμενὰς
587 2684 641 2714 τοῖς
666 2683 849 2717 φιλοχρῐστοις
870 2691 936 2710 κατ-

147 2731 265 2765 έφραξας
279 2739 286 2763 ;
304 2731 359 2757 Καὶ
373 2730 454 2761 αὐτὸς
469 2729 520 2764 μὲν
534 2729 584 2756 οὐκ
595 2729 622 2755 ὲν
638 2729 728 2763 μέτρῳ
741 2728 786 2755 καὶ
805 2729 840 2755 τὰ
861 2729 934 2764 μύρα

147 2777 306 2811 προτίθημι,
340 2776 372 2801 σὺ
402 2775 431 2802 δὲ
466 2774 657 2809 πεφεισμένως
682 2774 769 2806 οὕτως
796 2774 868 2809 ἔχεις
887 2775 933 2802 καὶ

149 2820 296 2856 φθονερῶς.
316 2820 399 2847 Ἀλλὰ
414 2820 469 2856 γὰρ
483 2821 521 2853 ὡς
542 2820 632 2855 μάθῃς
651 2819 688 2855 μὴ
702 2820 862 2847 ἀποκλείειν
876 2822 933 2852 τοῖς

151 2865 329 2903 φιλομάρτυσι
343 2867 389 2894 τθιν
407 2866 543 2900 ἁτιασμίον
557 2866 701 2902 μηδκμῶς,
717 2866 836 2894 ἐνταῦθα
848 2867 933 2900 θύραν

151 2910 202 2936 τῶν
222 2913 294 2947 ἐμῶν
320 2914 375 2945 τοῖς
404 2912 530 2939 εὐσεϐέσι
561 2912 656 2947 μύρων
672 2912 827 2948 ἀνοίγνυμι.
854 2911 932 2945 Eius,

988 2321 1070 2355 hujus
1088 2323 1167 2347 aetate
1191 2326 1239 2346 seu
1259 2318 1360 2346 saeculo
1378 2317 1461 2345 tertio
1475 2316 1595 2348 decimo.
1614 2316 1653 2343 uti
1670 2323 1702 2343 ex
1717 2316 1774 2350 jam

987 2373 1069 2402 supra
1092 2365 1173 2393 dictis
1190 2364 1286 2398 liquet.
1302 2363 1413 2391 indubie
1429 2363 1561 2390 invenere
1575 2371 1583 2396 ;
1599 2362 1664 2389 hinc
1679 2366 1772 2389 autem

986 2412 1175 2447 consequitur,
1194 2415 1223 2438 ut
1240 2410 1336 2438 eodem
1362 2410 1445 2438 etiam
1467 2409 1569 2438 saeculo
1596 2407 1774 2437 scaturientis

985 2458 1104 2485 maxima
1117 2458 1194 2492 copia
1210 2464 1225 2484 e
1238 2456 1331 2484 Sancti
1346 2463 1461 2491 corpore
1474 2456 1604 2491 unguenti
1618 2455 1771 2490 prodigium

986 2503 1078 2530 adhuc
1094 2502 1255 2530 obtinuerit.
1268 2501 1323 2530 Nec
1340 2501 1365 2528 ei
1386 2506 1442 2528 tum
1455 2505 1572 2533 tantum,
1586 2508 1679 2528 verum
1691 2500 1773 2528 etiam

986 2549 1088 2576 samulo
1106 2548 1203 2582 quinto
1223 2548 1332 2575 decimo
1353 2548 1443 2575 locum
1462 2547 1551 2574 adhuc
1576 2547 1670 2579 fuisse.
1697 2547 1776 2574 docet

987 2602 1048 2626 nos,
1063 2594 1109 2629 qui
1132 2598 1188 2620 tum
1205 2594 1261 2629 (adi
1285 2593 1518 2621 Commentarium
1543 2595 1673 2628 prcevium
1698 2600 1774 2620 num.

985 2639 1032 2674 28)
1051 2639 1077 2666 in
1095 2639 1163 2666 vivis
1180 2638 1230 2666 fuit
1248 2639 1402 2667 Demetrius
1417 2639 1608 2674 Chrysoloras.
1622 2638 1672 2666 llic
1690 2638 1776 2670 enim,

986 2691 1130 2721 postquam
1147 2686 1174 2712 in
1188 2692 1237 2712 sua
1251 2684 1285 2712 de
1303 2690 1398 2712 sancto
1416 2685 1556 2713 Demetrio
1575 2685 1712 2715 oratione,
1726 2691 1776 2710 cu-

983 2731 1030 2766 jus
1047 2735 1150 2765 partem
1167 2739 1182 2759 e
1203 2730 1331 2758 bibliolh.
1349 2731 1445 2758 Medic.
1462 2731 1528 2765 plut.
1544 2729 1576 2757 10
1589 2729 1651 2756 cod.
1676 2729 1709 2756 15
1729 2729 1776 2756 de-

986 2776 1116 2811 scriptam
1135 2776 1278 2808 hahemus,
1294 2777 1328 2803 de
1341 2777 1433 2803 Sancti
1450 2775 1580 2812 martyrio
1599 2775 1773 2810 patratisque

986 2822 1020 2849 ab
1032 2829 1063 2849 eo
1075 2821 1212 2848 miraculis
1231 2821 1371 2849 fusissime
1381 2821 1522 2855 disseruit,
1536 2822 1572 2848 ita
1589 2821 1773 2856 prosequitur:

986 2867 1018 2893 Τί
1043 2867 1070 2894 δὲ
1097 2867 1175 2894 τοῦτό
1198 2867 1291 2900 sorua;
1319 2868 1428 2895 Ἔκειτο
1454 2869 1504 2903 μὲν
1524 2869 1630 2895 ἐκείνου
1650 2869 1679 2894 τὸ
1695 2867 1776 2902 σῶμα

985 2914 1015 2939 τὶ
1042 2912 1118 2948 ἅγιον
1139 2914 1242 2949 σφαγὶν
1272 2910 1482 2950 ἐρῤιμμένον,ᾦ
1509 2915 1554 2940 καὶ
1579 2913 1772 2950 προσελθόντες
