2038 3151
227 169 295 201 1425

556 163 659 195 ORDO
678 162 816 194 RE-RUM
834 161 921 196 QUAE
944 160 982 191 IN
1002 160 1078 191 HOC
1095 160 1200 192 TOMO
1219 161 1506 194 CONTINENTUR.

1774 159 1843 193 1126

224 226 276 262 plis
289 224 361 253 enim
378 220 516 253 omnibus,
531 223 560 247 ut
573 221 701 255 quisque,
717 223 849 254 quantum
867 216 1003 247 voluerit.
1020 217 1043 245 A
1058 216 1116 243 haec
1133 217 1165 243 de
1190 216 1243 244 illis
1261 217 1364 245 dixisse
1379 217 1458 245 nobis
1476 215 1610 250 subiciat,
1625 214 1755 251 quoniam
1774 216 1796 242 si
1811 223 1843 242 ea

225 271 361 305 accipiat,
378 273 419 296 est
436 267 549 299 datum;
573 265 634 293 fons
656 270 748 292 autem
766 267 857 291 manet
872 262 1008 290 inexhau-

227 321 294 350 stus,
311 322 359 343 tiec
377 313 431 341 ulla
449 321 482 340 ex
501 317 577 347 parte
595 311 757 339 imminutus
773 315 895 345 apparet,
912 313 1009 344 estque

229 370 282 390 non
298 360 349 396 piis
365 360 508 390 duntaxat,
526 358 572 385 sed
591 357 682 392 implis
698 357 778 384 etiam
793 356 919 383 erunibus
934 362 1010 390 pere-

225 408 329 442 grinum
345 403 541 439 spectaculum.
557 402 614 430 Etsi
629 402 703 429 enim
723 401 785 436 quis
800 400 946 428 haereticus
963 402 1010 426 aut

227 452 272 479 Dei
288 451 416 478 inimicus
430 449 465 476 sit
478 469 485 481 ,
502 449 555 476 tale
572 448 703 484 unguenti
718 454 803 481 opus,
825 446 904 480 cujus
921 445 1010 480 palam

222 502 265 524 est
279 497 364 531 gloria
377 516 384 529 ,
402 495 590 529 blasphemare
605 494 717 521 omnino
732 501 786 520 non
811 495 910 526 potest.
931 489 1010 523 Quod

224 548 314 570 autem
330 542 416 577 majus
429 546 482 574 est,
500 548 551 568 nec
565 540 598 568 ad
619 540 692 567 dicta
707 539 942 573 comparationem
961 537 1011 563 ha-

222 590 288 620 bet,
303 595 364 614 cum
388 595 452 614 vasa
468 586 591 622 quadam
608 594 623 613 e
643 586 715 612 tubis
734 583 837 612 fuerint
862 582 1011 618 unguentis

223 634 346 667 impleta,
361 636 442 667 atque
460 640 474 659 a
492 632 543 667 piis
557 632 768 666 quibuscunque
780 629 892 656 domum
908 629 1010 660 delata,

222 680 250 706 in
269 680 329 706 loco
348 679 466 713 quodam
489 685 570 706 sacro
595 684 710 712 quaeque
726 676 888 710 deponunt,
908 683 939 702 ea
957 682 1011 702 non

223 730 330 753 tantum
350 725 380 752 ad
396 732 542 759 corporum
555 744 564 756 ,
582 731 674 751 verum
688 723 770 751 etiam
789 722 943 749 animarum
965 721 1013 748 do-

223 770 401 798 mesticorum
422 769 631 804 vicinorumque
649 775 775 799 suorutn,
790 767 828 794 uti
844 772 871 794 et
889 774 961 801 saepe
976 766 1011 794 ad

224 816 382 843 animalium
404 815 616 846 irrationalium,
640 814 811 841 curationem
836 813 1010 840 adhibentes.

224 863 293 889 Cum
320 869 386 888 vero
415 861 554 887 exinanita
582 860 626 886 illa
656 859 818 887 naturaliter
844 858 958 891 fuerint,
987 858 1008 885 si

225 909 307 935 modo
323 906 484 941 impollutus
500 906 645 941 quisquam
665 913 728 934 vase
754 906 800 934 illo
824 905 852 933 ln
877 905 1009 941 martyris

225 951 515 980 commemorationem
533 955 642 984 utatur,
660 952 752 980 statim
777 959 824 979 vas
839 951 964 986 quodque
983 951 1009 982 (ο

224 997 377 1033 prodigium
389 997 409 1031 l)
423 1002 574 1032 unguento,
586 997 625 1024 uti
639 997 673 1024 ab
689 996 768 1024 initio
785 997 883 1028 fuerat,
899 997 1009 1032 plenum

223 1044 342 1072 exsistit.
362 1044 433 1077 Quid
459 1043 511 1070 hoc
531 1043 630 1077 majus,
654 1044 697 1070 vel
716 1043 820 1077 aequale
835 1042 876 1070 vel
891 1042 1009 1070 vicinum

226 1098 344 1126 unquam
358 1090 514 1117 exstiterit?
528 1089 630 1124 Stagna
646 1089 727 1116 simul
741 1093 767 1116 et
783 1088 1010 1123 fontes,quorum

224 1138 295 1164 alius
307 1136 379 1164 aliud
395 1136 447 1163 alia
463 1137 567 1163 ratione
579 1135 731 1171 prodigium
745 1135 828 1162 fuerit
839 1135 1009 1169 complexus,

224 1183 327 1210 ethnici
343 1182 493 1209 celebrant.
509 1181 586 1214 Quod
605 1182 627 1208 si
645 1182 739 1216 igitur,
758 1189 819 1216 qua:
833 1182 881 1209 abs
894 1181 949 1208 illis
962 1181 1011 1208 alie

224 1229 334 1264 quando
349 1229 420 1256 dicta
442 1228 552 1255 fuerunt
564 1250 571 1261 ,
587 1228 678 1256 fabula
696 1228 767 1255 haud
791 1232 865 1260 sunt,
888 1227 963 1256 hisce
978 1228 1010 1254 il-

223 1275 283 1308 lud,
296 1275 329 1301 de
341 1281 395 1308 quo
409 1274 536 1310 praesenti
552 1281 654 1307 sermo,
668 1275 753 1301 multo
766 1277 808 1302 est
823 1273 925 1308 majus;
939 1274 1010 1308 quod

225 1321 248 1349 si
266 1324 354 1348 autem
367 1340 375 1352 ,
395 1325 424 1348 ut
439 1321 506 1348 mihi
522 1320 642 1353 videtur,
660 1319 753 1347 fabula
776 1320 855 1352 sint,
876 1320 942 1347 illud
961 1327 1010 1356 pro

226 1366 323 1393 umbra
335 1366 480 1394 manifesta
491 1370 532 1394 est
546 1367 661 1400 veritas,
676 1374 786 1401 resque,
799 1374 860 1402 qum
875 1366 1009 1401 ipsismet,

227 1413 413 1447 spectaculum
447 1413 622 1440 cernentibus
651 1412 881 1447 audientibusque
903 1413 939 1440 sit
963 1413 1012 1440 atl-

228 1457 363 1489 niiranda,
377 1464 426 1484 nec
439 1459 516 1485 alteri
529 1459 684 1493 comparari
699 1462 792 1493 queat,
802 1465 846 1491 ac,
859 1458 924 1493 quid
938 1458 1010 1490 dico,

227 1502 261 1530 iis
275 1511 334 1538 quae
349 1511 363 1530 a
379 1508 449 1531 terra
466 1509 529 1531 sunt
548 1505 687 1538 producta.
709 1505 873 1539 insignibus,
888 1505 1012 1539 quando-

225 1547 333 1582 quidem
349 1553 376 1575 et
391 1549 434 1580 iis,
459 1557 519 1583 quze
535 1557 551 1576 a
568 1549 623 1577 Deo
638 1550 703 1578 olim
723 1550 800 1577 fuere
815 1553 933 1584 patrata,
949 1557 1012 1585 pro-

226 1593 307 1628 digiis
318 1593 390 1619 haud
405 1594 441 1619 sit
455 1594 567 1621 minus?

218 1658 222 1662 ι
259 1639 304 1666 Ᾱϐ.
324 1647 334 1664 ι
356 1638 489 1674 Linguam
515 1639 596 1673 igitur
615 1639 659 1666 hic
675 1639 747 1667 haud
775 1644 902 1668 moveant
926 1640 1013 1667 haere-

225 1687 282 1719 tici,
297 1694 346 1714 nec
365 1687 503 1715 dmmones
518 1687 670 1715 imitentur.
691 1687 797 1715 Causas
812 1688 964 1723 oppositas,
981 1692 1011 1716 ut

226 1732 296 1766 pios,
316 1732 547 1767 quemadmodum
567 1733 686 1768 primum
705 1734 843 1760 hominem
860 1733 1008 1766 daemones,

226 1778 374 1812 decipiant,
396 1778 528 1813 ﬁngentes
554 1779 626 1806 haud
653 1787 730 1815 atque
750 1779 947 1815 praevalebunt.
972 1780 1012 1807 Ne

228 1824 312 1857 igitur
327 1824 528 1860 qualiscunque
546 1825 627 1852 etiam
644 1826 697 1859 sit,
716 1826 892 1854 conticescet.
911 1825 1010 1853 Vertun

1061 262 1087 289 in
1103 263 1187 290 latum
1205 270 1421 292 commemorare
1434 264 1609 297 voluerimus,
1621 264 1675 290 vita
1688 262 1759 290 haud
1773 262 1845 290 sulti-

1060 308 1137 336 ciens
1157 309 1191 336 sit
1208 308 1317 341 futura;
1340 310 1432 338 omnis
1458 310 1528 337 enim
1556 309 1591 336 ad
1618 308 1748 344 martyris
1773 308 1845 335 cele-

1060 355 1165 383 branda
1184 356 1314 383 miracula
1338 360 1378 395 est
1398 356 1499 387 brevis,
1526 355 1589 390 quia
1611 359 1638 382 tu
1652 375 1660 387 ,
1679 362 1695 382 ο
1720 353 1844 381 mirande

1061 409 1093 428 ac
1110 401 1208 429 eximie
1232 401 1370 435 Demetri,
1389 402 1523 437 stupende
1536 401 1639 429 Christi
1658 401 1748 433 miles,
1771 407 1842 434 saepe

1062 447 1132 474 hanc
1148 447 1284 476 civitatem
1297 456 1330 476 ex
1346 448 1562 483 alienigenarum
1576 447 1701 474 manibus
1714 447 1844 477 liberasti,

1061 493 1238 528 optimusque
1255 494 1413 521 morborum
1432 494 1604 521 diversorum
1623 493 1746 520 medicus
1761 491 1846 519 exsti-

1062 538 1130 571 tisti,
1146 539 1309 574 generisque
1329 539 1414 566 nostri
1430 546 1459 566 es
1478 539 1617 565 misertus.
1633 537 1695 564 ldeo
1706 541 1733 565 te
1749 544 1845 571 preca-

1063 591 1135 616 mur,
1161 589 1188 612 et
1210 593 1283 612 nunc
1309 585 1399 613 adhuc
1415 585 1481 612 illud
1494 605 1501 617 ,
1516 584 1587 619 quod
1601 584 1684 619 jacet,
1700 583 1784 618 erige,
1802 590 1844 614 ac.

1062 633 1134 667 quod
1152 639 1231 667 opem
1252 632 1389 667 implorat,
1407 631 1504 664 libera,
1523 632 1712 665 laborantique
1728 629 1768 656 l'er
1780 637 1846 664 sup-

1062 679 1160 714 petias.
1179 679 1353 713 Tempestate
1371 679 1504 714 jactatum
1523 683 1612 706 statue
1630 679 1657 705 in
1676 679 1754 712 portu
1772 679 1847 702 trau-

1062 725 1157 760 quillo,
1175 725 1356 752 Barbarorum
1371 725 1433 759 igne
1448 724 1566 752 deﬁxum
1584 729 1630 751 tua
1658 723 1747 750 adhuc
1771 719 1846 748 beni-

1063 771 1166 804 gnitate
1182 771 1257 799 solve
1271 791 1278 803 ,
1294 770 1508 806 eorumdemque
1527 771 1668 797 furoribus
1692 767 1844 801 deﬂagraus

1064 825 1125 844 rore
1141 821 1187 844 tuo
1203 817 1348 845 calcsceuti
1368 824 1434 844 sana
1445 837 1453 850 ,
1477 816 1624 851 omniaque
1646 816 1674 842 in
1690 816 1843 842 animarum

1063 863 1144 890 simul
1163 870 1195 890 ac
1210 870 1354 897 corporum
1380 867 1539 890 nostrorum
1563 861 1707 889 curatione
1734 860 1776 887 lae
1799 867 1847 893 per

1061 917 1155 945 preces
1187 908 1371 936 immaculata:
1402 907 1496 935 Matris
1530 908 1639 934 Domini
1668 907 1753 934 nostri
1780 904 1846 932 Jesu

1061 957 1174 989 Christi,
1189 956 1233 983 cui
1251 955 1379 983 convenit
1396 955 1495 990 gloria,
1517 955 1620 987 virtus,
1636 954 1725 980 honor
1738 957 1765 979 et
1782 951 1848 978 ado-

1062 1004 1133 1030 ratio
1151 1003 1178 1029 in
1194 1001 1292 1030 saecula
1307 1002 1479 1030 saeculorum.
1495 1001 1591 1028 Amen.
1613 1009 1623 1024 ι
1640 999 1779 1027 llactenus
1795 996 1847 1023 Dc-

1061 1050 1176 1077 metrius
1199 1048 1380 1083 Clirysoloras
1397 1046 1534 1078 laudatus,
1553 1047 1600 1082 qui
1615 1053 1676 1073 cum
1689 1064 1698 1077 ,
1714 1048 1743 1071 ut
1762 1050 1844 1078 supra

1061 1096 1160 1128 docui,
1188 1095 1288 1123 saeculo
1308 1095 1404 1129 quinto
1429 1094 1536 1121 decimo
1563 1093 1696 1125 ﬂoruerit,
1723 1091 1846 1124 haecque,

1061 1149 1123 1176 quae
1147 1141 1239 1168 verbis
1262 1141 1317 1174 jam
1343 1139 1466 1167 recitatis
1492 1139 1678 1170 continentur,
1708 1136 1848 1164 memoriae

1062 1185 1169 1220 prodat,
1186 1190 1251 1212 tunc
1265 1192 1332 1212 sane
1350 1185 1492 1220 unguenti,
1509 1184 1626 1211 maxima
1639 1183 1717 1217 copia
1735 1182 1847 1210 esancti

1063 1230 1193 1258 Demetrii
1219 1237 1335 1265 corpore
1361 1230 1556 1262 scaturientis,
1579 1229 1732 1264 prodigium
1757 1229 1848 1256 adhuc

1065 1276 1228 1310 obtinuisse,
1249 1276 1434 1304 indubitatum
1452 1277 1552 1304 evadit.
1572 1275 1627 1304 Nec
1643 1276 1693 1303 hoc
1712 1281 1816 1303 tantum
1832 1282 1848 1302 e

1064 1323 1187 1350 recitatis
1204 1323 1374 1358 Chrysolnrae
1385 1323 1476 1350 verbis
1487 1322 1631 1355 discimus,
1643 1329 1736 1349 verum
1753 1321 1846 1353 etiam,

1065 1367 1104 1394 uti
1121 1368 1178 1395 haec
1192 1367 1356 1402 expendenti
1373 1371 1503 1402 patescet,
1521 1371 1616 1394 notatu
1633 1366 1701 1393 satis
1714 1366 1793 1401 digna
1811 1365 1845 1392 de

1063 1412 1220 1447 prodigioso
1232 1413 1319 1440 sancti
1335 1412 1463 1440 Demetrii
1481 1416 1620 1446 unguento
1634 1411 1684 1438 alia
1703 1410 1847 1442 nonnulla,

1063 1467 1182 1494 quorum
1201 1459 1308 1486 interim
1335 1459 1413 1486 tidem
1428 1466 1511 1494 penes
1528 1463 1666 1485 auctorem
1687 1461 1759 1485 stare
1775 1457 1846 1484 volo.

1063 1504 1161 1532 Utrum
1176 1513 1269 1539 porro.
1285 1504 1525 1532 Tliessalonicensi
1540 1503 1632 1532 Sancti
1650 1504 1750 1539 templo
1766 1504 1793 1531 in
1811 1504 1851 1531 fa-

1023 1555 1045 1587 c
1062 1558 1127 1578 num
1144 1551 1290 1577 Turcicuni
1303 1569 1310 1580 ,
1327 1554 1358 1576 ut
1374 1557 1456 1584 supra
1473 1550 1499 1576 in
1516 1550 1721 1576 Commentario
1737 1551 1848 1584 prazvio,

1063 1604 1139 1624 num.
1155 1596 1190 1624 92
1205 1595 1285 1623 docui
1298 1615 1305 1626 ,
1328 1596 1386 1630 jam
1403 1602 1536 1621 converso
1548 1614 1556 1627 ,
1574 1595 1737 1629 stupendum
1756 1595 1849 1622 admo-

1062 1641 1138 1675 dum,
1157 1641 1229 1676 quali
1245 1641 1326 1668 etiam
1345 1640 1390 1668 alii
1405 1639 1499 1667 Sancti
1516 1640 1640 1666 nonnulli
1659 1639 1740 1667 modo
1756 1639 1846 1666 adhuc

1061 1695 1077 1715 a
1093 1688 1148 1715 Deo
1166 1687 1343 1716 condecorari
1372 1686 1471 1714 olimve
1498 1691 1571 1714 certe
1597 1685 1772 1713 condecorati
1799 1693 1848 1711 no-

1063 1741 1189 1765 scuntur,
1205 1733 1334 1761 stillantis
1351 1740 1397 1760 seu
1415 1732 1592 1760 scaturientis
1607 1732 1683 1765 copia
1701 1731 1818 1759 maxima
1834 1738 1849 1758 e

1066 1778 1194 1806 Demetrii
1224 1785 1338 1813 corpore
1368 1779 1498 1813 unguenti
1528 1777 1682 1812 prodigium
1716 1777 1850 1811 hodieque

1065 1830 1229 1860 perseveret,
1245 1829 1415 1860 compertum
1431 1824 1502 1851 haud
1521 1824 1618 1852 habeo.

228 1897 1847 1919 mm

733 1953 977 2009 οιωο
1013 1952 1339 2008 RERUM

487 2047 627 2098 QUIE
667 2048 730 2092 IN
772 2046 893 2093 HOC
929 2046 1098 2093 ΤΟΜΟ
1135 2044 1595 2091 CONTINENTUB.

385 2174 529 2204 SIMEON
550 2176 852 2206 METAPHRASTES.

258 2234 340 2259 VlT/E
356 2233 545 2259 SANC'I‘ORUM
558 2234 742 2266 (continuatio).

258 2274 373 2300 MENSIS
386 2274 492 2299 NOVEM
499 2275 567 2300 BER.

260 2317 303 2342 Die
314 2317 339 2348 2,.
353 2316 494 2348 Martyrium
506 2317 551 2341 SS.
562 2316 692 2348 Arindynl,
705 2317 803 2348 Pegasii
811 2319 837 2343 et
845 2316 976 2343 sociorum.
996 2317 1013 2342 9

257 2347 305 2372 Die
321 2347 344 2371 4.
359 2347 413 2371 Vita
430 2347 456 2371 S.
473 2347 594 2371 Joannicii
607 2347 710 2372 abbatis.
744 2347 752 2348 7
982 2349 1013 2373 55

260 2378 306 2408 Die
318 2379 342 2402 5.
362 2378 415 2402 Vita
428 2378 472 2402 SS.
491 2378 638 2402 Galactionis
651 2380 677 2401 et
689 2377 839 2408 Epistemes.
979 2379 1010 2403 93

258 2407 303 2438 Die
315 2408 338 2432 7.
352 2408 492 2438 Martyrium
503 2409 530 2433 S.
546 2407 660 2432 llieronis
671 2411 697 2432 et
710 2407 839 2433 sociorum.
965 2408 1010 2434 109

258 2437 306 2462 Die
317 2439 340 2462 9.
357 2437 499 2466 Martyrium
512 2440 539 2462 S.
550 2439 657 2463 Orestis.
965 2439 1010 2463 119

258 2469 305 2494 Die
321 2469 356 2492 l5.
371 2469 512 2495 Martyrium
524 2469 568 2493 SS.
581 2470 677 2497 (iuriae.
689 2469 800 2494 Samone
812 2473 838 2494 et
850 2468 932 2494 Abibi.
966 2470 1009 2494 127

258 2501 302 2525 Die
314 2501 352 2524 ‘22.
366 2500 420 2523 Vita
431 2499 456 2523 S.
469 2499 573 2524 Caecilia:
583 2504 609 2523 et
619 2500 750 2524 sociorum.
965 2500 1010 2525 165

257 2531 302 2555 Dic
314 2531 353 2555 23.
367 2529 423 2554 Vita
437 2531 463 2554 S.
479 2531 615 2555 Clementis
628 2530 751 2560 martyris.
967 2531 1011 2555 179

256 2560 303 2585 Die
316 2562 355 2585 25.
372 2561 426 2592 Vita
439 2560 597 2592 Satiregorli
611 2560 780 2592 Agrigentini.
964 2560 1010 2586 189

255 2592 303 2616 Die
314 2593 351 2615 25.
366 2590 421 2615 Vita
433 2592 458 2616 S.
471 2590 596 2616 Mere'urii.
636 2590 645 2591 ί
675 2590 686 2592 ἡ
963 2592 1010 2616 269

253 2622 300 2647 Dte
312 2623 349 2646 2’3.
365 2622 417 2646 \‘ita
430 2622 455 2647 S.
469 2622 622 2646 Ecaterinas.
963 2623 1010 2648 275

255 2670 368 2696 MENSIS
376 2670 552 2696 DECEMBER.

253 2712 298 2737 Die
312 2712 334 2736 l.
348 2712 402 2737 Vita
419 2712 446 2737 S.
459 2711 581 2737 Barbarie.
962 2712 1006 2738 501

254 2742 300 2767 Die
317 2745 341 2768 6.
354 2743 408 2767 Vita
424 2743 449 2766 S.
464 2743 556 2767 Nicolai
570 2743 699 2773 Myrensls.
961 2744 1008 2767 517

255 2773 301 2797 Die
312 2774 336 2799 8.
355 2774 408 2798 Vita
420 2774 444 2798 S.
462 2774 565 2799 PalaDll.
963 2774 1008 2799 557

254 2803 299 2837 pie
312 2804 349 2837 19.
362 2804 504 2837 Martyrium
522 2803 545 2837 Β.
557 2804 641 2837 Menas
653 2805 822 2837 etjsoclorum.
961 2805 1007 2837 56']

253 2834 299 2861 Die
310 2835 348 2860 12.
366 2835 420 2862 Vlla
435 2835 460 2861 S.
475 2835 629 2867 Spyridonis.
681 2834 690 2837 “
962 2836 1005 2860 417

1091 2174 1140 2201 Die
1151 2174 1189 2201 15.
1201 2176 1343 2206 Martyrium
1355 2176 1400 2201 SS.
1413 2177 1538 2206 Eustralii,
1551 2177 1667 2202 Auxentli
1681 2180 1706 2202 et
1717 2179 1849 2205 sociorum.

1094 2236 1142 2260 Die
1157 2236 1193 2261 Η.
1209 2236 1349 2266 Martyrium
1363 2237 1389 2261 S.
1403 2236 1491 2266 Thyrsi
1510 2241 1533 2260 et
1547 2239 1679 2262 sociorum.

1093 2267 1139 2291 Die
1149 2266 1187 2291 21,
1201 2267 1342 2297 Martyrium
1355 2268 1380 2292 S.
1392 2269 1492 2292 Thomze
1503 2268 1615 2298 apostoli.
1802 2272 1849 2296 559

1093 2298 1140 2334 Die
1155 2298 1194 2321 23.
1212 2298 1352 2328 Martyrium
1373 2303 1511 2323 sanctorum
1528 2299 1615 2323 decem
1633 2303 1769 2330 martyrum
1787 2302 1847 2331 Cre—

1065 2329 1182 2353 tensium.
1698 2329 1703 2330 ⁷
1801 2329 1848 2357 565

1096 2358 1142 2383 Die
1154 2359 1195 2384 25.
1208 2358 1349 2389 Martyrium
1364 2359 1390 2384 S.
1407 2359 1541 2384 Anastasie
1551 2359 1660 2384 Junioris
1676 2363 1703 2385 et
1716 2363 1845 2387 sociarum.

1093 2417 1139 2450 pie
1150 2418 1190 2442 25.
1204 2418 1344 2450 martyrium
1357 2419 1381 2444 S.
1398 2420 1524 2450 Eugenim.

1093 2448 1140 2482 Die
1151 2449 1189 2482 ζῇ.
1202 2448 1300 2482 _Vita‘S.
1315 2448 1531 2482 Theodori—Grapti
1801 2454 1846 2478 653

1096 2479 1141 2511 Die
1152 2479 1190 2511 27.
1202 2479 1239 2511 De
1250 2480 1275 2503 S.
1288 2481 1381 2504 Joanne
1393 2479 1556 2511 evangelista.
1800 2485 1846 2508 685

1095 2509 1140 2534 Die
1153 2510 1192 2534 29.
1205 2510 1260 2534 Vita
1274 2511 1299 2535 S.
1315 2511 1424 2535 Marcelli
1437 2509 1645 2537 aFehimandritai.
1799 2515 1846 2539 705

1092 2540 1140 2572 Die
1156 2541 1195 2572 .30.
1210 2541 1353 2572 Martyrium
1365 2542 1391 2566 S.
1407 2541 1504 2570 Anysia:
1517 2542 1753 2570 Thessalonicensis.
1800 2545 1845 2570 7H

1093 2571 1140 2596 Die
1155 2571 1192 2595 5|.
1209 2571 1352 2603 Martyrium
1369 2573 1394 2597 S.
1409 2572 1512 2597 Melana
1524 2573 1649 2598 Romana.
1799 2576 1845 2601 755

1091 2612 1256 2638 ADDENDA.

1094 2655 1184 2679 Meusls
1195 2655 1339 2680 JANUARIUS.

1092 2685 1138 2710 Die
1155 2686 1193 2708 20.
1212 2685 1266 2709 Vita
1285 2686 1310 2710 S.
1323 2686 1459 2711 Sebastianl
1471 2685 1647 2712 etsociorum..
1799 2689 1847 2713 79]

1093 2716 1182 2740 Μεκειε
1197 2716 1356 2740 Fauno/intus.

1094 2747 1140 2771 Din
1151 2747 1174 2770 5.
1191 2746 1321 2772 Certamen
1332 2747 1357 2771 S.
1369 2748 1445 2772 Blasii
1459 2750 1485 2772 et
1496 2748 1628 2773 sociorum.
1799 2749 1844 2774 8l7

1093 2777 1183 2801 llisnsrs
1196 2779 1299 2801 Aratus.

1094 2808 1140 2833 Dic
1157 2809 1194 2832 22.
1208 2808 1338 2833 Certamen
1357 2807 1401 2833 SS.
1414 2808 1565 2840 Acepsimaa,
1577 2809 1670 2840 Ioseph
1683 2813 1709 2836 et
1721 2810 1842 2864 Εἰώθειξὶ
