2038 3151
129 171 195 204 1209

644 170 674 200 S.
709 169 896 199 DEME'l'llll
929 168 1125 198 ΜΑΙὶΤῊὶΙΞ
1154 169 1258 198 ACTA.

1695 169 1763 200 l-‘ilO

124 227 248 254 Zonaras
265 231 292 252 ct
309 225 402 259 Lupus
432 224 628 259 protospatlta;
650 224 677 251 bi
702 229 802 256 autem,
823 224 925 258 princi.
941 229 960 256 Α
980 231 1059 250 nemo
1084 224 1213 258 prudens,
1233 230 1365 258 quantum
1389 225 1496 260 opinor,
1523 226 1601 253 [idem
1623 226 1761 259 habuerit,

125 281 184 308 pctlt
198 272 274 299 itlutn
292 279 306 298 a
322 269 427 297 Joanne
440 274 555 304 cognato
574 277 638 301 suo,
655 270 702 304 qui
723 274 749 295 et
771 269 916 296 Vladistla-

125 321 176 347 bus
195 318 350 349 dicebatur,
369 317 490 344 occisum
511 316 605 346 fuisse,
623 316 745 343 unanimi
762 323 917 348 consensu,

125 366 200 392 nulla
215 371 330 400 prorsus
346 363 434 390 sattcti
452 362 581 390 Demetrii
602 362 740 389 mentione
761 362 843 394 facta,
862 369 919 389 me—

126 411 219 438 moria:
234 411 366 445 produnt.
383 409 523 436 Ccdrenus
540 409 568 435 in
583 407 763 435 Historiarqu
783 408 921 435 Parisien-

126 458 164 484 sis
183 457 246 483 anui
272 455 339 483 1647
358 455 487 483 editionis
512 455 680 489 Compcndio
693 474 700 485 ,
726 455 790 481 dum
809 462 852 482 res
869 455 920 481 sub

125 504 229 531 Basilio
252 503 397 530 Macedone
421 506 513 536 gestas
539 505 752 532 commemorat.
772 503 915 536 sequentia

126 552 233 583 istbaae,
245 557 306 585 qua
319 550 350 576 ad
365 550 537 584 propositum
550 554 673 575 nostrum
687 554 823 583 spectant,
837 549 919 575 verba

126 596 283 632 suppeditat
302 603 308 622 :
327 605 336 621 ι
355 595 499 622 Successit
516 595 540 621 ei
557 595 689 630 (Samueli
709 603 807 630 nempe
824 595 918 630 Bulga-

127 644 175 670 ria:
193 643 260 677 regi)
277 642 349 668 ﬁlius
365 641 512 674 Galtrielis,
528 641 575 676 qui
603 645 629 667 et
651 641 792 668 Romanus
808 642 918 668 diceba-

128 694 181 721 tur,
198 694 273 722 patre
288 687 426 713 robustior
446 686 503 717 ille,
518 686 563 713 sed
584 686 729 720 prudentia
751 687 830 722 longe
847 687 918 714 infe-

128 735 196 766 rior,
215 739 294 762 natus
310 733 417 767 captiva
437 733 554 767 quadam
574 731 718 759 Larissma.
735 731 798 758 lttiit
813 733 917 760 decima

127 780 221 814 quinta
237 779 422 813 Septembris,
442 779 592 805 indictione
608 778 713 805 decium
731 778 825 811 tertia,
839 786 919 805 cunt-

128 835 183 861 que
197 826 317 853 nondum
330 826 466 860 integrum
484 826 649 859 imperasset
666 833 779 857 annum,
793 829 918 852 venatum

127 872 223 900 exiens
240 871 404 898 interﬁcitur
419 878 434 898 ι
448 870 553 898 Joanne
564 891 572 903 ,
594 871 641 906 qui
657 875 685 898 et
700 870 916 902 Vladistblabns,

973 271 1090 297 maxime
1104 278 1165 296 cum
1188 278 1202 296 a
1222 270 1374 303 Radomiri,
1390 271 1452 300 aliis
1467 272 1602 300 Gabrielis
1615 277 1663 300 aut
1679 273 1760 300 etiam

973 315 1098 348 Romani,
1123 320 1205 342 :ctate
1232 310 1280 344 seu
1308 317 1400 344 smculi
1426 317 1562 345 undecimi
1591 319 1679 351 initio,
1705 327 1761 354 quo

971 362 1125 396 principem
1144 362 1217 389 lnmc
1244 363 1336 390 necari
1362 363 1486 398 contigit,
1504 364 1688 391 ducentorum
1706 367 1759 392 cir-

971 409 1039 435 citcr
1061 416 1195 436 annorum
1219 409 1318 443 spitio,
1347 410 1386 437 uti
1409 418 1442 437 ett
1471 411 1505 437 iis
1537 419 1597 445 qua»
1614 411 1647 438 de
1663 412 1709 438 il'o
1733 412 1760 438 in

970 454 1174 482 Commentario
1188 456 1299 489 prtevio,
1313 464 1390 485 num.
1405 456 1450 489 26,
1465 457 1491 484 itt
1508 458 1625 484 medium
1642 458 1741 485 adduxi
1751 477 1760 490 ,

971 503 1058 537 palam
1083 507 1137 535 est,
1162 507 1284 529 remotus
1312 504 1411 530 vixerit
1437 505 1600 540 nullumque
1627 511 1759 539 prteterea

971 549 1134 583 scriptorem
1151 549 1235 575 aliunt
1251 556 1299 576 seu
1317 550 1501 584 antiquiorem
1520 559 1569 578 seu
1584 551 1666 578 etiam
1689 552 1761 580 dun-

971 598 1046 622 taxat
1071 595 1249 621 recentiorem
1277 595 1329 622 sibi
1355 596 1548 632 snﬁ‘ragantcm
1573 597 1693 631 habeat,
1722 600 1760 625 ttti

970 642 1098 676 quisque,
1112 641 1158 675 qui
1175 648 1231 667 rem
1247 642 1422 673 examinarit,
1438 643 1600 675 comperict.

1005 687 1051 714 2|.
1068 686 1245 714 Radomirum
1267 695 1349 722 porro
1366 688 1392 714 in
1413 689 1502 715 medio
1520 691 1672 722 montium,
1695 692 1760 717 dum

970 733 1108 760 venationi
1120 741 1232 767 operaut
1246 734 1336 764 daret,
1352 734 1436 761 fuisse
1450 735 1584 766 occisum.
1598 735 1668 762 idem
1682 737 1764 764 Slau—

971 779 1062 804 taeius
1085 778 1112 804 in
1137 778 1294 805 narratione
1318 786 1380 809 sua,
1396 778 1489 805 Grrece
1512 779 1594 806 simul
1619 785 1644 806 et
1663 779 1763 806 Latine

970 831 1053 858 supra
1076 824 1208 856 exhibita,
1224 824 1307 851 etiam
1332 824 1464 857 aﬁirutat;
1488 825 1514 851 id
1535 830 1625 853 autem
1651 826 1762 854 minus.

972 879 1052 904 quam
1070 879 1126 897 rem
1140 879 1154 897 a
1170 871 1273 898 Sancto
1288 876 1383 898 nostro
1398 871 1485 899 fuisse
1499 877 1648 907 patratatn,
1664 881 1679 899 a
1694 881 1766 900 reri-

128 920 185 946 ﬁlio
200 919 328 951 Aaronis,
346 926 427 954 quem
447 919 505 954 ipse
521 920 581 946 neci
599 905 748 955 aliquando
773 920 919 947 subtraxc-
937 905 957 932 Β
975 921 1029 944 late
1045 917 1184 950 abhorret,
1200 919 1263 946 licet
1281 919 1390 945 interim
1405 905 1539 952 Cedrcr—to,
1553 921 1598 954 qui
1617 920 1691 946 illum
1705 920 1764 946 Bul-

128 971 198 993 τίη.»
215 967 251 992 Ac
267 966 349 1001 paulo
363 969 424 998 post
439 965 510 992 idem
530 970 626 992 auctor
642 965 678 991 ita
692 965 789 992 iterum
804 965 920 992 scribit:

131 1020 141 1036 ι
157 1011 258 1045 Quinta
275 1012 319 1039 die
335 1011 538 1039 Cheirotmetns
558 1011 698 1038 Romanus
722 1010 767 1044 (ad
784 1010 916 1038 Basiliutn

129 1059 322 1093 intpcratOrem
339 1057 508 1094 Mosynopoli
523 1057 692 1091 versantem)
707 1058 790 1089 venit,
805 1057 921 1084 famulos

128 1114 224 1134 secum
243 1105 382 1132 adducens
397 1104 511 1132 Joannis
529 1103 719 1136 Vladisthlabi,
733 1104 848 1131 Aaronis
864 1104 921 1136 ﬁlii,

129 1157 157 1180 et
178 1152 296 1183 litteras,
316 1151 417 1186 quibus
432 1151 475 1178 ltic
495 1150 684 1184 signiﬁcabat,
700 1158 729 1177 se
744 1149 864 1177 Gabrieli
881 1150 918 1176 \‘i-

128 1204 184 1225 tam
200 1198 347 1232 eripuisse,
364 1205 491 1232 nnncque
507 1197 540 1224 ad
566 1204 595 1224 se
617 1196 731 1223 rediisse
747 1195 920 1230 Bulgaricum

126 1244 285 1277 imperium.
300 1243 540 1277 promittebatque,
556 1250 584 1270 se
602 1250 711 1269 servum
734 1245 761 1269 et
780 1242 920 1269 subditum

128 1290 288 1324 imperatori
309 1289 377 1316 fore.
397 1298 405 1314 ι

163 1379 212 1407 20.
227 1379 289 1407 lltec
307 1382 398 1407 omnia
415 1379 568 1411 Cedrenus,
579 1379 680 1414 quibus
697 1386 774 1412 sane,
792 1378 923 1406 Radotni.

126 1433 191 1453 rum
208 1433 255 1453 seu
268 1425 434 1459 Uabrielem,
448 1425 494 1461 qui
509 1430 536 1452 et
549 1424 689 1453 Romanus
701 1425 854 1459 dicebatur,
867 1435 920 1454 non

127 1478 143 1496 ιι
168 1475 266 1498 sancto
283 1470 432 1503 [ti-tnetrio,
450 1471 497 1498 sed
516 1477 530 1497 a
552 1470 669 1502 Joanne,
689 1478 738 1498 seu
751 1491 758 1503 ,
777 1471 815 1498 uti
842 1473 922 1499 aliter

127 1516 212 1544 etiam
231 1517 393 1549 voeabatur,
411 1516 601 1544 Vladistblabo
620 1517 811 1551 interemptum
824 1517 919 1550 fuisse,

128 1562 303 1596 apertissime
323 1562 416 1588 tradit.
438 1561 492 1588 Nec
515 1562 605 1588 minus
621 1562 646 1588 id
665 1562 784 1589 dilucide
797 1562 919 1590 Zonaras

128 1606 268 1634 memoriae
291 1606 393 1640 prodit.
417 1605 506 1637 Audi,
530 1607 576 1641 qui
598 1607 624 1633 itt
641 1607 803 1640 Annalibus,
828 1616 842 1634 a
860 1616 919 1636 sese

128 1653 271 1679 adornatis
286 1659 414 1686 annoque
429 1653 496 1679 1687
522 1652 636 1680 Parisiis
657 1654 778 1685 excusis,
797 1659 861 1681 tom.
878 1655 897 1681 ll
911 1675 918 1687 ,

128 1706 192 1733 pag.
209 1698 262 1725 226
273 1698 409 1732 loquatur.
431 1706 441 1724 ι
461 1698 499 1725 Ex
525 1699 693 1733 cardiogmo,
710 1699 798 1733 inquit
818 1699 852 1727 de
871 1700 920 1726 Sa-

129 1745 220 1772 tnuele
233 1744 414 1779 Bulgarorum
431 1752 507 1780 rege,
521 1744 633 1777 interiit,
650 1745 804 1780 principatu
822 1745 920 1781 Bulga-

129 1799 225 1819 rorutn
242 1792 269 1818 in
291 1791 445 1818 Gabrielem
461 1791 544 1818 ﬁliuni
557 1812 564 1824 ,
579 1791 626 1825 qui
642 1795 669 1818 et
685 1790 827 1819 Romanus
846 1793 920 1819 dice-

130 1839 224 1871 batur,
255 1838 388 1866 ltauslato
406 1846 413 1864 :
430 1845 510 1873 quem
524 1857 531 1870 ,
560 1839 682 1865 nondum
709 1846 782 1865 anno
805 1839 919 1873 elapso,

131 1885 216 1911 frater
233 1885 377 1918 patruelis,
391 1885 511 1912 Aaronis
529 1884 601 1911 filius
616 1883 822 1912 Vladisthlavus
840 1884 921 1912 Joan-

131 1937 182 1957 nes
204 1929 363 1964 (binominis
383 1930 455 1957 enim
480 1934 507 1957 et
532 1929 576 1956 hic
600 1930 670 1965 erat)
692 1930 804 1958 occidit.
827 1940 836 1956 ι
861 1931 918 1962 Ac,

130 1976 227 2010 paucis
243 1976 423 2010 interpositis,
441 1977 537 2003 addit:
558 1976 606 2003 tAt
621 1975 758 2004 Samuelis
775 1976 847 2005 ﬁlius
865 1976 921 2003 Βοη

131 2029 230 2048 manus
247 2021 355 2048 Gabriel
373 2021 501 2056 (necdum
522 2023 594 2049 enim
614 2030 702 2050 caesus
721 2022 790 2058 erat)
809 2031 857 2057 per
883 2023 921 2050 le-

130 2074 208 2103 gatos
225 2069 382 2101 imperatori
399 2070 511 2103 (Barilio
526 2070 668 2097 Matedoni
684 2071 791 2105 nempe)
804 2071 920 2097 servitu-

131 2122 184 2144 tem
211 2117 400 2150 pollicebatur,
422 2122 449 2144 ct
474 2123 596 2152 tempore
625 2118 718 2151 aliquo
745 2119 918 2152 interposito,

130 2161 246 2190 Joannis
261 2162 441 2190 Vladistblavi
457 2164 582 2191 minister
599 2165 675 2191 adest
688 2165 790 2192 caedem
807 2164 922 2192 Gabrie-

130 2209 164 2236 lis
181 2210 215 2236 ab
232 2210 296 2236 bcro
313 2217 364 2236 suo
381 2209 480 2236 factam
505 2211 653 2243 nuntians,
680 2212 781 2246 aliique
795 2211 873 2238 multi
887 2219 921 2239 ex

972 971 1100 998 garorum
1118 972 1222 999 regem,
1243 973 1297 991 non
1313 973 1372 992 cum
1391 965 1487 992 mediis
1505 965 1531 992 iu
1549 966 1686 992 montibus
1701 973 1763 992 rer-

971 1013 1078 1036 saretnr
1097 999 1291 1044 vcuatiunique
1305 1018 1418 1045 operam
1436 1010 1494 1046 jam
1515 1010 1603 1041 daret,
1618 1011 1664 1037 sed
1683 1015 1740 1037 tum
1755 1031 1762 1042 ,

971 1062 1033 1082 cum
1052 1055 1083 1082 ad
1101 1057 1272 1083 venationem
1287 1056 1384 1089 exiret,
1398 1064 1446 1083 seu
1460 1056 1528 1090 jam,
1545 1060 1575 1082 ut
1591 1057 1762 1083 venationem

973 1101 1179 1136 aggrederetur,
1209 1102 1236 1128 in
1272 1102 1386 1137 ιιι·ουὶηο
1415 1106 1509 1134 staret,
1539 1107 1677 1137 perempto
1705 1106 1763 1128 tum

973 1147 1068 1180 fuisse,
1085 1155 1164 1181 supra
1185 1149 1236 1175 huc
1252 1147 1422 1181 transcriptis
1439 1147 1530 1174 verbis
1548 1147 1649 1179 tradiit,
1668 1154 1764 1174 assen-

973 1193 1017 1220 tiri
1042 1194 1152 1227 malim;
1178 1194 1249 1227 quod
1276 1193 1319 1220 ltic
1344 1193 1471 1220 lectorem
1503 1193 1592 1220 adhuc
1622 1192 1764 1219 monuisse

972 1244 1129 1272 contentus,
1149 1241 1182 1266 ad
1197 1239 1269 1266 aliud
1290 1240 1380 1271 modo,
1410 1239 1437 1266 iu
1453 1247 1507 1274 quo
1531 1245 1635 1274 patrem
1661 1239 1764 1274 pariter

973 1286 1092 1313 Sanctus
1118 1291 1212 1313 uoster
1242 1286 1370 1314 habuisse
1405 1292 1533 1313 narratur
1551 1305 1558 1318 ,
1593 1286 1762 1320 progredior.

972 1333 1130 1366 Christiani,
1147 1333 1284 1367 susceptis
1303 1333 1391 1360 sacris
1410 1340 1461 1367 pro
1476 1333 1664 1366 recuperanda
1678 1331 1763 1358 Terra

971 1383 1067 1406 sancta
1092 1378 1328 1412 expeditionibus,
1345 1378 1519 1405 Antiochiam
1549 1379 1575 1405 in
1601 1381 1763 1412 potestatem

972 1431 1050 1451 suam
1067 1431 1138 1450 anno
1153 1423 1220 1451 1098
1233 1424 1290 1459 jam
1306 1423 1480 1458 redegerant,
1495 1432 1555 1451 cum
1570 1423 1643 1450 haud
1661 1424 1698 1450 ita
1714 1422 1765 1449 du-

971 1470 1036 1497 dum
1060 1476 1121 1505 post
1140 1471 1174 1498 ab
1196 1471 1340 1498 innumero
1364 1470 1563 1498 Saracenorum
1587 1469 1712 1497 exercitu
1736 1469 1764 1496 in

973 1515 1085 1541 civitate
1100 1515 1145 1541 illa
1160 1516 1236 1543 fuere
1252 1516 1386 1548 conclusi,
1399 1516 1610 1550 aretissitnaque
1622 1515 1766 1542 obsidione

974 1559 1006 1586 ad
1023 1567 1144 1588 summas
1159 1562 1300 1596 angustias
1315 1561 1415 1589 adacti.
1437 1561 1533 1588 Verum
1552 1569 1613 1588 cum
1633 1561 1743 1588 tandem
1755 1580 1763 1591 ,

972 1615 1026 1641 quo
1046 1607 1122 1634 ltisce
1134 1615 1194 1634 sese
1208 1609 1379 1642 expedirent,
1393 1617 1425 1635 ex
1446 1609 1512 1635 urbe
1528 1607 1641 1635 obsessa
1657 1608 1762 1642 egressi

972 1654 1098 1681 inimicos
1119 1659 1213 1681 essent
1232 1655 1339 1686 adorti,
1366 1655 1519 1682 albatorum
1545 1655 1691 1686 exercitus,
1717 1655 1762 1682 cui

972 1699 1126 1727 Demetrius
1142 1700 1244 1734 aliique
1260 1699 1355 1726 Sancti
1370 1701 1467 1735 pneire
1483 1700 1559 1728 fuere
1571 1700 1721 1734 conspecti,
1735 1700 1763 1727 in

972 1747 1092 1779 ipsorum
1120 1746 1252 1772 auxilium
1278 1751 1376 1773 contra
1405 1746 1558 1774 Saracenos
1586 1754 1601 1774 e
1625 1746 1763 1773 utentibus

973 1792 1080 1826 prodire
1094 1798 1136 1820 est
1150 1793 1237 1820 visus.
1253 1791 1291 1820 Ita
1312 1793 1338 1820 in
1356 1793 1496 1820 variorum
1523 1793 1690 1827 scriptorum
1705 1793 1764 1820 col-

972 1838 1096 1869 lectione.
1117 1846 1177 1873 quze
1199 1838 1277 1865 Gesta
1304 1839 1351 1866 Dei
1373 1847 1419 1873 per
1446 1839 1567 1866 Francos
1599 1839 1762 1866 inscribitur

973 1892 1099 1918 annoque
1117 1883 1183 1910 16H
1203 1885 1335 1911 lianovia:
1354 1885 1405 1912 fuit
1424 1893 1545 1919 excusa,
1571 1889 1700 1913 testatum
1722 1885 1765 1912 fa-

972 1931 1049 1958 ciunt
1065 1930 1203 1958 ltobertus
1221 1932 1383 1964 monachus,
1400 1931 1544 1959 Baldricus
1571 1931 1694 1959 Dolensis
1717 1939 1764 1958 ar-

972 1976 1176 2011 chiepiscopus,
1193 1984 1224 2003 ac
1239 1976 1388 2004 Guibertus
1406 1977 1511 2010 abbas,
1531 1978 1578 2012 qui
1601 1985 1698 2005 omnes
1725 1978 1764 2005 rei

972 2028 1057 2058 gestae
1075 2023 1194 2056 aequales
1212 2023 1355 2050 exstitere.

1007 2069 1052 2096 22.
1071 2069 1247 2103 Singulorum
1263 2089 1270 2102 ,
1295 2077 1356 2104 quze
1382 2069 1414 2097 ad
1433 2077 1489 2097 rem
1505 2074 1630 2097 uestram
1651 2070 1765 2105 potissi-

972 2124 1047 2143 mum
1071 2115 1185 2147 faciunt,
1202 2115 1282 2143 verba
1300 2115 1354 2143 bne
1371 2116 1520 2144 transfero.
1543 2117 1683 2144 Robertus
1705 2124 1765 2144 mo-

973 2163 1078 2189 nachus
1092 2181 1100 2194 ,
1117 2169 1178 2197 pag.
1195 2161 1248 2196 θιξ,
1263 2161 1290 2188 in
1306 2161 1439 2188 adornata
1456 2169 1470 2187 a
1487 2169 1549 2188 sese
1567 2162 1765 2196 Hierosolymi-

975 2214 1038 2236 tana
1059 2209 1171 2236 historia
1185 2229 1192 2241 ,
1218 2208 1266 2235 lib.
1287 2215 1334 2240 vn,
1357 2207 1393 2234 ita
1411 2207 1509 2234 scribit
1528 2215 1535 2233 :
1553 2215 1562 2232 α
1580 2206 1648 2233 Dum
1674 2207 1715 2234 sic.
1739 2207 1765 2237 (:t

133 2255 287 2283 illustribus
313 2255 436 2289 Bulgaria
460 2256 493 2282 ad
516 2257 709 2291 itttpcraturettt
733 2258 886 2286 conﬂuunt.
907 2269 916 2284 ι
936 2254 958 2282 D
973 2255 1140 2283 Christianis
1163 2254 1308 2282 Antiochia
1333 2251 1465 2288 egressis)
1493 2257 1627 2282 certatur,
1655 2257 1682 2278 el
1708 2256 1764 2278 tam

132 2301 166 2328 Et
182 2308 256 2328 nunc
268 2301 350 2328 etiant
365 2300 432 2336 Lupi
454 2303 639 2336 protospatba‘,
667 2303 714 2337 qui
732 2309 759 2330 et
776 2305 835 2339 ipse
852 2305 923 2339 apud

132 2346 310 2374 Muratorium
322 2367 328 2377 ,
343 2351 409 2374 tom.
428 2346 446 2373 V
469 2346 562 2374 Rerum
578 2347 735 2376 Italicartutt
753 2351 923 2384 scriptorum,

132 2400 194 2428 pag.
213 2393 259 2425 41,
276 2392 416 2420 RadOmiri
437 2399 563 2426 mortem,
582 2402 635 2421 non
653 2400 751 2422 sancto
767 2396 921 2430 Demetrio,

131 2439 179 2466 sed
203 2439 306 2466 Joanui
332 2446 380 2466 seu
399 2437 587 2467 Vlatlisthlabo
602 2461 609 2473 ,
629 2441 702 2468 illius
721 2446 852 2476 cognato,
874 2443 924 2470 ad-

133 2486 240 2516 scribit,
260 2485 293 2512 ad
312 2492 368 2512 rem
387 2485 456 2511 hanc
472 2484 601 2513 facientia
618 2488 713 2515 verba.
730 2487 776 2516 Sic
794 2488 895 2516 habent
913 2498 920 2516 :

137 2539 144 2556 ι
168 2533 247 2558 Anno
265 2531 334 2558 1016
349 2533 460 2560 occisus
484 2537 527 2560 cst
545 2533 618 2560 ﬁlius
641 2535 762 2566 prtetlicti
786 2535 923 2562 Samuelis

133 2577 166 2603 ab
185 2578 246 2612 ejus
263 2578 432 2606 consobrino
450 2578 505 2605 ﬁlio
524 2580 621 2606 Λευ-οιιὶ
643 2586 668 2606 et
693 2581 817 2615 regnavit
833 2582 917 2615 ῑῃεεδ

131 2623 200 2650 Cum
225 2631 292 2659 ergo
318 2629 374 2651 tres
401 2625 560 2658 scriptores.
575 2633 656 2660 supra
674 2626 700 2652 in
717 2634 784 2658 rcttt,
801 2635 862 2661 qua:
878 2628 922 2653 ltie

132 2670 302 2697 c-mﬁcienda
321 2675 390 2701 erat,
404 2671 524 2704 laudati,
542 2671 707 2702 Gabrieletn,
725 2680 780 2699 nou
796 2680 810 2699 a
827 2679 922 2700 sancto

134 2714 282 2750 Demetrio,
301 2717 349 2744 scd
373 2725 387 2744 a
412 2716 518 2745 Joanne
543 2727 592 2745 seu
621 2718 817 2752 Vladistltlalm,
847 2721 920 2747 nulla

133 2767 246 2793 prorsus
263 2763 357 2790 Sam-ti
376 2765 514 2791 mentione
529 2764 611 2796 facta,
628 2764 714 2791 fuisse
732 2765 919 2798 interfectum,

133 2805 349 2836 luculentissima
376 2817 452 2842 sane,
481 2811 519 2838 uti
541 2818 557 2838 e
579 2810 635 2846 jam
661 2812 783 2838 recitatis
811 2811 919 2838 illorum

133 2854 223 2883 Vcrbis
241 2856 344 2891 liquet,
360 2857 497 2883 memorial.
513 2857 640 2891 prodant,
668 2857 812 2884 Stanracio
834 2858 921 2884 enim-

133 2903 208 2936 vero,
233 2903 278 2938 qui
315 2902 416 2931 Sancto
441 2907 536 2930 nostro
562 2911 655 2933 necem
681 2903 754 2932 iIlatn
785 2904 918 2939 ascribit,

975 2303 1047 2338 longi
1068 2302 1228 2330 certaminis
1256 2301 1401 2336 prolixitas
1428 2303 1533 2334 poterat
1558 2297 1689 2330 tzediare;
1716 2305 1766 2325 nec

975 2357 1105 2377 numerus
1123 2349 1244 2376 hostium
1261 2347 1405 2375 videbatur
1420 2346 1591 2377 decrescere,
1611 2343 1765 2370 albatorum

975 2397 1092 2423 militum
1110 2395 1319 2422 innumerabilis
1339 2393 1477 2421 exercitus
1493 2392 1567 2419 visus
1582 2395 1624 2418 est
1641 2390 1674 2417 de
1687 2397 1765 2416 mon-

974 2442 1047 2469 tibus
1069 2441 1248 2473 descendere,
1267 2448 1382 2476 quorutn
1407 2438 1528 2474 signiferi
1555 2442 1581 2464 et
1604 2437 1688 2463 duces
1704 2443 1767 2463 csse

974 2491 1104 2517 dietmtur
1129 2489 1274 2523 Georgius,
1293 2486 1448 2517 Mauritius,
1464 2483 1615 2512 Demetrius
1630 2490 1637 2508 :
1655 2488 1724 2515 quos
1737 2485 1766 2506 nt

977 2536 1096 2570 primum
1111 2535 1178 2562 vidit
1193 2534 1339 2562 Podiensis
1352 2533 1509 2568 episcopus,
1523 2531 1689 2558 exclamavit
1699 2535 1766 2553 \‘0co

977 2590 1074 2617 magna
1093 2582 1189 2609 dicens
1213 2591 1219 2609 :
1243 2581 1265 2607 0
1283 2581 1396 2610 milites,
1413 2587 1488 2611 ecce,
1507 2578 1581 2605 νιιιιὶι
1609 2575 1742 2603 auxilium
1758 2593 1764 2604 ,

973 2629 1045 2662 quod
1070 2627 1147 2655 vobis
1175 2627 1302 2662 promisit
1320 2625 1403 2652 Deus.
1424 2625 1456 2651 lit
1475 2629 1550 2651 certe
1578 2621 1664 2649 nostri
1688 2620 1765 2646 valde

974 2675 1147 2709 cxparissent
1162 2695 1169 2706 ,
1197 2673 1250 2700 nisi
1278 2673 1376 2700 fuisset
1399 2679 1474 2706 spes,
1501 2678 1581 2706 quam
1601 2669 1628 2696 in
1649 2667 1764 2694 Domino

975 2720 1121 2746 habebant.
1148 2719 1263 2746 Tremor
1289 2719 1428 2746 maximus
1453 2717 1534 2745 irruit
1560 2717 1586 2744 in
1615 2717 1719 2746 hostes,
1737 2717 1764 2739 et

974 2766 1062 2792 versis
1078 2765 1210 2796 vultibus,
1225 2765 1312 2793 scutis
1329 2771 1402 2800 tt-rga
1422 2765 1561 2799 coopet-iui
1575 2768 1594 2794 ι,
1610 2767 1636 2789 et
1654 2762 1743 2796 fugam
1755 2780 1763 2792 ,

974 2818 1029 2849 quo
1047 2811 1194 2844 unicuique
1216 2812 1292 2838 locus
1319 2811 1412 2843 dabat,
1437 2811 1583 2852 arripiunt.
1609 2808 1675 2835 Pars
1694 2807 1738 2834 illa
1757 2827 1763 2837 ,

974 2864 1035 2890 quae
1050 2864 1063 2882 a
1086 2861 1162 2891 parte
1180 2857 1318 2892 pugnabat
1337 2858 1433 2887 maris,
1455 2863 1482 2883 ut
1496 2856 1564 2883 vidit
1581 2855 1670 2890 fugam
1692 2861 1764 2881 suo-

975 2911 1047 2937 rum,
1064 2903 1154 2939 ignctn
1172 2905 1273 2939 sparsit
1288 2911 1370 2939 super
1385 2912 1496 2939 ειειιιιειι
1515 2904 1615 2938 campi,
1628 2901 1701 2937 quod
1717 2908 1762 2928 cc-
