2038 3151
247 161 314 194 liii

897 152 1224 185 SUl’l‘LEMEN'I‘Ull.

1811 140 1885 173 1412

245 219 338 248 leriti-r
354 218 433 249 arsit,
457 216 520 250 quia
542 215 607 241 illud
635 215 787 241 siccavm'at
812 212 895 239 ardor
921 212 1035 238 azstatis.
1053 212 1074 241 Λ
1090 214 1236 239 testantur,
1250 215 1343 233 rerum
1359 205 1440 232 etiam
1455 205 1525 239 apud
1538 201 1688 230 Clicsnium
1700 205 1766 227 toni.
1781 199 1814 226 IV
1829 199 1887 226 Re—

247 268 310 294 lla:c
328 265 389 292 ideo
403 264 539 294 fecerunt.
554 267 584 289 ut
602 262 653 288 hoc
668 261 747 294 signo
759 261 797 286 illi
810 260 855 294 qui
869 259 896 285 in
912 257 1038 286 tentoriis

246 317 337 344 erant,
355 312 448 338 statim
472 309 607 344 fugerent,
623 313 650 335 et.
664 300 868 334 secum‘ditiora
885 304 971 339 spolia
988 304 1038 330 tol-

249 361 348 386 lerent.
366 357 405 384 Illi
433 364 508 387 vero,
536 355 648 389 cognito
674 354 752 388 signo
766 373 773 385 ,
792 353 837 387 qui
856 352 881 378 in
901 351 1039 378 montibus

248 408 337 436 erant,
369 404 496 438 protinus
524 401 652 436 fugerunt
672 407 734 426 cum
765 397 894 425 omnibus
921 396 1038 431 spoliis,

251 459 311 484 qua:
328 455 436 484 portare
454 449 611 475 valuerunt.
639 456 647 472 ι
677 445 816 472 Hactenus
836 445 961 470 laudatus
980 451 1040 469 mo-

251 498 358 525 naclius
386 495 524 523 [iubentis
543 502 549 519 :
568 493 601 520 ad
620 492 775 519 Baldricum
803 490 1039 525 archiepiscopum

249 544 306 578 jam
326 543 417 569 venio.

288 590 334 616 25.
353 589 401 615 llic
417 587 537 623 praefata:
553 584 741 614 Collectionis,
757 590 817 616 pag.
843 581 902 613 19.1,
921 581 948 607 in
974 588 1042 607 con—

253 641 326 663 texta
343 643 357 662 a
381 642 410 662 sc
428 632 677 667 Hierosolymitana
696 629 809 655 In'aloria
826 627 965 662 sequentia
993 626 1045 654 ist-

253 682 311 709 liiec
328 679 417 714 prodit
435 678 575 706 memoria:
594 685 601 703 :
617 685 626 702 ι
642 677 721 707 Ecce,
736 675 790 701 Deo
803 673 916 709 gratias,
934 672 1045 707 abipsis

255 727 395 755 montanis
411 726 487 760 (dum
505 725 611 752 scilicet
625 727 719 750 contra
733 722 884 748 Saracenos
895 719 1046 747 Christiani

256 781 340 808 prope
353 771 527 800 Antiochiam
547 777 655 797 summo
671 767 829 795 discrimine
846 764 1046 801 praeliarentur)

256 820 332 847 visus
346 822 389 845 est
406 818 482 844 exire
496 817 634 843 exercitus
650 813 867 850 innumerabilis,
883 813 961 846 equis
978 811 1049 837 albis

257 864 419 894 insidentes,
436 867 463 890 et
487 861 584 888 vexilla
613 859 728 887 candida
755 859 782 885 iit
809 859 934 885 manibus
951 856 1048 892 pra-fe’

1090 263 1148 282 rum
1170 253 1360 280 Francicarum
1374 251 1533 285 scriplowm
1548 248 1585 275 rei
1600 247 1726 274 oeulatus
1741 246 1818 273 testis
1832 245 1887 272 Pe-

1091 305 1149 327 trus
1160 299 1337 329 'i'udebodus,
1353 295 1525 324 Sinraccnsis
1541 294 1679 324 sacerdos.
1693 301 1741 320 seu
1757 293 1849 327 potius
1862 293 1889 320 is

1091 347 1138 381 qui
1160 346 1326 381 prolixiores
1343 342 1485 370 Tudebodi
1502 340 1726 371 commentarios,
1746 339 1890 366 narratio-

1091 394 1172 421 nibus
1187 394 1305 420 interim.
1319 399 1388 426 quas
1403 391 1427 416 hi
1441 389 1592 419 Contineiit,
1606 386 1721 413 ﬁdeliter
1733 385 1888 420 expressis,

1091 442 1118 468 in
1137 440 1331 474 compendium
1346 437 1493 464 contraxit.

1127 488 1172 514 25.
1193 487 1230 512 En
1242 487 1321 517 adeo,
1334 492 1395 511 cum
1409 484 1435 510 id
1453 484 1490 509 ita
1504 482 1612 510 habeat.
1626 480 1707 515 hujus
1721 480 1814 509 etiam,
1826 485 1894 512 qua;

1096 534 1128 561 ad
1148 540 1268 569 pra-scus
1283 531 1440 558 institutum
1457 529 1605 564 pertinent,
1625 526 1767 560 srriptoris
1783 526 1866 551 verba
1882 532 1890 550 :

1096 581 1259 614 «Caspernnt
1273 584 1369 604 turma:
1380 577 1532 604 Turcorum
1544 583 1575 601 ex
1586 578 1700 608 utraque
1713 578 1789 606 parte
1802 579 1891 602 exue,

1096 631 1256 659 nostrosque.
1269 624 1388 658 undique
1403 621 1656 654 circuiiicingebant
1668 639 1675 650 ,
1693 617 1846 652 jacnlando
1862 621 1892 643 ct

1096 671 1248 706 sagittatith
1261 677 1287 697 et
1303 669 1483 697 vulnerando.
1498 668 1633 695 Exierunt
1645 673 1756 701 quoque
1768 665 1802 692 de
1814 672 1892 690 mon-

1096 718 1184 744 tancis
1200 716 1413 744 innumerabiles
1430 715 1578 746 exercitus,
1596 713 1640 748 qui
1655 711 1791 739 ducebant
1804 717 1892 744 equos

1098 768 1173 794 albos
1185 788 1193 800 ,
1210 775 1327 800 quorum
1344 767 1441 793 vexilla
1457 766 1549 792 omnia
1574 765 1634 791 alba
1648 768 1737 791 olant.
1762 762 1893 789 Viilcntcs

1098 815 1190 847 itaque
1211 813 1298 840 nostri
1320 813 1392 839 hunc
1407 813 1558 839 exercitum
1574 810 1755 845 ignorabant,
1780 808 1828 842 qui
1846 815 1893 834 εει

1099 865 1170 892 sent,
1190 859 1277 886 donec
1294 862 1481 894 cognoverunt
1513 865 1573 884 esse
1587 856 1754 891 adjutorinni
1771 853 1892 886 Ctiristi,

259 914 360 937 rentes.
377 908 434 935 Hoc
453 907 530 935 multi
550 906 679 933 viderunt
694 904 926 935 Christianorum,
938 908 964 930 et
977 903 1048 930 sicut
1064 889 1086 919 Β
1106 907 1178 934 sicut
1195 889 1342 933 “mndavi;
1356 906 1410 932 illis
1434 912 1481 939 per
1499 904 1670 937 Stephanum
1697 902 1868 929 sacerdotem
1883 918 1892 930 .

257 961 369 990 putant,
384 955 527 991 gentilium
543 963 551 987 ;
568 957 595 980 et
611 953 771 980 haesitantes
784 951 956 978 mirabantur
968 949 1050 984 quid-

259 1012 324 1031 nam
340 1007 425 1031 esset.
438 1001 560 1028 Tandem
579 999 687 1033 utrique
701 1001 891 1033 cognoverunt
907 998 990 1024 duces
1004 1005 1052 1031 ag-

259 1049 343 1077 minis
360 1053 486 1075 sanctum
503 1045 650 1079 Georgium
681 1047 709 1070 ct
732 1048 857 1069 sanctum
881 1041 1049 1068 Demetrium

258 1101 284 1123 et
301 1098 425 1123 sanctum
444 1092 628 1122 Mercurium,
645 1098 694 1117 sua
716 1090 792 1124 signa
813 1089 931 1116 ferentes
948 1095 1051 1123 praee-

260 1142 337 1168 dcre.
359 1139 506 1166 Saracenis
522 1144 587 1170 ergo
613 1136 683 1163 visio
711 1136 767 1162 haec
795 1134 910 1161 Inuitum
935 1134 1053 1160 incussit

261 1188 388 1214 timorem
401 1206 410 1218 ,
426 1184 591 1213 Christianis
606 1188 697 1210 autem
715 1189 789 1216 spent
804 1182 880 1208 auxit
891 1181 1030 1208 meliorem
1044 1189 1051 1213 ;

262 1233 331 1260 istos
346 1232 489 1264 animavit,
505 1231 566 1258 illos
582 1229 745 1258 exinanivit.
760 1227 827 1260 Hoc,
843 1229 888 1261 qui
903 1226 1052 1264 aﬂuerunt,

261 1277 340 1305 multi
355 1276 502 1311 contigisse
517 1275 608 1303 testati
625 1274 708 1305 snnt‘;
727 1281 780 1300 non
799 1277 889 1299 tamen
913 1272 939 1299 id
956 1279 1054 1298 omnes

262 1323 355 1349 videre
381 1326 550 1357 potuerunt,
569 1321 618 1349 sed
634 1320 736 1355 quibus
755 1319 886 1346 Dominus
903 1318 988 1346 voluit
1006 1325 1051 1344 ar-

262 1376 361 1396 canum
394 1375 475 1395 suum
499 1367 639 1398 revelare;
663 1366 792 1393 revelavit
825 1369 916 1391 autem
943 1364 1005 1391 aliis
1021 1363 1053 1390 ad

264 1415 458 1442 confusionem
473 1434 480 1446 ,
498 1414 561 1440 aliis
576 1413 609 1439 ad
627 1413 758 1439 instantis
774 1410 906 1444 triumphi
917 1410 1054 1437 0slcnsio-

265 1468 339 1486 item.
365 1459 450 1485 l’orro
467 1458 603 1485 mendacii
626 1463 707 1484 nemo
728 1463 778 1482 nos
797 1457 944 1489 redarguat
959 1475 966 1487 ,
990 1456 1055 1489 quia

265 1505 334 1532 nihil
351 1512 383 1531 ex
401 1503 486 1530 corde
512 1508 606 1530 nostro
631 1501 779 1536 ﬁngimus;
795 1504 841 1528 sed
859 1500 932 1535 quod
949 1500 1041 1526 auditi

1101 961 1219 989 quorum
1234 953 1362 979 ductores
1377 951 1483 978 fuerunt
1500 956 1612 978 sanctus
1625 949 1769 983 Georgius,
1787 952 1813 974 et
1827 947 1894 973 bea-

1101 999 1315 1027 ttis'l‘hendorus
1326 1002 1353 1025 et
1363 1002 1474 1024 sanctus
1485 996 1649 1023 Demetrius.
1661 993 1722 1021 Ilaec
1737 994 1817 1019 verba
1831 999 1895 1018 cre-

1102 1045 1191 1072 denda
1214 1048 1288 1076 sunt,
1310 1043 1373 1078 quia
1390 1043 1482 1078 plures
1497 1050 1528 1068 ex
1543 1041 1643 1068 tmstris
1657 1040 1782 1067 viderunt
1798 1041 1860 1066 hoc.
1881 1048 1891 1064 ι

1102 1096 1191 1126 Atque
1207 1093 1243 1118 ita
1269 1090 1453 1125 prodigiosum
1468 1111 1475 1121 ,
1503 1090 1536 1115 de
1553 1096 1607 1122 quo
1624 1087 1667 1114 hic
1685 1087 1764 1114 inibis
1782 1095 1874 1113 sermo
1887 1106 1895 1117 .

1103 1139 1215 1169 factum,
1243 1137 1408 1172 scripturum
1427 1135 1646 1170 synrlironorum
1659 1154 1666 1165 ,
1683 1142 1799 1169 (litorum
1823 1140 1896 1160 unus

1102 1184 1186 1211 etiam
1202 1183 1327 1217 ipsismel
1339 1183 1398 1209 suis
1412 1181 1500 1208 oculis
1525 1188 1581 1207 rem
1598 1180 1680 1207 fuerit
1703 1181 1831 1210 intuitus,
1850 1180 1897 1206 ﬁr-

1104 1234 1207 1257 matum
1232 1229 1381 1260 habemus;
1411 1228 1476 1254 licet
1501 1232 1592 1253 autem
1609 1227 1635 1252 hi
1651 1226 1724 1253 haud
1745 1234 1842 1253 omnes
1868 1226 1896 1252 in

1104 1274 1257 1302 caelestium
1282 1274 1393 1303 ducum,
1421 1280 1538 1307 quorum
1565 1272 1696 1298 auxilium
1722 1272 1894 1297 Christianos

1105 1319 1183 1345 aiunt
1201 1323 1341 1353 expertos,
1362 1315 1530 1351 assignando
1553 1316 1633 1342 tertio
1657 1315 1837 1348 conveniant,
1860 1314 1893 1341 iis

1106 1369 1195 1391 tamen
1215 1363 1337 1390 unanimi
1362 1369 1498 1389 consensu
1523 1368 1619 1387 omnes
1644 1364 1769 1387 sanetum
1798 1360 1896 1388 Dome-

1105 1413 1190 1438 trium
1224 1418 1277 1437 una
1304 1417 1366 1436 cum
1398 1413 1494 1436 sancto
1517 1407 1633 1442 Georgio
1662 1414 1819 1434 accenseni.
1841 1406 1896 1435 Nec

1108 1462 1213 1484 tantum
1235 1457 1263 1483 hi
1280 1457 1447 1490 posteriores
1472 1454 1566 1481 Sancti
1584 1454 1611 1481 iu
1630 1461 1714 1488 supra
1741 1459 1895 1481 memorato

1107 1504 1139 1531 :id
1158 1503 1329 1531 Antiochiam
1347 1503 1451 1537 praelii),
1469 1509 1564 1529 Verum
1578 1501 1660 1528 etiam
1671 1502 1698 1527 in
1712 1502 1808 1529 altero.
1823 1501 1896 1535 quod

265 1558 338 1584 nius,
354 1551 380 1577 id
398 1554 543 1581 testantur,
559 1552 587 1575 et
603 1548 791 1576 testimonium
812 1551 935 1574 nostrum
957 1554 989 1573 cx
1009 1554 1054 1573 ore

1109 1551 1172 1577 huic
1193 1549 1316 1584 ριτωινίι,
1332 1557 1403 1575 anno
1418 1548 1484 1575 l097
1504 1555 1653 1582 paucorum
1670 1547 1774 1573 dierum
1799 1547 1899 1573 itinere

264 1605 359 1625 corum
377 1597 423 1631 qui
440 1596 472 1622 ad
491 1595 612 1627 fuerunt,
631 1602 723 1621 verum
741 1598 792 1621 est.
806 1602 816 1619 ›

302 1642 346 1669 24..
370 1642 407 1668 Ita
428 1641 571 1668 lialdricus
587 1659 595 1672 ,
624 1647 685 1674 qua:
714 1646 797 1673 supra
824 1637 946 1665 recitatis
968 1637 1058 1665 verbis

267 1688 405 1716 Robertus
428 1687 581 1715 monachus
600 1686 705 1718 tradit,
726 1685 942 1712 lnculentissimc
958 1684 1059 1711 Conﬁr-

268 1739 334 1761 mat.
351 1734 406 1760 Nec
421 1735 514 1760 minus
525 1734 550 1761 id
568 1734 721 1760 luculenter
737 1731 803 1758 facit
814 1732 963 1759 Cuibertus
972 1731 1059 1758 abbas

270 1779 297 1806 in
315 1779 561 1812 llierusolymitana
579 1778 679 1810 pariter
693 1785 708 1804 τι
724 1785 753 1803 se
763 1777 926 1804 concinnata
938 1776 1060 1803 Historia

270 1824 442 1851 collectionis
461 1822 593 1858 praefatae,
610 1824 655 1850 cui
672 1827 698 1849 et
716 1822 810 1849 istlimc
829 1822 931 1848 inserta
948 1826 1039 1849 exstat
1051 1841 1060 1854 ,

270 1878 332 1905 pag.
345 1870 398 1897 525
416 1870 454 1897 ita
469 1870 595 1897 scribens
610 1877 618 1895 :
636 1878 645 1894 ι
665 1868 698 1895 Et
711 1875 787 1900 cccc,
799 1868 885 1902 copia:
900 1869 1061 1895 innumera-

270 1916 341 1944 bich
368 1916 444 1949 (dum
477 1915 628 1943 Christiani
654 1915 761 1942 scilicet
787 1919 882 1941 contra
907 1914 1061 1942 Saracenos

270 1969 355 1997 prope
366 1953 706 1995 Antiochiam\decertant)
717 1966 861 1995 cmperunt
871 1959 905 1987 dc
921 1961 1062 1988 montibus

270 2016 421 2044 emergere,
438 2016 556 2043 quorum
575 2013 602 2035 et
616 2009 681 2043 equi
700 2012 727 2035 et
745 2007 823 2042 signa
841 2009 928 2034 multo
943 2008 1062 2035 candore

271 2054 396 2084 nitebant
407 2063 414 2088 ;
426 2055 529 2082 nostris
540 2059 631 2082 autem
643 2054 781 2081 maximus
795 2053 830 2080 ad
845 2061 941 2081 eorum
953 2055 1061 2081 contui-

271 2105 329 2128 tum
346 2105 444 2134 stupor
461 2100 589 2133 increvit,
607 2100 766 2128 verentibus
784 2100 890 2135 utique,
907 2107 940 2127 ne
954 2106 1064 2128 contra-

271 2146 320 2173 ria
334 2146 461 2173 venirent
475 2145 672 2172 adminiculum
689 2144 762 2174 ferre
779 2145 848 2180 parti
861 2165 870 2176 ,
887 2145 974 2172 donec
988 2154 1063 2173 eoin-

272 2192 391 2227 periunt,
418 2192 445 2219 id
471 2191 530 2219 fore
546 2191 631 2219 etiam
657 2191 804 2219 visibiliter
828 2190 882 2218 sibi
908 2191 1060 2226 praestitum

1108 1603 1122 1622 a
1133 1594 1222 1621 Nicaea
1236 1595 1382 1622 commissa
1393 1593 1558 1621 Christianis
1570 1600 1652 1621 cruce
1664 1593 1899 1628 signatissitccur-

1109 1642 1178 1668 tisse
1194 1646 1350 1668 narrantur.

1143 1686 1189 1714 26.
1208 1687 1235 1712 ln
1251 1694 1331 1721 supra
1347 1686 1466 1719 laudata,
1485 1694 1545 1720 qua:
1560 1685 1639 1712 Gesta
1658 1685 1706 1712 Dei
1723 1694 1769 1720 per
1781 1685 1899 1713 Francos

1113 1732 1274 1759 inscribitur
1287 1752 1294 1763 ,
1322 1734 1486 1766 scriptorum
1506 1733 1643 1758 variorum
1667 1732 1835 1759 Collectiotie
1851 1740 1901 1758 an-

1109 1786 1168 1805 ctor
1181 1779 1313 1809 incertus,
1325 1777 1503 1810 Francorum,
1513 1777 1663 1806 Jerusalem
1673 1779 1899 1813 cxptignantiui,

1111 1829 1190 1860 gesta
1209 1825 1380 1856 describens,
1395 1826 1491 1857 relato,
1508 1825 1534 1852 in
1557 1834 1610 1859 quo
1627 1834 1642 1852 a
1660 1825 1825 1853 Christianis
1837 1833 1902 1852 crn-

1111 1879 1143 1898 ce
1157 1871 1271 1906 signatis
1286 1871 1410 1898 inlidclcs
1426 1879 1522 1906 magna
1540 1872 1616 1899 clade
1644 1876 1708 1906 post
1728 1877 1836 1905 captam
1854 1871 1902 1898 Ni-

1110 1925 1193 1944 caeam
1212 1918 1262 1944 l‘usi
1282 1918 1368 1948 fuere,
1385 1918 1546 1949 certamine.
1564 1926 1626 1945 mox
1642 1918 1782 1953 subiungit
1797 1927 1804 1944 :
1823 1928 1831 1944 ι
1850 1918 1906 1945 Re-

1111 1964 1194 1991 latum
1211 1971 1254 1992 est
1268 1973 1332 2000 ergo
1349 1968 1443 1999 postea
1461 1972 1476 1992 a
1489 1965 1664 1999 quibusdam,
1677 1967 1740 2000 quia
1753 1966 1806 1992 duo
1822 1966 1906 2000 equi-

1114 2016 1166 2044 tes,
1185 2011 1212 2038 in
1229 2011 1300 2039 albis
1317 2012 1406 2039 vestiti
1423 2031 1431 2044 ,
1453 2019 1536 2047 super
1560 2020 1646 2047 equos
1665 2012 1740 2040 albos
1756 2012 1883 2039 sedentes
1895 2034 1903 2046 ,

1112 2055 1223 2084 Tureos
1259 2065 1307 2091 per
1337 2057 1458 2084 triduum
1492 2062 1731 2093 persequerentur.
1762 2058 1904 2090 dicentes,

1113 2111 1198 2130 unum
1214 2103 1299 2131 tuisse
1314 2103 1460 2139 Georgium
1472 2123 1480 2135 .
1497 2105 1612 2131 alterum
1628 2111 1691 2132 vero
1708 2105 1793 2133 fuisse
1808 2105 1907 2132 Denic-

1114 2149 1208 2181 trium.
1227 2154 1361 2185 martyres
1375 2150 1519 2185 gloriosos.
1542 2161 1551 2177 ι
1570 2153 1672 2179 Auctor
1688 2152 1818 2187 quidem,
1834 2152 1880 2187 qui
1895 2173 1904 2185 ,

1113 2197 1186 2230 quod
1199 2196 1290 2224 verbis
1303 2197 1377 2224 hisce
1390 2197 1536 2228 astruiiur.
1554 2199 1687 2232 perhibet.
1702 2199 1808 2233 sibique
1819 2198 1904 2225 etiam

272 2238 438 2272 adjutorium
450 2237 565 2266 Christi.
577 2238 700 2271 Quorum
713 2237 868 2273 specialiter
878 2237 962 2265 fuisse
974 2237 1054 2264 ducet

1112 2242 1222 2270 Petrum
1240 2243 1387 2270 diaconum
1408 2244 1435 2270 in
1462 2243 1592 2270 Chronico
1615 2245 1779 2276 Cunineusi',
1801 2244 1849 2271 lib.
1866 2253 1906 2277 iv,

272 2285 378 2320 opinati
395 2290 458 2312 sunt
469 2285 605 2321 gloriosos
621 2289 681 2319 post
693 2284 817 2311 militiam
831 2290 964 2320 martyres
976 2282 1060 2311 Geor-

273 2331 359 2366 gium.
373 2331 540 2358 Mercurium
551 2335 634 2364 atque
645 2329 824 2357 Demetrium.
835 2329 897 2356 Ilaac
908 2337 923 2356 a
936 2333 1060 2356 nostrum

276 2376 406 2412 plurimis
422 2376 480 2403 visa
492 2397 500 2409 ,
516 2380 544 2404 et
561 2384 622 2404 cum
638 2375 710 2408 aliis,
726 2384 789 2411 qua:
804 2375 937 2408 viderant,
953 2376 1063 2412 retulis-

272 2410 345 2455 sunt,
370 2424 463 2457 plena,
481 2426 511 2450 ut
534 2431 583 2458 par
608 2427 679 2456 erat,
695 2410 748 2450 tidc
769 2427 835 2450 sunt
856 2423 972 2450 credita.
991 2423 1024 2450 Et
1039 2410 1062 2450 lbi

273 2468 436 2496 Maeliabaeis
451 2468 516 2496 olim
532 2476 580 2504 pro
596 2469 806 2496 circumcisione
817 2474 845 2496 et
856 2477 940 2497 carne
949 2469 1063 2504 porcina

274 2515 464 2549 pugnantibus
491 2514 604 2542 evidens
631 2516 794 2549 apparuisse
819 2515 919 2550 legitur
947 2516 1062 2543 caeleste

274 2561 447 2595 sullragium,
465 2566 570 2596 quanto
586 2562 703 2595 amplius
719 2561 761 2588 liis
775 2561 882 2594 debuit,
900 2562 944 2596 qui
960 2570 1008 2596 pro
1024 2570 1065 2590 re-

277 2607 375 2641 purgio
401 2606 527 2633 ecclesiis
551 2606 707 2633 adhibendo
732 2610 759 2633 et.
783 2610 857 2634 statu
878 2607 938 2634 ﬁdei
960 2615 1063 2642 propu—

274 2652 385 2686 gnaudo
399 2651 451 2678 fusi
468 2651 609 2684 sanguinis
624 2651 734 2679 Christo
749 2651 871 2679 detulere
886 2653 1038 2680 servitium.
1051 2663 1060 2679 ι

274 2696 329 2724 Nec
350 2698 376 2724 lii
394 2704 499 2724 tantum
515 2702 571 2725 tres
586 2699 755 2733 Scriptores,
774 2706 856 2733 supra
871 2699 988 2726 laudata:
1001 2699 1061 2726 Cul-

275 2741 388 2769 lectioni
406 2743 516 2775 inserti,
532 2750 650 2777 quorum
670 2745 752 2770 verba
764 2744 820 2778 jam
836 2744 973 2777 dedimus,
987 2744 1065 2770 alba-

279 2792 369 2815 torum
393 2791 529 2823 militum,
548 2790 649 2824 quibus
665 2796 778 2817 sanctus
798 2791 950 2818 Demetrius
965 2792 1066 2825 aliique

276 2833 331 2860 duo
347 2836 434 2861 sancti
453 2837 548 2869 praeire
560 2837 661 2864 iuerint
673 2839 824 2872 consiiecti,
840 2839 971 2865 visionem
986 2838 1066 2865 Cliti-

275 2878 375 2919 stianis
387 2881 413 2908 in
424 2881 600 2910 culebcrrima
610 2884 642 2911 ad
651 2884 823 2912 Antiochiam
833 2892 921 2920 pugna
933 2885 1064 2918 oblatam,

1112 2298 1172 2325 cap.
1193 2290 1237 2323 tl,
1257 2291 1450 2326 sutl'ragcntem
1467 2291 1566 2325 habet,
1585 2293 1702 2320 militum
1730 2293 1904 2324 albatorum,

1112 2337 1171 2370 qni,
1199 2337 1303 2364 sanctis
1327 2337 1443 2371 Georgio
1460 2345 1492 2365 ac
1513 2338 1650 2365 Demetrio
1665 2340 1781 2366 ducibus
1792 2359 1800 2371 ,
1816 2341 1842 2365 in
1859 2348 1906 2366 su-

1113 2390 1161 2417 pra
1182 2382 1270 2410 relato
1284 2384 1317 2409 ad
1333 2383 1507 2411 Antiochiam
1525 2386 1618 2418 praelio
1638 2385 1804 2413 Christianis
1824 2395 1908 2414 cruce

1113 2427 1228 2461 signatis
1240 2430 1451 2460 succurrerint,
1470 2429 1601 2456 visionem
1624 2431 1777 2457 mirandam
1794 2432 1908 2459 silent/3

1114 2472 1238 2506 involvit,
1255 2473 1328 2508 quod
1343 2478 1369 2500 et
1383 2473 1477 2501 Petrus
1493 2475 1626 2502 diaconus
1639 2477 1762 2510 proxime
1778 2478 1907 2504 laudatus

1114 2517 1197 2551 facit;
1215 2518 1280 2545 hinc
1296 2524 1387 2546 autem
1408 2521 1538 2547 risiuncm
1550 2541 1557 2552 ,
1571 2530 1632 2553 qua:
1651 2523 1678 2549 in
1694 2523 1785 2556 prailio
1802 2524 1834 2549 ad
1853 2524 1909 2550 An-

1114 2563 1245 2590 t.ochiam
1266 2565 1371 2596 evenit,
1389 2573 1529 2600 perperam
1547 2568 1578 2593 ad
1595 2569 1716 2601 praelium
1729 2589 1735 2600 ,
1755 2577 1906 2602 pani-orum

1115 2609 1221 2636 dierum
1240 2610 1336 2638 itinere
1352 2620 1366 2638 a
1388 2611 1475 2638 Nicasa
1495 2618 1573 2639 antea
1588 2617 1778 2646 coni-nissum,
1798 2623 1811 2642 a
1831 2617 1909 2642 duci-

1116 2656 1168 2684 bus
1183 2657 1238 2684 illis
1254 2659 1437 2693 seriploribus
1455 2661 1549 2686 referri
1566 2682 1572 2691 ,
1587 2669 1641 2688 tioii
1660 2670 1738 2688 nerito
1754 2664 1822 2688 forte
1839 2670 1907 2688 eon-

1117 2704 1215 2732 ti-iidel.
1236 2703 1337 2731 Verum
1353 2706 1404 2732 etsi
1421 2707 1503 2732 etiam
1520 2707 1559 2732 vel
1583 2716 1614 2734 ex
1640 2716 1671 2733 eo
1688 2709 1815 2739 maxime,
1835 2711 1907 2743 quod

1117 2749 1182 2776 nulli
1201 2757 1316 2784 prorsus
1332 2752 1480 2785 scriptores
1498 2754 1541 2779 alii
1557 2753 1683 2786 iisionis,
1703 2763 1763 2789 qua:
1777 2757 1802 2780 in
1819 2764 1907 2789 pugna

1118 2795 1239 2826 proxime
1257 2802 1318 2829 post
1344 2803 1449 2830 captain
1470 2797 1587 2824 Nicaniui
1612 2800 1777 2826 Christianis
1805 2806 1909 2834 pariter

1118 2840 1200 2866 fuerit
1216 2842 1322 2872 oblata,
1346 2844 1511 2870 nit-titionem
1535 2844 1647 2875 iaciant,
1666 2852 1829 2880 Scriptum“:
1849 2848 1907 2872 tau-

1119 2885 1246 2913 daturum
1262 2895 1340 2915 error
1360 2888 1518 2924 huiusmodi
1535 2898 1587 2917 non
1606 2890 1742 2917 immerito
1759 2898 1841 2924 queat
1856 2899 1909 2918 ve-
