2038 3151
169 177 239 210 lilii

685 175 716 206 S.
739 175 930 205 DEMETRll
951 171 1146 206 MARTYRIS
1165 177 1271 209 ACTA.

1719 179 1789 212 14H

154 243 290 271 rosimilis
308 242 405 274 videri,
419 242 476 269 ﬁeri
495 245 585 269 tamen
604 245 712 277 potest,
730 246 759 268 u'.
776 241 940 269 Christianis
955 248 980 274 ,ι
997 251 1112 277 gnoscas
1131 244 1271 278 proﬁteri,
1294 245 1402 280 inquire
1417 250 1443 274 et
1465 248 1556 279 hodie.
1572 253 1600 276 et
1624 257 1697 281 eras,
1716 254 1744 278 et
1760 251 1789 278 in

151 290 275 317 visiones
293 289 353 316 dua:
370 289 472 316 similes
491 288 607 315 diversa:
619 308 626 319 ,
649 289 733 315 altera
749 288 776 315 in
795 289 888 323 praelii)
912 290 945 315 ad

152 335 354 366 Antiochiam,
381 334 466 361 altera
493 334 520 361 in
549 334 642 369 przelio
671 334 820 366 anteriori,
845 334 946 361 fuerint

150 382 263 413 oblatae,
281 388 398 415 quarum
420 380 537 414 priorem
555 380 678 414 quidem,
704 380 777 414 quod
795 388 854 407 eain
881 388 943 415 per-

150 431 275 460 spectam
294 426 364 453 haud
387 425 543 457 habuerim,
559 426 654 452 ultimo
668 434 683 453 a
703 426 783 454 nobis
799 426 944 454 memorati

152 474 209 499 duo
225 477 354 499 auctores
368 479 422 498 non
438 471 586 502 narrarint,
605 471 784 506 posteriorem
799 480 864 499 vero
878 474 943 500 scri-

151 523 247 552 ptores
270 517 329 548 alii.
356 517 429 551 quod
455 524 528 548 eam,
549 521 644 551 utpote
660 526 742 552 quam
770 517 849 552 pauci
874 518 943 545 dun-

148 558 294 594 taxat,'ttti
319 570 351 589 ex
379 562 446 596 ipsis
465 562 587 596 proxime
609 563 682 590 datis
708 563 800 590 verbis
826 563 942 596 videtur,

149 611 343 640 spectassem,
372 615 421 642 pro
449 607 540 635 minus
561 613 636 636 certa
661 609 803 642 haberent,
831 609 941 637 silentio

150 655 351 689 praeterierint.

186 722 232 749 27.
249 721 335 750 Porro
349 726 506 750 sanctorum
520 721 641 758 Georgii,
660 722 786 750 Demetrii
819 728 846 750 et
863 723 938 751 Mau-

147 769 218 802 ritii,
243 769 289 804 qui
314 769 477 800 Christianis
495 776 576 796 cruce
590 769 704 805 signatis
720 769 859 804 suppetias
883 769 937 796 fer-

145 819 222 848 rent,
236 815 368 842 visionem
383 815 499 842 subinde
510 815 632 850 ipsismet
643 814 752 846 Turcis,
763 815 827 841 dum
842 815 938 842 urbem

145 861 350 889 Antiochenam
380 868 454 888 anno
480 862 550 889 1098
581 861 744 889 obsiderent
769 861 938 895 Christiani,

143 906 268 934 oblatam
287 906 381 938 fuisse.
397 906 498 934 dixisse
513 908 596 934 etiam
613 912 744 935 narratur
759 908 870 942 quidam
889 915 936 935 eo-

145 953 274 980 rumdem
288 952 441 980 Turcorum
454 953 521 986 dux,
535 954 644 981 nomine
658 953 788 989 Pyrrhus.
804 953 862 986 llic,
875 955 938 980 dum

147 1003 273 1033 tempore
290 999 413 1026 brevium
432 999 615 1031 induciaruin,
634 1008 694 1035 qua:
708 1020 716 1032 ,
735 1000 851 1027 durante
867 999 941 1027 obsit-

146 1042 244 1076 dione,
259 1049 344 1078 pacta:
369 1048 458 1077 erant,
474 1052 535 1071 cum
553 1045 677 1080 principe
698 1045 847 1072 Tarentino
866 1045 937 1072 Boa-

145 1088 260 1121 nnmdo,
275 1089 318 1116 cui
337 1094 447 1124 postea,
466 1090 572 1118 traditis
587 1091 610 1117 ei
622 1111 629 1123 ,
648 1099 716 1126 quas
730 1091 860 1118 custodio
881 1097 938 1117 suae

143 1135 352 1162 commendatas
368 1135 499 1167 habebat,
517 1137 648 1169 turribus,
664 1136 836 1164 Antiochiam
851 1136 940 1171 prodi

142 1178 205 1212 dit,
222 1180 391 1207 ratiiiliariter
409 1180 526 1208 subinde
549 1181 767 1216 colloqueretur,
795 1180 867 1207 inter
884 1188 937 1208 HB-

141 1228 216 1256 tcra,
232 1226 461 1259 quemadmodum
479 1234 563 1260 supra
584 1227 714 1253 laudatus
728 1225 864 1253 Robertus
881 1233 939 1252 mo-

140 1271 252 1298 nachus
270 1270 397 1298 Historia:
413 1270 676 1305 Hierosolymiianaz,
694 1271 741 1298 lib.
755 1279 781 1304 v,
798 1272 937 1298 memoria:

138 1315 252 1352 prodit,
282 1318 427 1352 «quodam
451 1317 496 1345 die
518 1318 660 1353 requisivit
686 1318 720 1345 ab
745 1326 788 1351 eo,
823 1318 934 1345 ubinam

146 1368 243 1390 castra
260 1363 381 1397 posuerit
401 1363 445 1391 ille
461 1364 671 1391 candidatorum
690 1364 825 1392 exercitus
852 1364 933 1391 innu-

141 1410 297 1442 merabilis,
323 1418 442 1445 quorum
459 1411 563 1438 auxilio
582 1411 609 1438 in
633 1411 762 1439 omnibus
780 1412 858 1440 bellis
873 1412 934 1439 iul-

138 1456 290 1483 ciebantur
304 1455 466 1484 Christiani.
485 1457 596 1485 Dicebat
611 1457 696 1491 enim,
708 1458 772 1493 quia
789 1458 933 1486 adventum

138 1501 254 1529 illorum
281 1510 422 1537 nunquam
448 1507 576 1537 poterant
602 1504 740 1531 sustinere
766 1502 860 1534 Turci,
887 1503 933 1530 sed

138 1549 236 1576 statim
263 1553 292 1576 ut
309 1549 438 1576 videbant
459 1550 533 1582 illos,
562 1549 729 1584 incipiebant
755 1557 854 1584 pavere
871 1558 878 1576 :
896 1549 932 1576 illi

137 1601 211 1621 vero
225 1593 299 1626 ipsos
315 1598 345 1620 ut
361 1598 461 1621 ventus
478 1594 596 1621 turbinis
612 1594 804 1629 opprimebant
818 1613 825 1625 ,
843 1598 869 1621 et
887 1594 931 1621 isti
947 1595 970 1627 C
988 1612 992 1629 ε

137 1637 370 1670 vulnerabantur;
387 1638 424 1665 illi
444 1638 608 1671 obruebant,
625 1644 651 1666 et
667 1640 711 1667 isti
725 1640 930 1668 occidebantur.

139 1683 191 1712 'Jui
221 1682 397 1711 Boamundus
421 1684 459 1719 ait
485 1692 492 1709 :
519 1683 640 1712 Putasne
665 1685 749 1712 alium
776 1686 929 1712 exercitum

136 1737 213 1760 esse,
234 1737 314 1764 quant
334 1730 416 1763 hunc,
435 1738 518 1766 quem
536 1730 623 1762 vides,
641 1731 785 1758 nostrum?
803 1732 851 1758 Cui
868 1731 928 1758 ille:

136 1776 194 1802 Per
209 1774 381 1802 Mai-homqu
397 1784 487 1817 meum
501 1782 694 1811 praeceptorem
709 1775 782 1811 juro,
798 1777 928 1811 quoniam

137 1825 162 1849 si
185 1822 228 1848 ltic
241 1822 380 1855 adessent,
395 1827 451 1850 tota
466 1823 522 1850 hac
534 1824 662 1857 planities
673 1831 720 1851 eos
731 1832 783 1850 tton
799 1829 908 1859 cuperet
922 1833 928 1850 ;

137 1874 238 1893 omnes
253 1867 355 1894 habent
372 1875 457 1902 equos
473 1868 551 1895 albos
568 1869 645 1895 mira:
662 1870 828 1901 celeritatis,
844 1874 869 1896 et
885 1877 930 1896 ve»

138 1911 269 1937 stimenta
287 1915 314 1938 et
332 1916 410 1939 scuta
426 1916 453 1939 et
469 1913 566 1940 vexilla
585 1913 708 1948 ejusdem
725 1914 836 1942 coloris.
854 1913 906 1941 Sed
920 1935 928 1946 ,

137 1963 189 1992 per
205 1955 296 1990 ﬁdem,
315 1964 396 1992 quam
409 1957 493 1986 habes
506 1958 533 1985 in
548 1957 652 1992 Jesum,
667 1960 712 1986 ubi
729 1965 818 1986 castra
833 1967 926 1986 eorum

136 2001 229 2029 locata
247 2002 330 2029 sunt?

177 2069 222 2096 98.
243 2078 253 2095 t
271 2068 450 2098 Boamundtts
468 2070 560 2104 itaque
579 2070 679 2106 spiritu
703 2071 751 2099 Dei
775 2071 929 2100 illustratus

135 2116 215 2144 Illico
240 2115 338 2146 sensit,
362 2115 446 2146 hanc.
471 2123 553 2150 quam
577 2116 692 2148 viderat,
718 2115 765 2144 Dei
794 2117 926 2144 visionem

134 2168 217 2193 esse;
231 2168 281 2188 nec
288 2161 361 2196 quod
372 2162 512 2196 quatrebat
525 2169 557 2189 ex
574 2162 734 2194 tentatione,
750 2162 798 2190 sed
810 2169 842 2190 ex
855 2163 925 2191 bona

136 2208 281 2235 voluntate
303 2207 463 2242 procedere,
488 2212 516 2235 et
533 2208 703 2242 respondens
719 2208 807 2243 inquit
823 2217 830 2236 :
850 2208 926 2238 Licet

134 2254 176 2281 Iis
192 2256 341 2281 extraneos
355 2260 370 2279 ι
387 2252 446 2286 lege
475 2257 582 2285 nostra,
608 2254 673 2287 quia
699 2258 725 2281 te
752 2253 832 2281 video
855 2255 926 2282 bona
943 2270 967 2300 υ

134 2307 201 2336 erga
215 2305 266 2326 nos
279 2298 420 2326 voluntate
436 2299 565 2333 bonoque
578 2299 676 2334 spiritu
688 2301 849 2332 animatum,
863 2308 928 2335 ape-

135 2344 205 2370 riam
230 2342 278 2370 tibi
305 2343 415 2378 aliquod
442 2343 505 2370 tldei
530 2349 633 2372 nostra:
654 2350 869 2372 sacramentum.
897 2345 927 2372 Si

137 2393 244 2417 tantum
262 2388 391 2424 profundi
408 2390 565 2426 intellectus
581 2390 708 2422 haberes.
723 2391 827 2425 gratias
843 2391 928 2418 Crea-

137 2436 192 2463 tori
227 2435 353 2463 omuium
379 2435 483 2463 referre
512 2435 639 2468 deberes,
663 2435 711 2470 qui
737 2435 783 2462 tibi
809 2435 929 2463 ostendit

135 2481 287 2509 exercitum
300 2480 476 2508 candidatum
493 2489 500 2507 ς
516 2486 542 2508 et
555 2481 638 2512 scias,
653 2482 717 2516 quia
732 2481 757 2508 in
772 2482 855 2508 terris
871 2490 925 2509 non

135 2531 352 2559 conversantur,
372 2526 419 2554 sed
440 2526 468 2553 in
487 2527 613 2561 supernis
636 2527 827 2555 mansionibus
849 2528 925 2562 regni

135 2574 282 2600 caelorum.
298 2572 331 2599 lli
347 2577 421 2602 sunt.
436 2572 482 2607 qui
506 2579 556 2606 pro
578 2571 630 2599 ﬁde
644 2571 744 2600 Christi
765 2574 925 2609 martyrium

135 2620 335 2650 sustinuerunt,
355 2623 381 2646 ct
407 2619 433 2646 in
459 2618 534 2645 omni
559 2622 631 2644 terra
656 2624 751 2646 contra
770 2619 926 2647 incredulos

135 2667 344 2693 dimicaverunt.
356 2665 459 2692 llorum
472 2665 599 2699 prmcipui
613 2665 821 2700 suntsigniferi.
837 2665 922 2692 Geor-

137 2712 208 2746 gius,
222 2711 387 2744 Demetrius,
401 2711 545 2738 llauritius
560 2720 566 2737 :
581 2711 625 2745 qui
643 2711 669 2737 iit
686 2711 737 2737 hac
751 2711 858 2737 mortali
872 2712 924 2738 vita

138 2757 266 2784 utilitaria
280 2765 355 2784 arma
371 2762 551 2792 gestaveruut
563 2777 571 2789 ,
588 2761 618 2783 ct
635 2764 682 2791 pro
696 2755 853 2783 Christiana
873 2757 924 2784 ﬁde

115 2800 118 2803 λ
137 2805 227 2838 capite
243 2805 313 2839 plexi
326 2810 401 2832 sunt.
415 2804 447 2831 Hi
463 2804 572 2838 quoties
586 2803 662 2829 nobis
677 2802 924 2836 expedit,jubente

140 2847 254 2877 Domino
273 2850 337 2878 Jesu
355 2850 475 2881 Christo,
496 2849 576 2876 nobis
594 2848 780 2882 suffragantur
793 2867 800 2880 ,
827 2854 853 2875 et
878 2856 925 2883 per

141 2894 189 2924 hos
201 2897 303 2925 inimici
315 2897 401 2926 nostri
412 2896 627 2931 precipitautur.
641 2894 674 2922 Et
685 2899 711 2922 ιιι
723 2902 764 2922 me
774 2903 865 2921 rerum
877 2902 920 2922 co-

998 289 1043 316 die
1061 290 1157 322 altera,
1170 298 1203 317 an
1217 290 1243 317 in
1257 295 1312 318 tota
1328 291 1438 327 regione
1451 293 1501 320 hac
1513 301 1608 321 eorum
1621 302 1711 323 castra
1727 305 1792 332 pos-

1001 335 1055 362 sint
1079 336 1194 363 inveniri
1223 344 1230 363 :
1257 337 1329 372 qttod
1347 337 1369 365 si
1399 338 1582 372 inveniantur,
1601 341 1739 376 redarguli
1761 345 1788 371 in

1001 386 1147 415 Conspectu
1166 386 1212 409 tuo
1228 389 1244 408 a
1269 383 1426 415 mendacio,
1443 384 1649 414 erubesceuius.
1671 386 1703 414 Et
1726 397 1788 417 cunt

999 425 1026 452 in
1044 431 1098 452 tota
1124 427 1235 461 regione
1261 429 1418 462 nequiveris
1432 430 1493 457 illos
1511 431 1651 463 invenire,
1667 434 1690 460 si
1707 436 1788 462 nobis

999 478 1112 498 necesse
1128 472 1192 505 erit,
1217 473 1244 500 in
1268 474 1420 501 crastinum
1448 475 1553 502 videbis
1582 477 1689 504 adesso.
1713 478 1790 507 Unde

997 517 1083 550 igitur
1098 521 1153 544 tam
1172 518 1228 545 cito
1244 520 1369 552 veniunt,
1387 521 1438 547 nisi
1455 528 1469 546 a
1485 523 1610 556 superuis
1621 523 1745 556 sedibus,
1762 526 1788 552 in

996 563 1095 597 quibus
1114 565 1279 590 morantur?
1295 565 1344 591 Cui
1364 566 1502 599 respondit
1517 566 1636 601 l‘yrrhus
1654 569 1704 599 (sic
1716 570 1787 595 enim

996 614 1055 636 erat
1069 617 1168 637 nomen
1183 610 1272 645 ejus):
1288 610 1318 637 Et
1335 611 1356 638 si
1372 611 1404 637 de
1416 612 1487 638 coelo
1498 613 1620 644 veniunt,
1632 615 1675 640 tibi
1693 619 1732 642 tot
1749 616 1789 641 al-

995 655 1044 682 bos
1056 663 1154 689 equos,
1167 660 1207 682 tot
1218 660 1306 689 scuta,
1320 661 1359 684 tot
1370 657 1466 684 vexilla
1482 659 1642 686 inveniunt?
1656 661 1705 687 Cui
1720 660 1788 686 Boa-

996 700 1115 726 tnundus
1133 707 1139 725 :
1159 699 1199 726 'l‘u
1216 708 1314 735 magna
1333 707 1360 728 et
1380 709 1464 736 super
1488 711 1598 730 sensum
1625 712 1715 731 meum
1745 713 1787 731 re-

993 745 1099 778 quiris;
1116 751 1269 781 propterea,
1288 747 1310 773 si
1330 748 1380 779 vis,
1394 749 1507 775 accedat
1522 757 1598 776 meus
1618 752 1785 784 capellanus.

993 789 1039 823 qni
1053 790 1100 816 tibi
1115 798 1196 825 super
1211 791 1254 818 his
1266 793 1449 825 respondebit.
1475 794 1514 820 Ad
1527 795 1584 821 ha-c
1605 797 1784 828 cupellulttts:

993 834 1060 861 Cum
1078 836 1254 869 omnipotens
1271 836 1389 863 Creator
1405 839 1517 872 angelos
1538 849 1603 867 suos
1621 842 1677 867 sire
1693 842 1785 875 justo-

995 888 1055 906 rum
1074 881 1186 914 spiritus
1201 882 1309 908 mittere.
1325 882 1445 917 disponit
1462 886 1487 910 in
1504 890 1613 916 terram,
1631 892 1694 912 tunc
1708 896 1785 914 assu-

956 931 977 957 Β
991 930 1070 952 munt
1088 926 1141 954 sibi
1164 934 1244 953 aerea
1263 935 1388 961 corpora,
1413 933 1442 955 ut
1459 937 1505 963 per
1521 938 1550 956 ea
1571 933 1649 958 nobis
1674 934 1783 959 innote-

992 977 1080 999 scant.
1098 973 1159 999 Ideo
1173 979 1264 1000 autent
1282 981 1355 1000 nunc
1373 976 1469 1001 armati
1490 983 1620 1010 apparent
1632 997 1639 1008 ,
1664 982 1692 1004 ut
1709 978 1783 1005 iudi-

991 1021 1066 1048 cent,
1083 1018 1156 1052 quod
1175 1019 1200 1044 itt
1219 1019 1289 1045 bello
1305 1019 1468 1047 laboraturis
1488 1022 1590 1048 auxilio
1607 1024 1728 1050 veniunt.

1029 1062 1074 1090 29.
1092 1062 1127 1089 At
1144 1071 1219 1093 vero.
1246 1065 1352 1098 inquiet
1379 1073 1525 1098 nonnemo,
1552 1068 1676 1099 visionis,
1701 1076 1782 1103 quam

991 1108 1116 1141 ipsismot
1143 1109 1240 1136 Turcis
1267 1110 1385 1137 oblatam
1410 1111 1513 1143 fuisse,
1540 1114 1656 1140 relatum
1686 1116 1778 1143 verba

990 1154 1077 1186 hisco,
1089 1154 1162 1189 quod
1177 1154 1365 1183 Boamuudutn
1384 1157 1455 1184 inter
1468 1162 1494 1184 et
1508 1157 1642 1195 Pyrrhum
1658 1161 1780 1188 habitum

992 1200 1085 1232 fuerit,
1103 1201 1272 1236 colloquium
1297 1203 1392 1235 exigit.
1419 1204 1494 1232 solus
1513 1206 1634 1231 tucutinit
1653 1207 1779 1235 laudatus

990 1245 1125 1274 Ilobertus
1141 1248 1304 1281 monachus,
1322 1249 1483 1284 nullumque
1497 1251 1540 1278 hic
1553 1252 1674 1284 omnino,
1690 1262 1734 1287 qui
1748 1255 1781 1281 de

988 1293 1074 1320 sacris
1085 1294 1306 1322 Christianomm
1324 1295 1351 1322 iit
1371 1296 1542 1324 l‘ala-stinam
1555 1299 1780 1332 expeditionibus

987 1339 1124 1369 tractarit.
1151 1340 1316 1374 scriptorem
1334 1341 1418 1367 alium
1444 1342 1496 1368 sibi
1515 1348 1654 1378 utcunque
1679 1345 1780 1371 sum-a-

986 1389 1093 1419 gantem
1111 1385 1202 1412 habet.
1220 1384 1330 1419 Fateor,
1351 1387 1392 1414 sic
1421 1388 1520 1421 habet;
1547 1389 1602 1415 into
1628 1398 1692 1417 vero
1717 1399 1779 1418 cum

986 1437 1137 1463 sermones,
1152 1438 1220 1464 quos
1238 1432 1308 1458 idem
1327 1433 1448 1466 scriptor
1463 1432 1623 1460 Deatnundo
1637 1440 1663 1461 et
1674 1434 1779 1470 Pyrrho

987 1476 1123 1508 attribuit,
1135 1477 1190 1503 sint
1205 1477 1374 1512 hujusmodi,
1393 1485 1420 1506 ttt
1435 1479 1506 1507 ultro
1518 1481 1644 1515 citroque
1659 1481 1691 1508 ab
1705 1482 1779 1509 hisce

988 1521 1093 1547 habitos
1109 1521 1169 1548 illos
1185 1531 1282 1548 euntes
1297 1523 1395 1555 fuisse,
1413 1526 1493 1551 etiam
1509 1527 1549 1552 vel
1569 1525 1680 1558 idcirco,
1701 1528 1774 1561 quod

986 1565 1120 1600 Pyrrhum
1135 1567 1217 1593 veluti
1234 1568 1428 1602 mysteriorum
1441 1570 1501 1596 ﬁdei
1516 1570 1678 1598 Christiana:
1694 1572 1776 1605 plane

988 1614 1111 1645 ignarum
1127 1618 1331 1646 reprtesentent,
1349 1614 1446 1649 hicqne
1459 1619 1549 1642 tanien
1563 1617 1628 1643 olim
1641 1617 1776 1644 Christia-

988 1665 1038 1684 nus
1058 1658 1170 1689 fuisset,
1192 1666 1286 1692 parum
1304 1660 1459 1687 vermintile
1485 1667 1614 1695 appareat
1628 1681 1635 1694 ,
1654 1670 1704 1690 nec
1727 1671 1778 1697 ego

987 1701 1136 1734 visionem,
1163 1711 1244 1737 quatit
1266 1703 1387 1738 Pyrrhus
1406 1704 1432 1730 iu
1456 1705 1593 1740 colloquio
1618 1715 1680 1733 cum
1709 1707 1763 1734 Boa

988 1747 1088 1774 mundo
1105 1748 1198 1775 habito
1215 1749 1287 1784 apud
1305 1748 1454 1777 Robertum
1473 1751 1638 1778 monachum
1652 1760 1773 1780 comme-

988 1799 1087 1826 niorat,
1108 1801 1184 1822 certo
1201 1796 1335 1824 habuisse
1365 1797 1469 1829 locum,
1493 1804 1650 1824 asseverare
1666 1800 1774 1831 ausim;

986 1847 1080 1867 verum
1097 1840 1230 1875 quidquid
1246 1841 1283 1868 sit
1300 1849 1348 1869 seti
1363 1843 1396 1870 de
1411 1843 1516 1870 visione
1532 1843 1583 1870 ista
1601 1851 1648 1871 seu
1663 1845 1695 1870 dc
1712 1846 1775 1872 aliis

985 1893 1069 1920 supra
1088 1894 1102 1913 e
1120 1887 1204 1914 variis
1219 1888 1402 1922 scriptoribus
1420 1889 1523 1921 relatis,
1544 1897 1613 1924 quas
1626 1891 1708 1916 etiarn
1724 1891 1774 1917 de-

984 1937 1069 1965 cepta:
1089 1933 1114 1958 in
1132 1932 1186 1959 illis
1204 1932 1281 1967 ipsis,
1296 1934 1342 1968 qui
1362 1941 1408 1961 eas
1426 1934 1600 1963 sibi_oblaras
1615 1935 1708 1965 inisse
1732 1937 1774 1962 di-

983 1985 1058 2008 xere,
1087 1978 1276 2013 imaginationi
1305 1987 1443 2007 nonnemo
1474 1980 1599 2008 fortassis
1633 1983 1772 2016 (rectene,

984 2031 1017 2050 an
1039 2031 1128 2056 set-us,
1151 2031 1203 2051 non
1227 2025 1339 2060 deiinio)
1357 2026 1517 2060 ascripserit
1531 2046 1538 2058 .
1559 2035 1574 2053 a
1592 2028 1680 2054 tribus
1697 2029 1773 2062 equi-

982 2069 1043 2096 dem
1061 2070 1086 2096 in
1104 2069 1252 2097 Boatnundi
1276 2076 1303 2098 et
1324 2070 1420 2106 Pyrrhi
1443 2073 1582 2108 colloquio
1607 2075 1771 2102 memoratis

982 2114 1087 2140 sanctis
1106 2121 1139 2140 ac
1162 2114 1325 2142 nominatim
1349 2123 1364 2141 a
1385 2121 1482 2144 saneto
1502 2116 1641 2144 Demetrio
1655 2137 1662 2150 ,
1689 2119 1771 2146 Chri-

982 2159 1081 2187 stianis
1096 2166 1178 2186 cruce
1191 2160 1307 2195 signatis
1322 2168 1378 2188 non
1394 2165 1499 2189 tantum
1512 2162 1539 2189 in
1557 2170 1646 2198 pugna
1664 2164 1697 2191 ad
1714 2165 1771 2191 An-

956 2224 961 2229 .
983 2205 1111 2233 tiorhiam
1129 2207 1288 2236 commissa.
1305 2215 1402 2235 verum
1415 2209 1497 2235 etiam
1515 2209 1543 2236 in
1560 2210 1646 2238 sacris
1659 2211 1770 2246 expedi-

982 2251 1103 2279 tionibus
1119 2252 1187 2280 alias
1209 2261 1242 2280 ac
1259 2253 1422 2281 nominatim
1440 2254 1467 2281 in
1491 2255 1671 2290 gravissimo,
1696 2257 1770 2290 quod

980 2305 1130 2332 paucorum
1146 2298 1253 2326 dierum
1279 2299 1379 2326 itinere
1397 2307 1411 2326 a
1433 2299 1524 2326 Nicaea
1542 2301 1654 2333 evenit,
1676 2302 1769 2335 przelio

985 2344 1072 2372 fuisse
1084 2351 1258 2377 succursum,
1270 2344 1334 2372 mihi
1351 2349 1393 2372 sat
1407 2346 1561 2373 verosituile
1578 2353 1701 2381 apparet.
1717 2347 1768 2374 etsi

978 2388 1087 2416 interim
1117 2397 1167 2417 nec
1182 2389 1208 2417 id
1229 2397 1342 2425 prorsus
1360 2395 1464 2418 certum
1483 2399 1644 2420 asseverare
1666 2393 1768 2420 ausitu.

976 2433 1016 2463 Ea
1033 2435 1110 2463 sedet
1124 2436 1274 2469 sententia,
1296 2437 1385 2471 primo
1401 2437 1510 2471 quidem
1523 2457 1530 2469 ,
1548 2438 1622 2472 quod
1643 2445 1766 2466 sanctqu

975 2485 1102 2509 nostrum
1117 2481 1263 2516 dictasque
1275 2481 1354 2509 binos
1369 2482 1439 2509 alios
1455 2488 1564 2510 sanctos
1577 2491 1590 2509 a
1602 2483 1767 2511 Christianis

976 2531 1033 2556 tnui
1045 2528 1205 2562 frequenter
1220 2528 1362 2555 invocatos
1373 2528 1458 2555 fuisse
1472 2534 1614 2563 appareat,
1629 2530 1764 2557 directas.

976 2581 1030 2610 que
1045 2574 1084 2601 illi
1102 2574 1135 2600 ad
1154 2581 1183 2601 se
1200 2581 1296 2608 preces
1313 2573 1404 2601 irritas
1417 2582 1475 2601 esse
1491 2575 1763 2602 verosiniiliterhan-1

976 2620 1106 2651 siverint;
1123 2618 1221 2646 deinde
1237 2626 1312 2649 vero.
1324 2619 1408 2653 quod,
1423 2627 1484 2646 cum
1497 2619 1683 2652 Boamundos,
1697 2622 1760 2646 duo:

976 2666 1010 2693 ad
1027 2666 1138 2693 relatam
1154 2673 1167 2691 a
1187 2663 1293 2700 Pyrrho
1312 2665 1447 2692 visionem
1466 2666 1618 2699 respondit,
1635 2667 1660 2692 in
1677 2667 1762 2691 nullo-

979 2719 1040 2738 rum
1056 2712 1186 2746 periculis
1201 2717 1216 2736 a
1230 2711 1333 2737 sant-tis
1349 2711 1478 2744 Georgio,
1493 2711 1632 2737 Demetrio
1648 2717 1674 2737 et
1689 2711 1763 2737 Alm-

975 2759 1038 2785 ritio
1067 2757 1118 2792 (adi
1152 2765 1226 2783 nutu.
1257 2756 1381 2791 proxime
1409 2757 1602 2791 praegressum)
1635 2757 1762 2784 succurri

975 2802 1143 2830 Christianis
1167 2802 1328 2832 asscrucrit,
1347 2808 1377 2827 ea
1395 2801 1421 2827 itt
1440 2801 1568 2833 opinione
1583 2800 1665 2827 hosce
1682 2802 1762 2826 etiam

977 2848 1079 2883 paSsim
1099 2853 1162 2873 tunc
1179 2846 1276 2877 l'utsse,
1296 2850 1460 2881 argumento
1478 2845 1502 2871 id
1524 2846 1764 2880 Sl|.(‘xI'icrietilia-

977 2903 1029 2931 que
1053 2895 1187 2922 habeatur
1209 2898 1392 2928 compertum,
1411 2893 1482 2920 haud
1505 2901 1566 2920 raro
1592 2896 1711 2927 evenire,
1735 2896 1765 2920 ut
