2038 3151
252 153 321 186 Ιῌ5

904 146 1224 177 SUl‘l’LEilENTUil.

1816 143 1886 176 ιιλδ

249 214 296 245 id,
322 213 394 246 quod
420 210 548 238 omnibus
573 208 674 244 passim
694 207 811 240 \idetur,
837 206 944 234 veritati
971 213 1039 232 con-
1056 208 1076 236 Α
1093 204 1255 232 dumlerimo
1282 202 1453 237 inperatori,
1481 209 1495 228 a
1514 201 1613 229 Sancto
1637 206 1734 229 nostro
1760 199 1788 229 in
1814 201 1889 230 bello

247 264 336 292 grnat.

283 305 328 331 50.
348 302 493 336 Utcunque
515 300 625 328 interim
651 300 702 326 ista
724 298 815 325 omnia
831 318 838 329 ,
858 306 916 331 qum
943 296 1040 323 lectori

247 349 396 385 jmhcanda
415 348 586 381 ulteriusque
611 345 788 381 expendenda
815 345 952 378 relinquo,
976 350 1036 370 sese.

249 398 387 428 habeant,
408 402 499 422 terum
518 394 562 420 hic
581 393 787 419 tractamlarunt
816 391 916 417 Seriem
945 397 1042 424 prose-

249 450 331 476 quor,
359 447 388 467 et
416 446 441 467 ut
457 461 464 472 ,
482 448 536 474 quo
549 447 663 474 qumque
680 438 832 468 evenerint,
852 436 984 470 temporis
1000 442 1044 461 or-

250 490 341 526 dqnem
355 488 432 522 septi
452 494 572 522 p'rgatu,
589 486 621 511 ad
640 484 845 511 Emmanuelem
860 483 1041 512 Comnenum,

250 535 296 566 qui
319 533 353 560 ab
381 540 453 559 anno
469 532 536 558 1MB
559 531 592 557 ad
617 538 720 557 annum
739 537 823 563 usque
844 527 912 554 HSO
928 527 1042 560 imperio

252 580 384 608 Orit'ulali
403 578 521 613 pnel'uit,
536 577 591 611 jam
608 576 699 603 venio.
715 575 773 606 llic,
789 575 813 602 si
828 574 948 601 Joannes
964 573 1044 600 Stan-

251 629 351 660 racius,
371 633 455 660 supra
477 634 490 651 a
510 624 590 651 nobis
605 622 758 657 sepissime
780 622 836 656 jam
861 621 998 652 laudatus,
1016 621 1043 646 in

251 674 347 700 codice
362 676 459 700 nostro
474 671 493 706 -ξ-
511 678 561 697 ms.
581 670 632 697 195
650 669 697 695 fol.
717 675 790 695 vers.
805 668 840 695 92
855 672 883 694 et
902 667 1045 702 sequenti-

251 721 303 747 bus
315 728 376 747 vera
395 721 540 749 memoret,
557 715 764 752 imperatoriam
781 715 845 746 sibi,
858 723 910 749 qua
926 714 952 740 in
971 713 1048 740 festis

252 764 476 794 suiemnioribus,
498 768 630 796 tuncque,
646 768 708 788 curti
724 759 877 794 principum
896 763 1044 785 extraneo-

254 819 313 837 ntm
332 810 483 845 legationes
499 807 666 842 excipienda:
680 806 781 838 forent,
799 809 933 835 uteretur,
948 803 1046 830 contiei

255 853 357 883 iecerat
371 864 385 883 e
401 862 521 890 purpura
533 858 645 884 vestem,
659 850 871 886 pretiosissimis
890 849 1047 883 margaritis

1094 257 1270 281 succursum,
1286 250 1366 284 idque
1385 256 1438 275 non
1466 247 1549 275 semel
1576 252 1694 279 tantum,
1711 248 1760 275 sed
1778 249 1890 282 sa-pius.

1099 297 1198 324 Verum
1219 300 1264 328 ut,
1282 303 1343 330 qua:
1370 302 1428 321 mea
1445 294 1479 321 sit
1497 294 1531 320 de
1552 298 1606 320 tota
1628 293 1765 320 Stauracii
1790 302 1891 321 narra-

1096 343 1171 370 tione
1188 342 1292 376 opinio,
1307 341 1363 375 jam
1380 341 1478 370 dicant,
1496 339 1611 366 nndtum
1627 347 1735 370 vereor,
1753 347 1787 367 ne
1805 348 1819 366 a
1842 348 1891 367 ca—

1096 389 1151 424 pite
1166 389 1198 415 ad
1214 388 1315 415 calcem
1332 391 1518 414 commentum
1535 385 1570 412 sit
1584 406 1591 418 ,
1608 393 1640 412 eo
1657 385 1720 416 line,
1744 386 1766 412 si
1794 394 1848 412 non
1871 394 1888 412 a

1097 433 1261 464 Smnracio,
1277 432 1311 458 ab
1333 432 1419 458 altero
1438 431 1564 465 equidem
1583 429 1708 457 Grzeeulo
1733 430 1864 464 qquiam
1883 450 1891 462 ,

1096 479 1198 506 fabulis
1215 478 1361 505 admodum
1385 485 1433 512 pro
1450 478 1537 512 gentis
1555 475 1644 503 indole
1659 475 1769 502 addicto
1781 495 1789 508 ,
1808 477 1894 503 unice

1096 527 1258 557 inventum,
1287 529 1317 551 ιιι
1340 524 1420 555 forte,
1448 532 1509 551 cum
1534 522 1762 558 pretiosissimam
1786 528 1902 564 vestem.

1097 577 1195 600 sancto
1214 572 1348 598 Demetrio
1365 571 1399 597 ab
1411 569 1590 596 Emmanuelo
1600 569 1742 596 Coiuneno
1759 569 1891 595 donatam

1098 619 1181 646 fuisse
1213 618 1402 650 intellexisset,
1419 617 1639 652 qualemcunque
1662 614 1820 647 donationis
1837 614 1893 640 hu-

1096 665 1142 699 jus
1158 672 1280 696 causam,
1294 672 1356 690 cum
1386 671 1448 690 vera
1468 662 1540 689 haud
1558 666 1731 691 nosceretur,
1750 660 1891 695 ignoranti

1099 719 1130 739 ac
1147 712 1258 738 creduto
1279 711 1358 746 vulgo
1371 710 1539 736 obtruderet.

1135 759 1178 786 5‘2.
1201 757 1266 785 Utut
1282 757 1335 788 sit,
1356 756 1435 783 ﬁdenti
1452 755 1577 789 equidem
1603 754 1784 781 indubitatam
1802 754 1892 781 Joan-

1101 814 1161 833 nem
1175 805 1348 832 Stauracittm
1363 803 1390 829 in
1406 810 1455 829 sua
1471 800 1634 834 compendio
1648 801 1704 835 jam
1718 800 1780 826 data
1796 808 1892 826 narra-

1102 853 1175 879 tione
1190 859 1243 878 non
1261 850 1372 880 mereri,
1393 857 1425 875 ex
1443 855 1476 875 eo
1490 847 1576 882 liquet
1591 867 1598 879 ,
1612 846 1684 881 quod
1700 846 1751 873 sub
1764 846 1890 880 ejusdem

255 905 426 931 distinctam.
443 901 561 932 Acctdit,
585 904 625 931 ut,
642 907 704 926 cutn
723 899 808 933 pridie
823 896 1046 923 Resurrectionis

1102 899 1182 926 linem
1214 898 1250 924 ita
1277 896 1404 923 scribat:
1430 894 1510 920 Ἀλλὰ
1543 894 1597 928 γὰρ
1622 893 1677 920 τῶν
1701 892 1890 927 παὶαιιιτὲρων

255 949 404 977 Domit-itte
417 956 449 975 ex
466 947 642 982 imperatoris
653 946 795 976 thesauro,
807 951 861 978 quo
874 943 918 970 hic
931 942 1046 969 solemni

256 997 303 1023 illo
325 996 392 1024 [esto
409 1004 439 1023 ea
461 994 634 1025 inducrctur,
655 992 752 1019 luisset
769 996 902 1022 extracta,
917 998 932 1016 a
951 994 1046 1015 sancto

256 1042 394 1069 Demetrio
410 1047 493 1068 noctu
511 1045 650 1074 surrepta,
672 1045 806 1072 sacroque
822 1037 883 1071 ejus
894 1036 1048 1063 conditorio

255 1088 462 1116 Tuessalonicat
480 1087 564 1113 fuerit
592 1086 732 1118 imposita,
758 1093 772 1111 a
792 1084 882 1118 capite
905 1083 939 1110 ad
968 1083 1049 1117 pedes

257 1143 344 1169 usque
360 1141 490 1168 expansa.
505 1131 584 1158 Mane
600 1131 741 1160 olliciaies,
757 1130 802 1164 qui
828 1137 841 1155 a
868 1136 896 1155 re
921 1128 1048 1154 vestiaria

255 1186 346 1212 erant,
365 1189 418 1206 non
445 1180 575 1210 inventa,
599 1185 680 1211 quam
707 1176 792 1210 pridie
815 1182 830 1202 e
855 1173 1049 1209 gazophylacio

256 1229 450 1257 extraxerant,
481 1229 556 1251 veste
586 1221 781 1256 imperatoria,
815 1226 898 1254 quarti
930 1219 1049 1244 maxime

257 1274 422 1304 turbantur;
449 1270 569 1297 basilicae
586 1273 678 1295 autem
699 1266 789 1295 sancti
813 1265 942 1292 Demetrii
962 1264 1050 1291 Thes-

257 1320 386 1346 s:t|nmca-
396 1318 526 1347 aadituus,
539 1319 699 1348 cortspeeta,
714 1322 775 1340 cum
792 1314 861 1340 hanc
872 1312 958 1339 multo
971 1319 1050 1338 mane

257 1370 333 1392 eSset
350 1365 502 1398 ingressus,
517 1362 612 1390 eadem
629 1362 675 1388 illa
688 1381 694 1392 ,
708 1368 768 1395 qum
786 1367 869 1394 supra
887 1359 972 1385 sancti
986 1365 1052 1384 cott-

258 1411 388 1437 ditorium
409 1414 468 1436 erat
485 1409 635 1442 explicata,
653 1410 727 1433 veste
745 1405 922 1440 imperatoria
935 1423 942 1436 ,
967 1403 1050 1430 haeret

259 1456 404 1486 attonitus,
419 1454 519 1488 tempto
530 1452 663 1484 excurrit,
676 1451 774 1478 iterum
784 1451 810 1477 id
823 1450 983 1485 ingreditur,
997 1456 1051 1483 prae

260 1502 484 1537 margaritarum,
509 1499 611 1534 quibus
631 1499 715 1525 vestis
742 1498 786 1524 illa
814 1497 944 1523 distincta
969 1499 1049 1525 erat,

261 1549 364 1583 fulgore
385 1555 452 1582 pene
468 1551 633 1578 exearcatur,
655 1549 758 1572 vestem
773 1543 905 1570 attentius
920 1541 1049 1569 conside-

260 1599 313 1626 rat,
335 1602 389 1621 rem
408 1594 487 1621 ocius
505 1593 639 1626 divulgat,
657 1598 737 1619 senes
752 1593 933 1621 concurrunt,
949 1588 1052 1623 pretio-

260 1648 317 1668 εδδ-ιι
344 1641 416 1667 illaut
443 1644 547 1666 vestem
578 1644 742 1673 purpuream
770 1635 958 1670 speculantur,
978 1643 1051 1662 frent

259 1695 331 1719 esse,
353 1694 413 1721 qua!
438 1686 471 1713 ad
488 1686 681 1720 imperatorem
707 1687 823 1718 spectet,
841 1683 999 1716 opinantur,
1019 1681 1053 1707 il—

263 1733 318 1760 lico
333 1733 379 1767 qui
397 1732 474 1763 huic,
491 1731 564 1766 quod
582 1733 732 1762 evenerat,
750 1729 923 1763 signitireut.
941 1727 1052 1754 nuntios

264 1779 387 1808 mittunt,
404 1776 588 1811 imperatorio
605 1776 688 1806 diem,
699 1782 753 1809 quo
768 1780 869 1801 vestetu
886 1781 1051 1807 purpuream

267 1831 347 1850 sacro
368 1822 455 1849 sancti
481 1819 635 1848 cottditorio
650 1819 806 1853 impositam
832 1817 947 1844 inveniri
966 1817 1054 1843 comi-

262 1871 356 1905 gisset,
383 1868 507 1903 inquirit,
547 1874 609 1894 esse
635 1865 712 1892 illum
743 1865 843 1899 ipsum,
871 1871 925 1898 quo
950 1868 1052 1890 vestem

263 1915 466 1950 imperatoriam
485 1918 567 1943 nocte
584 1911 748 1947 przecedenti
763 1910 848 1938 fuisse
859 1909 991 1941 ablatam,
1002 1909 1052 1935 sibi

263 1962 298 1989 ab
313 1962 474 1989 oﬂleialibus
489 1963 564 1988 esset
585 1959 701 1986 relatum
712 1978 720 1991 ,
734 1957 877 1992 comperit,
900 1955 1052 1991 prodigium

262 2009 398 2044 agnoscit,
419 2016 507 2043 coque
531 2007 649 2042 primum
673 2012 727 2032 una
751 2011 811 2031 cum
844 2003 905 2030 aula
926 2003 1054 2029 universa

264 2053 442 2088 obstupescit.

299 2101 345 2127 51.
362 2100 463 2127 Deinde
477 2106 554 2131 vero,
571 2103 600 2125 ut
614 2099 648 2125 ad
675 2097 700 2124 id
718 2097 789 2132 quod
808 2097 863 2124 huc
879 2095 1053 2129 potissimum

264 2151 380 2180 spectat,
393 2146 448 2180 jam
463 2147 582 2177 veniant,
607 2144 731 2174 Videtur.
746 2143 844 2178 inquit,
858 2146 893 2169 ob
908 2143 1053 2173 incuriam,

265 2193 379 2219 dixerim
403 2197 494 2218 autem
522 2195 550 2218 et
574 2191 608 2217 ob
634 2190 870 2224 ingtattludinent,
888 2195 989 2223 martyr
1005 2196 1055 2215 nos

1099 944 1231 979 ἀφέμενοι
1247 942 1398 976 Θιυμάτων
1416 939 1464 966 τοῦ
1489 939 1630 974 μάρτυρος
1649 937 1702 972 (τίς
1720 937 1776 972 γὰρ
1792 936 1824 962 ἂν
1839 937 1892 963 καὶ

1099 987 1374 1024 ἓξαριθμήςαιταῦτα
1389 987 1436 1012 καὶ
1448 986 1610 1020 διηγήσαιτο
1621 984 1642 1016 ;l
1653 985 1708 1014 τοῖς
1722 983 1893 1018 πξοσφάτοις

1099 1036 1147 1063 καὶ
1165 1035 1310 1069 νεωτέρςις
1327 1033 1374 1058 καὶ
1404 1028 1441 1058 ὧν
1462 1031 1554 1057 πολλοὶ
1577 1030 1624 1056 καὶ
1637 1029 1733 1056 θεαταὶ
1757 1029 1805 1054 καὶ
1822 1028 1894 1063 μάρο

1101 1091 1182 1118 τυρες
1213 1081 1298 1107 εἰσέτι
1325 1079 1364 1113 τῷ
1391 1078 1441 1113 βίῳ
1467 1078 1626 1113 περίεισιν.
1662 1075 1894 1110 ὲνδιατρὶψωμεν.

1103 1137 1113 1154 ‹
1131 1128 1231 1154 Verum
1254 1125 1455 1159 antiquioribus
1480 1123 1549 1157 (hau:
1563 1122 1633 1149 enim
1659 1121 1721 1156 quis
1748 1125 1894 1148 recenseat

1101 1178 1182 1209 atque
1200 1172 1340 1205 enarret?)
1357 1170 1448 1198 missis
1460 1169 1589 1204 martyris
1607 1168 1758 1199 miraculis,
1773 1167 1801 1194 in
1816 1168 1894 1194 novis

1102 1230 1133 1248 ac
1151 1220 1350 1248 recentioribus
1365 1221 1391 1244 et
1411 1223 1528 1252 quorum
1547 1215 1636 1241 adhuc
1651 1214 1728 1240 multi
1749 1217 1891 1248 spectato-

1102 1275 1145 1295 res
1167 1267 1249 1294 etiam
1265 1270 1292 1292 cl.
1311 1269 1394 1292 testes
1408 1263 1434 1290 in
1450 1262 1519 1289 vivis
1535 1264 1693 1296 supersunt.
1710 1267 1822 1293 operam
1848 1267 1896 1293 po-

1103 1321 1210 1341 namus.
1232 1323 1240 1338 ι
1268 1311 1374 1344 Quibus
1391 1309 1482 1337 \crbis
1497 1313 1575 1335 :ctate
1594 1315 1653 1334 sese
1669 1314 1682 1333 a
1702 1307 1803 1338 rebus,
1824 1312 1894 1339 quas

1103 1361 1174 1388 dicta
1190 1359 1311 1387 narratio
1326 1355 1528 1391 complectitur,
1546 1354 1617 1380 hami
1633 1361 1727 1388 parum
1746 1352 1833 1379 fuisse
1851 1359 1894 1379 re-

1103 1412 1206 1435 motam
1221 1426 1228 1439 ,
1254 1404 1328 1431 haud
1351 1404 1469 1431 obscure
1485 1401 1602 1432 indicat;
1618 1399 1767 1434 scriptores
1785 1404 1894 1428 autent.

1104 1459 1132 1482 ut
1145 1453 1196 1481 sibi
1215 1454 1240 1479 in
1258 1451 1358 1478 talibus
1371 1468 1380 1481 ,
1396 1452 1490 1482 utpote
1509 1446 1614 1473 creditu
1628 1443 1775 1472 admodum
1796 1442 1894 1470 diditi-

1102 1501 1185 1530 libus,
1199 1499 1277 1525 [idem
1293 1496 1474 1524 indubitatam
1488 1493 1731 1523 concilient,a:tate
1747 1489 1894 1524 propinqui

1064 1563 1086 1591 ο
1105 1548 1233 1580 nulloque
1244 1553 1275 1572 ex
1291 1545 1380 1578 capite
1394 1542 1513 1576 suspecti
1531 1539 1716 1574 requirantur,
1731 1537 1812 1571 idque
1825 1544 1895 1570 pra:-

1105 1595 1184 1629 eipue
1203 1597 1277 1622 tunc,
1295 1597 1357 1616 eum
1375 1587 1413 1620 id,
1426 1587 1498 1622 quod
1514 1585 1653 1612 memoriae
1667 1583 1795 1618 produnt,
1809 1582 1896 1609 silen-

1104 1642 1141 1668 tio
1159 1640 1192 1666 ab
1209 1637 1337 1664 omnibus
1354 1641 1466 1670 prorsus
1479 1632 1551 1664 aliis,
1561 1633 1600 1659 uti
1612 1632 1656 1659 hic
1670 1630 1710 1661 tit,
1729 1629 1895 1664 praeteritur.

1104 1687 1204 1713 Adhaec
1216 1681 1376 1710 Eunuanuel
1391 1680 1547 1708 Contnenus
1560 1679 1707 1713 imperator
1725 1676 1897 1710 improspera

1104 1733 1161 1760 fere
1177 1737 1285 1764 Semper
1303 1728 1411 1756 fortuna
1427 1727 1454 1753 in
1470 1725 1550 1752 bellis
1573 1729 1616 1752 est
1640 1731 1717 1755 usus,
1738 1722 1898 1757 nullamque

1105 1786 1228 1814 prorsus,
1244 1783 1326 1811 quam
1339 1795 1347 1806 ,
1371 1772 1491 1801 inituicis
1508 1772 1595 1799 sancti
1618 1770 1745 1798 Demetrii
1766 1776 1818 1804 ope
1834 1777 1899 1804 pro-

1104 1826 1206 1860 digiose
1230 1822 1387 1858 prostratis,
1405 1823 1560 1854 reportasse
1575 1825 1636 1845 eum
1649 1837 1656 1850 ,
1677 1816 1832 1843 verosimilc
1849 1823 1898 1850 ap-

1105 1875 1210 1906 pareat,
1227 1868 1369 1895 victoriam
1393 1865 1540 1893 admodum
1569 1864 1701 1898 insignem
1727 1870 1742 1889 a
1761 1861 1898 1896 scriptore

1106 1917 1158 1944 (ide
1173 1915 1256 1950 digno
1272 1914 1313 1941 vel
1333 1921 1386 1940 uno
1403 1911 1550 1939 memorari
1569 1909 1689 1937 invenio.
1709 1907 1802 1943 Neque
1819 1915 1897 1938 vero,

1106 1967 1136 1990 nt
1151 1963 1192 1990 vel
1208 1967 1276 1989 tunc
1293 1960 1388 1993 etiam,
1401 1967 1465 1986 cum
1482 1957 1613 1984 adversus
1628 1956 1780 1983 Saracenos
1793 1954 1899 1980 aliosve

1106 2009 1167 2037 ﬁdei
1182 2007 1349 2035 Christianae
1366 2007 1461 2033 hostes
1482 2005 1597 2032 bellaret
1610 2023 1618 2034 ,
1639 2002 1751 2030 cmleste
1764 1999 1898 2028 auxilium

1105 2055 1286 2090 experiretur,
1301 2053 1407 2080 ratione
1422 2052 1475 2077 nlla
1489 2051 1589 2084 dignus
1604 2049 1689 2076 fuisse
1700 2048 1807 2075 videtur
1825 2047 1901 2081 prin-

1108 2110 1171 2137 ceps
1189 2102 1243 2133 ille,
1261 2101 1319 2135 qui,
1335 2099 1565 2134 quemadmodum
1576 2105 1608 2124 ex
1621 2095 1745 2123 unanimi
1760 2095 1816 2122 [ere
1830 2093 1902 2121 scri-

1107 2156 1216 2185 ptorum
1233 2147 1452 2183 synchronorum
1472 2145 1630 2172 testimonio
1653 2146 1760 2170 constat
1772 2161 1780 2174 ,
1799 2140 1902 2167 ﬂoren-

1080 2204 1083 2208 ·
1107 2195 1245 2222 tissimum
1260 2193 1483 2220 Christianorum
1502 2190 1676 2220 exercitum,
1703 2187 1755 2215 sub
1780 2185 1899 2213 Conradi

265 2238 414 2274 corripere.
442 2238 508 2264 Cum
525 2238 598 2264 etiim
625 2236 724 2271 szrpitis
751 2236 808 2270 ipse
834 2237 860 2261 in
886 2235 985 2268 przrliis
1010 2242 1048 2269 prt

1111 2241 1286 2276 imperatoris
1308 2239 1392 2266 duettt
1410 2238 1436 2265 in
1453 2237 1625 2264 Palaestinam
1651 2239 1749 2262 contra
1775 2233 1901 2261 inﬁdeles

267 2285 345 2312 nobis
369 2284 494 2316 certarit,
517 2284 698 2317 iltitttit'Osqtte
725 2287 835 2309 nostros
858 2282 1055 2316 prostrauerit,

267 2338 317 2358 nos
335 2339 367 2358 ne
389 2331 472 2357 semel
491 2330 599 2364 quidrm
616 2329 654 2356 rei
674 2337 756 2363 parvo
774 2329 955 2362 qualicunque
970 2329 1056 2354 dona-

267 2378 308 2404 rio
323 2377 419 2404 victori
434 2377 536 2411 gratias
549 2377 673 2410 egimus;
692 2381 720 2401 ut
735 2375 825 2406 nobis,
848 2375 1056 2401 retributionem

266 2431 321 2451 non
339 2424 511 2454 curantibus,
530 2428 631 2449 vestem
656 2430 820 2456 purpuream
844 2420 952 2447 auferre
968 2425 1059 2447 certa-

267 2470 371 2496 minum
389 2470 475 2497 victor
491 2469 576 2496 fuerit
595 2473 716 2495 coaetus.
738 2467 800 2494 ΙΙωο
814 2468 918 2498 Graece,
933 2475 993 2500 qum
1005 2467 1058 2494 huc

268 2524 353 2550 usque
379 2516 539 2550 compendio
562 2514 658 2542 Latino
678 2515 741 2541 data
767 2522 780 2540 a
799 2515 879 2541 nobis
892 2515 947 2548 jam
972 2519 1037 2540 sunt
1050 2534 1057 2546 ,

266 2561 354 2589 fusius
372 2561 498 2589 nonnihil
516 2568 598 2595 supra
612 2561 659 2586 cit.
672 2559 794 2587 Joannes
810 2559 983 2591 Stanracius,
996 2567 1057 2586 mox

267 2610 349 2636 etiam
367 2607 538 2643 subjungens
551 2611 606 2632 tum
625 2606 706 2633 verba
722 2606 863 2636 nonnulla,
882 2606 980 2639 quibus
994 2611 1058 2632 tunc

268 2653 430 2681 Emmanuel
458 2654 615 2680 Conmenus
640 2653 802 2679 nominatim
827 2658 923 2680 sancto
946 2653 1057 2688 martyri

267 2698 300 2724 de
325 2700 447 2732 prtestito
469 2698 521 2725 sibi
539 2697 574 2724 ab
591 2706 624 2725 eo
645 2698 671 2724 itt
699 2698 776 2724 bellis
808 2698 931 2724 subsidio
956 2700 1058 2732 gratias

267 2744 364 2776 egerit,
378 2749 434 2770 tum
450 2743 531 2770 etiam
548 2744 693 2775 bonorum,
706 2750 767 2777 qum
777 2743 876 2774 eidem,
889 2750 944 2778 quo
957 2745 1058 2778 gratias

269 2793 402 2822 praeterea
434 2790 639 2824 qualescunque
657 2789 781 2820 referret,
806 2790 967 2821 coritulerit,
986 2790 1058 2815 noti-

269 2834 345 2859 tiam.
361 2834 440 2866 Quod
465 2835 487 2862 si
513 2836 603 2870 itaque
620 2835 748 2869 scriptori
770 2834 807 2861 illi
825 2835 991 2862 credendum
1011 2837 1055 2867 sit,

268 2879 351 2906 fuerit
365 2879 448 2905 etiam
471 2881 639 2908 Emmanueli
654 2881 804 2913 Comitem,
821 2881 941 2908 Orientis
957 2884 1056 2909 smeitiu

1111 2292 1286 2322 pergentem,
1307 2285 1442 2312 nefarium
1461 2283 1486 2310 in
1503 2283 1613 2310 modum
1638 2282 1737 2316 partim
1762 2279 1901 2307 submini-
1922 2314 1923 2317 η

1109 2338 1204 2362 strata,
1221 2332 1264 2359 cui
1285 2331 1386 2358 calcem
1403 2329 1548 2356 admisceri
1568 2328 1688 2360 fecerat,
1708 2326 1810 2356 farina.
1836 2333 1902 2360 par.

1111 2380 1157 2405 tim
1175 2378 1341 2408 Tui-eorum,
1367 2376 1468 2410 quibus
1489 2375 1564 2401 illum
1586 2374 1696 2409 indigne
1719 2372 1879 2408 prodiderat
1893 2391 1901 2402 ,

1111 2424 1219 2452 insidiis
1235 2423 1386 2450 necandum
1401 2421 1516 2449 curavit.
1532 2421 1666 2448 Omnibus
1684 2420 1777 2454 itaque
1804 2419 1902 2446 sedulo

1110 2471 1248 2505 cxpen-is,
1283 2469 1400 2495 fueritne
1425 2475 1546 2501 unquam
1572 2466 1742 2493 Emit-anueli
1760 2465 1903 2493 Contneno

1111 2525 1125 2544 a
1150 2522 1245 2544 sancto
1265 2515 1401 2541 Demetrio
1421 2514 1576 2549 prodigiose
1594 2513 1620 2539 in
1631 2512 1704 2539 bello
1718 2518 1902 2541 succursura,

1111 2564 1222 2590 dubiant
1242 2569 1309 2589 sane
1324 2561 1472 2588 admodum
1488 2581 1494 2593 ,
1513 2568 1546 2587 ne
1569 2560 1690 2587 deterius
1708 2558 1773 2593 quid
1791 2557 1880 2584 dicam
1895 2576 1903 2588 ,

1111 2609 1175 2635 mihi
1191 2614 1312 2642 apparet.

1145 2655 1189 2681 55.
1207 2653 1262 2681 Nec
1278 2654 1371 2686 etiam,
1389 2659 1418 2680 ut
1434 2653 1466 2680 ad
1484 2652 1508 2679 id
1523 2672 1530 2682 .
1548 2651 1620 2686 quod
1639 2651 1683 2678 hic
1698 2651 1790 2677 adhuc
1807 2649 1905 2676 dicen-

1110 2701 1175 2727 dum
1192 2705 1285 2729 restat.
1303 2701 1357 2733 jam
1375 2707 1497 2734 pergam,
1510 2703 1614 2725 eertum
1628 2705 1786 2724 asseverare
1802 2697 1905 2727 ausim,

1109 2748 1267 2774 Andronico
1281 2745 1400 2777 .luuiori,
1419 2745 1521 2772 saeculo
1538 2750 1639 2779 quarto
1660 2744 1769 2770 decitno
1791 2743 1906 2770 (Ericen-

1110 2801 1169 2820 rum
1194 2793 1363 2827 inlpcratori,
1385 2792 1480 2818 bellica
1502 2791 1529 2817 in
1545 2791 1732 2825 expeditione,
1755 2798 1806 2823 qua
1826 2796 1902 2815 anno

1110 2839 1178 2866 15°27
1189 2839 1411 2866 'l'bessalnnicam
1425 2838 1581 2871 occupavit,
1590 2845 1670 2872 opem
1683 2836 1722 2863 fui
1731 2844 1768 2863 -se
1778 2845 1792 2862 a
1804 2841 1904 2862 Sancto

1111 2886 1247 2912 Demetrio
1264 2885 1372 2910 allatam
1388 2903 1394 2914 ,
1413 2884 1470 2911 uti.
1486 2891 1545 2917 qnze
1561 2882 1682 2910 Joannes
1697 2883 1840 2909 (Tantaeuz.
1855 2889 1907 2907 nus
