2038 3151
171 183 238 216 1417

672 182 703 213 S.
726 181 914 212 DEMETRII
935 179 1133 210 MARTYRIS
1153 180 1257 209 ACTA.

1715 177 1780 208 1413

168 240 402 269 ﬂium-larumiib.
416 247 434 273 ι,
446 247 506 274 cap.
516 239 550 267 55
561 238 858 274 suppeditat,verba,in
869 238 949 266 Com-
963 239 988 268 Α
1002 237 1152 265 nachorum
1183 237 1210 264 in
1227 237 1262 264 iis
1285 236 1419 270 hodieque
1435 235 1588 271 degentium
1608 235 1783 262 multitudine

166 287 298 315 mentario
326 286 426 321 praevio
457 293 532 312 num.
558 285 606 312 121
629 284 684 319 jam
702 284 949 316 recitata,innuere

167 334 304 360 videntur.
323 332 359 359 ita
377 333 469 359 animo
482 336 652 366 comparatus
668 338 740 362 sum,
758 330 830 364 quod
847 329 874 356 in
892 333 949 356 tota

166 377 349 405 Cantacnzeni
367 377 400 404 de
415 380 546 410 occupata
562 383 609 411 per
623 375 811 402 Andronicum
829 375 949 402 Thessa-

167 425 255 451 lonica
270 423 426 450 narratione
440 423 507 449 nihil
522 423 635 449 omnino
650 426 786 455 occurrat,
800 421 865 456 quin
883 421 949 448 solis

165 473 270 495 natura:
282 467 384 494 viribus
397 467 454 494 ﬁeri
467 467 546 494 facile
558 467 690 500 poluerit;
709 467 844 501 superiori
859 470 949 492 autem

164 515 263 542 virtuti
282 514 394 546 factum,
415 519 520 542 natura:
530 514 603 541 vires
620 513 690 541 haud
706 513 852 544 excedens,
866 512 952 540 ascri-

165 561 233 589 bere
250 568 303 587 non
329 560 487 592 debeamus,
501 559 555 587 nisi
575 560 659 591 forte,
678 561 750 594 quod
775 560 883 587 interim
908 558 951 586 hic

167 614 221 634 non
242 608 280 639 lit,
296 607 367 634 ratio
395 606 530 640 quaepiam
546 607 619 641 jnsta
634 614 666 633 ae
683 606 768 633 solida
784 605 950 633 contrarium

167 653 291 681 suadeat.
311 652 410 679 Verum
445 652 495 679 etsi
519 652 627 686 quidem
648 652 676 679 in
692 651 890 681 Thessalonicae
905 658 953 685 per

167 698 353 725 Andronicum
376 697 554 732 occupatione
580 698 740 725 miraculum
751 717 759 730 ,
776 701 804 725 ut
819 702 951 733 apparet,

170 752 218 772 seu
237 751 387 779 supernum
408 751 423 770 a
444 747 540 771 sancto
557 743 694 771 Demetrio
712 744 950 772 subminisuatum

170 790 302 817 auxilium
320 790 515 817 admittendum
531 797 585 816 non
603 790 738 821 videatur,
755 789 889 817 miraculo
907 794 950 816 ta-

171 844 245 868 men,
266 844 314 870 per
329 840 455 864 sanctum
473 836 639 863 Demetrium
661 840 779 871 patrato,
798 841 826 862 ut
847 836 953 863 Andro-

171 880 462 913 nicus,‘l‘hessaionica
474 882 527 916 jam
541 881 728 916 occupata,ab
743 882 892 908 inveterato
907 888 953 915 pe-

171 927 348 962 riculosaque
370 927 494 959 vulnete,
513 928 539 953 in
558 927 625 962 pede
643 931 764 962 accepto,
783 927 886 961 absque
900 927 955 954 ulla

173 981 261 1005 mora,
273 980 332 999 cuin
349 978 486 1007 unguento
501 980 516 1000 e
530 974 617 1000 sancti
634 973 762 1000 Demetrii
778 973 885 1000 tumulo
899 980 959 1000 sca-

174 1019 301 1051 turiente,
327 1018 414 1045 linere
426 1018 500 1045 illum
529 1018 807 1050 decrevisset.i'uerit
830 1020 960 1051 sanatus‘,

173 1062 275 1090 factum
289 1064 426 1091 existimo.
441 1063 495 1092 Nec
510 1064 615 1097 dubito,
628 1065 692 1098 quiti
707 1065 773 1092 mihi
791 1071 957 1092 assensurus

172 1108 218 1141 sit,
237 1109 391 1144 quicunque
409 1109 531 1144 proxime
559 1110 678 1144 laudata,
696 1110 798 1145 quibus
812 1110 893 1137 etiam
911 1109 962 1136 mi-

172 1155 268 1182 rabilis
291 1155 337 1183 illa
360 1155 508 1183 Andronici
529 1156 637 1184 sanatio
670 1160 808 1189 narratur,
829 1155 962 1183 Canlacu-

173 1201 234 1228 zeni
260 1201 342 1228 verba
366 1205 471 1229 attento
496 1202 587 1230 anitno
614 1202 784 1237 expenderit.
811 1201 960 1230 Schismati

173 1247 298 1281 quidem,
313 1255 367 1282 quo
384 1247 506 1276 Ecclesia
520 1248 613 1276 Graeca
629 1256 643 1275 a
656 1248 756 1275 Christi
772 1248 890 1276 Ecclesia
903 1252 962 1275 erat

172 1292 309 1326 sejuncta,
324 1292 480 1320 adhaerebat
494 1293 676 1326 Andronicus;
693 1301 785 1320 verum
799 1293 959 1321 beneﬁcium

172 1338 243 1365 adeo
259 1339 388 1367 eximium
405 1338 432 1365 in
448 1339 585 1366 hominem
602 1340 685 1366 etiam
707 1339 862 1374 huiusmodi
875 1338 961 1366 fuisse

173 1384 303 1411 collatum
318 1404 326 1416 ,
348 1384 503 1411 mirandum
533 1392 586 1412 non
606 1389 665 1417 est,
691 1392 755 1412 cum
784 1384 960 1412 historiarum

171 1430 359 1457 monumentis
377 1431 513 1464 proditum
538 1431 590 1463 sit,
619 1431 736 1464 ingentia
754 1431 886 1458 miracula
910 1430 961 1457 ali-

171 1474 286 1508 quando
298 1475 325 1502 in
340 1475 466 1502 ethnicos
477 1481 500 1502 et
515 1482 529 1501 a
538 1475 694 1503 Christiana
707 1475 836 1510 religione
847 1483 961 1511 prorsus

171 1520 280 1547 alienos
297 1527 311 1546 a
329 1520 396 1547 viris
420 1521 534 1552 sanctis.
549 1521 592 1547 vel
606 1520 661 1555 jam
680 1522 705 1547 in
721 1521 821 1548 cmlnm
838 1522 955 1555 receptis

172 1566 213 1593 vel
226 1566 317 1593 adhuc
330 1566 411 1592 vitam
426 1566 566 1593 nobiscum
578 1566 758 1600 agitantibus,
770 1570 876 1600 patrata
887 1573 959 1594 esse.
974 1580 997 1610 α

174 1612 213 1639 ita
231 1610 292 1639 fere
307 1610 334 1638 in
353 1610 410 1638 suis
426 1610 457 1637 ad
473 1611 598 1643 proximo
615 1612 664 1638 cit.
679 1611 863 1638 Cantacuzeni
880 1615 963 1647 caput

178 1655 407 1684 Adnotationibus
420 1654 565 1683 Societatis
580 1660 682 1684 nostrae
695 1656 825 1684 sacerdos
839 1656 962 1685 Jacobus

175 1701 345 1734 Gretserus;
361 1701 408 1736 qui
433 1709 494 1728 cum
519 1701 618 1729 ibidem
647 1707 776 1737 praterea
804 1703 889 1730 multa
911 1703 965 1731 alia

178 1748 250 1775 hanc
276 1747 302 1774 in
319 1752 377 1774 rem
393 1751 544 1782 opportune
562 1747 679 1775 disserat
693 1767 701 1780 ,
721 1748 861 1775 curiosum
881 1747 965 1775 lecto-

177 1800 234 1820 rem
249 1794 282 1820 ad
297 1800 359 1820 eum
374 1793 517 1820 brevitatis
533 1800 615 1821 causa
630 1795 750 1826 remitto,
768 1795 806 1821 uti
819 1787 899 1831 et‘ad
914 1801 945 1821 ea
955 1812 964 1827 ,

177 1846 238 1873 quas
260 1840 352 1874 operis
372 1839 458 1866 nostri
483 1842 575 1866 tomus
596 1839 720 1873 proxime
748 1839 914 1867 antecedens
937 1839 966 1867 in

177 1884 392 1916 Commentario,
409 1883 484 1911 Actis
510 1884 560 1912 SS.
576 1884 663 1920 Sergii
685 1889 712 1913 et
731 1885 830 1913 Bacchi
854 1886 964 1921 praevio,

178 1927 191 1963 §
206 1928 233 1961 5,
249 1929 443 1964 complectitur.

179 1983 258 2019 §i|l.
286 1983 432 2017 Nonnulla,
452 1993 510 2020 qure
534 1990 660 2021 praeterea
686 1986 718 2013 de
741 1987 893 2021 prodigiosa
917 1995 966 2013 un-

214 2025 322 2054 guento,
336 2028 349 2046 ε
361 2021 445 2047 sancti
461 2021 588 2048 Demetrii
608 2021 709 2048 tumulo
739 2023 896 2048 acaturiente
911 2029 965 2048 me-

216 2055 308 2082 moria:
322 2060 428 2082 exstant
443 2056 560 2090 prodita,
577 2056 604 2082 in
617 2056 733 2084 medium
749 2056 929 2083 adducuntur.

218 2111 263 2138 56.
279 2110 336 2139 Etsi
350 2112 457 2146 quidem
476 2117 641 2148 unguentum
653 2120 667 2140 e
678 2113 765 2140 sancti
780 2113 908 2140 Demetrii
924 2117 968 2141 tu-

182 2158 257 2185 mulo
275 2157 338 2185 olim
361 2165 415 2185 non
439 2162 542 2185 tantum
570 2159 701 2191 stillasse,
729 2159 776 2187 sed
807 2163 835 2187 et
861 2159 964 2194 ingenti

180 2209 294 2236 prorsus
313 2210 345 2229 ac
361 2203 494 2238 stupenda
509 2204 588 2238 copia
611 2204 637 2230 id
665 2203 777 2236 factum,
796 2204 913 2232 adducta
938 2205 965 2232 in

1000 283 1191 314 celeberrimo,
1206 283 1288 309 vitam
1303 282 1453 309 solitariam
1469 281 1584 316 agebat;
1605 288 1667 308 cum
1692 285 1782 308 autem

1001 330 1037 357 ita
1053 329 1126 356 haud
1146 328 1240 363 procul
1264 327 1410 355 admodum
1427 334 1441 354 a
1458 327 1697 354 Thessalonicensi
1717 326 1783 353 civi-

1001 379 1067 408 tate,
1082 379 1175 409 utpote
1196 378 1224 401 et
1240 373 1298 408 ipsa
1315 373 1341 400 in
1359 373 1519 400 Macedonia
1533 373 1599 404 sita,
1616 377 1783 404 versaretur,

1001 422 1034 449 de
1052 421 1112 448 oleo
1137 429 1186 448 seu
1218 424 1369 454 unguento,
1394 420 1464 454 quod
1492 419 1519 446 in
1546 418 1786 446 Thessalonicensi

1002 467 1089 495 sancti
1104 466 1232 494 Demetrii
1258 465 1369 492 basilica
1383 472 1397 492 c
1411 472 1489 492 sacro
1515 464 1596 499 hujus
1617 464 1722 492 tumulo
1743 464 1788 491 in-

1002 513 1074 548 genti
1089 521 1119 540 ac
1133 512 1267 546 stupenda
1280 512 1358 547 copia
1370 511 1498 539 continuo
1512 512 1637 546 stillaret,
1648 518 1789 540 sermones

1003 566 1016 586 a
1033 558 1157 593 pluribus
1171 558 1280 585 misceri
1294 558 1363 584 haud
1376 564 1437 584 raro
1445 557 1578 584 audierat.
1795 594 1800 598 ‘

1037 605 1094 632 ὅδ’.
1109 603 1209 632 Verum
1223 604 1262 631 rei
1277 604 1437 639 prodigiosae
1453 603 1532 631 [idem
1548 604 1617 630 haud
1633 604 1788 631 adhibebat.

1002 651 1070 679 Cum
1085 651 1168 681 enim.
1183 651 1300 684 dicebat,
1312 650 1398 678 sancti
1412 649 1552 682 Demetrii,
1566 650 1612 685 qui
1629 650 1707 677 hasta
1723 651 1791 677 dun-

1002 700 1078 725 taxat
1091 696 1234 724 confossus
1254 696 1391 728 occubuit,
1409 703 1460 724 nec
1473 696 1549 731 plura
1572 700 1707 723 tormenta
1723 697 1791 724 sub-

1003 743 1045 776 iit,
1070 743 1228 779 martyrium
1260 742 1327 770 nihil
1354 743 1464 770 omnino
1488 743 1625 779 singulare
1647 744 1791 779 habuerit,

1004 793 1034 815 ut
1051 788 1097 823 qui
1113 795 1167 823 prie
1182 787 1283 815 sanctis
1299 788 1464 822 martyribus
1490 788 1562 820 aliis,
1579 789 1625 824 qui
1651 790 1792 817 atrocissi<

1005 834 1056 861 mis
1089 834 1302 869 quibuscunque
1335 833 1457 861 toleratis
1485 835 1628 862 tormentis
1667 836 1791 871 martyrii

1006 880 1121 915 palmam
1145 879 1272 912 retulere,
1290 879 1375 914 gratia
1391 879 1435 906 illa
1450 878 1550 907 Sancto
1573 880 1617 907 isti
1639 881 1718 915 plane
1735 882 1794 908 cxi-

1014 925 1079 958 mia,
1089 929 1118 952 ut
1130 933 1144 952 e
1157 919 1262 953 tumulo
1275 924 1334 959 ejus
1350 930 1517 960 unguentum
1527 945 1535 958 ,
1549 928 1678 954 sanandis
1692 928 1794 955 morbis

1013 972 1143 1004 salutare,
1156 972 1310 1007 prodigiose
1326 972 1468 1004 scaturiat,
1481 972 1612 999 divinitus
1626 972 1661 1000 sit
1673 974 1769 1000 collata
1783 973 1795 1000 ?

1013 1016 1114 1044 Adhzec
1125 1035 1132 1048 .
1157 1024 1218 1044 cum
1241 1021 1406 1052 unguentum
1425 1017 1490 1044 illud
1506 1024 1555 1044 seu
1570 1017 1660 1044 oleum
1677 1018 1794 1045 maxima

1012 1063 1134 1097 quotidie
1147 1063 1224 1097 copia
1237 1070 1251 1089 a
1269 1063 1365 1097 populo
1382 1062 1493 1094 hauriri,
1510 1070 1560 1091 nec
1583 1067 1672 1090 tamen
1688 1063 1741 1090 nlla
1754 1071 1796 1090 ra-

1012 1109 1086 1137 tione
1106 1109 1229 1136 imminui
1258 1108 1381 1141 audiret,
1397 1116 1412 1136 c
1428 1108 1518 1136 Sancti
1532 1109 1617 1136 nostri
1638 1117 1753 1145 corpore
1770 1110 1795 1136 id

1012 1155 1126 1187 stillare,
1143 1155 1281 1190 mgcrrime
1298 1155 1324 1181 in
1348 1155 1470 1182 animum
1486 1155 1642 1188 inducebat,
1661 1163 1693 1183 eo
1713 1157 1796 1183 etiam

1013 1200 1116 1228 idcirco
1144 1201 1329 1235 propendens,
1356 1205 1387 1228 ut
1417 1200 1505 1228 oleum
1534 1209 1581 1228 seu
1608 1207 1796 1236 unguentum,

1016 1247 1128 1274 aliunde
1150 1250 1229 1274 antea
1247 1251 1382 1281 paratum,
1398 1254 1454 1274 non
1470 1254 1586 1280 superna
1602 1254 1649 1274 seu
1670 1249 1798 1283 martyris

1011 1292 1124 1326 virtute,
1142 1292 1188 1320 sed
1215 1292 1336 1320 humano
1360 1292 1478 1319 artiﬁcio
1501 1291 1596 1319 ell‘ecta
1622 1293 1797 1328 scaturigine,

1014 1338 1115 1372 populo
1131 1338 1258 1372 profundi
1275 1347 1322 1367 seu
1338 1338 1541 1368 subministrari
1558 1339 1734 1367 existimaret.
1749 1339 1798 1368 Ve-

1013 1391 1073 1410 rum
1099 1384 1236 1412 monacho
1259 1385 1317 1416 illi,
1337 1392 1390 1419 qua
1413 1385 1631 1413 incredulitatem
1654 1393 1731 1413 suam
1747 1386 1799 1414 fuit

1012 1430 1155 1463 dedoctus,
1169 1431 1239 1459 visio
1253 1432 1372 1459 cmlestis
1385 1432 1435 1459 fuit
1450 1432 1551 1460 oblata.
1562 1432 1636 1460 lianc
1647 1432 1725 1468 ipsis,
1739 1441 1800 1468 qua:

1012 1476 1134 1504 Joannes
1159 1477 1320 1505 Stauracius
1347 1478 1407 1506 loco
1434 1479 1481 1506 cit.
1509 1479 1675 1514 suppeditat,
1699 1479 1800 1507 Graecis

1012 1522 1124 1553 verbis,
1153 1522 1244 1549 addita
1273 1524 1356 1550 etiam
1382 1524 1416 1551 ad
1445 1525 1548 1551 calcem
1577 1525 1800 1560 interpretatione

1014 1566 1130 1600 Latina,
1158 1567 1253 1595 lectori
1278 1567 1322 1595 hic
1347 1568 1412 1596 libet
1450 1569 1590 1597 exhibere.
1620 1570 1666 1598 Sic
1687 1571 1768 1598 habet
1792 1582 1800 1600 :

1024 1611 1127 1638 Ἐδόκει
1163 1613 1224 1639 καθ’
1251 1612 1352 1645 ὕπνους
1376 1613 1501 1648 γενέσθαι
1527 1616 1559 1650 τῇ
1581 1615 1801 1644 Θεσσαλονικέων

1017 1657 1105 1689 πόλει,
1124 1658 1170 1684 καὶ
1194 1658 1240 1685 τὸν
1257 1659 1321 1686 ναὸν
1337 1660 1562 1695 καταλαμϐάνειν
1583 1661 1630 1688 τοῦ
1650 1663 1800 1699 μάρτυρος,

1017 1701 1109 1737 εὑρεῖν
1127 1711 1157 1729 τε
1179 1704 1225 1730 τὸν
1240 1704 1374 1740 νεωκόρον
1394 1708 1441 1733 καὶ
1458 1709 1632 1742 προσειπεϊν,
1656 1711 1702 1736 καὶ
1717 1710 1801 1737 άκοῦ-

1017 1755 1073 1774 σαι·
1086 1746 1124 1775 Ἦ
1142 1748 1230 1783 βούλει
1246 1749 1345 1777 ίδέσθαι
1359 1751 1403 1777 τὸν
1417 1751 1562 1788 μάρτυρας
1576 1755 1624 1781 καὶ
1638 1754 1802 1790 ἀνθυπενεγ-

1017 1794 1074 1820 κεῖν
1089 1793 1134 1820 τὸν
1153 1795 1288 1828 Βιτάλιον,
1300 1796 1348 1822 καὶ
1362 1796 1422 1824 λίαν
1436 1799 1474 1830 εις
1488 1798 1566 1825 τοῦτο
1581 1799 1638 1835 ἔχει
1655 1800 1801 1836 Sumus:th

1017 1837 1087 1865 ὥστε
1119 1840 1165 1866 καὶ
1196 1840 1259 1868 ἰδεῖν
1287 1841 1334 1868 καὶ
1368 1843 1605 1877 προσπτύξασοαι.
1637 1846 1692 1872 Καὶ
1716 1845 1801 1878 οὕτως

1017 1884 1030 1910 ὀ
1047 1884 1096 1919 μὲν
1112 1886 1261 1920 προηγεῖτο
1281 1887 1296 1913 δ
1321 1887 1467 1921 νεωκόρος,
1488 1888 1580 1916 εἵπετο
1596 1888 1624 1916 δὲ
1635 1890 1649 1916 ὁ
1667 1890 1800 1922 Βιτάλιος.

1053 1929 1099 1956 35.
1120 1929 1163 1961 Ὠς
1176 1930 1205 1956 δὲ
1219 1931 1304 1964 ιγγῦς
1317 1932 1365 1966 τῆς
1380 1932 1454 1963 θείας
1471 1932 1588 1959 κιὸωτοῢ
1601 1932 1647 1960 τοῦ
1662 1934 1802 1969 μάρτυρος

1016 1975 1146 2010 γένοιντο,
1163 1976 1318 2011 εἰσελθέτην
1329 1976 1412 2012 ἄμφω
1423 1978 1454 2004 ὲκ
1467 1978 1514 2005 τοῦ
1525 1978 1625 2012 ἐλαίου,
1635 1981 1681 2007 καὶ
1695 1980 1743 2012 τὰς
1755 1981 1802 2008 θύ-

1018 2029 1067 2056 ρας
1082 2021 1236 2056 μετέθεντο,
1246 2024 1294 2050 καὶ
1308 2022 1356 2058 τὴν
1377 2023 1453 2059 ἱερὰν
1470 2024 1639 2060 μετέστησαν
1667 2026 1802 2062 λάρνακα.

1017 2066 1064 2093 καὶ
1079 2066 1240 2102 μαρμάρους
1247 2065 1319 2102 ἦραν
1330 2068 1434 2095 ἐκεῖθεν
1449 2069 1480 2095 ὲκ
1493 2070 1578 2103 μέσου
1590 2070 1670 2097 ἑπτά’
1680 2071 1803 2107 καὶπρὸς

1016 2110 1118 2147 ὀρυγὴν
1136 2112 1184 2147 μὲν
1198 2113 1361 2147 ἀμοιὸαυτὺν
1383 2113 1438 2149 (an.
1461 2115 1606 2150 ἀμοιϐαδόν
1619 2116 1640 2151 ἳ)
1654 2117 1701 2143 τοῦ
1715 2117 1803 2144 ἐκεῖσε

1017 2156 1141 2191 χώματος
1153 2166 1161 2173 ·
1181 2158 1249 2192 μετὰ
1262 2158 1290 2185 δὲ
1314 2158 1378 2194 χοῦς
1393 2159 1486 2194 ἕτερος
1511 2161 1629 2195 καθαρὸς
1644 2162 1804 2196 ἀπηντλεῖτο

1018 2203 1122 2229 ικεῖθεν
1153 2203 1265 2235 εὐωδίας
1294 2203 1423 2240 πλείστης
1453 2205 1605 2237 ἀνάπλεως.
1642 2206 1717 2233 Ἐπεὶ
1735 2207 1763 2233 δὲ
1787 2209 1804 2242 ὴ

182 2250 387 2277 Commentario
403 2250 517 2284 praevio,
535 2258 611 2278 num.
625 2251 660 2278 95
672 2255 699 2279 et
715 2251 760 2284 97,
775 2250 877 2279 Nicetae
892 2251 961 2279 Cho-

1015 2250 1101 2286 ὸρυγὴ
1112 2250 1210 2285 φθάσοι
1225 2252 1334 2288 πήχεων
1342 2252 1406 2288 ἄχρι
1417 2252 1510 2287 τριῶν,
1522 2253 1567 2279 καὶ
1580 2253 1711 2288 μικρὸντι
1725 2256 1804 2288 πρὸς,

181 2295 262 2323 niatae
277 2300 304 2322 et
317 2294 431 2323 Joannis
449 2296 615 2332 Auagnostae
638 2298 722 2325 verba
749 2303 791 2325 sat
815 2298 967 2326 luculenter

182 2341 312 2375 prodant,
328 2341 379 2369 hoc
399 2345 491 2369 tamen
507 2346 675 2377 postremum
691 2348 882 2379 argumentum
896 2351 968 2372 non-

182 2387 247 2414 dum
268 2394 300 2413 ex
325 2387 450 2414 instituto
469 2389 596 2420 tractavi,
612 2388 696 2423 idque
713 2388 780 2416 adeo
796 2389 837 2416 vel
853 2389 967 2421 idcirco.

184 2433 256 2467 quod
275 2434 407 2460 nonnulla
427 2433 517 2461 adhuc
533 2434 605 2461 haud
622 2435 730 2469 penitus
752 2439 904 2462 memoratu
926 2435 968 2462 in-

184 2478 267 2513 digna
290 2479 491 2512 subministret,
513 2480 527 2515 ς
551 2481 679 2514 praesenti
703 2480 793 2509 facere
817 2481 968 2515 constitui,

183 2515 277 2557 itaque
301 2530 361 2557 quae
380 2523 413 2550 de
429 2523 531 2551 Sancto
545 2524 708 2553 disserenda
728 2525 856 2558 luerunt,
879 2524 969 2552 absol-

183 2573 259 2594 vere.
291 2565 327 2594 Ut
353 2567 447 2603 itaque
473 2569 499 2596 id
523 2569 638 2597 instituti
669 2570 794 2604 meliori,
821 2577 876 2605 quo
911 2569 969 2598 lieri

184 2617 285 2645 poteSt,
305 2613 404 2641 ordine
420 2615 575 2650 mancipem
595 2615 714 2648 eli‘ectui,
735 2623 749 2643 a
773 2617 969 2651 suppeditata,

185 2666 243 2693 quae
272 2660 299 2686 in
319 2660 414 2688 codice
439 2667 533 2689 nostro
557 2661 578 2698 -Ξι
602 2670 655 2691 ms.
681 2663 731 2690 193
758 2663 806 2691 fol.
834 2671 915 2692 verso
935 2664 970 2691 78

185 2708 212 2731 et
226 2713 304 2741 seqq.
320 2714 335 2734 e
351 2706 448 2736 Leonis
470 2708 563 2736 Aliatii
579 2717 632 2737 ms.
654 2713 779 2744 excerpta
798 2714 897 2742 exstat.
923 2719 972 2747 per

187 2748 318 2779 Joannem
340 2752 510 2782 Stauracium
528 2763 609 2790 supra
623 2756 774 2790 smpissime
789 2756 926 2784 laudatum
939 2758 973 2786 de

187 2800 321 2826 monacho
336 2799 465 2833 quodam,
483 2802 594 2828 nomine
609 2800 718 2835 Vitalio,
732 2803 888 2831 narratione
904 2803 974 2832 duco

189 2840 306 2872 initium.
319 2843 369 2872 l-iic
384 2845 410 2872 in
428 2846 579 2874 celsissimo
597 2846 762 2876 Macedoniae
785 2853 877 2877 monte
889 2849 972 2882 Atho,

193 2892 244 2916 tum
260 2891 491 2920 monasteriorum
521 2900 581 2927 qua
611 2894 813 2929 complectitur,
830 2901 887 2924 tum
913 2904 971 2926 mo-

367 2937 502 2969 PATROL.
524 2939 579 2970 Gn.
596 2939 702 2973 CXVI.

1019 2297 1125 2333 λάρναξ
1143 2299 1229 2334 ἐφάνη
1246 2299 1352 2331 τούτοις
1382 2300 1653 2335 περικεκαλυμμένη
1665 2302 1804 2337 μαρμάρῳ

1019 2343 1102 2379 λευκῇ
1118 2364 1126 2377 ,
1152 2344 1186 2380 ἢν
1210 2345 1258 2372 καὶ
1276 2345 1379 2381 ταύτην
1396 2345 1501 2372 ἐκεῖθεν
1518 2345 1672 2382 διάραντες,
1692 2347 1740 2374 καὶ
1755 2347 1804 2382 τὴν

1019 2389 1142 2424 λάρνακα
1162 2390 1415 2426 ἀνακαλυῲάμενοι,
1430 2388 1500 2418 εἶδον
1515 2391 1590 2418 ἔνδον
1607 2391 1710 2427 ταύτης
1725 2393 1804 2420 ἀκτι-

1019 2434 1182 2462 νοϐολοῦντα
1196 2435 1244 2462 τὸν
1259 2435 1388 2471 μάρτυρα
1401 2436 1539 2470 κείμενον,
1555 2436 1645 2469 ζῶντα
1660 2437 1803 2473 καθαρῶς,

1023 2481 1071 2508 καὶ
1088 2480 1195 2508 ἐοικότα
1208 2481 1384 2514 ὗπνώττοντι,
1396 2482 1599 2517 ὑπομειδιῶντα
1629 2484 1675 2511 καὶ
1689 2485 1805 2520 φαιδρω-

1019 2526 1078 2554 πόν.
1110 2527 1169 2554 Καὶ
1208 2527 1263 2555 ἰδοὺ
1290 2528 1387 2564 μυρίαι
1412 2529 1529 2565 τρώσεις
1560 2530 1599 2565 τῷ
1632 2531 1750 2567 μάρτυρι
1774 2532 1805 2558 ἐκ

1020 2573 1159 2608 τραχήλου
1178 2574 1259 2609 μέχρι
1287 2574 1336 2601 καὶ
1357 2574 1458 2609 ὀσφύος
1475 2575 1560 2610 αὐτῆς
1577 2576 1804 2612 πεπύκνωμέναι,

1022 2619 1071 2645 καὶ
1100 2619 1219 2655 ἀλλήλας
1245 2621 1367 2656 ἀκριϐῶς
1395 2622 1628 2657 προσεγγίζουσαι
1660 2623 1731 2650 κατὰ
1756 2623 1806 2654 τὰς

1021 2665 1300 2702 κηροπλαστουμένας
1320 2668 1392 2699 ιταίς
1418 2668 1561 2704 μελίσσαις
1591 2668 1678 2700 ὀπὰς,
1708 2668 1806 2700 σκεῦος

1022 2708 1077 2738 οἷον
1099 2713 1211 2747 μυωπδν
1236 2713 1284 2740 καὶ
1302 2713 1395 2749 μύρων
1411 2713 1595 2750 μυριοφλέσες
1609 2715 1642 2741 ἐκ
1657 2714 1711 2740 τῶν
1731 2714 1806 2741 ὀπῶν

1022 2757 1208 2792 ὰνεπήγαζον,
1235 2758 1344 2793 σφοδρῷ
1363 2759 1490 2793 καθάπερ
1509 2759 1634 2786 κάτωθεν
1660 2759 1807 2794 ἀναφυσώ-

1025 2812 1104 2839 μεναι
1132 2805 1279 2839 πνεύματι·
1298 2805 1346 2832 καὶ
1370 2806 1471 2841 μικροῦ
1498 2806 1552 2833 δεῖν
1581 2807 1606 2833 οι
1623 2807 1718 2842 ἄνδρες
1734 2803 1808 2833 οὗτοι

1025 2850 1073 2876 καὶ
1105 2850 1305 2883 κατεκλύζοντο
1327 2852 1383 2884 τοῖς
1411 2851 1466 2878 τῶν
1497 2852 1593 2888 μύρων
1619 2852 1807 2887 ἀναπηδύουσι

1028 2896 1172 2932 ῥεύμασιν.
1187 2897 1222 2924 Ὅ
1236 2906 1266 2925 τε
1287 2898 1334 2925 καὶ
1350 2899 1363 2926 ὸ
1383 2898 1505 2931 Βιτάλιος
1527 2899 1654 2933 [Nummi
1670 2897 1806 2934 ὑπερθαυ-
