2038 3151
884 171 1206 204 SUPPLEMENTUM.

234 250 258 258 ,-
265 247 1223 257 μ--,.-.-..--------ς--.-.-.

1228 253 1849 262 _——.—_—.___.———_~

857 347 896 401 A
905 347 950 402 Ν
958 348 992 401 Α
1005 346 1128 402 LEC
1140 347 1228 402 TA

228 469 274 499 De
295 472 461 507 unguento
481 476 538 498 seu
557 467 630 498 oleo
645 476 662 498 e
681 468 711 498 S.
731 466 880 497 Demetrii
900 465 1026 497 tumulo
1044 466 1228 507 prodigiose
1256 469 1452 500 scaturieute
1474 471 1614 510 aliisque
1641 472 1745 503 adhuc
1774 474 1858 512 ejus-

268 522 339 551 dem
364 521 469 551 Sancti
494 519 669 554 miraculis,
703 520 814 558 partim
837 529 853 549 e
885 519 1095 557 scriptoribus
1128 524 1274 559 typornm
1291 521 1519 562 beneﬁciojam
1539 525 1687 564 vulgatis,
1708 526 1822 564 partim
1840 537 1857 558 e

266 572 399 602 Joannis
420 571 573 602 Stauracii
593 580 628 602 ac
641 571 792 601 Demetrii
809 570 1009 609 Clirysolorae
1027 570 1306 602 lucubrationibus
1324 573 1466 604 nondum
1484 575 1580 605 editis
1596 581 1735 615 accepta.

229 750 242 783 ς
260 751 278 782 1,
298 750 431 777 Mirurulu
442 773 449 782 ,
465 759 563 778 stet-tuo
579 752 678 778 decimo
693 752 859 785 posteriora,
873 760 932 786 qua?
947 752 1017 779 San-
1033 751 1058 781 Α
1071 752 1143 778 cinio
1153 751 1346 779 Thessalonica
1364 756 1459 778 contra
1478 751 1569 779 omnia
1583 752 1702 779 hostium
1716 753 1859 781 molimina

263 792 319 812 ctus
329 786 355 812 in
367 786 559 813 T/tcssulonicw
574 787 687 821 favorem
700 791 820 818 patratae
833 792 969 814 narratur.

265 844 290 871 1.
308 842 404 870 Fuisse
415 844 567 875 enimvero,
581 844 707 871 Mauritio
723 844 829 878 imperii
844 843 958 871 Romani
972 843 1019 870 ha-

231 890 314 916 benas
323 889 494 920 moderante,
503 889 730 917 Thessalonicam
737 889 892 925 prodigiose
907 897 1018 922 prorsus

231 933 311 961 modo
324 935 458 961 adversus
474 934 579 961 unitam
594 935 713 961 Avarum
730 934 900 968 aliarumque
917 933 1018 961 barba-

229 982 349 1009 ricarnm
365 981 508 1008 nationum
524 981 577 1008 vim
594 989 607 1006 a
624 984 718 1008 sancto
735 980 883 1014 Demetrio,
902 984 1018 1015 patrono

229 1036 291 1060 suo,
303 1027 457 1060 defensam,
471 1026 738 1062 evpngnationisque
750 1026 832 1053 simul
843 1034 875 1053 ac
887 1026 1018 1061 direptio-

230 1075 273 1101 nis
299 1074 421 1107 periculo
448 1073 664 1108 praesentissimo
692 1077 834 1108 ereptam,
872 1073 1015 1104 Joannes.

230 1120 483 1147 'l‘heaalouicensis
506 1119 740 1153 archiepiscopus,
759 1126 840 1153 supra
866 1119 1017 1154 saepissime

232 1166 370 1198 laudatus,
385 1167 432 1200 qni
454 1166 493 1193 rei
515 1170 600 1200 geatte
619 1165 754 1197 interfuit,
775 1165 983 1197 miraculorum,
1000 1174 1015 1193 a

231 1218 326 1239 μτηιειο
345 1211 482 1239 Demetrio
499 1217 681 1247 patratorum.
704 1211 751 1238 lib.
771 1219 776 1238 l
794 1211 850 1246 jam
867 1211 942 1243 dato,
955 1219 1015 1246 cap.

233 1259 266 1285 t5
280 1264 307 1285 et
331 1258 402 1285 binis
414 1266 506 1293 seqq.,
532 1257 714 1284 indubitatum
740 1256 814 1284 facit.
837 1259 927 1292 Atque
949 1258 1014 1285 illud

230 1305 353 1338 quidem,
366 1305 404 1332 uti
420 1312 451 1332 ex
468 1304 622 1337 Adnotatis,
639 1303 713 1330 dicto
728 1303 810 1338 capiti
828 1303 860 1330 i3
886 1304 1015 1331 subnexis

231 1351 334 1386 liquet,
362 1351 463 1378 szecnlo
488 1354 564 1378 sexto
603 1350 635 1377 ad
675 1349 756 1376 linem
794 1349 943 1376 inclinante
966 1357 1014 1376 seu

231 1404 302 1423 anno
320 1395 370 1423 597
387 1397 496 1428 evenit;
509 1395 592 1422 fuisse
613 1402 693 1429 porro
707 1394 791 1420 etiam
806 1393 931 1420 eamdem
946 1394 1014 1421 civi-

233 1447 314 1468 tatem
340 1441 441 1468 smculo
460 1441 586 1475 septimo,
610 1439 772 1471 cumidem,
788 1447 868 1474 quem
890 1440 1014 1473 proxime

233 1485 341 1512 laudavi
353 1504 359 1515 ,
374 1485 493 1512 Joannes
507 1484 780 1512 Thessalonicensem
801 1484 944 1512 ecclesiam
958 1484 1013 1517 jam

233 1530 435 1563 moderaretur,
455 1535 537 1565 atque
562 1530 651 1558 adhuc
676 1531 782 1562 serius,
802 1530 901 1557 szeculo
919 1534 1016 1556 octavo

232 1576 355 1607 scilicet,
374 1575 454 1603 modo
470 1576 574 1611 pariter
593 1583 705 1610 prorsus
731 1575 848 1602 mirabili
875 1583 890 1601 ιι
914 1575 1016 1602 Sancto

232 1627 327 1650 nostro
346 1623 477 1649 adversus
490 1622 623 1649 Barbaros
643 1627 854 1656 propugnatam,
868 1629 883 1648 c
899 1626 1017 1656 patrato-

232 1677 292 1696 rum
302 1669 352 1696 abs
361 1669 413 1696 ltoc
423 1668 618 1696 miraculorum
632 1667 676 1694 lib.
691 1667 893 1702 n,pariterjzun
905 1669 978 1700 dato,
993 1667 1016 1695 si

233 1724 298 1747 non,
321 1715 393 1750 quod
411 1715 492 1749 hujus
511 1719 607 1742 auctor
624 1714 679 1748 (adi
692 1713 926 1741 Commentarium
946 1721 1016 1748 pra:-

233 1761 309 1788 vinm
328 1767 404 1786 num.
418 1759 465 1793 Ἡ)
485 1759 565 1786 ﬁdem
585 1759 768 1794 undequaque
787 1760 919 1794 integram
945 1759 1016 1786 haud

235 1809 390 1837 mereatur,
413 1804 526 1832 omnino
551 1803 752 1836 indubitatum,
782 1804 1016 1832 verosimilliinum

233 1851 329 1878 saltem
339 1855 463 1885 apparet.
471 1850 506 1877 Et
518 1857 594 1880 vero,
604 1857 657 1877 non
669 1854 773 1876 tantum
788 1850 889 1877 saeculo
902 1850 1018 1884 septimo

233 1905 266 1924 ac
283 1896 408 1931 sequenti
421 1917 428 1926 .
443 1896 491 1924 sed
509 1896 591 1923 etiam
606 1895 639 1922 ad
652 1903 752 1922 annum
769 1903 854 1930 usque
869 1895 921 1924 904
933 1897 1018 1924 Thes-

233 1943 382 1970 salonicam
393 1942 566 1969 inimicorum
575 1941 697 1969 omnium
707 1941 821 1976 impetu,
831 1945 1018 1976 patrocinante

233 1994 328 2017 sancto
345 1988 493 2020 Demetrio,
514 1989 684 2022 superiorem
705 1989 898 2022 permansisse,
919 1989 1016 2015 variis-

233 2043 286 2070 que
301 2035 363 2062 belli
382 2034 510 2070 periculis
524 2034 610 2061 fuisse
628 2038 765 2068 ereptam,
783 2034 904 2061 Joannes
921 2033 1017 2061 Came-

233 2082 304 2108 niata
319 2089 402 2116 supra
418 2081 507 2107 adlmc
521 2080 657 2111 laudatus,
674 2079 722 2114 qui
736 2084 791 2106 tum
805 2079 907 2111 ﬂoruit,
923 2080 950 2106 in
965 2088 1014 2107 sua

232 2131 266 2156 de
285 2127 488 2155 Thessalonica:
508 2134 555 2161 per
573 2126 726 2154 Saracenos
751 2126 859 2154 excidio
885 2127 1016 2154 luetibra-

233 2174 318 2204 tione,
331 2181 364 2200 ac
375 2172 503 2200 Nicolaus
518 2171 684 2204 patriarcha,
697 2171 843 2198 ecclesiam
858 2171 1017 2199 Constanti-

231 2219 418 2254 nopolitanam
440 2223 505 2246 tunc
526 2218 658 2252 temporis
673 2217 842 2249 moderatus,
865 2218 892 2245 in
911 2226 962 2246 sua
981 2218 1016 2246 de

231 2265 326 2293 eodem
340 2265 466 2292 luctuoso
479 2269 577 2292 eventu
596 2264 721 2291 Monedia
738 2271 791 2291 non
809 2264 926 2292 obscure
944 2265 1018 2292 indi-

231 2316 304 2339 cant.

264 2356 291 2383 2.
314 2355 414 2383 Verum
440 2361 504 2383 tunc
518 2355 697 2384 celeberrima
715 2356 759 2383 illa
777 2356 883 2388 civitas,
909 2357 949 2383 uti
978 2356 1017 2382 rei

230 2402 357 2428 oculatus
374 2401 462 2434 testis,
477 2409 557 2436 quem
571 2401 670 2429 iterum
684 2409 745 2429 mox
761 2402 882 2433 laudavi,
898 2401 1019 2429 Joannes

230 2447 425 2479 (latnt-piatam
441 2447 588 2475 Bertlioldo
603 2447 717 2476 Niliusio
734 2456 806 2475 anno
821 2447 887 2475 1655
898 2448 1019 2475 Colonia:

230 2496 385 2530 Agrippina:
403 2495 506 2526 editus,
528 2502 678 2530 rursusque
701 2495 800 2522 deinde
824 2502 838 2521 a
854 2494 1018 2522 Combelisio

233 2540 359 2567 Historia:
382 2540 538 2575 Byzantina:
565 2546 627 2575 post
649 2540 845 2575 Theophanem
873 2541 1019 2575 scriptores

232 2593 301 2613 anno
316 2585 385 2613 1685
403 2586 473 2622 typis
489 2586 690 2614 l’arisiensibus
704 2595 828 2619 recusas,
848 2587 927 2614 ﬁdem
942 2587 1017 2617 facit,

234 2641 242 2659 λ
254 2632 400 2660 Saracenis
412 2634 544 2660 adversus
553 2633 672 2660 Leonem
682 2632 804 2661 Orientis
816 2635 1017 2668 imperatorem,

228 2685 410 2714 cognomento
432 2678 609 2713 Sapientem,
637 2679 812 2711 bellantibus,
841 2680 891 2706 sub
917 2679 1018 2706 Leonis

229 2723 384 2760 Ti-ipolit.e,
410 2726 566 2760 impiissimi
589 2731 738 2760 apostatte,
757 2727 839 2754 ductu
864 2731 1017 2762 expugnata

1071 799 1193 825 stetisset
1212 798 1384 830 inconcussa,
1403 797 1558 825 mirandum
1578 806 1660 833 quam
1677 799 1794 826 maxime
1811 807 1860 826 ae-

1070 844 1146 871 cidit.
1163 844 1243 875 Audi,
1263 844 1310 878 qui
1335 849 1490 878 opportune
1507 845 1540 871 al
1561 844 1719 871 institutum
1736 853 1857 879 praesens

1070 890 1197 918 Nico'aus
1214 890 1368 925 patriarcha
1387 890 1446 917 loco
1467 898 1549 924 supra
1565 890 1612 917 cit.
1629 891 1720 917 verbis
1735 890 1837 917 Graecis
1850 912 1858 922 ,

1069 943 1129 971 quae
1146 940 1173 963 et
1187 937 1212 962 in
1225 936 1344 970 linguam
1362 935 1485 962 Latinam
1505 943 1638 963 conversa
1655 935 1741 963 textui
1765 935 1860 962 Graeco

1069 982 1240 1017 subjungam,
1258 982 1396 1016 loquatur.
1423 981 1489 1013 [103,
1509 982 1607 1016 inquit,
1637 983 1692 1015 μοὶ.
1719 983 1860 1017 Δημήτριε

1069 1029 1193 1063 μάρτυς,
1221 1029 1237 1062 ἡ
1270 1028 1404 1063 ἀήττητος
1440 1029 1599 1063 συμμαχία;
1635 1029 1694 1060 πῶς
1729 1029 1777 1062 τὴν
1811 1030 1861 1062 σὴν

1069 1074 1145 1100 πόλιν
1166 1073 1306 1108 ὑπερεῖδες
1329 1073 1535 1108 πορϐθυμένηνς
1567 1073 1626 1104 πῶς
1647 1073 1700 1099 ὑπὸ
1726 1073 1767 1099 aut
1785 1073 1861 1099 πολι-

1067 1119 1137 1153 οὑχιρ
1158 1120 1172 1154 ἡ
1196 1118 1304 1154 ἐχθροῖς
1320 1118 1418 1149 ἄϐατος
1442 1118 1488 1152 ἀφ’
1506 1115 1536 1145 οὗ
1552 1119 1648 1153 χρόνον
1666 1118 1768 1152 ταύτην
1783 1119 1861 1152 ἣλιος

1067 1165 1197 1191 ἐθεάσατο
1219 1164 1355 1191 τοσούτων
1370 1164 1462 1190 κακῶν
1482 1165 1524 1194 εἰς
1542 1166 1640 1197 πεῖραν
1654 1165 1781 1198 ὲγὲνετος
1798 1164 1860 1195 Πῶς

1067 1211 1115 1245 τῆς
1142 1211 1199 1236 τῶν
1228 1210 1430 1237 δυσσεΰούντων
1449 1210 1548 1245 ὀφρύος
1573 1211 1687 1244 ἠνέσχου
1711 1219 1861 1246 κατορχωι-

1067 1256 1152 1290 μένης
1164 1257 1214 1291 τῆς
1228 1257 1303 1290 ἱερᾶς
1323 1257 1490 1290 προστισῐις
1504 1265 1510 1287 ;
1527 1256 1583 1288 πῶς
1605 1256 1756 1291 ὑπέμεινας
1772 1258 1859 1282 ταῦτα

1066 1302 1114 1328 καὶ
1130 1302 1368 1337 διεκαρτέρηαας;
1390 1311 1399 1326 ι
1419 1300 1470 1328 Ubi
1493 1302 1570 1332 mihi,
1589 1301 1707 1328 Demetri
1733 1307 1836 1336 martyr
1849 1323 1857 1333 ,

1066 1347 1166 1374 invicta
1189 1348 1215 1374 in
1239 1347 1310 1374 bello
1325 1345 1461 1374 societas?
1481 1347 1532 1380 Qui
1550 1347 1688 1374 civitatem
1715 1351 1803 1379 tuam,
1828 1352 1859 1374 ut

1067 1396 1248 1422 everteretur,
1264 1392 1433 1426 despexisti?
1451 1392 1497 1426 qui
1514 1392 1565 1418 sub
1589 1397 1615 1419 te
1638 1392 1762 1426 prteside.
1785 1400 1857 1426 qtttr,

1067 1447 1081 1466 a
1099 1445 1153 1472 quo
1171 1442 1292 1472 tempore
1307 1437 1348 1464 sol
1363 1437 1437 1464 illam
1452 1437 1586 1471 spectavit
1599 1457 1608 1470 ,
1625 1437 1745 1464 inimicis
1769 1436 1859 1464 inerat

1068 1484 1219 1514 inaccessa.
1238 1484 1270 1510 ad
1291 1488 1367 1511 tanta
1390 1483 1555 1518 experienda
1573 1483 1643 1510 mala
1660 1483 1766 1509 devenit
1779 1483 1790 1510 ?
1805 1483 1858 1515 Qui

1068 1531 1215 1566 impiorum
1239 1531 1338 1558 fastum
1365 1532 1392 1557 in
1408 1530 1478 1557 sacri
1495 1531 1638 1565 patrocinii
1665 1530 1856 1557 centnmeliatn

1067 1578 1203 1605 exsultare
1219 1578 1394 1605 sustinuisti?
1408 1576 1459 1610 Qui
1477 1577 1536 1604 inec
1558 1584 1656 1611 passus
1676 1584 1706 1604 es
1728 1581 1808 1609 atque
1823 1575 1856 1602 ad

1067 1629 1218 1650 extremum
1232 1632 1320 1658 usque
1336 1623 1491 1658 pertulisti?
1508 1633 1517 1649 ›
1537 1624 1575 1650 lta
1599 1623 1715 1650 illustris
1737 1623 1793 1654 ille,
1809 1622 1858 1657 qui

1067 1673 1095 1696 et
1112 1669 1241 1704 mysticus
1253 1668 1476 1704 cognominatur,
1496 1667 1652 1702 patriarcha
1667 1667 1859 1694 Constantino.

1069 1715 1206 1750 politanus
1226 1723 1303 1742 suam
1327 1714 1398 1741 haud
1418 1714 1533 1741 obscure
1555 1713 1589 1740 de
1617 1719 1696 1748 capta
1713 1714 1859 1747 excisaque

1070 1761 1276 1792 Thessalonica.
1294 1769 1354 1787 cum
1371 1761 1405 1787 ad
1431 1769 1507 1788 suam
1530 1768 1616 1795 usque
1629 1765 1738 1787 etatem
1764 1759 1861 1786 cititas

1069 1808 1163 1834 isthan
1181 1808 1283 1842 potenti
1299 1808 1386 1834 sancti
1404 1807 1533 1834 Demetrii
1549 1806 1701 1841 patrocinio
1722 1811 1779 1832 tnta
1795 1805 1862 1832 fuis-

1069 1859 1119 1885 set,
1134 1844 1341 1881 admirationem
1356 1853 1456 1888 prodit,
1472 1861 1533 1885 nec,
1552 1853 1616 1887 quin
1630 1852 1785 1880 communis
1805 1851 1860 1882 ille.

1069 1907 1149 1934 quem
1162 1898 1288 1926 Nicotaus
1303 1899 1393 1926 verbis
1405 1899 1474 1925 datis
1490 1898 1629 1933 exprimit,
1644 1897 1785 1924 hominum
1801 1905 1861 1924 out-

1070 1946 1143 1972 iiium
1162 1953 1258 1972 sensus
1277 1951 1334 1972 tum
1350 1945 1445 1977 fuerit,
1462 1944 1641 1971 dubitandum
1659 1947 1778 1978 apparet.

1105 1991 1130 2018 3.
1148 1991 1182 2018 At
1200 1999 1263 2018 vero
1278 1999 1327 2018 cur
1345 1991 1509 2023 Demetrius,
1528 1991 1585 2025 qui,
1605 1995 1635 2016 ut
1648 1998 1730 2024 supra
1746 1991 1772 2016 in
1786 1989 1857 2016 duo-

1070 2038 1121 2065 bus
1140 2038 1276 2072 prioribus
1293 2039 1485 2065 miraculorum
1508 2038 1567 2073 ejus
1593 2038 1670 2065 libris
1696 2044 1738 2065 cst
1756 2037 1858 2067 videre,

1070 2091 1146 2111 suam
1158 2084 1222 2110 olim
1236 2084 1375 2111 civitatem
1390 2090 1483 2111 contra
1498 2083 1685 2110 ferocissimos
1698 2084 1790 2110 hostes
1804 2088 1858 2109 tam

1070 2137 1156 2163 stupe,
1177 2134 1269 2164 totque
1288 2130 1375 2156 modis
1394 2129 1557 2164 prodigiosis
1575 2129 1692 2156 diva-sis
1711 2130 1800 2156 fuerat
1816 2134 1860 2155 tu-

1070 2180 1151 2206 tatus,
1163 2183 1178 2202 a
1197 2175 1351 2207 Saracenis,
1365 2175 1467 2202 Christi
1485 2175 1622 2207 hostibus,
1634 2179 1691 2201 tum
1708 2175 1859 2210 expugnari

1069 2227 1150 2256 atque
1172 2223 1258 2249 everti
1284 2222 1388 2254 siverit,
1407 2222 1462 2248 alta
1482 2221 1539 2254 Dei,
1565 2221 1699 2254 aquibus
1725 2226 1753 2248 et
1780 2221 1859 2248 nobis

1071 2267 1235 2299 timendum,
1250 2272 1315 2296 sunt
1327 2268 1442 2303 judicia.
1465 2266 1582 2294 Sanctus
1597 2267 1706 2295 interim
1718 2287 1725 2300 ,
1740 2267 1786 2302 qui
1802 2272 1858 2294 tum

1069 2315 1103 2341 ob
1121 2315 1308 2349 cujuscunque
1322 2314 1428 2347 generis
1446 2313 1594 2345 miracula,
1621 2320 1719 2348 magno
1742 2321 1859 2339 numero

1071 2365 1186 2395 patrata.
1205 2365 1263 2387 tum
1281 2360 1400 2387 maxime
1415 2359 1451 2386 ob
1465 2358 1690 2386 Thessalonicam
1705 2358 1860 2393 prodigiose

1070 2413 1166 2434 contra
1191 2406 1283 2433 hostes
1303 2406 1363 2440 plus
1381 2406 1465 2432 semel
1489 2411 1625 2432 servatam
1650 2405 1859 2440 gloriosissitnis

1072 2453 1159 2487 magni
1180 2452 1307 2488 martyris
1324 2460 1355 2478 ac
1370 2451 1554 2485 thaumaturgi
1568 2471 1574 2482 ,
1594 2451 1709 2486 aliisque
1733 2451 1760 2477 iit
1777 2458 1858 2484 Supra

1071 2499 1133 2526 dum
1155 2498 1268 2526 Joannis
1284 2497 1555 2529 Thessalonicensis,
1579 2497 1784 2532 scriptorisqur,
1813 2497 1858 2530 qui

1071 2544 1200 2571 Joannem
1209 2544 1387 2573 continuavit.
1405 2542 1532 2578 anonytni
1550 2542 1740 2569 lucubratione
1748 2549 1858 2574 expres-

1071 2591 1109 2618 sis
1127 2589 1214 2617 titulis
1227 2589 1426 2616 condecoratus
1448 2589 1549 2624 passim
1572 2596 1589 2615 δ
1603 2588 1706 2615 Grmcis
1720 2589 1783 2614 olim
1802 2587 1858 2620 jam

1072 2637 1169 2666 fut-rm,
1187 2643 1264 2663 suam
1276 2635 1348 2662 illam
1361 2635 1498 2662 civitatem
1518 2635 1646 2666 natalem,
1657 2641 1719 2661 cunt
1735 2633 1770 2660 ab
1781 2633 1858 2659 illato

1072 2690 1119 2715 per
1133 2681 1287 2708 Saracenos
1300 2680 1408 2707 excidio
1421 2682 1595 2710 surrexisset,
1612 2679 1773 2713 clademque
1790 2685 1860 2712 pne-

1073 2729 1181 2754 tt-ritam
1210 2731 1382 2761 reparasset,
1402 2734 1452 2754 suo
1479 2727 1577 2752 iterum
1601 2726 1704 2753 auxilio
1729 2725 1862 2752 adversus

229 2770 290 2801 fuit,
306 2771 522 2807 fmdissimequc,
542 2773 639 2800 incolis
651 2773 733 2799 etiam
752 2780 849 2808 magno
864 2779 978 2799 numero
990 2773 1017 2800 in
1033 2775 1056 2804 Β
1074 2774 1199 2800 inimicos
1223 2773 1380 2807 prodigiose
1405 2772 1455 2798 fuit
1480 2776 1593 2803 tutatus,
1621 2771 1684 2798 licet
1709 2771 1819 2797 tandem
1845 2779 1859 2797 η

228 2818 413 2852 captivitatem
431 2820 567 2852 abductis,
583 2820 687 2854 direpta
706 2826 788 2853 atque
810 2820 912 2847 excisa.
929 2822 1017 2854 Atque

228 2865 280 2891 hoc
295 2863 422 2897 quidem,
438 2866 512 2899 quod
536 2867 568 2893 ad
597 2867 662 2894 illud
691 2875 778 2902 usque
798 2871 904 2900 tempus
929 2866 1014 2893 sancti

229 2909 370 2942 Demetrii,
384 2910 422 2937 uti
434 2911 560 2938 omnibus
578 2913 678 2947 passim
693 2917 748 2940 erat
767 2911 912 2944 creditum,
924 2917 1015 2945 ratro-

1073 2818 1171 2846 Turcis
1186 2819 1270 2851 illam,
1287 2826 1346 2853 qum
1361 2818 1412 2845 alta
1431 2818 1530 2845 iterum
1549 2817 1792 2850 inscrulaliiliaquc
1815 2816 1861 2844 lh-i

1073 2865 1258 2900 suutjudicia,
1276 2871 1347 2892 anno
1366 2864 1433 2891 Hi9
1452 2864 1612 2899 expugnari,
1630 2863 1762 2896 ﬁrmaque
1781 2863 1861 2889 dein-

1073 2919 1137 2946 ceps
1154 2911 1338 2946 possessione,
1353 2910 1386 2937 ad
1405 2911 1475 2937 hunc
1489 2909 1570 2937 etiam
1587 2917 1673 2945 usque
1683 2908 1752 2936 diem
1768 2915 1861 2943 persa-
