2038 3151
165 182 239 214 1161

689 187 719 216 S.
742 185 931 217 DEMETRII
955 186 1153 218 MARTYRIS
1174 188 1279 218 ACTA.

1727 183 1797 215 1592

160 245 291 272 versute,
316 240 401 267 teneri
416 239 732 274 permiserit.(1edrenus
743 242 769 268 in
785 242 962 269 historiarum
981 245 1000 270 Α
1017 250 1071 276 quo
1088 242 1196 276 Bulgari
1209 263 1216 275 ,
1236 246 1334 270 saneto
1350 242 1489 269 Demetrio
1505 239 1802 268 Thessaloruieensitnn

161 287 349 320 Compendio,
365 294 426 314 eum
449 288 482 314 de
512 287 594 314 rebus
615 288 665 315 sub
683 287 811 315 Michaele
829 288 861 314 IV
879 288 962 323 gestis

163 338 280 365 tractat,
297 334 437 368 sequentia
456 333 545 368 prodit
564 334 703 360 memoria:
719 343 726 362 :
743 343 751 358 ι
770 334 848 361 Anno
868 335 961 368 mundi

168 381 261 408 Sexies
273 380 419 406 millesimo
427 380 649 414 quingentesimo
659 380 868 414 quadragesimo
879 389 960 412 notto,

168 426 321 453 indictione
347 432 431 452 nona.
459 434 552 452 mense
569 426 731 460 Septembri,
750 427 898 454 Alusianus
915 435 962 461 pa-

165 472 270 500 tricius
291 477 317 498 et
338 472 570 506 Tlteodosiopolis
586 472 739 506 prarfectus,
756 472 894 499 secundus
909 472 963 498 Aa-

165 519 247 546 ronis
263 519 362 552 (fuerat
390 518 435 545 hic
457 517 593 545 Samuelis
621 519 799 553 Bulgarorum
826 521 961 554 quondam

167 566 243 600 regis
259 565 352 597 frater)
377 565 448 592 filius
465 565 555 592 Subito
570 574 602 592 ex
620 567 687 592 urbe
713 565 961 601 (Constantinopoli

167 612 283 645 nempe)
298 611 441 646 profugus,
457 612 489 638 ad
508 611 654 638 Deleanunt
673 612 741 645 (erat
759 613 782 639 is
795 621 809 639 a
828 613 961 646 llulgaris,

168 664 242 691 qttos
255 657 289 684 ad
314 658 495 684 detieiendum
513 665 527 684 a
541 657 642 685 Grascis
655 659 814 687 concitarat.
830 659 856 685 in
872 667 890 685 rt
902 667 960 694 gem

166 708 312 736 assumptu
323 703 339 738 -)
357 711 386 730 se
400 704 527 731 contulit.

187 748 233 774 ‘4.
253 758 262 774 ‹
281 748 348 775 Cum
366 749 439 775 enim
457 749 598 783 iniustitia:
611 753 757 778 accusatus
774 755 857 781 esset,
874 750 962 785 prius-

167 800 252 826 quant
268 793 301 819 de
315 801 396 820 causa
409 799 630 829 cognosceretur,
640 795 760 823 Joannes
776 796 962 830 (imperatoris

167 839 307 874 minister)
323 838 354 866 ab
369 847 400 866 eo
413 847 539 874 exegerat
550 841 610 867 auri
627 837 710 868 lih'ras
723 849 749 872 L,
767 841 961 876 ademeratque

169 885 196 911 ei
214 885 356 911 mulierem
377 885 610 920 elegantissimam
625 906 632 918 ,
653 895 733 921 quant
759 888 786 914 in
810 887 960 914 Charsiauo

171 929 306 963 habebat;
324 939 441 965 eumque
460 931 552 958 multis
571 932 642 966 apud
660 933 853 967 imperatorem
876 933 963 967 preci-

171 975 223 1002 bus
241 984 293 1003 nou
310 977 486 1008 obtinuisset,
503 982 531 1004 ut
547 979 588 1004 stti
607 978 753 1006 haberetur
769 979 850 1012 ratio,
866 980 962 1014 despe-

172 1022 240 1048 ratis
255 1023 312 1049 suis
329 1022 421 1056 rebus,
433 1025 562 1050 Armenio
577 1024 670 1051 habitu
687 1030 807 1059 su'npto,
819 1026 964 1052 simulans-

170 1074 236 1100 que,
261 1075 289 1093 se
307 1067 400 1094 Basilii
425 1068 598 1096 Theodoraui
624 1069 756 1097 famulum
782 1078 851 1103 esse,
881 1075 963 1104 atque

171 1111 397 1141 Thessalonicam
415 1115 449 1142 ad
466 1115 661 1150 imperatorem
679 1117 728 1148 ire,
747 1117 817 1144 elam
835 1117 963 1144 omnibus

173 1159 291 1194 aufugit,
307 1159 511 1195 Ostrobumque
527 1162 661 1196 pervenit,
679 1162 723 1189 ulti
740 1167 795 1190 tum
813 1171 873 1190 cum
889 1163 961 1190 omni

173 1207 295 1233 exercitu
308 1213 397 1234 castra
414 1207 547 1235 Deleanus
564 1209 689 1236 habebat.
701 1209 796 1245 Magna
813 1211 886 1237 hunc
900 1218 961 1237 cum

171 1251 267 1279 lmtitia
295 1254 399 1288 accepit
427 1253 573 1284 Delranus.
599 1260 734 1288 metuens,
757 1265 790 1284 ne
812 1257 845 1284 ad
873 1258 961 1292 ipsum

172 1306 190 1332 p
203 1299 266 1325 :tius
276 1299 438 1327 inclinarent
449 1300 568 1334 Bulgari,
581 1306 609 1327 ut
623 1302 697 1336 regio
714 1303 847 1335 sanguine
858 1308 961 1334 natum,

171 1348 342 1376 consortem,
372 1350 401 1372 ut
418 1353 473 1380 prae
496 1353 524 1373 se
544 1345 659 1378 ferebat,
677 1346 783 1381 imperii
807 1348 913 1379 ascivit,
930 1356 962 1375 ac

171 1397 235 1416 eum
251 1391 371 1418 exercitu
386 1392 563 1427 quadraginta
579 1393 693 1420 millium
706 1394 738 1420 ad
752 1391 960 1428 oppugnandam

172 1435 394 1464 Thessalonicam
406 1438 490 1468 misit.
502 1439 545 1466 ctti
559 1444 624 1466 tunc
639 1445 753 1474 prazerat
767 1441 962 1468 Constantinus

171 1482 314 1516 patricius,
330 1485 462 1517 patruelis
484 1485 669 1518 imperatoris.
686 1486 725 1513 Eo
743 1486 882 1520 profectus
899 1488 962 1514 Alu-

170 1527 267 1554 siauus
291 1529 385 1555 urbem
412 1529 483 1556 vallo
510 1530 594 1564 cingit
621 1539 651 1557 ac
678 1531 815 1558 machinis
846 1532 962 1560 adtttotis

1015 289 1113 322 prmire
1128 297 1160 315 ac
1175 296 1225 322 pro
1245 290 1313 315 urbe
1329 289 1471 315 decertare
1486 287 1575 322 palam
1589 290 1751 319 conspecto,
1768 286 1802 312 ab

1013 334 1156 361 obsidione
1176 334 1413 361 Thessalonicensi
1432 333 1501 368 pulsi
1525 337 1609 367 atqtte
1636 332 1662 358 in
1689 331 1778 362 fugam
1793 351 1801 362 ,

1014 388 1111 413 magna
1135 381 1205 406 edita
1231 387 1343 407 Stltll'llln
1366 387 1469 414 strage,
1491 378 1621 413 coniecti,
1640 386 1654 404 a
1677 377 1803 404 Cedreno

1015 430 1174 456 narrantur,
1190 425 1342 460 prodigium
1356 425 1412 458 jam
1428 429 1543 458 spectat,
1555 423 1689 454 Zonaras,
1707 423 1733 448 in
1748 424 1803 448 Au-

1016 471 1121 497 nalilats
1139 471 1172 497 de
1190 471 1321 497 Alusiauo
1336 471 1437 504 pariter
1453 470 1644 504 Bulgarieque,
1659 469 1718 502 qui,
1733 468 1805 494 dcte

1016 517 1144 547 Deleano,
1158 516 1314 544 Gnrcorum
1331 517 1425 551 iugum
1439 535 1447 547 ,
1465 523 1479 542 a
1499 515 1598 542 Basilio
1621 515 1712 543 tertio,
1737 513 1803 540 flui-

1015 562 1151 597 guroctum‘
1170 570 1319 596 cnguomeu
1333 566 1477 596 propterea
1500 561 1610 594 adepto,
1628 560 1684 594 jam
1701 560 1735 585 ah
1752 560 1800 584 ali.

1014 615 1069 639 quo
1083 613 1205 642 tempore
1221 607 1273 634 sibi
1289 607 1449 640 impositum
1462 626 1468 636 ,
1487 605 1539 632 sub
1560 613 1662 631 annum
1688 604 1801 631 circiter

1017 654 1083 681 1010
1096 661 1255 682 excussere.
1275 653 1301 679 in
1323 652 1456 679 Michaele
1470 656 1571 687 quarto
1585 659 1742 678 sermonem
1762 651 1803 677 in-

1014 700 1103 727 stituit
1119 708 1169 726 nec
1182 704 1272 725 tamen
1291 698 1423 733 prodigii,
1439 705 1494 732 qtto
1510 697 1658 724 Alusiaatts
1673 696 1708 723 ab
1726 697 1803 723 obsi-

1013 747 1094 774 dione
1109 746 1363 777 Tltessaloniecnsi,
1380 746 1487 773 civitati
1511 753 1567 772 sua:
1591 753 1670 779 opem
1700 743 1804 772 ferente

1014 797 1110 820 saneto
1129 793 1277 823 Demetrio,
1295 792 1424 819 recedere
1445 792 1527 818 fuerit
1541 791 1713 826 compulsus.
1729 799 1803 817 nti-n-

1013 840 1114 866 tionem
1132 839 1171 865 vel
1189 839 1271 865 verbo
1290 838 1364 865 facit.
1382 837 1483 864 Verum
1509 845 1570 864 eum
1591 838 1613 863 is
1628 837 1748 870 scriptor
1770 844 1804 864 ne

1014 885 1198 918 expeditionis
1213 885 1336 919 quidem,
1360 884 1393 911 ah
1411 885 1546 911 Alusiano
1571 889 1666 909 contra
1687 882 1805 908 Tbes~a-

1014 931 1132 957 loniram
1148 936 1295 964 susceptze,
1315 930 1485 962 meminerit,
1502 929 1662 963 factumque
1678 928 1802 963 proinde,

1014 985 1067 1012 quo
1083 977 1152 1003 felici
1170 977 1221 1003 ista
1240 984 1372 1004 successu
1385 976 1467 1003 fuerit
1482 975 1628 1004 frustrata,
1642 974 1802 1000 miraculum

1014 1030 1233 1050 com-nemorare
1250 1026 1406 1056 opportune
1426 1021 1497 1048 haud
1521 1020 1650 1055 potuerit,
1667 1027 1721 1046 non
1743 1024 1802 1050 est.

1014 1077 1064 1095 cur
1085 1068 1156 1095 illius
1177 1069 1211 1095 de
1237 1067 1288 1095 hoc
1304 1068 1444 1095 silentium
1466 1067 1565 1094 mirum
1584 1067 1729 1093 admodum
1746 1066 1804 1093 cui-

1017 1123 1099 1150 quam
1117 1116 1236 1142 accidat.
1256 1115 1291 1142 At
1310 1122 1373 1141 vero
1392 1115 1443 1141 erit
1469 1114 1606 1144 fortasais,
1624 1114 1672 1148 qui
1690 1113 1802 1144 saltent,

1014 1161 1084 1187 idem
1101 1161 1263 1188 miraeuhun
1283 1161 1392 1188 silentio
1404 1161 1484 1187 etiam
1503 1168 1517 1187 a
1528 1159 1634 1187 Joanne
1645 1160 1802 1191 Stauracin,

1015 1212 1042 1233 ut
1063 1208 1120 1233 fieri
1139 1208 1164 1234 itt
1184 1208 1263 1242 hujus
1282 1215 1365 1241 penes
1391 1215 1440 1234 nos
1462 1211 1589 1234 exstante
1613 1207 1803 1233 lur-ubratiene

1013 1254 1161 1288 comperio,
1180 1254 1324 1288 prrteriri,
1341 1253 1495 1280 mirandum
1514 1253 1598 1287 magis
1613 1252 1760 1279 existimet.
1773 1253 1801 1279 Id

1014 1307 1090 1330 sane,
1117 1307 1178 1326 cum
1208 1300 1252 1327 hic
1279 1301 1408 1342 ser-ipim,
1435 1300 1492 1333 qui,
1519 1299 1750 1332 quemadmodum
1775 1300 1802 1326 in

1014 1346 1218 1373 Commentario
1236 1346 1337 1380 pra-rio
1353 1354 1427 1371 num.
1446 1346 1480 1372 26
1497 1345 1589 1376 docui,
1607 1345 1706 1372 sa-clnlo
1720 1346 1804 1372 tertio

1014 1394 1120 1421 decimo
1138 1393 1240 1424 ﬂoruit,
1257 1398 1363 1427 patrata
1381 1402 1394 1418 a
1411 1397 1507 1421 saneto
1525 1393 1663 1419 Demetrio
1681 1394 1712 1419 ad
1734 1393 1800 1419 illud

1015 1447 1101 1472 usque
1121 1444 1228 1471 tempus
1246 1439 1376 1465 u‘iraeula
1397 1438 1500 1471 omnia,
1523 1444 1570 1465 aut
1588 1439 1683 1466 saltent
1702 1439 1799 1466 horum

1015 1487 1148 1520 prmcipua
1166 1487 1263 1513 litteris
1280 1486 1472 1513 commendare
1498 1487 1667 1521 propositum
1684 1486 1735 1513 sibi
1756 1487 1799 1512 ha-

1016 1532 1114 1563 buerit,
1134 1536 1262 1565 cal-teque
1278 1539 1307 1557 ea
1324 1532 1407 1563 inter,
1423 1533 1507 1566 th-ttl,
1525 1540 1606 1566 supra
1635 1541 1648 1558 e
1671 1531 1796 1558 Cr-dretto

170 1581 279 1601 summa
296 1575 428 1602 industria
444 1581 594 1610 oppugnat.
611 1577 664 1603 Sed
679 1585 739 1604 cum
765 1586 811 1612 per
835 1587 882 1605 st-x
903 1580 961 1607 dies
975 1585 995 1612 (ζ
1014 1578 1139 1604 relatum.
1159 1585 1230 1603 anno
1246 1585 1277 1603 ex
1294 1577 1375 1604 dictis
1394 1577 1459 1605 1011
1476 1578 1619 1610 acciderit,
1638 1579 1797 1604 miraCuiunt

170 1619 272 1646 frustra
292 1626 491 1655 oppugnasset.
507 1622 625 1656 undique
642 1624 784 1657 repulsus,
802 1631 848 1658 spe,
873 1633 959 1658 upu—

169 1666 285 1700 gttanzlze
303 1667 418 1700 abjecta,
436 1668 580 1695 obsidione
593 1677 651 1695 eam
667 1677 765 1704 capere
781 1671 885 1698 statuit.

207 1713 232 1738 5.
249 1722 258 1737 ε
275 1712 407 1746 Oppidani
424 1714 540 1748 quadam
554 1714 599 1741 die
611 1715 643 1741 ad
661 1715 816 1749 sepulcrum
832 1716 958 1751 martyris

171 1757 301 1784 Demetrii
327 1766 519 1792 accesserunt,
539 1761 793 1796 supplicationeque
812 1771 858 1795 per
875 1768 957 1789 to‘azu

170 1808 279 1830 noctem
296 1809 380 1832 tracta
395 1805 491 1840 usique
504 1812 652 1839 unguento,
667 1808 779 1842 quodex
789 1815 820 1835 eo
832 1810 957 1844 sepulcro

170 1850 296 1882 scaturit,
312 1858 366 1877 ttno
383 1851 485 1885 impetu
503 1852 605 1886 apertis
621 1854 705 1887 portis
730 1854 756 1880 in
777 1854 909 1886 Bulgaros
927 1863 957 1882 se

171 1897 339 1928 emiserunt,
355 1897 484 1924 habentes
501 1906 593 1924 serunt
616 1899 750 1934 legionem
769 1900 958 1934 Magnanimo-

173 1949 242 1972 runt,
257 1943 415 1977 hostemque
427 1944 572 1978 improvisa
589 1945 768 1980 impressione
782 1948 955 1980 perterritum

172 1988 198 2014 in
228 1988 319 2022 fugam
347 1991 544 2024 coniecerunt,
563 1993 672 2018 nemine
690 1993 841 2019 subsistet'e
863 1998 909 2020 aut
930 2002 960 2020 se

172 2033 318 2061 defendere
338 2042 413 2062 auso.
434 2036 532 2063 Ductor
553 2037 681 2064 Romana:
698 2038 766 2065 aciei
788 2039 838 2065 fuit
857 2045 958 2073 martyr

172 2080 278 2114 iterque
300 2081 500 2115 complanavit;
528 2084 599 2117 quod
625 2084 734 2118 Bulgari
757 2086 857 2119 captivi
878 2087 956 2120 jura-

173 2131 265 2151 mento
284 2126 491 2160 confirmarunt,
508 2129 643 2161 dicentes.
663 2130 766 2158 vidisse
784 2139 813 2158 se
826 2133 954 2166 juvenem

173 2170 301 2204 equitem,
319 2172 366 2204 qui
386 2173 513 2200 Romana:
541 2175 666 2210 phalangi
693 2178 818 2211 przeiret;
842 2186 873 2205 ex
905 2187 959 2213 quo

174 2217 244 2251 ignis
260 2218 389 2245 exsilicns
405 2219 536 2247 adversos
557 2227 693 2249 creutaret
712 2222 815 2250 hostes.
829 2224 959 2252 Cecidere

1012 1623 1081 1649 haud
1100 1623 1221 1649 intimum
1237 1622 1326 1648 locum
1343 1623 1476 1654 obtineat,
1494 1623 1559 1649 mihi
1576 1623 1696 1656 ipsimet.
1710 1628 1737 1650 ut
1752 1631 1801 1648 ve-

1009 1677 1069 1696 ruttt
1084 1668 1179 1699 fatear,
1193 1668 1292 1694 mirum
1311 1667 1459 1695 admodum
1471 1669 1594 1696 obvenit.
1606 1668 1719 1701 Verum,
1733 1669 1799 1702 quid

1009 1716 1031 1741 si
1050 1715 1156 1749 quid-nu
1169 1736 1176 1746 ,
1196 1714 1230 1741 de
1256 1723 1311 1748 quo
1329 1715 1373 1741 hic
1393 1715 1567 1746 disserimus,
1596 1716 1759 1742 miraculum
1781 1723 1795 1742 a

1010 1761 1114 1788 Joanne
1137 1761 1281 1789 Stauracio
1305 1762 1404 1789 litteris
1423 1762 1505 1789 fuerit
1530 1762 1751 1788 conum-ndatunt
1774 1766 1800 1788 et

1012 1811 1100 1832 tamen
1117 1806 1143 1834 in
1160 1807 1258 1835 Leonis
1276 1808 1365 1834 Allatii
1382 1815 1446 1838 ηις..
1462 1807 1535 1841 quod
1563 1807 1708 1834 ttobiscttm
1724 1816 1800 1833 emu-

1013 1853 1179 1879 municatmtt
1200 1854 1226 1879 in
1241 1854 1335 1880 codice
1353 1857 1450 1880 ttostro
1465 1852 1540 1888 frus.
1564 1853 1615 1880 195
1637 1857 1738 1885 exstat,
1765 1854 1799 1880 ab

1012 1900 1228 1927 amanuensibus
1240 1900 1275 1926 sit
1292 1901 1425 1926 omissum
1439 1900 1450 1926 ?

1047 1945 1072 1971 7.
1090 1945 1160 1977 Quid
1189 1946 1210 1971 si
1235 1946 1316 1971 etiam
1345 1945 1504 1973 Stauracius
1524 1953 1555 1973 ea
1574 1946 1721 1974 duntamt.
1738 1954 1799 1980 qua:

1011 1991 1122 2024 Scriptis
1135 1991 1260 2017 ntandata
1275 1991 1388 2022 invenit,
1399 1991 1531 2018 miracula
1543 1992 1568 2017 in
1580 1991 1798 2018 lucubrationcm

1012 2045 1088 2064 suam
1114 2037 1255 2064 inferenda
1273 2038 1400 2068 duxerit,
1418 2037 1581 2072 nullumque
1598 2037 1666 2064 ἴοι-ιε
1690 2037 1800 2066 fortuna

1012 2084 1155 2117 Scriptum,
1168 2083 1239 2116 quod
1257 2083 1374 2110 relatum
1387 2091 1400 2109 a
1412 2083 1536 2110 Ce.lreno
1550 2084 1712 2111 miraculum
1725 2093 1802 2111 cotu-

1013 2129 1185 2163 plerteretur,
1211 2130 1243 2156 ad
1270 2137 1380 2155 manum
1404 2129 1551 2157 habuerit?
1576 2131 1643 2158 Utut
1660 2131 1712 2162 sit,
1727 2131 1802 2158 dicto

1011 2175 1136 2208 equidem
1155 2175 1289 2210 prodigio,
1304 2176 1377 2209 quod
1394 2181 1420 2202 et
1435 2184 1448 2202 a
1463 2175 1570 2204 Joanne.
1581 2177 1745 2211 Curopatate
1760 2185 1804 2203 rc-

1012 2220 1107 2251 fertur,
1126 2226 1263 2256 utcunque
1279 2222 1444 2256 sum-agatur
1467 2229 1647 2250 ntett‘toratum
1673 2224 1699 2250 in
1717 2224 1801 2250 Com-

173 2263 288 2298 amplius
312 2264 343 2291 l5
369 2265 487 2293 millibus
513 2266 691 2302 Bulgarorum
706 2290 714 2302 ,
733 2271 862 2305 captique
885 2273 956 2299 haud
976 2270 998 2298 ο
1013 2268 1145 2294 mentario
1161 2269 1260 2302 praevio
1278 2276 1354 2295 Itum.
1373 2269 1423 2295 158
1443 2273 1469 2295 et
1489 2268 1560 2294 binis
1583 2277 1660 2304 seqq.
1677 2269 1748 2295 Petri
1776 2275 1803 2296 et

172 2311 333 2344 ptueiores;
358 2311 454 2346 reliqui
482 2314 641 2347 tttrpissima
669 2315 731 2349 fuga
759 2317 790 2343 ad
815 2317 960 2344 De'eauum

170 2359 327 2382 evaserunt.
349 2365 358 2381 ι
380 2357 469 2384 Prima
503 2358 558 2385 hate
581 2364 622 2387 est
649 2360 746 2387 bellira
769 2363 918 2395 expeditio.
935 2363 961 2389 in

170 2407 223 2432 qua
241 2400 337 2426 iterum
361 2405 422 2434 pust
447 2409 585 2441 acceptam
602 2413 672 2431 anno
698 2405 750 2433 904
775 2407 808 2433 ab
830 2408 962 2441 Agarenis

169 2445 274 2472 cladem
302 2446 419 2473 mirabili
446 2448 525 2481 plane
552 2439 632 2476 modo
658 2458 673 2476 a
699 2456 794 2478 saneto
824 2451 962 2480 Demetrio

169 2491 371 2518 Thessalonica:
385 2491 470 2520 fuisse
487 2502 648 2521 succursura
672 2502 811 2524 narratur.
832 2498 920 2532 Atque
937 2499 960 2526 is

169 2537 278 2570 quidem
294 2543 420 2571 eventus,
437 2547 498 2566 ettnt
511 2547 584 2567 anno
600 2543 691 2568 tuumli
711 2551 801 2571 sextos
819 2544 961 2571 millesimo

169 2582 388 2617 quingentesimo
407 2586 619 2621 quadragesimo
638 2595 720 2619 nono,
737 2589 774 2615 uti
797 2588 876 2621 ciam
894 2590 962 2616 reri-

169 2627 232 2654 tatis
255 2628 371 2656 Cedreui
395 2629 486 2657 verbis
504 2631 676 2665 intelligitur,
702 2633 791 2659 locum
818 2634 959 2668 habuerit,

170 2681 242 2701 anno
259 2674 360 2702 Christi
388 2676 454 2704 1041
481 2679 560 2704 debet
586 2678 698 2711 innecti,
718 2681 758 2706 uti
775 2688 808 2706 ex
824 2687 959 2707 auuorunt

171 2718 251 2750 5508,
284 2728 401 2754 quorum
434 2723 528 2749 ultimo
558 2723 664 2750 labente
691 2723 833 2751 Christum
865 2733 959 2753 natum

171 2765 257 2792 Graeci
276 2771 407 2799 statuunt,
427 2768 497 2796 fat-ta
515 2769 550 2797 ab
565 2770 645 2796 annis
660 2770 742 2801 6549,
757 2779 873 2805 quorum
893 2773 959 2798 ulti-

171 2818 215 2838 mo
232 2820 262 2838 ex
279 2813 358 2841 dictis
372 2820 521 2842 memorata
537 2824 550 2842 a
565 2816 690 2843 Cedreno
707 2817 883 2852 Boi/mororum
903 2818 958 2844 ela-

169 2857 216 2882 (ινδ
229 2858 331 2890 evenit.
347 2860 527 2888 subduetionc
546 2862 721 2889 manifestum
741 2863 841 2890 evadit.

206 2904 230 2930 ti.
251 2903 329 2936 Quod
342 2909 431 2934 autem
449 2908 482 2935 ad
499 2916 554 2935 rem
569 2908 654 2943 ipsaut
669 2917 716 2937 seu
734 2909 825 2944 potius
839 2910 956 2946 insigne,

1016 2313 1114 2340 Asauis
1138 2313 1266 2346 fratrum,
1289 2314 1443 2348 principum
1468 2314 1662 2349 Bulgarorum,
1686 2315 1801 2342 factum.

1017 2358 1048 2385 lli
1075 2359 1160 2391 enim,
1175 2367 1229 2393 quo
1251 2361 1417 2388 contribules
1433 2368 1508 2392 suos,
1524 2361 1571 2395 qui
1595 2366 1656 2395 post
1679 2361 1803 2395 proxime

1015 2413 1030 2431 c
1053 2404 1176 2432 Cedreuo
1201 2406 1314 2432 relatam
1345 2405 1616 2434 ThesSanuiceusem
1644 2407 1708 2434 anui
1733 2407 1798 2434 1011

1015 2450 1121 2478 cladem
1142 2459 1156 2478 a
1179 2451 1311 2479 llliehacle
1327 2457 1424 2486 qttarto
1441 2454 1550 2487 penitus
1566 2454 1671 2480 subacti
1690 2454 1802 2480 Grame-

1016 2507 1075 2525 rum
1101 2499 1216 2533 imperio
1232 2507 1319 2534 usque
1341 2499 1373 2527 ad
1400 2499 1496 2527 lsaarii
1515 2499 1623 2534 Angeli,
1643 2508 1713 2527 anno
1730 2500 1800 2527 “85

1016 2546 1120 2580 imperii
1145 2546 1258 2573 habenis
1281 2548 1399 2581 primunt
1428 2547 1542 2579 admoti,
1566 2551 1675 2581 tempus
1688 2548 1802 2581 pacifice

1015 2598 1173 2618 manserant
1189 2593 1300 2624 annexi,
1315 2593 1347 2619 ad
1366 2593 1548 2620 deiectionem
1565 2593 1663 2619 iterum
1678 2594 1802 2620 concita-

1015 2642 1086 2668 rent,
1107 2643 1232 2664 sauctum
1249 2637 1435 2670 Demetrium,
1449 2639 1645 2666 Thessalonica
1662 2647 1678 2666 a
1691 2639 1801 2666 Graeco-

1015 2685 1224 2718 rumquetutela
1241 2685 1348 2718 relicta,
1360 2686 1386 2712 in
1400 2686 1566 2719 Bulgariam,
1581 2686 1623 2712 cui
1636 2694 1714 2719 opem
1729 2691 1803 2713 esset

1015 2728 1137 2760 laturus,
1152 2731 1334 2761 conceSsisse,
1351 2731 1468 2758 subdole
1489 2731 1601 2762 tinxere,
1621 2730 1697 2758 falsis
1719 2732 1800 2758 etiam

1015 2773 1145 2808 prodigiis
1159 2776 1222 2802 huic
1235 2784 1285 2803 suo
1302 2782 1457 2804 commento
1481 2777 1560 2803 fidem
1585 2777 1733 2804 conciliare
1752 2784 1800 2804 co-

1016 2821 1089 2852 nati;
1109 2821 1134 2847 id
1158 2826 1248 2848 autent
1267 2823 1322 2849 (llIO
1348 2823 1451 2857 praefati
1469 2824 1608 2858 principes
1625 2824 1742 2850 maxime
1761 2824 1801 2851 fe-

1015 2866 1085 2892 cisse
1103 2867 1240 2904 videntur,
1259 2869 1299 2894 vel
1317 2870 1400 2903 quod,
1425 2877 1486 2896 eum
1511 2870 1596 2897 cladis
1617 2878 1699 2904 prope
1714 2870 1801 2896 Thesa

1015 2911 1162 2939 salenicam
1184 2914 1330 2948 majoribus
1348 2914 1406 2941 suis
1421 2921 1492 2940 anno
1509 2915 1572 2942 10M
1592 2924 1606 2942 a
1633 2920 1725 2944 sancto
1748 2914 1799 2941 De-
