2038 3151
260 171 332 204 “03

895 170 1224 201 SUPPIEMENTUM.

1822 166 1894 199 HM

260 229 359 258 meti-io
372 228 463 260 illane.
481 235 618 256 memores
632 227 720 254 adhuc
733 231 838 259 essent.
855 228 997 258 timerent,
1014 235 1048 254 ne
1063 229 1085 258 Α
1103 228 1171 259 linit,
1197 227 1250 257 vel.
1276 232 1305 255 ut
1327 226 1374 254 alii
1400 227 1563 255 asserebant
1575 249 1582 260 ,
1610 227 1650 255 ira
1678 224 1805 253 Numinis
1826 222 1902 252 tristi

259 275 431 304 contribules
453 274 495 301 sui
507 293 514 306 .
548 281 628 308 quos.
646 279 675 300 ut
688 273 846 301 Grateorum
861 274 955 308 jugum
971 281 1055 301 excu-

260 325 367 352 ter-nt,
382 320 523 354 impellere
538 320 710 352 nitebantur,
731 327 788 353 pra:
807 319 908 346 similis
925 319 1022 351 cladis.
1041 326 1056 345 a

262 371 360 393 sancto
377 365 513 392 Demetrio
528 365 581 393 sibi
600 364 760 396 inferendae.
781 365 880 391 timore
895 371 910 391 a
924 363 1057 391 defectio-

241 413 306 443 .uis
323 411 440 438 consilio
455 411 569 437 omnino
596 411 788 442 abhorrerent,
809 410 851 437 vel
879 410 960 437 etiam
985 409 1057 444 quod

266 459 361 489 hosce,
388 463 417 484 ιιι
441 457 596 492 promptius
623 464 699 483 arma
722 457 893 491 arriperent.
913 455 1024 491 superni
1043 463 1058 482 a

264 509 359 531 sancto
372 504 508 532 Demetrio
522 507 598 531 certo
613 503 744 535 adfuturi.
763 511 817 537 quo
834 503 1057 536 potentissimum

266 550 400 584 majorum
428 558 540 578 suorum
564 550 717 577 exercitum
750 549 921 584 profligatum
954 549 1058 581 fuisse.

266 600 377 625 norant.
393 596 494 622 auxilio
510 595 581 623 facta
596 604 644 630 spe
660 596 768 623 facilius
783 595 962 623 adducendus
980 599 1061 629 puta-

267 647 339 669 rent.
356 640 408 668 Sed
424 642 460 668 ita
476 641 559 668 modo
577 649 591 668 a
607 641 733 668 Cedreno
750 641 878 673 relatum.
895 648 951 676 quo
968 640 1057 668 Thes-

267 688 397 715 salonicm
412 687 495 714 fuerit
505 694 679 718 succursum,
690 686 783 715 Sancti
797 687 884 714 nostri
895 687 1059 714 miraculum

270 738 411 768 utcunque
424 733 592 761 discussisse
614 733 748 766 suﬂiciat;
765 733 799 760 ad
813 732 888 761 aliud
904 739 1059 760 sermonem

268 785 475 806 comertamus.

309 826 335 852 8.
351 825 419 852 Cum
444 825 541 852 Petrus
559 829 586 853 et
607 826 679 853 Asan
703 825 802 852 fratres
818 825 943 860 proxime
960 830 1062 852 memo«

271 872 333 902 rati.
350 872 450 906 quibus
474 872 644 906 potissimum
666 872 883 906 impellentibus,
904 871 1060 898 Graecorum

267 903 376 951 jugulo,
401 922 430 944 ut
455 903 508 951 iam
524 918 638 951 dictum,
656 903 763 952 Bulgari
788 921 849 952 post.
865 925 965 944 annum
992 915 1062 943 “85
1079 903 1098 930 Β

271 967 461 995 excusserant,
476 964 502 990 in
519 963 644 998 Bulgaria
665 964 755 998 patria
779 971 839 996 sua,
855 971 937 997 quam
955 962 1062 989 conati-

276 1009 327 1035 bus
342 1009 400 1036 suis
423 1009 496 1036 felici
514 1010 696 1044 respondente
712 1016 854 1040 successu,
866 1009 893 1035 in
907 1009 1062 1035 libertatem

269 1054 351 1082 etiam
368 1054 716 1089 asseruerant.aliquandzu
732 1055 787 1088 jam
803 1055 946 1087 doiuinati.
965 1061 979 1080 e
995 1054 1062 1081 rivis

272 1105 366 1128 essent
383 1101 495 1132 sublati.
515 1101 651 1128 successit
673 1102 698 1128 in
718 1101 851 1135 Bulgaria:
875 1108 991 1135 regnum
1019 1107 1064 1126 eo-

272 1153 332 1172 rum
353 1145 437 1172 fratcr
451 1145 581 1178 Joannes.
599 1146 645 1180 qui
662 1146 696 1172 ab
712 1146 772 1173 aliis
788 1145 1000 1176 Caio-Joannes.
1016 1153 1062 1172 seu

272 1191 441 1222 Joannitza.
462 1197 509 1219 aut
533 1193 614 1220 etiam
635 1192 792 1220 Joanuitius
820 1192 986 1219 nominatur.
1012 1191 1063 1220 llic

273 1247 366 1271 porro.
379 1239 473 1266 multis
489 1239 574 1274 gestis
591 1239 682 1272 bellis,
693 1247 764 1266 anno
780 1239 887 1266 tandem
901 1239 968 1266 1207
980 1238 1065 1266 Thes-

272 1285 422 1311 salonivam
448 1285 549 1319 ingenti
567 1285 688 1312 exercitu
714 1285 840 1317 obsedit;
859 1292 953 1312 verum
970 1285 1022 1311 hac
1038 1285 1064 1311 in

273 1331 446 1364 expeditione
461 1330 569 1362 bellica.
587 1337 641 1357 non
660 1338 740 1358 secus
768 1338 799 1357 ac
815 1331 964 1358 Alusianus
981 1338 1064 1365 supra

273 1380 461 1407 memoratus.
486 1375 595 1402 fortuna
622 1375 806 1410 improspera.
832 1376 1066 1410 quemadmodum

274 1421 409 1455 Georgius
425 1421 594 1455 Acropolita,
613 1422 706 1448 saeculi
726 1421 797 1448 tertii
819 1422 917 1448 decimi
936 1423 1064 1455 scriptor,

276 1468 353 1493 Iidem
366 1467 440 1500 facit.
451 1473 492 1494 cst
508 1475 585 1499 usus,
597 1468 647 1494 sibi
661 1467 742 1494 etiam
756 1471 882 1494 sanctum
894 1467 1060 1494 Demetrium

274 1513 416 1541 inimicum
433 1519 572 1547 expertus.
584 1514 621 1540 ita
637 1519 770 1548 quantum
783 1513 816 1541 ad
831 1515 882 1540 hoc
897 1518 1065 1549 postremum

273 1566 301 1587 et
314 1561 384 1593 apud
401 1568 451 1586 nos
464 1561 490 1587 in
503 1561 606 1587 codicis
621 1560 858 1596 nostrifms.l93
871 1561 989 1595 prolixa.
1005 1567 1066 1595 quat

273 1614 306 1634 ex
333 1605 432 1633 Leonis
449 1606 543 1633 Allatii
563 1614 615 1634 ms.
636 1606 798 1641 deprompta
819 1611 946 1638 notatur.
971 1613 1068 1633 narra-

274 1653 359 1684 tione,
370 1652 476 1686 ctapud
490 1652 578 1687 ipsum
590 1652 718 1679 Allatium
731 1652 757 1679 in
768 1652 941 1679 concinnatis
952 1652 986 1678 ab
995 1652 1066 1679 eoin

275 1699 440 1733 Acropolitm
456 1698 597 1725 historiam
611 1698 852 1730 Adnotationibus.
868 1698 949 1725 tertio
962 1697 1068 1724 decimo

276 1745 356 1779 hujus
368 1752 429 1779 cap.
446 1745 590 1776 subnexis,
603 1744 722 1772 Joannes
735 1744 896 1772 Stauracius
909 1752 993 1779 supra
1008 1744 1068 1778 plus

276 1790 360 1817 semel
379 1790 518 1817 laudatus.
535 1790 686 1824 Scriptoris
702 1791 795 1825 hujus,
813 1799 874 1823 qua:
889 1791 941 1817 huc
959 1790 1068 1824 potissi-

278 1843 352 1862 mum
375 1835 492 1868 faciunt,
514 1836 595 1862 verba
611 1836 728 1870 aliquot,
750 1841 831 1871 prout
849 1844 864 1863 a
880 1837 983 1871 Caugio
1007 1837 1067 1864 loco

279 1889 341 1909 mox
357 1882 405 1909 cit.
420 1882 530 1917 vulgata
548 1886 668 1915 exstant,
682 1883 814 1915 recitabo,
829 1890 889 1909 cum
904 1883 992 1916 prius,
1009 1891 1068 1918 quae

278 1928 331 1955 huc
353 1927 457 1961 pariter
473 1932 614 1961 spectant.
631 1928 764 1955 nonnulla
777 1926 887 1962 Georgii
902 1927 1067 1962 Acropolitte

278 1975 363 2002 verba
381 1974 407 2001 in
423 1974 541 2002 medium
555 1975 706 2002 adduxero.
723 1974 770 2002 llic
788 1975 879 2010 itaque
895 1976 1014 2010 scriptor
1037 1976 1066 2003 in

276 2021 408 2054 Historia,
426 2021 498 2056 typis
516 2021 720 2049 Parisiensibus
742 2029 814 2049 anno
833 2023 897 2050 ιῡὸι
917 2022 1001 2054 edita.
1019 2031 1065 2050 se-

275 2068 387 2102 quentia
405 2067 501 2094 istlnec
517 2068 597 2094 verba
610 2088 618 2100 .
634 2075 695 2101 quae
711 2067 769 2096 fere
789 2070 881 2096 omnia
898 2074 991 2104 postea
1007 2070 1063 2097 ite-

276 2121 337 2140 rum
352 2114 378 2140 in
387 2114 523 2140 Chronico
535 2114 741 2148 compendiario
752 2113 952 2142 Parisiensihus
967 2116 1068 2151 pariter

277 2161 348 2195 typis
367 2161 462 2186 eodem
479 2168 551 2187 anno
567 2161 678 2194 vulgato
692 2168 752 2195 pag.
770 2161 822 2188 115
836 2162 944 2195 repetit,
963 2169 1024 2196 cap.
1036 2162 1069 2188 13

275 2211 310 2234 de
327 2214 409 2240 supra
429 2211 581 2233 memorato
600 2206 704 2233 Joanne
720 2214 768 2234 seu
779 2206 918 2234 Joannitio
929 2211 976 2234 aut
986 2209 1066 2235 etiam

275 2253 431 2284 Joannitza.
450 2253 631 2287 Bnlgarorum
650 2260 723 2288 rege.
742 2254 902 2288 suppeditat
919 2263 926 2282 :
942 2264 952 2281 ι
975 2255 994 2282 Ε
1008 2255 1070 2282 fun-
1086 2263 1108 2290 ο

275 2298 412 2326 datttentis
423 2298 536 2325 sustulit
547 2298 768 2333 Philippopolim.
781 2300 939 2334 praeclaram
953 2300 1067 2328 nimium

276 2350 358 2379 atque
377 2344 515 2378 egregiam
538 2344 646 2376 urbem,
664 2352 725 2379 qua:
740 2344 830 2372 llebro
850 2346 978 2380 adjacet,
1001 2347 1069 2374 alias

276 2391 407 2425 deinceps
431 2390 588 2423 universas,
610 2389 783 2418 Heracleiam
797 2411 805 2422 .
820 2391 935 2418 Panium
949 2413 956 2424 .
973 2392 1069 2419 ﬂatile-

276 2444 362 2469 stum.
384 2436 585 2471 Chariupolim.
607 2436 825 2472 Trajanupoiim,
848 2438 1070 2471 Macrem,Clau-

275 2483 428 2518 diupolim.
456 2482 678 2519 Mosyuupolim,
707 2483 918 2516 Peritheoriou.
946 2485 1070 2519 aliasque

275 2539 356 2563 quatit
371 2530 514 2565 plurimas.
527 2538 596 2565 quas
607 2538 771 2558 enumerare
786 2539 876 2566 operae
890 2534 1005 2566 pretium
1017 2539 1070 2558 non

275 2581 325 2602 r~l.

314 2624 341 2650 9.
361 2632 371 2650 ι
393 2622 595 2650 Multitudinem
613 2623 724 2658 abigens
740 2623 812 2650 circa
832 2623 892 2650 lstri
906 2623 1005 2650 ﬂuenta
1014 2623 1071 2650 col-

276 2669 362 2700 locat.
383 2675 411 2697 et
426 2669 528 2703 exjam
541 2669 658 2704 direptis
680 2669 799 2704 oppidis.
824 2669 938 2696 urbibus
960 2670 1071 2697 nomina

277 2715 399 2750 propriis
415 2715 535 2742 coloniis
560 2715 687 2750 imponit,
703 2715 816 2748 damna,
836 2719 864 2742 ut
882 2715 941 2750 ipse
963 2715 1073 2741 dictita-

279 2761 336 2792 bat.
361 2768 558 2796 compensans,
576 2761 678 2796 quibus
698 2762 848 2796 imperator
873 2761 990 2788 Basilius
1007 2760 1072 2787 Bul-

280 2815 360 2841 garos
375 2808 510 2836 alllixerat
521 2817 528 2839 ;
540 2817 661 2844 eumque
677 2809 814 2837 fatebatur
829 2810 882 2836 dici
899 2809 1074 2843 llulgaroclo-

280 2860 358 2884 num,
376 2860 407 2880 se
429 2861 494 2881 vero
511 2854 733 2882 [tonueoctonum
751 2855 928 2888 indigitabat:
945 2855 966 2881 is
987 2862 1073 2889 usque

279 2898 506 2927 'l'ltcssnloniram
539 2901 701 2933 perueniens
732 2901 836 2928 latendi
869 2902 964 2929 morbo
992 2902 1072 2928 vitam

1109 278 1198 300 morte
1224 273 1353 300 multatus
1369 277 1421 300 est.
1447 273 1599 301 Somniavit
1623 272 1696 300 enim
1721 271 1771 299 abs
1792 276 1904 299 armato

1109 319 1161 347 sibi
1177 324 1284 346 astante
1301 318 1378 346 hasta
1395 319 1468 346 latus
1488 318 1617 350 confodi;
1642 326 1722 346 nemo
1738 318 1812 345 enim
1827 337 1835 349 .
1852 324 1906 344 nec

1110 364 1239 396 utentior,
1253 372 1269 391 e
1284 365 1414 391 memoria
1431 364 1573 391 hominum
1589 367 1630 391 tot
1644 370 1677 391 ac
1694 362 1746 390 iste
1759 362 1907 389 calamita-

1109 411 1183 437 tibus
1209 409 1350 438 Romauos
1366 410 1473 442 amisit,
1489 410 1557 437 adeo
1572 414 1600 436 ut
1616 417 1631 436 a
1654 417 1721 436 cane
1742 416 1842 435 nomen
1864 408 1909 435 illi

1111 456 1267 490 impositum
1288 456 1335 488 sit,
1347 462 1373 482 et
1390 455 1606 491 Scylo-Joannes
1624 455 1658 481 ab
1673 454 1801 481 omnibus
1825 461 1908 480 com-

1110 501 1268 536 pellaretur.
1287 510 1296 527 ι
1317 501 1354 528 lta
1373 502 1504 529 hactenus
1530 501 1702 535 Acropolita.
1718 500 1818 527 Joanni
1836 499 1903 526 Bul—

1111 555 1238 582 garorum
1250 547 1318 583 regi,
1335 555 1396 575 cum
1408 547 1632 574 Thessalonicam
1654 546 1807 577 obsideret,
1821 546 1906 572 modo

1112 593 1182 620 haud
1206 593 1326 620 naturali
1341 598 1457 621 mortem
1473 593 1630 625 obvenisse.
1648 592 1708 624 sed.
1732 591 1853 619 Numine
1871 591 1907 619 ob

1112 640 1215 668 scelera
1241 639 1276 667 ab
1287 647 1320 667 eo
1335 644 1440 674 patrata
1471 640 1553 672 irato,
1571 646 1688 674 superna
1702 638 1805 665 virtute
1820 637 1908 664 fuisse

1113 687 1254 715 inmotam.
1277 686 1435 721 opinionem
1462 685 1658 713 nonnullorum
1683 684 1837 716 exstitisse,
1864 688 1908 710 sat

1113 738 1205 768 aperte
1221 733 1265 760 hic
1286 733 1408 766 docens;
1432 732 1507 759 illam
1531 735 1623 759 autem
1647 738 1795 765 supernam
1822 730 1909 756 virtu-

1114 784 1178 810 tem,
1198 787 1251 813 qua
1278 778 1459 813 Bulgarorum
1477 786 1523 806 rex
1540 777 1661 805 Joannes
1682 776 1907 805 Thessalonicam

1115 825 1243 852 obsidens
1273 825 1402 852 miserum
1419 824 1445 851 in
1461 823 1572 851 modum
1589 823 1758 854 iuterierit,e
1771 829 1908 857 querunt-

1114 869 1176 897 dam
1195 870 1324 904 opinione
1341 877 1356 896 a
1375 873 1471 896 sancto
1493 868 1632 895 Demetrio
1652 868 1815 902 profectam.
1828 865 1909 893 Joan-

1114 924 1163 944 nes
1181 915 1342 942 Stauracius
1366 914 1438 950 apud
1457 915 1574 942 Leonem
1592 914 1720 941 Allatium
1744 913 1808 941 loco
1822 920 1907 948 supra

1115 963 1162 989 rit.
1182 962 1271 990 verbis
1289 961 1390 988 Graecis
1411 961 1551 989 memorize
1574 960 1676 995 prodit.
1704 960 1743 987 Ea
1767 960 1848 991 adeo.
1877 965 1908 986 ut

1115 1007 1194 1034 fidem
1221 1006 1312 1034 datam
1329 1006 1460 1035 liberem.
1480 1005 1532 1032 huc
1550 1004 1630 1031 modo
1647 1012 1701 1032 una
1721 1013 1782 1032 eum
1799 1005 1907 1040 adjecta

1115 1052 1148 1079 ad
1169 1052 1270 1078 calcem
1289 1051 1414 1078 versione
1439 1050 1534 1077 Latina
1554 1049 1719 1077 transcribo.

1151 1097 1193 1124 10.
1211 1097 1256 1124 Sic
1272 1098 1363 1131 itaque
1379 1097 1480 1124 habent
1496 1104 1503 1122 :
1521 1096 1589 1122 Τότε
1614 1096 1659 1129 δὴ,
1677 1096 1739 1121 τότε
1764 1095 1836 1130 ἀωρὶ
1855 1095 1910 1121 τῶν

1115 1143 1220 1170 νυκτῶν
1236 1144 1275 1174 εἰς
1292 1142 1369 1174 τέλος
1382 1142 1450 1174 Θεὸς
1477 1142 1526 1177 τὴν
1551 1141 1649 1168 ἑαυτοῦ
1669 1141 1719 1174 τῆς
1736 1141 1906 1176 ἐκδικήσεως

1116 1189 1254 1225 ῥομφαίαν
1270 1188 1445 1219 ἐστίλῆωτεν,
1470 1188 1518 1215 καὶ
1544 1187 1681 1222 ὑπέθηξεν
1704 1187 1742 1218 ὡς
1758 1188 1786 1213 ὲν
1803 1187 1909 1222 Θηγένῃ

1116 1236 1154 1270 τῷ
1180 1235 1254 1271 ζήλῳ
1283 1235 1330 1261 τοῦ
1359 1236 1511 1270 μάρτυρος.
1541 1234 1596 1260 Καὶ
1616 1234 1714 1268 αἴφνης
1736 1234 1750 1260 ὁ
1769 1234 1909 1269 ἄγρυπνος

1116 1281 1153 1316 τῷ
1168 1281 1224 1307 ὅντι
1243 1281 1347 1314 φύλαξ,
1377 1281 1424 1306 καὶ
1463 1279 1606 1314 πολιοῦχος
1639 1279 1736 1314 ἡμῶν,
1757 1279 1804 1306 καὶ
1822 1280 1909 1314 μέγας

1116 1327 1162 1354 τοῦ
1197 1327 1315 1361 μεγάλου
1361 1326 1494 1362 βασιλέως
1534 1326 1706 1361 στρατιώτης
1753 1326 1910 1361 Δημήτριος

1118 1373 1237 1406 ἔφιππος
1263 1373 1306 1407 ἐφ’
1323 1373 1407 1399 ἵππου
1434 1372 1532 1398 λευκοῦ
1549 1372 1586 1407 τῷ
1603 1372 1831 1407 Βουλγαράνακτι
1847 1371 1910 1405 φαί-

1118 1426 1202 1448 νεται,
1220 1418 1267 1443 καὶ
1284 1417 1395 1452 καιρίαν
1407 1417 1546 1448 ἀκοντίζει
1564 1417 1734 1452 παραχρῆμα
1744 1417 1789 1443 τὸν
1805 1416 1908 1443 ἄθλιον.

1534 1325 1706 1361 στρατιώτης

1123 1464 1152 1491 Ὀ
1172 1464 1200 1490 δὲ
1219 1465 1289 1498 μέγα
1317 1464 1475 1498 παραυτίκα
1493 1463 1659 1498 ἀνακραγὼν
1688 1463 1840 1489 κατεόοᾶτο
1864 1461 1909 1488 τοῦ

1119 1511 1339 1545 ἀρχιστρατήγου
1367 1510 1415 1544 τῆς
1442 1511 1572 1544 στρατιᾶς
1588 1509 1672 1535 αὑτοῦ
1688 1509 1851 1542 Μειναοτρᾶ,
1874 1508 1911 1538 ὡς

1119 1555 1200 1591 δῆθεν
1217 1555 1332 1591 τρωθεὶς
1353 1556 1398 1582 ὑπ’
1415 1556 1498 1582 αὑτοῦ
1513 1564 1520 1571 ·
1548 1555 1643 1582 τοῦτον
1669 1556 1722 1590 γὰρ
1744 1555 1832 1581 ἐδόκει
1845 1555 1912 1590 ὁρᾷν

1120 1601 1318 1634 ίπτταζόμενον,
1336 1598 1412 1636 ᾧπερ
1429 1602 1537 1634 εὐγενεῖ
1551 1601 1598 1627 καὶ
1623 1601 1716 1636 λευκῷ
1729 1601 1805 1635 ῖππῳ
1824 1600 1912 1627 ἱππά-

1120 1647 1183 1680 ζετο
1211 1648 1260 1680 τῆς
1282 1648 1385 1682 σκηνῆς
1399 1647 1473 1674 ἔνδον
1495 1647 1653 1682 γενόμενον,
1685 1647 1731 1673 καὶ
1751 1647 1863 1681 λόγχην,
1879 1647 1912 1682 ἢν

1119 1693 1278 1729 περιέφερε,
1294 1695 1326 1729 τῇ
1339 1694 1439 1730 καρδίᾳ
1455 1693 1554 1720 τούτου
1567 1693 1744 1728 ὲμὸἁψαντα.
1763 1694 1819 1719 Καὶ
1834 1693 1913 1724 αὖθις

1119 1736 1269 1765 κχτεὸοᾶτο
1296 1739 1392 1766 τούτου
1413 1760 1419 1772 ,
1449 1741 1496 1767 καὶ
1526 1739 1668 1772 πολλάκις,
1689 1739 1726 1766 ὡς
1752 1739 1800 1765 καὶ
1831 1739 1912 1766 αὑτὸν

1118 1788 1178 1818 ταῖς
1193 1788 1327 1821 κραυγαῖς
1343 1786 1541 1822 θορυϐηθέντα.
1566 1788 1615 1814 καὶ
1635 1787 1851 1822 ἀναπηδήσαντα
1865 1786 1913 1822 τῆς

1120 1834 1276 1868 στρωμνῆς,
1294 1835 1322 1860 ἐν
1333 1833 1464 1866 γειτόνων
1485 1834 1539 1869 γὰρ
1556 1831 1590 1869 ἦν
1603 1833 1680 1868 αὐτῷ
1699 1834 1716 1868 ἡ
1735 1833 1836 1869 σκηνὴ.
1855 1833 1912 1859 εἱσ-

1119 1879 1207 1906 ελοείν
1224 1879 1272 1906 καὶ
1298 1879 1371 1912 ίδείν,
1388 1880 1435 1906 καὶ
1451 1879 1582 1915 φανῆναι,
1603 1879 1649 1907 καὶ
1669 1878 1797 1911 ἀκοῦσαι,
1815 1878 1852 1910 ὡς
1875 1878 1911 1905 Σύ

1120 1935 1154 1961 με
1170 1927 1223 1962 πρὸ
1244 1926 1369 1962 βραχέως
1396 1926 1515 1961 ἔφιππος
1544 1926 1583 1962 τῷ
1601 1926 1693 1962 λευκῷ
1713 1935 1760 1953 σου
1776 1927 1854 1961 ἵππῳ
1867 1934 1913 1960 γε·

1119 1972 1231 2007 νόμενος
1266 1972 1385 1999 ἐνταῦθα
1411 1972 1586 2007 κατέσφαξας
1625 1972 1748 2006 δόρατι·
1779 1973 1828 1999 καὶ
1867 1972 1913 1999 τὸν

1122 2018 1252 2050 γενέσθαι
1276 2019 1401 2054 περιδεᾶ,
1420 2020 1467 2046 καὶ
1486 2019 1575 2045 εἰπεῖν
1589 2026 1597 2033 ·
1618 2019 1664 2054 Μὴ
1681 2019 1712 2046 σύ
1729 2027 1773 2053 γε,
1792 2018 1911 2053 βασιλεῦ,

1121 2066 1314 2101 συμπάθησον,
1332 2066 1480 2101 οίκτειρον,
1508 2065 1559 2093 οὐκ
1586 2065 1647 2092 ἐστι
1662 2066 1757 2098 τοῦτο,
1776 2065 1826 2092 οὐκ
1843 2065 1913 2092 ἔστι.

1121 2112 1219 2146 Φάσμα
1239 2120 1281 2139 σοι
1296 2113 1418 2147 γέγονεν,
1441 2112 1492 2139 οὐκ
1511 2111 1638 2147 ἀλήθεια·
1654 2112 1760 2142 ἐκεῖνος
1775 2112 1817 2143 είς
1834 2111 1915 2146 βάθος

1120 2159 1270 2194 δεξάμενος
1285 2159 1334 2194 τὴν
1351 2158 1460 2195 πληγὴν
1471 2157 1628 2194 ἐστροὸεϊτο
1640 2157 1748 2190 δεινῶς,
1766 2157 1913 2193 ἔχέκραγε,

1120 2207 1168 2231 καὶ
1190 2205 1350 2238 ἁνωλώ).υξε
1356 2225 1363 2232 .

1159 2251 1202 2278 ll.
1229 2251 1371 2278 Νύσοεται
1395 2250 1442 2278 οὖν
1463 2250 1512 2286 τὴν
1536 2243 1648 2277 Δκοιλίαν
1673 2249 1774 2282 εὐθὺς,
1795 2249 1845 2276 καὶ
1862 2248 1910 2285 ροὖ

1121 2297 1212 2324 ἱκανδν
1235 2297 1475 2331 ἀκραιφνεστάτου
1499 2296 1617 2332 αῐματος
1640 2297 1765 2323 κάτωθεν
1783 2296 1911 2331 ἀπορρεῖ,

1120 2344 1193 2374 ὅπως
1214 2343 1247 2370 ἂν
1270 2343 1344 2378 βαφῇ
1369 2344 1382 2369 ὁ
1399 2343 1468 2375 ποῦς
1495 2351 1547 2376 σοι,
1563 2343 1729 2378 Δημήτριε,
1744 2342 1843 2377 αἵματι
1862 2342 1914 2368 τῶν

1121 2390 1225 2425 ἐχθρῶν
1246 2398 1293 2416 σου
1311 2390 1380 2425 ὑπὲρ
1395 2390 1446 2424 τῆς
1471 2390 1520 2424 σῆς
1535 2389 1615 2424 τῆσδε
1633 2390 1748 2420 πόλεως.
1766 2389 1821 2415 Καὶ
1836 2388 1916 2424 ἆρχε-

1121 2444 1165 2462 ται
1182 2435 1232 2470 ἤδη
1259 2435 1446 2470 λειποψυχεϊν.
1470 2435 1565 2462 Ταῦτα
1584 2435 1647 2461 ἰδὼν
1663 2436 1677 2462 ὁ
1699 2435 1749 2469 τῆς
1773 2434 1915 2469 δυνάμεως

1124 2481 1207 2507 αὐτοῦ
1236 2482 1458 2516 ἀρχιστράτηγος
1483 2481 1663 2517 Μαναστρᾶς,
1684 2478 1702 2519 ᾗ
1727 2482 1829 2515 τάχους
1843 2478 1914 2514 εἶχεν

1123 2527 1220 2553 ὕπτιον
1235 2527 1333 2553 τοῦτον
1354 2527 1520 2559 ἐπιϐιϐάσας
1539 2527 1731 2563 προτροπάδην
1745 2527 1853 2562 φεύγει,
1868 2527 1916 2552 καὶ

1123 2574 1247 2601 κλέπτων
1268 2574 1318 2609 τὴν
1336 2574 1487 2610 σωτηρίαν,
1504 2575 1564 2610 μεθ’
1574 2575 1637 2602 ὅσου
1650 2575 1750 2609 τάχους
1767 2573 1914 2608 ὑποχωρεῖ,

1123 2621 1170 2647 καὶ
1187 2620 1245 2655 μετ’
1265 2620 1350 2648 αὑτοῦ
1376 2622 1424 2647 καὶ
1449 2622 1498 2647 σὺν
1516 2621 1592 2656 αὺτῷ
1606 2621 1681 2648 ἅπαν
1703 2621 1793 2647 ἐκεῖνο
1812 2621 1843 2647 τὸ
1865 2629 1916 2653 μυ-

1126 2666 1274 2701 ριοπληθὲς
1298 2667 1528 2702 στρατολογικὸν,
1547 2667 1620 2694 οὕτω
1645 2668 1762 2702 ταχέως,
1781 2666 1848 2693 ὡσεὶ
1869 2667 1915 2693 καὶ

1125 2713 1252 2748 βορεάδαι
1274 2714 1345 2745 τινὲς
1375 2714 1444 2740 κατὰ
1466 2715 1530 2746 τοὺς
1561 2714 1780 2749 θρυλλουμένους
1804 2713 1914 2744 τούτους

1124 2759 1245 2786 ἐδίωκον.
1258 2759 1343 2792 Φόϐος
1359 2760 1413 2796 γὰρ
1430 2760 1522 2792 αὐτοῖς
1541 2761 1587 2787 καὶ
1609 2761 1711 2795 τρόμος
1725 2759 1828 2794 ἐπῆλθε
1846 2759 1916 2786 κατά

1124 2815 1186 2833 τινα
1214 2805 1294 2841 ξένην
1311 2806 1549 2842 ἀντιπερίστασιν·
1565 2806 1634 2833 ἀλλά
1650 2807 1705 2841 γὰρ
1730 2806 1782 2832 οὐκ
1807 2806 1846 2837 εἰς
1865 2814 1916 2839 μο-

1126 2852 1196 2886 κρᾶν
1222 2852 1311 2887 τούτῳ
1342 2852 1373 2879 τὸ
1401 2853 1461 2888 ζῇν,
1489 2852 1548 2880 ἀλλ’
1564 2852 1720 2888 αὐθημερὸν
1750 2851 1818 2887 πρὸς
1840 2852 1915 2886 ἡλίου

1127 2897 1232 2933 δυσμὰς
1260 2898 1330 2926 κατὰ
1354 2898 1384 2925 τὸ
1407 2898 1434 2925 ἐν
1450 2899 1509 2930 ταῖς
1525 2898 1654 2931 ἱστορίαις
1673 2896 1742 2930 ζῶον
1760 2897 1916 2932 μονήμερον
