2038 3151
151 189 224 222 1405

681 191 714 222 5.
735 191 923 222 DEMETRII
940 190 1136 222 MARTYRIS
1149 191 1253 224 ACTA.

1706 181 1785 223 'ttoo

149 248 268 282 θνήσκει
284 246 390 283 βιαίως,
408 245 495 278 οὕτως
507 247 521 273 ὁ
541 246 634 280 ἄθλιος
647 249 698 284 τῆς
715 249 820 279 οἰκείας
836 252 937 282 κακίας

992 249 1181 277 intestinorum
1199 250 1272 278 illius
1288 251 1420 285 sanguine
1431 259 1447 278 ιι
1471 249 1498 278 in
1524 249 1601 277 multi
1623 248 1780 286 sanguinis,

147 294 200 320 xui.
222 293 406 329 ματαιότητος
420 292 593 329 δρεψάμενος
615 295 680 326 τοὺς
693 297 828 331 καρποὺς,
843 297 940 332 μέχρις

147 340 236 367 αὐτοῦ
256 340 368 375 τρυγῑου
388 340 418 367 τὸ
439 341 518 367 κόνδυ
543 340 590 368 τοῦ
614 341 702 376 θυμοῦ
718 341 832 374 ἐκπιὼν,
850 344 896 369 καὶ
910 343 942 369 τδ

147 387 202 420 τῆς
233 386 317 421 ὀργῆς
344 385 450 420 Κυρίου
479 387 630 421 ποτήριον,
650 388 697 416 καὶ
731 388 941 422 μεμεθυσμένου

148 432 227 458 θεῖον
251 432 333 467 ξυροῦ
359 433 399 464 εἰς
421 433 519 466 πεῖραν
543 433 638 459 ἐλθών.
658 433 836 468 Ἐπεστράφη
858 435 912 469 γὰρ
927 435 942 461 ὁ

147 478 233 509 πόνος
259 478 342 504 αὐτοῦ
369 479 410 510 εἰς
435 479 557 514 κεφαλὴν
585 479 679 511 αὑτοῦ,
699 480 745 506 καὶ
760 481 806 506 ὲπὶ
818 481 942 514 κορυφὴν

149 523 202 557 μὲν
220 524 236 558 ἡ
253 523 344 550 ἀδικία
360 523 444 551 αὑτοῦ
460 525 575 561 κατέϐη·
596 527 636 557 εἰς
652 526 748 561 βόθρον
761 526 783 553 δ’
802 526 832 552 ὃν
848 527 943 562 εἰργά-

149 579 230 600 σατο,
245 572 385 603 πέπτωκε,
405 572 454 598 καὶ
471 572 519 606 μία
544 573 700 607 μαρτυρικὴ
718 572 792 607 putt;
815 573 854 604 εἰς
872 573 944 599 ἐκδί-

148 625 234 649 κησιν
245 617 347 652 ἤρκεσε
362 617 417 644 τῶν
435 617 542 644 πολλῶν
559 617 663 645 ἐκείνου
681 617 788 649 κακῶν,
805 620 853 646 καὶ
871 617 942 652 αἷμα

149 662 244 696 ἐξέχεε
259 663 363 689 δίκαιον
379 663 431 690 τῶν
447 663 574 698 ὲγχάτων
590 664 673 691 αὐτοῦ
694 663 800 691 πολλῶν
816 664 943 698 αἱμάτων

148 708 254 735 ἀδίκων
270 709 426 736 άντίπονον.

191 777 234 804 12.
250 776 288 804 En
307 785 378 804 nunc
392 779 545 806 versionem
559 779 702 807 Latinam:
715 779 798 807 «Tum
811 780 942 807 continuo

150 827 234 850 nocte
247 823 410 858 intempesta
426 824 537 852 ultionis
547 833 603 853 sua:
616 825 734 860 gladium
749 825 821 854 Deus
833 826 942 853 tandem

150 869 276 900 strinxit,
303 875 384 904 atque
413 871 438 896 itt
463 871 522 898 zelo
539 873 677 906 martyris,
701 872 782 899 velttti
809 872 836 899 in
860 876 941 905 cote,

150 916 273 942 exaruit.
287 915 385 942 Subito
401 917 484 951 igitur
498 921 592 944 custos
605 925 667 944 rere
681 918 754 952 vigil,
769 919 942 953 civitatisque
959 919 979 946 Β

151 967 255 988 nostrae
272 969 371 996 prteses
389 970 419 988 ac
440 970 556 998 magnus
579 964 670 998 magni
693 963 773 998 [tegis
792 964 869 992 miles
889 965 942 993 Dc-

151 1009 279 1042 metrius,
295 1017 366 1044 equo
381 1010 441 1038 alito
465 1011 598 1043 insidens,
615 1011 793 1046 Bulgarorum
812 1013 870 1048 regi
893 1021 943 1048 ap-

152 1060 243 1090 paret.
263 1056 420 1092 miseroque
446 1058 518 1085 illico
538 1059 637 1086 vulnus
653 1059 753 1086 ietbale
769 1058 875 1093 inﬂigit.
893 1059 943 1087 llic

151 1106 245 1128 autern
278 1102 371 1128 statim
407 1110 571 1138 magnopere
597 1104 751 1131 vociferans
784 1112 940 1139 supremum

151 1148 292 1175 exercitus
304 1147 345 1175 sui
362 1149 458 1176 ducem
476 1149 650 1183 Manaslram,
666 1151 748 1177 veluti
770 1151 896 1178 videlicet
908 1151 942 1177 ab

150 1201 185 1220 eo
200 1194 290 1226 laesus,
301 1194 476 1223 inclamabat.
493 1194 571 1222 Hunc
584 1197 667 1227 enirn,
679 1197 724 1231 qtti
737 1197 882 1231 equilaret,
894 1205 942 1230 ge-

150 1247 253 1267 neroso
272 1247 303 1267 ac
322 1240 392 1272 albo,
405 1249 459 1274 quo
473 1241 633 1272 vehebatur,
646 1249 716 1277 equo
731 1243 877 1269 tentorium
895 1243 937 1268 itt-

150 1293 291 1320 grcssum,
311 1286 485 1320 hastamque,
501 1295 582 1321 qttam
607 1295 699 1314 Secum
720 1287 834 1319 ferebat,
851 1288 876 1314 in
895 1295 943 1315 eor

150 1339 235 1358 suum
253 1332 455 1367 dvmergentem
473 1341 533 1361 sese
559 1333 656 1360 intueri
684 1333 875 1365 existimabat;
892 1335 941 1360 ite-

151 1383 270 1410 rumque
287 1384 319 1403 ac
343 1385 413 1411 saepe
434 1378 508 1404 illum
533 1378 710 1408 inclamabat,
738 1379 774 1404 ila
797 1383 825 1405 ιιι
848 1384 873 1406 et
900 1379 941 1406 eis

149 1422 319 1449 clamoribus
334 1424 469 1450 excitatus
486 1424 610 1458 lectoque
631 1425 763 1451 exsiliens
781 1426 940 1458 (tentorium

151 1467 226 1494 enim
244 1467 266 1494 ei
281 1473 339 1495 erat
353 1468 379 1494 iu
396 1467 505 1504 vicinia)
521 1470 711 1504 ingrederetur
729 1478 760 1497 ac
777 1470 942 1504 (‘ll‘t'lllliSpl-

149 1519 238 1546 ceret,
255 1522 338 1550 seque
360 1516 448 1550 ipsum
475 1516 652 1548 ostenderet,
677 1525 708 1543 ac
731 1518 776 1550 qtti
793 1517 832 1543 Tn
859 1525 919 1543 mox
933 1536 940 1547 ,

149 1568 223 1596 equo
238 1565 284 1588 ttto
302 1561 363 1588 albo
381 1562 435 1589 ltuc
451 1562 593 1595 advectus,
612 1562 689 1589 basta
707 1571 748 1590 me
765 1563 940 1594 interemisti,

150 1661 212 1683 rex.
229 1653 306 1679 malis
326 1652 423 1680 alienis
435 1653 563 1680 aliieiaris
578 1661 585 1679 :
600 1655 693 1688 quieto
711 1654 803 1680 animo
821 1654 871 1681 sis.
884 1654 942 1680 Non

149 1704 195 1727 cst
217 1700 253 1730 id,
271 1707 324 1726 non
342 1703 393 1727 est.
412 1699 534 1733 Species,
552 1708 606 1727 non
628 1700 742 1731 veritas,
757 1701 804 1727 tibi
821 1700 941 1728 obvenit.

149 1746 211 1778 ille,
227 1747 304 1780 plaga
322 1745 456 1780 profuttde
473 1752 597 1781 accepta,
613 1747 733 1782 graviter
750 1746 942 1781 torquebatur,

149 1791 355 1819 vociferabatur
369 1800 400 1820 ac
414 1792 543 1827 ejulabat.

191 1861 232 1888 15.
252 1870 261 1886 ι
283 1859 382 1888 Vctttre
398 1859 481 1895 igitur
496 1861 587 1887 statim
604 1861 769 1893 laneittatur.
785 1860 944 1888 suﬂivicnti-

151 1915 206 1942 que
222 1907 299 1940 copia
318 1908 478 1942 sanguinem
495 1911 645 1938 recentem,
663 1911 692 1934 ut
711 1908 759 1934 tibi
774 1928 781 1940 ,
800 1907 918 1934 Demetri
933 1927 941 1940 ,

153 1960 205 1988 pro
225 1957 270 1979 tua
288 1953 338 1980 hac
354 1954 465 1980 civitate
484 1954 656 1980 inimicorum
674 1954 807 1988 sanguine
823 1961 870 1987 pes
888 1955 942 1981 tin-

153 2003 246 2034 gatur,
259 1999 387 2027 deorsum
403 2000 513 2031 emittit,
528 2000 641 2034 jamque
657 1999 752 2034 incipit
767 2000 860 2028 animo
875 2000 942 2026 defi-

151 2053 225 2073 cere.
246 2044 307 2072 llaec
321 2053 464 2079 supremus
481 2047 619 2073 evercitus
641 2045 699 2080 ejus
719 2046 772 2072 dux
788 2045 941 2076 Manastras

151 2091 337 2124 conspicatus,
357 2099 418 2118 cum
437 2100 498 2118 eum
512 2099 594 2125 qttam
609 2091 696 2126 potuit
711 2091 853 2119 celerrime
867 2100 940 2126 equo

151 2139 279 2171 supinum
294 2138 479 2172 imposuisset,
495 2145 576 2164 cursu
594 2137 734 2164 concitato
748 2138 826 2172 fugit.
843 2139 941 2166 saluti-

151 2185 364 2218 qneconsnieus
380 2183 524 2211 celerrime
538 2183 633 2217 pedem
649 2183 744 2215 refert,
761 2192 868 2219 unaque
877 2193 939 2212 cum

151 2232 198 2258 illo
218 2239 249 2258 ac
263 2239 310 2265 per
327 2230 386 2264 eius
403 2231 558 2256 mandatum
574 2231 664 2258 omnis
679 2238 710 2257 ea
728 2231 868 2257 innumera
888 2231 939 2258 nti-

992 295 1093 330 lnjustc
1107 296 1195 328 effusi,
1214 303 1322 332 poenam
1340 297 1445 324 effudit.
1464 306 1473 322 ι

1029 342 1073 369 14.
1090 341 1152 369 Haec
1169 343 1229 370 loco
1246 350 1328 377 supra
1351 343 1435 370 citato
1451 341 1572 369 Joannes
1595 341 1758 369 Stauracins
1773 348 1782 373 ;

993 397 1087 418 verum
1104 397 1185 421 anne,
1205 390 1242 416 uti
1257 389 1333 416 ltisce
1351 389 1444 417 Graece
1460 389 1542 416 simul
1565 393 1592 415 et
1615 387 1709 415 Latine
1727 387 1784 421 jam

992 436 1114 464 recitatis
1129 436 1219 464 verbis
1235 435 1329 468 tradit,
1344 435 1466 464 Joannes
1481 443 1529 462 seu
1539 433 1706 466 Joannitius,
1723 433 1786 459 But.

993 490 1122 517 garortttn
1138 489 1196 514 rex,
1213 482 1276 509 dum
1288 481 1510 508 Thessalonicam
1527 481 1677 512 obsideret,
1692 487 1707 507 a
1723 487 1784 507 san-

993 533 1038 556 eto
1053 530 1197 558 Demetrio.
1216 536 1293 563 opem
1313 529 1376 555 huic
1392 529 1495 555 civitati
1513 536 1570 555 suze
1585 527 1668 554 natali
1686 527 1781 560 prodi-

993 576 1069 610 giose
1085 574 1199 606 ferente,
1217 575 1307 608 reipsa
1327 574 1377 601 fuit
1396 574 1526 601 occisus?
1543 574 1645 600 Auctor
1658 573 1702 600 ille
1718 572 1782 607 qui-

993 621 1066 654 dem,
1083 621 1312 655 quemadmodum
1325 621 1350 648 in
1367 620 1573 648 Commentario
1588 618 1688 654 przrvio
1704 625 1779 644 ttunt.

992 666 1028 694 26
1041 667 1138 699 docui.
1154 667 1253 694 saeculo
1271 667 1352 694 tertio
1372 666 1479 693 decium
1506 664 1712 692 verosimiilime
1733 663 1783 690 lio-

995 715 1061 747 ruit,
1077 722 1108 741 ac
1124 714 1202 748 proin
1215 714 1317 741 saeculo
1333 713 1440 744 emicat,
1460 720 1514 747 quo
1527 711 1670 742 Joannem,
1682 710 1781 744 Bulga-

993 769 1086 788 rorum
1105 768 1206 794 regem.
1224 760 1250 787 in
1271 759 1417 787 obsidione
1435 757 1673 785 'l‘itessalOtticensi
1690 755 1781 782 necari

993 813 1009 833 e
1025 813 1107 840 supra
1129 805 1210 832 dictis
1234 805 1367 839 Contigit:
1387 812 1480 831 verum
1497 811 1558 830 cum
1577 803 1671 832 etiam,
1688 808 1785 834 quent-

994 848 1140 876 admodum
1157 847 1226 875 infra
1240 849 1356 878 docebo.
1373 848 1398 874 in
1419 848 1514 874 codice
1531 852 1626 874 nostro
1639 846 1709 882 τηις
1733 845 1784 872 193

996 902 1055 929 pag.
1067 894 1102 921 93
1114 901 1168 920 non
1185 891 1300 921 oitseut'e
1318 894 1425 927 innuat,
1444 895 1487 920 diu
1505 898 1567 920 ante
1579 897 1685 920 mtatem
1703 899 1782 919 suam

995 940 1095 967 factum
1111 947 1172 966 esse
1190 940 1226 970 id,
1242 940 1313 973 quod
1325 940 1496 966 Emmanueli
1511 940 1661 968 Comueuo,
1673 938 1783 964 Ciacco-

995 994 1054 1013 rum
1068 987 1102 1012 ait
1119 993 1189 1012 anno
1206 986 1274 1012 “£3
1288 985 1321 1012 ad
1346 993 1448 1012 annum
1473 993 1560 1020 usque
1580 985 1647 1012 1180
1662 985 1782 1019 impera-

994 1033 1058 1063 tori,
1077 1040 1090 1058 a
1105 1037 1199 1059 sancto
1215 1032 1351 1059 Demetrio
1367 1032 1512 1060 obvenisse
1525 1053 1533 1064 ,
1551 1032 1650 1058 ibidem
1668 1035 1782 1063 narrat,

994 1077 1066 1104 baud
1083 1076 1165 1103 citius
1178 1077 1324 1111 equidem,
1349 1085 1430 1112 quam
1454 1078 1550 1104 eodem
1579 1076 1678 1103 seculo
1702 1076 1784 1102 tertio

994 1123 1100 1150 decimo
1119 1123 1234 1149 tnttltum
1251 1123 1306 1157 jam
1324 1128 1452 1158 provetto
1475 1123 1603 1149 floruiSse
1624 1121 1730 1148 videtur
1751 1128 1783 1148 ac

994 1169 1072 1204 proin
1091 1176 1105 1195 a
1122 1167 1236 1195 Joannis
1252 1168 1430 1203 Bulgarorum
1448 1169 1521 1201 regis
1539 1175 1615 1199 nece,
1632 1174 1693 1201 qua:
1709 1174 1782 1193 anno

993 1223 1026 1241 ex
1044 1215 1123 1242 dictis
1139 1214 1206 1241 1207
1226 1215 1325 1246 evenit,
1343 1215 1474 1242 remotius
1492 1214 1625 1244 abfuisse.
1647 1221 1728 1248 quant
1753 1217 1784 1239 ti;

993 1261 1056 1292 sibi,
1083 1262 1147 1287 dum
1170 1268 1230 1287 eam
1255 1265 1351 1303 δίεπε-ιε
1377 1260 1513 1287 Demetrio
1539 1259 1684 1290 attribuit,
1704 1258 1784 1286 fidem

993 1313 1095 1336 certam
1120 1311 1202 1342 atque
1225 1307 1404 1334 indubitatam
1432 1306 1581 1333 conciliare
1598 1312 1690 1340 queat.
1708 1305 1783 1338 Nec,

993 1355 1043 1381 etsi
1059 1355 1139 1381 ctiam
1157 1354 1249 1381 szcculi
1271 1354 1335 1380 dicti
1355 1354 1432 1380 initio
1446 1353 1569 1384 dixisset,
1588 1353 1668 1380 aliter
1683 1351 1716 1378 de
1736 1351 1784 1378 illo

995 1402 1044 1428 bac
1062 1401 1088 1428 in
1109 1409 1138 1428 rc
1155 1401 1224 1428 foret
1241 1401 1416 1434 implendum.
1432 1399 1537 1426 Etenim
1559 1398 1704 1430 Joannem,
1717 1397 1780 1424 Bul-

994 1454 1131 1482 garorutn'
1142 1455 1242 1482 regem,
1256 1455 1270 1473 a
1288 1453 1383 1474 sancto
1399 1447 1535 1472 Demetrio
1548 1445 1633 1472 fuisse
1650 1445 1785 1476 occisum,

994 1502 1008 1519 e
1027 1493 1098 1525 vulgi
1113 1493 1244 1520 duntaxat
1261 1494 1330 1520 fama
1345 1513 1352 1525 ,
1370 1501 1429 1527 qua:
1450 1497 1530 1519 aetate
1546 1499 1593 1518 sua
1611 1491 1783 1523 obtinuerit,

993 1538 1210 1570 vcrosimiliiute,
1231 1546 1264 1564 ne
1279 1539 1399 1572 amplius
1422 1539 1486 1571 qttid
1505 1538 1593 1564 dicam
1608 1558 1614 1569 ,
1634 1538 1660 1564 itt
1679 1537 1785 1564 litteras

995 1630 1054 1664 gius
1072 1630 1239 1664 Act‘opoiita,
1261 1631 1307 1665 qui
1333 1629 1433 1664 pariter
1455 1629 1555 1656 szccuio
1573 1630 1653 1656 tertio
1676 1629 1784 1655 decimo

995 1677 1098 1709 ﬂoruit,
1118 1677 1223 1712 pra-fati
1243 1677 1422 1712 Bulgarorttnt
1440 1677 1512 1712 regis
1537 1685 1630 1703 necem
1657 1684 1785 1711 sttpernre

995 1723 1090 1750 Saltem
1106 1724 1198 1750 virtuti
1211 1731 1227 1750 a
1243 1724 1383 1750 nonnullis
1402 1723 1488 1750 fuisse
1502 1723 1676 1754 attributam,
1696 1730 1780 1757 supra

995 1771 1048 1797 huc
1064 1769 1235 1804 transcriptis
1253 1770 1343 1797 Verbis
1357 1770 1494 1797 Itieillnl‘la!
1510 1772 1617 1804 prodat.
1635 1770 1725 1804 itaque
1743 1769 1783 1796 si-

996 1816 1051 1842 mul
1071 1817 1181 1848 famam,
1200 1823 1216 1842 a
1229 1816 1368 1843 nonnullis
1386 1815 1450 1848 illis,
1464 1815 1510 1851 qui
1526 1815 1551 1842 id
1565 1815 1664 1849 fecere,
1678 1820 1783 1850 natant,

995 1860 1117 1888 indicare
1135 1863 1266 1888 videatur.

1030 1906 1074 1933 15.
1088 1905 1187 1933 Verum
1202 1914 1282 1933 nemo
1299 1915 1350 1933 non
1364 1907 1450 1940 novit,
1465 1915 1544 1942 quam
1559 1915 1629 1941 saepe
1640 1906 1706 1933 falsa
1722 1914 1783 1934 esse

995 1951 1063 1978 fama
1082 1952 1167 1979 Soieat
1179 1971 1187 1983 ,
1205 1952 1322 1978 maxime
1339 1952 1360 1978 si
1377 1953 1532 1979 communis
1549 1952 1622 1978 ltaud
1639 1952 1689 1984 sit;
1707 1959 1783 1979 com-

994 2005 1103 2024 munem
1123 2002 1212 2024 autem
1238 1997 1312 2024 illam
1337 1997 1409 2024 itaud
1430 1997 1533 2030 fuisse,
1560 2006 1592 2025 ex
1619 1998 1782 2032 Acropolin

992 2045 1083 2072 verbis
1098 2045 1236 2071 observari
1254 2046 1347 2078 velim,
1367 2046 1499 2080 facileque
1517 2045 1575 2072 fieri
1599 2047 1731 2078 potuisse,
1750 2051 1779 2073 ut

992 2098 1006 2117 c
1019 2089 1130 2116 «Ιοειιιιιὶιι
1145 2090 1216 2124 regis
1232 2091 1349 2123 Somnio,
1368 2092 1449 2125 cujus
1466 2091 1535 2118 idern
1558 2092 1717 2127 Acropolita
1733 2092 1781 2119 ibi-

972 2134 978 2140 ’
992 2136 1052 2163 dem
1069 2136 1205 2167 meminit,
1222 2137 1333 2164 sinister
1344 2137 1390 2164 ille
1402 2137 1435 2164 de
1448 2137 1524 2164 iliata
1539 2138 1654 2173 print-ipi
1673 2139 1716 2165 isti
1734 2147 1782 2172 per

993 2185 1118 2208 sanctum
1134 2181 1299 2208 Demetrium
1318 2190 1385 2209 nece
1404 2190 1497 2210 rumor
1513 2191 1626 2217 sparsus
1637 2204 1644 2216 ,
1665 2191 1783 2218 moxque

992 2235 1006 2254 a
1023 2227 1140 2254 credulis
1156 2227 1270 2254 nimium
1293 2228 1369 2264 justo
1392 2229 1501 2256 facilius
1525 2229 1605 2256 fuerit
1620 2231 1758 2258 admissus
1772 2251 1781 2262 ,

151 2277 229 2304 iitum
250 2276 404 2307 multitudo,
431 2276 467 2302 ita
490 2276 704 2307 festinanter,ae
721 2276 742 2303 si
761 2276 872 2311 quidam
895 2284 937 2321 se:
955 2275 976 2303 ι)
994 2273 1057 2300 licet
1074 2273 1181 2301 interim
1196 2273 1326 2308 Joannes,
1345 2283 1400 2303 non
1426 2276 1542 2303 violenta
1558 2297 1565 2309 ,
1594 2277 1641 2304 sed
1662 2278 1781 2304 naturali

151 2323 272 2350 cundum
292 2322 410 2349 fabulam
427 2322 518 2349 Borea:
533 2322 579 2349 filii
596 2329 643 2349 eos
657 2322 878 2356 insequerentur.
896 2323 940 2350 'l'i-

153 2378 212 2398 tuor
233 2369 304 2396 enim
321 2376 353 2395 ac
371 2372 473 2395 tremor
496 2367 647 2395 secundum
673 2376 770 2395 novam
794 2369 939 2404 quamdam

153 2424 243 2444 verum
262 2415 480 2443 vicissitudinem
498 2415 578 2442 irruit
599 2422 680 2449 super
699 2422 756 2442 eos.
772 2414 806 2442 At
830 2423 896 2443 vero
914 2415 939 2442 ei

152 2462 178 2488 iu
196 2461 266 2487 vivis
283 2460 327 2487 ditt
347 2467 458 2487 manere
473 2460 545 2487 haud
561 2460 679 2495 obtigit,
697 2461 746 2488 sed
772 2462 827 2496 ipsa
844 2461 939 2489 eadem

151 2507 195 2534 die
205 2513 266 2534 ante
277 2507 343 2534 solis
355 2513 495 2538 occasum,
509 2507 548 2533 uti
565 2507 592 2534 in
603 2507 725 2535 itistoriis
736 2508 843 2542 legitur,
856 2508 938 2536 unius

151 2555 204 2581 tliei
226 2553 327 2580 animal
350 2552 467 2580 violenta
495 2557 582 2580 morte
602 2554 752 2580 occumbit.
781 2553 818 2580 ita
844 2553 938 2581 tniseri

152 2600 184 2627 ad
204 2600 292 2634 ipsum
312 2607 398 2634 usque.
423 2598 537 2626 fundum
556 2598 663 2626 Domini
680 2599 807 2627 vindicta:
823 2600 933 2635 poculo,

153 2643 355 2678 iracundiaeque
382 2643 466 2671 calice
495 2643 652 2675 exhausto,
681 2648 763 2679 atqtte
790 2644 940 2672 abundanti

153 2689 292 2716 novaculae
308 2689 406 2717 divinae
421 2689 609 2723 experimento
624 2692 745 2724 sumpto,
760 2689 871 2717 malitia:
883 2697 940 2718 suat

153 2743 184 2762 ac
201 2734 331 2762 vanitatis
349 2734 455 2762 fructus
474 2734 594 2770 collegit.
615 2735 684 2770 Ejus
705 2734 778 2762 enim
805 2736 883 2764 labor
911 2737 938 2764 itt

152 2785 231 2814 caput
246 2781 305 2815 ejus
321 2788 472 2808 conversus
489 2784 541 2808 est.
559 2781 598 2808 Ac
614 2780 674 2815 ejus
689 2781 797 2816 quidem
811 2781 942 2817 iniquitas

152 2835 233 2862 supra
251 2827 381 2855 verticem
397 2826 558 2859 descendit;
573 2826 601 2854 in
618 2825 724 2854 foveam
737 2831 839 2860 autem,
854 2835 936 2863 quam

151 2873 227 2906 fecit,
248 2873 366 2905 cecidit.
385 2881 526 2909 unumque
543 2873 672 2909 martyris
685 2872 807 2908 iaculum
827 2873 853 2901 in
870 2874 939 2901 ntul-

153 2924 241 2947 tarnm
257 2920 315 2954 ejus
334 2919 506 2955 iniquitatutn
519 2918 668 2947 vindictam
680 2918 936 2954 suﬂeeit,justeque

993 2325 1081 2346 ntorte
1098 2320 1180 2347 vitam
1197 2321 1384 2349 terminasset.
1402 2321 1501 2348 At”th
1517 2322 1682 2357 Atropolita.
1699 2331 1779 2357 quem

994 2364 1138 2392 Slauraeio
1152 2366 1298 2401 suffragari
1317 2375 1370 2394 non
1388 2375 1467 2395 nemo
1485 2368 1554 2395 forte
1571 2368 1718 2400 existimet,
1737 2377 1782 2403 ge-

992 2411 1107 2438 neratim
1126 2412 1258 2440 duntaxat
1271 2413 1356 2440 divini
1372 2413 1564 2449 Numinisgirx,
1580 2422 1633 2450 qua
1649 2413 1780 2447 Joannes,

993 2457 1172 2491 Bulgarorum
1192 2467 1251 2489 rex.
1270 2459 1352 2487 fuerit
1367 2465 1482 2488 necatus
1493 2481 1500 2494 ,
1517 2468 1569 2488 non
1590 2466 1681 2488 autem
1698 2462 1779 2488 etiam

990 2504 1092 2532 diserte
1118 2505 1205 2533 sancti
1224 2505 1353 2533 Demetrii
1380 2507 1547 2534 mentionem
1565 2507 1650 2539 facit.
1670 2514 1720 2534 nec
1737 2507 1780 2534 ul-

993 2550 1049 2577 lttttt
1067 2550 1199 2579 hactenus
1214 2556 1286 2579 nota:
1299 2551 1359 2580 fidei
1376 2553 1583 2581 auetm'itatisve
1605 2553 1778 2587 scriptorem,

991 2596 1037 2630 qui
1062 2595 1160 2623 Joanni
1179 2597 1326 2625 Stauracio
1352 2599 1533 2631 assentiatur,
1553 2599 1675 2625 invenire
1691 2598 1777 2632 quivi.

990 2642 1108 2671 Allatius
1124 2643 1233 2678 quidem
1250 2645 1423 2680 transcriptis
1441 2653 1455 2671 a
1471 2652 1533 2672 sese
1546 2645 1606 2671 loco
1622 2652 1703 2678 supra
1726 2645 1776 2672 cit.

989 2689 1104 2718 Joannis
1122 2690 1258 2718 Stauracii
1282 2691 1373 2718 verbis
1399 2690 1539 2726 subiungit
1562 2699 1569 2723 ;
1594 2699 1603 2716 ι
1631 2690 1660 2717 In
1684 2690 1781 2718 codice

994 2736 1123 2762 Vaticano
1138 2735 1245 2763 CLXlll
1261 2736 1286 2763 in
1305 2736 1428 2771 margine
1443 2736 1569 2764 Historia
1582 2736 1721 2764 Chont‘atw
1739 2737 1780 2764 le-

989 2781 1062 2816 gitur
1083 2789 1091 2809 :
1119 2777 1205 2813 υῦτός
1238 2783 1314 2809 ἔστιν
1330 2782 1345 2808 ὸ
1366 2782 1475 2817 ἀσεϐὴς
1492 2782 1700 2818 Σκυλοῖωάννης
1716 2784 1779 2810 ἑπι-

992 2827 1104 2862 κληῠεὶς
1130 2827 1255 2863 ὕστερον,
1287 2827 1317 2854 ὃν
1341 2828 1446 2855 ἀνεῖλεν
1473 2830 1487 2856 ὁ
1514 2829 1602 2864 μέγας
1624 2831 1780 2866 Δημήτριος

993 2873 1145 2908 προδήλως,
1159 2874 1231 2901 κατὰ
1255 2874 1305 2909 τῆς
1326 2873 1526 2911 θεσσαλονιχης
1539 2876 1776 2912 ὶπιστρατιὺιαν-

989 2928 1030 2952 τι,
1059 2919 1097 2952 ὡς
1125 2921 1153 2946 ἐν
1170 2921 1226 2952 τοῖς
1254 2919 1359 2947 ικξίνου
1389 2920 1525 2957 θαύμασιν
1542 2923 1752 2958 ἁναγέγριπῖαι
1769 2930 1777 2939 ’
