2038 3151
125 142 191 174 1309
638 142 668 171 Ξ.

703 141 890 170 DEME'l‘llll
923 139 1119 168 lli-\ll'l'l'lilS
1148 139 1252 169 ACTA.

1691 140 1758 171 illo

121 198 243 224 Zonaras
260 201 287 223 ct
304 195 397 230 Lupus
427 195 621 231 prolospatlta;
644 196 671 222 hi
696 201 796 228 autem,
817 195 919 230 princi.
934 201 954 227 Α
974 202 1054 221 nemo
1079 195 1208 229 prudens,
1228 201 1360 229 quantum
1384 197 1491 231 opinor.
1518 197 1597 224 ﬁdem
1619 197 1756 231 habuerit,

121 251 180 278 pem
193 243 270 269 illum
287 249 301 268 a
317 240 422 268 Joanne
435 245 550 275 cognato
568 249 632 272 suo,
649 242 696 275 qui
717 246 743 267 et
765 240 910 267 Vladistla-

121 291 172 317 bus
190 289 345 320 dicebatur,
364 287 485 314 occisum
506 287 600 318 fuisse,
618 288 739 314 unanimi
756 295 911 320 consensu,

122 337 195 362 nulla
211 341 325 370 prorsus
341 334 429 361 sancti
446 333 575 361 Demetrii
596 334 734 360 mentione
755 334 837 366 facta,
856 341 914 360 me-

122 381 214 408 moria:
229 382 360 416 produnt.
377 380 517 407 Cedrentts
534 381 562 406 in
577 379 757 406 llistoriartttn
777 380 915 407 Parisien-

122 429 160 455 sis
178 428 241 454 anni
267 427 334 454 i647
353 427 481 454 editionis
507 426 674 461 Compeudio
687 446 694 457 ,
721 427 784 453 dum
803 434 847 454 res
863 427 914 454 sub

121 475 223 502 Basilio
247 473 392 500 Macedone
416 478 508 507 gestas
533 477 746 504 commemorat,
767 475 910 508 sequentia

121 523 227 553 istltter,
239 528 300 556 quae
313 521 345 547 ad
361 521 531 555 propositum
544 526 667 547 nostrutu
682 526 817 555 spectant,
831 521 913 548 verba

121 567 278 602 suppeditat
296 574 302 592 :
322 575 331 592 ‹
350 566 493 594 Successit
510 567 534 593 ei
551 567 683 602 (Samueli
703 575 801 602 nempe
818 567 913 602 Bulga-

122 615 169 642 ri:e
188 614 254 648 regi)
272 613 344 640 ﬁlius
360 613 506 646 Gabrielis,
523 613 569 648 qui
597 618 623 639 et
645 613 786 640 Romanus
802 614 913 640 diccba-

123 665 175 692 tnr,
193 665 267 693 patre
282 659 421 685 robustior
441 658 497 689 ille,
512 658 558 685 sed
578 658 723 692 prudentia
746 659 825 694 longe
841 659 912 686 infe-

123 705 190 737 rior,
209 711 288 733 natus
304 705 410 739 captiva
431 705 549 739 quadam
568 703 712 731 Larissam.
729 703 792 730 iniit
807 705 912 732 decima

122 751 215 785 quinta
231 750 415 784 Septembris,
435 750 586 778 indictione
602 750 707 777 decima
725 750 802 777 tertia
813 771 820 784 ,
833 758 913 777 cunt-

123 805 177 832 que
191 797 311 824 nondutn
324 797 459 832 integrum
478 798 643 832 imperasset
660 806 774 829 anntttn,
787 801 912 824 venatum

123 843 217 870 exiens
234 843 397 870 interﬁcitur
412 850 427 869 a
441 842 547 870 Joantte
558 863 566 875 ,
588 843 634 878 qtti
651 848 678 870 et
693 842 910 874 Vladisthlabus,

123 890 179 918 tilio
194 891 321 923 Aaronis,
339 898 420 926 quem
440 891 498 926 ipse
515 892 574 918 neci
593 891 742 926 aliquando
766 892 914 919 subtraxe-

123 942 192 964 rat.)
208 938 245 964 Ac
260 938 341 972 paulo
356 942 417 970 post
432 937 503 964 idem
524 942 620 964 auctor
635 937 671 963 ita
685 937 782 964 itcrttm
798 937 913 965 scribit:

126 991 135 1007 ε
151 983 251 1016 Quinta
268 984 311 1010 die
328 983 532 1010 Clteirottnetus
551 983 691 1011 Romanus
715 983 760 1016 (ad
777 983 910 1011 Basiliutn

123 1030 314 1064 intperatoretn
333 1029 501 1065 Mosynopoli
517 1030 686 1064 versantem)
701 1031 783 1062 venit,
798 1029 915 1057 famulos

123 1085 217 1105 secum
236 1077 375 1104 adducens
391 1075 505 1104 Joannis
522 1076 712 1109 Vladislhlabi,
726 1077 842 1104 AarOuis
858 1077 915 1109 ﬁlii,

123 1128 151 1150 et
172 1123 290 1155 litteras,
309 1123 410 1158 quibus
425 1123 469 1150 hic
489 1122 677 1157 significabat,
694 1131 722 1150 se
737 1122 857 1150 Gabrieli
875 1123 911 1149 vi-

123 1175 176 1196 tam
193 1169 339 1204 eripuisse,
356 1176 484 1204 nuncqlte
500 1169 533 1196 ad
559 1177 588 1196 se
610 1169 724 1196 rediisse
741 1168 913 1203 Bnlgariemn

121 1215 278 1249 imperium,
292 1215 532 1249 promittebatque,
549 1221 577 1241 se
595 1222 704 1242 servum
727 1218 754 1241 et
773 1214 913 1241 subditum

123 1261 280 1295 imperatori
302 1260 369 1288 fore.
389 1269 398 1285 ι

157 1350 204 1378 20.
220 1350 281 1378 llzee
300 1353 390 1378 omnia
408 1350 561 1383 Cedrenus,
572 1351 673 1386 quibus
689 1359 766 1385 sane,
785 1351 916 1378 Badomi-

120 1404 183 1423 rum
201 1404 248 1424 seu
261 1397 427 1431 Uabrielem,
441 1397 487 1432 qui
501 1401 528 1424 et
541 1396 681 1425 Romanus
693 1397 847 1431 dicebatur,
860 1407 913 1426 non

121 1449 136 1467 a
161 1445 259 1468 sattcto
276 1442 425 1474 Demetrio,
443 1442 490 1470 sed
508 1449 523 1469 a
545 1442 662 1474 Joanne,
683 1451 731 1470 seu
744 1463 751 1475 ,
771 1444 808 1470 uti
835 1445 914 1471 aliter

119 1487 203 1515 etiam
223 1488 386 1521 vocabatur,
403 1487 594 1515 Vladisthlabo
612 1489 804 1523 interemptum
817 1489 912 1522 fuisse,

120 1533 295 1567 apertissime
315 1533 408 1559 tratlit.
430 1533 485 1559 Nec
506 1533 598 1560 ntintts
613 1534 639 1559 id
657 1534 777 1561 dilucide
790 1534 912 1562 Zonaras

121 1579 260 1606 memoriae
283 1578 385 1612 prodit.
409 1577 498 1608 Audi.
522 1579 568 1612 qui
590 1578 616 1604 iu
633 1579 795 1612 Annalibus,
820 1587 834 1606 a
852 1588 912 1607 sese

121 1625 263 1652 adornatis
278 1631 406 1658 annoque
421 1625 488 1651 1687
514 1623 628 1652 Parisiis
648 1626 770 1658 excusis,
789 1631 853 1653 tom.
869 1626 889 1653 ll
902 1647 910 1659 ,

121 1678 182 1705 pag.
200 1669 253 1697 226
264 1670 401 1704 loquatur.
422 1679 432 1696 ι
452 1670 491 1697 Ex
516 1671 685 1706 eardiogtuo,
701 1672 790 1705 inquit
811 1672 844 1699 de
864 1672 913 1698 Sa-

121 1717 211 1744 utttelc
224 1716 405 1751 Bulgarorutn
423 1724 498 1752 rege,
513 1716 625 1750 interiit,
642 1717 797 1752 principatu
813 1718 912 1753 Bulga-

121 1771 217 1791 rorum
234 1764 260 1790 in
283 1763 437 1791 Gabriclem
452 1763 536 1790 ﬁlium
549 1785 555 1797 ,
570 1763 618 1798 qui
634 1767 661 1790 ct
677 1763 820 1791 Romanus
838 1765 912 1792 dice-

122 1811 215 1843 batur,
246 1810 380 1838 ttanslato
397 1818 404 1836 :
422 1818 502 1845 quem
516 1830 523 1842 ,
552 1811 674 1837 nondum
702 1819 774 1838 anno
797 1811 911 1845 elapso,

122 1857 208 1883 frater
225 1857 368 1890 patruelis,
382 1857 503 1883 Aaronis
521 1856 593 1883 ﬁlius
610 1856 815 1884 Vladistltlavus
832 1857 914 1884 Joan-

123 1909 173 1929 nes
195 1901 355 1936 (binuminis
375 1902 447 1929 enim
472 1906 499 1929 et
524 1902 568 1928 llic
592 1903 662 1937 erat)
684 1903 796 1930 occidit.
819 1912 828 1928 ι
853 1903 911 1935 Λα,

121 1948 219 1983 paucis
235 1948 414 1982 interpositis,
432 1949 507 1975 addit
522 1957 528 1974 :
549 1948 598 1975 «At
613 1948 750 1976 Samuelis
767 1949 839 1977 ﬁlius
857 1949 913 1976 Ro-

123 2002 221 2021 manus
238 1992 346 2020 Gabriel
364 1993 493 2028 (necdum
513 1995 585 2021 enim
605 2002 693 2022 catstts
712 1994 781 2030 erat)
801 2003 849 2029 per
875 1995 912 2022 le-

121 2046 199 2075 gatos
215 2041 372 2073 ituprratoti
390 2042 502 2075 (Barilio
517 2041 659 2069 Marednni
675 2043 782 2077 nempe)
795 2044 911 2070 servitu-

123 2095 175 2116 tem
202 2089 391 2122 polliccbatur,
413 2095 440 2116 et
465 2095 588 2124 tempore
616 2090 709 2123 aliquo
737 2091 910 2124 interposito,

121 2134 237 2162 Joannis
253 2134 432 2162 Vladisthltvi
448 2136 572 2163 minister
589 2136 666 2163 adest
679 2136 782 2163 cmdcm
799 2136 913 2164 Gabrie-

122 2182 155 2209 lis
171 2183 206 2208 ab
223 2183 287 2209 hero
304 2190 354 2208 suo
372 2182 471 2209 laetatur
496 2183 644 2215 nuntians,
671 2184 772 2217 aliique
786 2184 863 2210 multi
877 2191 912 2211 ex

967 241 1085 268 maxime
1099 249 1160 268 cum
1184 249 1197 267 a
1216 241 1369 274 Radoutiri,
1385 243 1446 270 aliis
1462 242 1597 271 Gabrielis
1612 248 1659 271 aut
1674 245 1756 272 etiam

968 286 1093 320 Romani,
1118 291 1200 314 :etate
1227 282 1275 315 seu
1303 289 1395 315 steculi
1421 289 1557 316 undet-imi
1587 290 1676 323 initio,
1700 299 1756 325 quo

965 334 1119 368 principem
1139 334 1212 360 hunc
1239 335 1331 361 necari
1357 335 1481 369 contigit,
1500 335 1683 362 ducentorum
1701 339 1755 363 cir-

965 381 1034 406 citer
1055 387 1190 407 annorum
1213 380 1313 414 spatio,
1342 381 1381 407 uti
1404 389 1437 408 ex
1466 381 1500 408 iis
1532 390 1592 416 qua:
1610 383 1643 410 de
1659 383 1705 410 il'o
1728 384 1755 409 itt

965 426 1169 454 Commentario
1182 427 1294 461 przcvie,
1308 435 1385 455 ntttn.
1400 427 1445 461 26,
1461 428 1487 455 itt
1504 429 1621 456 medium
1638 430 1756 461 adduxi,

965 475 1053 509 palam
1077 478 1131 507 est,
1156 479 1279 501 remotus
1308 475 1406 501 vixerit
1433 476 1595 511 nullumque
1623 483 1755 511 praeterea

966 521 1128 555 scriptorem
1146 520 1229 546 alium
1246 528 1294 547 seu
1312 521 1496 556 antiquiorcnt
1515 530 1564 550 seu
1579 523 1661 550 etiaut
1684 524 1757 551 dun-

965 570 1041 593 taxat
1066 567 1244 593 recentiorcnt
1271 567 1323 593 sibi
1350 567 1544 603 Sull‘ragantcm
1569 569 1689 602 habeat,
1717 571 1755 596 nti

964 613 1092 648 quisque,
1107 613 1152 647 qui
1169 620 1225 639 rem
1241 613 1416 644 examinarit,
1433 614 1595 646 compcriet.

1000 659 1045 685 2|.
1063 658 1239 686 Radomirum
1261 667 1343 694 porro
1360 660 1386 685 iu
1407 660 1497 686 tnedio
1514 662 1667 693 montium,
1691 663 1756 688 dttut

965 705 1102 732 venationi
1115 713 1226 739 operam
1240 706 1330 736 daret,
1345 705 1430 733 fuisse
1444 707 1578 738 occisutn,
1593 707 1663 734 idem
1678 708 1759 736 Slau-

967 751 1055 777 tacius
1080 750 1106 776 in
1131 750 1287 776 narratione
1312 758 1374 781 sua,
1390 750 1483 778 Graece
1506 752 1588 778 simul
1613 757 1638 778 et
1657 751 1758 779 Latine

965 803 1047 830 supra
1071 795 1203 828 exhibita,
1219 795 1301 823 etiam
1325 796 1458 830 allirmat;
1482 797 1507 824 id
1529 803 1618 826 autem
1645 799 1756 826 util-es.

966 851 1046 877 quam
1065 851 1121 870 rem
1135 851 1148 870 a
1165 843 1268 870 Sancto
1283 848 1378 870 nostro
1392 843 1479 872 fuisse
1493 850 1642 879 patratatn,
1658 853 1672 872 a
1688 853 1760 873 vert-

969 894 1024 916 tate
1041 890 1180 922 abhorret,
1195 891 1258 918 licet
1275 891 1385 918 interim
1399 891 1533 924 Cedrcno,
1547 893 1592 926 qui
1611 893 1685 919 illntn
1699 892 1758 918 Bul-

967 943 1095 970 garornm
1109 944 1217 981 regem,
1239 945 1292 964 non
1307 945 1367 964 eum
1386 937 1482 964 tnediis
1500 937 1526 964 in
1544 938 1681 964 montibus
1695 946 1757 965 ver-

965 986 1072 1009 saretur
1091 983 1286 1016 venationique
1300 990 1413 1017 operam
1431 983 1489 1019 jam
1510 982 1598 1014 daret,
1613 983 1659 1009 sed
1678 988 1734 1009 tttm
1749 1003 1756 1015 ,

965 1035 1027 1054 cum
1045 1028 1077 1054 ad
1095 1029 1266 1056 venationem
1281 1028 1378 1061 exiret,
1392 1036 1440 1055 seu
1455 1029 1523 1062 jam,
1540 1033 1570 1055 ttt
1586 1029 1756 1055 venationem

966 1073 1174 1109 aggrederetur,
1203 1075 1230 1101 in
1267 1075 1380 1110 proeinc
1409 1078 1503 1106 staret,
1534 1080 1671 1109 perempta
1700 1079 1757 1101 tum

966 1120 1061 1153 fuisse,
1079 1128 1158 1154 supra
1179 1121 1230 1147 huc
1246 1119 1416 1154 transcriptis
1433 1119 1524 1147 verbis
1543 1119 1644 1152 tradiit,
1662 1127 1758 1147 asscn.

966 1166 1010 1193 tiri
1035 1166 1146 1199 malim;
1171 1166 1242 1200 quod
1270 1166 1313 1193 hic
1338 1166 1465 1193 lectorem
1498 1165 1587 1192 adhttc
1616 1165 1758 1191 monuisse

965 1217 1123 1245 contentus,
1143 1213 1175 1239 ad
1192 1212 1263 1239 aliud
1283 1213 1374 1244 modo,
1405 1212 1432 1239 in
1448 1219 1502 1247 quo
1526 1217 1630 1247 patrem
1656 1212 1758 1246 pariter

966 1259 1085 1286 Sanctus
1111 1264 1205 1286 noster
1235 1259 1364 1286 habuisse
1399 1265 1552 1290 narratur,
1587 1258 1756 1293 progredior.

965 1305 1123 1338 Christiani,
1140 1306 1278 1340 susceptis
1297 1306 1385 1333 sacris
1405 1313 1456 1341 pro
1471 1306 1659 1340 recuperanda
1673 1304 1758 1330 Terra

964 1356 1060 1378 sancta
1086 1351 1322 1386 expeditionibus,
1339 1351 1514 1378 Antiochiam
1543 1351 1570 1378 in
1596 1355 1758 1384 potestatem

965 1404 1044 1424 suam
1060 1403 1131 1423 anno
1147 1397 1214 1424 1098
1227 1397 1283 1432 jam
1299 1397 1474 1432 redegerunt,
1489 1405 1549 1424 cum
1565 1397 1638 1424 haud
1655 1398 1693 1423 ita
1708 1395 1759 1422 dn-

965 1443 1029 1470 dutn
1053 1449 1114 1478 post
1133 1443 1168 1470 ab
1189 1445 1334 1471 innumero
1358 1443 1557 1471 Saracenorum
1581 1443 1706 1470 exercitu
1730 1443 1757 1469 in

965 1488 1078 1514 civitate
1093 1488 1138 1514 illa
1153 1488 1230 1515 fuere
1245 1489 1380 1520 conclusi,
1393 1489 1604 1522 arctissimaque
1617 1488 1759 1516 obsidione

966 1532 998 1558 ad
1015 1540 1137 1560 summas
1152 1534 1293 1568 angustias
1308 1533 1409 1560 adacti.
1430 1534 1526 1560 Verum
1545 1542 1608 1559 cutn
1628 1534 1737 1560 tandem
1750 1553 1757 1564 ,

964 1586 1018 1613 quo
1038 1579 1114 1606 hisce
1126 1587 1186 1606 sese
1201 1580 1371 1613 expedirent,
1386 1588 1418 1606 ex
1439 1580 1505 1606 utbe
1521 1579 1635 1606 obsessa
1651 1581 1756 1614 egressi

964 1625 1090 1653 inimicos
1111 1631 1206 1653 essent
1225 1626 1331 1657 adorti,
1358 1626 1511 1653 albatorum
1537 1627 1685 1659 exercitus,
1711 1627 1757 1654 cui

964 1671 1118 1699 Demetrius
1134 1672 1237 1706 aliique
1253 1670 1347 1698 Sancti
1363 1671 1459 1706 praeire
1475 1671 1552 1698 l'uere
1564 1672 1714 1706 conspecti,
1730 1672 1757 1700 in

964 1719 1083 1751 ipsorum
1112 1718 1244 1744 :tttxilittm
1270 1722 1368 1745 contra
1397 1718 1551 1745 Saracenos
1578 1726 1593 1745 e
1618 1719 1757 1745 montibus

965 1763 1072 1799 prodire
1086 1770 1128 1791 est
1143 1765 1229 1792 visus.
1245 1762 1284 1791 lla
1305 1765 1330 1791 in
1349 1765 1488 1792 variorttm
1516 1765 1683 1799 scriptarum
1699 1765 1757 1792 col-

964 1809 1089 1841 lectione,
1110 1817 1170 1844 quae
1192 1810 1270 1837 Gesta
1297 1810 1344 1838 Dei
1366 1819 1412 1845 per
1438 1810 1560 1838 Francos
1591 1811 1754 1838 inscribilttr

965 1864 1092 1890 annoque
1109 1856 1175 1882 16H
1196 1857 1328 1884 Hanovize
1347 1857 1398 1884 fuit
1417 1865 1538 1890 excusa,
1564 1861 1693 1884 testatum
1715 1857 1758 1884 l'a-

964 1904 1040 1930 ciunt
1056 1902 1195 1930 Roberttts
1213 1904 1375 1937 monachus,
1393 1903 1536 1931 Baltlricus
1564 1903 1687 1930 Dolcusis
1710 1910 1757 1930 ar-

964 1949 1167 1984 chiepiscopus,
1185 1957 1216 1975 ac
1232 1949 1380 1977 Guibertus
1398 1949 1503 1983 abbas,
1524 1950 1571 1984 qui
1593 1957 1691 1977 ontncs
1717 1949 1756 1976 t'ci

964 2001 1048 2030 gestae
1067 1996 1186 2029 aequales
1205 1996 1347 2023 exstitere.
1515 2019 1522 2028 ,

999 2042 1044 2069 2-2.
1064 2042 1262 2077 Singulorum,
1287 2050 1348 2077 quae
1374 2043 1406 2070 ad
1425 2050 1481 2070 rem
1498 2046 1623 2069 nostram
1643 2042 1757 2077 potissi-

964 2097 1038 2116 mum
1063 2088 1176 2120 faciunt,
1194 2089 1274 2116 verba
1293 2089 1346 2117 huc
1363 2089 1511 2117 transfero.
1535 2089 1675 2116 Robertus
1697 2096 1758 2116 mo-

964 2135 1069 2162 nachus
1084 2154 1091 2166 ,
1109 2143 1169 2170 pag.
1187 2135 1240 2169 64},
1255 2135 1282 2162 in
1298 2134 1431 2162 adornata
1448 2142 1463 2161 a
1480 2143 1542 2161 sese
1560 2134 1758 2168 Hierosolymi-

966 2187 1030 2208 tamt
1051 2182 1163 2208 historia
1177 2202 1184 2214 ,
1210 2182 1258 2209 lib.
1279 2189 1326 2214 vn,
1349 2181 1386 2208 ita
1404 2180 1502 2208 scribit
1520 2189 1527 2207 :
1545 2189 1555 2206 ‹
1573 2180 1641 2206 Dutn
1667 2179 1708 2206 sic
1731 2179 1757 2210 (a

125 2227 277 2255 illustribus
302 2227 426 2262 Bulgaris
451 2228 484 2254 ad
507 2229 699 2264 imperatorem
724 2230 877 2258 conﬂuunt.
898 2241 907 2256 ι
927 2226 949 2254 Ι)
964 2228 1131 2256 Christianis
1154 2228 1300 2255 AntiOChia
1325 2226 1457 2262 egressis)
1486 2231 1620 2257 cerlﬂlll".
1648 2229 1675 2252 οι
1701 2228 1757 2250 lam

123 2273 156 2300 Et
172 2281 246 2300 nunc
259 2273 339 2300 etiam
354 2273 422 2308 Lupi
445 2275 630 2309 prolospatbzc
658 2275 704 2309 qtti
723 2280 750 2302 et
767 2276 826 2311 ipse
843 2277 913 2311 apud

123 2319 300 2346 Mnratorium
312 2339 318 2350 ,
333 2323 399 2346 tom.
419 2318 436 2346 V
459 2318 553 2346 Rerum
569 2320 726 2348 Italicarum
744 2323 914 2355 scriptorum,

123 2373 184 2400 pag.
204 2365 249 2398 Η,
266 2365 406 2392 Radmuiri
428 2371 554 2399 mortem,
572 2375 626 2394 tton
644 2372 741 2394 sancto
758 2368 912 2401 Demetrio,

122 2412 169 2438 sed
194 2411 296 2439 Joanni
322 2419 370 2439 seu
389 2410 578 2439 Vladisthltbo
593 2433 600 2445 ,
619 2413 693 2440 illius
712 2419 842 2448 cognato,
865 2415 914 2442 ad-

124 2458 230 2488 scribit,
251 2458 284 2485 ad
302 2466 358 2485 rem
377 2459 446 2485 hanc
462 2457 591 2486 facientia
609 2461 704 2487 verba.
721 2460 767 2488 Sic
785 2461 886 2488 habent
904 2471 911 2488 :

128 2513 135 2528 t
159 2505 238 2530 Auno
257 2505 324 2531 l0l6
339 2506 450 2533 occisus
474 2510 518 2533 cst
535 2506 608 2533 ﬁlius
633 2507 753 2539 prrctlicti
777 2508 913 2535 Samuelis

124 2550 157 2576 ab
175 2550 236 2584 ejus
254 2551 422 2579 consobrino
440 2551 495 2578 ﬁlio
514 2553 612 2579 Aaroni
633 2559 658 2579 et
684 2554 809 2588 regnavit
824 2554 908 2588 ipse.»

123 2596 190 2622 Cum
216 2604 282 2631 ergo
308 2602 363 2624 tres
391 2598 550 2631 scriptores.
565 2606 646 2633 supra
665 2599 690 2625 itt
707 2607 775 2631 rem,
792 2607 853 2634 quae
869 2601 913 2626 hic

124 2643 292 2669 conﬁcienda
311 2648 381 2675 erat,
395 2644 515 2677 laudati,
532 2644 697 2675 Gabrielem,
716 2653 771 2672 non
787 2653 801 2672 a
818 2652 912 2673 sancto

125 2688 272 2722 Demetrio,
291 2690 339 2717 sed
363 2698 377 2717 a
403 2689 509 2718 Joanne
533 2699 582 2718 seu
611 2690 808 2725 Vladistltlabo,
838 2693 911 2720 nulla

124 2741 236 2767 prorsus
253 2732 347 2762 sant-ti
367 2737 504 2764 mentione
519 2737 601 2769 facta,
618 2737 704 2764 fuisse
722 2738 910 2771 interfectum,

124 2779 339 2810 luculentissitnc
366 2791 442 2816 sane,
471 2783 509 2811 uti
532 2791 547 2811 e
569 2783 625 2818 jam
652 2785 774 2812 recitatis
802 2785 910 2812 illorttm

124 2827 213 2855 verbis
231 2829 334 2864 liqttet,
350 2831 487 2857 memorim
503 2830 630 2864 prodant,
658 2830 802 2857 Stauracio
825 2832 911 2858 enitu-

123 2878 199 2908 vero,
224 2876 268 2910 qui
305 2875 406 2904 Sancto
431 2882 526 2905 nostro
552 2885 646 2907 necem
671 2877 744 2905 illam
775 2878 909 2913 ascribit,

965 2275 1038 2310 longi
1059 2275 1220 2302 certaminis
1248 2274 1393 2309 prolixilas
1420 2277 1526 2308 poterat
1552 2271 1682 2304 tmdiare;
1709 2278 1759 2298 nec

966 2329 1096 2349 munerns
1114 2322 1235 2349 hostium
1252 2321 1397 2348 videbatur
1412 2321 1584 2352 decrescere,
1604 2318 1757 2345 albatorum

966 2368 1082 2395 militum
1101 2368 1310 2395 innumerabilis
1330 2367 1469 2394 exercitus
1486 2367 1560 2393 visus
1575 2370 1617 2392 est
1634 2365 1667 2392 de
1680 2371 1758 2391 mon-

964 2414 1038 2441 tibus
1060 2413 1239 2446 descendere,
1257 2421 1374 2448 qnurntn
1398 2413 1520 2448 signiferi
1548 2417 1574 2439 et
1596 2411 1681 2438 duces
1697 2416 1760 2437 esse

965 2463 1095 2489 tlienntur
1119 2460 1265 2495 GeOrgius,
1283 2459 1439 2490 Mauritius,
1455 2458 1608 2486 Demetrius
1623 2464 1630 2483 :
1648 2463 1716 2490 quos
1729 2459 1759 2481 nt

968 2508 1087 2542 primuttt
1101 2507 1168 2534 vidit
1184 2506 1329 2534 Podieusis
1342 2506 1500 2540 episcopus,
1515 2505 1681 2531 exclamavit
1692 2510 1758 2528 voce

967 2562 1064 2589 magna
1083 2554 1179 2581 diccns
1203 2563 1210 2581 :
1233 2553 1255 2579 0
1273 2553 1386 2583 milites,
1403 2560 1478 2584 ecce,
1498 2552 1572 2578 venit
1601 2550 1734 2577 auxilium
1750 2568 1757 2579 ,

963 2601 1035 2635 qttod
1061 2599 1138 2627 vobis
1165 2599 1292 2634 promisit
1310 2597 1393 2625 Deus.
1414 2598 1446 2624 lit
1465 2601 1540 2624 certe
1569 2595 1655 2622 nostri
1679 2594 1758 2621 valde

964 2647 1138 2681 cxpavissent
1153 2666 1159 2678 ,
1187 2645 1240 2672 nisi
1268 2644 1366 2672 fuisset
1389 2651 1464 2678 spes,
1491 2651 1573 2678 quam
1593 2643 1620 2669 in
1641 2641 1757 2668 Domino

966 2693 1112 2719 habebant.
1139 2691 1254 2719 Tremor
1279 2691 1418 2718 maximus
1443 2689 1524 2718 irruit
1551 2690 1577 2716 in
1605 2690 1711 2720 hostes,
1729 2693 1756 2714 et

965 2739 1052 2766 versis
1068 2738 1200 2768 vultibus.
1215 2738 1302 2765 scutis
1319 2743 1393 2772 terga
1412 2738 1551 2771 coopet'iut
1566 2741 1585 2767 t,
1601 2740 1628 2763 et
1646 2735 1734 2770 fugam
1747 2755 1755 2766 ,

965 2791 1019 2822 quo
1038 2784 1185 2817 unicuique
1206 2785 1283 2810 locus
1309 2783 1403 2815 dabat,
1428 2783 1573 2824 arripiunt.
1600 2781 1666 2808 Pars
1685 2781 1730 2807 illa
1749 2801 1755 2811 ,

965 2837 1025 2863 quae
1040 2837 1054 2856 a
1077 2834 1153 2865 parte
1170 2829 1308 2865 pugnabat
1327 2830 1424 2860 maris,
1445 2835 1473 2856 ut
1486 2829 1554 2856 vidit
1571 2828 1661 2864 lugatn
1683 2835 1755 2855 suo—

965 2885 1037 2910 rutn,
1055 2876 1144 2912 ignem
1163 2878 1264 2912 sparsit
1279 2884 1361 2912 super
1376 2884 1487 2912 geanzcn
1506 2877 1606 2911 campi,
1619 2875 1691 2911 quod
1708 2882 1753 2901 ce-
