2038 3151
255 161 322 194 illi

906 151 1233 184 SUl’i’LEMEN'l‘Uil.

1819 139 1887 172 1412

253 219 347 247 lcritcr
363 217 442 248 arsit,
465 216 528 250 quia
550 214 615 241 illu.l
643 214 795 240 siccavtrat
821 211 903 238 ardor
929 211 1043 237 wstatis.
1062 211 1083 240 Α
1098 212 1244 238 testantur,
1258 214 1351 232 verum
1368 204 1448 232 ctiant
1464 204 1532 238 apud
1547 200 1696 228 Cltcsnium
1708 203 1774 226 lout.
1789 198 1823 225 IV
1837 197 1889 250 {Ie-

255 267 318 294 lla-c
336 265 397 292 ideo
411 264 547 293 feetzrttnt.
562 266 592 288 ut
610 261 662 288 hoc
676 260 756 294 signo
768 259 805 286 illi
818 259 864 293 qui
877 259 903 284 in
921 257 1046 285 tentoriis

254 317 346 344 erant,
364 311 456 338 statim
480 309 615 343 fugerent.
631 311 658 334 ct
672 300 876 334 secutn'ditiora
893 303 979 338 spolia
997 303 1046 330 tol-

257 360 357 385 lerent.
374 357 413 384 Illi
442 363 517 386 vero,
545 354 655 388 cognito
683 354 760 388 signo
774 373 782 385 ,
800 352 845 386 qui
865 351 890 377 itt
909 350 1048 377 montibus

256 408 346 435 erant,
377 404 504 438 protinus
532 400 660 435 fugerunt
680 406 742 425 cunt
773 397 902 424 omnibus
929 395 1047 430 spoliis,

259 459 319 484 qua:
336 455 444 484 portare
462 448 619 475 valuerunt.
647 455 655 471 I
685 445 825 472 llactcttus
845 444 969 470 laudatus
988 449 1049 468 uto-

259 497 366 524 nachus
394 495 533 522 Robertus
551 501 558 518 :
576 492 609 520 ad
629 491 783 518 lialdricum
811 489 1048 524 archiepiscopum

257 543 313 577 jam
334 543 425 569 venio.

297 589 343 616 25.
361 588 409 614 llic
425 586 545 622 praefata:
562 583 749 613 Collectionis,
765 589 825 616 pag.
852 581 910 612 121,
929 580 956 606 in
983 587 1050 606 con»

261 640 335 662 texta
352 643 365 661 a
389 641 419 661 se
436 632 686 666 Hierosolymitana
704 628 817 655 historia
834 626 974 661 sequentia
1001 625 1054 653 ist-

261 682 320 709 htec
336 679 425 714 prodit
444 678 583 705 memoria:
602 684 609 703 :
625 685 634 702 ι
650 676 729 706 Ecee,
744 674 799 701 Deo
811 673 924 708 gratias.
942 672 1053 706 abipsis

263 727 403 755 montanis
420 726 496 759 (dum
513 724 619 751 scilicet
633 727 728 750 contra
741 722 892 748 Saracenos
904 719 1054 746 Christiani

264 780 349 808 prope
362 771 535 799 Antiochiam
555 777 663 796 summo
679 767 838 794 discrimine
855 763 1055 800 prmliarentur)

264 819 340 846 visus
355 822 397 845 est
414 817 490 844 exire
505 816 642 842 exercitus
658 812 876 849 innumerabilis,
891 812 970 846 equis
986 810 1057 837 albis

265 863 427 894 insidentes,
444 866 471 889 et
495 861 592 888 vexilla
621 859 736 887 candida
764 859 790 884 in
817 858 943 884 manibus
960 855 1056 891 praefe-

1099 262 1156 281 rum
1179 253 1369 280 Francicarum
1382 250 1541 284 scriptorum
1556 247 1593 274 rei
1608 246 1734 273 oettlatus
1749 245 1827 272 testis
1841 244 1890 271 Pe-

1099 305 1158 326 trus
1169 298 1345 328 Tudebodus.
1361 295 1533 322 Sittracensis
1548 293 1687 323 sacerdos.
1701 300 1749 319 seu
1765 292 1857 326 potius
1870 292 1893 319 is

1099 346 1146 381 qui
1169 345 1334 380 prolixiores
1351 341 1494 370 Tutlebudi
1510 339 1734 370 commentarios,
1754 337 1894 364 narratio-

1100 393 1181 420 nibus
1196 393 1314 419 interim.
1328 398 1396 425 quas
1411 390 1435 415 hi
1449 388 1601 418 continent,
1614 385 1729 412 ﬁdeliter
1741 383 1893 419 expressis.

1100 442 1127 467 in
1146 439 1339 473 corttpendiunt
1354 436 1502 463 contraxit.

1136 487 1180 514 Q5.
1201 485 1238 512 En
1251 486 1330 516 adeo,
1342 492 1403 510 cum
1418 483 1443 509 id
1462 483 1498 508 ita
1513 481 1619 510 habeat.
1633 480 1715 514 hujus
1729 479 1822 508 etiam,
1834 484 1898 511 quae

1105 533 1137 560 ad
1156 539 1276 568 pra-setis
1292 530 1448 558 institutum
1465 527 1614 563 pertint-nt,
1633 525 1775 560 Scriptoris
1791 524 1895 550 verba:

1104 580 1268 613 «Ωαιρθτηηι
1282 583 1378 604 llll'nlit:
1388 575 1540 603 Tureorttm
1552 582 1584 600 ex
1594 577 1708 607 utraque
1721 577 1797 606 parte
1809 570 1897 601 exire,

1104 630 1265 658 nostrosque
1277 623 1396 657 undique
1411 620 1664 653 circumcingebant
1676 639 1683 650 ,
1701 616 1854 652 iaculando
1871 620 1898 642 ct

1104 671 1256 706 sagittatttlo
1269 675 1295 696 et
1311 668 1491 696 vulnerando.
1507 667 1641 694 Exierunt
1653 673 1764 700 quoque
1776 664 1810 690 de
1822 671 1898 689 mon-

1105 717 1192 744 tatteis
1208 715 1422 743 innumerabiles
1439 715 1587 746 everritus,
1604 713 1648 747 qui
1664 711 1798 738 ducebant
1811 716 1898 743 equos

1106 767 1182 793 albos
1191 787 1201 799 ι,
1218 774 1335 799 qttorum
1352 766 1450 793 vexilla
1466 765 1558 791 omnia
1582 764 1642 790 alba
1657 766 1745 790 ciant.
1770 761 1899 788 Videntt‘s

1106 814 1198 846 itaque
1220 813 1306 839 nostri
1328 812 1400 838 hunc
1415 812 1567 838 exercitum
1582 809 1763 844 ignorabant,
1787 807 1836 841 qui
1854 813 1899 833 es»

1107 865 1178 891 sent,
1199 859 1285 885 donec
1302 862 1489 893 cognoverunt
1521 864 1580 883 esse
1596 855 1761 890 adiutorium
1779 852 1898 885 Curisti,

267 914 368 936 rentes.
386 908 443 935 Hoc
461 907 538 934 multi
559 905 687 933 viderunt
702 904 934 935 Christianorum,
947 907 973 929 et
985 903 1056 929 sicut
1072 889 1094 918 Β
1115 906 1187 933 sicut
1204 905 1342 932 ιιιοιιιιιινίι
1365 905 1418 931 illis
1442 911 1490 938 per
1507 889 1678 936 Stephanum
1705 900 1876 928 sacerdotem
1889 917 1898 929 ν

266 961 376 990 putant,
393 955 536 990 gentilium
551 962 559 986 ;
576 956 604 980 et
619 953 779 979 batsitantes
793 951 965 977 mirabantur
977 949 1058 983 quid-

267 1011 332 1031 nant
349 1007 433 1030 esset.
447 1000 569 1028 Tandem
587 999 695 1033 utrique
709 1001 899 1032 cognoverunt
915 998 998 1023 duces
1013 1004 1061 1030 ag-

267 1048 351 1076 minis
368 1053 494 1074 sanctum
511 1044 658 1079 Georgium
690 1046 717 1069 et
740 1047 866 1069 sanctum
890 1040 1058 1068 Demetrium

266 1101 293 1122 et
309 1098 433 1122 sanetum
453 1091 636 1122 Mercurium,
653 1097 702 1117 sua
724 1089 801 1124 signa
821 1088 940 1115 ferentes
957 1094 1060 1122 praten-

268 1141 345 1167 dere.
368 1138 515 1166 Saracenis
531 1143 596 1170 ergo
622 1135 691 1162 visio
719 1135 776 1161 haec
803 1134 918 1160 ntultum
943 1133 1061 1160 incussit

269 1187 397 1213 timorem
409 1206 418 1218 ,
434 1183 599 1212 Christianis
615 1187 706 1209 autent
723 1188 798 1216 spent
813 1182 889 1207 auxit
900 1181 1038 1207 meliorem
1052 1189 1060 1213 ;

270 1233 339 1260 istos
355 1231 498 1264 animavit,
514 1230 575 1257 illos
591 1228 754 1257 exittanivit.
768 1227 835 1260 lloc,
851 1228 896 1260 qui
912 1226 1061 1263 aﬂuerunt,

270 1277 348 1304 multi
363 1275 511 1311 contigisse
526 1275 616 1302 testati
633 1273 717 1304 sttnt‘;
735 1280 788 1299 non
807 1277 897 1298 tamen
921 1272 948 1298 id
965 1278 1063 1298 otttncs

271 1323 363 1349 videre
389 1325 559 1356 potuerunt,
578 1320 626 1348 sed
643 1319 744 1354 quibus
763 1319 895 1346 Dominus
911 1317 997 1345 voluit
1015 1324 1059 1343 ar-

270 1375 370 1395 canum
403 1375 484 1394 suum
508 1366 648 1397 revelare;
671 1365 801 1392 revelavit
833 1368 924 1390 autem
951 1363 1013 1390 aliis
1030 1363 1062 1389 ad

272 1414 466 1441 confusionem
481 1433 489 1445 ,
506 1413 569 1440 aliis
585 1412 618 1438 ad
635 1412 766 1439 instantis
783 1410 914 1444 triumphi
926 1410 1063 1436 OSlellalO-

274 1467 348 1486 nom.
373 1459 459 1485 Porro
476 1457 612 1484 mendacii
635 1463 716 1483 nettto
737 1463 786 1482 nos
805 1456 953 1489 redarguat
967 1475 975 1487 ,
999 1455 1064 1488 quia

274 1505 343 1531 nihil
359 1511 392 1530 ex
410 1503 495 1530 corde
520 1508 615 1530 nostro
639 1501 787 1536 ﬁngimus;
803 1503 850 1528 scd
868 1499 940 1534 quod
958 1500 1050 1525 audivi

1110 960 1227 988 quorum
1243 952 1370 978 ductores
1385 950 1492 977 fuerunt
1507 955 1620 976 sanctus
1633 947 1777 981 (iemgius,
1794 952 1822 973 et
1836 946 1900 972 bea-

1110 1003 1154 1026 tus
1161 998 1273 1026 Tlteodo
1279 1005 1324 1024 rus
1335 1001 1361 1024 et
1372 1001 1483 1024 sanctus
1493 996 1657 1022 Demetrius.
1668 993 1731 1020 litec
1745 993 1825 1018 verba
1840 998 1902 1017 cre-

1110 1044 1199 1072 denda
1222 1048 1297 1074 sunt,
1318 1042 1381 1077 quia
1398 1043 1491 1077 plures
1506 1049 1536 1068 ex
1551 1041 1651 1067 nostris
1665 1039 1790 1066 viderunt
1806 1039 1869 1065 huc.
1888 1047 1897 1062 ι

1111 1095 1199 1125 Atque
1215 1093 1251 1117 ita
1277 1089 1462 1124 prodigiosum
1476 1109 1483 1120 ,
1511 1089 1544 1114 tle
1561 1095 1615 1121 quo
1633 1087 1676 1113 hie
1693 1087 1772 1113 ttobis
1789 1093 1881 1112 sermo
1893 1105 1901 1116 ,

1112 1138 1224 1168 factumI
1251 1137 1417 1170 scriptorum
1435 1135 1654 1170 synchronorum
1667 1153 1674 1164 ,
1691 1141 1808 1168 qttorttttt
1831 1139 1903 1158 unus

1111 1183 1194 1210 etiam
1211 1182 1335 1216 ipsismet
1348 1182 1406 1208 suis
1421 1180 1508 1207 oculis
1533 1187 1589 1206 rcut
1606 1179 1688 1206 fuerit
1711 1180 1839 1209 intuitus,
1858 1178 1904 1205 lir-

1113 1233 1215 1256 utatunt
1241 1228 1390 1260 habemus;
1419 1227 1485 1254 licet
1510 1231 1600 1252 autent
1617 1226 1642 1251 bi
1659 1225 1732 1252 haud
1753 1233 1850 1252 oti-nus
1877 1225 1904 1251 iit

1113 1274 1266 1301 coelestith
1290 1273 1401 1303 ducum,
1429 1279 1546 1306 quoruttt
1573 1271 1705 1296 auxilium
1729 1270 1902 1296 Christianos

1114 1319 1192 1344 aiuttt
1209 1322 1350 1352 expertos,
1371 1314 1538 1350 assigttando
1561 1315 1641 1341 tertio
1665 1314 1845 1346 conveniant,
1869 1313 1902 1340 iis

1115 1368 1205 1390 tanton
1224 1362 1345 1389 unanimi
1370 1368 1506 1388 consensu
1532 1366 1627 1386 omnes
1652 1363 1777 1386 sanctum
1807 1359 1904 1386 Dente-

1114 1411 1198 1437 trium
1233 1417 1286 1436 ttna
1313 1417 1375 1436 cum
1407 1412 1503 1435 sancio
1525 1406 1642 1440 Georgio
1670 1413 1828 1433 accensent.
1850 1405 1905 1433 Nec

1117 1461 1222 1483 tantunt
1244 1456 1271 1482 hi
1289 1456 1455 1489 posteriores
1480 1453 1574 1480 Sancti
1592 1453 1619 1480 in
1639 1460 1722 1487 supra
1749 1457 1903 1479 tnctnorato

1116 1504 1148 1530 ad
1166 1503 1338 1530 Antiochiam
1355 1501 1460 1536 praelia,
1477 1508 1572 1528 verum
1586 1500 1668 1527 ctiaut
1680 1501 1706 1526 iu
1720 1500 1817 1528 altero.
1831 1499 1904 1534 quod

273 1558 347 1584 ntus,
363 1550 388 1577 id
406 1554 552 1580 testamur,
568 1552 596 1575 et
612 1547 800 1575 testitttoniuttt
821 1551 943 1573 nostrum
966 1553 998 1572 ex
1018 1553 1063 1572 ore

1118 1550 1181 1576 huic
1202 1549 1325 1584 pt'anvit.
1341 1556 1411 1574 anno
1426 1547 1493 1574 1097
1511 1554 1661 1580 paucorunt
1679 1546 1782 1572 dierum
1808 1546 1907 1572 itinere

273 1605 368 1625 eorum
386 1596 432 1630 qui
449 1595 481 1622 ad
500 1595 621 1626 fuerunt,
640 1601 732 1620 verum
750 1598 801 1620 est.
815 1602 825 1618 ι

310 1642 355 1669 ξι.
379 1641 416 1668 Ita
436 1641 580 1668 Ualdricus
595 1658 604 1672 ,
633 1647 694 1674 qua:
723 1646 806 1673 supra
833 1637 955 1664 recitatis
977 1636 1067 1664 verbis

276 1688 414 1716 Robertus
437 1687 589 1714 monachus
609 1685 714 1717 tradit,
734 1684 950 1712 luculentissinte
967 1683 1067 1711 conﬁr-

276 1739 342 1761 utat.
360 1733 414 1760 Nec
429 1734 522 1760 minus
533 1734 558 1760 id
577 1733 730 1760 luculenter
746 1731 812 1758 facit
823 1731 972 1758 Guibertus
981 1731 1067 1758 abbas

278 1779 305 1805 itt
323 1778 570 1812 llicrosolyntitana
587 1777 688 1810 pariter
701 1785 717 1803 :t
733 1784 762 1802 se
772 1777 934 1803 concinttata
947 1775 1068 1803 llistoria

279 1824 451 1851 collectionis
470 1822 602 1858 praefatae,
619 1824 664 1849 cui
681 1826 705 1849 et
724 1821 820 1849 istbmc
837 1821 940 1848 inserta
957 1826 1047 1848 exstat
1060 1841 1068 1854 ,

279 1877 341 1904 pag.
354 1869 407 1896 525
425 1870 463 1897 ita
478 1869 604 1897 scribens
619 1877 626 1895 :
645 1877 654 1894 ι
674 1868 707 1895 Ει
720 1875 796 1899 ecce,
808 1867 894 1902 copia:
910 1868 1070 1894 innumera-

279 1916 349 1943 bich
377 1915 453 1949 (dum
486 1914 637 1942 Christiani
663 1914 770 1942 scilicet
796 1918 891 1940 contra
916 1914 1069 1941 Saracenos

279 1969 364 1996 prope
375 1952 715 1994 Antiocltiam\decertant)
726 1965 870 1994 coeperunt
880 1959 914 1987 de
930 1961 1072 1988 montibus

279 2015 430 2043 etnergere,
447 2016 565 2042 quorum
584 2012 611 2034 et
625 2009 689 2042 equi
708 2012 736 2034 et
754 2007 833 2042 signa
850 2009 937 2034 multo
952 2008 1071 2034 candore

280 2054 404 2083 nitebant
416 2062 423 2087 ;
435 2054 538 2082 nostris
549 2059 639 2080 autem
652 2053 789 2080 maximus
804 2052 838 2080 ad
854 2061 949 2080 eorutn
962 2054 1070 2081 contui-

280 2104 338 2127 tum
355 2105 453 2134 stupor
469 2100 598 2132 increvit,
616 2099 775 2127 verentibus
792 2099 899 2134 utique,
915 2106 949 2127 ne
962 2106 1073 2127 contra-

280 2145 329 2172 ria:
342 2145 469 2173 venirent
484 2145 681 2172 adminiculum
699 2144 772 2173 ferre
788 2145 857 2179 parti
870 2164 879 2176 ,
895 2144 983 2172 donec
996 2154 1072 2172 cont-

281 2191 400 2226 periunt,
427 2191 454 2218 id
480 2191 539 2218 fore
555 2191 640 2218 etiam
667 2190 812 2217 visibiliter
837 2190 890 2218 sibi
918 2191 1069 2225 prmatitutn

1117 1603 1131 1621 a
1142 1593 1231 1620 Nicata
1244 1594 1390 1621 conuuissa
1401 1592 1566 1620 Christianis
1578 1599 1660 1620 cruce
1672 1592 1907 1627 signatissuccur-

1117 1641 1186 1668 tisse
1203 1645 1358 1667 narrantur.

1151 1686 1197 1713 26.
1217 1686 1243 1712 ltt
1259 1694 1340 1720 supra
1355 1685 1475 1718 laudata,
1493 1693 1553 1719 qua:
1569 1684 1648 1712 Gala
1666 1684 1714 1711 Dei
1731 1692 1776 1719 rer
1789 1684 1906 1712 Francos

1121 1731 1283 1758 inscribitur
1296 1751 1303 1763 ,
1330 1733 1495 1765 scriptorum
1515 1731 1651 1757 variorum
1675 1731 1844 1758 Collectione
1860 1739 1908 1757 au-

1117 1785 1177 1805 ctor
1190 1779 1321 1808 incertus,
1334 1777 1511 1808 Francorum,
1521 1776 1671 1804 Jerusalem
1681 1778 1906 1811 cxpuguantium,

1120 1829 1198 1859 gesta
1218 1825 1387 1855 describens,
1403 1825 1499 1856 relato,
1516 1824 1542 1850 iit
1565 1832 1619 1858 quo
1637 1832 1650 1850 a
1668 1824 1833 1851 Christianis
1845 1831 1908 1851 crn-

1119 1878 1152 1897 ce
1165 1870 1279 1905 signatis
1295 1870 1417 1896 inlideles
1435 1878 1530 1905 magna
1548 1871 1625 1897 clade
1653 1875 1715 1904 post
1736 1875 1844 1903 captam
1862 1870 1908 1897 Ni-

1119 1925 1202 1944 caeam
1221 1917 1271 1944 i'usi
1290 1917 1375 1947 fuere,
1394 1917 1554 1947 certatttitte.
1572 1924 1635 1944 mox
1650 1917 1790 1952 subiungit
1805 1925 1812 1942 :
1831 1927 1840 1942 ‹
1858 1917 1910 1943 Rt:-

1120 1963 1203 1990 latutn
1220 1970 1262 1991 est
1277 1972 1341 1999 ergo
1357 1967 1451 1998 postca
1470 1971 1484 1991 a
1497 1963 1672 1998 quibusdam,
1685 1966 1748 1998 quia
1761 1965 1814 1990 duo
1831 1965 1910 1999 equi-

1123 2015 1175 2043 tes,
1194 2011 1221 2037 in
1237 2010 1308 2038 albis
1326 2011 1414 2038 vestiti
1432 2031 1439 2042 ,
1461 2018 1544 2046 super
1569 2018 1654 2045 equos
1673 2011 1748 2038 albos
1764 2011 1908 2044 sedentes,

1121 2055 1231 2083 Turcos
1267 2064 1315 2090 per
1345 2056 1467 2083 triduum
1500 2061 1739 2091 persequerentur.
1770 2057 1909 2088 dicentes,

1122 2110 1207 2129 tinum
1223 2102 1308 2130 luisse
1322 2102 1468 2137 Georgium
1481 2122 1488 2134 .
1505 2103 1620 2130 alterum
1636 2110 1700 2130 vero
1717 2103 1801 2131 fuisse
1816 2103 1912 2130 Dente-

1123 2149 1216 2180 trium,
1235 2153 1370 2184 martyres
1384 2149 1527 2184 gloriosos.
1550 2159 1560 2175 ι
1578 2151 1681 2178 Auctor
1697 2151 1826 2185 quidem,
1843 2151 1910 2185 qui,

1122 2196 1195 2229 quod
1208 2195 1299 2222 verbis
1312 2196 1386 2222 hisce
1398 2196 1544 2226 astruitttr.
1562 2197 1696 2230 perhibet.
1710 2197 1816 2231 sibique
1827 2196 1909 2224 etiam

281 2237 447 2271 ῑάίιηοτίυη)
459 2237 574 2265 διπίδιί·
585 2237 708 2270 Quorum
722 2237 877 2272 ⁵Ρεεί²¹ῖῑε¹⁵
887 2236 971 2264 fuisse
983 2236 1067 2264 duces
1085 2240 1109 2267 D
1120 2241 1231 2269 Petrum
1249 2242 1395 2269 diaconum
1416 2243 1443 2269 itt
1471 2241 1600 2269 Chronico
1623 2243 1788 2275 Casxinettsi,
1809 2243 1857 2270 lib.
1874 2251 1912 2275 tv,

281 2285 386 2319 opinati
404 2289 467 2311 suut
478 2284 614 2320 gloriosos
630 2287 690 2319 post
702 2283 826 2309 militiam
839 2289 972 2319 martyres
985 2281 1069 2310 Geor-

282 2330 369 2365 gium,
383 2329 549 2357 Mercurium
560 2334 643 2364 atque
654 2328 833 2357 Demetrium.
844 2329 906 2356 Haac
917 2336 932 2355 a
945 2332 1069 2356 nostrum

285 2375 414 2411 plurimis
431 2375 488 2402 visa
501 2396 509 2408 ,
524 2380 553 2403 et
570 2383 631 2403 cum
646 2375 719 2407 aliis,
735 2383 798 2411 quae
814 2375 946 2407 viderant,
962 2375 1071 2417 retulis-

282 2426 354 2453 sunt,
379 2423 471 2456 plena,
490 2425 520 2449 ut
543 2430 592 2457 par
617 2426 688 2456 erat,
704 2423 757 2450 lide
778 2425 844 2449 sunt
865 2422 980 2449 credita.
999 2422 1032 2449 Et
1047 2423 1070 2449 si

282 2467 445 2495 Maeltabatis
460 2467 525 2495 olim
541 2475 590 2503 pro
604 2468 815 2496 circumcisione
826 2473 854 2495 et
865 2476 949 2496 carne
958 2468 1071 2503 porcina

284 2514 473 2548 pugnantibus
499 2513 613 2541 evidens
641 2515 802 2548 apparuisse
828 2514 927 2549 legitur
956 2515 1070 2542 ct'eleste

283 2560 455 2593 suﬂragiunt,
474 2565 579 2595 quanto
595 2561 712 2594 amplius
727 2560 770 2587 his
784 2560 891 2593 debuit,
909 2561 953 2595 qui
968 2569 1017 2595 pro
1033 2569 1074 2588 re-

286 2606 384 2639 purgio
410 2604 536 2632 ecclesiis
560 2604 716 2631 adhibendo
741 2609 768 2632 et
791 2609 866 2632 statu
887 2605 947 2632 ﬁdei
968 2613 1072 2640 propu—

283 2650 394 2684 gttando
408 2649 461 2676 fusi
477 2650 618 2683 sanguinis
633 2649 743 2678 Christo
757 2650 880 2678 detulere
895 2652 1046 2678 servitium.
1060 2662 1069 2678 ι

283 2694 338 2722 Nec
359 2696 384 2722 lti
403 2701 508 2722 tantum
524 2701 579 2724 tres
595 2698 745 2731 Scriptores
757 2717 764 2728 ,
783 2705 865 2732 supra
881 2697 996 2724 laudata:
1010 2698 1069 2724 Cul-

284 2739 397 2767 lectiotti
416 2741 525 2773 inserti,
541 2749 658 2776 qttorunt
679 2743 760 2768 verba
773 2742 829 2776 iant
845 2742 982 2775 dedimus,
996 2742 1074 2769 alba-

287 2791 378 2813 torum
403 2788 538 2821 militum,
557 2789 658 2822 quibus
675 2794 788 2816 sattetus
807 2789 959 2816 Demetrius
974 2790 1074 2824 aliique

285 2832 340 2859 duo
356 2834 443 2860 sancti
463 2836 558 2868 pratire
569 2836 670 2862 fu‘criut
682 2837 832 2870 conspecti.
849 2837 980 2863 visionem
995 2836 1075 2863 Cltti-

283 2877 384 2919 stianis
395 2880 422 2907 in
433 2879 610 2908 celeberrima
619 2882 651 2909 ad
660 2882 832 2910 Antiochiam
842 2890 930 2918 pugna
943 2883 1073 2916 oblatam,

1121 2296 1181 2324 cap.
1202 2289 1246 2322 ll,
1265 2290 1459 2325 sull'ragcntem
1475 2291 1574 2324 habet,
1593 2291 1711 2318 militum
1738 2292 1890 2318 albatorum
1903 2312 1911 2321 ,

1121 2336 1179 2370 qtti,
1208 2336 1312 2363 sanctis
1335 2335 1451 2370 Georgio
1469 2344 1500 2364 ac
1522 2336 1658 2364 θωπί-ιι·ίο
1673 2338 1789 2365 ducibus
1801 2358 1807 2369 ,
1824 2339 1850 2364 irt
1867 2347 1911 2364 su-

1122 2389 1170 2416 pra
1191 2382 1278 2408 relaw
1293 2383 1326 2408 ad
1341 2382 1515 2410 Antiochiam
1533 2384 1626 2417 praelio
1647 2384 1812 2411 Cinistianis
1832 2393 1914 2412 cruce

1121 2426 1237 2460 signatis
1249 2429 1459 2459 succurrerint,
1479 2427 1609 2455 visionem
1633 2429 1785 2456 mirandam
1803 2431 1914 2457 silent/3

1123 2471 1247 2505 involvit,
1264 2473 1337 2507 quod
1351 2477 1377 2499 et
1392 2472 1486 2500 Petrus
1502 2474 1635 2501 diaconus
1647 2476 1770 2508 proxime
1786 2477 1914 2503 laudatus

1123 2515 1206 2550 facit;
1224 2518 1288 2544 ltine
1304 2523 1395 2545 autem
1416 2520 1546 2546 visionem
1559 2540 1565 2550 .
1580 2528 1640 2551 qua:
1660 2521 1686 2547 itt
1702 2522 1794 2555 prrelio
1810 2523 1842 2548 ati
1861 2523 1915 2549 An-

1123 2562 1254 2589 tlochiam
1275 2564 1379 2594 evenit,
1397 2572 1537 2599 perperam
1555 2566 1586 2592 ad
1603 2567 1725 2600 praelium
1737 2588 1744 2598 ,
1763 2576 1912 2601 Isaurorum

1124 2607 1230 2635 dicrutn
1248 2609 1345 2636 itinere
1361 2619 1375 2637 a
1397 2610 1484 2637 Nic-asa
1503 2617 1580 2638 antea
1597 2615 1786 2645 t-ottttttissttttt,
1806 2623 1820 2640 a
1839 2616 1916 2641 tluci-

1125 2655 1177 2682 bus
1193 2656 1247 2683 illis
1263 2658 1446 2692 srriploribus
1464 2659 1557 2685 referri
1573 2681 1581 2690 ,
1595 2668 1649 2686 ttott
1668 2668 1747 2686 nemo
1763 2662 1830 2687 forte
1847 2669 1914 2687 cou-

1126 2702 1225 2730 tt-ttdel.
1245 2701 1345 2729 Verum
1362 2705 1412 2730 etsi
1430 2705 1512 2730 etiam
1529 2706 1568 2731 vel
1591 2715 1622 2732 ex
1648 2714 1680 2732 co
1697 2707 1824 2737 maxime,
1844 2709 1915 2742 (μιυά

1125 2747 1191 2774 nulli
1210 2756 1324 2782 prorsus
1341 2751 1488 2784 scriptores
1506 2753 1549 2778 alti
1566 2752 1691 2784 \isionis,
1711 2761 1772 2787 qum
1786 2756 1811 2778 in
1827 2762 1915 2787 pugna

1127 2799 1248 2825 proxime
1266 2800 1327 2828 post
1353 2801 1458 2829 captant
1479 2796 1595 2823 Nicaraut
1619 2798 1786 2824 Citrtstianis
1814 2804 1917 2832 pariter

1127 2838 1209 2864 fuerit
1225 2840 1332 2871 oblata,
1355 2842 1520 2869 utcttliottetlt
1543 2843 1656 2874 faciant,
1674 2851 1838 2878 Sti’liiltﬂ‘ulul
1857 2846 1916 2871 lau—

1128 2883 1255 2911 datorum
1271 2893 1349 2913 error
1369 2886 1526 2922 huiusmodi
1543 2895 1596 2916 non
1614 2889 1750 2916 immerito
1767 2897 1850 2923 queat
1865 2899 1918 2917 ve-
