2038 3151
161 148 231 180 1413

678 145 710 176 S.
732 144 922 175 DEMETRII
943 139 1138 174 MARTYRIS
1157 145 1264 176 ACTA.

1711 145 1781 178 1411,

147 214 282 242 rosiinilis
300 213 397 244 videri,
412 212 469 240 fieri
488 216 578 239 tamen
597 215 705 246 potest,
724 215 752 237 ut
769 210 933 237 Christianis
948 217 973 242 Α
990 219 1105 246 gnoscas
1123 212 1264 246 profiteri,
1287 211 1396 247 inquire
1410 217 1436 240 et
1458 213 1548 246 hodie,
1565 219 1593 242 et
1617 222 1689 247 cras,
1709 220 1737 244 et
1753 217 1781 244 iri

145 261 268 289 visiones
286 260 346 287 dua:
362 259 465 286 similes
484 258 600 286 diversa:
612 278 619 288 ,
642 258 726 284 altera
743 258 770 284 in
789 257 882 292 prailio
905 258 939 284 ad

145 305 346 337 Antiochiam,
374 304 459 331 altera
486 304 513 331 in
542 304 635 339 praelio
664 303 814 335 anteriori,
839 303 940 330 fuerint

144 353 256 384 oblatae,
274 359 391 386 quarum
412 351 530 385 priorem
549 350 671 385 quidem,
698 349 771 384 quod
788 357 848 377 eam
875 357 937 384 per-

145 402 268 431 spectam
287 397 358 424 haud
379 396 536 427 habuerint,
553 395 646 422 ultirrro
662 403 676 422 a
697 395 776 423 nobis
793 395 938 422 memorati

146 445 201 470 duo
218 447 347 470 auctores
362 449 415 469 non
432 441 580 471 narraririt.
597 441 777 476 posteriorem
792 449 857 468 vero
872 443 937 468 scri-

145 494 241 524 ptores
264 488 322 519 alii,
349 487 422 522 quod
448 494 522 518 eam,
542 491 637 522 utpote
654 495 736 522 qtrarn
764 487 843 521 pauci
868 487 937 513 dun-

142 529 287 565 taxat,'uti
313 541 344 559 ex
372 532 440 567 ipsis
458 532 580 567 proxime
603 533 676 559 datis
701 532 793 559 verbis
820 532 937 564 videtur,

144 582 337 612 spectassem,
365 585 415 612 pro
442 578 534 605 minus
555 583 630 606 certa
655 578 797 611 haberent,
824 578 935 606 silentio

145 625 345 660 praeterierint.

179 694 225 720 27.
243 693 329 721 Porro
343 697 500 721 sanctorum
514 692 635 728 Georgii,
654 692 780 720 Demetrii
813 697 840 719 et
858 692 932 720 iliau-

143 741 212 773 ritii,
237 741 283 775 qui
308 739 471 771 Christianis
489 746 570 766 cruce
584 739 698 774 signatis
714 738 854 773 suppetias
878 738 931 765 fcr-

141 791 216 819 rent,
230 786 362 814 visionem
378 785 493 812 subinde
504 785 627 820 ipsismet
637 784 746 816 Turcis,
758 785 822 811 dum
837 784 933 811 urbem

141 833 344 861 Antiochenam
374 839 449 859 anno
475 832 545 859 1098
575 831 738 859 obsiderent
764 830 932 864 Christiani,

140 878 262 906 oblatam
281 877 376 908 fuisse,
392 877 493 905 dixisse
507 878 590 905 etiam
609 882 738 904 narratur
753 877 864 911 quitiam
884 884 930 904 eo-

141 925 269 952 rumdein
283 923 436 951 Turcorum
449 924 515 956 dux,
530 924 639 951 nomine
653 923 782 958 Pyrrhus.
799 922 857 954 llic,
870 923 933 949 dum

144 974 268 1004 tempore
285 969 408 997 breviutn
426 970 609 1001 induciarum,
629 977 689 1004 quae
703 989 711 1001 ,
730 970 846 996 durante
862 968 936 995 ObSir

143 1014 239 1047 diorie,
254 1020 339 1049 pacta:
364 1019 453 1047 erant,
470 1023 530 1041 cum
548 1015 672 1050 principe
693 1014 842 1041 Tarentino
862 1013 932 1040 Boa-

141 1060 255 1092 niundo,
270 1060 313 1087 cui
332 1065 442 1095 postea,
461 1061 567 1088 traditis
582 1061 606 1087 ei
617 1080 624 1092 ,
643 1068 711 1095 quas
725 1060 855 1087 custodia
877 1065 933 1086 suae

140 1106 347 1133 commendatas
364 1106 495 1138 habebat,
512 1107 643 1138 turribtts,
659 1105 832 1132 Antiochiam
846 1104 936 1140 prodi-

139 1149 179 1178 dit
192 1171 200 1183 ,
218 1151 387 1178 familiariter
404 1150 522 1178 subinde
544 1151 762 1185 colloqueretur,
790 1149 863 1175 inter
880 1156 932 1176 ra:-

139 1200 212 1228 tcra,
228 1197 457 1231 quemadmodum
475 1204 558 1230 supra
580 1196 710 1222 laudatus
723 1194 860 1222 Robertus
876 1201 935 1221 mo~

138 1242 248 1270 nachus
266 1241 393 1268 lliuarite
409 1240 671 1275 Hierosolynrimnw,
689 1241 736 1267 lib.
751 1248 777 1273 v,
794 1240 933 1267 memoria:

136 1287 249 1324 prodit,
278 1289 423 1322 «quodam
447 1287 492 1315 die
515 1287 656 1322 requisivit
682 1287 716 1314 ab
741 1295 783 1320 eo,
819 1287 930 1314 ubinam

143 1339 239 1362 castra
257 1334 378 1368 posuerit
397 1334 441 1362 ille
458 1334 667 1361 candidatorum
686 1333 822 1360 exercitus
849 1333 930 1360 irinu-

137 1381 294 1413 merabilis,
320 1389 438 1416 quorum
456 1381 560 1408 auxilio
579 1381 606 1408 in
630 1381 758 1409 omnibus
776 1381 855 1408 bellis
870 1380 931 1407 iul-

135 1427 288 1454 ciebantur
301 1426 462 1455 Christiani.
481 1427 593 1455 Dicebat
607 1427 692 1460 enim,
704 1427 768 1462 quia
785 1427 930 1454 adventum

137 1472 252 1500 illorum
278 1480 419 1508 nunquam
446 1478 573 1508 poterant
599 1473 736 1500 sustinere
763 1471 857 1502 Turci,
883 1472 930 1498 scd

137 1520 232 1548 statim
260 1524 289 1547 Ill
306 1520 436 1547 videbant
457 1520 530 1551 illos,
559 1519 726 1554 incipiebant
752 1525 851 1552 pavere
869 1526 875 1544 :
893 1517 930 1543 illi

136 1572 207 1592 vero
222 1565 297 1597 ipsos
313 1569 343 1590 ut
359 1568 459 1591 ventus
476 1563 593 1590 tur-binis
610 1563 802 1598 opprimebant
815 1581 822 1593 ,
841 1566 867 1588 et
885 1561 929 1588 isti
944 1562 968 1594 (ζ

136 1609 368 1640 vulnerabantur;
385 1608 422 1635 illi
441 1608 605 1639 obruebant,
622 1613 649 1635 et
665 1608 708 1635 isti
722 1608 928 1635 occidebantur.

138 1655 187 1684 ’Σιιί
219 1653 395 1682 Boamuudus
419 1654 457 1682 ait
484 1661 491 1678 :
518 1652 638 1680 Putasne
663 1653 746 1679 alium
774 1653 926 1680 exercitum

135 1708 211 1732 esse,
232 1708 313 1735 quam
332 1700 414 1732 hunc,
434 1707 516 1735 quem
534 1699 621 1730 vides,
640 1699 783 1726 nostrurn‘l
801 1699 849 1725 Cui
866 1698 926 1725 ille:

136 1747 191 1774 Per
206 1746 379 1773 Mai-bonrum
396 1753 485 1786 meum
499 1750 692 1780 praeceptorem
707 1743 781 1778 jur'o,
797 1744 926 1779 quoniam

136 1796 160 1821 si
182 1794 226 1820 hic
240 1793 379 1825 adessent,
393 1797 450 1819 tota
465 1793 521 1819 haec
533 1792 660 1827 planities
671 1799 718 1819 eos
730 1799 782 1818 non
798 1795 907 1826 caperet
921 1800 926 1818 :

136 1845 236 1865 omnes
252 1838 354 1864 habent
371 1845 456 1872 equos
472 1837 550 1864 albos
567 1838 643 1864 inira:
661 1838 826 1868 celeritatis,
843 1842 868 1864 et
884 1845 928 1864 ve-

137 1883 268 1908 stimenta
286 1886 313 1908 et
331 1886 409 1909 sctita
426 1886 453 1909 et
468 1882 565 1909 vexilla
584 1882 707 1917 ejusdem
723 1883 835 1910 coloris.
853 1881 906 1909 Sed
920 1902 928 1914 ,

137 1935 187 1963 per
204 1926 295 1960 ﬁdem,
315 1935 396 1962 quam
408 1927 493 1956 habes
505 1927 532 1954 in
548 1926 651 1960 Jesum,
665 1928 711 1955 ubi
728 1934 818 1955 castra
833 1936 926 1954 eorum

137 1973 228 2000 locata
246 1973 330 2000 sunt?

177 2041 222 2068 ειε.
243 2049 253 2066 ι
271 2039 451 2068 Boamundus
468 2040 560 2074 itaque
579 2039 679 2074 spiritu
702 2039 751 2067 Dei
775 2039 930 2068 illustratus

136 2087 214 2115 illico
240 2085 338 2117 sensit,
362 2086 446 2116 hanc,
472 2093 553 2120 quam
576 2085 692 2117 viderat,
718 2084 765 2112 Dei
793 2085 926 2112 visionem

135 2139 217 2164 esse;
231 2139 281 2159 nec
289 2131 361 2166 quod
373 2131 513 2166 quaerebat
526 2139 558 2158 ex
574 2131 734 2163 tentatione,
750 2130 797 2158 sed
810 2138 843 2158 ex
855 2131 925 2159 bona

137 2179 281 2206 voluntate
304 2177 463 2212 procedere,
489 2181 517 2204 et
534 2176 703 2212 respondens
719 2176 808 2211 inquit
823 2185 831 2203 :
851 2176 926 2205 Licet

136 2225 176 2252 Iis
193 2228 342 2252 extraneas
356 2230 371 2250 a
388 2223 446 2257 lege
476 2226 582 2254 nostra,
609 2222 674 2256 quia
699 2226 726 2249 te
752 2221 833 2249 video
856 2223 926 2249 bona

136 2278 202 2307 erga
216 2277 267 2297 nos
280 2269 421 2296 voluntate
438 2269 565 2303 bonoque
579 2268 677 2303 spiritu
689 2269 850 2300 animatum,
864 2275 928 2303 ape-

137 2315 206 2342 riain
231 2314 279 2342 tibi
307 2313 416 2348 aliquod
443 2313 506 2340 tidci
531 2318 634 2341 nostra
655 2317 870 2339 sacramentum.
898 2312 928 2339 Si

139 2365 245 2389 tantum
264 2359 393 2395 profundi
409 2359 566 2387 intellectus
582 2359 710 2390 haberes,
725 2358 828 2393 gratias
844 2359 928 2385 Crea-

139 2408 194 2435 tori
229 2406 354 2434 oinnium
381 2405 485 2432 referre
514 2404 641 2437 deberes,
665 2404 713 2438 qui
739 2403 785 2430 tibi
811 2403 930 2431 ostendit

137 2453 289 2480 exercitum
301 2450 478 2478 candidatum
496 2459 502 2476 :
517 2456 545 2477 et
557 2451 640 2481 scias,
656 2451 719 2485 quia
734 2449 760 2476 in
774 2449 857 2476 terris
873 2457 927 2476 non

138 2501 354 2530 conversantur,
375 2496 421 2524 sed
442 2496 470 2523 in
489 2496 616 2530 supernis
639 2495 829 2523 mansionibus
851 2495 926 2530 regni

138 2545 284 2572 caelorum.
301 2543 334 2570 lli
349 2547 424 2572 sunt,
439 2542 485 2577 qui
509 2548 558 2576 pro
581 2541 632 2568 fide
646 2541 747 2568 Christi
768 2542 927 2576 martyrium

138 2592 338 2620 sustinuerunt.
358 2593 384 2616 ιιι
410 2589 436 2616 in
462 2588 537 2615 omni
562 2592 634 2614 terra
659 2592 753 2614 contra
773 2587 929 2614 incredulos

139 2638 348 2664 dimicaverunt.
359 2635 462 2662 Horum
475 2634 602 2669 prtccipui
616 2633 824 2668 suntsignil’cri,
840 2632 925 2660 Geor-

140 2683 211 2717 gius,
226 2683 391 2714 Demetrius,
404 2681 548 2708 Mauritius
563 2689 570 2706 ι
585 2680 629 2714 qui
647 2680 672 2706 in
689 2679 740 2705 hac
754 2679 861 2705 nturlaii
875 2680 928 2705 vita

141 2728 270 2755 militaria
284 2736 359 2755 arma
375 2731 554 2763 gestaverunt
567 2746 574 2758 ,
591 2730 621 2752 et
638 2733 686 2760 pro
699 2724 856 2751 Christiana
877 2724 929 2751 title

117 2772 120 2775 ’
140 2777 230 2809 capite
246 2776 317 2811 plexi
331 2781 405 2802 sunt.
419 2774 451 2801 lli
467 2773 576 2808 quoties
590 2771 666 2798 nobis
680 2771 801 2804 expedit,
812 2770 928 2804 jubente

141 2820 258 2849 Domino
278 2821 342 2848 Jesu
360 2820 479 2851 Christo,
501 2818 580 2845 nobis
598 2817 783 2851 suffragantur
797 2835 804 2848 ,
831 2821 857 2842 et
882 2824 928 2851 per

143 2866 192 2896 hos
205 2867 307 2896 inimici
320 2866 406 2896 nostri
417 2865 631 2900 praecipitantur.
645 2863 678 2890 Et
688 2867 715 2890 nl
726 2871 768 2890 ine
778 2871 869 2889 rerum
881 2870 924 2889 co-

991 257 1036 284 die
1054 258 1150 289 altera,
1163 266 1196 284 an
1210 258 1236 285 in
1251 262 1304 285 tota
1320 258 1430 294 regione
1444 259 1494 286 hac
1505 267 1600 287 eorum
1614 267 1704 290 castra
1720 271 1784 298 pos.

995 304 1048 330 sint
1072 304 1188 330 inveniri
1216 312 1224 331 :
1250 305 1321 339 qrrod
1340 304 1362 332 si
1391 305 1575 338 inveniantur,
1594 308 1732 342 redarguli
1754 310 1782 337 in

994 353 1140 383 Conspectu
1160 353 1205 376 tuo
1221 356 1237 376 a
1262 350 1418 382 mendacio,
1435 351 1642 380 erubescernus.
1664 353 1696 380 Et
1719 363 1781 382 cuni

992 393 1019 420 in
1037 398 1092 420 tota
1117 395 1229 429 regione
1254 396 1410 430 nequiveris
1426 396 1485 424 illos
1504 397 1644 429 invenire,
1661 400 1684 426 si
1700 401 1781 427 nobis

992 446 1106 466 necesse
1121 440 1185 473 erit,
1211 440 1237 467 in
1262 441 1414 468 crastinum
1441 442 1547 469 videbis
1575 443 1682 471 adesse.
1706 444 1782 473 Unde

991 485 1077 518 igitur
1092 489 1147 512 tam
1166 486 1222 513 cito
1238 487 1363 519 veniunt,
1380 487 1431 514 nisi
1448 495 1462 513 a
1478 489 1603 522 supernis
1615 489 1738 521 sedibus,
1755 491 1781 517 in

989 531 1090 566 quibus
1108 533 1273 558 morantur?
1289 532 1338 558 Cui
1357 533 1494 566 respondit
1510 532 1630 567 Pyrrhus
1648 534 1697 565 (sic
1709 535 1781 562 enirn

990 582 1048 605 erat
1063 585 1162 605 nomen
1177 577 1266 612 ejus):
1282 577 1313 604 Et
1329 578 1350 605 si
1366 579 1398 604 de
1410 579 1480 606 caelo
1492 579 1614 610 veniunt,
1625 581 1669 606 rrbi
1686 586 1725 607 tot
1742 582 1782 607 al-

989 623 1037 650 bos
1050 631 1147 658 equos,
1161 627 1200 650 tot
1212 627 1301 656 scuta,
1314 628 1352 651 tot
1364 624 1460 651 vexilla
1476 625 1635 653 inveniunt?
1649 627 1699 653 Cui
1713 626 1782 653 Boa-

990 667 1109 694 iiiundus
1126 675 1133 693 :
1153 667 1193 694 'l‘u
1210 676 1308 702 magna
1327 673 1354 695 et
1375 677 1458 703 super
1483 678 1592 697 sensum
1618 679 1709 698 meum
1738 679 1781 698 rc-

988 713 1092 746 qriiris;
1110 718 1263 748 propterea,
1282 714 1305 741 si
1324 715 1374 745 vis,
1389 715 1502 742 accedat
1517 724 1593 742 meus
1613 719 1779 751 capellunus.

988 757 1033 791 qui
1047 758 1094 784 tibi
1108 766 1191 792 super
1205 758 1248 785 bis
1260 760 1444 792 respondebit.
1469 760 1509 786 Ad
1522 761 1579 787 lia-c
1600 763 1757 795 Capellanm
1772 771 1778 789 :

988 803 1053 829 Cum
1072 803 1249 836 omnipotens
1266 804 1384 831 Creator
1400 806 1512 839 angi-los
1534 814 1598 833 suos
1616 808 1673 833 sive
1689 808 1780 841 justo-

989 856 1049 874 runi
1068 849 1180 882 spiritus
1194 849 1303 875 mittere.
1319 849 1440 884 disponit
1457 852 1482 876 in
1499 856 1608 882 terram,
1627 858 1689 878 tune
1704 862 1780 880 assu-

951 899 972 926 Β
985 899 1064 920 munt
1082 893 1135 922 sibi
1159 902 1238 921 aerea
1257 902 1382 929 c0rpora,
1408 900 1437 922 ut
1453 904 1500 930 per
1516 905 1545 922 ea
1567 899 1644 924 nobis
1669 899 1778 926 introie-

987 945 1075 967 scant.
1092 941 1154 967 ideo
1167 946 1258 967 autem
1277 949 1350 968 nunc
1367 943 1464 968 armati
1484 949 1633 976 apparent,
1659 948 1687 970 ut
1705 945 1779 972 iridi-

986 989 1061 1016 cent,
1078 986 1151 1020 quod
1170 987 1195 1012 iri
1213 986 1284 1013 bello
1300 986 1463 1013 laboratrrris
1483 989 1585 1014 auitrlio
1602 990 1723 1017 veniunt.

1024 1030 1069 1057 29.
1087 1030 1122 1057 At
1139 1039 1214 1062 vero,
1242 1032 1347 1065 inquiet
1374 1039 1520 1064 nonneiiro,
1547 1034 1671 1065 visionis,
1696 1043 1778 1069 quam

986 1075 1112 1108 ipsisnict
1138 1076 1236 1104 Turcis
1262 1078 1380 1104 oblatam
1406 1077 1509 1110 fuisse,
1535 1080 1651 1106 relatum
1682 1082 1774 1108 verbis

986 1121 1073 1154 hisce,
1085 1122 1158 1157 quod
1173 1123 1360 1150 Boarnuiiduin
1380 1125 1451 1151 inter
1463 1129 1489 1150 et
1503 1124 1637 1162 Pyrrhum
1654 1127 1776 1154 habiturn

988 1168 1081 1199 fuerit,
1099 1169 1268 1203 colloquium
1292 1170 1387 1203 exigit,
1414 1171 1490 1198 solus
1509 1173 1631 1198 meminit
1649 1173 1775 1200 laudatus

986 1213 1121 1242 liobertus
1137 1215 1300 1248 monachus,
1318 1216 1478 1252 nullumque
1493 1218 1535 1245 hic
1549 1218 1670 1250 oruniriu,
1686 1227 1730 1253 qui
1744 1220 1778 1246 de

984 1261 1070 1288 sacris
1082 1261 1301 1289 Christianorum
1320 1262 1347 1289 in
1366 1263 1538 1291 Palu-stiriam
1552 1265 1778 1299 expeditionibus

983 1307 1120 1337 tractarit,
1147 1307 1311 1341 scriptorem
1331 1308 1413 1335 alium
1440 1309 1491 1335 sibi
1511 1315 1650 1344 utcunque
1675 1311 1777 1336 suma-

983 1357 1089 1387 gantem
1107 1353 1198 1379 habet.
1216 1352 1326 1386 Fateor,
1348 1354 1388 1381 sic
1417 1355 1517 1388 habet;
1543 1356 1598 1381 imo
1624 1364 1689 1382 vero
1714 1364 1776 1383 eum

983 1405 1134 1431 sermones,
1149 1406 1217 1432 quos
1235 1400 1305 1426 idem
1324 1400 1444 1434 scriptor
1460 1399 1620 1427 Buntiruutlo
1634 1406 1660 1427 et
1671 1400 1777 1436 Pyrrho

984 1445 1120 1475 attribuit,
1132 1445 1187 1471 sint
1203 1445 1371 1479 hujusmodi,
1391 1452 1417 1473 ut
1432 1446 1503 1473 ultra
1515 1447 1642 1481 citroque
1657 1447 1690 1473 :ib
1703 1447 1778 1475 hisce

985 1489 1090 1514 habitos
1106 1489 1166 1515 illos
1182 1498 1280 1516 omnes
1294 1490 1392 1522 l'uiSse,
1410 1493 1490 1517 etiam
1506 1493 1546 1518 vel
1567 1492 1678 1524 idcirco,
1700 1493 1773 1526 quod

984 1533 1117 1567 Pyrrhum
1133 1534 1215 1559 veluti
1231 1535 1426 1569 mysteriorum
1439 1536 1498 1562 ﬁdei
1513 1536 1676 1563 Christiana:
1692 1537 1775 1570 plano

985 1579 1109 1612 ignarum
1125 1584 1329 1612 repraesentem,
1346 1579 1443 1614 hicquc
1457 1584 1546 1606 tanien
1561 1582 1626 1608 olirn
1639 1582 1774 1608 Christia-

986 1631 1036 1650 iirrs
1055 1623 1168 1655 fuisset,
1190 1632 1284 1658 par-uin
1301 1625 1457 1652 verosiniile
1482 1631 1612 1659 appareat
1625 1645 1633 1658 ,
1652 1634 1701 1653 nec
1725 1635 1776 1661 ego

985 1668 1135 1700 visionem,
1161 1677 1242 1703 quatit
1264 1669 1385 1704 Pyrrhus
1405 1669 1430 1696 iri
1454 1670 1591 1704 colloqttio
1616 1679 1678 1697 eum
1707 1671 1761 1697 Boa

987 1713 1087 1740 intrirdo
1103 1714 1197 1741 habito
1215 1714 1287 1749 apud
1304 1714 1452 1742 Ruberturii
1471 1715 1637 1742 monachum
1651 1724 1772 1743 c0rnrne—

987 1766 1085 1792 irrorat,
1107 1767 1183 1788 certo
1200 1761 1334 1789 habuisse
1363 1762 1467 1794 locum,
1491 1769 1649 1789 asseverare
1664 1763 1773 1794 ausim;

985 1814 1079 1834 verum
1097 1807 1230 1842 quidquid
1246 1807 1283 1835 sit
1299 1815 1347 1835 seu
1362 1809 1395 1835 de
1410 1808 1515 1836 visione
1531 1808 1582 1835 ista
1600 1816 1647 1836 seu
1661 1809 1694 1835 de
1712 1809 1774 1836 aliis

984 1860 1068 1887 supra
1087 1861 1102 1880 e
1119 1853 1203 1880 variis
1219 1853 1401 1888 scriptoribus
1419 1854 1521 1886 relatis,
1543 1861 1612 1888 quas
1625 1855 1707 1880 etiam
1723 1854 1774 1881 de-

984 1903 1069 1933 cepta:
1089 1899 1114 1925 in
1131 1899 1185 1926 illis
1204 1899 1281 1933 ipsis,
1296 1899 1342 1933 qui
1361 1906 1408 1926 eas
1425 1899 1599 1927 sibi.obla'as
1614 1899 1707 1929 tuisse
1731 1900 1773 1926 (ii-

983 1952 1058 1976 xerc,
1087 1945 1276 1979 iuiaginationi
1305 1953 1443 1972 nonnemo
1473 1945 1598 1972 fortassis
1632 1946 1772 1979 (rectene,

983 1998 1018 2018 an
1039 1998 1128 2023 set-us,
1151 1998 1203 2018 non
1228 1990 1339 2025 delinio)
1357 1990 1538 2025 ascripserit,
1559 1998 1573 2017 a
1591 1991 1679 2017 tribus
1696 1993 1773 2026 equi-

983 2036 1043 2063 (ιι-ιιι
1062 2037 1087 2063 in
1104 2036 1253 2063 Boarnundi
1277 2042 1303 2064 et
1324 2035 1420 2071 Pyrrhi
1443 2036 1582 2071 colloqrrio
1607 2038 1771 2065 memoratis

981 2081 1088 2108 sanctis
1107 2088 1139 2107 ac
1163 2080 1326 2108 nominatim
1350 2088 1364 2107 a
1385 2085 1482 2108 sancto
1503 2081 1641 2108 Demetrio
1655 2101 1662 2114 ,
1689 2082 1771 2109 Cirri-

982 2125 1081 2154 stianis
1097 2133 1179 2153 cruce
1192 2126 1308 2161 signatis
1323 2133 1378 2154 non
1394 2130 1500 2153 tantum
1512 2127 1539 2153 in
1558 2134 1647 2162 pugna
1665 2128 1697 2154 ad
1715 2128 1771 2154 Διι-

957 2191 961 2197 .
983 2173 1111 2200 tiochiarn
1130 2174 1290 2201 commissa.
1306 2181 1402 2200 verum
1415 2173 1498 2200 etiam
1516 2174 1543 2200 in
1561 2174 1647 2201 sacris
1660 2174 1771 2209 expetii-

983 2218 1103 2246 tiorribus
1120 2219 1189 2246 alias
1212 2227 1244 2246 ac
1261 2219 1422 2247 nominatim
1441 2219 1468 2246 in
1492 2219 1672 2254 gravissimo,
1698 2220 1770 2253 quod

980 2272 1131 2299 paucorum
1147 2265 1255 2292 dierum
1281 2264 1381 2291 itinere
1399 2272 1412 2291 a
1434 2264 1525 2291 Niczea
1544 2264 1655 2297 evenit,
1678 2265 1770 2298 priclio

986 2311 1072 2338 fuisse
1084 2318 1259 2343 suecursunr,
1272 2309 1336 2337 inihi
1353 2314 1395 2337 sat
1408 2310 1562 2337 verosirnile
1580 2315 1702 2345 apparet,
1719 2309 1769 2337 eisi

979 2355 1088 2383 interim
1119 2363 1169 2383 nec
1183 2355 1210 2383 id
1230 2363 1344 2390 prorsus
1362 2360 1466 2383 certum
1485 2363 1646 2383 asseverare
1668 2356 1770 2383 ausim.

977 2400 1017 2430 Ea
1034 2402 1111 2430 sedet
1125 2401 1276 2435 sententia,
1297 2401 1387 2436 primo
1403 2401 1513 2436 qtridern
1525 2421 1533 2433 ,
1551 2402 1624 2436 quod
1645 2407 1768 2429 Sanctum

977 2451 1103 2475 nostrum
1119 2447 1266 2482 dictosque
1277 2447 1356 2474 binos
1371 2447 1441 2474 alios
1457 2451 1566 2474 sanctos
1579 2455 1593 2473 a
1605 2447 1769 2474 Christianis

977 2499 1035 2522 tum
1047 2494 1207 2529 frequenter
1222 2493 1364 2520 invocatos
1375 2493 1460 2520 fuisse
1475 2497 1616 2527 appareat,
1631 2493 1767 2519 directus-

978 2548 1032 2576 que
1047 2540 1086 2567 illi
1104 2540 1138 2566 ad
1156 2547 1185 2567 se
1202 2546 1298 2574 preces
1315 2539 1406 2566 irritas
1419 2546 1477 2565 esse
1494 2538 1766 2565 verosirniliter-urunt

979 2587 1109 2618 siverint;
1126 2584 1223 2612 deinde
1239 2591 1314 2614 vero,
1327 2584 1410 2618 quod,
1426 2592 1487 2610 curn
1500 2583 1686 2615 Boarnunlns,
1701 2584 1763 2608 dum

979 2633 1012 2660 ad
1030 2633 1141 2659 relatam
1157 2639 1170 2657 a
1189 2629 1295 2666 Pyrrho
1315 2630 1449 2656 visionem
1469 2630 1621 2664 respondit,
1638 2629 1663 2655 in
1679 2629 1765 2653 nullo-

982 2685 1043 2704 rnrn
1059 2677 1188 2712 periculis
1204 2684 1219 2702 a
1233 2676 1336 2703 sanctis
1351 2675 1480 2708 Georgio,
1497 2674 1635 2700 Demetrio
1651 2680 1677 2701 et
1691 2674 1766 2700 Mut-

979 2726 1041 2752 ritio
1070 2723 1122 2758 (adi
1155 2730 1229 2749 iitiiii.
1260 2721 1383 2756 proxime
1412 2721 1605 2756 praegressum)
1638 2720 1765 2747 succurri

979 2768 1146 2797 Christianis
1171 2766 1331 2797 asserucrit,
1349 2773 1379 2792 ea
1397 2765 1423 2792 in
1443 2765 1571 2797 opinione
1585 2763 1668 2791 hosce
1685 2765 1764 2789 etiam

982 2815 1083 2850 paSsini
1103 2821 1166 2840 tunc
1183 2813 1280 2842 fuisse,
1300 2814 1462 2845 argumento
1480 2809 1504 2835 nl
1526 2809 1572 2841 sit,
1585 2811 1767 2843 experientia—

981 2871 1034 2899 qne
1058 2863 1191 2889 habeatur
1213 2863 1396 2894 compertum,
1414 2857 1486 2884 haud
1508 2865 1569 2884 raro
1594 2858 1713 2890 cvcntre,
1737 2859 1768 2883 ut
