2038 3151
254 154 322 186 1¹ιί5

905 148 951 177 SU
958 147 1050 177 l’l’LE
1057 147 1183 177 ilENTU
1191 146 1225 176 ll.

1817 143 1888 176 M16

250 214 298 245 id,
323 213 395 246 quod
422 211 550 238 omnibus
575 208 675 244 passim
695 207 813 240 videtur,
838 206 945 234 veritati
972 213 1040 232 con-
1057 208 1077 236 Α
1095 204 1256 232 duoderimo
1284 202 1454 236 inperatori,
1482 209 1497 228 a
1516 202 1615 229 Sancto
1639 206 1736 230 nostro
1762 199 1790 229 in
1815 201 1890 229 bello

249 264 337 292 grtial.

284 305 329 331 lit).
349 302 495 336 Uteunque
517 301 626 328 interim
653 301 704 327 ista
725 299 839 329 munia,
859 306 917 332 qum
944 296 1041 324 lectori

249 350 397 384 iudicanda
416 348 588 381 ulteriusque
612 346 789 380 expendenda
816 345 953 379 relinquo,
977 350 1037 370 sese.

251 398 388 428 habeant,
409 402 500 422 terum
520 394 563 420 hic
583 394 789 419 tractandamm
818 391 918 417 Seriem
947 397 1044 424 prosa-

251 450 332 476 quor,
361 447 389 468 et
417 446 442 468 ut
458 461 466 472 ,
484 448 537 474 quo
551 447 666 474 qua-que
681 438 834 468 evenerint,
853 436 985 470 temporis
1001 442 1045 461 or-

251 490 343 527 dutam
357 497 386 515 se
398 489 433 522 pri
453 495 468 522 p
480 494 573 520 rgam,
590 486 623 511 ad
642 484 846 511 Emmanuelem
861 483 1043 513 Cornucnum,

251 535 298 565 qui
321 533 355 560 alt
382 540 455 559 anno
471 533 537 558 1145
561 531 594 557 ad
618 538 722 557 antrum
740 537 825 563 usque
846 527 913 554 H80
930 527 1044 561 imperio

253 580 385 608 Orientali
405 578 522 613 pra-fuit,
538 577 593 612 jam
609 577 700 603 venio.
716 575 775 606 llic,
791 575 814 602 si
829 574 949 602 Joannes
966 573 1046 600 Stan-

253 628 353 660 racius,
372 634 457 660 supra
479 634 492 651 a
511 624 591 651 nobis
607 622 759 657 saepissime
781 621 838 656 jam
863 621 1000 652 laudatus,
1018 621 1044 646 in

252 674 348 700 codice
364 677 461 700 nostro
475 671 494 706 ’1-
512 679 563 697 ms.
582 670 633 697 195
651 670 698 695 fol.
719 676 792 695 vers.
806 668 842 695 92
857 672 884 695 et
903 667 1046 702 sequenti.

253 721 304 747 bus
317 728 378 747 vera
396 721 541 749 memoret,
558 715 766 752 imperatoriam
783 715 847 747 sibi,
859 723 912 749 qua
927 715 954 740 iu
972 713 1050 740 festis

254 765 478 794 solcmuiuribus,
499 768 631 796 tuncque,
648 768 710 788 cum
726 759 879 794 principum
897 763 1046 786 extraneo-

255 819 315 837 rum
334 810 484 844 legationes
500 808 667 842 excipienda:
682 806 783 838 forent,
800 809 934 835 uteretur,
949 803 1048 830 coutici

256 853 358 883 iecerat
373 863 387 882 e
402 862 523 890 purpura
534 858 647 885 vestem,
660 850 873 887 pretiosissimis
891 849 1049 883 margaritis

256 904 428 931 distinctam.
445 901 562 932 Accidit,
586 905 626 931 ut,
644 907 706 926 cum
724 899 810 933 pridie
824 896 1047 924 Resurremionis

256 949 406 977 Domioita:
419 956 450 975 ex
467 947 643 982 imperatoris
655 946 796 976 theSauro,
808 951 862 978 quo
876 944 919 970 hic
933 943 1048 969 solemni

257 997 305 1024 illo
326 996 394 1024 [esto
410 1003 441 1023 ea
463 994 636 1026 iudueretur,
657 992 754 1019 luisset
770 996 904 1023 extracta,
919 998 933 1016 a
952 993 1048 1016 sancto

257 1043 395 1069 Demetrio
411 1047 494 1068 noctu
513 1045 651 1074 surrepta,
673 1046 807 1072 sacroque
824 1037 885 1071 ejus
894 1036 1049 1063 conditorio

257 1088 462 1116 Taessalouica:
482 1087 565 1113 fuerit
594 1086 733 1118 illlpOsiltt,
759 1093 774 1111 a
794 1085 883 1118 capite
907 1083 940 1110 ad
969 1083 1050 1117 pedes

258 1143 347 1169 usque
361 1141 491 1168 expansa.
507 1131 586 1158 Mane
602 1131 742 1160 oiliciales,
759 1130 804 1164 qui
830 1137 843 1155 a
869 1136 897 1155 re
923 1128 1050 1154 vestiaria

257 1186 348 1212 erant,
367 1189 420 1206 nun
446 1180 576 1211 inventa,
601 1185 681 1212 quam
708 1176 794 1210 pridie
816 1182 831 1202 e
857 1173 1051 1209 gazophylacio

257 1230 452 1257 extraxerant,
482 1229 558 1251 veste
587 1221 782 1256 imperatoria,
817 1227 900 1254 quant
932 1219 1051 1244 maxime

258 1274 424 1304 turbantur;
450 1271 570 1298 basilicae
588 1273 679 1295 autent
700 1267 790 1294 sancti
814 1265 943 1293 Demetrii
963 1265 1051 1291 Thes-

259 1321 388 1346 SzlitlllICIt'
398 1318 528 1347 atdituus.
541 1319 700 1349 conspecta,
715 1322 777 1340 cum
794 1314 863 1340 hanc
874 1312 960 1339 multo
973 1319 1052 1338 mane

259 1371 335 1393 esset
351 1365 504 1398 ingressus,
519 1363 613 1390 eadem
630 1362 677 1388 illa
689 1381 696 1392 ,
710 1368 770 1395 quae
787 1367 870 1394 supra
888 1359 973 1385 sancti
988 1366 1053 1385 cort-

260 1411 390 1438 ditorium
411 1415 470 1436 erat
487 1409 637 1442 explicata,
653 1410 729 1433 veste
746 1405 923 1440 imperatoria
936 1423 944 1435 .
969 1404 1052 1430 heret

260 1457 405 1486 attonitus,
420 1454 520 1489 templo
532 1452 664 1484 excurrit,
678 1452 775 1478 iterum
785 1450 810 1477 id
824 1450 984 1485 ingreditur,
999 1456 1053 1483 prae

261 1502 485 1537 margaritarum,
510 1500 612 1534 quibus
632 1499 717 1525 vestis
744 1498 788 1524 illa
815 1497 946 1524 distincta
970 1500 1050 1525 erat.

263 1550 366 1583 fulgore
386 1555 453 1582 pene
470 1551 635 1578 esca-catur,
656 1550 760 1572 vestem
775 1543 906 1570 attentius
922 1541 1051 1569 conside-

261 1599 314 1626 rat,
336 1602 390 1621 rem
410 1594 489 1621 ocius
506 1593 640 1626 divulgat,
658 1599 738 1620 senes
753 1593 935 1620 concurrunt,
951 1588 1054 1623 pretio—

261 1649 319 1669 sa'tt
345 1641 418 1667 illam
445 1643 548 1666 vestem
580 1644 743 1673 purpuream
771 1636 959 1671 speculantur,
980 1642 1052 1662 aeni

261 1695 333 1720 esse,
354 1695 415 1721 qua:
439 1686 472 1713 ad
490 1686 682 1720 imperatorem
709 1688 824 1718 spectet.
843 1683 1000 1717 οιιὶιιηιιιιη·Ι
1020 1681 1054 1707 11-

265 1734 319 1760 lico
334 1734 380 1767 qui
399 1733 475 1763 huic,
493 1732 565 1766 quod
584 1733 734 1762 evenerat,
751 1729 924 1764 signiﬁcent.
943 1727 1054 1754 nuntios

265 1780 388 1808 mittunt,
405 1777 590 1811 imperatorio
607 1776 754 1809 diem,quo
770 1780 870 1801 vestem
887 1781 1052 1807 purpuream

268 1831 348 1851 sacro
369 1823 457 1850 sancti
482 1819 636 1848 conditorio
652 1819 808 1854 impositam
834 1818 949 1844 inveniri
967 1817 1055 1843 comi-

264 1871 358 1906 gisset,
384 1868 509 1904 inquirit,
548 1873 611 1894 esse
637 1866 714 1892 illum
744 1865 844 1899 ipsum,
872 1871 927 1898 quo
952 1867 1054 1890 vestem

265 1916 468 1950 imperatoriam
487 1918 568 1943 nocte
585 1911 749 1948 przeeedenti
764 1910 850 1938 fuisse
861 1909 993 1941 ablatam,
1004 1909 1054 1936 sibi

265 1963 299 1989 ab
315 1962 475 1989 oﬂicialibus
490 1964 565 1988 esset
586 1959 702 1986 relatum
714 1978 721 1990 ,
736 1957 878 1992 comperit,
901 1955 1053 1991 prodigium

264 2009 399 2044 agnoscit,
421 2016 508 2043 coque
533 2007 651 2042 primum
674 2012 728 2032 una
752 2011 813 2031 cum
845 2003 906 2030 aula
928 2004 1055 2030 universa

265 2053 444 2088 obstupescit.

301 2101 347 2127 '51.
363 2100 464 2127 Deinde
478 2106 555 2130 vero,
572 2103 601 2126 ut
615 2099 651 2125 ad
676 2098 701 2124 id
720 2097 790 2132 quod
809 2097 865 2124 huc
881 2095 1054 2130 potissimum

266 2151 381 2181 spectat,
395 2146 449 2180 jam
465 2146 583 2177 veniant,
609 2145 733 2174 Videtur,
748 2144 845 2178 inquit,
860 2146 894 2169 ob
910 2143 1055 2173 incuriam,

266 2193 380 2219 dixerim
405 2197 496 2219 autem
523 2195 551 2218 et
575 2191 609 2218 ob
636 2190 871 2224 ingratitudinem,
890 2195 991 2224 martyr
1007 2196 1056 2215 nos
1081 2203 1084 2208 -

1096 258 1271 281 succursum,
1287 250 1368 284 idque
1386 256 1439 275 non
1467 247 1550 275 semel
1577 252 1696 279 tantum,
1713 248 1762 275 sed
1779 249 1891 283 sapius.

1100 297 1200 324 Verum
1220 301 1265 328 ut,
1283 303 1344 330 qua:
1371 302 1429 321 mea
1447 294 1481 321 sit
1499 294 1532 320 de
1553 298 1608 320 tota
1630 293 1766 321 Stauracii
1792 302 1892 321 narra-

1097 343 1173 370 tione
1190 343 1294 376 Opinio,
1308 342 1364 376 jam
1381 341 1480 370 dicant.
1498 340 1612 366 multum
1629 347 1736 370 vereor.
1754 348 1788 367 ne
1806 348 1820 366 a
1843 348 1892 367 ca-

1097 389 1152 424 pite
1168 390 1200 415 ad
1215 389 1317 415 calcem
1334 392 1519 414 couuuentum
1536 385 1571 413 sil
1586 406 1592 418 ,
1610 393 1642 412 eo
1658 385 1722 416 ﬁne,
1745 386 1767 412 si
1795 394 1849 413 non
1873 394 1890 413 a

1099 433 1243 460 Stanracio
1255 452 1262 464 ,
1278 432 1312 458 ab
1334 432 1421 458 altero
1439 431 1566 465 equidem
1584 430 1709 457 Grmculo
1735 430 1866 464 quo-piam
1885 451 1893 462 .

1097 479 1200 507 fabulis
1217 478 1363 505 admodum
1387 485 1435 512 pro
1452 478 1538 512 gentis
1557 475 1645 503 indole
1661 475 1771 502 addicto
1783 495 1790 508 ,
1809 477 1895 503 unice

1098 527 1260 557 inventum,
1288 529 1318 551 ut
1342 524 1422 555 forte,
1449 531 1510 550 cum
1536 522 1762 558 pretiosissimam
1787 528 1903 563 vesteml

1098 577 1196 600 saneto
1215 572 1349 598 Demetrio
1367 571 1401 597 ab
1412 569 1591 596 Eunuanuelo
1601 569 1743 596 Cmnneno
1761 569 1893 595 donatam

1100 619 1183 646 fuisse
1214 618 1403 650 intellexisset,
1420 617 1641 652 qualemcunque
1663 614 1821 641 donationis
1838 614 1895 640 hu-

1097 665 1143 700 jus
1160 672 1282 696 causam,
1296 672 1357 690 cum
1387 671 1450 690 vera
1470 662 1541 690 haud
1559 667 1732 691 nosceretur.
1751 660 1893 695 ignoranti

1100 719 1132 739 ac
1148 712 1260 738 crerlu!o
1281 711 1359 746 vulgo
1372 710 1540 737 obtruderet.

1136 759 1180 786 52.
1203 757 1267 785 Utut
1283 758 1337 788 sit,
1358 756 1437 783 ﬁderit
1453 755 1578 789 equidem
1603 754 1786 782 indubitatam
1804 753 1893 781 Joan-

1103 814 1163 833 nem
1177 805 1350 832 Stauracium
1365 803 1392 829 in
1408 809 1457 830 sua
1472 801 1635 835 compendio
1650 801 1705 836 jam
1720 801 1781 827 data
1797 808 1894 826 narra-

1103 853 1177 879 tione
1192 858 1245 878 nort
1262 850 1373 881 mereri,
1395 857 1426 876 ex
1444 856 1477 875 eo
1492 847 1577 882 liquet
1592 867 1599 879 ,
1613 846 1686 881 quod
1701 846 1751 874 sub
1764 846 1892 880 ejusdem

1064 891 1086 920 Β
1102 899 1183 926 l‘mcm
1215 898 1251 924 ita
1279 896 1406 924 scribat:
1431 894 1512 921 Ἀλλὰ
1545 895 1599 928 γὰρ
1623 893 1679 920 τῶν
1703 893 1893 927 παλαιητέρων

1101 944 1233 979 ἀφέμενοι
1248 942 1399 976 Gaupdtwv
1418 939 1466 966 τοῦ
1491 939 1631 974 μάρτυρος
1650 938 1703 972 (τῖς
1721 937 1777 971 γὰρ
1793 937 1825 963 ἂν
1841 937 1893 962 xui.

1101 987 1377 1024 ἔξιριθμήςαιταῦτι
1391 987 1438 1012 καὶ
1450 986 1612 1020 διηγήσαιτο
1623 984 1643 1016 ;l
1654 985 1709 1014 τοῖς
1724 983 1895 1018 προσφάτοις

1101 1036 1149 1063 καὶ
1167 1035 1311 1069 νεωτέρως
1329 1033 1375 1058 καὶ
1405 1029 1442 1058 ὧν
1464 1030 1555 1057 πολλοὶ
1578 1030 1625 1056 καὶ
1639 1029 1735 1056 θεαταὶ
1758 1030 1806 1055 καὶ
1822 1028 1895 1063 μὰρ-

1102 1091 1183 1118 stips;
1214 1082 1300 1108 εἰσέτι
1327 1079 1366 1114 τῷ
1393 1078 1442 1113 βίῳ
1469 1078 1627 1113 περίεισιν,
1664 1075 1895 1110 ἑνδιατρῖψωμεν.

1105 1137 1114 1154 ‹
1132 1128 1232 1155 Verum
1256 1125 1458 1159 antiquioribus
1481 1123 1550 1157 (hate
1564 1122 1635 1149 enim
1661 1122 1723 1156 quis
1749 1125 1894 1148 recenseat

1102 1178 1184 1209 atque
1202 1172 1342 1206 enarret?)
1358 1170 1450 1198 missis
1462 1169 1590 1204 martyris
1609 1168 1760 1199 miraculis,
1774 1167 1802 1194 in
1817 1168 1896 1194 novis

1103 1230 1134 1249 ac
1153 1220 1352 1248 recentioribus
1366 1221 1393 1244 et
1413 1224 1530 1252 quorum
1548 1215 1637 1242 adhuc
1652 1214 1729 1240 multi
1750 1217 1892 1248 spectato-

1104 1276 1146 1295 res
1169 1267 1250 1293 etiam
1266 1270 1294 1292 et
1312 1269 1395 1292 testes
1409 1263 1436 1290 in
1451 1262 1520 1289 vivis
1537 1264 1695 1296 supersunt,
1711 1267 1822 1294 operam
1849 1267 1897 1294 po-

1105 1321 1211 1342 namus.
1234 1323 1242 1338 ν
1269 1311 1376 1344 Quibus
1392 1310 1484 1337 \crbis
1498 1313 1577 1335 :etate
1595 1315 1654 1334 sese
1670 1314 1684 1333 a
1703 1307 1784 1333 rebus
1796 1325 1804 1337 ,
1825 1312 1896 1339 quas

1105 1361 1175 1389 dicta
1191 1359 1313 1387 narratio
1327 1355 1529 1391 complectitur,
1547 1354 1618 1380 ltand
1634 1361 1729 1388 paruttt
1747 1352 1834 1379 fuisse
1852 1359 1896 1379 re.

1105 1412 1208 1435 motum
1222 1426 1230 1439 ,
1256 1404 1329 1432 haud
1353 1404 1470 1431 obscure
1486 1401 1603 1433 indicat;
1619 1399 1769 1434 scriptores
1785 1404 1895 1428 autent,

1105 1459 1134 1482 ut
1147 1454 1197 1481 sibi
1216 1454 1241 1479 in
1260 1451 1360 1478 talibus
1373 1468 1381 1482 ,
1398 1452 1492 1482 utpote
1510 1446 1614 1473 creditu
1629 1444 1776 1472 admodum
1797 1442 1896 1470 (111Ῑίιὶ-

1104 1501 1186 1531 libus.
1200 1499 1278 1526 iidem
1294 1495 1474 1524 indubitatam
1490 1493 1732 1523 concilient,mtate
1748 1489 1895 1524 propinqui

1106 1548 1234 1580 mriloque
1245 1553 1276 1572 ex
1292 1545 1382 1578 capite
1395 1542 1514 1576 suspecti
1532 1539 1717 1574 requirantur,
1732 1537 1813 1571 idque
1826 1544 1896 1570 pra:-

1106 1595 1186 1629 cipue
1205 1597 1279 1622 tunc,
1297 1597 1358 1617 cum
1377 1588 1414 1620 id,
1428 1587 1499 1622 quod
1515 1585 1655 1612 memoria;
1668 1583 1796 1618 produnt,
1810 1582 1897 1609 silen-

1105 1642 1143 1668 tio
1160 1639 1193 1666 ab
1210 1637 1339 1664 munibus
1355 1641 1467 1669 prorsus
1481 1633 1552 1664 aliis,
1562 1633 1601 1658 uti
1614 1632 1658 1659 hic
1671 1631 1711 1662 tit.
1729 1629 1895 1664 praeteritur.

1105 1687 1206 1713 Adbazc
1217 1681 1377 1710 Emmanuel
1392 1681 1548 1707 Contnenus
1561 1679 1709 1713 imperator
1726 1676 1898 1710 improspera

1106 1733 1162 1760 fere
1178 1738 1286 1765 Semper
1304 1728 1412 1756 fortuna
1428 1727 1455 1753 in
1471 1726 1551 1752 bellis
1575 1730 1617 1752 est
1641 1731 1718 1756 usus,
1740 1723 1899 1757 nullamque

1106 1786 1229 1814 prorsus,
1246 1783 1327 1811 quatit
1341 1794 1349 1806 ,
1373 1773 1493 1801 iniruicis
1510 1772 1596 1799 sancti
1619 1770 1747 1798 Demetrii
1767 1777 1819 1804 ope
1835 1777 1900 1804 pro-

1105 1826 1208 1860 digiose
1232 1822 1389 1858 prostratis,
1407 1824 1561 1854 reportasse
1576 1825 1638 1845 eum
1650 1837 1658 1850 ,
1678 1816 1833 1843 verosimile
1849 1823 1899 1850 ap-

1107 1875 1211 1907 pareat.
1229 1868 1371 1896 victoriam
1394 1865 1541 1893 admodum
1570 1864 1702 1899 insignem
1728 1870 1744 1889 a
1763 1862 1899 1896 scriptore

1107 1917 1160 1944 ﬁde
1175 1915 1257 1950 digno
1273 1914 1314 1941 vel
1334 1921 1387 1940 uno
1404 1911 1551 1939 memorari
1570 1909 1690 1938 invenio.
1710 1907 1803 1943 Neque
1820 1915 1897 1938 vero,

1108 1968 1137 1990 ut
1152 1963 1192 1990 vel
1209 1967 1278 1989 tunc
1295 1960 1389 1993 etiam,
1403 1967 1466 1986 cum
1483 1957 1614 1984 adversus
1630 1956 1781 1983 Saracenos
1794 1954 1899 1981 aliosve

1108 2009 1168 2038 ﬁdei
1184 2007 1350 2035 Christiana:
1368 2007 1462 2032 hostes
1484 2004 1599 2032 bellaret
1612 2023 1619 2034 .
1641 2002 1752 2030 caeleste
1765 2000 1899 2027 auxilimn

1107 2055 1287 2090 experiretur.
1302 2053 1408 2080 ratione
1424 2052 1476 2077 ulla
1491 2051 1591 2084 dignus
1605 2049 1691 2076 fuisse
1701 2048 1808 2075 videtur
1826 2047 1902 2081 priri-

1109 2111 1173 2137 ceps
1190 2102 1245 2133 ille,
1263 2101 1321 2135 qui,
1336 2099 1566 2134 quemadmodum
1577 2105 1610 2124 ex
1622 2095 1747 2123 unanimi
1762 2095 1818 2122 fere
1831 2093 1903 2121 scri-

1109 2156 1217 2184 ptorum
1234 2147 1454 2183 synchronorum
1473 2145 1631 2172 testimonio
1654 2147 1782 2174 constat,
1801 2141 1903 2168 ﬂoren-

1109 2196 1246 2222 tissimum
1261 2193 1485 2221 Christianorum
1504 2190 1677 2220 exercitum,
1704 2187 1756 2215 sub
1781 2185 1899 2213 Conradi

266 2239 416 2274 corripere.
444 2238 510 2265 Cum
526 2238 600 2264 enim
626 2237 725 2271 sapius
753 2237 811 2270 ipse
837 2237 862 2261 in
887 2235 987 2269 probis
1011 2242 1049 2269 ρι’(

1113 2241 1288 2276 imperatoris
1309 2240 1393 2267 ductu
1411 2238 1438 2265 in
1454 2237 1626 2264 Palaestinam
1653 2238 1750 2262 contra
1776 2233 1902 2260 iulideles

268 2286 346 2312 nobis
371 2285 495 2317 certarit,
518 2284 699 2317 inimimsqne
726 2288 837 2309 nostros
860 2282 1056 2316 prostraverit,

269 2339 318 2359 nos
337 2339 369 2358 Ite
390 2331 474 2358 semel
492 2331 601 2365 quidrm
618 2330 656 2356 vel
675 2337 758 2364 parvo
775 2329 957 2363 qualicunque
972 2329 1058 2354 dona-

268 2379 309 2404 rio
324 2377 420 2404 victori
435 2378 538 2412 gratias
550 2377 674 2411 egimus;
693 2381 721 2402 ut
737 2376 827 2406 nobis,
850 2375 1057 2401 retributionem

268 2431 322 2451 non
340 2424 512 2455 curantibus,
531 2429 632 2449 vestem
658 2430 822 2457 purpuream
845 2421 953 2448 auferre
970 2425 1060 2447 certa-

269 2470 372 2496 minum
390 2470 476 2497 victor
493 2469 577 2496 fuerit
596 2473 718 2496 coactus.
739 2468 801 2495 Hice
815 2468 919 2499 Grzece,
934 2475 994 2501 qua:
1007 2467 1060 2494 huc

269 2524 355 2550 usque
380 2516 540 2550 compendio
563 2515 660 2542 Latino
681 2515 742 2541 data
769 2522 782 2540 a
800 2515 880 2542 nobis
893 2515 948 2549 jam
974 2520 1058 2546 sunt,

268 2561 355 2588 fusius
374 2562 500 2588 nonnihil
518 2568 599 2596 supra
613 2562 661 2587 cit.
673 2559 796 2587 Joannes
812 2560 984 2592 Stauracius,
997 2567 1059 2586 mox

269 2610 350 2635 etiam
369 2607 539 2643 subjungens
552 2611 608 2632 tum
626 2607 707 2633 verba
723 2607 865 2637 nonnulla,
884 2607 982 2640 quibus
996 2611 1059 2633 tunc

271 2653 432 2681 Emmanuel
459 2654 616 2680 Comm-nus
642 2653 804 2680 nominatim
829 2658 925 2680 sancto
947 2654 1058 2688 martyri

269 2697 302 2724 de
327 2700 448 2732 praestito
472 2699 523 2725 sibi
541 2698 575 2725 ab
593 2706 626 2725 eo
646 2698 673 2724 in
700 2698 777 2724 bellis
809 2699 933 2725 subsidio
958 2705 1059 2733 gratias

269 2743 366 2776 egerit,
381 2748 436 2769 tum
452 2744 533 2770 etiam
550 2744 694 2775 botrorum,
707 2751 768 2777 qua:
778 2744 878 2774 eidem,
891 2751 946 2778 quo
958 2745 1059 2778 gratias

271 2792 404 2821 pr‘mterea
436 2790 641 2824 qualescunque
658 2789 782 2820 I'elerret,
807 2790 968 2821 contulerit,
987 2789 1059 2816 noti-

272 2833 347 2857 tiam.
363 2832 441 2864 Quod
467 2835 488 2861 si
514 2835 604 2869 itaque
621 2835 749 2869 srriptori
771 2835 808 2861 illi
826 2835 992 2862 credendum
1012 2836 1056 2867 sit,

271 2876 449 2905 fueritetiam
473 2880 640 2909 Ernmauucli
656 2881 806 2914 Camnezzn,
823 2882 942 2908 Orientis
958 2884 1058 2909 smeulo

1112 2292 1267 2322 pergentem
1280 2307 1287 2318 ,
1309 2285 1444 2312 nefarium
1462 2283 1488 2310 iu
1505 2283 1614 2310 modum
1639 2282 1738 2316 partim
1763 2279 1903 2307 submini-

1111 2337 1206 2362 strata.
1223 2332 1265 2359 eui
1286 2331 1388 2358 calcem
1405 2329 1549 2356 admisceri
1569 2328 1690 2360 fecerat,
1710 2326 1812 2356 farina.
1838 2333 1904 2360 par-
1923 2314 1926 2319 ’

1112 2380 1158 2405 tim
1177 2378 1342 2408 Tur-eorum,
1368 2376 1470 2410 quibus
1490 2375 1566 2401 illum
1587 2374 1698 2409 indigne
1721 2373 1902 2408 prodiderat,

1112 2424 1220 2452 insidiis
1236 2423 1388 2450 necandum
1402 2421 1517 2448 curavit.
1533 2421 1667 2448 Omnibus
1685 2420 1778 2454 itaque
1805 2419 1904 2446 sedulo

1112 2471 1249 2505 expen~is,
1284 2469 1402 2495 fueritne
1426 2475 1547 2502 unquam
1573 2466 1744 2494 Emmanueli
1761 2464 1905 2492 Comneno

1112 2525 1126 2544 a
1151 2521 1247 2544 sancto
1266 2515 1402 2541 Demetrio
1423 2514 1578 2549 prodigiose
1596 2513 1621 2539 in
1633 2512 1704 2539 bello
1719 2518 1903 2541 succursum,

1112 2564 1224 2590 dubium
1244 2570 1310 2590 sane
1326 2561 1474 2589 admodum
1489 2581 1496 2593 ,
1515 2568 1547 2587 ne
1570 2560 1691 2586 deterius
1709 2558 1773 2593 quid
1792 2557 1881 2584 dicam
1896 2576 1904 2588 ,

1113 2609 1176 2636 mihi
1192 2613 1314 2643 apparet.

1146 2655 1191 2682 53.
1209 2654 1263 2681 Nec
1279 2654 1373 2686 etiam,
1391 2659 1420 2680 ut
1435 2653 1467 2680 ad
1485 2651 1510 2679 id
1524 2671 1531 2682 ,
1549 2651 1621 2686 quod
1641 2651 1684 2678 hic
1700 2650 1790 2677 adhuc
1807 2649 1905 2676 dicen-

1111 2701 1176 2727 dum
1193 2705 1286 2729 restat.
1304 2701 1358 2734 jam
1376 2707 1498 2734 pergam.
1511 2703 1614 2725 certum
1629 2705 1787 2724 asseverare
1802 2696 1905 2727 ausim,

1111 2748 1268 2774 Andronico
1283 2745 1402 2777 Juniori,
1421 2745 1522 2772 saeculo
1539 2750 1640 2778 quarto
1661 2743 1770 2770 decimo
1792 2742 1906 2770 Graeco-

1111 2801 1170 2820 rnm
1195 2793 1365 2828 imperatori,
1387 2792 1481 2819 bellica
1503 2791 1530 2817 in
1546 2791 1734 2824 expeditione,
1756 2798 1808 2823 qua
1828 2796 1902 2814 anno

1111 2840 1179 2867 1327
1190 2839 1412 2867 Thessalonicam
1426 2837 1581 2871 occupavit,
1591 2844 1671 2872 opem
1684 2836 1723 2863 l'ui
1732 2843 1770 2862 δε
1780 2844 1794 2862 a
1807 2841 1905 2862 sancto

1112 2886 1249 2912 Demetrio
1266 2885 1373 2911 allatam
1390 2904 1396 2915 ,
1415 2883 1453 2909 uti
1465 2902 1471 2911 .
1487 2891 1546 2917 qmc
1562 2882 1682 2909 Joannes
1698 2882 1841 2908 Cautacuz-
1855 2888 1907 2907 nus
