2038 3151
153 174 219 207 1417

654 174 684 204 S.
708 172 896 203 DEMETRII
917 171 1114 203 MARTYRIS
1135 172 1239 202 ACTA.

1696 169 1761 201 1413

151 231 383 260 Histot'inrumlih.
397 238 416 263 ι,
428 238 488 266 cap.
498 230 532 258 53
542 229 839 265 suppeditat,verba,in
850 229 931 258 Com.
945 230 970 260 Α
984 229 1133 257 nachorum
1165 229 1191 256 in
1209 229 1243 256 iis
1266 228 1401 263 lt‘outeque
1416 227 1570 263 degentium
1589 227 1764 255 multitudine

149 278 279 306 mentario
307 277 408 312 praet-io
438 284 514 304 num.
539 276 587 303 121
610 276 665 310 jam
683 276 806 308 recitata,
817 275 930 303 innuero

149 324 285 351 videmur.
305 323 341 350 Ita
358 324 450 350 animo
463 327 634 357 comparatus
649 329 721 353 sum,
739 321 812 356 quod
829 321 855 348 in
874 325 930 348 tota

149 368 330 396 Cantacuzeni
348 368 381 395 de
396 371 528 402 occupata
543 375 591 402 per
605 367 793 394 Andronicum
811 367 930 394 Thessa-

150 416 237 442 lonica
251 414 407 441 narratione
421 413 488 440 nihil
504 414 616 441 omnino
631 417 767 447 occurrat,
781 413 846 448 quin
865 413 931 441 solis

148 464 251 486 naturae
263 458 365 485 viribus
378 458 436 485 ﬁeri
447 457 527 485 facile
539 459 671 492 poluerit;
690 458 826 493 superiori
840 462 930 484 autem

147 506 244 533 virtuti
263 505 375 537 factum,
396 510 501 532 natura:
512 505 584 533 vires
601 505 671 532 haud
687 505 833 536 excedens,
848 503 933 532 ascri-

148 553 214 580 bere
232 559 284 578 non
309 551 468 583 debeamus,
483 550 536 578 nisi
556 552 640 583 forte,
659 552 731 586 quod
756 551 865 578 interim
889 550 933 577 hic

150 605 202 625 non
223 599 261 630 tit,
278 597 347 625 ratio
376 597 511 631 quaepiam
527 598 600 632 justa
615 605 647 625 ac
664 597 750 625 solida
766 597 932 625 contrarium

149 644 272 672 suadeat.
292 643 391 670 Verum
426 643 476 670 etsi
500 643 608 678 quidem
630 644 656 671 in
672 642 871 672 Thessalonicae
887 649 933 676 per

149 689 334 717 Andronicum
357 689 535 724 occupatione
561 689 721 717 miraculum
732 708 740 721 ,
757 692 786 716 ut
800 694 931 724 apparet,

151 743 199 763 seu
218 742 369 770 supernum
389 742 404 762 a
425 739 520 762 sancto
539 734 674 763 Demetrio
693 735 930 762 subministratum

151 781 283 808 auxilium
301 781 496 808 admittendum
512 788 566 807 non
584 781 719 812 videatur,
735 781 870 808 miraculo
888 785 930 807 ta-

152 835 225 859 men,
247 835 295 861 per
310 831 436 855 sanctum
455 827 620 854 Demetrium
643 831 760 862 patrato,
778 832 807 854 ut
828 827 934 854 Andro-

153 871 443 903 nicus,Thessalonica
454 873 508 907 jam
522 873 708 907 occupata,ab
723 873 872 900 inveterato
888 880 933 906 pe-

154 918 329 952 riculosaque
351 918 475 950 vulnere,
494 919 520 944 in
539 918 606 953 pede
624 922 745 953 accepto,
763 918 866 952 absque
880 918 935 945 ulla

154 971 241 996 mora,
254 971 313 990 cum
329 969 467 998 unguento
482 971 497 991 e
511 965 597 991 sancti
615 963 743 991 Demetrii
759 964 865 991 tumulo
879 971 939 991 sca-

156 1009 282 1042 turienle,
308 1008 394 1036 linere
407 1009 480 1036 illum
510 1009 788 1041 decrevisset,l'uerit
811 1011 940 1042 sanatus‘,

155 1053 255 1081 factum
270 1055 407 1083 existimo.
422 1054 476 1083 Nec
490 1055 596 1088 dubito,
608 1056 673 1090 quin
688 1056 754 1082 mihi
771 1063 937 1083 assensurus

153 1099 199 1132 sit,
217 1101 372 1135 quicunque
390 1101 511 1135 proxime
541 1101 659 1135 laudata,
677 1101 778 1136 quibus
793 1101 873 1128 etiam
892 1101 942 1128 mi-

154 1146 249 1174 rabilis
272 1146 318 1174 illa
341 1146 489 1174 Andronici
510 1147 617 1175 sanatio
651 1151 789 1180 narratur,
809 1147 942 1175 Cantacu-

155 1192 215 1219 aeni
241 1192 323 1220 verba
346 1197 452 1220 attento
476 1193 568 1221 anitno
595 1193 764 1228 expenderit.
791 1193 940 1221 Schismati

155 1238 278 1273 quidem,
293 1246 347 1273 quo
365 1238 486 1267 Ecclesia
501 1239 593 1267 Graeca
610 1247 624 1267 a
636 1239 736 1267 Christi
752 1239 870 1267 Ecclesia
883 1244 942 1267 erat

154 1283 289 1317 sejuncta,
304 1284 460 1312 adhaerebat
474 1285 657 1318 Andronicus;
673 1292 765 1312 verum
780 1285 940 1313 beneﬁcium

154 1329 224 1357 adeo
239 1329 369 1358 eximium
385 1330 412 1357 in
428 1330 566 1358 hominem
583 1332 665 1358 etiam
688 1331 843 1366 huiusmodi
856 1330 942 1359 fuisse

154 1375 284 1402 collatum
299 1395 306 1408 ,
329 1375 483 1403 mirandum
513 1384 567 1403 non
586 1380 646 1408 est,
672 1384 736 1404 cum
765 1376 941 1404 historiarum

153 1421 340 1448 monumentis
358 1423 494 1456 proditum
519 1422 571 1455 sit,
599 1423 717 1456 ingentia
735 1422 866 1449 tniraeula
891 1422 942 1449 ali-

154 1466 266 1499 quando
279 1466 305 1493 in
321 1466 446 1494 ethnicos
457 1473 482 1494 et
496 1474 509 1493 a
519 1466 675 1495 Christiana
688 1467 816 1501 religione
828 1474 942 1502 prorsus

153 1511 261 1538 alienos
277 1518 292 1538 a
310 1511 376 1538 viris
400 1512 515 1543 sanctis,
530 1512 572 1539 vel
587 1512 641 1546 jam
660 1513 686 1539 in
702 1513 802 1539 ccelum
819 1513 936 1546 receptis

153 1557 193 1585 vel
207 1557 297 1584 adhuc
310 1558 392 1584 vitam
406 1557 547 1584 nobiscum
559 1557 738 1591 agitantibus,
750 1561 857 1591 patrata
868 1564 940 1584 esse.
955 1570 977 1600 ο

153 1603 192 1630 lta
211 1602 273 1630 fere
287 1601 314 1628 in
333 1601 390 1629 suis
406 1601 438 1628 ad
454 1602 578 1634 proximo
595 1602 644 1629 cit.
659 1601 844 1629 Cantacuzeni
861 1605 943 1637 caput

158 1646 387 1675 Adnotationibus
401 1645 546 1674 Societatis
560 1651 662 1674 nostra:
675 1646 805 1674 sacerdos
819 1646 942 1675 Jacobus

155 1693 325 1725 Gretserus;
342 1692 388 1727 qui
413 1699 475 1719 cum
499 1691 599 1719 ibidem
627 1697 757 1727 praeterea
784 1693 870 1720 multa
892 1693 945 1720 alia

158 1740 231 1766 hanc
256 1738 283 1766 in
300 1743 357 1765 rem
374 1742 525 1772 Opportune
543 1737 659 1765 disserat
674 1757 681 1771 ,
701 1738 841 1766 curiosum
862 1738 946 1765 lecto-

157 1792 215 1812 rem
230 1785 263 1811 ad
278 1791 340 1811 eum
355 1783 498 1811 brevitatis
513 1791 596 1812 causa
610 1785 731 1816 remitto,
749 1785 786 1811 uti
800 1788 837 1822 et,
846 1785 879 1811 ad
894 1791 926 1811 ea
936 1802 945 1817 ,

157 1838 219 1865 quae
241 1830 333 1865 operis
352 1830 439 1857 nostri
463 1832 556 1856 tomus
576 1829 701 1863 proxime
729 1829 895 1857 antecedens
918 1829 946 1857 in

157 1875 373 1907 Commentario,
390 1874 464 1902 Actis
490 1874 541 1902 SS.
557 1874 643 1910 Sergii
666 1879 693 1903 et
712 1875 810 1904 Bacchi
834 1876 945 1911 praevio,

158 1919 172 1955 §
186 1920 213 1952 5,
229 1920 424 1954 complectitur.

160 1975 174 2011 §
194 1975 239 2003 111.
267 1974 413 2008 Nonnulla,
433 1984 491 2010 qua:
515 1980 641 2011 praeterea
667 1976 699 2003 de
722 1977 874 2010 prodigiosa
897 1984 947 2002 un-

195 2016 303 2046 guento,
317 2019 330 2036 e
342 2012 427 2037 nancti
442 2011 569 2038 Demetrii
589 2011 690 2038 tumulo
720 2013 877 2038 sealuriente
892 2019 946 2038 me-

197 2046 289 2072 moria:
303 2050 409 2073 exstant
424 2046 541 2080 prodita,
558 2047 585 2072 in
598 2046 713 2073 medium
730 2046 910 2072 adducuntur.

198 2102 243 2130 5L
260 2101 317 2129 Etsi
332 2102 439 2136 quidem
457 2108 623 2137 unguentum
633 2110 649 2130 θ
659 2103 746 2130 sancti
761 2103 888 2130 Demetrii
905 2106 948 2130 tu-

162 2149 238 2176 mulo
256 2148 319 2175 olim
342 2155 396 2176 non
420 2152 524 2175 tantum
552 2149 682 2180 stillasse,
710 2149 758 2177 sed
787 2152 816 2176 et
842 2148 945 2184 ingenti

160 2200 275 2228 prorsus
295 2200 326 2220 ac
343 2193 475 2228 stupenda
491 2193 569 2228 copia
593 2193 618 2220 id
647 2193 758 2226 factum,
778 2192 893 2221 adducta
919 2193 946 2221 in

982 275 1172 306 celeberrimo,
1188 275 1269 301 vitam
1285 274 1434 301 solitariam
1450 274 1565 309 agebat;
1587 281 1648 301 cum
1673 278 1763 300 autem

983 321 1018 348 ita
1036 320 1108 348 haud
1127 320 1220 356 procul
1245 320 1391 347 admodum
1408 327 1422 346 a
1440 319 1679 347 Thessalonicensi
1697 319 1764 346 civi-

983 370 1049 399 tate,
1064 371 1157 401 utpote
1177 371 1205 394 et
1221 367 1279 401 ipsa
1295 366 1322 392 in
1341 365 1499 392 Macedonia
1514 365 1579 397 sita,
1597 370 1764 397 versaretur,

982 413 1015 441 de
1033 413 1093 440 oleo
1119 420 1167 440 seu
1199 416 1349 447 unguento,
1375 413 1445 446 quod
1472 412 1499 438 in
1527 411 1767 438 Thessalonicensi

983 459 1070 486 sancti
1086 458 1214 486 Demetrii
1239 458 1349 485 basilica
1363 465 1378 484 ο
1391 465 1470 484 sacro
1496 457 1577 492 hujus
1599 457 1703 484 tumulo
1723 457 1768 483 in-

983 504 1056 540 genti
1070 512 1100 532 ac
1115 504 1248 538 stupenda
1261 505 1339 539 copia
1351 504 1478 532 continuo
1493 504 1618 538 stillaret,
1629 511 1769 532 sermones

984 558 997 577 a
1015 550 1138 585 pluribus
1152 549 1262 577 misceri
1275 550 1344 577 haud
1356 557 1417 577 raro
1425 550 1558 577 audierat.
1775 586 1781 591 ⁷

1019 597 1075 624 54⁸.
1091 595 1191 624 Verum
1204 596 1244 623 rei
1258 596 1417 630 prodigiosae
1434 596 1512 624 ﬁdem
1528 596 1598 623 haud
1613 596 1768 624 adhibebat.

983 643 1051 671 Cum
1067 643 1150 673 enim,
1165 643 1282 676 dicebat,
1293 642 1379 669 sancti
1393 642 1532 675 Demetrii,
1546 643 1592 678 qui
1608 643 1687 670 hasta
1703 643 1772 670 dun-

983 692 1058 716 taxat
1072 688 1215 716 confossus
1235 687 1373 720 occubuit,
1391 695 1442 716 nec
1454 688 1531 723 plura
1553 692 1687 715 tormenta
1704 689 1772 716 sub-

984 735 1025 768 iit,
1051 735 1209 770 martyrium
1241 734 1308 762 nihil
1336 735 1447 762 omnino
1470 735 1607 770 singulare
1628 736 1772 771 habuerit,

985 784 1015 806 ut
1031 779 1077 814 qui
1093 787 1148 814 prae
1162 779 1264 807 sanctis
1280 780 1446 815 martyribus
1472 780 1544 811 aliis,
1561 780 1607 815 qui
1633 782 1774 808 atrocissi‘

985 825 1037 852 mis
1069 826 1282 860 quibuscunque
1316 825 1438 853 toleratis
1466 826 1610 853 tormentis
1649 827 1774 862 martyrii

986 872 1101 906 palmam
1124 871 1252 904 retulere,
1270 871 1355 906 gratia
1371 871 1415 897 illa
1430 870 1532 899 Sancto
1554 872 1599 898 isti
1621 872 1700 906 plane
1717 872 1776 899 exi-

995 917 1059 949 mia,
1069 920 1098 943 ut
1109 924 1125 944 e
1137 911 1242 944 tumulo
1255 916 1314 950 ejus
1330 921 1498 951 unguentum
1508 937 1515 949 ,
1529 918 1659 945 sanandis
1673 919 1775 946 morbis

993 963 1124 995 salutare,
1135 963 1290 998 prodigiose
1306 963 1448 995 scaturiat,
1461 963 1592 990 divinitus
1606 963 1641 990 sit
1653 965 1775 991 collata?

993 1007 1112 1039 Adhtee.
1137 1015 1198 1035 cum
1221 1012 1386 1043 unguentum
1405 1008 1470 1035 illud
1487 1015 1534 1035 seu
1550 1009 1640 1036 oleum
1657 1009 1775 1036 maxima

993 1054 1114 1089 quotidie
1128 1054 1205 1089 copia
1217 1061 1232 1081 a
1249 1054 1345 1088 populo
1361 1054 1473 1086 hauriri,
1491 1061 1540 1082 nee
1564 1058 1652 1082 tamen
1669 1054 1722 1081 ulla
1734 1062 1776 1081 ra-

993 1101 1066 1128 tione
1086 1100 1209 1128 imminui
1238 1099 1361 1132 audiret,
1377 1107 1392 1127 e
1407 1099 1499 1127 Sancti
1513 1100 1597 1128 nostri
1618 1108 1734 1136 corpore
1750 1100 1776 1128 id

992 1146 1106 1179 stillare,
1123 1146 1261 1181 mgcrrime
1278 1146 1305 1173 in
1328 1146 1451 1174 animum
1466 1146 1622 1180 inducebat,
1641 1154 1674 1174 eo
1693 1147 1777 1175 etiam

993 1192 1096 1220 idcirco
1125 1193 1309 1227 propendens,
1337 1196 1367 1219 ut
1397 1192 1485 1219 oleum
1514 1200 1561 1220 seu
1588 1198 1776 1228 unguentum,

997 1238 1109 1265 aliunde
1131 1242 1210 1265 antea
1227 1243 1362 1273 paratum,
1378 1246 1434 1266 non
1449 1245 1566 1272 superna
1583 1246 1630 1266 seu
1650 1239 1778 1274 martyris

992 1283 1105 1317 virtute,
1122 1283 1169 1311 sed
1195 1284 1315 1312 humano
1340 1284 1458 1311 artillcio
1481 1283 1576 1311 effecta
1602 1285 1778 1319 scaturigine,

995 1329 1095 1364 populo
1111 1329 1237 1364 profundi
1255 1339 1303 1358 seu
1319 1329 1521 1359 subministrari
1538 1330 1714 1359 existimaret.
1729 1331 1779 1359 Vc-

994 1383 1054 1402 rum
1080 1376 1217 1404 monacho
1240 1376 1297 1408 illi,
1317 1384 1370 1411 qua
1394 1376 1612 1404 incredulitatem
1635 1385 1712 1404 suam
1728 1377 1780 1405 fuit

993 1421 1136 1455 dedoctus,
1150 1423 1220 1450 visio
1233 1423 1352 1450 caelestis
1366 1423 1417 1450 fuit
1431 1424 1531 1451 oblata.
1543 1424 1617 1451 llanc
1628 1423 1706 1458 ipsis,
1720 1431 1781 1459 qua:

992 1467 1114 1495 Joannes
1140 1468 1301 1496 Stauracius
1327 1469 1388 1497 loco
1415 1471 1462 1497 cit.
1489 1470 1656 1505 suppeditat,
1680 1469 1782 1497 Graecis

993 1513 1105 1543 verbis,
1134 1513 1225 1540 addita
1254 1514 1336 1540 etiam
1362 1514 1396 1541 ad
1425 1515 1529 1542 calcem
1558 1516 1782 1550 interpretatione

995 1556 1110 1589 Latina,
1138 1557 1234 1584 lectori
1259 1557 1302 1585 hic
1327 1558 1392 1586 libet
1430 1559 1571 1586 exhibere.
1600 1560 1646 1587 Sic
1667 1561 1748 1588 habet
1773 1571 1780 1589 :

1004 1601 1107 1628 Ἐδόκει
1144 1602 1205 1628 καθ’
1231 1602 1332 1634 ὕπνους
1356 1603 1481 1637 γενέσθαι
1507 1605 1539 1639 τῇ
1561 1604 1781 1633 Θεσσαλονικέων

998 1646 1085 1679 πόλει,
1104 1647 1150 1674 καὶ
1174 1647 1219 1675 τὸν
1237 1648 1301 1675 ναὸν
1317 1649 1542 1684 καταλαμϐάνειν
1563 1650 1610 1677 τοῦ
1630 1651 1781 1688 μάρτυρος,

997 1691 1089 1727 εὑρεῖν
1107 1701 1138 1719 τε
1160 1694 1204 1720 τὸν
1220 1694 1355 1729 νεωκόρον
1374 1697 1422 1723 καὶ
1439 1698 1612 1731 προσειπεῖν,
1636 1699 1682 1725 xei.
1697 1699 1782 1726 ἀκοῦ-

997 1745 1053 1764 σαιο
1067 1735 1105 1764 Ἦ
1122 1738 1211 1773 βούλει
1226 1739 1326 1766 ίδὲσθαι
1339 1740 1384 1767 τὸν
1398 1741 1543 1777 gap-rupe;
1557 1744 1604 1769 καὶ
1619 1743 1782 1779 ἀνθυπενιγσ

997 1783 1055 1810 κεῖν
1069 1783 1114 1810 τὸν
1133 1784 1268 1817 Βιτάλιον.
1281 1785 1328 1812 καὶ
1342 1785 1403 1813 λίαν
1417 1787 1456 1819 είς
1469 1787 1547 1814 τοῦτο
1563 1788 1619 1824 ἔχει
1636 1789 1783 1824 smnus;

998 1827 1068 1855 ὥστε
1099 1829 1146 1856 καὶ
1177 1830 1240 1856 ἰδεῖν
1268 1830 1315 1857 καὶ
1349 1832 1586 1866 προσπτύξασοαι.
1618 1835 1673 1861 Καὶ
1698 1834 1783 1867 οὕτως

997 1874 1011 1900 ὁ
1027 1873 1077 1908 μὲν
1093 1876 1242 1909 προηγεῖτο
1262 1875 1277 1902 ὁ
1301 1876 1448 1910 νεωκόρος,
1469 1877 1562 1904 εἵπετο
1577 1877 1605 1904 δὲ
1616 1879 1630 1904 ό
1648 1879 1781 1911 Βιτάλιος.

1034 1919 1080 1946 55.
1100 1919 1144 1950 Ὧς
1157 1919 1186 1946 δὲ
1200 1919 1284 1953 ἔγγὺς
1298 1921 1346 1954 τῆς
1361 1921 1435 1952 θείας
1451 1921 1569 1948 κιϐωτοῦ
1582 1920 1628 1948 τοῦ
1643 1922 1783 1957 μάρτυρος

997 1965 1127 1998 γένοιντο,
1144 1965 1298 2000 είσελθέτην
1310 1965 1393 2001 ἄμφω
1404 1967 1435 1992 ὲκ
1448 1967 1495 1993 τοῦ
1505 1967 1605 2000 ἐλαίου,
1616 1969 1662 1995 καὶ
1676 1968 1724 2000 τὰς
1736 1969 1784 1996 θύ-

998 2018 1047 2045 ρας
1062 2010 1217 2045 μετέθεντο,
1227 2012 1274 2038 καὶ
1289 2011 1337 2047 τὴν
1358 2012 1434 2047 ἱερὰν
1450 2013 1620 2048 μετέστησαν
1648 2014 1783 2050 λάρνακα.

998 2055 1045 2082 καὶ
1060 2055 1221 2091 μαρμάρους
1228 2053 1300 2090 ἦραν
1311 2056 1415 2083 ἐκεῖθεν
1429 2057 1461 2083 ὲκ
1474 2057 1558 2092 μέσον
1571 2058 1650 2085 ἑπτά·
1661 2059 1784 2095 καὶπρὸς

997 2099 1098 2135 ὀρυγὴν
1117 2101 1165 2136 μὲν
1179 2101 1342 2136 ἀμοισαυτδν
1364 2102 1419 2137 (an.
1442 2103 1588 2138 ἀμοιὸαδόν
1600 2104 1622 2139 i)
1635 2105 1682 2131 τοῦ
1697 2105 1785 2133 ἐκεῖσε

998 2145 1122 2180 χώματος
1134 2154 1141 2162 ·
1162 2147 1230 2181 μετὰ
1243 2146 1271 2173 δὲ
1294 2147 1360 2182 χοῦς
1374 2147 1466 2183 ἕτερος
1492 2149 1610 2183 καθαρὸς
1625 2150 1786 2184 ἀπηντλεῖτο

999 2192 1102 2218 δκεῖθεν
1134 2192 1246 2224 εὐωδίας
1275 2192 1405 2228 πλείστης
1435 2193 1587 2226 ἀνάπλεως.
1624 2194 1698 2221 Ἐπεὶ
1717 2195 1745 2222 δὲ
1769 2197 1786 2231 ἡ

163 2241 369 2268 Commentario
384 2240 499 2275 praevio,
516 2247 593 2268 num.
607 2240 642 2268 95
654 2245 680 2268 et
697 2241 741 2274 97,
756 2240 858 2268 Nieetae
873 2240 942 2268 Cho-

996 2239 1082 2274 όρυγὴ
1093 2239 1191 2273 φθάσοι
1206 2240 1315 2276 πήχεων
1323 2241 1388 2276 ἄχρι
1398 2240 1492 2276 τριῶν,
1504 2241 1549 2267 καὶ
1562 2241 1658 2276 μικρόν
1665 2250 1692 2269 τι
1707 2244 1786 2276 πρὸς,

161 2286 244 2314 niatte
259 2291 286 2313 et
298 2285 412 2313 Joannis
431 2286 596 2322 Anagnostat
619 2287 703 2314 verba
731 2292 773 2314 sat
796 2287 948 2315 luculenter

162 2332 294 2367 prodant,
309 2332 361 2360 hoe
381 2336 472 2359 tamen
488 2336 657 2366 postremum
672 2338 863 2368 argumentum
878 2340 949 2361 non-

162 2378 229 2405 dum
250 2385 282 2404 ex
307 2377 432 2405 instituto
450 2378 578 2409 tractavi,
594 2377 677 2412 idque
695 2377 762 2406 adeo
778 2378 819 2405 vel
834 2378 948 2410 idcirco,

164 2423 239 2458 quod
256 2424 389 2451 nonnulla
409 2423 499 2451 adhuc
514 2424 586 2451 haud
603 2424 712 2459 penitus
735 2428 886 2452 memoratu
908 2424 950 2452 in-

165 2469 248 2505 digna
272 2469 473 2502 subministret,
495 2470 508 2504 ἕ
533 2470 661 2504 praesenti
685 2470 776 2498 facere
799 2470 950 2504 constitui,

164 2506 259 2548 itaque
283 2520 343 2548 quae
361 2513 395 2540 de
411 2513 513 2541 Sancto
527 2514 690 2543 disserenda
710 2515 839 2547 fuerunt,
862 2513 951 2541 absol-

164 2565 242 2585 vere.
274 2556 309 2585 Ut
336 2557 429 2593 itaque
455 2559 481 2586 id
505 2559 620 2587 instituti
651 2560 777 2593 meliori,
804 2567 858 2595 quo
893 2559 951 2587 ﬁeri

165 2608 268 2638 potest,
287 2604 386 2631 ordine
402 2605 557 2640 mancipem
577 2605 697 2638 effectui,
717 2613 732 2633 a
756 2606 951 2640 suppeditata,

165 2658 226 2685 quae
255 2651 282 2678 in
302 2651 397 2678 codice
420 2657 515 2679 nostro
540 2651 560 2688 -ι-
584 2660 637 2680 ms.
664 2653 714 2680 193
741 2652 788 2681 fol.
816 2661 897 2681 verso
917 2653 953 2681 78

167 2700 194 2722 et
209 2704 286 2732 seqq.
302 2705 317 2724 e
333 2696 430 2726 Leonis
453 2698 546 2725 Allatii
562 2706 614 2726 ms.
637 2703 762 2734 excerpta
781 2704 879 2732 exstat,
905 2708 955 2736 per

167 2740 302 2770 Joannem
322 2743 492 2771 Stauracium
510 2752 591 2780 supra
606 2746 757 2780 saepissime
771 2746 908 2774 laudatum
922 2747 956 2775 de

168 2790 304 2816 monacho
319 2790 447 2824 quodam,
465 2791 576 2818 nomine
591 2790 700 2825 Vitalio,
715 2792 870 2820 narratione
886 2792 957 2820 duco

169 2833 289 2862 initium.
302 2834 393 2863 Hicin
411 2836 561 2864 celsissimo
579 2836 745 2865 Macedoniae
768 2842 860 2866 monte
871 2838 955 2871 Atho,

174 2884 227 2907 tum
243 2881 474 2910 monasteriorum
503 2890 564 2917 quae
594 2884 796 2918 complectitur,
813 2890 869 2913 tum
896 2892 954 2914 mo-

350 2928 484 2959 PATROL.
506 2929 562 2960 Gn.
579 2929 685 2962 CXVI.

1000 2286 1106 2322 λάρναξ
1124 2287 1210 2323 ἐφάνη
1227 2287 1333 2320 τούτοις
1363 2288 1635 2324 περικεκαλυμμένη
1647 2291 1786 2325 μαρμάρῳ

1000 2332 1083 2368 λευκῇ
1099 2352 1107 2365 ,
1133 2332 1166 2368 ἢν
1190 2333 1239 2360 καὶ
1257 2333 1360 2369 ταύτην
1377 2333 1483 2361 ἐκεῖθεν
1499 2334 1654 2370 διάραντες,
1674 2335 1722 2361 ’καὶ⁵
1737 2335 1786 2370 τὴν

1000 2378 1123 2413 λάρνακα
1143 2378 1396 2414 ἀνακαλυψάμενοι,
1411 2377 1482 2406 εἷδον
1497 2379 1572 2407 ἔνδον
1589 2380 1692 2415 ταύτης
1707 2381 1786 2407 ἀκτι-

1001 2422 1164 2450 νοϐολοῦντα
1177 2423 1225 2450 τὸν
1240 2424 1369 2459 μάρτυρα
1383 2424 1521 2459 κείμενον,
1537 2424 1626 2457 ζῶντα
1642 2425 1786 2461 καθαρῶς,

1005 2469 1053 2496 καὶ
1070 2469 1176 2496 ἐοικότα
1189 2469 1366 2503 ὕπνώττοντι,
1378 2470 1580 2505 ὑπομειδιῶντα
1610 2472 1657 2499 καὶ
1670 2473 1787 2508 φαιδρω-

1002 2515 1060 2543 πόν.
1093 2516 1151 2542 Καὶ
1189 2516 1244 2543 ἰδοὺ
1272 2516 1369 2552 μυρίαι
1394 2517 1510 2553 τρώσεις
1541 2518 1581 2553 τῷ
1614 2519 1732 2554 μάρτυρι
1756 2519 1787 2546 ὲκ

1002 2561 1141 2597 τραχήλου
1160 2562 1242 2598 μέχρι
1269 2562 1317 2589 καὶ
1339 2563 1440 2598 ὀσφύος
1456 2563 1542 2598 αὐτῆς
1559 2563 1786 2600 πεπὺκνωμέναι,

1005 2608 1053 2634 καὶ
1082 2609 1201 2644 ἀλλήλας
1227 2609 1349 2645 ἀκριϐῶς
1377 2610 1610 2645 προσεγγίζουσαι
1643 2610 1713 2637 κατὰ
1739 2611 1788 2641 τὰς

1004 2654 1282 2690 κηροπλαστουμένας
1302 2656 1374 2687 -ταίς
1400 2655 1544 2691 μελίσσαις
1573 2656 1661 2688 ὀπὰς,
1690 2656 1789 2688 σκεῦος

1005 2697 1060 2727 οἷον
1081 2701 1194 2735 μυωπδν
1219 2701 1267 2728 καὶ
1284 2701 1377 2737 μύρων
1394 2702 1578 2738 μυριοφλέσες
1592 2703 1624 2729 ἐκ
1639 2702 1693 2728 τῶν
1713 2702 1788 2728 ὀπῶν

1005 2745 1191 2781 ἀνεπὴγαζον,
1218 2746 1326 2781 σφοδρῷ
1345 2747 1472 2782 καθάπερ
1492 2747 1617 2774 κάτωθεν
1643 2747 1789 2782 ἀναφυσώ-

1008 2801 1087 2828 μεναι
1114 2792 1261 2827 πνεύματι¹
1281 2793 1329 2820 καὶ
1353 2794 1453 2829 μικροῦ
1480 2794 1535 2821 δεῖν
1564 2795 1588 2821 οἱ
1606 2794 1701 2830 ἄνδρες
1717 2790 1790 2821 οὗτοι

1008 2838 1056 2865 καὶ
1087 2838 1287 2871 κατεκλύζοντο
1309 2839 1366 2871 τοῖς
1394 2840 1449 2867 τῶν
1480 2840 1576 2877 μύρων
1602 2840 1790 2875 ἀναπηδύουσι

1011 2884 1155 2920 ῥεύμασιν.
1170 2885 1204 2912 Ὅ
1219 2893 1249 2912 τε
1270 2886 1317 2913 καὶ
1333 2887 1346 2914 ό
1366 2886 1488 2918 Βιτάλιος
1509 2887 1582 2921 ἰδὼν,
1593 2887 1637 2915 καὶ
1653 2885 1788 2921 ὑπερθαυ-

1497 2932 1534 2963 ίιίὶ
