2038 3151
256 175 324 207 1519

904 174 951 204 SU
957 174 1187 206 PPLEMENTU
1193 176 1228 205 lli.

1802 175 1869 206 1428

255 231 354 265 μάσας,
380 229 411 256 τὸ
439 229 510 255 θεῖον
544 229 631 255 ἐκεῖνο
651 227 732 263 σῶμα
760 227 807 254 τοῦ
834 229 970 263 μάρτυρος
990 228 1034 254 καὶ

1098 234 1117 256 ιι
1134 229 1184 256 viri
1208 229 1245 256 illi
1274 229 1429 257 subsilienti
1452 229 1532 256 etiam
1557 229 1686 264 unguenti
1705 228 1779 255 fluxu
1801 229 1866 256 sub~

254 276 440 314 προσεκύνησε
457 276 504 302 καὶ
517 275 672 310 ἠσπάσατο,
690 275 738 301 καὶ
755 274 852 306 σκεῦός
883 283 908 301 τι
921 275 958 306 ὡς
980 274 1037 301 ἐδό-

253 331 297 350 κει
315 323 406 357 φὲρων
424 322 525 357 χεροῖν,
544 321 558 348 ὅ
572 321 640 356 δῆτα
663 320 804 355 ὲγχωρίως
829 319 952 346 καλεῖται
974 328 1037 346 κου-

253 369 369 404 τρίσιον,
393 367 474 394 τοῦτο
500 367 554 394 τῶν
582 366 788 397 ἀναϐλυζὸντων
813 366 918 393 ἐκεῖθεν
943 365 1037 401 μύρων

256 414 456 449 πεπλήρωκεν·
475 412 553 444 αὖθις
588 409 635 438 οὖν
663 411 711 445 τὴν
741 411 897 445 μυροφόρον
928 410 1038 444 ἐκείνην

254 458 494 494 ἑπιπωματίζουσι
506 457 639 492 λάρνακα,
652 456 794 490 καὶταύτῃ
811 455 876 490 χοῦν
890 455 937 482 τὸν
950 454 1037 489 εὐώδη

255 504 454 539 περιτιθέασιν,
474 503 522 530 καὶ
548 502 620 529 οὕτω
644 502 726 528 πάλιν
749 502 781 528 τδ
798 502 832 528 ὲκ
858 501 913 527 τῶν
942 500 1037 535 μύρων

255 551 377 587 πηλῶδες
395 551 492 582 ἐκεῖνο,
508 549 557 581 τὰς
591 548 756 585 μαρμάρους
775 556 804 575 τε
833 547 882 574 καὶ
904 547 954 582 τὴν
974 555 1037 581 φαι-

257 599 375 633 νομένην
391 597 473 624 πᾶσιν
488 596 593 624 ἄνωθεν
611 595 747 631 λάρνακα.

292 643 338 670 36.
359 640 416 669 Εἴθ’
430 642 501 668 οὕτω
515 641 564 676 τὴν
580 640 683 676 σεπτὴν
699 641 746 666 καὶ
767 639 844 666 πάλιι
866 639 1039 674 μαρτυρικὴν

257 689 374 716 κιϐωτὸν
397 689 572 724 θυρώσαντες
593 689 631 719 ὡς
654 687 684 713 τὸ
705 688 836 721 πρότερον
858 685 969 720 ἐξῆλθον
992 684 1040 710 καὶ

257 735 304 763 τοῦ
319 735 383 762 ναοῦ
402 736 449 762 καὶ
464 734 513 769 τῆς
533 733 638 764 πόλεως
654 741 661 748 ·
680 733 692 759 ὁ
711 732 760 767 μὲν
778 731 902 762 Βιτάλιος
919 730 1036 764 τραπεὶς

258 781 481 816 παλιμπόρευτος
510 780 579 815 πρὸς
602 779 663 806 ὅθεν
681 779 760 812 δῆτα,
778 778 815 808 ὡς
827 777 925 810 ἐδόκει,
941 776 1038 811 ὲλήλυ-

258 827 304 853 Θεν
318 834 326 842 ·
345 826 359 852 ὁ
374 825 403 852 δὲ
426 825 563 860 νεωκόρος
584 824 621 856 ὡς
643 823 738 850 τοῦτον
758 823 841 858 μέχρι
866 823 938 854 τινὸς
955 822 1039 848 τόπου

257 870 484 904 διαπευσόμενος,
500 869 634 903 ’Δλμυρὸς
648 867 686 903 τῷ
701 867 777 902 τόπῳ
791 867 822 893 τὸ
840 866 936 901 ὄνομα.
954 865 1041 891 Ἐκεῖ·

258 916 305 942 θεν
333 913 381 943 οὖν
408 915 484 950 αὐτῷ
510 913 713 948 συνταξάμενος
742 913 820 945 αὖθις
845 911 1038 946 ὑπέστρεψεν.
1055 905 1077 933 Β

257 962 444 998 αἰτησάμενος
469 961 519 996 μὲν
541 961 588 988 τὸν
608 960 731 987 Βιτάλιον
761 960 793 986 ἐκ
818 959 866 986 τοῦ
887 958 973 994 μύρου
991 957 1040 983 λα-

257 1008 367 1041 ϐέσθαι,
385 1009 453 1042 ὅπερ
468 1007 514 1034 τοῦ
536 1006 706 1042 μαρτυρικοῦ
724 1006 880 1041 ἀπήντλησε
903 1005 1039 1039 σώματος·

259 1055 296 1089 μὴ
312 1054 401 1089 τυχὼν
425 1053 454 1080 δὲ
481 1053 527 1080 τοῦ
547 1052 715 1087 ζητήματος,
728 1052 753 1078 εί
774 1052 813 1086 μὴ
840 1050 920 1086 μόνον
935 1049 1041 1079 νοτίδας

260 1100 361 1135 μικρὰς
383 1100 416 1126 ὲκ
434 1099 530 1126 τούτου
548 1098 579 1125 τὸ
599 1099 725 1133 μέτωπον
744 1096 925 1132 σταυροειδῶς
948 1095 1041 1131 ἐγχρι-

259 1146 387 1181 σάμενος.
399 1145 432 1171 Τί
446 1144 476 1171 τὸ
493 1145 538 1171 ἐπὶ
553 1144 678 1177 causam;
698 1142 862 1177 ’Δφύπνιστο
878 1143 892 1168 ὁ
906 1141 1039 1173 Βιτὰλιος,

258 1193 306 1218 καὶ
319 1191 374 1218 ἰδοὺ
390 1190 419 1217 τδ
435 1190 605 1226 μαρτυρικδν
619 1189 705 1225 μύρον
717 1190 776 1221 ταῖς
786 1189 865 1224 χερσὶ
878 1187 1040 1222 περιέφερε,

259 1239 307 1265 καὶ
323 1239 383 1270 ὅλος
403 1235 437 1272 ἦν
457 1238 514 1268 τοῖς
527 1237 624 1272 μύροις
637 1236 790 1272 διάὸροχος·
809 1235 856 1262 καὶ
867 1235 926 1266 ὅλος
944 1232 978 1269 ἦν
991 1233 1042 1266 τῆς

260 1284 373 1316 εὐωδίας
388 1283 542 1315 ἀνάπλεως,
559 1281 697 1318 ἄπληκτος
713 1283 784 1314 ὅλος,
800 1282 860 1313 ὅλος
879 1279 1040 1311 ινθοιιπιῶν,

259 1331 353 1366 τρόμῳ
384 1330 554 1365 κεκραμένος
575 1329 621 1356 καὶ
639 1329 775 1364 χαρμονῇ,
795 1329 918 1362 Μήποτε,
943 1326 1040 1360 λέγων,

259 1378 306 1405 καὶ
325 1377 408 1404 εἰσέτι
426 1376 590 1411 ὀνειροπολῶ
603 1395 611 1408 ,
626 1376 673 1402 καὶ
690 1375 764 1410 μύρα
788 1373 961 1407 φαντάζομαι
980 1370 1041 1397 καθ’

261 1424 362 1454 ὕπνους
380 1423 474 1458 φέρειν
488 1422 535 1449 τοῦ
555 1421 712 1457 μάρτυρος;
737 1420 808 1446 ’Δλλ’
825 1419 862 1450 ὡς
880 1417 967 1444 ἔοικεν
982 1416 1041 1443 οὐδὲ

260 1470 294 1495 τὰ
314 1469 363 1503 τῆς
380 1467 468 1502 ὖψεώς
490 1475 536 1502 μοι
549 1466 616 1500 πρὸς
630 1466 708 1500 ὄναρ,
726 1463 834 1492 καὶτοῦ
855 1460 1041 1498 φανταστικοῦ

261 1512 449 1544 ἀνατύπωσις·
467 1511 537 1539 ἀλλὰ
554 1511 700 1546 σωματικὴ
717 1509 833 1544 ἑνδημία
851 1517 897 1543 μοι
912 1508 977 1542 ἄχρι
993 1506 1042 1541 τῆς

1088 279 1288 310 mergerentur.
1303 274 1380 308 Quod
1398 283 1460 302 cum
1473 274 1592 302 Vilalius
1608 274 1722 302 vidisset
1739 281 1771 302 ac
1783 282 1869 310 supra

1089 321 1199 348 modum
1211 320 1403 353 admiraretur,
1417 320 1540 348 divinum
1554 319 1620 346 illud
1630 320 1758 354 martyris
1770 327 1870 355 corpus

1088 370 1115 394 et
1132 365 1257 394 adoravit
1281 369 1309 393 et
1335 366 1476 396 salutavit.
1495 365 1696 400 quoddamque,
1712 369 1741 391 ut
1761 365 1869 392 videba-

1088 413 1144 443 tur,
1162 417 1220 443 vas,
1234 410 1378 438 Cutribion
1392 409 1521 436 nimirum
1531 409 1679 436 vernacule
1691 409 1872 443 appellatum,

1088 456 1215 483 manibus
1227 460 1349 490 gestans,
1361 456 1423 483 oleo
1437 455 1462 482 id
1478 454 1541 482 inde
1556 454 1721 482 scaturiente
1733 454 1872 488 implevit.

1089 501 1195 530 Rursus
1214 502 1295 537 igitur
1315 502 1400 533 illam,
1420 508 1435 529 e
1453 508 1507 535 qua
1521 501 1611 528 oleum
1628 500 1761 530 scaturit,
1779 505 1874 526 arcam

1089 548 1218 576 claudunt
1228 568 1235 580 ,
1251 548 1331 583 eique
1345 547 1407 575 boni
1421 547 1514 575 odoris
1529 547 1653 578 humum,
1671 545 1762 580 itaque
1771 544 1875 572 iterum

1089 594 1212 622 oleosum
1229 594 1297 621 illud
1321 593 1427 625 lutum,
1445 592 1605 628 lapidesque
1631 597 1814 623 marmoreos,
1840 597 1875 616 ac

1089 647 1149 675 qua:
1165 640 1298 667 divinitus
1315 639 1377 666 data
1393 638 1523 666 omnibus
1539 641 1664 672 apparet.
1689 636 1795 663 thecam
1823 635 1877 662 im—

1089 689 1206 721 ponunt.
1226 685 1271 712 Sic
1297 685 1406 716 deinde,
1432 683 1590 712 venerando
1620 683 1716 710 iterum
1745 681 1876 716 martyris

1089 732 1175 760 etiam
1192 731 1358 763 conditorio,
1377 734 1407 758 ut
1430 731 1508 765 prius
1532 732 1603 760 erat,
1619 728 1726 759 clauso,
1740 734 1756 754 e
1770 726 1876 761 templo

1090 779 1173 806 etiam
1194 786 1225 806 ac
1240 778 1351 805 civitate
1365 781 1429 804 sunt
1442 776 1558 811 egressi,
1570 774 1686 802 Vitalius
1701 773 1812 809 quidem
1828 779 1874 804 eo,

1091 825 1163 852 unde
1183 824 1324 856 nimirum,
1342 827 1373 850 ut
1390 822 1548 857 apparebat,
1565 824 1695 851 venerat.
1714 820 1811 847 iterum
1830 827 1877 846 re-

1091 871 1181 904 diens,
1197 870 1315 898 aedituus
1332 873 1424 896 autem
1449 867 1532 895 veluti
1561 867 1637 894 illum
1654 866 1849 893 observaturus
1865 884 1874 896 ,

1091 915 1126 944 ad
1144 915 1301 950 quemdam,
1325 914 1370 941 cui
1394 921 1492 941 nomen
1518 916 1578 940 erat
1606 912 1748 943 Almurus,
1770 910 1873 937 locum.

1092 960 1162 988 Hinc
1181 960 1263 995 igitur
1274 958 1362 987 eidem
1375 959 1529 993 adjunctus,
1543 956 1734 985 cumVitalium
1751 955 1877 990 quidem.

1092 1011 1122 1034 ut
1135 1013 1168 1034 ex
1183 1005 1254 1037 oleo,
1270 1005 1344 1040 quod
1360 1011 1376 1032 e
1393 1002 1521 1038 martyris
1535 1009 1650 1036 corpore
1664 1001 1808 1032 hauserat,
1830 1007 1879 1026 ac-

1091 1051 1212 1086 ciperet,
1236 1049 1417 1085 postulasset,
1446 1047 1649 1083 postulatoque,
1675 1046 1699 1072 si
1724 1043 1879 1080 pauxillum

1091 1096 1197 1126 humidi
1206 1095 1359 1130 exceperis,
1372 1102 1426 1122 non
1439 1094 1561 1124 obtento,
1574 1099 1608 1120 eo
1620 1091 1712 1120 crucis
1724 1091 1751 1118 in
1765 1090 1879 1117 modum

1091 1144 1210 1172 frontem
1227 1142 1364 1173 unxisset,
1388 1140 1484 1176 pedem
1503 1139 1602 1167 iterum
1619 1143 1691 1165 retro
1715 1136 1788 1164 tulit.
1813 1133 1881 1162 Haec

1093 1190 1164 1218 inter
1178 1188 1294 1216 Vitalius
1310 1186 1449 1222 paululum
1467 1183 1671 1219 expergefactus
1687 1186 1743 1214 est,
1753 1185 1790 1213 et,
1802 1187 1879 1213 ecce,

1092 1235 1220 1270 martyris
1230 1236 1397 1268 unguentum
1413 1230 1540 1258 manibus
1552 1227 1774 1258 circumferebat,
1791 1230 1881 1254 totus—

1093 1288 1145 1316 que
1158 1285 1217 1307 erat
1231 1279 1291 1307 oleo
1304 1277 1442 1309 madidus,
1457 1275 1582 1310 bonoque
1595 1274 1679 1302 odore
1695 1272 1881 1306 uudequaque

1093 1328 1202 1363 plenus,
1216 1324 1371 1360 perculsus,
1387 1326 1462 1350 totus
1474 1325 1551 1348 extra
1575 1327 1606 1347 se
1629 1322 1735 1353 raptus,
1759 1320 1882 1344 tremore

1093 1362 1125 1401 ac
1136 1372 1229 1400 laetitia
1242 1376 1406 1405 suspensus,
1422 1366 1527 1397 Nonne.
1538 1366 1643 1397 dicens,
1653 1364 1745 1390 adhuc
1760 1362 1881 1393 somnio,

1092 1418 1274 1453 martyrisque
1284 1423 1327 1443 me
1340 1415 1412 1442 ferre
1425 1414 1515 1442 oleum
1526 1413 1553 1439 in
1571 1410 1677 1439 somnio
1688 1408 1842 1444 imaginor?
1855 1417 1865 1433 I

1129 1465 1174 1491 38.
1193 1472 1203 1489 ι
1222 1462 1334 1493 Verum,
1354 1464 1385 1487 ut
1401 1459 1519 1489 videtur,
1534 1457 1600 1484 mihi
1616 1456 1689 1483 haud
1713 1454 1828 1483 visionis
1853 1453 1881 1481 in

1093 1517 1201 1542 somno,
1223 1506 1430 1542 phantasimque
1447 1505 1532 1536 ﬁctio,
1552 1502 1600 1531 sed
1623 1509 1764 1535 corporea,
1789 1501 1826 1527 ita
1852 1503 1881 1527 ut

264 1557 438 1593 μαρτυρικῆς
464 1557 558 1592 τιμίας
582 1545 672 1592 σοροῦ·
693 1545 775 1582 αὺτοῦ
794 1563 839 1589 μοι
856 1553 903 1580 τοῦ
923 1551 1043 1587 μεγάλου

1097 1555 1224 1590 martyris
1247 1553 1328 1581 etiam
1350 1551 1471 1580 loculum
1495 1551 1640 1576 veneratus
1655 1547 1717 1579 sim,
1734 1545 1880 1581 praesentia

262 1604 296 1639 (ὣ
312 1604 385 1631 θείου
404 1603 547 1639 τεραστίου
566 1611 596 1629 τε
615 1602 662 1629 καὶ
676 1601 847 1636 ἀκούσματος
858 1599 877 1634 ί)
901 1599 935 1626 τὰ
957 1597 1046 1625 πάντα

261 1651 491 1686 οῐκονομήσαντος
517 1650 555 1682 ὡς
574 1649 612 1684 μὴ
632 1649 680 1676 καὶ
707 1647 884 1684 βλασφημίας
913 1644 1047 1680 κρημνοῖς

264 1698 452 1735 περιπέσοιμι.
475 1707 484 1724 ι
498 1697 527 1725 ln
545 1704 641 1725 somno
657 1696 732 1724 visus
749 1695 802 1723 sibi
815 1698 858 1722 est
873 1691 1047 1720 Thessaloni-

263 1756 324 1776 cam
344 1747 460 1778 delatus,
485 1753 518 1773 ac
537 1745 668 1779 templum
697 1742 827 1777 martyris
852 1745 954 1772 tenere,
980 1739 1047 1767 tedi-

263 1799 392 1827 tuumque
410 1790 547 1818 invenisse
563 1796 595 1816 ac
610 1788 720 1823 alloqui,
731 1792 824 1822 atque,
841 1787 883 1813 An
898 1788 1047 1819 martyrem

265 1839 360 1866 videre
377 1836 442 1864 vis?
456 1834 563 1868 audire,
582 1833 755 1869 Vitaliusque
770 1839 903 1860 annuere.
918 1831 950 1859 Et
972 1837 1047 1863 vero,

267 1887 297 1912 ut
312 1890 373 1911 cum
385 1887 412 1910 et
422 1881 527 1909 videret
540 1885 567 1908 et
585 1883 759 1908 veneraretur
773 1886 855 1914 quam
870 1877 988 1905 maxime
998 1884 1049 1904 ex-

267 1928 386 1965 petebat.
403 1928 493 1961 Atque
507 1926 545 1953 ita
557 1926 668 1960 quidem
690 1925 808 1953 aedituus
822 1923 955 1958 praaibat,
973 1921 1049 1949 Vita-

266 1975 321 2002 lius
336 1980 401 2001 vero
412 1972 585 2007 sequebatur.
597 1971 632 1999 Ut
645 1974 736 1998 autem
750 1970 783 1997 ad
798 1976 906 1998 sacrum
921 1968 1050 2004 martyris

265 2019 447 2048 conditorium
462 2021 607 2051 venerunt,
632 2017 712 2044 ambo
737 2023 786 2052 per
811 2015 902 2043 oleum
919 2019 986 2043 sunt
1004 2014 1049 2041 in-

267 2065 364 2100 gressi,
379 2064 532 2099 januasque
547 2062 693 2091 recludunt
703 2069 735 2090 ac
747 2069 854 2090 sacram
866 2061 973 2089 thecam
987 2060 1052 2088 sub-

269 2113 390 2141 movent,
415 2108 575 2143 lapidesque
601 2114 770 2135 marmoreos
794 2112 899 2142 septem
923 2114 939 2133 e
961 2104 1051 2133 medio

269 2154 335 2182 hinc
355 2153 465 2182 tollunt.
481 2153 520 2180 Ac
543 2153 572 2180 in
587 2152 693 2180 tttmulo
715 2152 826 2187 quidem
854 2151 956 2180 ibidem
977 2150 1051 2178 exsi-

270 2203 360 2228 stente
381 2207 429 2234 per
446 2199 520 2226 vices
535 2197 660 2232 fodiunt;
674 2203 737 2232 post
754 2201 844 2225 autem
860 2204 928 2232 pura
951 2196 1052 2224 humus

1099 1609 1160 1630 sese
1177 1600 1284 1631 obtulit,
1303 1599 1419 1633 ipsomet
1431 1603 1527 1631 magno
1539 1595 1567 1630 (0
1581 1594 1704 1622 divinum
1725 1591 1883 1627 prodigium

1097 1655 1129 1675 ac
1144 1644 1375 1678 ordinationem!)
1393 1642 1458 1670 mihi
1472 1641 1596 1670 omnino.
1612 1647 1645 1667 ne
1657 1639 1684 1666 in
1704 1637 1883 1672 blasphemiae

1098 1693 1278 1729 praecipitium
1302 1690 1440 1726 prolabar,
1472 1686 1666 1723 prospiciente.
1697 1694 1707 1710 ι
1736 1683 1800 1711 Haec
1823 1683 1883 1710 loco

1098 1728 1182 1774 supra
1205 1738 1252 1765 cit.
1276 1735 1449 1766 Stauracius,
1464 1733 1517 1761 alia
1532 1733 1645 1766 insuper
1657 1730 1748 1766 plura,
1765 1728 1884 1756 brevita-

1099 1785 1135 1812 tis
1151 1791 1225 1819 ergo,
1241 1785 1314 1817 quod
1328 1781 1361 1808 ad
1379 1787 1436 1808 rem
1451 1778 1523 1806 haud
1540 1777 1654 1805 multum
1669 1776 1782 1807 faciant,
1799 1782 1814 1801 a
1830 1780 1884 1801 no-

1099 1830 1141 1857 bis
1158 1830 1202 1856 ltic
1216 1827 1375 1858 omittenda,
1389 1833 1453 1853 mox
1467 1825 1629 1859 adjungens,
1643 1821 1798 1855 Vitalioque
1822 1827 1882 1847 mo-

1100 1875 1188 1903 nacho
1213 1881 1263 1908 pro
1290 1871 1413 1904 arbitrio,
1436 1875 1467 1898 ut
1489 1873 1613 1905 apparet,
1625 1867 1768 1902 attingens,
1782 1867 1883 1902 quibus

1101 1922 1146 1949 hic
1169 1919 1305 1954 stupendo
1331 1924 1413 1953 quam
1442 1918 1557 1944 maxime
1580 1913 1730 1949 unguenti,
1755 1920 1772 1940 e
1794 1913 1884 1940 sancti

1101 1965 1231 1995 Demetrii
1247 1964 1352 1992 tumulo
1367 1963 1445 1999 copia
1459 1967 1604 1998 permagna
1620 1958 1802 1990 scaturientis,
1815 1965 1882 1992 pro-

1101 2014 1172 2048 digio
1190 2011 1438 2039 luculentissimum
1450 2028 1458 2041 ,
1475 2016 1537 2036 cum
1560 2007 1650 2035 oblata
1667 2006 1692 2034 ei
1706 2026 1714 2039 ,
1731 2011 1813 2040 quam
1826 2004 1883 2038 jam

1101 2058 1287 2091 exhibuimus,
1300 2056 1370 2084 visio
1390 2055 1496 2087 fuisset,
1519 2053 1705 2082 testimonium
1721 2050 1884 2086 praebuerit.

1102 2104 1318 2133 incredulitatem
1327 2109 1403 2131 suam
1413 2101 1502 2129 isthac
1513 2099 1626 2127 omnino
1637 2095 1886 2125 dedoctusJIerum

1103 2151 1171 2179 niltil
1186 2156 1309 2185 prorsus,
1332 2147 1406 2183 quod
1423 2146 1465 2174 vel
1487 2144 1613 2173 monachi
1629 2142 1723 2170 Vitalii
1747 2141 1820 2169 stati
1842 2140 1886 2168 vel

1103 2197 1203 2225 oblatae
1219 2196 1292 2228 huic,
1315 2201 1397 2230 quam
1415 2196 1519 2225 narrat,
1538 2190 1652 2218 visionis
1666 2188 1777 2224 epochte
1793 2187 1886 2214 deter-

270 2245 333 2278 alia,
348 2232 414 2272 Mlti
426 2244 519 2272 οάοτῖε
537 2243 715 2279 υηάαιυιιίιυε
727 2243 872 2276 exsistens,
889 2242 952 2270 inde
963 2247 1053 2269 extra-
1066 2240 1091 2271 D
1106 2242 1243 2272 minandat
1254 2245 1393 2275 utcunque
1405 2238 1531 2270 subiciat,
1541 2235 1701 2264 Stauracius
1717 2232 1885 2268 suppeditat;

271 2292 356 2320 bitur.
370 2291 517 2326 Postquam
535 2297 598 2318 vere
611 2289 696 2317 fossio
713 2288 746 2316 ad
762 2293 818 2316 tres
837 2296 926 2324 usque
942 2287 1051 2316 cubitos

271 2346 303 2366 ac
315 2338 395 2373 paulo
409 2337 527 2372 amplius
542 2337 739 2372 processisset,
754 2343 819 2363 arca
834 2335 900 2370 ipsis
914 2335 1050 2369 apparuit,

272 2383 363 2419 lapide
379 2389 533 2410 martttoreo
548 2381 663 2409 candido
675 2385 812 2416 cooperta,
827 2387 906 2416 quem
924 2380 1003 2415 juxta
1021 2387 1054 2408 ac

271 2430 345 2457 illam
357 2436 420 2457 cum
431 2428 494 2456 inde
510 2428 689 2460 amovissent,
702 2433 850 2461 areamque
867 2425 1050 2461 aperuissent.

271 2479 431 2511 martyrem,
451 2475 497 2510 qui
515 2474 542 2501 in
559 2481 590 2502 ea
605 2474 720 2510 jaceret.
745 2473 838 2500 radios
852 2480 868 2500 ι
885 2479 947 2500 sese
969 2471 1052 2499 emit-

270 2526 372 2549 tentem
383 2540 391 2554 ,
403 2520 519 2548 vividum
531 2520 643 2547 omnino
655 2523 842 2554 apparentem,
855 2517 1055 2553 dormientique

269 2567 399 2599 similem,
416 2565 600 2594 subridentem
614 2572 645 2594 ac
657 2565 732 2593 vultu
749 2565 862 2593 hilarem
886 2564 1023 2592 viderunt.
1042 2573 1052 2590 ι

307 2613 352 2640 57.
375 2620 384 2638 ι
403 2612 445 2645 Ει,
463 2618 538 2644 ecce,
564 2611 650 2646 plagae
673 2610 803 2644 infinitas,
824 2610 936 2646 martyri
953 2617 969 2637 a
985 2609 1055 2637 collo

271 2658 305 2686 ad
321 2659 395 2692 ipsos
410 2664 498 2692 usque
513 2657 622 2685 lumbos
635 2657 720 2685 dense
736 2656 855 2690 inﬂicta,
872 2656 1053 2690 invicemque,

273 2711 329 2731 non
340 2710 421 2732 secus
436 2710 467 2730 ac
482 2702 626 2735 foramina,
641 2702 676 2730 ab
691 2702 787 2737 apibus
798 2709 814 2730 e
827 2709 889 2729 cera
903 2704 1054 2736 compacta,

271 2749 386 2777 omnino
405 2749 607 2784 contingentes,
633 2752 802 2782 unguentum
825 2755 840 2775 e
861 2746 1056 2780 foraminibus,

277 2795 349 2822 vasis
367 2794 497 2829 perforati
521 2795 636 2830 oleoque
661 2793 768 2821 infinito
797 2793 930 2822 scatentis
950 2793 980 2820 in
995 2800 1056 2820 mo-

273 2839 352 2871 dum,
369 2840 540 2872 emittebant,
555 2847 588 2867 ac
607 2840 633 2868 si
648 2846 663 2866 a
682 2839 836 2867 vehementi
862 2839 980 2873 quodam
1005 2839 1058 2872 spi-

273 2884 327 2914 ritu
344 2885 470 2913 deorsum
487 2887 604 2914 fuissent
622 2886 731 2916 inﬂata.
746 2885 801 2915 Nec
818 2886 934 2916 multum
950 2886 1055 2919 abfuit,

1103 2290 1167 2318 hinc
1192 2292 1282 2315 autem
1297 2287 1337 2319 ﬁt,
1353 2290 1393 2318 ut,
1409 2283 1582 2319 quandonam
1597 2280 1675 2316 copia
1687 2283 1772 2311 tanta,
1785 2282 1887 2313 quanta

1104 2336 1132 2364 in
1149 2334 1254 2362 visione
1272 2332 1355 2360 relata
1371 2330 1582 2363 narrationeque
1601 2327 1672 2355 hanc
1687 2324 1826 2359 complexa
1841 2324 1887 2351 in-

1105 2381 1210 2413 nuitur,
1239 2377 1420 2408 scaturientis
1449 2384 1465 2404 e
1492 2374 1586 2403 Sancti
1613 2379 1729 2408 corpore
1754 2370 1887 2405 unguenti

1105 2427 1259 2463 prodigium
1273 2426 1362 2453 locum
1378 2422 1516 2453 habuerit.
1526 2419 1632 2448 deliniri
1648 2418 1722 2446 haud
1731 2421 1822 2463 queat,
1836 2415 1888 2444 etsi

1107 2461 1216 2500 interim
1230 2491 1238 2504 ,
1252 2475 1284 2498 ut
1299 2469 1345 2497 diu
1360 2472 1423 2496 ante
1443 2466 1580 2494 Stanracii
1596 2467 1702 2492 aetatem
1718 2461 1889 2490 initium‘ac-

1105 2518 1219 2554 ceperit,
1245 2514 1401 2544 certissime
1422 2521 1456 2542 ex
1481 2520 1526 2545 eo,
1549 2510 1622 2547 quod
1642 2508 1733 2537 verbis
1751 2514 1828 2534 num.
1854 2505 1890 2532 52

1113 2565 1243 2597 recitatis,
1262 2564 1288 2591 itt
1305 2561 1429 2598 ejusdem
1450 2558 1570 2588 auctoris
1587 2555 1774 2584 lucubratione
1790 2555 1890 2587 praeat

1108 2610 1177 2638 visio
1203 2597 1326 2644 praefata,
1351 2605 1551 2637 consectarium
1575 2602 1687 2630 omnino
1717 2600 1764 2627 sit.
1791 2597 1891 2624 Verum

1109 2656 1270 2684 Stauracius
1284 2661 1315 2683 ea
1332 2654 1416 2682 etiam
1433 2650 1600 2687 suppeditat.
1617 2647 1730 2684 quibus,
1748 2648 1828 2672 :etate
1840 2650 1891 2670 sua

1109 2710 1156 2731 seu
1180 2702 1280 2730 saeculo
1303 2701 1385 2728 tertio
1404 2698 1510 2727 decimo
1529 2697 1600 2724 idem
1614 2694 1697 2722 etiam
1715 2689 1892 2720 scaturientis

1108 2748 1187 2783 copia
1211 2748 1330 2775 maxima
1352 2753 1367 2774 e
1391 2744 1484 2773 Sancti
1510 2741 1615 2770 tumulo
1639 2747 1688 2768 seu
1711 2742 1826 2783 corpore
1844 2742 1894 2761 un-

1110 2780 1203 2828 guenti
1220 2791 1373 2827 prodigium
1384 2789 1547 2821 obtinuisse,
1563 2783 1787 2815 manifestissime

1147 2839 1193 2867 39.
1206 2825 1313 2866 Etenim
1327 2840 1389 2872 post
1402 2843 1480 2864 suam
1491 2836 1524 2862 de
1536 2834 1715 2868 Bulgarorum
1727 2835 1788 2863 rege
1799 2825 1892 2872 Seylu-

1114 2883 1219 2913 Joanne
1237 2870 1433 2916 narrationem,
1450 2887 1533 2915 quam
1546 2878 1637 2908 verbis
1654 2883 1729 2905 num.
1745 2873 1779 2902 32
1795 2870 1892 2899 recita-
