2038 3151
153 181 217 214 1421

664 179 695 210 S.
715 179 904 210 DEMETRII
927 178 1123 209 MARTYBIS
1144 178 1247 209 ACTA.

1705 174 1777 207 1423

151 243 184 270 tis
199 241 351 276 subjungit,
369 238 472 267 Gr.rcis
489 239 564 267 hisce
582 238 657 270 aliis.
670 238 766 267 Latine
786 239 819 267 ad
835 238 937 266 calcem

993 237 1037 264 καὶ
1051 239 1084 273 τῇ
1102 237 1173 272 χειρὶ
1194 235 1318 271 κατέχων
1333 235 1483 272 βακτηρίαν
1500 234 1614 270 λεπτὴν,
1628 234 1714 270 ταύτῃ
1727 234 1776 270 τὴν

151 288 271 320 redditis,
290 287 326 314 ita
351 286 446 313 scribit
461 293 468 318 ;
485 285 534 316 Τις
550 285 600 312 οὐκ
620 282 674 312 οἶδε
689 285 738 321 τὴν
757 285 789 312 ὲκ
803 285 850 312 τοῦ
865 294 933 312 παν-

150 334 258 369 εντίμου
287 331 483 367 Δημητριακοῦ
509 331 638 365 σώματος
656 331 865 363 ἁναόλύζουσαν
880 331 935 357 τῶν

152 380 245 415 μύρων
261 377 361 412 πηγὴν,
379 378 428 411 ὂση
442 376 480 411 τῷ
493 376 656 412 πληθυσμῷ,
673 377 709 408 ὡς
722 376 935 412 ὑπερεκχεῖσοαι

151 425 267 453 καὶτῶν
283 424 375 458 κύκλῳ
392 424 440 459 τῆς
461 423 538 454 θείας
561 423 645 450 αὑτοῦ
675 423 756 458 σοροῦ
778 423 936 458 μυροδόχων

152 469 303 505 δεξαμενῶν
316 479 323 503 ;
336 466 420 496 Αὗται
438 469 470 496 ὲκ
490 467 583 503 πηγῆς
598 468 653 494 τῶν
672 468 766 503 μύρων
781 467 827 494 τοῦ
848 467 936 502 μάκα-

152 524 196 551 ρος
215 515 312 550 μέχρις
334 514 425 542 αὐτῶν
446 513 590 549 δεχόμεναι
619 513 665 539 τὸν
693 512 779 548 εὐώδη
797 511 861 547 ῥοῦν
879 512 935 538 διι-

151 561 360 597 κρουνιζόμενον
379 562 436 592 τοῖς
458 559 634 595 βουλομένοις
655 559 712 586 τῶν
729 558 936 594 Χριστωνύμων

150 608 222 634 κατὰ
239 609 332 634 πᾶσαν
345 607 420 642 ὥραν
438 607 557 642 ἰατρεῖον
569 605 730 641 πρόκεινται
750 605 934 639 ἐτυιμὸτατον·

151 654 198 680 καὶ
214 653 293 688 γένος
322 653 404 684 ἅπαν,
435 653 483 679 καὶ
507 651 600 687 ἡλικία
618 651 692 678 πᾶσα
711 650 816 677 ἐκεῖθεν
829 658 934 685 πρυτα-

151 702 222 727 νεῖον
236 699 353 734 ἄφθονον
367 699 421 725 τῶν
441 698 535 734 μύρων
557 697 703 724 πλουτοῦσι
718 696 765 722 τοῦ
784 696 934 731 μάρτυρος·

151 746 259 781 ἀνδρες,
273 746 401 779 γυναῖκες
430 744 478 771 καὶ
507 744 591 776 νήπια
612 744 688 774 ὅλαις
707 743 804 777 χερσὶν
824 742 874 768 ὅσα
890 741 937 768 καὶ

153 793 253 826 digitum.
274 791 341 826 πρὸς
362 791 475 821 ἑαυτοὺς
505 789 536 816 τὸ
555 789 642 824 μύρον
659 788 763 815 ἐκεῖθεν
781 788 935 822 ὲφέλκουσι⁸

155 839 204 866 καὶ
223 839 248 864 ol
268 839 316 873 μὲν
339 838 506 872 ὀφθαλμοὺς,
519 837 543 862 οἱ
564 836 591 862 δὲ
608 836 695 871 στόμα
711 835 759 862 καὶ
772 832 830 861 ὦτα
846 834 936 869 τούτῳ

155 884 367 918 καθαγνὰζουσιν
381 892 388 899 ·
410 884 433 910 οἱ
456 883 484 909 δὲ
510 884 557 909 καὶ
578 882 678 918 στέρνα
705 883 752 908 καὶ
779 881 870 907 πᾶσαν
890 880 936 906 τοῦ
955 907 965 918 ἒ

153 930 281 964 σώματος
296 928 458 963 ὁλομέλειαν
474 928 513 964 τῷ
537 927 617 964 μύρῳ
634 926 872 963 προσεπιχρίουσι,
893 926 940 952 καὶ

153 975 248 1007 ἁπλῶς
266 975 353 1002 εἰπεῖν
370 975 527 1009 ἀκορέστως
548 973 641 1008 ἔχουσι
660 975 709 1008 τῆς
725 974 757 999 ὲκ
778 972 873 999 τούτου
890 980 941 998 κα·

152 1022 338 1057 ταμυρίσεως.
357 1031 366 1048 ‹
389 1021 456 1054 Quis
482 1021 612 1056 unguenti
639 1020 763 1052 fontem,
782 1027 797 1047 e
823 1018 942 1046 maxime

151 1069 309 1096 venerando
331 1067 464 1095 Demetrii
487 1074 604 1102 corpore
628 1065 845 1096 scaturientem,
868 1063 942 1091 hand

152 1115 249 1143 novit?
262 1114 348 1142 Tanta
361 1118 453 1141 manat
464 1114 551 1148 copia,
565 1117 594 1139 ut
606 1113 688 1140 etiam
701 1115 778 1139 extra
789 1111 939 1142 destinata,

150 1168 212 1196 qua).
229 1168 336 1188 sacrum
349 1161 424 1188 illius
438 1160 572 1186 tumulum
588 1159 710 1193 cingunt,
725 1162 865 1193 unguento
877 1165 941 1184 sus-

151 1207 278 1242 cipiendo
311 1213 375 1233 vasa
399 1213 458 1233 sese
473 1205 603 1232 eﬁ‘undat.
624 1204 686 1232 Haec
719 1205 786 1231 bene
802 1203 918 1231 olentem
933 1224 941 1236 ,

150 1260 213 1287 quae
231 1260 246 1279 e
264 1252 334 1279 beati
352 1257 553 1287 unguentorum
579 1251 654 1279 i‘onte
677 1250 824 1281 emittitur,
845 1249 944 1276 ﬂuxio-

150 1307 214 1326 netn
235 1299 262 1326 in
279 1307 340 1327 sese
356 1298 528 1333 recipientia,
544 1298 762 1333 praesentissima
777 1296 941 1324 Christianis

151 1344 307 1372 volentibus
330 1344 405 1371 omni
430 1344 498 1371 liora
523 1348 632 1371 exstant
653 1343 760 1370 oﬁicina
776 1342 891 1370 medica.
910 1341 943 1369 Et

149 1398 240 1425 genus
260 1390 418 1417 universum
435 1394 462 1417 et
476 1395 542 1418 aetas
560 1390 651 1417 omnis
668 1389 778 1424 publico
793 1389 867 1421 hinc,
887 1395 941 1423 quo

149 1435 284 1470 martyris
300 1438 438 1470 unguenta
452 1434 561 1462 abttnde
586 1435 708 1466 aluntur,
733 1434 792 1461 loco
816 1434 941 1467 locuple-

149 1485 255 1507 tantur.
272 1479 330 1507 Viri
345 1500 352 1513 ,
371 1481 500 1508 mulieres
523 1485 550 1508 ct
580 1481 656 1514 pueri
674 1480 739 1508 totis
753 1481 880 1507 manibus
896 1487 942 1514 per

147 1526 235 1554 tubos
249 1529 420 1561 unguentum
444 1527 507 1553 inde
525 1525 558 1552 ad
572 1533 601 1552 se
615 1526 738 1553 eliciunt.
758 1526 796 1552 Ac
819 1525 864 1551 alii
880 1527 942 1559 qui-

986 284 1047 310 ὁδον
1066 283 1114 310 τοὺ
1136 283 1223 318 μύρου
1241 282 1388 318 διέγραψεν
1408 283 1439 309 ὲκ
1454 282 1504 316 τῆς
1522 281 1682 316 μυροφόροδ
1699 281 1776 315 κινή-

987 339 1037 362 σας
1057 329 1160 364 ταύτην
1187 329 1279 365 σοροῦ,
1301 329 1349 355 καὶ
1369 329 1409 360 εις
1432 329 1580 363 πρόσωπον
1596 327 1643 353 τοῦ
1659 326 1776 361 ἐδάφους

986 376 1047 403 κατ’
1063 376 1172 403 εὐθεῖαν
1192 376 1430 411 σχηματισάμενος
1445 375 1494 402 τοῦ
1509 374 1588 406 ναοῦ,
1608 373 1656 400 καὶ
1670 382 1776 409 παραυ-

985 423 1050 450 τίκα
1070 422 1164 457 μύρων
1181 422 1274 457 exne;
1287 421 1391 448 ἐκεῖθεν
1403 420 1510 456 ὲξὲρῤει
1523 420 1570 448 καὶ
1586 419 1625 455 τῷ
1640 419 1698 454 τοίη
1710 419 1775 446 ναοῦ

985 469 1098 504 ὁμαλῶς
1123 469 1172 496 καὶ
1200 469 1289 503 ὴπίως
1322 468 1530 503 περιελιμναζε.
1564 468 1618 494 Καὶ
1639 468 1774 502 ποταμὸς,

988 515 1053 548 ἰδοὺ,
1072 515 1142 542 κατὰ
1159 514 1243 541 Δαυῖδ
1259 514 1404 550 ἐπεκρότει
1418 514 1490 549 χειρὶ
1516 514 1547 540 τὸ
1572 513 1720 549 Θαμάσιον,
1738 514 1775 544 ὡς

987 561 1114 589 ἐντεῦθεν
1141 561 1311 597 ὲξαττορῆσαι
1337 561 1383 587 τὸν
1417 559 1641 595 ὲξυπηρετοῢντα
1666 561 1701 595 τῇ
1729 559 1777 586 τοῦ

989 609 1129 644 μάρτυρος
1144 608 1280 643 λάρνακι,
1304 608 1351 634 καὶ
1380 608 1486 642 ταχέως
1513 606 1590 638 αὖθις
1606 607 1712 639 ἀνοῖξαι
1727 605 1778 636 τὰς

987 655 1159 686 κλεισθεισας
1170 654 1245 689 αὑτῷ
1265 653 1361 689 πρώην
1378 653 1542 688 μυροδόχους
1555 652 1714 687 δεξαμενὰς,
1731 651 1779 678 καὶ

988 701 1155 736 συγγνώμην
1166 701 1277 736 αἰτῆσαι
1293 699 1340 727 τοῦ
1354 700 1539 735 ἀγνοὴματος,
1553 699 1599 726 καὶ
1611 698 1684 725 οὕτω
1701 698 1777 733 μόλις

988 748 1084 782 στῆναι
1099 748 1144 774 τὺν
1158 747 1187 772 ὲν
1204 746 1279 782 μέσῳ
1300 745 1347 772 τοῦ
1364 745 1427 772 ναοῦ
1444 746 1574 781 χεόμενον
1591 744 1777 780 μυρόκρουνον

987 793 1123 828 ποταμόν.

1023 840 1067 866 41.
1086 849 1094 865 ι
1126 839 1156 866 Ei
1188 839 1270 875 igitur
1299 839 1326 866 in
1358 846 1456 867 somno
1482 837 1594 873 Magnus
1615 836 1780 873 (Demetrius

990 885 1097 921 nempe)
1112 890 1236 920 apparet,
1259 885 1350 920 idque,
1376 884 1449 919 quod
1474 884 1589 916 fecerat,
1619 883 1778 918 exprobrat,

992 939 1034 965 ac,
1052 931 1087 959 Ut
1103 932 1180 967 quid,
1199 932 1247 964 ait,
1270 930 1414 964 ﬂuentum,
1438 930 1511 966 quod
1529 938 1544 958 e
1568 930 1702 964 sanguine
1717 937 1778 956 meo

992 977 1113 1012 quotidie
1136 985 1150 1004 a
1176 977 1229 1005 Deo
1245 977 1354 1004 abunde
1373 976 1574 1011 suppeditatur,
1592 975 1717 1002 ﬁdelibus
1734 974 1778 1000 in-

992 1024 1084 1050 vidisti
1098 1043 1105 1055 ,
1124 1023 1391 1057 complectentiaque
1408 1024 1577 1056 unguentum
1603 1019 1777 1055 receptacula

993 1069 1109 1097 Christri
1127 1069 1284 1096 amantibus
1300 1067 1459 1096 occlusisti?
1476 1070 1513 1094 Ac
1528 1074 1578 1102 ego
1592 1066 1701 1102 quidem
1725 1073 1780 1093 non

993 1115 1021 1142 in
1037 1122 1164 1142 mensura
1184 1121 1215 1141 ac
1227 1114 1353 1149 guttatim
1367 1133 1375 1146 ,
1403 1113 1450 1140 sed
1475 1112 1507 1139 ad
1532 1112 1705 1140 saturitatem
1730 1119 1781 1138 ur.-

993 1166 1093 1196 guenta
1117 1167 1250 1196 propono,
1276 1163 1305 1186 tu
1324 1167 1388 1187 vero
1405 1159 1441 1186 ita
1457 1166 1540 1193 parce
1557 1165 1589 1185 ac
1607 1157 1741 1184 invidiose
1755 1161 1783 1183 te

992 1207 1076 1241 geris.
1098 1207 1132 1233 At
1153 1212 1228 1237 vero,
1246 1208 1276 1231 ut
1290 1209 1441 1239 martyrum
1458 1203 1614 1230 amantibus
1630 1202 1719 1229 locum
1737 1209 1782 1229 sa-

993 1260 1069 1279 crum
1080 1252 1153 1279 haud
1166 1258 1286 1286 unquam
1301 1250 1392 1278 discas
1406 1250 1564 1282 oceludere,
1577 1253 1782 1282 unguentorum

994 1306 1116 1326 meorum
1132 1301 1239 1333 portam
1256 1297 1381 1324 ﬁdelibus
1398 1297 1441 1324 hic
1466 1296 1570 1331 aperui.
1587 1295 1680 1328 Dixit,
1696 1302 1728 1321 ac
1745 1299 1784 1320 te-

993 1355 1075 1374 nticm
1094 1353 1174 1373 manu
1195 1345 1323 1372 baculum
1347 1348 1454 1377 tenens,
1474 1344 1520 1371 illo
1537 1343 1669 1378 unguenti
1688 1342 1758 1368 viam
1775 1362 1782 1373 ,

994 1401 1009 1420 a
1032 1393 1137 1421 tumulo
1155 1392 1348 1427 unguentilero
1372 1391 1443 1418 hanc
1456 1391 1561 1418 ducens
1589 1393 1715 1424 rectaque
1737 1395 1785 1423 per

993 1439 1140 1474 pavimenti
1163 1437 1256 1472 templi
1282 1437 1454 1471 superﬁciem
1484 1435 1651 1467 cﬁ‘ormans,
1673 1433 1782 1460 descri-

993 1485 1067 1519 psit,
1093 1491 1125 1510 ac
1144 1491 1205 1510 mox
1230 1487 1434 1517 unguentorum
1454 1481 1527 1508 illinc
1545 1481 1622 1508 rivus
1638 1479 1785 1509 adluebat.

999 1529 1224 1564 atquabiliterque
1241 1532 1267 1554 et
1283 1528 1380 1554 leniter
1393 1527 1420 1554 in
1439 1527 1532 1561 templi
1555 1528 1712 1561 pavimento
1727 1533 1786 1552 ma-

147 1574 211 1600 dem
233 1573 340 1604 oculos,
353 1572 399 1598 alii
416 1577 505 1599 autem
518 1578 549 1598 os
561 1579 593 1598 ac
603 1579 682 1598 aures
695 1571 741 1598 illo
757 1575 939 1603 consecrant;

995 1575 1088 1608 nabat,
1101 1579 1128 1602 ct
1141 1582 1206 1602 ecce
1232 1573 1349 1601 miriﬁce
1365 1573 1516 1601 secundum
1541 1572 1669 1600 Davidein
1686 1571 1786 1599 ﬁumen

146 1619 195 1647 alii
219 1626 285 1645 vero
297 1621 325 1645 et
336 1622 446 1650 pectora
460 1621 487 1644 et
504 1617 598 1644 omnia
612 1617 736 1651 corporis
751 1617 873 1644 membra
889 1624 942 1643 un-

147 1670 253 1703 guento
269 1666 413 1700 inungunt,
431 1671 473 1696 ac,
486 1667 516 1690 ut
537 1670 590 1690 lan
608 1664 691 1690 verbo
706 1663 808 1695 dicam,
826 1662 943 1689 insatia-

148 1712 221 1739 biles
243 1710 269 1736 in
292 1709 415 1737 facienda
432 1715 481 1743 per
494 1708 561 1735 illud
578 1707 710 1734 unctione
724 1712 797 1734 sunt.
818 1717 827 1733 ι

186 1757 234 1784 ΔΟ.
253 1755 425 1786 Stauraeius,
445 1753 519 1781 hisce
535 1752 617 1779 modo
637 1751 799 1787 prmmissis,
816 1751 942 1787 proxime

150 1800 309 1832 subnectit,
325 1798 488 1826 monachum
505 1796 651 1832 quemdam
665 1818 673 1830 ,
690 1798 734 1824 cui
751 1797 786 1824 ob
799 1797 862 1824 vitae
879 1804 944 1824 san-

150 1848 275 1876 ctitatem
290 1844 455 1873 Demetriatii
473 1843 591 1878 sepulcri
603 1851 670 1871 cura
684 1848 742 1871 erat
758 1843 871 1877 credita,
883 1850 944 1870 cum

152 1893 290 1929 quotidie.
307 1893 384 1919 nullo
399 1896 507 1919 servato
525 1891 615 1923 modo,
637 1891 824 1925 cujuscunque
838 1889 945 1925 generis

150 1947 184 1966 ac
210 1937 300 1966 relatis
314 1937 438 1965 homines
455 1936 608 1964 scaturiens
621 1943 636 1963 e
655 1935 747 1963 Sancti
764 1943 878 1971 corpore
894 1943 946 1962 un-

150 1988 286 2022 guentum
306 1983 462 2011 auferentes
477 1983 582 2010 videret
596 2001 603 2013 .
624 1989 654 2009 re
675 1982 765 2009 isthac
780 1990 812 2009 ac
828 1982 946 2009 maxime

149 2042 184 2059 ex
205 2040 237 2059 eo
256 2030 327 2066 quod
353 2029 470 2057 feminas
491 2030 585 2061 etiam,
608 2036 669 2063 quas
687 2028 733 2056 illo
759 2032 786 2055 et
811 2035 896 2062 genas
919 2032 947 2056 et

151 2081 251 2114 pectus
275 2079 301 2103 et
328 2075 411 2103 ubera
433 2079 459 2102 et
482 2074 595 2102 brachia
613 2075 744 2102 continuo
761 2075 945 2109 inungerent.

150 2128 282 2159 spectare
306 2126 458 2156 cogeretur,
486 2121 656 2156 indignatus,
682 2126 852 2156 unguentum
870 2129 946 2149 com-

152 2167 302 2204 plectentia
315 2166 488 2200 receptacula
506 2166 632 2194 occlusit.
649 2165 748 2193 Verum
765 2166 805 2199 id,
824 2172 854 2194 ut
866 2167 947 2194 Slau-

151 2214 246 2242 racius
266 2212 368 2244 subdit,
388 2212 489 2239 Sancto
509 2216 617 2244 nostro,
634 2212 680 2246 qui
706 2219 758 2239 non
777 2217 882 2240 tantum
903 2213 948 2248 jn-

994 1620 1143 1658 plaudehat
1159 1627 1242 1647 manu
1256 1639 1263 1651 ,
1280 1624 1310 1646 ut
1326 1619 1401 1651 hinc,
1417 1619 1464 1654 qui
1486 1619 1616 1654 martyris
1631 1617 1786 1646 conditorio

994 1665 1179 1697 deserviebat,
1189 1664 1299 1692 consilii
1314 1671 1414 1698 expers
1429 1663 1520 1690 animo
1532 1663 1699 1694 concideret.
1712 1669 1788 1689 mox-

995 1720 1047 1747 que
1073 1711 1184 1745 iterum,
1203 1718 1264 1746 quaa
1286 1710 1403 1745 primum
1432 1709 1588 1742 clauserat,
1614 1713 1786 1742 unguentum

995 1756 1205 1792 compiectentia
1231 1755 1406 1791 receptacula
1424 1755 1564 1790 aperiret,
1581 1760 1612 1780 ac
1632 1754 1739 1780 veniam
1754 1753 1787 1780 de

996 1811 1089 1832 errore
1106 1803 1256 1838 postularet
1274 1802 1373 1836 vixque
1387 1802 1424 1828 ita
1440 1801 1479 1835 ;,in
1499 1799 1593 1835 templi
1617 1799 1708 1826 medio
1729 1806 1788 1825 ma-

997 1858 1076 1882 nans,
1093 1856 1108 1877 e
1123 1856 1177 1884 quo
1191 1852 1363 1882 unguentum
1387 1846 1567 1878 scaturiebat,
1588 1844 1688 1871 ﬁumen
1706 1844 1788 1871 siste-

997 1900 1048 1922 ret.
1070 1904 1078 1921 ι
1099 1894 1192 1920 Relata
1210 1893 1302 1920 verbis
1320 1893 1396 1919 hisce
1412 1899 1428 1919 a
1448 1890 1592 1918 Stauracio
1607 1889 1678 1916 visio
1699 1888 1741 1914 vel
1755 1896 1788 1914 ex

996 1949 1030 1969 co
1055 1940 1121 1967 mihi
1140 1943 1268 1975 suspecta
1289 1943 1330 1966 est
1348 1938 1495 1966 admodum
1512 1957 1520 1970 ,
1536 1937 1610 1972 quod
1635 1935 1763 1963 monachi
1778 1955 1786 1967 ,

1001 1987 1171 2015 continentia
1204 1990 1373 2019 unguentum
1405 1984 1577 2019 receptacula
1605 1982 1786 2013 occludentis,

998 2035 1099 2062 factum
1132 2031 1342 2067 improbandum
1372 2030 1445 2058 haud
1471 2029 1615 2062 videatur,
1644 2029 1686 2061 si,
1713 2027 1787 2063 quod

998 2079 1159 2109 Stattracins
1180 2079 1213 2106 de
1235 2077 1365 2110 feminis,
1383 2076 1542 2104 indecenter
1557 2083 1619 2103 sese
1640 2076 1668 2102 in
1687 2074 1788 2110 templo

998 2127 1129 2156 continuo
1146 2125 1325 2161 ungentibus,
1343 2123 1392 2156 ait,
1409 2122 1516 2150 veritati
1531 2122 1568 2150 sit
1581 2129 1743 2149 consonum.

1033 2172 1078 2199 ιη.
1094 2170 1205 2202 Verum,
1217 2174 1356 2204 utcunque
1370 2176 1412 2196 res
1428 2169 1484 2196 haec
1497 2168 1606 2197 habeat.
1625 2167 1694 2195 visio
1707 2167 1787 2201 equi-

998 2218 1059 2245 dem
1070 2218 1125 2253 jam
1137 2217 1234 2249 relata,
1247 2215 1365 2250 aliaque,
1380 2222 1440 2250 quae
1455 2214 1489 2242 de
1502 2213 1648 2246 monacho,
1667 2212 1787 2247 sepulcri

151 2266 222 2292 tios.
251 2259 298 2286 sed
324 2261 483 2293 Ροσοθιοτεε
499 2257 579 2285 “iam
597 2263 738 2293 unguento
765 2266 815 2286 ευο
840 2259 945 2286 morbis
963 2256 985 2285 ο
1000 2263 1163 2291 Demetriani
1183 2262 1307 2296 custode,
1329 2261 1490 2289 Stauracius
1508 2265 1624 2293 narrat,
1641 2259 1787 2294 scriptoris

151 2304 286 2334 sanandis
302 2304 423 2337 salutari,
446 2304 483 2331 uti
503 2304 621 2335 volebat,
637 2304 747 2330 minime
760 2304 871 2338 placuit,
888 2312 946 2331 nio-

152 2352 331 2385 nachumque
360 2349 463 2377 idcirco
496 2349 630 2384 corripuit
654 2349 681 2376 in
708 2349 832 2381 visione,
863 2357 944 2384 quam

152 2397 318 2426 Stauracius
342 2396 433 2424 verbis
451 2395 564 2428 Graecis,
580 2395 675 2422 Latine
693 2395 776 2422 etiam
794 2395 827 2422 ad
845 2396 943 2422 horum

150 2445 257 2471 calcem
273 2441 434 2473 recitandis,
451 2442 575 2476 sequenti
592 2441 672 2468 modo
695 2441 807 2476 exponit
822 2449 830 2467 :
849 2441 946 2468 Τοίνυν

149 2491 199 2517 καὶ
214 2489 282 2523 ὄναρ
298 2489 424 2522 φαίνεται
447 2488 462 2513 ὸ
483 2487 568 2521 μέγας
595 2487 682 2522 αὐτῷ,
699 2487 747 2514 καὶ
764 2488 944 2519 κατονειδίζει

150 2537 201 2570 τῆς
223 2535 361 2570 πράξεως,
391 2533 439 2560 καὶ
462 2533 522 2559 Ἵνα
550 2532 587 2565 τι,
620 2534 699 2567 φησὶ,
723 2535 779 2565 τοῖς
805 2533 946 2560 εὐσεϐέσιν

151 2583 309 2617 ἐφθόνησας
323 2582 369 2607 τὸν
389 2581 422 2607 ἐκ
448 2579 503 2607 τῶν
528 2579 602 2614 ἐμῶν
636 2579 760 2608 αἱμάτων
787 2580 856 2614 πρὸς
876 2580 945 2607 Θεοῦ

151 2629 294 2659 πλουσίως
317 2628 379 2654 καθ’
405 2628 525 2662 ἑκάστην
549 2626 760 2660 δαψιλευὸμενον
791 2626 865 2661 ροῗιν,
891 2627 939 2654 καὶ

155 2677 208 2707 τὰς
226 2674 395 2709 μυροεόχους
416 2673 567 2707 δεξαμενὰς
597 2674 652 2703 ’τοῖς
677 2672 860 2706 φιλοχρίοτοις
882 2681 947 2699 κατ-

151 2721 276 2756 έφραξας
291 2728 298 2752 ;
316 2720 371 2746 Καὶ
385 2719 464 2750 αὐτὸς
481 2719 530 2754 μὲν
544 2719 595 2745 οὐκ
606 2719 634 2744 ὲν
649 2718 739 2753 μέτρῳ
752 2718 798 2744 καὶ
817 2719 851 2745 τὰ
872 2719 946 2754 μύρα

152 2765 318 2801 προτίθημι,
351 2764 383 2790 σὺ
413 2764 442 2790 δὲ
477 2764 669 2798 πεφεισμένως
693 2763 780 2795 οὕτως
807 2763 879 2798 ἔχεις
898 2765 945 2792 καὶ

154 2810 307 2845 φθονερῶς.
328 2809 411 2835 Ἀλλὰ
426 2809 480 2845 γὰρ
494 2810 532 2842 ὡς
553 2809 642 2845 μάθῃς
662 2809 699 2845 μὴ
713 2810 874 2837 ἀποκλείειν
887 2812 945 2842 τοῖς

156 2856 341 2892 φιλομάρτυσι
355 2855 401 2882 τθιν
418 2856 554 2889 ἁγιασμὸν
568 2856 712 2891 μηδαμῶς,
729 2857 847 2884 ἐνταῦθα
859 2857 945 2891 Θύραν

157 2901 212 2927 τῶν
233 2902 305 2936 ἐμῶν
331 2903 387 2934 τοῖς
416 2901 542 2928 εὐσεῦἐσι
573 2901 667 2936 μῦρων
683 2903 839 2938 ἀνοξγνυμι.
865 2901 944 2936 Eius,

999 2310 1080 2344 hujus
1099 2313 1178 2337 tetate
1202 2316 1249 2336 seu
1270 2308 1372 2336 szeculo
1389 2307 1472 2334 tertio
1487 2306 1606 2338 decimo,
1625 2305 1664 2332 ιιιί
1681 2313 1713 2332 ex
1728 2305 1786 2340 jam

997 2362 1079 2390 supra
1102 2355 1184 2382 dictis
1200 2354 1297 2388 liquet.
1314 2353 1425 2381 indubie
1441 2353 1594 2386 invenere;
1610 2352 1675 2379 hinc
1690 2355 1784 2378 autem

997 2402 1185 2436 consequitur.
1204 2405 1233 2428 ut
1251 2401 1347 2428 eodem
1373 2400 1457 2428 etiam
1479 2400 1580 2428 saeculo
1608 2397 1785 2427 scaturientis

996 2447 1114 2474 maxima
1127 2447 1205 2482 copia
1220 2454 1235 2473 e
1248 2446 1341 2474 Sancti
1357 2453 1473 2481 corpore
1485 2446 1616 2481 unguenti
1629 2445 1783 2479 prodigium

997 2493 1087 2519 adhuc
1104 2492 1265 2519 obtinuerit.
1278 2491 1333 2519 Nec
1352 2491 1376 2518 ei
1397 2496 1453 2518 ttim
1467 2495 1583 2523 tantum,
1597 2498 1691 2517 verum
1703 2490 1785 2517 etiam

997 2538 1098 2565 smculo
1116 2538 1213 2572 quinto
1233 2537 1343 2565 decimo
1364 2537 1454 2565 locum
1472 2537 1562 2564 adhuc
1587 2537 1682 2569 fuisse,
1709 2537 1788 2564 docet

998 2592 1059 2616 nos,
1074 2583 1120 2618 qui
1143 2588 1197 2610 tum
1216 2584 1271 2619 (adi
1294 2583 1529 2611 Commentarium
1554 2584 1685 2618 praevium
1709 2590 1786 2610 num.

995 2629 1042 2665 28)
1061 2629 1087 2656 in
1105 2629 1173 2656 vivis
1190 2628 1240 2656 fuit
1258 2629 1413 2656 Demetrius
1429 2629 1619 2664 Chrysoloras.
1633 2628 1683 2655 llic
1701 2628 1787 2660 enim,

997 2681 1140 2710 postquam
1157 2675 1184 2701 in
1197 2681 1247 2702 sua
1261 2674 1295 2702 de
1314 2680 1409 2702 sancto
1428 2675 1567 2702 Demetrio
1587 2675 1723 2705 oratione,
1738 2681 1787 2700 eu-

994 2722 1040 2756 jus
1057 2724 1160 2756 partem
1178 2729 1193 2748 e
1214 2721 1341 2748 bibliotli.
1359 2720 1455 2748 Medic.
1473 2721 1539 2755 plut.
1554 2719 1587 2747 i0
1601 2719 1662 2746 cod.
1687 2719 1721 2746 15
1740 2718 1787 2746 de-

997 2767 1126 2801 scriptam
1145 2766 1288 2797 habemus.
1304 2766 1338 2793 de
1350 2767 1445 2793 Sancti
1461 2766 1591 2802 martyrio
1610 2765 1784 2800 patratisqtte

997 2812 1031 2839 ab
1043 2819 1074 2840 eo
1085 2811 1223 2839 miraculis
1242 2811 1381 2839 fusissime
1391 2812 1533 2845 disseruit,
1547 2812 1583 2838 ita
1599 2811 1784 2846 prosequitur:

997 2858 1029 2884 ΤΞ
1054 2857 1082 2884 δὲ
1108 2857 1185 2884 τοῦτό
1209 2858 1301 2890 ὲστιν;
1329 2858 1439 2885 Ἔκειτο
1465 2858 1515 2893 μὲν
1535 2859 1641 2885 ἐκείνου
1661 2859 1690 2884 τδ
1706 2857 1786 2892 σῶμα

997 2905 1027 2930 τὶ
1054 2903 1130 2938 ἅγιον
1151 2905 1252 2939 waka
1283 2900 1493 2940 ἑῤῥιμμένον,ᾦ
1520 2904 1565 2930 καὶ
1590 2903 1784 2939 προσελθόντες
