2038 3151
220 171 289 204 H25

551 165 654 198 ORDO
673 164 811 197 RERUM
829 164 915 199 QUA'.I
939 163 977 194 lN
996 163 1072 194 HOC
1090 163 1194 195 TOMO
1213 164 1501 197 CONTINENTUR.

1768 162 1837 196 1426

217 229 269 264 piis
282 227 354 255 enim
371 223 511 256 omnibus,
525 226 554 249 ut
568 223 695 258 quisque,
711 225 844 256 quantum
861 219 998 250 voluerit.
1014 220 1037 248 A
1053 219 1110 246 hac
1127 219 1160 246 de
1184 218 1238 246 illis
1255 219 1358 248 dixisse
1373 219 1452 248 nobis
1470 217 1604 252 stilliciat,
1619 218 1750 254 quoniam
1768 219 1789 245 si
1805 226 1837 245 ea

219 273 355 308 accipiat,
372 275 413 299 est
429 270 544 302 datum;
568 268 629 295 fons
651 272 742 295 autem
760 270 852 294 manet
867 265 1002 293 inexhau-

219 324 288 352 stus,
304 325 353 345 nec
371 316 425 344 ulla
443 323 476 343 ex
495 319 571 349 parte
590 314 751 341 imminutus
767 318 889 348 apparet,
907 316 1003 346 estque

221 373 276 393 non
292 363 342 398 piis
359 362 502 393 duntaxat,
520 361 566 388 sed
585 360 677 395 impiis
692 360 772 386 etiam
787 358 913 386 omnibus
929 365 1004 392 pere-

218 411 323 445 grinum
338 406 536 442 spectaculum.
551 405 608 432 Etsi
623 405 697 432 enim
717 404 780 438 quis
794 403 940 430 haereticus
957 405 1004 428 aut

220 455 265 482 Dei
281 453 410 480 inimicus
423 452 479 484 sit,
496 451 550 479 tale
566 450 697 486 unguenti
712 457 797 484 opus,
819 449 898 482 cujus
915 448 1004 483 palam

215 505 258 528 est
272 499 357 534 gloria
370 519 377 532 ,
395 498 584 532 biasphemare
599 497 711 524 omnino
727 503 780 523 non
805 497 904 529 potest.
925 492 1004 526 Quod

218 551 308 574 autem
323 545 410 580 majus
423 549 475 577 est,
494 551 545 570 nec
559 542 592 570 ad
613 542 686 570 dicta
701 542 936 576 comparationem
954 539 1005 566 ha-

214 593 281 623 bet,
297 598 358 618 cum
382 597 446 617 vasa
462 589 585 624 quaedam
602 596 616 616 e
636 589 708 615 tubis
727 586 831 614 fuerint
855 585 1004 621 unguentis

215 637 340 670 impleta,
354 639 436 670 atque
453 643 467 662 a
485 634 537 670 piis
551 634 762 668 quibuscunque
774 631 886 659 domum
902 631 1003 662 delata,

216 683 243 710 in
262 683 322 710 loco
341 682 460 716 quodam
483 687 564 708 sacro
588 687 704 714 quaque
720 679 881 713 deponunt,
902 685 933 706 ea
951 685 1005 706 non

217 733 324 756 tantum
343 728 374 755 ad
389 735 536 762 corporum
549 746 557 759 ,
575 733 668 753 verum
681 726 763 753 etiam
783 725 937 752 animarum
958 723 1007 751 do-

217 773 394 800 mesticorum
416 772 625 806 vicinorumque
643 777 768 802 suorum,
783 770 822 796 uti
838 775 865 797 et
883 776 955 804 saepe
970 769 1005 796 ad

219 819 375 846 animalium
397 817 609 849 irrationalium,
633 817 804 844 curationem
829 815 1004 843 adhibentes.

219 866 287 892 Cum
313 872 380 892 vero
408 864 547 891 exinanita
575 862 619 890 illa
649 862 812 890 naturaliter
837 861 952 894 fuerint,
981 860 1002 888 si

220 913 302 939 modo
317 910 477 945 impollutus
493 910 638 945 quisquam
658 917 722 936 vase
747 909 794 936 illo
817 908 845 935 in
871 907 1003 943 martyris

220 955 508 983 commemorationem
527 959 636 988 utatur,
653 955 746 983 statim
770 962 817 982 vas
833 953 958 989 quodque
976 954 1004 988 (ο

219 1001 371 1036 prodigium
383 1001 402 1035 l)
417 1005 567 1036 unguento,
579 1001 619 1028 uti
633 1000 666 1028 ab
683 999 761 1027 initio
779 1000 877 1031 fuerat,
892 999 1003 1034 plenum

217 1048 336 1075 exsistit.
355 1047 427 1080 Quid
452 1047 505 1074 hoc
524 1047 624 1081 majus,
647 1047 690 1074 vel
710 1046 813 1081 aequale
829 1045 869 1072 vel
885 1044 1003 1072 vicinum

220 1101 338 1129 unquam
351 1093 507 1121 exstiterit?
521 1093 624 1128 Stagna
639 1092 720 1120 simul
735 1096 761 1120 et
777 1092 1005 1126 fontes,quorum

218 1141 288 1167 alius
300 1140 373 1167 aliud
389 1139 441 1167 alia
457 1140 561 1166 ratione
572 1138 725 1174 prodigium
738 1138 822 1166 fuerit
833 1137 1003 1172 complexus,

218 1186 321 1214 ethnici
337 1185 487 1213 celebrant.
503 1185 580 1217 Quod
598 1185 621 1212 si
639 1185 733 1220 igitur,
752 1192 813 1219 quae
826 1185 874 1212 abs
888 1183 943 1211 illis
956 1184 1005 1210 ali.

218 1233 328 1267 quando
342 1232 414 1259 dicta
436 1231 565 1263 luerunt,
581 1231 672 1258 fabula
690 1231 760 1258 haud
785 1235 859 1263 sunt,
883 1230 957 1258 hisce
972 1231 1005 1258 il-

217 1278 276 1311 iud,
290 1279 322 1305 de
335 1285 389 1312 quo
403 1277 530 1312 prasenti
546 1283 648 1309 sermo,
662 1277 747 1303 multo
759 1280 802 1304 est
817 1275 919 1310 majus;
933 1277 1004 1310 quod

219 1325 242 1352 si
260 1328 369 1356 autem,
388 1329 418 1351 ut
433 1323 500 1350 mihi
516 1323 636 1355 videtur,
654 1321 747 1350 fabula
770 1323 849 1355 sint,
870 1323 936 1350 illud
955 1331 1005 1358 pro

220 1369 317 1397 umbra
330 1369 474 1397 manifesta
485 1374 526 1397 est
540 1370 655 1402 veritas,
670 1376 780 1404 resque,
793 1376 854 1404 quae
869 1369 1004 1404 ipsismel,

221 1416 407 1450 spectaculum
442 1416 616 1443 cernentibus
645 1415 875 1450 audientibusque
897 1415 933 1443 sit
957 1416 1006 1443 atl-

222 1460 358 1492 miranda,
371 1468 421 1488 nec
433 1462 510 1488 alteri
523 1462 678 1496 comparari
693 1465 786 1496 queat,
796 1468 840 1495 ac,
853 1461 918 1496 quid
932 1462 1004 1494 dico,

221 1505 255 1532 iis
270 1513 329 1540 quae
343 1514 357 1533 a
372 1511 443 1534 terra
460 1512 524 1534 sunt
542 1509 681 1542 producta,
703 1508 867 1542 insignibus,
882 1508 1006 1542 quando-

1055 266 1082 292 in
1097 266 1182 293 latum
1199 273 1415 295 commemorare
1428 267 1603 300 voluerimus,
1615 267 1669 293 vita
1681 265 1752 293 haud
1767 265 1838 293 suill-

1054 311 1131 339 ciens
1151 312 1185 339 sit
1203 311 1311 344 futura;
1334 313 1426 340 omnis
1451 313 1522 340 enim
1550 312 1585 339 ad
1612 311 1742 347 martyris
1768 311 1838 338 cele-

1055 358 1159 385 branda
1178 359 1307 386 miracula
1332 363 1372 398 est
1392 359 1492 390 brevis,
1520 358 1583 393 quia
1605 362 1632 385 tu
1646 378 1654 390 ,
1672 365 1689 384 o
1714 357 1838 384 mirande

1055 411 1087 431 ac
1104 404 1202 432 eximie
1226 404 1364 438 Demetri,
1383 405 1516 440 stupende
1530 404 1633 432 Christi
1651 404 1741 436 miles,
1764 410 1835 437 saepe

1056 450 1126 478 hanc
1142 450 1278 478 civitatein
1291 459 1325 479 ex
1340 451 1556 486 alienigenarum
1569 450 1694 477 manibus
1708 449 1838 480 liberasti,

1056 496 1232 532 optimusque
1250 497 1407 524 morborum
1426 497 1598 524 diversorum
1618 496 1739 523 medicus
1755 494 1840 522 exsti-

1056 541 1124 574 tisti,
1140 542 1303 577 generisque
1323 542 1408 570 nostri
1423 549 1453 569 es
1472 535 1611 568 misertus.
1626 540 1689 567 ideo
1700 544 1726 568 te
1743 547 1838 574 preca-

1057 594 1129 619 mur,
1155 592 1182 615 et
1204 595 1278 615 nunc
1303 589 1393 616 adhuc
1409 587 1475 615 illud
1488 608 1495 620 ,
1509 587 1580 622 quod
1594 587 1677 622 jacet,
1693 586 1777 621 erige.
1795 592 1838 616 ac.

1057 636 1129 670 quod
1146 642 1225 670 opem
1246 635 1384 669 implorat,
1401 634 1498 667 libera,
1516 635 1706 668 lahorantique
1722 632 1762 660 l'er
1773 640 1840 667 sup-

1056 682 1154 717 petias.
1174 682 1347 716 Tempestate
1365 682 1498 716 jactatum
1517 686 1605 708 statue
1623 682 1650 708 in
1669 682 1748 715 portu
1765 682 1840 705 tran-

1056 728 1151 762 quillo,
1169 727 1350 754 Barbarorum
1366 728 1427 762 ignc
1442 727 1560 754 deﬁxum
1578 731 1623 754 tua
1651 726 1740 753 adhuc
1764 723 1839 751 beni-

1057 774 1160 807 gnitate
1176 774 1251 801 solve
1265 793 1272 805 ,
1288 773 1502 808 eorumdemque
1521 773 1661 800 furoribus
1686 770 1838 804 deﬂagraus

1057 827 1119 847 rore
1134 824 1182 847 tuo
1197 819 1342 847 calcscenti
1362 827 1428 848 sana
1439 840 1447 852 ,
1472 819 1618 854 omniaque
1640 818 1668 846 in
1683 819 1836 844 animarum

1057 865 1138 893 simul
1157 872 1188 892 ac
1204 873 1347 900 corporum
1374 869 1532 892 nostrorum
1557 864 1701 892 curatione
1727 863 1770 890 l'ac
1793 870 1840 896 per

1055 919 1149 947 preces
1181 911 1365 939 immaculatae
1396 910 1489 938 Matris
1523 910 1632 937 Domini
1661 910 1747 937 nostri
1774 907 1840 936 Jesu

1055 959 1168 992 Christi,
1183 959 1227 986 ctti
1245 958 1373 986 convenit
1390 958 1488 993 gloria,
1510 958 1613 991 virtus,
1629 957 1718 983 honor
1732 959 1759 982 et
1775 955 1841 982 ado-

1056 1007 1127 1033 ratio
1144 1006 1172 1032 in
1189 1004 1286 1032 saecula
1300 1005 1474 1032 saeculorum.
1488 1005 1585 1031 Amen.
1607 1012 1617 1027 ι
1635 1002 1772 1030 llactenus
1789 999 1841 1026 Dc-

1055 1052 1170 1080 metrius
1193 1051 1373 1086 Chrysoloras
1390 1049 1528 1081 laudatus,
1547 1050 1593 1085 qui
1608 1056 1670 1076 cum
1683 1067 1692 1080 ,
1707 1052 1737 1074 ut
1755 1054 1837 1082 supra

1055 1098 1155 1130 docui,
1181 1098 1282 1126 sazculo
1302 1098 1398 1132 quinto
1423 1097 1529 1124 decimo
1556 1097 1690 1129 ﬂoruerit,
1717 1095 1840 1128 haecque,

1055 1152 1117 1179 quae
1141 1144 1233 1172 verbis
1255 1144 1311 1178 jam
1337 1142 1460 1170 recitatis
1485 1142 1671 1174 continentur,
1701 1139 1841 1167 memoriae

1056 1187 1164 1223 prodat,
1180 1193 1244 1215 tunc
1260 1195 1326 1215 sane
1344 1187 1486 1223 unguenti,
1502 1188 1619 1214 maxima
1632 1186 1711 1220 copia
1728 1185 1840 1213 esancti

1058 1233 1188 1260 Demetrii
1213 1241 1329 1268 corpore
1355 1233 1550 1266 scaturientis,
1573 1233 1726 1268 prodigium
1751 1232 1842 1259 adhuc

1059 1279 1223 1312 obtinuisse,
1243 1279 1428 1307 indubitatum
1446 1280 1546 1308 evadit.
1566 1279 1621 1306 Nec
1636 1279 1687 1306 hoc
1706 1285 1810 1306 tantum
1825 1285 1841 1305 e

1059 1326 1181 1353 recitatis
1198 1326 1368 1361 Chrysoloraa
1380 1326 1470 1353 verbis
1480 1325 1625 1358 discimus,
1637 1333 1729 1353 verum
1746 1324 1840 1356 etiam,

1059 1370 1099 1397 uti
1115 1371 1172 1398 haec
1186 1370 1350 1406 expendenti
1367 1374 1498 1405 patescet,
1515 1375 1610 1397 notatu
1626 1369 1695 1396 satis
1707 1369 1787 1404 digna
1804 1367 1839 1396 de

1058 1416 1214 1451 prodigioso
1227 1416 1313 1444 sancti
1329 1415 1457 1443 Demetrii
1476 1420 1613 1449 unguento
1627 1415 1678 1442 alia
1697 1413 1840 1445 nonnulla,

1057 1471 1176 1498 quorum
1195 1463 1302 1490 interim
1329 1463 1408 1490 tidem
1423 1469 1506 1497 penes
1522 1466 1660 1488 auctorem
1681 1464 1753 1488 stare
1768 1460 1840 1486 volo.

1057 1507 1156 1535 Utrum
1171 1516 1263 1542 porro,
1279 1507 1519 1536 Thessalonicensi
1534 1506 1626 1535 Sancti
1644 1507 1744 1542 templo
1760 1507 1787 1534 in
1806 1507 1845 1534 fa-

219 1550 326 1585 quidem
342 1556 369 1578 et
384 1553 428 1583 iis,
453 1560 513 1586 quze
529 1560 544 1579 a
562 1553 617 1580 Deo
632 1553 698 1580 olim
717 1553 794 1580 fuere
809 1556 927 1586 patrata,
943 1559 1006 1587 pro-
1017 1558 1039 1589 α
1056 1561 1122 1581 num
1138 1553 1284 1580 Turcicum
1297 1571 1304 1584 ,
1321 1557 1352 1580 ut
1368 1561 1450 1587 supra
1467 1554 1494 1579 in
1510 1553 1715 1580 Commentario
1731 1553 1842 1587 praevio,

219 1596 300 1631 digiis
312 1596 383 1622 haud
398 1597 435 1622 sit
449 1597 561 1624 minus?

229 1659 232 1663 -
253 1642 298 1669 ιθ.
318 1650 328 1667 α
350 1641 483 1676 Linguam
509 1642 590 1676 igitur
609 1642 653 1669 hic
669 1642 742 1670 haud
768 1647 896 1670 moveant
920 1643 1007 1670 haere-

219 1690 277 1722 tici,
291 1697 340 1717 nec
359 1690 497 1718 daemones
512 1690 664 1718 imitentur.
685 1690 791 1718 Causas
806 1691 958 1725 oppositas,
975 1695 1005 1718 ut

220 1735 290 1770 pios,
310 1735 541 1770 quemadmodum
561 1736 681 1770 primum
699 1737 837 1763 hominem
853 1736 1002 1769 daemones,

220 1781 368 1816 decipiant,
391 1781 522 1815 tingentes
548 1781 620 1809 haud
647 1790 724 1818 atque
744 1782 940 1817 prazvalebunt.
965 1783 1005 1810 Ne

222 1827 305 1860 igitur
321 1827 523 1861 qualiscunque
540 1828 621 1854 etiarn
638 1829 691 1862 sit,
710 1829 886 1856 conticescat.
905 1828 1004 1856 Verum

1057 1607 1133 1626 num.
1149 1598 1184 1626 92
1199 1598 1279 1626 docui
1292 1617 1299 1629 .
1322 1599 1380 1633 jam
1397 1605 1530 1625 converso
1542 1617 1550 1630 ,
1567 1598 1731 1632 stupendum
1750 1598 1844 1625 admo-

1056 1645 1133 1677 dum,
1151 1644 1223 1679 quali
1239 1643 1320 1671 etiam
1339 1643 1384 1671 alii
1400 1643 1493 1670 Sancti
1511 1643 1634 1669 nonnulli
1653 1642 1734 1670 modo
1750 1641 1840 1669 adhuc

1055 1698 1071 1718 a
1087 1691 1143 1718 Deo
1160 1690 1337 1718 condec0rari
1365 1689 1465 1717 olimve
1491 1694 1565 1716 certe
1592 1688 1765 1716 condecorati
1792 1695 1842 1714 no-

1057 1743 1183 1768 scuntur.
1200 1735 1329 1764 stillantis
1345 1743 1392 1762 seu
1409 1734 1585 1762 scaturientia
1601 1735 1677 1768 copia
1695 1734 1812 1762 maxima
1827 1741 1843 1761 e

1060 1781 1188 1810 Demetrii
1218 1788 1332 1816 corpore
1362 1781 1492 1815 unguenti
1521 1780 1676 1815 prodigium
1710 1780 1844 1814 hodieque

1059 1833 1224 1864 perseveret,
1240 1832 1409 1863 compertum
1425 1827 1496 1854 haud
1514 1827 1612 1854 habeo.

223 1900 1841 1922 mm

727 1956 971 2013 ORDO
1007 1955 1333 2012 BERUM

482 2050 621 2102 QUZE
661 2051 724 2095 IN
766 2050 887 2096 HOC
923 2050 1092 2097 TOMO
1130 2048 1589 2096 CONTINENTUR.

379 2177 522 2207 SIMEON
543 2179 695 2207 METAPH
701 2179 846 2210 RASTES.

253 2237 334 2262 HTE.
350 2236 539 2262 SANCTORUM
551 2237 736 2270 (continuatio).

252 2277 366 2303 MENSIS
379 2277 485 2302 NOVEM
492 2277 561 2302 BER.

254 2320 297 2352 pie
308 2320 332 2352 2.
347 2319 487 2352 Martyrium
499 2320 545 2344 SS.
556 2319 686 2352 Acinrdynl,
698 2320 797 2352 Pegasii
805 2323 831 2346 et
839 2319 970 2347 sociorum.
990 2321 1007 2346 9

251 2350 299 2374 Die
315 2350 337 2374 ι.
352 2350 407 2374 Vita
424 2350 449 2374 S.
467 2349 587 2374 Joannicii
601 2351 704 2375 abbatis.
736 2349 748 2352 '
976 2353 1007 2376 55

254 2381 299 2411 hie
312 2382 336 2405 5.
347 2381 409 2411 Vita
422 2381 466 2405 SS.
484 2381 632 2405 Galat‘tionis
645 2384 671 2405 et
683 2381 833 2411 Epistcmes.
972 2383 1003 2407 9-3

251 2410 296 2435 Die
308 2411 331 2435 7.
345 2410 485 2441 Martyrium
497 2412 524 2435 S.
539 2411 654 2436 Hieronis
665 2414 691 2435 et
704 2410 833 2436 sociorum.
959 2412 1004 2437 109

252 2441 298 2465 Die
309 2442 333 2465 9.
350 2441 422 2469 Mart)
430 2441 493 2465 rium
505 2442 532 2464 S.
544 2441 651 2466 Orestis.
959 2442 1004 2466 119

252 2472 297 2496 Die
314 2472 348 2496 15.
364 2473 506 2498 Martyrium
518 2472 562 2495 SS.
575 2473 670 2500 (ἱιπίω,
682 2472 794 2497 Samona
805 2476 832 2498 et
844 2472 926 2498 Abibi.
959 2473 1002 2498 127

251 2503 295 2528 Die
307 2504 345 2527 Ἡ.
359 2503 414 2526 Vita
424 2502 450 2526 S.
463 2502 566 2526 Caeciliae
576 2506 603 2526 et
613 2503 744 2527 sociorum.
958 2503 1004 2528 163

251 2534 295 2558 Dic
307 2534 346 2557 23.
360 2533 417 2557 Vita
431 2534 456 2557 S.
473 2534 609 2557 Clementis
622 2533 745 2563 martyris.
960 2534 1005 2558 1'19

250 2563 297 2588 Die
310 2565 348 2588 ‘23.
360 2563 419 2595 Vita
433 2562 590 2595 Satiregorii
605 2563 774 2595 Agrigentini.
957 2563 1003 2589 189

249 2595 296 2618 Die
308 2595 345 2618 Ἡ.
359 2593 414 2619 Vita
426 2595 452 2618 S.
465 2593 590 2618 Mercurii.
630 2593 638 2594 ί
669 2593 680 2595 ἡ
957 2596 1003 2619 269

246 2625 294 2649 Dte
305 2625 343 2648 2‘3.
359 2625 411 2649 Vita
424 2625 449 2650 S.
463 2625 616 2649 Ecaterinze.
957 2626 1004 2652 275

248 2673 362 2698 MENSIS
371 2672 546 2698 DECEMBEB.

247 2715 292 2740 Die
306 2715 328 2739 4.
341 2715 396 2740 Vita
413 2715 439 2740 S.
453 2714 575 2740 Barbarie.
956 2716 1000 2741 301

247 2745 294 2770 Die
311 2747 335 2771 6.
349 2745 402 2770 Vita
418 2746 443 2769 S.
458 2746 550 2770 Nicolai
564 2746 693 2776 Myrensis.
955 2747 1001 2770 5I'I

248 2776 294 2800 Die
307 2777 330 2801 8.
349 2776 402 2800 Vita
414 2776 438 2800 S.
456 2777 559 2802 Pataoii.
956 2778 1001 2802 557

247 2807 293 2840 Die
307 2806 344 2840 tt).
356 2807 498 2840 Martyrium
516 2806 539 2840 ες
551 2807 636 2840 Mena
647 2807 816 2840 et:soclorum.
955 2808 1000 2840 56:1

247 2837 293 2864 Die
304 2837 343 2862 12.
360 2837 414 2865 Vita
429 2838 454 2863 S.
469 2837 623 2869 Spyridools.
675 2837 684 2840 '
956 2839 998 2863 tt'l

1085 2178 1134 2205 Die
1145 2179 1183 2205 ts.
1195 2180 1337 2210 Martyrium
1349 2179 1394 2205 SS.
1407 2181 1533 2210 Eustralii,
1545 2180 1661 2206 Auxentli
1675 2183 1700 2206 et
1711 2182 1843 2209 sociorum.

1088 2240 1136 2264 Die
1150 2240 1186 2265 Η.
1202 2240 1343 2270 Martyrium
1357 2241 1383 2265 S.
1397 2240 1485 2270 Thyrsi
1504 2244 1527 2264 et
1540 2243 1674 2266 sociorum.

1087 2271 1133 2295 Die
1143 2270 1181 2302 2}.
1194 2271 1336 2302 Martyrium
1348 2272 1374 2296 S.
1386 2272 1486 2296 'l‘hom:e
1497 2271 1609 2302 apostoli.
1796 2275 1843 2300 559

1087 2301 1134 2337 Die
1149 2301 1188 2325 23.
1206 2302 1346 2332 Martyrium
1367 2301 1609 2327 sanctorum'decem
1627 2306 1762 2334 martyrum
1781 2305 1841 2335 στρ-

1059 2333 1176 2357 tensium.
1692 2333 1696 2334 ν
1795 2333 1841 2360 565

1089 2361 1136 2387 Die
1148 2362 1189 2387 25.
1201 2362 1342 2392 Martyrium
1357 2363 1383 2388 S.
1401 2363 1535 2388 Anastasiae
1545 2363 1654 2388 Junioris
1670 2367 1697 2388 et
1710 2366 1839 2391 sociarum.

1086 2420 1133 2454 Die
1143 2421 1184 2454 ἓξ.
1197 2421 1338 2454 Martyrium
1351 2423 1374 2447 S.
1392 2424 1517 2454 Eugenim.

1088 2451 1134 2488 ρξε
1196 2451 1294 2488 Σίιεέἐἰ
1308 2451 1525 2488 Τὴθοόοιιῗϐιιᾳριί
1795 2457 1840 2481 653

1090 2483 1134 2515 Die
1145 2483 1184 2515 2:1.
1196 2483 1232 2515 De
1244 2484 1374 2515 SJoanne
1387 2483 1549 2515 evangelista.
1793 2488 1840 2511 685

1088 2513 1134 2538 Die
1146 2513 1185 2538 29.
1199 2514 1253 2538 Vita
1267 2514 1293 2538 S.
1309 2514 1417 2539 Marcelli
1430 2513 1638 2541 archimandritas.
1793 2518 1840 2543 705

1086 2543 1134 2568 Die
1150 2545 1189 2569 50.
1204 2544 1346 2575 Martyrium
1358 2545 1385 2570 S.
1400 2545 1498 2574 Anysize
1510 2546 1747 2573 Thessalonicensis.
1794 2549 1839 2574 7‘7

1087 2575 1134 2599 Die
1149 2575 1186 2599 31.
1203 2575 1345 2606 Martyrium
1363 2576 1388 2600 S.
1401 2575 1505 2600 Melana
1518 2577 1643 2602 Romanas.
1793 2579 1839 2604 753

1085 2616 1250 2642 ADDENDA.

1088 2659 1178 2682 Mantus
1189 2659 1332 2683 Jaxuanms.

1086 2689 1131 2713 Die
1149 2689 1186 2712 20.
1206 2689 1260 2713 Vita
1279 2689 1303 2713 S.
1317 2690 1452 2715 Sebastiani
1464 2691 1490 2714 et
1499 2689 1640 2715 sociorum.
1793 2692 1840 2717 79]

1087 2719 1175 2743 Μιπειδ
1190 2719 1349 2744 Ρειιιιυλκιυς.

1088 2751 1133 2774 Dio.
1144 2751 1167 2773 5.
1185 2750 1314 2775 Certamen
1325 2750 1350 2775 S.
1362 2751 1438 2776 Blasii
1452 2754 1479 2776 et
1489 2751 1622 2777 sociorum.
1792 2753 1838 2778 817

1086 2780 1176 2804 Mensrs
1189 2782 1292 2805 Δριιιιις.

1087 2811 1133 2836 Die
1151 2811 1188 2836 22.
1201 2811 1331 2837 Certamen
1350 2811 1394 2837 SS.
1407 2812 1558 2844 Acepsima,
1571 2814 1663 2845 Joseph
1677 2817 1703 2840 et
1715 2813 1836 2868 Eithazlg‘.
