4158 6438
509 371 573 441 11
1820 375 2107 439 MENSIS
2148 374 2591 439 NOVEMBER.

3812 366 3883 438 i2

511 525 652 583 nus,
688 512 747 567 et
795 504 1059 568 studium
1103 512 1193 567 est
1223 504 1371 566 ﬁdes
1404 506 1460 565 in
1492 503 1862 578 Trinitatem,
1905 526 2035 586 quae
2068 516 2150 572 est

2243 511 2475 586 τῆδεομα
2515 559 2531 585 ,
2572 511 2608 577 ⁵η
2665 513 2739 575 εἰς
2799 510 2900 577 τὴν
2959 507 3152 586 Τριέὸα
3234 508 3409 571 πίστις
3460 510 3579 566 ἑστί
3645 512 3727 568 τὸν
3790 510 3881 568 ἕνα

502 612 657 657 unus
678 596 858 667 Deus,
877 612 1041 674 aquo
1066 594 1137 654 ad
1166 611 1396 673 omnes,
1425 600 1525 673 qui
1551 602 1714 667 sunt,
1746 596 2007 660 essentia
2041 620 2055 679 ;
2093 610 2152 659 et

503 684 575 746 ad
610 684 826 764 eosqui
857 684 1080 753 vivunt,
1108 683 1247 755 vita,
1277 692 1600 763 tanquama
1631 683 1796 745 fonte
1824 686 2021 764 aliquo
2047 708 2153 768 pe-

503 773 702 848 renni,
729 775 1046 835 derivatur.
1075 775 1213 835 Haec
1245 792 1380 834 cum
1397 772 1719 834 audivisset
1744 782 2047 858 tyrannus,
2080 779 2154 841 Ut

503 861 991 939 videtur,inquit,
1022 880 1155 923 mea
1185 862 1419 939 lenitas,
1442 869 1502 923 et
1530 862 1688 942 quod
1726 882 1842 923 non
1868 864 1977 924 sim
2010 885 2151 946 pro-

504 954 672 1015 clivis
697 954 770 1014 ad
793 952 1107 1034 supplicia,
1131 970 1232 1013 vos
1255 952 1517 1013 reddidit
1548 961 1936 1015 contumaces
1966 965 2148 1018 etan-

503 1042 683 1106 daces
702 1043 774 1105 ad
798 1040 1307 1122 respondendum.
1336 1042 1491 1103 Dixit
1512 1059 1651 1102 vero
1676 1043 1869 1103 statim
1887 1043 2149 1126 Acindy-

505 1151 619 1195 nus
652 1154 665 1194 :
700 1131 979 1206 Quaenam
1038 1130 1350 1209 responsio
1397 1132 1542 1191 iacta
1599 1130 1708 1191 fuit
1739 1150 1935 1205 secus,
1970 1154 2146 1215 quam

505 1230 759 1304 oportet,
792 1230 891 1283 aut
921 1220 1065 1302 quid
1095 1220 1203 1281 tibi
1236 1221 1506 1283 videmur
1540 1240 1656 1281 non
1692 1223 2060 1298 respondere
2091 1234 2153 1285 ut

505 1310 810 1376 convenit?
830 1311 1145 1386 Quoniam,
1174 1310 1513 1390 inquit,alia
1539 1312 2147 1393 respondistis,quam

504 1404 582 1465 de
626 1401 843 1483 quibus
872 1400 1060 1462 fuistis
1103 1400 1480 1479 interrogati,
1515 1401 1618 1463 sed
1652 1402 1764 1462 nisi
1796 1403 2151 1465 accedentes

504 1492 621 1555 cito
642 1490 1137 1562 sacriﬁcaveritis,
1172 1490 1521 1570 poenitentia
1552 1490 1713 1554 ducti
1744 1491 1964 1554 frustra
1987 1493 2151 1555 ﬂebi-

503 1581 866 1645 tis.Sanctns
887 1579 1354 1659 Anempodistus
1370 1579 1563 1641 libero
1587 1579 1902 1641 verborum
1925 1583 2147 1644 fluento

503 1671 650 1734 dixit
676 1677 923 1752 tyranno
959 1690 973 1733 :
1008 1668 1332 1747 Oportcbat
1379 1669 1647 1749 quidem,
1683 1688 1716 1730 o
1750 1687 1882 1744 rex,
1936 1690 2043 1733 nos
2074 1673 2149 1735 de

502 1761 620 1824 hoc
649 1759 829 1823 verbo
859 1777 935 1820 ne
967 1758 1279 1820 minimum
1315 1760 1417 1838 qui
1446 1777 1559 1819 rem
1612 1760 2008 1842 respondere,
2043 1762 2147 1823 sed

2236 605 2365 658 Θεὸν
2398 650 2412 674 ,
2459 598 2585 679 παρ’
2644 606 2703 657 οὗ
2759 613 2877 662 τοῖς
2938 601 3050 655 οὖσι
3109 604 3235 655 πᾶσι
3295 600 3354 654 τὸ
3420 612 3558 656 εῖναι
3615 603 3703 658 καὶ
3757 601 3880 664 τοῖς

2234 695 2359 761 ζῶσι
2417 696 2475 746 τὸ
2545 696 2661 765 ζῇν,
2712 691 2785 752 ὡς
2844 687 2902 743 ἔκ
2948 710 3089 751 τινος
3165 689 3351 766 πηγῆς
3407 689 3638 761 ἀευζώου
3682 691 3882 771 ἐποχεο

2236 782 2462 842 τεᾷεται,
2497 780 2706 837 Τούτων
2751 781 2778 834 ὁ
2817 779 3065 856 τύραννος
3123 778 3377 858 ἀκούσας,
3426 780 3504 839 ὡς
3558 777 3726 836 ἔοικεν
3777 781 3879 859 ἔφη

2235 873 2296 926 τὸ
2346 869 2581 930 ἐπιεικὲς
2641 870 2818 941 ἡμῶν.
2874 869 2958 923 καὶ
2992 867 3069 940 μὴ
3129 869 3260 946 πρὸς
3303 868 3398 930 τὰς
3453 869 3709 944 βασάνους
3743 873 3882 946 πρό-

2236 982 2419 1040 χειρον
2499 958 2903 1036 καταφρονητας
2987 958 3123 1029 ὑμᾶς
3183 959 3269 1012 καὶ
3377 961 3591 1036 θρασεῖς
3675 958 3892 1027 διέθηκε

2235 1053 2365 1121 πρὸς
2425 1050 2518 1110 τὰς
2597 1046 2927 1125 ἀποκρίσεις,
3008 1043 3067 1103 Ὀ
3142 1046 3290 1123 ἅγιος
3373 1046 3670 1114 Ἀκίνδονος
3728 1049 3881 1106 εἷπε·

2242 1141 2335 1197 καί
2366 1162 2443 1202 τις
2474 1139 2508 1206 ἡ
2564 1136 2706 1209 παρὰ
2749 1138 2809 1192 τὸ
2872 1133 2987 1193 δέον
3053 1134 3354 1213 ἀπόκρισις,
3408 1135 3437 1203 ἥ
3478 1138 3529 1193 τί
3580 1139 3662 1195 σοί
3703 1137 3883 1197 δοκοῦ-

2234 1250 2332 1298 μεν
2379 1228 2456 1302 μὴ
2521 1226 2902 1303 προσηκόντως
2961 1222 3446 1302 ἀπολογήσασθαις
3520 1224 3678 1308 ”Οτι,
3729 1231 3883 1309 φησὶ,

2235 1320 2386 1393 ἓτερα
2446 1314 2648 1390 μᾶλλον
2717 1313 2751 1381 ἥ
2810 1316 2927 1392 περὶ
2986 1321 3060 1369 ὦν
3110 1316 3426 1391 ἡρωτήθητε
3483 1317 3831 1393 ἀποκρίνασθε
3867 1334 3882 1349 ⁸

2233 1406 2355 1462 ἀλλ’
2415 1408 2460 1461 εἰ
2517 1407 2592 1473 μὴ
2649 1405 2843 1484 τάχιον
2919 1403 3297 1482 προσελθόντες
3357 1405 3563 1487 θύσετε,
3651 1407 3887 1475 ἆνότητα

2235 1495 2654 1570 μετακλαύσεσθε
2690 1538 2703 1553 .
2766 1492 2826 1552 Ὀ
2889 1492 3037 1570 ἅγιος
3109 1492 3527 1567 Ἀνεμπόδιστος
3562 1543 3578 1569 ,
3640 1496 3887 1570 ἀνεμπο-

2233 1585 2389 1658 ὃίστῳ
2448 1585 2666 1660 ῥεύματι
2729 1586 2820 1638 τοῧ
2877 1582 3037 1659 λόγου
3103 1585 3231 1660 πρὸς
3294 1586 3383 1640 τὸν
3434 1587 3683 1661 τύραννον
3728 1585 3830 1664 ἔφη
3866 1605 3882 1621 ’

2235 1675 2437 1755 Ἐχρῆν
2496 1676 2594 1749 μὲν
2638 1676 2805 1752 ἡμᾶς,
2859 1675 2902 1727 ὦ
2958 1672 3200 1751 βασιλεῦ,
3265 1671 3391 1744 περί
3448 1673 3595 1731 τοὸδε
3640 1684 3733 1733 τοῦ
3778 1676 3883 1756 ῥά·-

2235 1788 2451 1845 μιχτοε,
2513 1762 2888 1841 ἀποκρίνασθαί
2934 1784 3014 1817 σοι
3075 1760 3211 1837 μηδὲ
3273 1763 3469 1843 βραχὺ,
3546 1764 3684 1822 ἀλλὰ
3762 1774 3892 1846 σιγῇ

503 1849 664 1913 ferre
693 1849 932 1913 silentio
960 1856 1118 1910 tuam
1142 1847 1202 1908 in
1227 1866 1334 1908 nos
1364 1849 1789 1910 contumeliam
1826 1870 1838 1910 :
1865 1850 1971 1911 sed
2005 1870 2149 1929 quo-

2236 1854 2331 1920 τὴν
2379 1856 2451 1914 εἷς
2507 1854 2649 1925 ἡμᾶς
2704 1851 2947 1920 ἐνεγκεῖν
3008 1854 3305 1929 παροινίαν·
3368 1855 3482 1909 επεὶ
3539 1852 3594 1910 δὲ
3653 1858 3712 1912 τὸ
3771 1858 3891 1928 ζέον

502 1940 664 2003 niam
688 1940 884 2003 fervor
904 1938 1041 2000 tidei
1068 1938 1128 1998 in
1154 1937 1448 1999 Christum
1474 1956 1592 2000 non
1623 1938 1764 1999 sinit
1788 1958 1894 2000 nos
1919 1949 2144 2017 tacere,

502 2030 644 2093 audi
666 2049 775 2093 nos
804 2030 927 2092 hinc
960 2026 1067 2091 tibi
1094 2026 1365 2089 dicentes
1398 2046 1412 2090 :
1447 2028 1568 2091 Cur
1594 2028 1669 2089 de
1705 2028 1892 2108 patria
1923 2048 2147 2109 genere

504 2128 563 2183 et
603 2119 795 2183 studio
826 2115 1549 2198 curioseinquiris?Haac
1603 2117 1763 2181 enim
1815 2120 2038 2196 omnia,
2088 2131 2149 2183 ut

502 2210 670 2292 prius
688 2209 1068 2290 diximus,est
1088 2208 1260 2269 nobis
1274 2206 1534 2270 Trinitas
1553 2208 1820 2270 omnium
1850 2211 2149 2274 architec-

505 2301 680 2364 tatrix
712 2321 728 2381 ;
763 2299 907 2361 deos
935 2306 1156 2378 autem,
1192 2297 1407 2377 quibus
1439 2315 1548 2359 nos
1569 2297 1748 2377 jubes
1779 2300 2145 2376 sacriﬁcare,

504 2408 619 2452 nec
633 2390 1051 2461 novimus,nec
1072 2394 1209 2449 sunt
1224 2387 1923 2468 omnino.0portetenim
1945 2408 2149 2452 amare

503 2478 1152 2552 veritatem,dzemones
1181 2494 1318 2539 vero
1349 2476 1574 2539 scimus
1599 2495 1735 2540 esse
1768 2477 2145 2560 deceptores,

509 2577 567 2631 et
586 2568 806 2631 animis
836 2568 1053 2631 afferre
1077 2568 1402 2629 interitum.
1438 2565 1551 2639 Qui
1573 2585 1709 2628 cum
1742 2586 1776 2629 a
1808 2569 1930 2630 Deo
1964 2572 2146 2632 creati

507 2666 797 2734 essent,et
816 2657 889 2720 ab
906 2676 977 2720 eo
1001 2655 1101 2737 qui
1124 2655 1350 2718 fecerat
1368 2655 1753 2732 defecissent,
1782 2658 1903 2737 igni
1931 2667 2151 2721 aeterno

507 2756 648 2811 sunt
675 2749 958 2811 damnati.
986 2745 1297 2826 Tyrannus
1312 2755 1510 2808 autem
1534 2747 1626 2808 his
1648 2746 1721 2809 ad
1754 2747 1903 2809 iram
1929 2767 2152 2811 accen-

508 2839 727 2914 sus,eis
758 2843 1012 2901 mortem
1045 2834 1788 2898 minaturacerbissimam.
1822 2838 1925 2899 Cui
1958 2839 2150 2900 sancti

2232 1946 2329 2009 τῆς
2415 1944 2545 2021 πρὸς
2632 1947 2855 2018 Χριστοῦ
2934 1939 3161 2003 πίστεως
3246 1944 3342 1999 οὒκ
3405 1939 3673 2016 ἐπιτρέπει
3734 1951 3891 2021 σιγᾷν

2229 2033 2443 2087 tri-313:7
2497 2032 2627 2108 πρὸς
2663 2030 2722 2085 σὲ
2769 2028 3035 2107 λεγόντων
3076 2031 3233 2102 ἡμῶν
3280 2029 3459 2087 Ξὶκοδε.
3516 2029 3643 2088 "tv:
3672 2032 3724 2088 τί
3769 2055 3883 2089 πα-

2235 2119 2373 2200 τρίδα
2430 2120 2526 2177 καί
2602 2120 2755 2198 γένος
2816 2119 2904 2174 καί
2961 2116 3290 2194 ἐπιτήδευμα
3350 2119 3828 2200 πολυπραγμονεῖς
3876 2144 3895 2196 ;

2233 2211 2394 2267 ταῦτα
2460 2211 2559 2288 γὰρ
2617 2229 2792 2266 παντα
2853 2210 2927 2272 ὡς
2985 2208 3219 2286 ἔφθημεν
3302 2211 3564 2282 εἰπὸντες,
3631 2213 3665 2279 ἡ
3726 2213 3888 2289 Τριὰς

2232 2302 2368 2371 ἡμῖν
2424 2300 2565 2356 ἐστιν
2620 2302 2654 2367 ἡ
2706 2296 2917 2354 πέντων
2949 2295 3297 2375 δημιουργός,
3337 2299 3498 2362 Θεοὺς
3534 2297 3589 2355 δὲ
3634 2303 3718 2363 οἷς
3749 2302 3893 2357 θύειν

2231 2391 2373 2464 ἡμᾶς
2430 2387 2781 2466 ἐπιτρέπεις,
2852 2385 2968 2442 οὔτε
3031 2384 3280 2461 οἴδαμεν,
3361 2386 3468 2444 οὔθ’
3527 2388 3666 2455 ὅλως
3732 2392 3891 2454 εἰσίν,

2231 2470 2547 2547 Ἀλήθεια(
2589 2477 2685 2553 γὰρ
2742 2477 3002 2552 προσήκει
3063 2474 3263 2554 ριλετν,
3339 2474 3590 2550 δαίμονας
3644 2477 3697 2535 δὲ
3741 2478 3894 2536 ἁπα-

2236 2574 2432 2622 τεὼναε
2494 2567 2582 2621 καὶ
2653 2565 3023 2643 ψοχοφθόρους
3098 2563 3287 2628 αὖτοὺς
3362 2564 3689 2640 ἐπιστάμεθα
3725 2613 3738 2629 .
3829 2571 3898 2627 Οἱ

2237 2658 2433 2729 κτίσμα
2484 2657 2616 2711 Θεοῦ
2687 2654 2997 2731 γεγονότες,
3057 2656 3145 2710 καὶ
3195 2663 3289 2713 τοῦ
3341 2659 3703 2724 πεποιηκὸτος
3747 2659 3896 2718 ἀπο-

2240 2748 2530 2815 σπάσαντες
2589 2743 2828 2800 ὑπόδικοι
2881 2748 2997 2819 πυρὶ
3057 2743 3394 2810 κατέστησαν
3453 2747 3651 2820 αἰωνίῳ
3686 2790 3700 2805 .
3763 2752 3898 2807 Ἐπὶ

2238 2837 2443 2899 τούτοις
2502 2836 2528 2890 ὁ
2587 2836 2835 2911 τύραννος
2914 2834 2986 2896 εἷς
3047 2834 3211 2910 ὀργὴν
3264 2833 3499 2913 ἐξαρθεὶς
3571 2838 3897 2914 πικρότατον

507 2929 760 3009 perinde
780 2947 849 2990 ac
878 2928 929 2989 si
958 2928 1112 2989 bona
1134 2935 1294 2989 esset
1325 2925 1646 3007 pollicitus,
1671 2946 1789 2987 non
1808 2936 2009 2989 autem
2029 2938 2150 2989 tor-

2243 2928 2425 2988 αὒτοτς
2483 2925 2573 2979 τὸν
2629 2924 2849 2979 θάνατον
2900 2922 3135 2983 Ξιπειλεῖ.
3172 2924 3309 3000 Πρῆς
3361 2922 3418 2979 ὅν
3453 2926 3500 2980 οἱ
3545 2925 3689 3005 ἆγιοι
3723 2929 3899 2985 καθά-

507 3027 708 3080 menta
741 3018 1018 3095 minatus,
1053 3016 1496 3096 responderunt
1523 3034 1537 3079 :
1567 3017 1674 3077 Vix
1706 3016 1946 3080 tandem
1968 3038 2150 3097 agno-

2242 3037 2340 3093 περ
2396 3016 2605 3092 ἀγαθῶν
2664 3010 3008 3089 ἐπαγγελίαν,
3056 3011 3175 3067 ἆλ¹.’
3208 3013 3303 3068 οὒκ
3359 3012 3587 3083 ἀπειλὴν
3648 3017 3900 3093 βασάνων

503 3108 639 3171 visti
667 3108 752 3186 id,
787 3108 944 3190 quod
979 3116 1070 3170 est
1104 3106 1277 3170 nobis
1306 3106 1455 3168 utile
1483 3114 1542 3167 et
1562 3109 1841 3170 salutare.

2242 3103 2535 3182 δεξάμενοι,
2594 3101 2757 3158 Μόλις
2818 3101 3054 3179 ἐπέγνως
3122 3102 3183 3157 τὸ
3252 3102 3518 3180 συμφέρον
3597 3106 3737 3181 ἡμῖν
3808 3109 3902 3165 καὶ

2241 3194 2527 3271 σωτήριον,
2557 3191 2936 3269 ἀπεκρίναντο.

584 3287 869 3352 III.Tunc
891 3306 1030 3366 ergo
1054 3286 1232 3367 jubet
1255 3303 1357 3346 eos
1377 3304 1412 3346 a
1434 3290 1689 3365 quatuor
1705 3286 1847 3349 viris
1877 3295 2150 3353 extensos

2320 3282 2399 3342 Γ’.
2436 3284 2565 3341 Τὸτε
2627 3282 2820 3358 τοίνυν,
2882 3279 2943 3336 ἐκ
3001 3279 3269 3359 τεσσάρων
3322 3280 3521 3338 κελεύει
3553 3280 3899 3352 διαταθέντας

506 3397 616 3460 per
636 3386 822 3442 totum
856 3395 1075 3456 corpus
1104 3376 1286 3456 virgis
1317 3375 1486 3436 caedi.
1535 3375 1627 3437 llli
1660 3385 1861 3439 autem
1897 3397 2032 3439 cum
2063 3388 2150 3440 to-

2237 3373 2450 3445 αὐτοὺς,
2512 3370 2627 3427 καθ’
2687 3368 2811 3427 ὅλου)
2870 3367 3215 3447 ραϐδίζεσθαι.
3256 3370 3316 3426 Οί
3375 3367 3428 3425 δὲ
3478 3371 3569 3427 τὸν
3622 3378 3741 3428 νοῦν
3769 3372 3898 3432 ὅλον

506 3478 625 3530 tam
650 3476 911 3530 mentem
935 3468 1005 3527 ad
1027 3465 1215 3527 Deum
1229 3465 1717 3533 sustulissentjta
1740 3467 1937 3529 allecti
1957 3478 2147 3550 erant,

506 3576 642 3619 cum
676 3557 854 3636 virgis
885 3555 1281 3628 caederentur,
1324 3554 1572 3633 perinde
1602 3573 1669 3616 ac
1710 3555 1758 3617 si
1791 3556 2152 3636 patientibus

505 3647 639 3710 aliis
694 3647 802 3726 ipsi
835 3645 1117 3707 adessent
1175 3652 1565 3724 spectatores.
1602 3643 1922 3726 Propterea
1956 3647 2154 3728 plagas

506 3735 751 3814 quidem
781 3732 1164 3813 negligebant
1198 3753 1211 3794 :
1244 3734 1607 3794 conveniens
1636 3744 1832 3795 autem
1856 3737 2153 3799 canticum

506 3825 581 3888 ad
606 3825 795 3887 Deum
831 3822 1190 3904 psallebant,
1226 3822 1532 3885 dicentes:
1577 3848 1602 3878 ιι
1630 3824 1847 3888 Vidisti
1879 3825 2151 3904 Domine,

507 3932 585 3977 ne
617 3913 814 3988 sileas,
836 3924 895 3974 et
915 3931 992 3974 ne
1023 3911 1294 3974 discedas
1317 3931 1348 3973 a
1373 3912 1634 3977 nobis!»
1675 3914 1902 3977 Deinde
1925 3919 2025 3996 qui
2050 3937 2154 3979 eos

505 4002 865 4083 torquebant
920 4003 1183 4074 lictores,
1218 4002 1487 4064 defessos
1538 4003 1687 4082 jam,
1726 4006 1881 4085 quod
1929 4006 2156 4069 diutius

506 4094 982 4173 producerentur
1019 4100 1330 4167 tormenta,
1369 4093 1471 4154 alii
1512 4103 1785 4157 recentes
1820 4096 2146 4176 excipiunt.

506 4183 652 4247 Cum
677 4191 873 4246 autem
900 4184 1077 4259 hanc,
1107 4202 1239 4265 quae
1262 4191 1389 4245 erat
1412 4202 1593 4264 supra
1627 4185 2158 4259 hominem,vidis-

502 4281 889 4354 settyrannus
914 4282 1236 4353 martyrum
1261 4273 1845 4353 tolerantiam,eteos
1874 4284 2156 4356 tanquam

500 4362 682 4426 inane
727 4364 1036 4444 quidpiam
1098 4363 1256 4423 ferre
1308 4363 1514 4441 plagas
1546 4363 1697 4423 citra
1743 4365 2038 4446 dolorem,
2098 4366 2158 4427 in

502 4453 816 4516 maximam
833 4452 1123 4513 adductus
1136 4451 1594 4513 admirationem
1614 4461 1674 4514 et
1692 4464 2006 4534 correptus
2021 4474 2125 4517 ver
2140 4492 2149 4502 -

504 4542 713 4621 tigine,
744 4540 942 4602 statim
966 4540 1123 4604 cadit
1151 4539 1427 4620 supinus,
1456 4542 1604 4603 adeo
1640 4551 1724 4619 ut,
1759 4545 1861 4624 qui
1886 4546 2151 4620 aderant,

2234 3464 2364 3542 πρὸς
2423 3462 2553 3517 Θεὸν
2602 3458 2991 3532 ἀνατείναντές,
3044 3458 3183 3515 οὕτω
3260 3457 3516 3517 διέκειντο
3575 3460 3890 3539 ραϐδίζόμε-

2234 3576 2336 3626 νοι,
2400 3552 2580 3627 ὧσπερ
2633 3549 2812 3606 ἄλλων
2875 3548 3194 3629 πασχόντων
3245 3550 3389 3607 αὺτοὶ
3444 3552 3627 3607 θεαταί
3671 3553 3893 3630 γινόμεο

2239 3666 2339 3704 νοι,
2379 3642 2477 3696 Διὰ
2507 3648 2670 3697 ταῦτα
2716 3645 2823 3695 τῶν
2882 3638 2981 3712 μὲν
3042 3637 3267 3717 πληγῶν
3325 3639 3581 3716 ἠμέλουν,
3837 3641 3893 3700 δὲ

2239 3731 2433 3788 οἰκείαν
2480 3732 2611 3809 πρὸς
2671 3730 2802 3785 Θεὸν
2858 3727 3114 3804 ἔψαλλοψ
3162 3728 3342 3809 Εἶδες,
3408 3730 3585 3809 Κύριε,
3641 3730 3893 3811 λέγοντες

2238 3823 2327 3880 καὶ
2409 3820 2486 3896 μὴ
2546 3820 2972 3898 παρασιωπήσῃς
3007 3864 3021 3893 ,
3106 3820 3283 3896 Κύριε,
3345 3819 3424 3887 μὴ
3497 3819 3742 3898 ἀποστῇς
3800 3823 3898 3904 ἀφ’

2236 3915 2417 3986 ἡμῶν,
2465 3914 2600 3968 Εἶτα
2672 3910 2792 3971 τοὺς
2864 3909 3159 3978 αἰκίζοντας
3243 3907 3465 3981 δημίοσς
3547 3913 3896 3986 κεκμηκότας

2239 4002 2343 4070 ἢδη
2402 4006 2469 4076 τῇ
2516 4000 2807 4077 παραπείσει
2879 3998 2987 4053 τῶν
3043 3997 3353 4078 αἰκισμῶν,
3411 3997 3650 4072 ἀκμῆτες
3725 3999 3896 4079 ἕτεροι

2242 4088 2599 4168 διαδέχονται.
2645 4085 2733 4147 Ὀς
2784 4085 2837 4142 δὲ
2893 4094 2991 4153 τὴν
3040 4084 3175 4164 ὅπερ
3218 4086 3492 4163 ἄνθρωπον
3546 4090 3740 4157 ταὺτην
3789 4098 3901 4147 τῶν

2245 4180 2491 4245 ἀθλητων
2550 4177 2825 4253 καρτερίαν
2885 4179 2912 4231 ὃ
2969 4175 3217 4253 τύραννος
3273 4176 3457 4233 ἐθεᾶτο
3491 4224 3507 4252 ,
3569 4182 3657 4236 καὶ
3712 4179 3895 4261 ὣσπερ

2244 4292 2293 4326 τι
2338 4274 2447 4323 τῶν
2502 4265 2733 4345 ἀψύχων
2792 4264 3110 4343 ἀναλγήτως
3164 4266 3258 4329 τὰς
3315 4264 3525 4344 πληγὰς
3616 4268 3899 4349 φέροντας,

2240 4355 2470 4432 θάμϐους
2531 4354 2733 4414 πολλοῦ
2785 4361 2883 4422 τῆν
2955 4356 3165 4435 ψυχὴν,
3241 4358 3332 4412 καὶ
3388 4356 3502 4431 ἁμα
3581 4358 3901 4427 σκοτοδινης

2238 4445 2627 4521 ὑποπλησθεὶς,
2688 4448 2871 4506 ὕπτιος
2928 4446 3072 4506 εὐθὺς
3159 4445 3564 4528 καταφέρεται,
3625 4449 3699 4512 ὡς
3759 4449 3900 4507 ὑπο-

2241 4534 2428 4593 λαϐεῖν
2487 4535 2642 4592 αὒτὸν
2710 4537 2831 4599 τοὺς
2892 4536 3158 4614 παρόντας
3191 4535 3509 4594 ἀποθανεῖν.
3567 4536 3901 4609 Εἶτ’ἆνανή-

506 4638 784 4711 putarent
800 4648 938 4692 eum
955 4647 1090 4691 esse
1115 4630 1677 4696 mortuum.Deinde
1695 4621 1830 4694 cum
1850 4634 1921 4696 ad
1934 4652 1998 4695 se
2011 4635 2150 4696 red-

2242 4631 2347 4703 ψας
2405 4624 2564 4682 πᾶλιν
2621 4627 2708 4683 καὶ
2767 4624 2955 4681 ἑαυτοῦ
3029 4626 3341 4705 γενόμενος,
3402 4626 3445 4680 εἰ
3518 4627 3605 4682 καὶ
3674 4628 3753 4701 μὴ
3807 4635 3902 4685 τοῦ

505 4719 699 4796 iisset,
733 4719 874 4783 licet
904 4739 1022 4782 non
1052 4719 1126 4781 ad
1171 4720 1258 4794 id,
1289 4720 1445 4802 quod
1479 4722 1811 4802 oportebat,
1849 4731 1909 4786 et
1937 4724 2156 4786 verita-

506 4817 649 4890 tem,
668 4828 801 4873 cum
830 4828 901 4874 ex
929 4809 1300 4884 athletarum,
1328 4816 1459 4890 quae
1475 4814 1798 4891 superabat
1821 4813 2150 4885 hominem,

505 4898 819 4961 tolerantia
847 4909 1150 4979 oporteret
1178 4918 1313 4962 eum
1346 4901 1563 4963 deduci
1594 4902 1667 4962 ad
1704 4904 2007 4983 pietatem,
2042 4923 2153 4985 ap-

505 4988 703 5069 paruit
725 4988 826 5051 ille
853 4989 1041 5069 magis
1062 4988 1239 5051 abira
1269 4999 1607 5070 superatus,
1636 4999 1696 5051 et
1719 4990 1894 5070 jubet
1925 5000 2151 5073 marty-

505 5094 603 5142 res
634 5078 874 5140 funibus
917 5079 1156 5141 extendi
1188 5082 1246 5141 in
1296 5097 1458 5155 aere,
1494 5090 1551 5142 et
1581 5082 1779 5159 ignem
1823 5081 2033 5143 subter
2064 5084 2153 5145 eis

502 5167 1393 5247 accendi,utduplicitormento
1417 5188 1628 5233 eorum
1659 5171 1876 5232 animae
1890 5171 2151 5235 celerius

504 5266 912 5338 erumperent.
946 5258 1040 5321 Illi
1064 5267 1264 5321 autem
1285 5267 1494 5336 quovis
1521 5262 1679 5323 ferro
1707 5270 1766 5322 et
1794 5261 2005 5341 quovis
2036 5263 2149 5323 ad-

504 5354 740 5410 amante
754 5347 1336 5429 fortiores,tanquam
1359 5350 1433 5411 ad
1462 5359 1825 5412 tormentum
1849 5353 2154 5414 recentius

502 5438 677 5500 etiam
700 5438 1102 5502 recontiorem
1134 5447 1501 5502 ostentantes
1529 5441 2003 5516 tolerantiam,et
2033 5461 2151 5504 non

498 5527 564 5591 in
592 5526 821 5592 vivente
865 5545 1116 5609 corpore
1163 5538 1222 5592 et
1250 5529 1522 5592 dolorem
1579 5535 1902 5613 sentiente,
1939 5533 2043 5598 sed
2088 5532 2152 5594 in

577 5744 600 5789 ί
631 5742 787 5811 Psal.
823 5761 1021 5823 xxxrv,
1055 5747 1152 5812 22.

2246 4717 2603 4791 προσήκοντος
2660 4717 2748 4772 καὶ
2799 4720 2896 4782 τῆς
2954 4715 3229 4789 ἀληθείας,
3292 4713 3421 4772 δέον
3479 4715 3540 4773 ἐκ
3614 4721 3709 4784 τῆς
3768 4718 3902 4798 ὑπὲρ

2240 4806 2513 4884 ἄνθρωπον
2604 4808 2710 4862 τῶν
2819 4804 3066 4872 ἀθλητῶν
3159 4804 3436 4883 καρτερίας
3560 4804 3896 4884 ὁὸηγηθῆναι

2239 4899 2442 4974 μᾶλλον
2503 4897 2630 4977 πρὸς
2682 4895 2780 4963 τὴν
2837 4891 3128 4954 εὐσέϐειαν.
3167 4891 3224 4951 Ὀ
3288 4891 3342 4949 δὲ
3387 4896 3474 4951 καὶ
3529 4893 3694 4952 πλέον
3727 4896 3898 4977 ἐφάνη

2236 5012 2312 5048 τω
2361 4993 2509 5065 θυμῷ
2571 4984 2864 5061 νικώμενος
2918 4985 3003 5040 καὶ
3061 4981 3263 5039 κελεύει
3338 4985 3603 5063 σχοινίοις
3662 4987 3737 5051 εὶς
3797 4988 3894 5045 τὸν

2235 5080 2365 5159 ἆέρα
2422 5077 2729 5143 διαταθῆναι
2788 5074 2911 5137 τοὺς
2992 5072 3306 5151 μάρτυρας,
3374 5072 3472 5151 πῦρ
3528 5095 3587 5130 τε
3649 5076 3888 5133 κάτωθεν

2235 5172 2418 5233 αὐτοῖς
2462 5166 2842 5224 ὑποκαίεσθαι·
2878 5163 2950 5226 ὡς
3010 5161 3074 5217 ἀν
3129 5163 3206 5235 τῷ
3259 5159 3423 5237 διττῷ
3471 5167 3569 5230 τῆς
3626 5164 3894 5242 βασάνου,

2232 5261 2425 5340 τάχιον
2481 5252 2819 5333 ἀποῤῥήξωσι
2876 5251 2970 5315 τάς
3030 5251 3212 5330 ψυχάς
3253 5299 3267 5313 .
3327 5253 3389 5308 Οἱ
3434 5249 3490 5307 δέ
3539 5255 3628 5311 καὶ
3681 5252 3899 5335 σιδήρου

2235 5350 2432 5413 παντὸς
2506 5347 2595 5402 καὶ
2669 5340 2967 5418 ἀδάμαντος
3029 5340 3361 5419 ἰσχυρότεροι
3409 5390 3424 5416 ,
3500 5341 3680 5423 ὣσπερ
3758 5348 3894 5425 πρὸς

2238 5435 2546 5514 καινοτέραν
2614 5433 2843 5510 βάσανον
2874 5476 2893 5507 ,
2954 5430 3273 5508 καινοτέραν
3327 5430 3739 5511 ὶτιδεικνύμενοι
3807 5439 3896 5495 καὶ

2241 5533 2341 5598 τὴν
2397 5523 2696 5607 καρτερίαν,
2747 5522 2837 5579 καὶ
2893 5521 2989 5578 οὒκ
3039 5523 3098 5580 εν
3128 5520 3339 5597 σώματι
3381 5527 3537 5596 ζῶντι
3569 5526 3656 5584 καὶ
3705 5523 3893 5596 ὀδύνης
