4158 6500
306 431 360 497 i3
1196 432 1673 496 MARTYRIUM
1731 432 1793 496 S.
1838 426 2220 496 ACINDYNI
2261 424 2360 492 ET
2397 428 2805 494 SOCIORUM.

3626 428 3697 494 14

297 566 639 643 αἱτθινομένῳ
664 583 681 598 ⁸
720 566 849 625 ἀλλ’
910 570 965 624 ἒν
1023 588 1125 623 τινι
1190 566 1294 623 τῶν
1338 566 1567 647 ἀψύχων
1598 567 1696 634 τὴν
1724 566 1953 624 κόλασιν

2064 564 2296 645 [nudam
2356 564 2623 627 inanimo
2653 564 3015 647 supplicium
3066 565 3461 639 sustinentes,
3495 566 3694 648 ipsum

295 657 659 732 ὖπομὲνοντες,
737 659 913 724 αὒτῆς
972 656 1069 732 μὲν
1112 654 1347 730 ἠμέλουν
1385 705 1399 731 ,
1433 659 1565 734 πρὸς
1640 656 1811 736 εὐχὴν
1894 656 1949 713 δὲ

296 749 363 803 καὶ
419 745 680 823 γλῶσσαν
765 746 991 827 ἔτρεπον
1051 747 1137 802 καὶ
1212 744 1471 802 διάνοια-ι·

2034 653 2274 734 quidem
2309 654 2693 734 negligebant
2725 674 2740 717 :
2775 654 2847 716 ad
2908 673 3117 736 preces
3148 672 3288 717 vero
3339 655 3598 736 linguam
3634 662 3699 719 et

1551 745 1614 804 ’0
1671 747 1949 825 φωτισμὸς
2034 752 2297 807 mentem
2329 744 2773 818 convertebant,
2799 745 3071 807 dicentes
3095 765 3114 806 :
3142 745 3257 818 Qui
3288 764 3355 808 es
3383 745 3699 809 illumina-

298 838 450 912 ἡμῶν,
516 838 806 915 Λέγοντες,
849 838 1041 917 Χριττὶ
1095 839 1122 893 ὁ
1168 839 1296 902 Θεὸς
1337 838 1522 911 ἡμῶνθ
1580 838 1607 893 ὁ
1678 833 1851 912 ὕϐρεις
1882 834 1952 893 δι’

2064 832 2116 896 io
2160 842 2381 910 nostra,
2413 835 2654 898 Christe
2683 834 2843 898 Deus
2876 842 3105 909 noster,
3167 838 3272 914 qui
3307 844 3551 917 propter
3583 853 3697 899 nos

293 931 415 1003 ἡμᾶς
465 927 741 1009 ἐνεγκὼν,
775 928 833 985 ἐν
901 926 1039 1002 ξύλῳ
1091 948 1148 983 τε
1206 928 1500 1001 τανυσθεὶς,
1532 928 1620 983 καὶ
1668 926 1799 1003 ὑπὲρ
1845 930 1952 984 τῶν

2064 940 2246 985 passus
2291 941 2355 986 es
2386 923 2657 1002 injurias,
2694 931 2753 987 et
2782 923 2845 987 in
2891 924 3053 1004 ligno
3084 923 3251 987 fuisti
3297 934 3607 1002 extensus,
3642 933 3702 987 et

292 1017 632 1099 ὼαιροῦντων
692 1040 756 1076 σε
830 1017 1281 1092 προσευξάμενος,
1346 1017 1715 1097 μακροθυμίας
1814 1016 1953 1094 ἡμῖν

2038 1021 2314 1092 precatus
2338 1031 2403 1075 es
2436 1033 2542 1089 pro
2571 1015 2664 1090 iis,
2698 1013 2800 1095 qui
2826 1021 2883 1076 te
2906 1014 3355 1096 interimebant,
3387 1015 3700 1097 patientiae

290 1110 369 1165 καί
424 1108 643 1189 ἀνοχῆς
706 1107 863 1186 ὄρους
916 1108 1202 1182 ὑποτιθεὶς,
1261 1105 1407 1163 ἔπιδε
1484 1108 1569 1164 ἐπὶ
1630 1108 1728 1175 τὴν
1801 1109 1958 1184 ἡμῶν

2064 1113 2097 1164 :t
2125 1103 2451 1165 tolerantiae
2481 1103 2724 1166 decreta
2771 1103 2946 1166 nobis
2979 1121 3347 1184 proponens,
3381 1105 3586 1186 aspice
3618 1106 3695 1167 ad

289 1199 599 1255 ειπείειωαίν
651 1219 714 1255 τε
774 1199 868 1255 καὶ
937 1199 1197 1272 κάκωσιν,
1260 1198 1346 1253 καὶ
1406 1196 1587 1262 ἐξελοῦ
1645 1199 1790 1274 ἡμᾶς
1852 1203 1959 1256 τῶν

2064 1192 2437 1254 iumilititem
2465 1200 2728 1254 nostram
2765 1199 2826 1254 et
2852 1191 3557 1265 afﬂictionem,etlibera
3589 1210 3701 1255 nos

294 1288 530 1345 ἐπινοιῶν
586 1293 689 1356 τῆς
750 1287 1093 1368 κακοτέχνου
1136 1287 1332 1353 ταύτης
1393 1294 1487 1343 του
1544 1287 1795 1364 τυράννου
1866 1294 1966 1364 ψυ-

297 1380 421 1457 χῆς.
451 1382 757 1453 Γνῷτῶσαν
790 1377 1018 1452 πάντες,
1066 1378 1145 1435 ὃτι
1178 1398 1237 1433 σε
1303 1374 1507 1457 ἔχομεν
1537 1379 1667 1433 Θεὸν
1700 1377 1755 1433 ἐν
1798 1379 1961 1444 οὖρα-

299 1480 406 1530 νοϊς
447 1468 625 1525 πάντα
676 1466 996 1544 ὃδνάμενον,
1030 1468 1118 1524 καὶ
1172 1469 1265 1523 τὸν
1296 1465 1534 1546 ἄναρχόν
1596 1487 1690 1524 σου
1737 1467 1962 1546 πατέρα,

301 1558 383 1614 καὶ
434 1559 495 1615 τὸ
555 1559 941 1636 προσκυνητδν
997 1558 1086 1613 καὶ
1142 1557 1407 1635 πανάγιον
1477 1557 1688 1633 [Ινέῦμά
1734 1580 1828 1617 σου
1892 1559 1964 1622 εἷς

305 1649 418 1708 τοὺς
448 1650 671 1714 αἰῶνας,
724 1646 932 1722 Ἀμὴν.

386 1736 470 1796 Δ’.
509 1739 691 1796 Ταῦτα
736 1736 928 1801 13:01:.-
991 1734 1322 1817 εὐξαμένοις,
1357 1737 1384 1792 ὁ
1420 1736 1604 1814 Κύριος
1631 1735 1685 1791 ἐν
1743 1743 1821 1811 τῷ
1854 1736 1970 1795 καθ’

307 1830 447 1903 ἡμᾶς
486 1824 621 1883 εἴδει
684 1826 991 1906 ἐπιφανεὶς,
1052 1823 1163 1882 λύει
1193 1825 1292 1887 μὲν
1344 1826 1406 1881 τά
1436 1822 1626 1901 δεσμοὶ,
1679 1827 1742 1882 τὸ
1782 1825 1837 1882 δὲ
1874 1835 1973 1906 πόρ

2049 1281 2593 1343 machinationibus
2647 1281 2923 1345 scelerati
2978 1283 3164 1344 animi
3211 1282 3392 1362 hujus
3445 1282 3703 1363 tyranni.

2048 1370 2254 1433 Sciant
2275 1389 2483 1433 omnes
2506 1390 2612 1433 nos
2638 1380 2694 1433 te
2716 1370 2942 1433 habere
2966 1369 3153 1434 Deum
3182 1372 3242 1433 in
3273 1372 3567 1453 coelis,qui
3592 1391 3706 1454 po-

2052 1468 2163 1523 test
2194 1460 2416 1540 omnia,
2464 1471 2520 1522 et
2549 1460 2650 1542 qui
2683 1471 2772 1523 est
2803 1460 2935 1524 sine
2999 1461 3325 1542 principio,
3385 1469 3551 1524 tuum
3586 1460 3702 1526 Pa-

2053 1558 2227 1630 trem,
2260 1559 2317 1612 et
2346 1550 2715 1612 adorandum
2748 1557 2917 1613 tuum
2948 1560 3006 1613 et
3034 1549 3481 1614 sanctissimum
3505 1548 3707 1632 Spiri-

2055 1648 2180 1701 tum
2213 1639 2273 1700 iu
2302 1641 2541 1702 saecula.
2589 1640 2810 1702 Amen.

2135 1728 2234 1794 IV.
2261 1728 2406 1792 Cum
2431 1730 2517 1792 sic
2549 1740 2751 1793 essent
2786 1731 3030 1811 precati,
3052 1731 3111 1793 in
3144 1740 3348 1794 nostra
3373 1731 3566 1794 forma
3595 1749 3707 1813 ap-

2059 1837 2272 1901 parens
2294 1819 2792 1900 Dominus,solvit
2811 1819 3053 1901 quidem
3081 1819 3350 1885 vincula:
3370 1821 3569 1899 ignem
3592 1838 3710 1882 au-

309 1916 547 1997 ὂροσίζει,
609 1916 797 1995 ὥσπερ
869 1916 1002 1974 ποτε
1072 1927 1191 1981 τοῖς
1248 1914 1304 1970 ἐν
1331 1914 1582 1994 Ἀσσυρίᾳ
1631 1918 1783 1974 παισί
1807 1935 1823 1949 ’
1884 1920 1973 1976 καὶ

2064 1918 2177 1972 tem
2196 1910 2738 1992 irrorat,quomodo
2765 1910 2968 1990 pueris
2991 1910 3132 1971 olim
3156 1910 3218 1971 in
3248 1909 3510 1992 Assyria;
3537 1920 3598 1973 et
3623 1910 3711 1972 sic

309 2007 469 2071 σ’ἷιτως
513 2005 572 2064 οῗ
599 2003 749 2085 ἅγιοι
796 2007 1028 2070 ἀπαθεῖς
1073 2007 1161 2061 καὶ
1191 2010 1346 2081 σῶοι,
1379 2004 1500 2061 κατ’
1550 2005 1674 2082 ὄψιν
1707 2013 1783 2082 τῷ
1812 2009 1975 2085 βασι.

305 2097 390 2155 λεί
453 2096 822 2177 παρέστησαν,
891 2096 953 2154 Ὀ
985 2094 1040 2151 δὲ
1072 2098 1253 2175 παχῦς
1309 2093 1384 2151 ὢν
1431 2093 1624 2171 κομιδῆ
1658 2097 1749 2154 καὶ
1806 2099 1972 2156 ἀσύν-

305 2208 439 2267 ετος,
499 2184 619 2245 οὔτε
669 2193 751 2261 τῷ
781 2182 1067 2260 παραδόξῳ
1124 2182 1487 2262 καταπλαγεὶς
1551 2191 1644 2242 τοῦ
1674 2186 1964 2266 θεαίματος,

305 2274 418 2334 οὔτε
445 2277 555 2334 τῶν
612 2275 904 2355 μαρτύρων
957 2276 1056 2343 τὴν
1103 2273 1317 2356 ἄμαχον
1373 2276 1654 2356 καρτερίαν
1702 2275 1969 2347 δυσωπη-

305 2367 429 2432 θείς¹
486 2367 552 2424 Τί
591 2367 751 2446 ὑμῖν,
812 2364 943 2446 ἔφη,
977 2364 1153 2439 δοκεῖ,
1212 2367 1341 2445 πρὸς
1397 2363 1568 2441 ὄνομα
1612 2368 1833 2433 τούτους
1869 2392 1964 2427 δια-

308 2456 463 2523 λέσας
491 2475 509 2530 ;
538 2457 624 2533 ἆρ’
684 2455 911 2512 ἒπέισαν
969 2456 1108 2533 ὑμᾶς
1166 2456 1217 2512 αἱ
1276 2457 1458 2534 μικραὶ
1504 2464 1658 2513 αῦται
1715 2457 1964 2536 βάσανοι,

312 2546 610 2614 ἀποστῆναι
659 2546 761 2622 μὲν
817 2549 918 2613 τῆς
961 2541 1302 2622 πανωλέθρου
1357 2543 1567 2612 πλάνης
1621 2548 1796 2627 ὑμῶν,
1829 2547 1969 2614 εἶξαι

315 2637 365 2691 δὲ
418 2648 538 2701 τοῖς
587 2632 879 2714 ἡμετέροις
949 2635 1362 2711 θεσπίσμαστν;
1410 2631 1498 2692 ’Ἢ
1558 2633 1634 2691 ἔτι
1720 2636 1971 2712 ἐμμένειν

316 2725 557 2801 βούλεσθε
612 2727 682 2801 τῇ
731 2726 941 2805 ἀπάτῃ,
973 2724 1099 2789 ταῖς
1148 2726 1294 2800 ὑμῶν
1351 2725 1622 2803 γοητείαις
1678 2724 1971 2805 ἐπιθαρῥειν

317 2816 534 2897 ἔχοντες
570 2837 587 2895 ς
630 2806 692 2873 Ὀ
749 2814 1014 2894 μακάριος
1073 2811 1370 2877 Ἀκίνδύνος
1434 2814 1777 2896 ἀπεκρίνατο,
1825 2822 1970 2885 Pon-

316 2905 457 2971 τείας
534 2904 639 2981 μὲν
695 2900 815 2961 οὔτε
869 2902 1033 2978 ἴσμεν
1058 2951 1075 2984 ,
1122 2901 1238 2960 οὔτε
1333 2903 1454 2960 ποτὲ
1527 2905 1917 2980 μεμαθὴκαμεν
1951 2952 1967 2979 ,

318 2996 433 3053 οὗτε
463 2993 830 3076 φενακισμοῖς
864 2993 1122 3057 τοιούτοις
1186 2994 1355 3067 ἡμεῖς
1413 2992 1790 3071 ἐχρησάμεθα,
1826 2992 1979 3051 Ἀλλ’

319 3084 437 3142 ἐπεὶ
509 3086 612 3151 τὴν
670 3079 1070 3160 ἆνυπέρϐλητον
1129 3084 1220 3139 τοῦ
1281 3087 1411 3139 Θεοῦ
1462 3080 1704 3161 δύναμιν,
1751 3083 1840 3139 καὶ
1882 3084 1979 3146 τὰς

318 3175 444 3253 ὅπερ
501 3176 657 3255 φύσιν
745 3174 1091 3248 θεοσημείας,
1152 3173 1405 3251 γοητείαν
1456 3182 1596 3226 εῖναι
1651 3168 1977 3245 ὑπολαμϐά-

319 3287 449 3338 νεις,
497 3264 762 3346 φαντασίᾳ
815 3283 896 3337 τε,
941 3263 1030 3319 καὶ
1085 3263 1178 3319 οὑκ
1206 3261 1427 3334 ἀληθείᾳ
1488 3268 1651 3318 ταῦτα
1715 3259 1970 3346 ὑπονοεῖς

316 3355 576 3433 γίνεσθαι,
643 3351 842 3415 ἄλαλος
899 3354 960 3408 τὸ
1005 3350 1199 3408 λοιπὸν
1254 3348 1378 3429 ἓσῃ,
1439 3350 1524 3405 καὶ
1582 3347 1680 3414 τὴν
1722 3345 1967 3425 γλῶτταν

313 3440 720 3519 πεπεδημένος,
750 3440 820 3498 ’ἶν’
856 3439 1067 3498 οἴκοθεν
1096 3443 1154 3496 τὸ
1200 3443 1482 3517 μαρτύριον
1517 3435 1653 3516 ἔχης
1714 3441 1817 3505 τῆς
1877 3446 1968 3496 τοῦ

314 3537 451 3593 Θεοῦ
503 3531 805 3607 δυνάμεως.
871 3529 1037 3609 Εἴπερ
1081 3537 1169 3587 οὖν
1226 3529 1398 3606 λέγειν
1466 3523 1766 3606 δεδύνησαι,
1824 3529 1964 3603 εἰπὲ,

317 3626 494 3688 ποίοις
556 3625 696 3697 ἡμᾶς
762 3621 995 3684 κελεύεις
1040 3621 1189 3677 θῦσαι
1232 3621 1375 3679 θεοῖς
1412 3634 1428 3691 ;
1465 3616 1562 3673 Καὶ
1592 3620 1686 3674 οὒκ
1713 3616 1780 3684 ἦν
1816 3620 1967 3696 φωνὴ

318 3717 408 3771 καὶ
453 3716 552 3772 οὒκ
579 3713 648 3779 ἦν
696 3710 946 3791 ἀκρόασις
974 3730 989 3747 ·
1024 3710 1142 3765 ἀλλ’
1186 3706 1374 3772 ἐπίσης
1427 3718 1546 3769 τοῖς
1608 3705 1769 3763 αὒτοῦ
1799 3710 1970 3783 θεοῖς,

322 3803 538 3885 ἄφωνος
594 3801 846 3880 διετέλει,
881 3802 1094 3873 νεύματι
1148 3793 1297 3885 μόνιρ
1351 3797 1412 3851 τὸ
1454 3799 1551 3862 τῆς
1596 3798 1782 3876 ψυχῆς
1841 3797 1974 3873 βού-

322 3882 476 3971 λημα
534 3893 900 3972 παραφαίνων.
962 3892 1037 3944 Οὔ
1081 3885 1181 3952 τὴν
1249 3882 1432 3941 ἄνοιαν
1489 3886 1537 3939 οἱ
1596 3887 1690 3972 τοῦ
1750 3893 1977 3967 Χριστοῦ

320 3982 647 4066 ἐλέγχοντές
674 3971 735 4038 τε
775 3980 857 4035 καὶ
886 3973 1325 4055 διαχλευάζοντες
1356 3975 1582 4054 ἔφασαν,
1619 3971 1975 4057 Ἀποχωροῠ-

324 4061 642 4151 με-οἷᾶὖτὸς
682 4070 738 4125 δὲ
769 4064 913 4124 οὐδὲν
944 4061 1052 4122 οὔδ’
1109 4062 1249 4128 ὅλως
1279 4061 1456 4141 λέγεις
1487 4064 1653 4141 ἡμῖν.

408 4164 494 4222 E’.
546 4154 1069 4238 Προσποιησλμένων
1119 4151 1173 4209 δὲ
1220 4159 1327 4211 τῶν
1386 4153 1552 4230 ἁγίων
1584 4154 1682 4222 τὴν
1747 4155 1978 4237 ἀναχώ-

327 4274 509 4335 ρησιν,
551 4248 762 4328 ἄφωνος
816 4242 881 4313 ’ἦν
954 4243 1155 4319 ὁμοίως
1210 4245 1237 4300 ὃ
1295 4241 1544 4319 βασιλεύς
1578 4261 1595 4279 ⁶
1655 4247 1799 4320 θαμὰ
1855 4247 1979 4311 τοῖς

323 4333 674 4421 περιεστῶσιν
731 4335 1062 4408 ἑνατενίζων,
1122 4334 1208 4390 καὶ
1266 4333 1487 4408 νεύμασι
1530 4334 1631 4401 τὴν
1672 4333 1780 4390 τῶν
1811 4335 1979 4414 ἁγίων

325 4429 595 4504 σύλληψιν
675 4423 1134 4499 διακελευόμενος.
1215 4430 1353 4481 Είτα
1423 4427 1528 4478 τῶν
1598 4424 1879 4502 ὑπηρετῶν
1949 4429 1980 4483 ὁ

325 4519 577 4599 βούλεται
650 4528 885 4573 συνεῖναι
935 4522 1015 4590 μὴ
1057 4510 1385 4593 δυναμένῶν,
1442 4514 1723 4589 ἡμιμανὴς
1800 4514 1982 4594 ὥσπερ

322 4607 416 4665 ὕπ’
469 4606 692 4685 ἀπορίας
721 4606 809 4661 καὶ
863 4607 1029 4679 θυμοῦ
1082 4602 1396 4680 γενόμενος,
1457 4604 1557 4669 τὴν
1613 4602 1868 4683 χλαμύδα
1924 4626 1983 4662 τε

2056 2000 2248 2063 sancti
2276 2000 2444 2063 illaesi
2477 2010 2535 2062 et
2565 2000 2707 2061 salvi
2736 1998 3009 2078 producti
3041 2007 3188 2062 sunt
3220 2001 3280 2061 in
3311 2005 3707 2081 conspectum

2052 2087 2357 2170 regilele
2389 2097 2588 2152 autem
2627 2107 2764 2151 cum
2810 2096 2968 2151 esset
2997 2088 3167 2150 valde
3198 2106 3441 2151 crassus
3466 2098 3526 2151 et
3550 2087 3708 2150 insi-

2054 2180 2449 2261 piens,neque
2478 2177 2815 2240 admirabili
2847 2177 3190 2258 spectaculo
3224 2177 3701 2259 obstupefactus,

2052 2286 2248 2351 neque
2283 2282 2603 2349 martyrum
2635 2268 2852 2330 invicta
2909 2277 3105 2330 motus
3151 2269 3433 2347 patientia
3465 2290 3478 2328 :
3521 2268 3707 2343 Quid,

2053 2359 2265 2441 inquit,
2289 2358 2457 2420 vobis
2489 2358 2810 2433 videretur,
2830 2374 2941 2419 eos
2968 2357 3290 2438 appellans
3322 2358 3706 2432 nominatim,

2053 2467 2196 2511 num
2230 2449 2356 2511 haec
2383 2447 2548 2513 vobis
2580 2465 2754 2529 parva
2785 2454 3215 2529 persuaserunt
3244 2457 3536 2512 tormenta
3581 2456 3647 2510 ut
3678 2465 3714 2510 a

2057 2540 2316 2620 pretioso
2344 2537 2584 2620 quidem
2633 2544 2827 2599 vestro
2860 2554 3070 2599 errore
3097 2537 3446 2615 discedatis,
3485 2537 3710 2602 nostris

2054 2638 2252 2691 autem
2282 2629 2496 2691 edictis
2525 2626 2782 2690 cedatis?
2800 2646 2875 2688 an
2906 2625 3103 2689 adhuc
3129 2627 3307 2691 vultis
3336 2645 3705 2709 permanere

2053 2719 2118 2781 in
2139 2736 2365 2794 errore,
2393 2717 2601 2780 vestris
2632 2715 2766 2778 freti
2797 2715 3122 2793 praestigiis
3146 2722 3175 2779 ?
3199 2715 3531 2799 Respondit
3566 2717 3715 2781 bea-

2056 2816 2149 2872 tus
2178 2807 2553 2889 Acindynus:
2592 2804 2925 2883 Prmstigias
2954 2805 3198 2884 quidem
3233 2825 3433 2888 neque
3462 2807 3710 2884 scimus,

2055 2916 2251 2980 neque
2280 2913 2540 2977 unquam
2582 2894 2925 2968 didicimus,
2980 2912 3181 2976 neque
3244 2916 3508 2978 unquam
3576 2897 3715 2960 tali-

2062 2988 2174 3051 bus
2232 2988 2322 3049 usi
2370 3002 2576 3048 sumus
2663 2983 3032 3065 tmposturis.
3092 2984 3210 3047 Sed
3272 2986 3552 3068 quoniam
3605 2986 3717 3050 Dei

2061 3083 2222 3140 vires
2275 3071 2737 3155 insuperabiles,
2786 3080 2845 3134 et
2875 3092 3007 3155 qua:
3036 3081 3174 3135 sunt
3203 3093 3388 3156 supra
3438 3085 3711 3139 naturam

2061 3164 2231 3244 signa
2257 3162 2482 3237 divina,
2520 3170 2691 3243 putas
2721 3180 2858 3225 esse
2891 3163 3241 3243 praestigias,
3275 3165 3629 3246 visioneque
3652 3175 3719 3230 et

2061 3272 2181 3316 non
2203 3270 2410 3316 revera
2424 3255 2548 3314 haec
2570 3251 2701 3314 fieri
2714 3252 3188 3334 suspicaris,eris
3205 3254 3495 3336 deinceps
3513 3264 3715 3319 mutus

2054 3351 2113 3406 et
2142 3344 2348 3423 lingua
2375 3341 2802 3422 impeditusmt
2829 3361 2899 3405 ex
2917 3343 3106 3423 teipse
3122 3344 3531 3409 testimonium
3556 3346 3718 3408 feras

2052 3432 2161 3496 Dei
2182 3431 2445 3495 virtutis.
2472 3430 2533 3494 Si
2566 3440 2732 3512 potes
2758 3449 2899 3510 ergo
2936 3431 3164 3516 dicere,
3188 3433 3310 3506 dic,
3348 3433 3711 3512 quibusnam

2051 3523 2166 3586 diis
2199 3541 2307 3585 nos
2347 3522 2528 3602 jubes
2574 3520 2912 3584 sacriﬁcare
2940 3528 2969 3585 ?
3008 3523 3140 3586 Non
3171 3532 3299 3585 erat
3345 3533 3543 3587 autem
3569 3543 3700 3596 vox,

2053 3630 2248 3694 neque
2280 3611 2641 3686 auditio,sed
2671 3619 2803 3673 erat
2827 3620 3047 3691 mutus,
3072 3631 3193 3675 non
3225 3631 3402 3675 secus
3431 3622 3609 3696 atque
3630 3615 3716 3677 dii

2059 3703 2214 3783 ejus,
2241 3701 2366 3764 solo
2414 3710 2558 3763 nutu
2592 3700 2865 3762 indicans
2890 3702 3077 3762 animi
3106 3703 3497 3767 voluntatem.
3523 3707 3714 3784 Cujus

2059 3791 2380 3855 amentiam
2407 3790 2625 3854 Christi
2645 3790 2802 3852 servi
2819 3799 3139 3867 arguentes
3169 3798 3229 3853 et
3256 3792 3718 3875 irridentes,di-

2061 3882 2276 3946 cebant
2307 3899 2320 3944 :
2346 3879 2737 3960 Recedimus,
2773 3887 2833 3941 tu
2863 3888 3062 3943 autem
3092 3880 3239 3942 nihil
3262 3880 3437 3945 nobis
3469 3888 3721 3947 omnino

2065 3971 2216 4034 dicis
2232 4017 2245 4031 .

2146 4152 2215 4212 V.
2242 4149 2386 4213 Cum
2408 4160 2607 4211 autem
2624 4150 2935 4213 ﬁnxissent
2963 4153 3153 4214 sancti
3177 4170 3243 4216 se
3272 4155 3723 4228 recedere,erat

2063 4257 2168 4305 rex
2203 4249 2400 4302 mutus
2430 4239 2943 4315 similiter,crebro
2975 4240 3243 4320 defigens
3267 4244 3476 4306 oculos
3501 4244 3565 4306 in
3592 4262 3721 4325 eos,

2064 4331 2168 4414 qui
2196 4330 2803 4413 cnrcumsistebant,et
2827 4340 2974 4392 nutu
2993 4332 3317 4410 jubens,ut
3339 4334 3535 4396 sancti
3562 4351 3728 4395 com-

2063 4419 2987 4503 prebenderentur.Deindecum
3003 4420 3265 4483 ministri
3281 4423 3444 4500 quod
3463 4421 3722 4505 volebat,

2065 4530 2188 4574 non
2210 4517 2451 4591 possent
2481 4510 2839 4589 intelligere,
2864 4528 2986 4591 prae
3007 4511 3096 4572 ira
3126 4519 3184 4573 et
3230 4511 3601 4575 dubitatione
3631 4512 3726 4575 ef—

2068 4601 2260 4664 fectus
2284 4599 2706 4675 semiinsanus,
2742 4601 2903 4681 rupit
2933 4600 3329 4682 chlamydem,
3376 4612 3437 4664 et
3467 4601 3532 4665 id
3565 4602 3727 4684 quod

329 4695 641 4777 περιὲῥρηξε
675 4740 690 4768 ,
752 4697 840 4751 καὶ
923 4692 952 4749 ὅ
1000 4692 1211 4770 λέγεται
1291 4689 1643 4769 βιϐλατώριον
1725 4695 1799 4759 εἰς
1884 4700 1975 4774 γῆν

2076 4689 2478 4753 ﬁbulatorium
2511 4689 2753 4764 dicitur,
2789 4689 2956 4753 humi
2985 4690 3319 4770 disjecit,et
3349 4693 3435 4753 sic
3462 4709 3592 4765 eos,
3627 4693 3731 4773 qui

331 4786 618 4866 ἀπέρριψε,
674 4786 763 4841 καὶ
819 4784 955 4841 οὔτω
997 4784 1118 4848 τοὺς
1167 4786 1438 4861 παρόντας
1500 4784 1577 4847 εἰς
1623 4782 1811 4840 οἶκτον
1869 4784 1985 4850 ἑξε-

334 4877 587 4940 καλεϊτο,
636 4876 696 4935 0i
754 4872 809 4931 δὲ
864 4881 956 4931 τοῦ
1012 4879 1239 4953 Χριστοῦ
1276 4872 1622 4951 στρατιῶται,
1684 4877 1872 4940 αὐτοὺς
1930 4895 1989 4931 τε

333 4970 424 5026 καὶ
453 4969 549 5025 τὸν
570 4966 823 5045 τύραννον
855 4969 951 5032 τῆς
1002 4962 1179 5026 ἀνοίας
1209 4963 1703 5043 κατοικτισάμενοι,
1736 4963 1821 5019 ’Ὠ
1871 4986 1988 5031 πη-

340 5059 557 5139 ρώσεως
605 5055 920 5134 ἀνθρώπων,
952 5053 1156 5134 ἔφησαν
1189 5068 1204 5083 ⁶
1254 5051 1336 5109 ὅτι
1394 5052 1605 5119 ἑκόντες
1633 5057 1755 5118 τοὺς
1786 5053 1989 5129 ὅφθαλ-

343 5151 476 5223 μοῦς
557 5145 947 5223 καταμύοντες,
1003 5143 1064 5200 οὗ
1144 5140 1423 5219 βούλονται
1495 5142 1625 5221 πρὸς
1680 5144 1743 5200 τὸ
1799 5142 1998 5225 φέγγος

341 5238 583 5296 ἀτενίσαι
642 5239 745 5303 τῆς
800 5232 1078 5301 ἀληθείας.
1137 5230 1304 5289 Ἀλλὰ
1345 5230 1629 5303 διάνοιξον,
1697 5236 1875 5311 Κύριε,
1932 5235 1997 5290 τὰ

343 5327 564 5405 ὄμματα
603 5330 709 5394 τῆς
766 5321 982 5403 καρδίας
1067 5322 1237 5380 αὒτῶν
1271 5370 1289 5402 ,
1350 5322 1488 5378 ὣστε
1549 5322 1687 5402 φωτὶ
1740 5328 1841 5390 τῆς
1900 5327 1999 5400 σῇς

346 5417 595 5498 γνώσεως
649 5411 1104 5495 περιαϋγασθῆναι
1142 5460 1158 5493 ,
1220 5416 1310 5469 καὶ
1371 5413 1702 5479 κατανοῆσαι
1787 5412 1856 5471 τὰ
1937 5414 2006 5469 σὰ

346 5509 637 5585 θαυμάσια,
698 5506 787 5563 καὶ
843 5504 910 5561 τὸ
1008 5501 1379 5582 προσκύνητον
1434 5522 1529 5558 σου
1622 5498 1836 5567 δοξάσαι
1915 5503 2004 5558 καὶ

2075 4780 2347 4860 aderant,
2379 4779 2625 4842 vocabat
2655 4782 2725 4841 ad
2761 4779 3492 4844 misericordiam.Christi
3529 4792 3731 4845 autem

2076 4871 2296 4932 milites
2349 4880 2409 4931 et
2460 4870 2622 4951 ipsos
2678 4880 2738 4932 et
2795 4879 3109 4950 tyrannum
3175 4870 3441 4934 miserati
3494 4881 3736 4953 propter

2074 4958 2474 5040 amentiam,0
2500 4960 2809 5022 hominum
2839 4961 3164 5023 caecitatem
3198 4960 3213 5023 !
3238 4961 3542 5042 dixerunt,
3566 4962 3733 5045 quod

2081 5067 2187 5112 sua
2214 5059 2427 5130 sponte
2446 5049 2793 5112 claudentes
2816 5049 3276 5132 oculos,intueri
3300 5051 3519 5117 nolunt
3539 5051 3736 5117 lucem

2080 5138 2492 5204 veritatis.Sed
2520 5140 2995 5222 aperi,Domine,
3021 5143 3229 5204 oculos
3258 5143 3463 5205 cordis
3493 5160 3733 5218 eorum,

2082 5238 2147 5291 ut
2175 5228 2590 5292 illuminentur
2619 5229 2757 5291 luce
2787 5230 2894 5292 Dei
2915 5232 3298 5310 cognitionis,
3326 5242 3386 5295 et
3418 5241 3515 5295 tua
3536 5233 3739 5295 consi-

2084 5320 2297 5382 derent
2327 5320 2629 5395 miracula,
2681 5328 2738 5381 et
2767 5321 3136 5384 adorandum
3170 5330 3230 5384 et
3258 5331 3533 5386 sanctum
3570 5331 3736 5386 tuum

2090 5428 2310 5472 nomen
2331 5411 2691 5490 signiﬁcent.
2717 5409 2863 5473 Cum
2884 5413 3010 5474 hmo
3032 5420 3232 5474 autem
3259 5421 3462 5475 essent
3484 5413 3736 5493 precati,

2091 5500 2181 5563 eis
2207 5509 2454 5582 apparet
2482 5502 2776 5563 exercitus
2791 5503 3429 5583 angelorum,quorum
3460 5502 3745 5584 splendo-

346 5599 606 5680 πανάγιον
651 5598 850 5673 ὄνομα,
916 5600 1094 5651 Ταῦτα
1137 5589 1191 5648 δὲ
1250 5592 1424 5648 άῦτῶν
1481 5588 1804 5669 εὐξαμένων,
1837 5611 1975 5671 στρα

2086 5606 2217 5651 rem
2242 5589 2402 5653 ferre
2433 5608 2553 5652 non
2583 5590 2871 5680 valentes,
2893 5590 2996 5671 qui
3026 5591 3210 5653 oculis
3262 5591 3480 5680 animm
3511 5590 3741 5668 caliga-

349 5691 437 5755 τὸς
476 5677 657 5758 αὐτοῖς
708 5684 1014 5770 amttqu
1072 5682 1424 5762 επιφαίνεται,
1478 5681 1555 5770 ὧν
1610 5683 1711 5749 τὴν
1753 5680 1975 5764 λαμπρά

2091 5677 2255 5756 bant,
2286 5680 2453 5743 humi
2482 5679 2854 5770 ceciderunt.
2877 5680 3077 5770 Sancti
3103 5697 3244 5770 vero
3274 5699 3408 5745 cum
3449 5679 3558 5743 Dei
3587 5694 3739 5739 con-

350 5800 478 5854 τητα
530 5784 577 5844 οι
632 5782 735 5848 τὰς
759 5767 769 5770 ’
791 5767 971 5857 κὸρας
1028 5776 1128 5841 τῆς
1192 5776 1380 5853 ψῠχῆς
1435 5767 1872 5848 ἀμϐλυώττοντες
1932 5794 1975 5849 μ

2095 5776 2339 5831 suetum
2384 5769 2713 5835 sensissent
2764 5769 3075 5845 auxilium,
3109 5768 3166 5833 ei
3199 5770 3550 5841 obtulerunt
3602 5780 3739 5842 gra-
