4158 6420
286 325 354 391 21

1216 332 1686 397 MARTYBIUM
1737 332 1799 396 ὃ.
1843 334 2220 400 ACINDYNI
2260 340 2361 402 ET
2404 330 2812 401 SOCIORUM.

3629 334 3706 402 22

293 486 454 544 ματος
506 461 831 546 ἐκπλαγεὶς,
899 464 1091 546 Μέγας
1171 470 1199 524 ὃ
1260 469 1388 532 Θεὸς
1444 471 1548 525 τῦν
1597 474 1991 547 Χριστιανῶν,έ

2051 470 2306 547 pefactus
2335 471 2700 554 spectaculo,
2728 470 3110 532 exclamavit:
3140 470 3390 551 Magnus
3421 479 3514 534 est
3539 470 3706 536 Deus

300 555 575 625 ἀνεεόησε·
662 558 993 635 Χριστιανόν
1073 580 1132 614 τε
1209 559 1396 615 ἑαυτὸν
1483 557 1789 638 ἀνεκήρυξε,
1876 561 1963 616 καὶ

301 651 430 729 πρὸς
486 649 576 705 τὸν
636 649 923 725 τύραννον·
1001 637 1291 720 ἰὶμότατε,
1352 649 1594 728 εἴρηκεν,
1659 648 1759 713 ἕως
1780 637 1799 667 ν“
1819 649 1958 713 τίνος

302 754 419 804 τοῖς
476 740 862 818 προστάγμασι
919 760 1016 794 σου
1066 740 1420 819 κατατρύχεις
1473 741 1643 812 ἡμᾶς,
1676 739 1961 806 ἀνηνύτοις

309 830 611 910 ἐπιχειρεῖν
666 826 1158 908 διακελευόμενοςς
1226 820 1397 897 Ἠμᾶς
1450 829 1548 907 γὰρ
1607 827 1811 903 μᾶλλον
1844 831 1962 894 τοὺς

307 922 390 978 σοὶ
439 919 690 977 εἴκοντας
734 918 771 986 ἢ
802 919 921 981 τοὺς
974 926 1068 976 το)
1116 921 1340 993 Χριστοῦ
1389 919 1649 996 μάρτυρας
1707 919 1960 997 πάσχον-

308 1032 404 1074 τας
463 1012 700 1087 ὁρῶμεν.
734 1001 793 1066 Ὀ
836 1007 890 1065 δὲ
934 1010 1184 1085 τύραννος
1246 1015 1319 1082 τῷ
1368 1007 1538 1082 ἀθρόῳ
1566 1008 1663 1075 τῆς
1724 1005 1959 1081 μεταϐο-

310 1099 412 1167 λῆς
481 1099 643 1156 αὖτού
698 1097 1095 1178 διαταραχθεὶς,
1157 1098 1374 1176 κρύπτει
1440 1098 1537 1170 μὲν
1602 1098 1724 1176 παρ’
1788 1100 1961 1170 ἐαυτῷ

309 1192 412 1259 τὴ)
485 1191 673 1269 ὀργὴν·
757 1190 1036 1267 πραότητα
1113 1187 1168 1244 3's
1251 1190 1575 1266 ὑποκριῦεὶς,
1649 1190 1781 1265 πρὸς
1869 1191 1960 1245 τόν

311 1280 592 1359 ’Λςρίὶόνιον
661 1282 835 1355 (τοῦτο
890 1278 990 1357 γαρ
1049 1280 1113 1347 ἧν
1170 1276 1339 1353 ὄνομα
1399 1284 1475 1351 τῷ
1531 1277 1900 1356 πιστεύσαντι)
1949 1301 1959 1310 ’

312 1370 578 1437 Φώνησον
627 1368 840 1449 αύτοῖκ,
886 1368 1011 1448 ἔφη,
1051 1369 1244 1448 τάχιον
1294 1374 1399 1424 τῶν
1451 1366 1693 1438 λεϐήτων
1735 1368 1959 1430 basis).-

314 1465 455 1522 θεῖν,
508 1460 570 1518 Οὶ
616 1458 671 1515 δὲ
703 1465 833 1514 σῶοι
883 1458 1119 1533 ⁴ςσθεὶπερ
1174 1458 1235 1515 ἐκ
1290 1459 1521 1538 χωνεῖα;
1553 1459 1752 1538 χρυσὸς
1813 1459 1961 1523 εύῧὺς

2047 561 2540 624 Christianorum.
2576 560 2916 640 Ettyranno
2940 559 3128 623 dixit:
3183 558 3231 624 Ο
3285 561 3707 624 crudelissime

2047 669 2361 733 quousque
2395 653 2508 713 tuis
2522 649 2710 731 jussis
2734 669 2840 711 nos
2864 650 3289 731 vexas.jubens
3317 669 3428 713 nos
3463 650 3707 730 aggredi

2046 758 2138 807 ea.
2167 760 2298 822 quae
2322 740 2750 804 suntinutilia?
2782 742 2904 802 Nos
2928 740 3112 809 enim,
3141 741 3242 821 qui
3275 739 3377 802 tibi
3407 740 3705 816 cedimus,

2046 830 2317 893 videmus
2339 832 2456 911 pati
2478 832 2880 911 potius,quam
2906 830 3123 893 Christi
3148 838 3469 911 martyres.
3489 829 3713 912 Tyrano

2046 938 2156 980 nus
2186 928 2382 982 autem
2416 919 2801 983 conturbatus
2832 924 3149 998 repentina
3181 921 3313 999 ejus
3348 921 3706 994 mutatione,

2045 1007 2190 1069 iram
2236 1011 2474 1090 quidem
2508 1010 2667 1090 apud
2698 1028 2763 1071 se
2811 1009 2986 1085 celat,
3021 1010 3125 1070 sed
3161 1008 3679 1071 mansuetudinem

2042 1098 2328 1161 Simulans
2350 1100 2505 1177 apud
2527 1099 2937 1179 Aphthonium
2965 1099 3108 1178 (hoc
3126 1099 3288 1161 enim
3314 1106 3441 1160 erat
3471 1116 3695 1159 nomen

2047 1188 2126 1267 ei,
2161 1196 2251 1267 qui
2285 1189 2671 1267 crediderat):
2698 1187 2850 1250 Jube
2866 1207 2992 1262 eos,
3022 1188 3239 1268 inquit,
3266 1187 3387 1251 cito
3411 1188 3615 1267 egredi
3637 1204 3709 1251 ex

2046 1276 2360 1339 lehetibus.
2386 1278 2477 1340 Illi
2505 1297 2639 1340 vero
2660 1278 2828 1352 salvi,
2858 1296 2976 1339 non
2998 1295 3173 1339 secus
3197 1285 3374 1358 atque
3392 1296 3602 1338 aurum
3632 1295 3705 1340 ex

2044 1364 2309 1439 fornace,
2344 1376 2985 1447 repenteemergentes
3008 1367 3480 1428 accesseruntad
3510 1367 3705 1447 impe-

2045 1463 2332 1518 ratorem.
2383 1456 2675 1536 Egregius
2726 1466 2922 1517 autem
2976 1457 3380 1535 Aphthonius,
3425 1465 3707 1519 recenter

315 1547 623 1627 ἂναεύντες,
655 1555 732 1621 τῷ
785 1546 1000 1624 βασιλεῖ
1054 1547 1420 1625 παρᾶστησαν,
1487 1538 1543 1604 Ὀ
1603 1546 1786 1620 μέντοι
1836 1569 1964 1626 γεν-

2051 1556 2413 1626 compactam
2471 1547 2648 1609 fidem
2681 1547 2861 1607 veluti
2907 1546 3308 1607 confirmans:
3342 1546 3556 1607 Notum
3598 1543 3703 1608 tibi

315 1652 466 1699 ναϊος
550 1635 849 1717 Ἀροάνιος,
914 1639 973 1693 τὸ
1043 1639 1158 1712 περὶ
1232 1637 1329 1704 τὴν
1406 1633 1645 1692 ἀσέϐειαν
1704 1636 1960 1714 νεοπαγὲς

2051 1634 2144 1708 sit,
2172 1636 2387 1712 inquit,
2415 1655 2448 1696 o
2472 1654 2597 1710 rex,
2625 1636 2787 1715 quod
2820 1638 3006 1698 Deum
3038 1634 3252 1709 adoro,
3282 1652 3463 1714 quem
3499 1633 3706 1695 colunt

312 1728 494 1806 ὥσπερ
580 1727 961 1805 ἑπιιρατύνων·
1043 1726 1283 1783 Γνωστὸν
1341 1725 1479 1783 ἔστω
1550 1748 1656 1800 σει,
1720 1725 1960 1804 βασιλεῦ,

2051 1724 2392 1797 Christiani,
2429 1734 2485 1786 et
2515 1725 2572 1786 ei
2602 1726 2713 1786 soli
2744 1725 2961 1794 servio.
2999 1732 3059 1786 et
3092 1743 3185 1786 me
3221 1727 3312 1785 his
3344 1723 3572 1785 sanctis
3605 1723 3708 1785 ad-

314 1817 445 1897 ἓξη,
481 1816 565 1875 ὅτι
614 1819 707 1874 τὸν
760 1818 890 1873 Θεὸν
919 1817 977 1873 ὅν
1028 1825 1333 1892 Χριστιανοι
1384 1813 1619 1890 σέϐουσι,
1656 1823 1991 1895 προσκυνῶν

2051 1813 2368 1891 jungo.llle
2387 1822 2582 1876 autem
2611 1833 2819 1892 magna
2837 1814 2966 1894 ejus
2996 1813 3247 1875 audacia
3263 1821 3317 1874 et
3339 1812 3559 1874 fiducia
3589 1811 3701 1874 ob-

315 1912 403 1965 καὶ
452 1910 598 1981 αύτῷ
645 1908 793 1982 μόνῳ
839 1905 1100 1985 λατρεύω,
1136 1909 1222 1962 καὶ
1278 1907 1487 1970 τούτοις
1511 1904 1740 1977 ἐμαυτόν
1795 1929 1964 1983 προς-

311 2000 496 2075 τίθημι
556 2011 671 2060 τοῖς
722 1997 915 2075 ἁγίοις,
972 1987 1030 2054 Ὀ
1087 1994 1142 2051 δὲ
1195 1997 1256 2052 τὸ
1315 1995 1431 2052 λίαν
1489 1994 1749 2069 εὔτολμον
1808 1997 1967 2053 αὔτοῦ

311 2090 397 2146 καὶ
483 2085 1023 2166 πεπαῤῥησιασμένον
1098 2084 1480 2162 καταπλαγεὶς,
1553 2085 1804 2158 θεραπείᾳ
1880 2083 1968 2141 καὶ

310 2183 483 2251 τιμῶν
519 2176 883 2258 ὑποσχέσεσιν
950 2174 1308 2254 ἐπαγαγέσθαι
1367 2174 1573 2249 μαλλον
1602 2176 1758 2234 αὐτὸν
1816 2174 1968 2231 ἐπει-

310 2276 458 2346 ρᾶτο,
522 2266 671 2345 Ἐγω
747 2289 854 2339 σοι,
927 2264 1141 2345 λέγων,
1202 2268 1296 2334 τῆς
1355 2265 1604 2332 τοιαύτης
1664 2262 1965 2340 μεταϐολῆς

307 2357 576 2425 κατέστην
633 2355 835 2427 αἴτιος,
895 2356 989 2413 ἐπὶ
1047 2354 1212 2413 πολύν
1268 2352 1372 2424 ἤδη
1429 2356 1520 2411 τὸν
1581 2355 1781 2434 χρᾶνον
1825 2353 1880 2410 ἐν
1931 2357 1967 2430 ᾗ

308 2446 519 2513 τέταξαι
607 2448 875 2524 στρατείᾳ,
964 2444 1299 2524 καταλιπὼν,
1378 2444 1467 2501 καὶ
1544 2468 1622 2520 μη
1709 2445 1965 2519 μειζόνων

312 2539 542 2604 ἀξιώσας
589 2537 783 2611 τιμῶν·
842 2534 964 2592 ἀλλ’
1012 2534 1149 2592 εἴτι
1200 2537 1285 2591 irai
1348 2533 1511 2614 μέχρι
1544 2540 1634 2590 τοῦ
1682 2539 1771 2589 νῦν
1806 2533 1965 2590 ἐλλε-

308 2628 596 2702 λοὲπαμεν,
672 2625 1057 2703 ἀναπληρῶσαι
1138 2622 1528 2698 σπουδάσομεν,
1603 2621 1780 2691 Μηδὲν
1838 2631 1961 2701 γοῖιν

312 2716 787 2792 δποστειλάμενος,
846 2716 960 2773 εἰπὲ
1018 2716 1156 2780 τίνος
1227 2721 1331 2771 τῶν
1390 2712 1709 2788 ἀξιωμάτων
1766 2713 1956 2792 ὀρέγῃ,

2052 1904 2437 1983 stupefactus,
2473 1904 2644 1965 bonis
2693 1904 2887 1966 verbis
2936 1911 2994 1965 et
3045 1904 3338 1964 homrum
3384 1900 3703 1982 promissis

2050 2010 2185 2054 eum
2220 1994 2542 2056 conabatur
2574 1993 2775 2072 potius
2807 1992 3115 2066 inducere,
3151 1992 3362 2053 dicens
3388 2013 3404 2053 :
3430 1995 3551 2069 Ego
3590 1991 3704 2054 tibi

2050 2101 2228 2144 causa
2249 2082 2327 2143 fui
2348 2084 2527 2162 hujus
2559 2082 2921 2163 mutationis,
2950 2081 3052 2163 qui
3077 2089 3132 2143 te
3158 2079 3358 2143 tandiu
3385 2080 3605 2161 reliqui
3636 2080 3700 2142 in

2052 2190 2142 2247 ea,
2174 2172 2233 2234 in
2266 2192 2379 2253 qua
2408 2173 2565 2233 fuisti
2591 2173 2935 2244 collocatus,
2973 2172 3204 2243 militia,
3230 2178 3289 2231 et
3321 2188 3442 2231 non
3478 2187 3611 2231 sum
3646 2180 3703 2230 te

2053 2263 2380 2341 majoribus
2400 2263 2678 2341 dignatus
2702 2261 3032 2324 honoribus
3057 2283 3073 2337 ;
3109 2261 3215 2323 sed
3239 2260 3287 2320 si
3317 2258 3460 2340 quid
3490 2259 3706 2320 hucus—

2051 2371 2167 2434 que
2194 2352 2543 2421 defecimus,
2574 2352 2632 2414 id
2658 2353 2782 2432 jam
2815 2350 3068 2430 implere
3102 2348 3502 2413 studebimus.
3538 2346 3704 2410 Nihil

2051 2461 2192 2519 ergo
2223 2442 2575 2515 veritus,dic
2597 2442 3104 2522 libere,quasnam
3128 2439 3335 2520 cupias
3359 2436 3703 2518 dignitates,

2051 2540 2207 2594 tuam
2242 2532 2400 2594 enim
2438 2532 2783 2613 petitionem
2814 2547 3189 2611 nequaquam
3211 2527 3455 2590 omnino
3477 2544 3705 2590 renue-

2051 2641 2202 2683 mus.
2233 2623 2282 2684 A
2311 2621 2547 2685 Christo
2578 2629 2774 2683 autem
2803 2638 3018 2683 recens
3040 2620 3269 2681 electus
3302 2618 3499 2693 miles,
3534 2615 3702 2679 Desi-

2045 2710 2214 2782 dero,
2250 2712 2460 2793 inquit,
2493 2730 2527 2772 ο
2557 2729 2685 2784 rex,
2711 2728 2841 2772 eam
2872 2709 3153 2790 accipere
3185 2706 3488 2787 militiam,
3525 2724 3701 2788 quam

309 2806 456 2864 ὠδὶν
504 2808 608 2882 γαρ
661 2808 721 2862 τὸ
763 2803 1013 2883 παρὲἱπαν
1060 2806 1189 2884 πρὸς
1237 2807 1336 2873 τὴν
1394 2800 1614 2871 αἴτησιν
1661 2802 1957 2860 ἀνανεύσο-

2051 2802 2169 2883 ipse
2188 2818 2308 2863 non
2334 2809 2499 2882 potes
2526 2799 2816 2880 praebere:
2843 2798 2950 2862 sed
2982 2799 3145 2860 solus
3174 2816 3279 2860 rex
3302 2796 3696 2873 immortalis,

310 2919 430 2972 μεν,
521 2894 572 2958 Ο
627 2893 685 2951 δὲ
756 2903 850 2953 τοῦ
907 2902 1135 2974 Χριστοῦ
1211 2893 1481 2959 νεόλεγτος
1568 2892 1901 2970 στρατιώτης
1936 2941 1953 2967 ,

2051 2892 2142 2974 qui
2173 2892 2284 2953 scit
2311 2891 2489 2952 etiam
2520 2890 2677 2954 dona
2727 2888 2927 2967 largiri
2960 2886 3342 2950 immortalia.
3376 2887 3523 2950 Cum
3556 2903 3698 2965 ergo

309 2985 462 3061 Ἐμοὶ
512 2988 699 3056 πύθος,
759 2985 916 3042 εἶπεν
945 3032 961 3055 ,
1013 2986 1059 3041 ὦ
1113 2985 1365 3061 βασιλεῦ,
1419 2984 1696 3063 στρατείαν
1745 2980 1954 3057 λαϐεῖν,

2051 2982 2170 3059 ejus
2202 2982 2431 3043 ﬁrmam
2447 2988 2508 3042 et
2530 2979 2800 3041 stabilem
2815 2978 3126 3041 didicisset
3150 2976 3534 3051 sententiam,
3558 2993 3695 3037 eum

308 3076 375 3142 ἣν
425 3078 523 3133 οὒκ
574 3076 732 3139 αὗτὸς
784 3074 839 3131 εἶ
898 3073 1117 3138 δυνατός
1177 3086 1508 3154 παρασχεῖν,
1555 3070 1676 3129 ἀλλ’
1727 3074 1753 3129 ὃ
1800 3072 1958 3147 μόνος

2051 3076 2234 3133 statim
2265 3068 2627 3133 condamnat
2658 3074 2719 3128 ut
2746 3068 2803 3129 ei
2833 3073 3009 3148 caput
3039 3067 3287 3128 feriatur
3333 3063 3556 3144 gladio,
3591 3081 3698 3144 pro

311 3165 570 3228 ἀθάνατος
623 3163 894 3241 βασιλεὺς,
948 3165 1005 3226 ὃς
1050 3162 1339 3228 ἀθανάτους
1397 3162 1515 3220 οἶδε
1572 3164 1662 3219 καὶ
1705 3163 1800 3226 τὰς
1850 3162 1991 3241 διε-Α

2051 3160 2336 3241 supplicio
2368 3177 2438 3220 ea
2467 3159 2735 3237 largitus,
2758 3175 2890 3238 quae
2918 3163 3090 3218 erant
3119 3155 3173 3216 ei
3196 3154 3455 3216 maxime
3478 3161 3699 3233 optan-

312 3256 434 3332 ρεας
498 3256 827 3332 χαρίζεσθαι.
901 3254 1231 3327 Καταματὼν
1290 3253 1378 3309 οὖν
1431 3252 1529 3320 τῆς
1585 3253 1746 3309 αὖτοῦ
1812 3242 1991 3331 γνώ-Ι

2051 3250 2141 3313 da.
2177 3249 2289 3322 Qui
2319 3268 2453 3313 cum
2488 3248 2761 3312 lubenter
2783 3265 2917 3310 eam
2940 3246 3275 3326 accepisset
3297 3242 3695 3307 sententiam:

312 3367 445 3419 μης,
500 3347 565 3401 τὸ
641 3342 863 3422 ἀῤῥαγές
922 3365 980 3400 τε
1037 3344 1124 3399 καὶ
1198 3342 1543 3415 ἀπετᾶθετον,
1604 3341 1750 3406 εὐθὺς
1820 3345 1963 3416 αύτῷ

2051 3340 2166 3420 Ago
2193 3339 2297 3403 tibi
2328 3338 2566 3419 gratias,
2595 3337 2815 3421 inquit,
2847 3335 3124 3410 Domine,
3148 3333 3305 3417 quod
3341 3351 3436 3395 me
3472 3350 3698 3406 servas,

311 3437 401 3491 τὸν
457 3433 548 3490 διὰ
604 3433 779 3513 ξίφους
858 3432 1235 3512 ἐπιψηφίζεται
1293 3432 1536 3506 θάνατον,
1597 3430 1667 3513 έν*
1705 3430 1963 3508 τιμωρίας

2051 3430 2148 3511 qui
2175 3449 2303 3491 sum
2338 3428 2901 3509 indignus,propter
2924 3443 3193 3505 magnam
3219 3433 3378 3486 tuam
3403 3431 3464 3485 et
3486 3423 3697 3485 ineffa-

310 3524 459 3602 μέρει
493 3570 512 3598 ,
602 3525 670 3580 τα
750 3521 1100 3578 εὒκταιότατα
1177 3520 1562 3603 χαρισάμενος.
1641 3498 1724 3585 ’ὃς
1795 3518 1965 3588 ἡδέως

2051 3498 2229 3581 bilem
2265 3498 3096 3595 misericordiam.i’ropterea
3117 3515 3318 3577 anima
3340 3531 3471 3575 mea
3486 3522 3544 3575 te
3563 3513 3700 3575 lau-

310 3612 511 3693 σ-ρόδρα
579 3611 860 3688 δεξάμενος
934 3614 1034 3679 τὴν
1086 3612 1375 3690 ἀπόφασιν
1462 3614 1781 3692 Εόχαριστῶ
1856 3633 1964 3681 σοι,

2051 3608 2230 3687 dabit,
2265 3617 2323 3670 et
2353 3628 2570 3672 nomen
2603 3615 2871 3671 sanctum
2905 3615 3071 3668 tuum
3122 3603 3500 3685 gloriﬁcabit,
3540 3621 3701 3665 nunc

310 3704 492 3783 εἶπεν,
552 3702 733 3781 Κύριε,
782 3701 863 3759 ὅτι
918 3699 1128 3767 ἀνάξιον
1186 3702 1315 3758 ὄντα
1371 3707 1557 3772 σωζεις
1618 3723 1709 3776 με,
1765 3698 1849 3756 διὰ
1906 3702 1966 3756 τὸ

2052 3709 2115 3762 et
2148 3699 2207 3761 in
2239 3699 2476 3761 szecula.
2515 3702 2729 3760 Amen.

308 3793 449 3851 πολύ
505 3814 602 3848 σου
658 3794 746 3849 καὶ
805 3790 1099 3869 ἀδιήγητον
1157 3789 1328 3854 ἕλεος,
1381 3792 1477 3847 Διὰ
1538 3792 1691 3846 τούτο
1733 3789 1828 3848 καί
1901 3789 1930 3855 ἦ
1977 3791 2129 3868 ψυχή
2197 3812 2298 3866 μον
2343 3790 2515 3847 αἷνέσε
2578 3810 2658 3865 σε,
2725 3790 2810 3845 καὶ
2871 3790 2933 3844 τὸ
2992 3785 3160 3863 ὄνομα
3216 3808 3309 3843 σου
3364 3784 3575 3851 δοξάσει
3638 3785 3699 3841 τὸ

309 3885 493 3963 ἅγιον,
526 3890 616 3940 νῖν
647 3883 735 3938 καὶ
763 3883 838 3945 εἷς
881 3883 974 3938 τὸν
1005 3879 1189 3937 ἔπειτα
1218 3882 1406 3942 αἰῶνα.
1443 3878 1643 3954 Ἀμήν.

392 3972 508 4031 ω’.
576 3972 712 4030 Εἶτα
768 3973 899 4048 πρὸς
956 3970 1077 4033 τούς
1137 3969 1317 4047 ἁγίους
1375 3969 1711 4048 ἐπιστραφεὶς
1740 4013 1759 4046 ,
1824 3968 1967 4045 Ἐγὼ

312 4067 414 4138 μὲν
453 4060 586 4133 ἤδη,
616 4061 783 4139 κύριοί
841 4082 944 4136 μου
1004 4061 1323 4133 ποθούμενοι
1412 4057 1784 4131 καὶδεσπόται,
1852 4082 1964 4138 φη-

312 4155 419 4227 σὶν,
478 4153 582 4218 τὴν
638 4151 995 4228 προκειμένην
1071 4147 1298 4206 ὸδεύσων
1355 4148 1566 4224 ἄπειμι.
1653 4147 1851 4223 Δέομαι
1909 4146 1965 4204 δὲ

311 4244 411 4309 τῆς
469 4243 774 4306 συμπαθοὴ
823 4242 973 4313 ὑμῶν
1029 4241 1117 4296 καὶ
1173 4238 1544 4320 φιλανθρώπου
1617 4243 1822 4318 ψυχῇς,
1886 4239 1963 4313 μὴ

313 4331 725 4407 μνησικακῆσαί
780 4353 894 4404 μοι,
958 4331 1034 4383 ὧν
1088 4330 1162 4393 εἷς
1206 4331 1343 4402 ὑμᾶς
1416 4326 1612 4405 ἔπραξα
1671 4327 1962 4400 κελευόμε-

309 4444 424 4499 νος,
472 4419 727 4487 δεηθῆναι
786 4418 841 4475 δέ
898 4418 1104 4493 μᾶλλον
1159 4419 1288 4494 ints?
1344 4420 1477 4494 ἐμοῦ
1537 4425 1628 4475 τοῦ
1658 4425 1834 4475 κοινοῦ
1875 4412 2027 4473 δε-ῧ

314 4514 540 4590 σπότου,
592 4516 824 4584 erigit-.ch;
884 4531 976 4583 μοι
1035 4507 1130 4565 καὶ
1188 4507 1344 4571 ἱλὲως
1403 4522 1697 4587 προσχεῖν,
1742 4509 1829 4564 καὶ
1891 4507 1967 4582 μὴ

312 4601 549 4680 χωρίσαι
624 4618 691 4671 με
747 4598 842 4663 τῆς
900 4599 1049 4654 ὑμῶν
1106 4596 1337 4677 μερίδος.
1398 4599 1535 4675 Πρὸς
1603 4598 1660 4653 ὃν
1722 4600 1769 4654 οἱ
1828 4595 1968 4673 ἅγιοι

312 4690 601 4766 μίρτυρες,
665 4686 938 4766 Εὔθυμῶν,
996 4687 1203 4766 εἷπον,
1260 4686 1478 4767 ἀδελφὲ,
1541 4687 1641 4753 τὴν
1705 4681 1970 4764 μακαρῖαν

315 4780 437 4836 ὁδόν
514 4776 759 4855 πορεύου·
822 4777 1081 4853 μακάριος
1159 4780 1258 4855 γὰρ
1326 4778 1382 4833 εἶ
1463 4779 1562 4843 τῆς
1640 4773 1968 4856 ἀποδημίας,

2129 3964 2257 4029 ΧΠ.
2294 3966 2523 4031 Deinde
2546 3967 2615 4028 ad
2642 3975 2881 4029 sanctos
2905 3985 3251 4030 conversus:
3277 3964 3400 4044 Ego
3427 3963 3698 4042 quidem.

2050 4057 2265 4137 inquit,
2292 4076 2326 4118 ο
2355 4056 2579 4119 domini
2606 4056 2722 4118 mei
2755 4057 2983 4128 dilecti,
3011 4055 3316 4135 ingredior
3344 4055 3517 4116 vitam
3551 4054 3700 4115 mihi

2052 4147 2435 4227 propositam.
2472 4146 2632 4225 Rogo
2653 4155 2853 4207 autem
2882 4153 3132 4205 vestram
3154 4145 3474 4224 benignam
3492 4154 3557 4205 et
3577 4147 3697 4205 mi-

2049 4236 2414 4299 sericordem
2446 4237 2730 4309 animam,
2768 4252 2843 4296 ne
2871 4234 3274 4296 recordemini
3318 4252 3524 4296 eorum
3560 4249 3698 4313 qua)

2042 4326 2247 4405 jussus
2296 4326 2356 4387 in
2404 4343 2499 4386 vos
2531 4324 2686 4387 feci:
2741 4322 2937 4406 potius
2986 4341 3125 4384 vero
3178 4341 3281 4403 pro
3338 4339 3433 4382 me
3481 4321 3703 4400 rogetis

2053 4434 2432 4478 communem
2460 4415 2801 4488 Dominum,
2829 4422 2892 4473 ut
2913 4415 2989 4474 sit
3020 4411 3168 4474 mihi
3188 4412 3456 4473 clemens
3478 4418 3539 4472 et
3562 4429 3702 4491 pro-

2056 4505 2252 4584 pitius,
2287 4514 2349 4568 ct
2397 4524 2472 4567 ne
2504 4524 2598 4566 me
2649 4514 2886 4583 separet
2916 4524 2949 4564 a
3005 4509 3195 4565 vestra
3231 4500 3523 4582 portione.
3584 4500 3688 4562 Cui

2055 4598 2241 4658 sancti
2276 4604 2601 4676 martyres:
2639 4594 2806 4659 Bono
2840 4594 3064 4668 animo,
3100 4592 3399 4665 dixerunt,
3432 4610 3467 4654 ο
3495 4591 3700 4664 frater,

2055 4682 2283 4746 beatam
2318 4684 2490 4744 vitam
2523 4683 2865 4763 ingredere.
2891 4683 3106 4744 Beatus
3155 4681 3314 4743 enim
3349 4699 3413 4741 es
3463 4687 3707 4760 propter

2059 4784 2218 4835 tuum
2244 4774 2580 4846 decessum,
2607 4772 2762 4853 quod
2793 4775 3022 4852 primus
3046 4779 3309 4832 nostrum
3336 4769 3560 4831 sisteris
3591 4787 3702 4830 co-

315 4866 428 4924 ἆνθ’
478 4869 558 4921 ὧν
590 4869 679 4921 καὶ
724 4872 931 4941 πρῶτος
989 4865 1136 4939 ἰιμῶν
1186 4872 1255 4942 τῇ
1286 4865 1588 4942 ποθουμένη
1650 4865 1970 4940 παραστήσῃ

2056 4883 2178 4925 ram
2212 4872 2407 4943 optata
2432 4862 2743 4932 Trinitate,
2774 4870 2834 4922 et
2856 4860 2936 4923 tui
2958 4860 3181 4923 laboris
3203 4859 3462 4940 accipies
3491 4877 3706 4920 remu-

317 4952 521 5033 τριάδι,
585 4956 674 5009 καὶ
726 4960 817 5010 τοῦ
869 4961 966 5010 σοῦ
1031 4953 1270 5027 καμάτου
1330 4954 1483 5029 λήψῃ
1557 4953 1650 5016 τὰς
1716 4948 1967 5027 ἀμοιϐάς,

2054 4954 2421 5025 nerationes,
2454 4962 2745 5014 mternam
2801 4950 2993 5013 lucem
3045 4966 3424 5026 consequens
3465 4957 3525 5009 et
3571 4948 3705 5028 glo-

318 5046 492 5124 φωτὸς
578 5043 791 5102 αἰωνίου
874 5045 961 5099 καὶ
1036 5041 1208 5100 ἀϊδίου
1289 5041 1445 5110 δόξης
1528 5039 1966 5117 καταξιούμενος.

2051 5045 2200 5106 riam
2238 5042 2688 5121 sempiternam.
2724 5039 3014 5113 Quocirca
3046 5048 3105 5101 tu
3138 5039 3343 5119 potius
3399 5047 3701 5100 memento

319 5134 493 5194 "005v
566 5133 724 5198 αὒτὸς
784 5131 991 5208 μᾶλλον
1048 5132 1293 5208 μέμνησο
1370 5137 1477 5188 τῶν
1536 5132 1824 5210 συνέθλων,
1882 5133 1969 5187 καὶ

2054 5142 2286 5193 tuorum
2340 5130 2664 5204 sociorum,
2699 5138 2759 5191 et
2790 5147 3071 5209 praecare,
3106 5136 3171 5190 ut
3224 5145 3357 5189 cum
3391 5126 3547 5208 quod
3599 5146 3704 5189 su-

317 5225 612 5305 ὂπερεύχου
694 5224 757 5279 τὸ
839 5220 1030 5278 λεῖπον
1114 5233 1208 5280 τοῦ
1282 5222 1490 5301 ἀγῶνος
1567 5218 1967 5297 ἀνεμποδίστως

2052 5229 2253 5304 perest
2272 5221 2617 5283 certaminis
2641 5219 3091 5299 perfecerimus.
3108 5217 3338 5298 absque
3368 5217 3486 5279 ullo
3511 5217 3707 5297 impe-

316 5318 453 5391 ἡμᾶς
504 5314 829 5385 ἀνύσαντας,
892 5334 1000 5383 τῳν
1048 5311 1217 5368 ἀύτῶν
1274 5334 1358 5369 σοι
1416 5310 1698 5389 βραϐεέων,
1730 5311 1816 5366 καὶ
1870 5314 1967 5376 τῆς

2058 5310 2324 5372 dimento
2357 5312 2589 5383 eadem,
2616 5326 2747 5390 quas
2793 5315 2878 5382 tu,
2915 5307 3157 5388 przemia
3185 5315 3246 5368 et
3270 5305 3544 5367 eamdem
3573 5305 3705 5368 adi-

317 5404 438 5473 ἷσης
469 5402 764 5471 ἀξιωθῆναι
823 5399 1053 5471 λήξεως.
1088 5407 1263 5459 Ταῦττ
1321 5407 1434 5457 τῶν
1492 5401 1656 5479 ἀγίων
1718 5399 1972 5455 εἰπόντων

2059 5401 2364 5482 piscamur
2387 5398 2821 5462 hiereditatem.
2853 5396 2991 5459 Haec
3010 5416 3143 5458 cum
3170 5395 3361 5458 sancti
3388 5395 3704 5471 dixissent,

313 5494 615 5575 περιχυθεὶς
671 5495 862 5555 αὒτοϊς
904 5493 932 5546 ὁ
984 5492 1127 5554 Osco;
1162 5489 1463 5570 Ἀφθόνίος,
1494 5490 1589 5553 καὶ
1638 5501 1756 5550 τοῖς
1806 5492 1975 5547 αὒτῶν

2060 5490 2147 5552 eis
2204 5489 2441 5551 divinus
2497 5488 2891 5552 circumfusus
2942 5485 3306 5567 Aplhonius,
3339 5503 3474 5550 cum
3526 5496 3590 5546 et
3645 5484 3709 5546 in

312 5584 610 5665 τραχήλοις
669 5581 733 5639 τό
792 5587 889 5637 τ(γό
948 5580 1115 5636 πόθου
1172 5576 1393 5656 δάκρυον
1445 5577 1752 5652 ἐπιστάξας,
1806 5575 1975 5645 ἡδέως

2059 5597 2265 5642 eorum
2325 5579 2478 5642 colla
2533 5577 2823 5641 deSiderii
2881 5576 3251 5665 etfundisseti
3285 5576 3623 5665 lacrymasa
3648 5581 3710 5634 et

309 5658 372 5737 si;
407 5658 646 5732 ⁷ἀλεείνων
705 5670 857 5750 μέλη
916 5670 1422 5751 κατασπασάμενος,
1455 5669 1557 5739 τὴν
1613 5668 1699 5726 ἐπὶ
1754 5668 1976 5725 θάνατον

2053 5669 2319 5751 jucunde
2348 5669 2585 5733 illorum
2618 5667 2888 5730 membra
2911 5676 3072 5730 esset
3099 5664 3430 5746 amplexus,
3450 5658 3707 5725 duceba-
