4158 6448
443 321 517 387 27
1744 328 1794 390 Μ
1806 324 2021 389 ENSIS
2064 320 2510 387 NOVEMBER.

3742 312 3818 382 28

439 452 628 517 Deum
682 453 877 516 vivum
939 462 1001 517 et
1056 452 1299 520 fortem.
1348 454 1467 518 Sed
1522 464 1587 519 tu
1616 455 1706 520 fac
1756 458 2070 521 nobiscum

2165 459 2286 516 Θεὸν
2345 460 2520 530 ζῶντα
2580 458 2668 516 καὶ
2761 457 2999 540 ἶεχυρρν.
3061 452 3227 515 Ἀλλὰ
3295 455 3357 514 σὺ
3414 457 3642 526 ποίησον
3698 456 3816 534 μεθ’

440 547 869 609 convenienter
898 555 1011 609 tum
1042 549 1507 625 mansuetudini,
1556 558 1613 611 et
1663 551 1815 612 educ
1869 569 1977 612 nos
2007 552 2082 614 de

442 635 572 699 lacu
605 638 886 699 miseriae.
922 636 1213 710 Quoniam
1246 637 1508 715 benigna
1544 648 1633 701 est
1668 641 2084 704 misericordia

444 736 563 802 tua,
581 738 640 789 et
666 728 898 790 bonitas
919 746 1053 803 quae
1076 746 1193 789 non
1219 737 1413 809 potest
1437 730 1687 808 exprimi
1711 731 1764 791 8.
1789 756 1811 787 υ
1837 732 2082 794 Interim

440 824 636 879 autem
693 815 833 878 dum
884 827 1296 897 precarentur,
1352 817 1655 897 splendidi
1700 829 2086 883 accesserunt

440 907 658 983 angeli,
720 907 900 968 veluti
951 907 1307 987 quibusdam
1368 907 1548 986 virgis
1600 909 1811 972 ferreis
1865 910 2086 972 bestias

439 995 769 1075 abigentes,
799 1006 856 1059 et
887 1015 1374 1076 unumquemque
1407 1016 1439 1057 e
1469 997 1690 1060 sanctis
1724 1018 1897 1061 manu
1931 1001 2081 1061 acci-

443 1086 695 1165 pientes,
733 1106 834 1148 eos
867 1086 1085 1148 illaasos
1117 1106 1149 1147 e
1195 1086 1368 1147 fossis
1416 1087 1770 1151 eduxerunt.
1827 1087 1943 1152 Sed
1978 1107 2085 1151 rex

439 1196 573 1237 cum
627 1184 929 1254 oporteret
964 1194 1173 1239 rursus
1202 1174 1420 1237 Christi
1473 1176 1808 1255 intelligere
1868 1186 2082 1258 poten-

441 1266 604 1342 tiam,
642 1275 699 1326 et
732 1284 970 1328 cessare
1000 1266 1323 1347 aliquando
1347 1266 1612 1345 aggredi,
1648 1285 1779 1348 quae
1806 1287 1923 1329 non
1955 1287 2085 1349 pos-

436 1365 576 1418 sunt
631 1355 807 1432 efﬁci,
872 1356 975 1418 ille
1000 1355 1183 1435 jussit
1215 1365 1453 1418 sanctos
1502 1374 1709 1418 rursus
1761 1377 2085 1439 suspensos

437 1445 607 1509 caedi.
642 1446 787 1509 Cum
820 1455 1016 1507 autem
1064 1446 1307 1507 vidisset
1358 1465 1562 1507 eorum
1624 1467 1835 1510 carnes
1881 1449 2083 1512 multis

437 1536 602 1597 buris
633 1536 964 1612 conscindi,
1002 1535 1262 1612 fortique
1294 1544 1351 1597 et
1381 1554 1672 1615 generoso
1704 1537 1903 1599 animo
1927 1542 2082 1600 resi-

438 1634 601 1687 stere
634 1625 1087 1702 certaminibus,
1138 1626 1313 1705 jubet
1342 1645 1445 1688 eos
1478 1646 1509 1688 e
1540 1627 1715 1706 lignis
1743 1628 1986 1707 deponi,
2021 1637 2082 1692 et

440 1715 527 1776 eis
546 1717 739 1795 capita
767 1717 1086 1795 amputari.
1116 1716 1249 1796 Ipse
1277 1717 1434 1778 enim
1467 1718 1651 1794 magis
1667 1724 1793 1778 erat
1816 1717 2086 1780 defessus

2163 547 2318 621 ἡμῶν
2369 549 2504 607 κατὰ
2550 551 2651 616 τὴν
2707 549 2806 616 σὴν
2865 548 3174 620 ἐπιείκειαν,
3242 549 3333 603 καί
3379 547 3616 625 ἀνάγαγε
3673 547 3819 622 ἡμᾶς

2166 637 2227 693 ὲκ
2275 636 2475 695 λάκκου
2529 638 2912 717 ταλαιπωρίας⁶
2976 635 3058 693 ὅτι
3120 639 3180 694 τὸ
3229 636 3377 701 ἔλεός
3427 659 3523 694 σο.)
3552 638 3817 716 χρηστὸν,

2166 729 2252 784 καὶ
2304 729 2339 795 ἡ
2369 728 2636 807 ἀγαθότης
2665 728 2993 791 ἀνείκαστος.
3055 716 3217 801 ’Ἅμα
3266 724 3321 783 δὲ
3352 733 3420 804 τῇ
3475 728 3639 806 εὖχῆ,
3673 724 3818 800 λαμ-

2169 826 2555 898 προφοροῠντες
2614 816 2912 883 ἐπέστησαν
2977 814 3223 894 ἄγγελοι,
3274 816 3369 874 οἷᾶ
3414 838 3521 873 τισι
3575 813 3821 893 σιδηραῖς

2168 905 2376 983 ῥάϐδοις
2439 908 2561 971 τοὺς
2623 908 2787 985 θῆρας
2844 904 3254 980 ἀποσοϐοῦντες,
3320 906 3543 962 ἑκάστου
3604 925 3661 960 τε
3716 908 3822 959 τῶν

2169 998 2331 1074 ἁγίων
2389 994 2675 1063 λαϐὅμενοι
2748 1002 2845 1064 τῆς
2902 999 3086 1076 χειρὸς
3144 993 3401 1061 ἀϐλαϐεῖς
3453 998 3559 1051 τῶν
3619 992 3821 1071 βάθρων

2168 1085 2381 1163 ἐξῆγον.
2441 1085 2590 1143 Ἀλλ’
2643 1089 2670 1143 ὁ
2735 1084 3009 1163 βασιλεὺς,
3044 1084 3161 1143 δέον
3219 1084 3377 1142 πάλιν
3425 1096 3664 1141 συνεῖναι
3719 1082 3820 1148 τὴν

2170 1177 2395 1251 Χριστοῦ
2477 1174 2694 1251 δυναμιν
2778 1177 2865 1233 καὶ
2938 1176 3237 1233 παύσασθαί
3319 1197 3448 1233 ποτε
3538 1172 3818 1240 ἀνηνύτοις

2167 1265 2489 1345 ἐπιχειρεῖν,
2554 1269 2581 1323 ὁ
2652 1265 2707 1322 δὲ
2765 1265 3013 1325 ἐκέλευσέ
3070 1267 3191 1327 τοὺς
3251 1265 3429 1342 ἁγίους
3484 1264 3630 1327 αὖθις
3688 1282 3817 1340 χρε-

2168 1356 2460 1428 μασθέντας
2521 1354 2748 1421 ξὲεσθαι.
2811 1352 2906 1419 ἐὶς
2961 1354 3014 1411 δὲ
3072 1354 3156 1411 ἐπὶ
3227 1353 3455 1418 πολλαῖς
3502 1365 3622 1415 ταῖς
3655 1351 3819 1419 ὥραις

2166 1447 2261 1509 τὰς
2334 1446 2533 1524 σάρκας
2592 1446 2917 1521 τεμνομένας
2989 1446 3150 1523 ἐωρα,
3213 1447 3300 1502 καὶ
3367 1449 3523 1523 ψυχῇ
3603 1440 3815 1520 γενναίᾳ

2168 1537 2297 1609 πρὸς
2384 1537 2506 1599 τοὺς
2565 1535 2783 1614 ἀγῶνας
2869 1535 3219 1614 ἀντέχοντας,
3283 1536 3657 1604 καθαιρεθῆναι
3712 1529 3819 1585 τῶν

2169 1622 2334 1689 ξύλων
2394 1624 2621 1695 κελεύει,
2655 1627 2744 1681 καὶ
2774 1626 2870 1687 τὰς
2904 1624 3136 1703 κεφαλὰς
3181 1624 3536 1697 ἐκτμηθῆναι,
3566 1620 3819 1693 ’Έκαμνε

2168 1715 2267 1791 γὰρ
2326 1716 2479 1777 αυτὸς
2515 1713 2721 1788 μᾶλλον
2779 1714 2995 1790 ὶπὰγων
3048 1715 3141 1776 τὰς
3201 1717 3481 1789 τιμωρίας,
3515 1712 3627 1778 nol
3689 1709 3825 1787 μάρ-

437 1803 740 1867 intentans
789 1806 1101 1886 supplicia,
1150 1826 1327 1886 quam
1385 1816 1670 1885 martyres
1720 1807 2077 1869 sustinentes

2167 1824 2315 1867 τυοες
2384 1805 2668 1877 ὑπομένειν
2728 1804 2791 1860 τὰ
2860 1804 3192 1880 ἐπαγόμενα,
3247 1805 3335 1859 καὶ
3391 1804 3663 1866 νενίκηκεν
3714 1800 3821 1854 ὓπ-

438 1912 532 1970 ea,
570 1915 699 1975 quae
734 1896 1177 1957 intentabantur
1213 1919 1225 1955 :
1263 1906 1321 1957 et
1352 1915 1581 1957 summa
1612 1895 1962 1958 fortitudine
1994 1904 2077 1956 vi-

2167 1889 2360 1968 ερϐολῇ
2416 1894 2817 1970 γενναιότητος,
2879 1893 3163 1963 ὠμότητος
3233 1891 3509 1968 ἀμετρίαν.
3573 1888 3817 1965 Ἀπαγο-

437 1995 651 2046 cerunt
682 1986 766 2048 illi
799 1986 1085 2047 infinitam
1114 1986 1546 2048 crudelitatem.
1572 1987 1716 2049 Cum
1737 1987 1860 2066 jam
1886 1996 2079 2047 autem

436 2074 508 2136 ad
561 2084 813 2138 mortem
865 2076 1331 2154 abducerentur,
1367 2075 1466 2153 qui
1499 2075 1571 2137 ab
1627 2076 1713 2137 eis
1765 2075 2081 2138 illuminati

437 2166 672 2227 fuerant
701 2167 772 2227 ad
797 2166 1100 2245 pietatem,
1123 2166 1297 2227 simul
1331 2185 1464 2226 curn
1493 2174 1701 2228 senatu
1731 2190 1744 2236 ;
1777 2165 2080 2228 Dimittilis

437 2274 566 2317 nos.
591 2254 892 2334 dicebant,
908 2276 941 2317 ο
961 2255 1231 2316 doctores
1259 2255 1517 2333 pietatis,
1534 2272 1714 2332 super
1731 2255 2076 2316 cathedram

439 2344 809 2421 pestilentiae,
834 2345 890 2405 in
916 2345 1113 2406 medio
1140 2346 1421 2407 Ecclesiae
1446 2344 1914 2423 malignantium,
1942 2364 2074 2405 cum

435 2434 507 2493 ad
543 2453 882 2495 mensuram
916 2436 1099 2496 aetatis
1131 2436 1190 2495 in
1226 2436 1459 2497 Christo
1492 2434 1756 2494 nondum
1782 2452 2075 2512 pervene-

434 2523 646 2586 rimus.
680 2523 845 2587 Beati
878 2535 1070 2585 autem
1098 2526 1180 2586 illi
1206 2526 1294 2588 eis
1322 2524 1759 2605 responderunt
1789 2541 1801 2585 :
1838 2523 1943 2594 Qui
1974 2526 2075 2583 do-

437 2622 530 2674 cet
562 2613 866 2675 homincm
903 2616 1215 2676 scientiam
1244 2614 1511 2675 Christus
1540 2615 1696 2676 Deus
1726 2621 1948 2687 noster,
1975 2612 2077 2693 qui

436 2711 527 2764 est
556 2702 909 2765 illuminatio
940 2705 1276 2766 animarum
1313 2712 1675 2769 nostrarum.
1712 2702 1841 2781 ipse
1865 2720 1967 2762 vos
2004 2703 2077 2761 il-

434 2790 753 2857 luminabit
784 2800 843 2854 et
865 2794 1071 2856 reddet
1096 2794 1517 2869 intelligentes,
1553 2793 1876 2872 firmosque
1910 2791 2084 2852 faciet

435 2889 493 2941 et
521 2881 765 2943 stabiles
797 2883 1185 2944 fundamento
1233 2902 1355 2945 suae
1387 2883 1549 2944 fidei.

515 2969 703 3034 XVII.
761 2972 971 3034 Relata
1001 2981 1139 3033 sunt
1169 2974 1293 3033 haec
1345 2973 1519 3052 regi:
1572 2982 1629 3034 et
1661 2970 1820 3048 quod
1873 2989 2083 3049 magna

2168 1982 2327 2057 μένον
2369 1980 2421 2037 δὲ
2482 1981 2584 2050 ἤδη
2628 1984 2726 2049 τὴν
2787 1982 2872 2038 ἐπὶ
2931 1984 3156 2038 θάνατον
3188 1983 3235 2039 οἱ
3296 1980 3417 2057 παρ’
3479 1981 3650 2036 αότῶν
3708 2000 3792 2058 φω

2164 2073 2428 2135 τισθέντες
2476 2073 2548 2134 εἷς
2586 2070 2885 2129 θεοσέϐειαν
2943 2073 3035 2128 σὺν
3096 2071 3207 2144 ἁμα
3257 2072 3343 2126 καὶ
3383 2075 3449 2146 τῇ
3507 2067 3813 2145 συγκλήτῳ,

2165 2159 2374 2239 Ἀιρέετε
2431 2164 2602 2236 ἡμᾶς,
2638 2161 2841 2240 ἔλεγον,
2906 2164 2954 2217 οἱ
3010 2162 3107 2228 τῆς
3164 2158 3427 2223 εὖοεὸείας
3486 2157 3815 2235 διδάσκαλοι,

2163 2249 2247 2308 ἐπὶ
2306 2250 2527 2328 καθέδρα
2557 2251 2766 2325 λοιμῶν
2827 2251 2880 2307 ἐν
2939 2251 3088 2326 μέσῳ
3141 2249 3463 2315 Ἐκκλησίας
3517 2270 3813 2325 μονηρευο·

2163 2340 2358 2411 μένων,
2412 2364 2579 2415 μηπω
2635 2343 2763 2417 πρὸς
2815 2342 3007 2416 μέτρον
3063 2339 3157 2407 τῖιις
3218 2340 3271 2395 ἐν
3332 2345 3541 2417 Χριστῷ
3585 2338 3810 2417 φθάσαν-

2160 2452 2253 2494 τας
2316 2429 2547 2492 ἠλικὲας.
2613 2432 2671 2488 Οἱ
2730 2430 2783 2485 δὲ
2843 2430 3094 2507 μακάριοι
3156 2431 3287 2507 πρὸς
3345 2429 3535 2491 αὖτοὺς
3581 2427 3806 2506 ἀπεκρί-

2160 2541 2341 2589 ναντο,
2402 2511 2458 2577 Ὀ
2491 2517 2748 2578 διδάσκων
2792 2518 3063 2595 ἄνθρωπον
3093 2518 3289 2595 γνῶσιν
3346 2520 3566 2595 Χριστὸς
3599 2520 3626 2574 ὁ
3681 2518 3810 2579 Θεὸς

2162 2611 2317 2683 ἡμῶν
2395 2611 2421 2664 ὁ
2506 2611 2780 2687 φιοτισμὸς
2846 2614 2953 2663 τῶν
3027 2608 3299 2683 ἡμετέρων
3387 2612 3603 2687 ψυχῶν,
3657 2607 3814 2670 αὐτὸς

2164 2699 2300 2771 ὑμᾶς
2346 2703 2538 2776 φιῦτιεῖ
2596 2718 2654 2751 τε
2715 2700 2801 2752 καὶ
2846 2710 3101 2777 συνετιεῖ,
3132 2699 3222 2753 καὶ
3276 2696 3353 2771 τῷ
3381 2696 3609 2772 θεμελίῳ
3663 2694 3813 2777 ἔδρα-

2169 2808 2247 2842 σει
2280 2792 2375 2851 τῆς
2406 2785 2569 2843 αυτοῦ
2599 2787 2827 2849 πὶστεως
2865 2808 2880 2861 ;

2245 2965 2551 3045 Ἀνηνέχθη
2586 2971 2749 3021 ταῦτα
2796 2969 2869 3036 τῷ
2926 2963 3165 3040 βασιλεῖ,
3194 2966 3280 3021 καὶ
3311 2967 3384 3031 ὡς
3414 2964 3582 3045 ὄχλος
3634 2967 3818 3031 ἱκανὸς

438 3058 752 3120 multitudo
790 3072 1156 3139 sequeretur
1202 3070 1461 3131 sanctos,
1496 3079 1702 3123 eorum
1728 3060 1922 3123 caedes
1952 3078 2077 3139 pro-

2165 3055 2345 3112 ἕποιτο
2403 3068 2519 3116 τοῖς
2551 3055 2721 3131 ἁγίοις
2774 3054 3043 3131 ἁπειργων
3098 3057 3270 3111 αὐτῶν
3327 3064 3426 3121 τὴν
3454 3056 3691 3135 σφαγήν.
3753 3055 3815 3113 Ὀ

433 3147 671 3213 bibens.
728 3150 832 3213 Ille
863 3159 1060 3212 autem
1092 3151 1289 3212 statim
1338 3150 1553 3213 emittit
1584 3161 1880 3212 catervam
1918 3148 2078 3210 mili-

434 3247 557 3301 tum
592 3240 651 3300 in
684 3258 810 3309 eos,
843 3240 942 3318 qui
976 3240 1385 3309 sequebantur
1415 3250 1680 3314 sanctos,
1721 3244 1813 3300 cui
1846 3239 2078 3319 jussum

432 3327 631 3388 fuerat
662 3337 722 3388 ut
754 3346 857 3389 eos
887 3329 1230 3407 expelleret,
1267 3329 1372 3391 sed
1406 3330 1626 3408 egregii
1662 3329 1743 3391 illi
1789 3329 1921 3402 viri,
1979 3333 2078 3408 qui

433 3418 505 3478 ad
538 3416 719 3477 finem
753 3435 942 3497 usque
975 3427 1302 3479 statuerant
1335 3420 1618 3480 resistere
1651 3427 1919 3498 peccato,
1968 3418 2080 3482 hoc

432 3505 579 3567 nihil
613 3503 915 3579 facientes,
955 3507 1293 3567 maluerunt
1319 3507 1515 3588 potius
1552 3507 1703 3568 mori
1755 3526 1891 3569 cum
1944 3526 2077 3569 san-

434 3595 567 3655 ctis.
604 3594 863 3665 Quorum
895 3597 1293 3657 constantiam
1349 3616 1483 3658 cum
1533 3606 1816 3677 tyrannus
1865 3615 2076 3659 rursus

434 3683 849 3758 intellexisset,
878 3685 1059 3763 jussit
1086 3705 1293 3746 omnes
1336 3687 1508 3747 simul
1558 3706 1690 3747 cum
1723 3687 1944 3748 sanctis
1988 3688 2075 3747 in-

435 3774 651 3848 teriici,
703 3792 826 3834 suae
872 3773 1141 3835 occitleni
1200 3777 1471 3838 homines
1524 3776 1868 3857 cupiditatis
1919 3795 2075 3857 prte-

435 3871 660 3925 textum
711 3863 1010 3943 aceipiens
1053 3882 1259 3925 eorum
1305 3883 1569 3928 amorem
1624 3865 1875 3944 pietatis.
1931 3866 2074 3929 Cum

430 3961 628 4014 autem
664 3951 717 4012 ei
746 3953 1180 4033 suggessissent
1207 3955 1474 4034 quidam,
1510 3974 1765 4035 quorum
1797 3965 1925 4017 erat
1955 3977 2079 4018 ma-

432 4060 583 4119 gnus
603 4042 763 4102 zelus
786 4042 845 4102 in
871 4041 1384 4124 simulacra,quod
1410 4045 1613 4105 fuisset
1639 4053 1879 4107 senatus
1902 4066 2077 4109 causa

433 4130 647 4191 horum
702 4132 1017 4201 malorum,
1068 4131 1241 4212 jubet
1290 4132 1528 4194 beatum
1580 4134 1793 4195 adduci
1828 4134 2076 4214 Elpide-

434 4219 706 4298 phorum,
740 4230 800 4283 ut
833 4224 930 4303 qui
961 4223 1114 4302 apud
1150 4242 1287 4285 eum
1324 4224 1508 4285 ferret
1542 4225 1764 4304 primos
1788 4224 2072 4288 honores.

429 4307 534 4371 Ille
566 4318 763 4371 autem
796 4329 1122 4374 conversus
1165 4312 1239 4372 ad
1299 4312 1549 4374 invictos
1603 4324 1915 4392 martyres,
1976 4315 2075 4395 qui

430 4402 692 4462 nondum
720 4410 891 4462 erant
908 4402 1305 4463 consummati
1334 4422 1347 4463 :
1375 4401 1614 4480 Rogata,
1633 4403 1800 4477 dixit,
1823 4421 1925 4481 pro
1953 4423 2072 4476 me,

429 4491 633 4552 Patres
682 4489 741 4549 in
776 4491 1010 4568 spiritu,
1049 4489 1234 4550 duces
1269 4510 1415 4552 mem
1446 4494 1503 4552 in
1563 4491 1854 4554 Christum
1906 4493 2069 4565 fidei,

430 4584 494 4637 ut
544 4596 651 4655 ego
700 4596 938 4657 quoque
967 4596 999 4637 a
1032 4584 1227 4641 vestro
1279 4590 1433 4641 metu
1466 4600 1582 4641 non
1616 4583 1907 4646 excidam.
1967 4582 2070 4644 Cui

429 4666 617 4727 sancti
654 4686 667 4728 :
705 4667 844 4729 Esto
877 4666 1036 4728 bono
1065 4669 1287 4742 animo,
1320 4671 1620 4745 dixerunt,
1654 4692 1687 4731 ι)
1722 4672 1922 4744 frater,
1945 4680 2070 4732 esto

432 4753 587 4815 bono
617 4757 840 4829 animo,
894 4765 955 4817 et
1002 4776 1078 4818 ne
1107 4758 1188 4820 sis
1216 4758 1413 4821 animo
1447 4760 1676 4835 anxius,
1744 4778 1850 4823 nos
1908 4760 2068 4821 enim

432 4845 1313 4924 praecedes,primussisteudus
1330 4869 1526 4911 coram
1544 4852 1768 4912 cmlesti
1790 4851 2067 4913 Domino.

428 4935 577 4995 Cum
622 4951 724 4995 eos
755 4953 895 5014 ergo
928 4945 1092 4998 esset
1123 4938 1459 5019 amplexus,
1511 4940 1840 5001 ducebatur
1869 4941 1940 5001 ad
1979 4948 2070 5018 ty-

429 5040 683 5110 rannum
719 5042 733 5086 :
770 5043 903 5086 eum
939 5036 1139 5088 autem
1174 5036 1295 5089 tres
1324 5049 1565 5110 quoque
1597 5030 1695 5091 alii
1728 5048 2071 5110 conseque-

430 5109 666 5185 bantur,
702 5113 802 5193 qui
832 5123 1001 5176 erant
1033 5115 1304 5194 ejusdem
1337 5120 1521 5179 animi
1565 5133 1621 5179 et
1653 5120 1923 5181 instituti.

506 5197 709 5265 XVIII.
758 5204 1065 5284 Tyrannus
1106 5215 1354 5267 autem:
1407 5208 1556 5280 Quid
1606 5208 1797 5281 vobis,
1854 5207 2069 5290 inquit,

427 5291 662 5363 accidit,
697 5310 731 5352 ο
762 5292 951 5367 stulti,
1002 5304 1064 5355 ut
1114 5296 1361 5357 deorum
1396 5298 1637 5376 quidem
1675 5300 1921 5377 patriam
1972 5298 2071 5359 di-

430 5380 745 5443 mitteretis
775 5382 1160 5465 religionem,
1191 5386 1579 5450 adltaareretis
1624 5406 1762 5451 vero
1811 5389 1903 5450 his
1953 5388 2072 5449 im-

429 5470 805 5550 posturibus‘.’
836 5472 952 5535 Sed
985 5474 1097 5536 nisi
1129 5473 1245 5536 cito
1283 5478 1731 5556 resipiscentes,
1765 5478 1838 5541 ad
1880 5479 2076 5560 priora

510 5650 542 5700 8
572 5652 725 5717 Psal.
759 5669 902 5732 Lxu,
935 5654 997 5733 ἓ,
1032 5673 1162 5738 sqq.

2164 3143 2220 3201 δὲ
2295 3144 2477 3223 στῖφος
2536 3143 2873 3219 στρατιωτῶν
2954 3143 3200 3223 ἓξαυτῆς,
3263 3146 3396 3201 κατὰ
3453 3152 3559 3202 τῶν
3621 3146 3815 3220 ἐπομέ·

2166 3256 2292 3308 νων,
2376 3247 2493 3297 τοῖς
2583 3233 2753 3312 ἁγίοις
2831 3233 3116 3313 ἐκπέμπει,
3171 3232 3508 3301 ἀποσοϐῆσαι
3596 3236 3811 3299 τούτους

2164 3322 2600 3399 κεκελευσμένον.
2660 3321 2817 3385 Ἀλλ’
2863 3325 2909 3379 οἱ
2958 3337 3196 3399 γενναῖοι
3258 3323 3455 3380 ἐκεῖνοι
3509 3325 3595 3381 καὶ
3645 3339 3809 3405 μεχρι

2162 3412 2345 3475 τέλους
2414 3413 2545 3488 πρὸς
2605 3412 2705 3479 τὴν
2782 3412 3040 3490 ἁμαρτίαν
3094 3412 3385 3490 ἐγνωκότες
3435 3414 3809 3472 ἀντικαθίστα-

2160 3505 2301 3575 σθαι,
2338 3501 2461 3578 παρ’
2522 3500 2668 3558 οὒδὲν
2699 3508 2855 3558 τοῦτο
2882 3502 3112 3575 θέμενοι,
3148 3516 3264 3567 τοῖς
3318 3503 3489 3579 ἀγίοις
3523 3524 3540 3579 ;
3602 3503 3807 3579 μᾶλλον

2159 3589 2375 3648 εἴλοντο
2429 3594 2834 3650 συναποθανεῖν.
2900 3582 2993 3645 ’μὲν
3053 3595 3149 3658 τὴν
3206 3591 3448 3648 ἔνστασιν
3480 3595 3508 3649 ὁ
3558 3596 3806 3673 τύραννος

2159 3685 2298 3746 αὖθις
2386 3680 2712 3756 ἀναμαθών,
2785 3678 3031 3735 ἐκέλευσε
3115 3694 3231 3744 τοῖς
3304 3682 3474 3759 ἁγίοις
3569 3681 3805 3748 ἅπαντας

2160 3776 2737 3850 συγκατασσφαγῆναι,
2791 3792 3054 3848 προφασιν
3110 3774 3209 3839 τῆς
3255 3773 3384 3848 πρὸς
3447 3775 3507 3829 τὸ
3564 3774 3806 3854 ἀναιρεῖν

2162 3861 2467 3939 ἀνθρώπους
2543 3859 2847 3939 ἐπιθυμίας,
2907 3861 2967 3915 τὸ
3033 3859 3338 3938 φιλευσεϐἒς
3411 3864 3582 3919 αὐτῶν
3655 3889 3810 3933 ποιηο

2164 3951 2415 4020 σὰμενος.
2470 3946 2827 4031 ’ξ’ποϐληθείς
2886 3946 2940 4003 δὲ
3000 3951 3100 4004 ὑπό
3156 3971 3313 4006 τινων
3366 3965 3451 4017 οῖς
3501 3952 3661 4024 ζῆλος
3694 3958 3811 4036 περὶ

2159 4041 2225 4096 τὰ
2296 4038 2495 4096 εἴδω)α
2553 4039 2619 4107 ἦν
2673 4041 2744 4099 ὡς
2806 4039 2839 4104 ἡ
2896 4037 3158 4104 σύκλητος
3215 4040 3354 4097 αἰτία
3430 4042 3637 4117 γένοιτο
3702 4053 3809 4102 τῶν

2158 4131 2422 4186 τοσούτων
2480 4130 2682 4198 κακῶν,
2720 4128 2809 4183 τὸν
2865 4127 3125 4204 μακάριον
3159 4127 3526 4210 Ἐλπιδιφόρυν
3576 4133 3808 4215 ἀχθῆναι

2158 4220 2473 4297 προστάττει
2546 4216 2639 4272 ἅτε
2718 4216 2811 4279 τὰς
2871 4216 3086 4293 πρώτας
3162 4217 3385 4297 φέροντα
3443 4223 3586 4298 παρά
3642 4227 3808 4301 ταύτῃ

2159 4310 2341 4370 τιμάς,
2432 4305 2492 4366 Ὀ
2555 4305 2610 4360 δὲ
2711 4308 2839 4373 πρὸς
2906 4307 3026 4369 τοὺς
3101 4307 3402 4377 ἀηττήτους
3467 4311 3807 4393 ἐπιστραφεὶς

2159 4399 2448 4475 μάρτυρας,
2509 4394 2653 4452 eiii-tu)
2707 4396 3103 4467 τελειωθέντας,
3169 4396 3391 4463 Εὕξασθε
3456 4402 3614 4457 εἶπεν
3675 4405 3806 4482 ὑπὲρ

2158 4488 2285 4558 ἐμου
2346 4486 2571 4563 Πατέρες
2620 4485 2674 4540 ἐν
2730 4486 3018 4561 πνεύματι,
3053 4489 3100 4542 οἱ
3130 4486 3248 4561 ἐμοὶ
3302 4494 3404 4556 τῆς
3448 4493 3519 4555 εἰς
3580 4495 3804 4569 Χριστὸν

2157 4578 2382 4641 πίστεως
2436 4574 2620 4652 ὅδηγοὶ
2676 4576 2815 4632 ὥστε
2874 4574 3011 4649 κᾶμὲ
3065 4582 3161 4642 τῆς
3229 4578 3375 4652 ὑμῶν
3427 4579 3665 4647 συνοδίας
3725 4584 3804 4658 μὴ

2156 4667 2428 4729 ἐκπεσεῖν.
2483 4669 2618 4743 Πρὸς
2678 4666 2735 4721 ὃν
2768 4667 2813 4721 οἱ
2846 4664 3016 4743 ἅγιοι·
3077 4667 3293 4739 Θάρσει,
3327 4667 3551 4747 ἔφησαν,
3582 4669 3800 4753 ἀδελφέ,

2154 4758 2356 4829 θάρσει,
2389 4758 2476 4812 καὶ
2530 4755 2606 4829 μὴ
2662 4755 2872 4829 ἀθύμει·
2940 4756 3228 4832 προηγήσῃ
3282 4759 3381 4834 γὰρ
3438 4767 3592 4835 ἡμῶν
3651 4769 3803 4839 πρῶ-

2153 4869 2242 4911 τος
2302 4847 2378 4921 τῷ
2407 4844 2630 4923 οὐρανίῳ
2682 4844 2927 4918 Δεσπότῃ
2962 4846 3466 4920 παραστησάμενος,
3519 4850 3802 4908 Ἀσπασά-

2157 4958 2314 5011 μενος
2373 4938 2460 4991 οὗν
2517 4936 2726 5004 αὐτοὺς,
2784 4934 2913 5011 πρὸς
2962 4935 3053 4988 τὸν
3102 4935 3352 5012 τύραννον
3408 4937 3598 5017 ἤγετο,
3632 4944 3804 4999 συνεί-

2155 5049 2319 5083 ποντο
2375 5024 2429 5081 δὲ
2461 5025 2602 5099 αυτῷ
2659 5025 2745 5079 καὶ
2778 5022 2948 5097 ἕτεροι
2994 5036 3140 5101 τρεῖς
3177 5030 3270 5092 τῆς
3326 5030 3489 5096 αὐτῆς
3546 5029 3803 5111 ἐχόμενοι

2155 5119 2379 5194 γνώμης
2408 5116 2496 5171 καὶ
2525 5113 2914 5191 προαιρέσεως,

2240 5207 2373 5267 "in.
2420 5205 2479 5262 »Ο
2510 5202 2565 5260 δὲ
2610 5204 2860 5295 τυραννος
2897 5202 2954 5261 Τί
2985 5203 3301 5285 πεπόνθέτε,
3334 5211 3517 5285 φησὶν,
3560 5210 3807 5295 ἀνόητοι,

2157 5301 2255 5362 τῆς
2327 5295 2425 5369 μὲν
2495 5293 2746 5372 πατρῲις
2815 5298 2921 5348 τῶν
2992 5296 3125 5348 θεῶν
3193 5298 3475 5373 θρησκείας
3548 5293 3807 5379 ἀφέμενοι

2156 5385 2273 5450 τοῖς
2323 5384 2599 5440 ἀπατεῶσι
2658 5381 2713 5438 δὲ
2778 5380 2982 5444 τούτοις
3032 5383 3567 5465 προσκολληθέντεςς
3607 5389 3731 5448 ἁλλ’
3762 5394 3806 5449 εἰ

2155 5475 2234 5552 μὴ
2286 5473 2487 5553 τάχιον
2536 5471 2904 5548 ἀνανήψαντες
2956 5469 3295 5531 ἐπιλέϐοισθε
3344 5482 3451 5532 τῶν
3510 5480 3804 5566 προτέρων,
