4158 6414
307 383 371 452 41
1453 390 1632 458 VITA
1679 393 1740 457 S.
1783 391 2165 460 JOANNIGII
2214 397 2559 461 ABBATIS.
3610 405 3688 472 42

303 524 446 592 πλὴν
473 523 594 581 ἀλλ’
624 526 686 582 οῦ
744 525 911 608 μέχρι
945 529 1108 607 κόρου
1151 527 1519 606 μετελαμϐανε
1575 551 1674 597 της
1735 534 1959 610 τροφῆς,

2061 537 2157 606 ret,
2227 537 2286 593 et
2343 531 2416 595 ad
2477 539 2824 614 pernoctem
2890 533 3049 598 illam
3107 535 3425 601 inserviret
3476 540 3688 604 statio-

307 614 444 672 ἀλλὰ
497 624 779 698 τοσοῦτον,
838 617 951 692 ὅσῳ
1013 631 1132 684 τοῖς
1185 620 1284 694 μὲν
1355 620 1433 694 μὴ
1516 620 1787 699 φαίνεσθαι
1858 642 1961 687 νη-
2048 638 2208 683 ηοω,

307 706 532 782 στεύων,
591 708 654 762 τὸ
713 713 870 783 σῶμα
931 705 987 762 δὲ
1035 708 1179 781 αύτῷ
1219 708 1554 782 συνεστάναι,
1588 709 1675 765 καὶ
1707 709 1836 786 πρὸς
1867 710 1962 778 τὴν

305 796 583 876 πάννυχον
615 796 824 864 ἐκείνην
854 797 1042 853 στάσιν
1083 798 1396 875 ὑπηρετεῖν,

383 884 497 959 ς’.
587 887 678 942 Ἐν
744 885 953 951 τούτοις
1026 888 1114 942 οῦν
1183 886 1385 944 ἐκείνου
1449 887 1808 967 σχολάζοντος
1879 885 1962 963 ἐφ’

2127 889 2228 951 VI.
2262 887 2405 951 Cum
2438 889 2540 953 ille
2570 908 2708 970 ergo
2741 899 2894 955 totos
2939 911 3040 955 sex
3073 913 3264 958 annos
3309 897 3401 958 his
3433 906 3688 977 vacaret,

303 974 451 1041 ὅλοις
508 974 680 1033 ἔτεσιν
739 975 814 1048 ἓξ,
877 977 942 1032 τὸ
995 981 1099 1032 τῶν
1174 975 1489 1056 Βουλγάρων
1559 974 1747 1043 ἔξεισιν
1817 975 1963 1040 ἔθνος

2061 978 2349 1067 egreditur
2375 997 2522 1058 gens
2541 981 3278 1064 Bulgarornm,Thraciam
3293 974 3689 1067 depopulans.

302 1068 404 1132 τῆν
462 1071 569 1121 τῶν
634 1071 852 1143 Θρᾳκῶν
926 1063 1272 1140 ληϊζόμενον.
1349 1063 1963 1142 Ἀντιστρατοπεδεύεται

2061 1066 2353 1129 Adversus
2404 1087 2506 1132 eos
2553 1077 2747 1132 autem
2797 1063 2959 1135 ducit
3011 1063 3503 1154 exercitum—qui
3553 1085 3692 1140 tunc

301 1154 481 1209 τοίνυν
538 1154 723 1218 αύτοϊς
782 1157 809 1209 ὁ
871 1153 967 1221 τῆς
1030 1151 1307 1229 Ῥωμαίων
1355 1153 1477 1211 τότε
1534 1162 1764 1230 κρατῶν,
1799 1167 1964 1234 χετρτ

304 1241 517 1310 πολλὴν
569 1243 657 1300 κᾶἱ
708 1243 954 1322 μάχιμον
999 1246 1360 1321 συναθροίσας,
1419 1245 1505 1310 οἷς
1553 1241 1725 1314 δήπου
1781 1243 1966 1309 συνεξ-

307 1333 542 1402 ητάζετο
591 1333 680 1389 καὶ
711 1335 738 1388 6
789 1334 1028 1398 νεανικὸς
1075 1333 1176 1400 τὴν
1224 1331 1495 1392 ευσέϐειαν
1543 1336 1694 1398 οὗτος
1730 1351 1744 1369 ⁸
1803 1333 1970 1390 πόλε-

309 1423 410 1495 μός
462 1442 522 1477 τε
582 1421 746 1500 μέγας
809 1425 992 1486 αὐτοῖς
1052 1421 1366 1500 συνεῤῥάγη,
1425 1423 1513 1480 καὶ
1572 1424 1707 1480 κατὰ
1763 1421 1968 1490 πλῆθος

311 1514 363 1565 αἱ
435 1509 709 1592 φάλαγγες
780 1513 1028 1568 πίπτουσι
1105 1513 1210 1568 τῶν
1285 1503 1583 1587 Ῥωμαίων.
1659 1513 1720 1570 Τί
1780 1511 1868 1568 οὖν
1939 1511 1968 1566 6

310 1599 481 1678 μέγας
528 1598 586 1656 ἐν
634 1600 924 1679 ἀριστεῦσι,
988 1603 1078 1658 καὶ
1133 1602 1326 1676 μείζων
1373 1602 1428 1657 ἐν
1489 1601 1759 1670 ἀσκτιταῖς
1817 1603 1966 1665 οὗτος

309 1689 684 1752 ἰωαννίκιοςε
747 1692 853 1748 Οἷα
913 1689 1081 1746 Δαυΐδ
1154 1689 1314 1756 ἄλλος
1369 1692 1438 1757 ἦν
1492 1689 1793 1748 διακόπτων
1865 1690 1963 1765 μὲν

306 1781 435 1842 τοὺς
499 1776 828 1858 ἀλλοφύλους
902 1780 994 1835 σὺν
1063 1779 1305 1857 μυριάσι,
1377 1778 1651 1842 πλείστους
1723 1778 1779 1834 δὲ
1844 1779 1968 1856 ῥυό-

2048 1155 2514 1236 eratimperator
2537 1159 2969 1241 Romanorum,
2987 1180 3197 1240 magna
3222 1171 3280 1224 et
3299 1163 3494 1225 valida
3515 1183 3694 1228 manu

2052 1252 2274 1318 coacta,
2293 1245 2352 1306 in
2377 1265 2629 1327 quorum
2661 1266 2909 1310 numero
2937 1259 3067 1312 erat
3090 1251 3185 1312 hic
3209 1269 3448 1332 quoque
3472 1253 3696 1333 pietate

2052 1334 2228 1411 plane
2255 1334 2512 1413 juvenis.
2549 1337 2820 1414 Magnum
2862 1338 3057 1420 itaque
3090 1341 3360 1417 praelium
3392 1341 3504 1402 fuit
3535 1343 3698 1405 inter

2052 1441 2155 1483 eos
2184 1423 2591 1502 commissum,
2625 1433 2682 1486 et
2711 1443 2779 1486 ex
2809 1430 3080 1489 exercitu
3112 1427 3517 1492 Romanorum
3538 1431 3699 1494 cadit

2053 1529 2301 1590 magnus
2324 1531 2631 1574 numerus.
2663 1513 2814 1587 Quid
2841 1533 2980 1594 ergo
3013 1516 3116 1579 ille
3138 1517 3300 1580 inter
3327 1518 3486 1581 viros
3511 1519 3697 1583 fortes

2052 1618 2326 1681 magnus,
2351 1610 2410 1663 et
2425 1601 2580 1664 inter
2602 1603 3026 1666 exercitatores
3046 1607 3281 1686 pietatis
3297 1609 3486 1689 major
3512 1607 3698 1672 Joan-

2051 1689 2277 1751 nicius?
2299 1695 2730 1770 Erattanquam
2758 1693 2909 1756 alius
2931 1694 3135 1776 David,
3162 1697 3527 1777 alienigenas
3557 1703 3657 1778 qui
3677 1734 3700 1750 -

2050 1778 2188 1840 dem
2222 1798 2622 1862 perrumpens
2659 1801 2794 1846 cum
2829 1783 3035 1845 multis
3085 1785 3374 1864 millibus,
3410 1787 3700 1868 plurimos

309 1890 472 1934 μενος
525 1875 631 1925 τῶν
678 1870 974 1946 ὁμογενῶν,
1028 1869 1165 1925 ὥστε
1225 1871 1313 1926 καὶ
1369 1891 1487 1926 τινα
1543 1874 1650 1925 τῶν
1698 1869 1968 1947 ἐπιφανῶν

2061 1877 2249 1959 autem
2280 1869 2546 1959 liberans
2576 1890 2646 1934 ex
2675 1872 2771 1951 iis,
2798 1873 2899 1952 qui
2932 1883 3102 1937 erant
3133 1876 3399 1956 ejusdem
3433 1877 3694 1959 generis,

309 1951 614 2033 Ῥωμαίων,
673 1964 905 2038 μηχανῇ
962 1958 1060 2032 μὲν
1115 1959 1218 2014 ὑπὸ
1273 1964 1381 2016 τῶν
1436 1957 1754 2036 Βουλγάρων
1801 1960 1960 2031 ἱμαν-

303 2047 464 2104 τώδει
494 2046 784 2127 ληφθῆναι,
838 2049 930 2103 τὸν
1001 2044 1058 2103 δὲ
1116 2048 1315 2114 ταύτην
1377 2053 1457 2121 τῷ
1487 2048 1618 2126 ξίφει
1649 2045 1964 2124 διατεμόντα

2050 1957 2198 2019 adeo
2244 1966 2309 2020 ut
2337 1957 2576 2039 quidam
2631 1979 2700 2022 ex
2733 1961 3065 2024 illustribus
3106 1964 3392 2026 Romanis
3424 1957 3702 2030 machina

2049 2045 2293 2124 quidem
2325 2065 2394 2108 ex
2425 2047 2570 2108 loris
2600 2057 2877 2111 contexta
2909 2059 3226 2130 caperetur
3258 2069 3294 2113 a
3327 2053 3618 2134 Bulgaris,
3647 2056 3699 2117 is

303 2146 404 2206 τῆς
437 2137 698 2214 πολεμίας
727 2140 915 2218 χειρὸς
971 2141 1065 2195 τὸν
1127 2136 1401 2216 ἄνθρωπον
1459 2139 1732 2217 ρῖσασθαι,
1790 2138 1964 2196 Ταῦτα

2061 2153 2188 2196 vero
2225 2153 2296 2197 ea
2325 2135 2524 2215 gladio
2555 2136 2839 2215 dissecta,
2877 2157 2911 2200 a
2951 2158 3127 2201 manu
3161 2141 3363 2202 hostili
3391 2142 3694 2207 hominem

303 2228 371 2296 δτ,
433 2230 555 2286 τότε
610 2230 699 2286 καὶ
759 2230 917 2289 αὒτὸς
978 2231 1003 2284 6
1059 2227 1306 2305 βασιλεὺς
1362 2229 1711 2302 θεασάμενος,
1759 2229 1849 2286 καὶ
1903 2229 1964 2284 τὸ

2061 2222 2416 2287 liberaverit.
2443 2224 2585 2286 Haec
2606 2245 2740 2288 cum
2758 2237 2900 2289 tunc
2925 2227 3055 2307 ipse
3080 2230 3408 2308 aspexisset
3433 2231 3700 2311 impera-

304 2322 557 2399 γενναῖον
615 2325 708 2374 τοῦ
776 2317 963 2396 ἀνδρὸς
1025 2317 1334 2396 ἐκπλαγεὶς,
1412 2319 1511 2386 τὴν
1585 2315 1808 2398 πατρίδα
1879 2319 1967 2375 καὶ

304 2411 408 2476 τὴν
441 2407 539 2465 τοῦ
598 2408 857 2483 ὀνόματος
913 2407 1110 2475 κλῆσιν
1166 2409 1342 2478 tam
1380 2411 1594 2484 μαθεῖν,
1641 2400 1698 2466 Ὀ
1752 2407 1807 2463 δὲ
1836 2409 1966 2486 πρὸς

309 2500 520 2564 τούτοις
580 2499 664 2554 καί
717 2499 816 2566 τὴν
876 2501 977 2565 τῆς
1037 2498 1312 2577 στρατείας
1367 2496 1604 2555 ἐδίδασκε
1664 2497 1831 2562 τάξιν.
1871 2499 1970 2554 Καὶ

311 2593 338 2646 6
368 2587 620 2666 βασιλεὺς
659 2587 827 2645 πάντα
859 2586 1036 2663 εύθὺς,
1079 2589 1152 2652 ὡς
1183 2588 1246 2642 ἃν
1302 2588 1381 2663 μὴ
1437 2588 1538 2655 τὴν
1595 2590 1818 2663 μνήμην
1870 2587 1970 2643 αὖ.

310 2687 406 2736 τοῦ
465 2676 751 2758 διαφύγοι,
813 2677 1122 2755 γράμμασιν
1193 2678 1478 2734 ἐκτίθεσθαι
1539 2683 1617 2751 τῷ
1671 2679 1972 2756 ὑπογραφετ

313 2768 543 2847 κελεύει,
605 2769 692 2824 καὶ
732 2773 801 2844 τῇ
858 2767 1136 2846 φιλοτιμίᾳ
1193 2775 1298 2826 τῶν
1353 2766 1671 2824 ἀντιδόσεων
1724 2769 1822 2834 τὴν
1879 2774 1972 2824 τοῦ

310 2857 486 2916 καλοῦ
541 2859 731 2915 τούτου
789 2858 1119 2935 στρατιώτου
1165 2870 1331 2937 χεῖρα
1398 2864 1675 2932 καμοῦσαν
1732 2855 1968 2934 ἐπέῤῥω-

317 2970 433 3010 σεν.
509 2945 782 3005 Ἐντεῦθεν
849 2949 938 3003 καὶ
1012 2947 1213 3004 πλείονι
1285 2955 1353 3022 τῇ
1405 2949 1544 3026 ῥοπῇ
1601 2946 1971 3026 χρησάμενος,

318 3040 411 3094 ἕνα
510 3036 628 3093 τινὰ
720 3038 826 3094 τῶν
921 3037 1130 3116 ἐχθρῶν
1243 3038 1327 3095 ἐπὶ
1421 3037 1608 3105 στενῆς
1713 3037 1975 3103 ἑστηκότα

317 3128 461 3199 ὁδοῦ,
507 3128 601 3182 καί
657 3126 887 3190 πολλοὺς
948 3127 1260 3206 ἀναιροῦντα
1312 3121 1587 3204 Ῥωμαίων
1644 3127 1670 3182 ὁ
1727 3138 1974 3204 γενναῖος

313 3217 468 3280 οὗτος
543 3217 900 3290 ἐπεισπεσὼν,
985 3216 1224 3294 κεφαλῆς
1307 3217 1508 3295 ἒστέρει
1579 3218 1670 3272 τὸν
1759 3213 2031 3309 πολλῶνο

311 3307 511 3383 ἑτέρων
578 3304 815 3384 κεφαλὰς
872 3304 1224 3385 ἀφελόμενον.
1286 3307 1465 3371 Οῧτως
1538 3307 1589 3362 αἱ
1660 3306 1797 3362 κατὰ
1867 3305 1971 3360 τῶν

308 3395 603 3475 δρωμένων
671 3395 879 3475 ἰχθρῶν
948 3394 1216 3474 ἀριστεϊαι
1287 3393 1553 3471 σύμϐολον
1624 3393 1760 3461 ἦσαν
1833 3395 1974 3466 αὒτῴ

306 3493 417 3543 τῶν
481 3483 787 3561 μελλόντων
843 3484 980 3542 κατὰ
1039 3487 1146 3541 τῶν
1204 3489 1264 3546 οῦ
1311 3483 1648 3564 φαινομένωτ
1703 3480 1972 3560 δυσμενῶν

308 3572 585 3652 τροπαίων
595 3621 610 3635 .

395 3662 476 3722 Ζ’.
544 3663 646 3721 Καί
701 3662 820 3742 ὅρα,
877 3667 994 3727 πῶς
1052 3661 1283 3721 ἐντεῦθεν
1347 3663 1438 3721 καὶ
1470 3664 1600 3738 πρὸς
1631 3665 1730 3728 τὴν
1760 3660 1972 3718 ἐγείνων

312 3751 554 3829 ἅμιλλαν
610 3750 902 3830 ὡδηγεϊτο,
965 3754 1055 3808 καὶ
1115 3751 1218 3820 ἤδη
1277 3752 1457 3820 πάλης
1497 3751 1721 3827 ἥπτετο,
1754 3751 1973 3808 καὶτὸν

314 3842 549 3910 ὁπλίτην
601 3847 721 3898 νοῦν
780 3841 971 3921 ἀποχῇ
1038 3844 1219 3899 σιτίων
1287 3845 1377 3900 καὶ
1447 3846 1728 3922 προσευχῇ
1794 3839 1973 3903 καλῶς

312 3931 543 4002 ὥπλιζε.
617 3931 724 3997 Ti:
795 3933 895 4010 γὰρ
964 3937 1094 4011 πρὸς
1177 3933 1298 3998 τοὺς
1384 3931 1681 4011 ὁρωμένους
1760 3930 1974 3991 τούτους

316 4022 547 4102 ἐχθροὺς
617 4020 804 4098 μάχης
873 4020 1052 4097 ἡρέμα
1121 4022 1211 4077 καὶ
1279 4021 1418 4078 κατᾶ
1487 4020 1663 4098 βραχὺ
1733 4017 1975 4100 διαστὰς,

316 4116 407 4168 καὶ
465 4111 522 4166 ἐν
581 4109 753 4184 ἐαυτῷ
811 4108 1008 4167 λοιπὸν
1064 4111 1318 4188 γεγονὼς,
1387 4108 1609 4188 ἔστρεφε
1664 4129 1721 4164 τε
1778 4110 1884 4164 τῶν
1946 4107 1979 4163 ἂ.

319 4200 538 4278 δυνάμει
589 4201 720 4256 Θεοῦ
765 4203 901 4257 κατὰ
951 4205 1057 4256 τῶν
1113 4199 1320 4281 ἐχθρῶν
1375 4200 1648 4278 ἠρίστευσε
1701 4198 1974 4276 γενναίως,

316 4291 408 4346 καὶ
465 4289 797 4364 ζῆμιωθῆναι
828 4291 1051 4369 πιεκρᾶν
1107 4290 1314 4358 εκείνην
1371 4290 1567 4365 ζημίαν
1624 4289 1716 4345 τὸν
1767 4287 1978 4344 ὅπισθεν

316 4379 475 4456 ἔλεγε
532 4380 752 4460 χρόνον,
813 4380 869 4436 ἑν
927 4381 1038 4454 ὅσῳ
1094 4381 1172 4457 μὴ
1230 4378 1318 4436 διὰ
1373 4379 1538 4456 τιμῆς
1598 4382 1740 4452 αὒτῷ
1798 4379 1832 4446 ἡ
1887 4384 1982 4433 τοῦ

316 4476 552 4540 Χριστοῦ
623 4472 778 4526 εἰκὼν
845 4468 1034 4549 ἤγετο,
1105 4471 1194 4527 καὶ
1263 4481 1383 4534 τοῖς
1457 4471 1556 4537 τῆς
1629 4465 1978 4544 μεταμελείας

315 4559 530 4636 βέλεσιν
596 4556 850 4616 ἐϐάλλετο
895 4560 997 4626 τὴν
1053 4561 1263 4641 ψυχὴν,
1327 4559 1415 4614 καὶ
1473 4559 1701 4633 ὡσπερεὶ
1761 4563 1980 4615 τοιαῦτα

315 4651 450 4727 πρὸς
498 4649 685 4707 ἑαυτὸν
736 4648 1026 4727 διελέγετο·
1089 4651 1317 4726 Τοιούτῃ
1372 4669 1440 4724 με
1495 4646 1758 4704 δουλεύειν
1815 4669 1980 4726 προσ·

314 4739 415 4806 ἧκε
481 4739 751 4816 Δεσπᾶτῃ,
812 4741 900 4796 καὶ
959 4739 1035 4814 μὴ
1089 4761 1228 4797 κατα
1283 4744 1390 4795 τῶν
1449 4735 1734 4816 ὁρωμένων
1781 4738 1976 4793 τούτων

317 4831 486 4903 μόνον
518 4828 746 4909 ἐχθρῶν,
779 4826 918 4885 ἀλλὰ
967 4827 1022 4884 δὲ
1052 4831 1140 4885 καὶ
1168 4828 1305 4886 κατᾶ
1355 4833 1460 4884 τῶν
1518 4827 1757 4903 ἀοράτων
1818 4825 1977 4882 ὁπλί-

316 4922 499 4988 ζεσθαι
536 4935 550 4948 ·
631 4919 660 4973 ὃ
731 4917 829 4976 καὶ
892 4917 962 4974 δι’
1033 4919 1202 4999 εύχῆς
1273 4917 1383 4996 ἐγὼ
1451 4915 1687 4992 μάλιστα
1746 4916 1978 4992 τίθεμαι,

318 5006 541 5076 δοθῆναί
611 5027 702 5085 μοι
774 5009 984 5088 καιρὸν,
1055 5006 1172 5065 καθ’
1243 5005 1304 5064 θν
1375 5005 1525 5064 ἔσται
1599 5029 1691 5082 μοι
1764 5004 1979 5062 δυνατὸν

318 5097 578 5163 ὒποτάξαι
609 5099 708 5167 τὴν
747 5099 917 5178 σάρκα
973 5105 1049 5172 τῷ
1110 5097 1396 5177 πνεύματι,
1460 5097 1544 5152 καὶ
1602 5096 1753 5171 μόνῳ
1807 5116 1980 5173 προσ-

317 5191 542 5269 ανέχειν
614 5193 753 5264 Θεῷ.
831 5189 1101 5247 Ἐντεῦθεν
1167 5189 1258 5244 καὶ
1327 5190 1428 5255 τῆς
1517 5187 1770 5256 συνήθους
1841 5185 1980 5248 ὅλως

317 5277 530 5356 ἐγένετο
589 5282 927 5359 προσευχῆς,
993 5278 1080 5334 καὶ
1145 5278 1208 5334 τὸ
1266 5277 1638 5356 δπερκείμενον
1707 5276 1762 5332 ἐν
1840 5273 1981 5346 δεξιᾷ

313 5373 412 5436 τῆς
469 5369 711 5433 Βιθυνίας
767 5368 889 5448 ὅρος
948 5366 980 5423 θ
1009 5365 1137 5448 παρ’
1180 5367 1318 5445 ἡμῖν
1351 5364 1643 5445 ’Ὄλυμπος
1705 5365 1978 5437 καλεῖται,

312 5457 542 5528 ὼόίνησε
571 5461 664 5518 τὸν
693 5456 906 5540 ἥσυχον
936 5459 1027 5515 καὶ
1056 5455 1352 5539 φιλέρημον
1383 5457 1522 5535 βίον.

398 5646 491 5707 Η’.
580 5637 932 5715 Ἐνδημάσας
1011 5637 1100 5695 ούν
1166 5638 1548 5715 βασιλευούσῃ,
1611 5638 1699 5693 καὶ
1753 5649 1871 5701 τοῖς
1928 5633 1986 5691 ἐν

512 5733 812 5808 εὒκτηρίοις
869 5725 1261 5804 συνταξάμενος
1319 5728 1520 5807 οἴκοις,
1580 5728 1669 5784 καὶ
1721 5729 1820 5793 τὴν
1889 5745 1984 5781 τε-

568 5943 836 6011 Ρλτιιοι.
875 5940 995 6008 Gs.
1047 5937 1254 6007 CXVI.

2051 2323 2164 2390 tor,
2182 2323 2238 2376 et
2249 2316 2300 2392 ej
2312 2334 2378 2376 us
2399 2317 2845 2379 essetvirtutem
2873 2317 3220 2392 admiratus,
3249 2319 3526 2401 cupiebat
3544 2323 3699 2385 scire

2053 2409 2328 2484 patriam,
2357 2412 2416 2466 et
2439 2407 2597 2485 quod
2624 2414 2780 2467 esset
2803 2408 2854 2467 ei
2882 2409 3240 2472 nomen.llle
3264 2420 3459 2471 autem
3485 2420 3702 2492 praster

2053 2492 2180 2554 haec
2211 2493 2416 2555 docuit
2435 2495 2610 2556 etiam
2635 2495 2907 2557 ordinem
2936 2497 3164 2560 militia:
3205 2496 3536 2579 Imperater
3559 2518 3701 2564 vero

2055 2583 2253 2645 omnia
2276 2583 2583 2664 statim,ne
2606 2583 2901 2647 memoria
2924 2587 3512 2668 exciderent,scrib¢e
3531 2590 3704 2668 jubet

2056 2672 2344 2733 mandare
2375 2673 2645 2754 scriptis,
2679 2681 2737 2734 et
2774 2675 3212 2754 magniﬁcentia
3259 2685 3700 2741 remuneratio-

2056 2779 2222 2835 num,
2259 2761 2631 2824 conﬁrmavit
2663 2763 2956 2826 defessam
2997 2783 3237 2828 manum
3271 2767 3448 2847 hujus
3479 2768 3701 2848 egregii

2055 2850 2444 2914 militis.Hiuc
2489 2853 2676 2930 magis
2710 2854 3007 2929 incitatus,
3041 2875 3222 2916 unum
3276 2855 3594 2932 quemdam
3630 2876 3701 2917 ex

2059 2938 2346 3010 inimicis,
2382 2940 2485 3019 qni
2536 2949 2780 3003 steterat
2822 2943 2884 3002 in
2932 2943 3023 3004 via
3073 2952 3341 3023 angusta,
3375 2951 3436 3005 et
3486 2946 3702 3008 multos

2061 3029 2371 3090 occidebat
2402 3049 2475 3090 ex
2511 3028 2814 3104 Romanis,
2850 3032 2937 3092 vir
2965 3033 3067 3094 ille
3116 3043 3420 3106 strenuus,
3453 3035 3604 3096 facto
3639 3035 3701 3095 in

2060 3137 2193 3180 eum
2219 3119 2467 3199 impetu,
2501 3119 2665 3180 illum
2693 3121 2939 3199 privavit
2969 3122 3183 3200 capite,
3209 3124 3309 3201 qui
3341 3123 3542 3184 multis
3569 3123 3703 3186 aliis

2059 3207 2251 3284 capita
2299 3208 2646 3270 abstulerat.
2681 3207 2778 3270 Sic
2823 3209 3108 3271 adversus
3139 3211 3342 3275 hostes
3371 3212 3472 3292 qui
3503 3212 3704 3273 viden-

2058 3306 2175 3374 tur,
2211 3299 2498 3378 przeclara
2528 3297 2817 3379 facinora,
2851 3307 3022 3361 erant
3052 3301 3282 3379 signum
3319 3313 3702 3384 tropaeorum,

2057 3406 2189 3468 qua;
2219 3397 2346 3449 erat
2378 3397 2692 3451 erecturus
2727 3397 2931 3452 contra
2978 3389 3276 3470 inimicos,
3311 3390 3414 3468 qui
3447 3409 3564 3454 non
3597 3409 3710 3473 ap-

2059 3487 2290 3558 parent.

2135 3655 2424 3719 VII.Vide
2448 3665 2642 3719 autem
2678 3658 2978 3737 quomodo
3011 3657 3153 3720 hinc
3178 3658 3287 3720 fuit
3316 3657 3608 3721 deductus
3631 3658 3708 3720 ad

2057 3747 2508 3828 suscipiendum
2556 3754 2759 3810 contra
2794 3748 2927 3810 lllos
2958 3755 3260 3810 certamen
3295 3768 3308 3808 :
3375 3757 3434 3810 et
3457 3748 3581 3828 jam
3632 3747 3708 3809 ad

2059 3837 2402 3898 luctandum
2463 3845 2553 3898 est
2610 3855 2948 3918 aggressus,
3013 3846 3071 3898 et
3129 3838 3320 3917 gravis
3389 3845 3708 3900 armatum

2061 3934 2345 4000 mentem,
2381 3927 2738 3988 abStinentia
2773 3945 2807 3987 a
2837 3926 2991 3990 cibis
3033 3935 3091 3987 et
3133 3927 3402 3989 oratione
3454 3926 3707 4008 pulchre

2060 4021 2330 4080 armavit.
2364 4015 2510 4076 Nam
2534 4033 2668 4078 cum
2695 4033 2730 4076 a
2752 4035 2950 4096 pugna
2979 4015 3265 4078 adversus
3298 4016 3534 4097 eos,qui
3567 4035 3704 4078 cer-

2062 4112 2306 4178 nuntur,
2334 4105 2546 4194 hostes
2575 4123 2640 4167 se
2669 4104 2895 4194 sensim
2929 4112 2990 4166 et
3017 4106 3298 4194 paulatim
3329 4105 3704 4194 dimovisset,

2063 4201 2123 4255 et
2152 4212 2216 4255 se
2247 4193 2537 4274 deinceps
2567 4192 2929 4270 collegisset,
2953 4193 3228 4256 versabat
3260 4192 3459 4254 animo
3479 4192 3547 4255 ea
3578 4213 3710 4274 quae

2063 4283 2169 4346 Dei
2186 4283 2402 4346 virtute
2425 4284 2707 4344 adversus
2735 4283 2937 4343 hostes
2967 4282 3202 4343 fortiter
3230 4290 3516 4361 gesserat,
3553 4290 3614 4345 et
3640 4301 3707 4344 se

2063 4373 2396 4456 posteriore
2420 4370 3231 4454 temporedicebatacerbum
3259 4370 3402 4432 illud
3423 4371 3708 4432 damnum

2063 4463 2390 4543 accepisse,
2425 4480 2546 4542 quo
2581 4461 2800 4524 Christi
2831 4460 2922 4522 sui
2952 4460 3145 4539 imago
3187 4459 3248 4520 in
3280 4459 3508 4522 honore
3536 4458 3611 4521 ab
3638 4477 3708 4522 eo

2064 4571 2184 4613 non
2200 4551 2622 4632 babebatur,et
2640 4549 2774 4612 telis
2799 4548 3163 4629 paenitentiae
3186 4547 3562 4610 sauciabatur
3582 4551 3710 4628 ejus

2063 4641 2323 4720 animus,
2358 4646 2417 4701 et
2467 4639 2526 4699 in
2560 4639 2719 4699 hunc
2769 4637 3009 4699 modum
3044 4655 3249 4699 secum
3301 4635 3657 4715 loquebatur
3692 4656 3709 4711 ;

2059 4728 2335 4811 Oportuit
2375 4746 2468 4790 me
2523 4727 2624 4789 tali
2651 4727 2906 4788 Domino
2958 4726 3204 4798 servire,
3239 4733 3298 4786 et
3339 4743 3462 4786 non
3512 4725 3710 4786 solum

2062 4820 2346 4882 adversus
2375 4819 2508 4893 hos,
2540 4817 2639 4897 qui
2667 4825 3020 4890 cernuntur,
3055 4814 3352 4890 inimicos,
3391 4813 3496 4875 sed
3531 4816 3711 4876 etiam

2061 4909 2280 4972 armari
2326 4909 2388 4968 in
2437 4925 2540 4968 eos
2595 4906 2697 4987 qui
2757 4925 2872 4967 non
2925 4905 3143 4967 cadunt
3204 4904 3316 4965 sub
3375 4913 3712 4984 aspectum.

2061 4997 2229 5072 Quod
2249 4997 2489 5078 quidem
2515 5014 2653 5074 ergo
2681 4994 2871 5057 habeo
2906 4993 3160 5056 maxime
3191 4992 3252 5054 in
3281 4992 3463 5073 votis,
3494 5010 3715 5073 nempe

2063 5089 2192 5152 dari
2217 5088 2358 5149 mihi
2386 5093 2644 5165 tempus,
2672 5085 2732 5145 in
2754 5103 2869 5165 quo
2895 5085 3117 5163 possim
3141 5099 3385 5144 carnem
3417 5080 3717 5162 subjicere

2061 5177 2318 5259 spiritui,
2343 5182 2400 5237 et
2425 5175 2534 5236 soli
2558 5173 2678 5236 Deo
2701 5175 2964 5236 animum
2989 5171 3301 5233 adhibere.
3333 5170 3486 5233 Hinc
3513 5189 3579 5233 se
3606 5171 3716 5233 de-

2063 5268 2152 5330 dit
2180 5275 2365 5329 totum
2383 5265 2573 5328 solitae
2590 5263 2865 5338 orationi,
2892 5273 2951 5324 et
2979 5280 3117 5323 cum
3153 5260 3395 5324 vidisset
3422 5268 3712 5332 montem,

2064 5356 2168 5439 qui
2198 5354 2608 5435 supereminet
2628 5373 2662 5416 a
2683 5353 2928 5415 dextera
2957 5349 3267 5432 Bithyniae,
3295 5351 3396 5431 qui
3426 5349 3584 5431 apud
3611 5367 3720 5412 nos
3749 5367 3758 5373 ·

2064 5455 2313 5511 vocatur
2355 5444 2664 5527 Olympus,
2700 5443 2980 5526 concepit
3007 5442 3208 5506 animo
3239 5440 3418 5505 vitam
3455 5439 3720 5522 quietam

2068 5547 2126 5602 et
2153 5543 2452 5601 amantem
2487 5533 2858 5597 solitudinis.

2149 5627 2305 5692 VIII.
2355 5625 2502 5689 Cum
2531 5624 2793 5687 venisset
2839 5641 2979 5704 ergo
3008 5623 3073 5686 in
3119 5619 3331 5684 urbem
3380 5618 3629 5698 regiam,
3663 5622 3724 5677 et

2073 5720 2274 5784 valere
2314 5721 2596 5800 jussisset
2626 5733 2718 5795 ea,
2752 5733 2887 5793 quae
2917 5720 3058 5776 sunt
3099 5711 3160 5772 in
3187 5711 3340 5792 ipsa,
3378 5706 3633 5773 oratoria
3663 5709 3728 5763 et

3287 5915 3324 5975 2
