4158 6434
437 401 513 465 43

1733 379 2014 445 MENSIS
2065 377 2510 444 NOVEMBER.

3739 369 3814 435 44

434 531 846 612 emigrationis
867 515 1623 612 postremamreddidisset
1649 513 2092 590 adorationem,

2183 513 2424 572 λευταίαν
2519 518 2616 582 τῆς
2705 510 3006 586 ἀποδημίας
3091 510 3454 588 προσκύνησιν
3539 506 3766 572 ἀποδοὺς
3800 554 3816 580 ,

435 607 696 703 despicit
745 617 991 699 quidem
1042 610 1253 674 referri
1307 607 1369 670 in
1416 622 1729 703 numerum
1779 621 2092 683 procerum

437 693 866 793 imperatoris;
900 702 1156 793 despicit
1185 707 1386 793 autem
1444 693 1700 793 marima
1729 693 2099 793 adipisciuet

449 783 637 882 pluris
667 797 822 877 ﬁeri,
855 811 1032 875 quam
1065 789 1293 869 vulgus.
1328 783 1595 882 Despicit
1624 791 1928 882 paternam
1961 783 2099 843 affe-

443 873 727 968 ctionem,
762 873 1061 966 postponit
1091 882 1319 942 viscera
1363 873 1592 954 matris,
1628 879 1853 968 etcum
1889 888 2097 952 parum

443 958 802 1057 congressus
821 958 977 1035 esset
1009 987 1140 1031 cum
1177 963 1553 1046 parentibus,
1582 959 1884 1040 profectus
1913 967 2003 1020 est
2025 958 2098 1019 ad

435 1047 764 1149 jucundam
796 1063 1054 1144 quietem
1087 1067 1151 1118 et
1181 1052 1511 1123 silentium,
1545 1068 1680 1112 cum
1717 1048 1876 1110 solos
1908 1047 2098 1126 vigin-

444 1136 486 1219 ti
519 1165 770 1237 quatuor
792 1136 989 1215 annos
1018 1164 1084 1208 se
1101 1144 1362 1237 pulchre
1378 1139 1670 1237 gessisset
1700 1137 1760 1198 in
1797 1137 1904 1200 hac
1939 1136 2098 1198 infe-

441 1229 588 1308 riori
635 1252 695 1306 et
727 1240 1026 1303 mundana
1074 1235 1307 1296 militia.
1345 1231 1411 1293 In
1463 1229 1720 1291 transitu
1763 1245 1904 1288 vero
1960 1245 2094 1288 cum

442 1332 799 1398 accessisset
819 1329 894 1390 ad
925 1330 1301 1406 Agaurorum
1324 1316 1780 1392 monasterium,
1809 1315 2101 1396 accipitur

445 1425 519 1488 ab
564 1423 662 1496 iis,
696 1419 797 1503 qui
841 1417 964 1480 illic
985 1402 1192 1489 erant,
1220 1409 1585 1472 monachis:
1639 1413 1700 1468 et
1754 1402 2100 1466 monasterii

448 1494 732 1594 praefecto
780 1506 935 1569 Patri
993 1499 1278 1580 Gregorio
1329 1496 1520 1574 aperit
1578 1512 1751 1556 suum
1809 1494 2100 1566 animum,

448 1581 609 1684 quod
658 1597 892 1661 scilicet
916 1600 1075 1684 amet
1111 1590 1288 1652 vitam
1321 1586 1611 1684 quietam,
1646 1593 1705 1646 et
1752 1582 1912 1664 quod
1953 1581 2104 1682 velit

449 1670 612 1755 solus
660 1687 770 1750 sub
818 1687 944 1747 Deo
995 1681 1216 1760 vivere,
1251 1693 1488 1738 omnem
1548 1673 1866 1735 humanam
1913 1670 2105 1732 vitans

2177 606 2407 682 ὑπερορᾷ
2463 602 2561 679 μὲν
2617 609 2709 659 τοῦ
2765 601 2906 678 παρὰ
2961 598 3180 676 βασιλεῖ
3231 598 3532 672 τάττεσθαι,
3595 600 3824 676 ὑπερορᾷ

2180 690 2234 748 δὲ
2262 697 2357 750 τοῦ
2405 699 2513 750 τῶν
2557 693 2824 769 μεγίστων
2875 690 2963 746 καὶ
3011 689 3139 766 ὑπὲρ
3187 689 3306 751 τοὺς
3366 687 3597 753 πὸλλοὺς
3645 685 3826 753 ἀξιοῦ-

2182 785 2326 837 σθαι⁹
2385 793 2710 860 καταφρονεῖ
2763 782 2994 858 στοργῆς
3054 783 3342 856 πατρικῆς,
3382 777 3437 833 ἐν
3487 775 3707 855 δευτέρῳ
3762 775 3830 830 τὰ

2185 871 2388 950 μητρὸς
2445 871 2640 927 τίθεται
2698 868 3011 950 σπλάγχνα,
3057 871 3145 926 καὶ
3202 882 3322 931 τοῖς
3375 874 3585 925 τεκοῦσι
3641 867 3830 943 μικρὸν

2184 963 2572 1039 συγγενόμενος
2654 959 2743 1016 ἐπὶ
2818 961 2918 1026 τὴν
3011 959 3170 1039 φίλην
3261 957 3509 1034 ὥρμησεν
3597 955 3828 1035 ἡσυχίαν

2181 1049 2282 1117 τὴν
2351 1047 2524 1116 καλὴν
2596 1046 2764 1113 ὄντως
2824 1052 3092 1121 σύνοικον,
3161 1047 3418 1124 τέσσαρας
3491 1046 3685 1122 μόνους
3746 1043 3832 1100 ἐπὶ

2180 1152 2298 1202 τοῖς
2363 1139 2536 1195 εἴκοσι
2600 1140 2827 1218 χρόνους
2888 1145 2956 1215 τῇ
3014 1139 3160 1196 κάτω
3229 1137 3394 1213 ταύτῃ
3453 1137 3539 1192 καὶ
3598 1137 3835 1210 κοσμικῇ

2182 1227 2474 1308 διαπρέψας
2545 1229 2809 1307 στρατείᾳ.
2889 1229 3034 1285 Κατὰ
3103 1233 3230 1304 γοῦν
3299 1226 3403 1293 τὴν
3469 1223 3699 1304 πάροδον
3760 1229 3831 1298 τῇ

2183 1321 2288 1374 τῶν
2347 1317 2599 1396 Αυγάρων
2658 1319 2798 1392 μονῇ
2851 1314 3298 1395 παραϐεϐληκὼς,
3331 1316 3434 1371 ὑπὸ
3492 1316 3597 1370 τῶν
3653 1311 3834 1368 ἐκεῖσε

2186 1413 2446 1486 μοναχῶν
2497 1404 2778 1484 δεξιοῦται,
2839 1407 2934 1462 καί
3005 1413 3082 1480 τῷ
3143 1411 3241 1472 τῆς
3295 1409 3468 1479 μονῆς
3539 1406 3833 1480 προεστῶτι

2187 1499 2350 1573 Πατρὶ
2407 1495 2682 1574 Γρηγορίῳ
2708 1496 2774 1550 τὰ
2831 1499 2929 1560 τῆς
2984 1495 3170 1552 ἑαυτοῦ
3219 1493 3442 1570 γνώμης
3475 1489 3612 1558 δῆλα
3661 1501 3834 1562 ποιεῖ,

2183 1585 2264 1641 ὅτι
2316 1606 2374 1641 τε
2415 1591 2508 1641 τοῦ
2565 1581 2681 1641 καθ’
2734 1583 2962 1663 ἡσδχίαν
3015 1584 3106 1661 ἐρᾷ
3159 1583 3298 1662 βίου,
3334 1583 3419 1638 καὶ
3463 1580 3545 1638 ὅτι
3594 1577 3839 1656 βούλεται

2185 1674 2345 1750 μόνος
2418 1674 2519 1730 ὑπὸ
2577 1678 2694 1746 Θεῷ
2762 1679 2884 1747 ζῇν,
2945 1672 3278 1748 ἀνθρωπίνην
3347 1676 3523 1726 πᾶσαν
3577 1667 3843 1748 διαφυγὼν

450 1771 1079 1843 consolationem.llle
1109 1755 1308 1831 autem
1337 1763 1536 1826 laudat
1561 1762 1807 1844 quidem
1835 1760 2099 1841 pr0posi-

2186 1760 2545 1840 παράκλησιν.
2601 1759 2663 1819 Ὀ
2713 1759 2768 1817 δὲ
2821 1762 2920 1829 την
2979 1761 3079 1836 μὲν
3127 1761 3376 1838 πρόθεσιδ
3429 1759 3665 1831 ἐπαινεῖ,
3707 1755 3849 1812 ἀλλὰ

451 1878 602 1944 tum,
636 1866 740 1928 sed
789 1865 918 1927 haec
947 1860 1184 1923 dicebat
1247 1853 1575 1918 convenire
1606 1852 1701 1927 iis,
1737 1852 1836 1931 qui
1892 1847 2099 1911 versati

2188 1850 2351 1907 ταῦτά
2406 1871 2472 1944 γε
2533 1851 2822 1928 προσήκειν
2879 1849 2981 1930 ἔφη
3042 1863 3161 1914 τοῖς
3193 1850 3292 1918 τὴν
3344 1847 3572 1916 ἄσκησιν
3626 1845 3848 1926 χρονώ⁴

452 1937 674 2020 suntin
699 1950 1062 2016 diuturniori
1095 1945 1543 2016 exercitatione,
1569 1949 1625 2004 et
1656 1941 1727 2004 ad
1762 1941 1896 2020 ejus
1928 1939 2099 2000 habi-

2188 1962 2340 2019 τερον
2403 1939 2756 2020 ἐκπονήσασι,
2809 1942 2896 1996 καὶ
2953 1939 3132 2016 ὥσπερ
3175 1939 3230 1994 ὲν
3275 1937 3376 2003 ἕξει
3435 1937 3634 2003 ταύτης
3686 1956 3852 2014 γενο-

449 2055 578 2109 tum
609 2040 1047 2127 quodammodo
1067 2041 1491 2127 pervenerunt.
1520 2033 1642 2127 Ego
1664 2047 1804 2092 vero
1832 2027 1938 2090 tibi
1971 2046 2099 2090 con«

2187 2030 2391 2127 μένοις,
2455 2031 2548 2086 Σοὶ
2607 2027 2662 2085 δὲ
2723 2027 3175 2104 συμϐιὶυλεύσαιμι
3238 2025 3302 2082 ἂν
3359 2025 3557 2106 ἔγωγε,
3619 2025 3697 2099 μὴ
3755 2026 3848 2080 τὸν

449 2113 736 2198 suluerim
791 2150 911 2194 non
956 2113 1087 2191 eam
1120 2127 1314 2208 primo
1347 2122 1529 2184 vitam
1562 2118 1812 2208 eligere,
1848 2134 1979 2197 quas
2012 2125 2099 2178 est

2186 2120 2416 2195 ἄμικτον
2453 2119 2511 2208 ἐκ
2570 2120 2784 2198 πρώτης
2815 2118 3025 2175 ὀλέσθαι
3083 2120 3220 2194 βίον,
3256 2115 3376 2173 ἀλλ’
3410 2113 3651 2174 εὖλαϐέσι
3708 2136 3846 2192 προ-

447 2231 680 2288 remota
699 2221 772 2284 ab
805 2219 972 2282 omni
995 2204 1306 2279 hominum
1338 2207 1755 2283 societate,sed
1789 2224 1922 2268 cum
1957 2204 2101 2268 viris

454 2315 569 2393 piis
607 2321 666 2374 et
694 2310 1004 2372 monachis
1053 2312 1111 2366 te
1143 2302 1305 2384 prius
1335 2297 1750 2393 conjungere,
1779 2302 1837 2355 et
1867 2294 2100 2355 discere

453 2383 689 2482 tempus
719 2409 777 2461 et
798 2397 1074 2460 ordinem
1097 2387 1402 2482 orationis.
1440 2385 1666 2482 Deinde
1697 2383 2100 2482 obedientiam

455 2470 660 2554 doceri
702 2495 760 2549 et
803 2482 1181 2561 modestiam,
1229 2487 1288 2539 et
1329 2477 1418 2537 sic
1472 2474 1544 2536 ad
1588 2473 1765 2534 vitam
1813 2470 2103 2561 accedere

453 2576 958 2649 anachoreticam,
987 2591 1084 2646 ne,
1114 2559 1257 2631 siad
1284 2582 1414 2628 eam
1441 2563 1728 2642 irruperis
1754 2559 2096 2640 priusquam

454 2668 762 2741 didiceris,
796 2683 933 2726 cum
959 2671 1013 2723 te
1039 2665 1342 2741 oporteret
1358 2653 1563 2727 ferire,
1588 2651 1842 2730 feriaris,
1871 2657 1929 2711 et
1963 2665 2096 2710 cum

455 2774 762 2838 superare,
795 2750 1099 2835 supereris
1131 2743 1576 2838 miserabiliter.

2183 2231 2332 2288 τερον
2399 2207 2612 2288 ἀνδράσι
2673 2211 2760 2265 καὶ
2819 2223 3090 2288 μοναχοτς
3147 2208 3334 2263 ἑαυτὸν
3406 2205 3660 2280 συνάψαι,
3719 2225 3848 2260 και-

2183 2299 2270 2380 ρόν
2329 2319 2386 2355 τε
2433 2300 2520 2354 καὶ
2578 2296 2720 2363 τάξιν
2780 2301 2969 2372 μαθεῖν
3028 2301 3360 2376 προσευχῆς·
3423 2295 3547 2351 εἶτα
3594 2293 3833 2361 ὑπακοὴν

2181 2391 2270 2445 καὶ
2333 2390 2394 2443 τὸ
2465 2387 2673 2466 μέτριον
2745 2393 2838 2444 τοῦ
2909 2388 3249 2466 φρονήματος
3316 2382 3682 2458 παιδευθῆναι,
3745 2385 3832 2439 καὶ

2183 2477 2321 2534 οὕτω
2422 2475 2488 2552 τῇ
2585 2476 2972 2556 ἀναχωρητικῇ
3067 2477 3454 2555 προσχωρῆσαι
3550 2471 3830 2550 διαγωγῇ,

2183 2566 2379 2638 μήπως
2439 2561 2726 2626 ἀδιδάκτως
2787 2564 3029 2641 ὁρμήσας
3106 2563 3222 2619 ἀντὶ
3291 2562 3382 2619 τοῦ
3448 2562 3635 2638 βαλεῖν
3694 2560 3836 2637 βλη-

2183 2657 2305 2735 θῇς,
2335 2653 2430 2710 καὶ
2464 2654 2578 2710 ἀντὶ
2607 2653 2696 2710 νοῦ
2721 2652 2950 2721 ἧττῆσαι
2978 2653 3315 2710 ἐλεεινότατα
3343 2653 3608 2722 ἡττηθῆς.

535 2822 643 2912 ΪΧ.
673 2822 812 2910 Haec
839 2822 972 2905 cum
1008 2840 1108 2902 ille
1145 2836 1370 2900 monita
1396 2829 1739 2910 audivisset,
1779 2827 1946 2890 illinc
1970 2826 2099 2910 qui-

2275 2822 2358 2895 Θ’.
2447 2833 2658 2891 Τούτων
2747 2831 2950 2898 ἐκεῖνος
3019 2831 3126 2888 τῶν
3178 2831 3510 2908 εἶσηγήσὲων
3592 2830 3842 2902 ἀκούσας,

455 2941 591 3002 dem
620 2933 892 3000 recessit:
929 2949 1062 2994 cum
1091 2927 1360 2991 venisset
1389 2932 1585 2984 autem
1623 2937 1892 3000 vespera,
1916 2917 2099 2998 hospi

2197 2921 2512 3002 ἀνεχώρησε
2563 2923 2660 2996 μὲν
2693 2920 2916 2978 ἐκεῖθεν’
2975 2919 3196 2999 ἑσπέρας
3232 2918 3276 2976 δ’
3325 2917 3843 2992 ἐπικαταλαϐούσης,

457 3031 535 3092 tio
560 3027 852 3107 excipitur
881 3042 915 3084 a
937 3019 1193 3103 quodam
1225 3015 1350 3077 viro
1375 3013 1470 3094 pio
1504 3020 1561 3073 et
1590 3007 1893 3089 religioso,
1918 3016 1981 3068 ut
2011 3005 2099 3086 qui

2197 3011 2521 3077 ἐπιξενοῦταί
2584 3033 2684 3067 τινι
2746 3017 2852 3067 τῶν
2899 3009 3190 3088 θεοφιλῶν,
3223 3013 3338 3074 οἷος
3398 3009 3604 3072 ἐκεῖνος
3659 3009 3724 3077 ἦν
3755 3009 3849 3073 τὰς

460 3096 711 3202 pulchre
724 3096 1916 3202 cognoscerethujusmodihabitaculamt
1939 3115 2099 3198 cave-

2196 3101 2438 3164 τοιαύτας
2499 3101 2819 3178 καταγωγὰς
2872 3098 3144 3180 ἀκριϐοῦν,
3179 3101 3251 3164 ὡς
3311 3099 3390 3175 μὴ
3444 3099 3499 3154 ἐν
3552 3096 3850 3178 ἑτεροδόξου

2336 3189 2393 3202 ς-
2596 3189 2682 3202 ,υ
2900 3183 2956 3202 τε
3095 3191 3107 3202 .
3211 3190 3222 3202 .
3328 3195 3356 3202 -
3534 3188 3545 3202 .
3735 3187 3748 3202 .

457 3183 573 3285 ret,
610 3227 683 3268 ne
714 3183 975 3284 unquam
1037 3183 1444 3261 diversaretur
1471 3192 1534 3254 in
1566 3189 1794 3285 aedibus
1819 3187 2099 3285 alicujus,

2195 3189 2487 3247 καταλῦσαι
2547 3189 2836 3266 μῆδέποτε.
2900 3183 2965 3270 Tt.)
3024 3191 3112 3246 καὶ
3171 3190 3237 3245 τὰ
3293 3195 3393 3256 τῆς
3446 3188 3668 3266 γνώμης
3725 3187 3851 3243 ἀνα-

463 3275 571 3379 qui
615 3298 776 3359 esset
816 3275 1074 3353 'diversze
1121 3306 1155 3348 a
1203 3292 1365 3347 recta
1421 3278 1760 3344 sententiae.
1815 3275 1926 3338 Cui
1975 3294 2099 3336 cum

2197 3278 2482 3358 καλύψαςθ
2535 3279 2749 3355 ἐπείπερ
2816 3277 2892 3335 ἔτι
2936 3279 3266 3357 γραμμάτων
3323 3278 3660 3335 παντάπασιν
3716 3277 3850 3332 ἀνο-

461 3365 723 3449 animum
773 3375 1415 3460 aperuisset,quoniam
1455 3377 1581 3432 erat
1624 3367 1820 3430 adhuc
1865 3365 2099 3427 omnin:

2198 3369 2421 3446 μίλητος
2480 3370 2572 3449 ἦν,
2607 3369 2660 3425 ἕν
2709 3391 2811 3426 τινι
2861 3371 2965 3426 τῶν
3018 3369 3134 3426 ἐκεῖ
3176 3367 3590 3448 φροντιστηρίων
3635 3365 3847 3444 ἁπάγε-

463 3477 708 3554 ignarus
745 3453 1456 3554 lit-terarum,'adducitur
1497 3459 1572 3554 ab
1601 3476 1672 3520 eo
1693 3461 1765 3554 in
1811 3453 2099 3554 quoddam

2195 3481 2284 3516 ται
2343 3456 2468 3538 παρ’
2528 3463 2708 3540 αὐτοῦ,
2748 3459 2803 3515 ἐν
2858 3458 3113 3537 γειτόνων
3171 3478 3229 3514 τε
3273 3455 3411 3528 ὄντι,
3443 3454 3539 3514 καῖ
3601 3457 3845 3514 Οὑτωτε-

463 3541 862 3645 propinquum
899 3551 1322 3645 monasterium
1357 3548 1512 3645 quod
1543 3545 1873 3645 vocabatur
1902 3541 2099 3605 Utole-

2197 3547 2311 3620 λάῳ
2398 3548 2729 3624 καλουμένῳ,
2803 3550 2899 3605 κὰν
2969 3548 3140 3620 τούτῳ
3221 3548 3319 3614 τὴν
3389 3547 3494 3603 τῶν
3565 3546 3845 3625 στοὶχείων

462 3634 593 3717 las;
632 3634 852 3714 et-cum
883 3649 944 3708 in
973 3665 1043 3708 eo
1085 3641 1393 3704 didicisset
1422 3638 1608 3700 solam
1669 3636 2099 3697 elementorum

2197 3637 2369 3714 μόνην
2426 3638 2729 3717 εἰσαγωγὴν
2802 3635 3116 3717 παιδευθεὶς,
3186 3635 3298 3692 ἐπεὶ
3367 3634 3582 3716 θορύϐου
3653 3634 3847 3708 μεστὸν

465 3741 929 3818 institutionem,
953 3753 1087 3798 cum
1117 3730 1512 3794 intellexisset
1533 3729 1647 3789 hoc
1679 3723 2099 3786 monasterium

2197 3729 2261 3787 τὸ
2343 3738 2581 3818 τοιοῦτον
2661 3727 2918 3818 ἐμάνθανε
3001 3725 3425 3806 φροντιστήριον,
3504 3723 3586 3804 ἐφ’
3672 3723 3849 3802 ἕτερον

465 3850 598 3894 esse
631 3828 887 3892 tumultu
915 3812 1189 3906 plenum,
1226 3818 1492 3882 ascendit
1524 3816 1597 3878 ad
1620 3815 1789 3906 aliud,
1812 3822 2099 3906 monaste-

2200 3831 2448 3894 σεμνεϊον
2509 3814 2765 3875 Ἀντιδίου
2820 3814 3109 3893 λεγόμενον
3167 3812 3358 3887 ἄνεισι,
3419 3815 3508 3869 καὶ
3563 3814 3662 3880 τὴν
3721 3813 3849 3869 ἐαυ-

465 3922 644 3995 rium,
670 3918 828 4000 quod
861 3902 1080 3977 dicitur
1112 3910 1338 3975 Antidii
1374 3930 1389 3969 :
1426 3916 1502 4000 _et
1533 3924 1667 4000 cum
1710 3904 1869 3966 illius
1904 3902 2099 4000 praefe-

2203 3916 2294 3966 τοῦ
2355 3908 2598 3986 πρόθεσιν
2655 3911 2731 3979 τῷ
2787 3910 3079 3978 προεστῶτι
3152 3905 3337 3960 τούτου
3397 3902 3849 3982 παραγυμνώσας,

467 4018 561 4071 cto
593 3991 766 4070 suum
798 4005 1162 4067 declarasset
1197 3997 1596 4081 propositum,
1635 3995 1884 4056 docetur
1912 3993 1988 4054 ab
2023 4011 2094 4054 eo

2204 3995 2572 4056 ἐκπαιδεύεται
2654 3995 2776 4074 παρ’
2867 3998 3022 4053 αὐτοῦ
3102 3993 3202 4060 τὴν
3285 3994 3402 4073 περὶ
3485 3993 3604 4058 τούς
3689 3991 3854 4056 θείους

469 4095 806 4179 cujusmodi
823 4095 900 4156 sit
926 4079 1276 4174 palaestra‘in
1300 4079 1517 4148 divinis
1537 4082 1990 4179 certaminibus,
2011 4082 2099 4179 de:

2206 4088 2415 4152 ἀλῶνας
2492 4085 2861 4158 παλαίστραν,
2930 4087 3200 4159 καθαιρεῖν
3267 4083 3557 4163 λογισμοὺς
3625 4079 3856 4156 δηλαδὴ,

469 4169 728 4269 primére
757 4169 988 4246 scilicet
1028 4178 1447 4269 cogitationes,
1479 4182 1812 4269 et_or_nnem
1858 4169 2099 4234 altitudi-

2207 4180 2295 4236 καὶ
2375 4183 2480 4234 πᾶν
2537 4173 2734 4250 ὕψωμα
2811 4174 2947 4234 κατὰ
3019 4178 3118 4240 τῆς
3193 4175 3443 4252 γνώσεως
3512 4172 3859 4252 ἐπαιρόμενον

468 4259 632 4357 nem,
667 4293 794 4356 qua;
847 4271 1151 4334 extollitur
1199 4268 1492 4330 adversus
1545 4263 1650 4325 Dei
1695 4262 2095 4341 cognitionem

2210 4274 2301 4324 τοῦ
2362 4271 2515 4326 Θεοῦ.
2574 4262 2705 4321 Ἐπῖ
2761 4265 2978 4342 χρόνοις
3038 4261 3092 4318 δὲ
3147 4259 3258 4320 δυσὶ
3317 4263 3488 4337 τούτῳ
3538 4259 3863 4341 ἐγκαρτερή-

469 4349 630 4430 (lum.
672 4349 820 4426 duos
867 4372 1065 4424 autem
1101 4375 1294 4420 annos
1351 4357 1413 4416 in
1446 4372 1517 4415 eo
1566 4359 2030 4433 perseverasset,
2072 4368 2099 4411 e

2212 4379 2334 4432 σας,
2393 4357 2481 4412 καὶ
2557 4360 2658 4410 τῶν
2713 4352 2805 4409 τοῦ
2875 4352 3194 4430 θεοπάτορος
3258 4349 3425 4412 Δαυ³ῐδ
3481 4352 3660 4427 ὕμνων
3711 4351 3862 4430 τριά-

470 4456 578 4519 Dei
605 4454 792 4536 patris
811 4452 990 4514 David
1015 4442 1644 4536 hymnorum‘triginta
1675 4441 1935 4520 psalmos
1965 4437 2092 4502 didi

2213 4467 2376 4504 κοντα
2414 4443 2658 4521 ψαλμοὺς
2721 4443 2988 4519 ἐκμαθὼν,
3023 4445 3116 4501 οὐκ
3173 4441 3416 4520 ἀγεννεῖς
3470 4463 3527 4498 τε
3584 4442 3678 4507 τὰς
3733 4441 3862 4500 τού-

473 4527 655 4606 εἰεεὲι
681 4547 743 4603 et
757 4527 1116 4602 ostendisset
1140 4535 1282 4596 satis
1307 4532 1536 4594 validas
1568 4548 1704 4592 esse
1727 4547 1934 4591 eorum
1958 4546 2099 4591 ansa

2215 4558 2322 4593 των
2377 4532 2542 4595 λαϐὰς
2603 4532 2735 4589 κατὰ
2793 4532 2974 4599 πάσης
3050 4539 3145 4590 τοῦ
3200 4530 3566 4608 ἀντικειμένου
3628 4527 3860 4610 προσϐο-

476 4632 768 4694 adversus
795 4646 1037 4691 omnem
1087 4624 1374 4686 insultum
1405 4620 1754 4701 adversarii,
1787 4619 1958 4700 paulo
2003 4635 2099 4700 pos

2182 4611 2318 4692 ’λῆς
2397 4621 2757 4694 ἐνδειξάμενος
2836 4620 3001 4699 ὀλίγῳ
3069 4621 3286 4701 ὕστερον
3363 4621 3638 4698 ἐπιθυμίαν
3673 4609 3860 4701 710x“

477 4721 725 4784 incessit
755 4737 891 4781 eum
927 4713 1293 4778 desiderium
1347 4709 1695 4773 transeundi
1725 4709 1798 4770 ad
1845 4717 2099 4770 montem

2216 4730 2345 4796 προς
2416 4716 2476 4770 τὸ
2534 4713 2906 4790 ὑπερκείμενον
2980 4710 3272 4788 μεταϐῆναι
3342 4714 3485 4791 ὁρος.
3550 4709 3672 4768 Ἐπὶ
3730 4711 3864 4768 ἑπτὰ

479 4811 582 4892 qui
661 4805 1187 4892 supereminebat,
1255 4801 1642 4892 Totus__ergo
1707 4806 1934 4880 septem
2008 4798 2099 4859 die

2217 4812 2306 4863 οὖν
2365 4802 2513 4868 ὅλαις
2567 4801 2794 4880 ἡμέραις
2843 4802 3380 4892 εὐχῇγπροσανέχων
3429 4799 3624 4878 ὁδηγὸν
3680 4799 3863 4858 ἀπλα-

477 4889 694 4961 vacans
722 4889 1006 4974 orationi,
1040 4891 1280 4976 petebat
1325 4899 1390 4952 ut
1417 4889 1532 4952 sibi
1560 4896 1881 4970 appareret
1937 4895 2099 4950 certu

2217 4893 2283 4962 νῆ
2344 4897 2571 4974 φανῆναι
2629 4895 2772 4966 αύτῷ
2829 4897 2928 4960 τῆς
2997 4891 3416 4969 ἐπιθυμουμένῖις
3484 4889 3604 4950 ὁδοῦ
3663 4889 3860 4967 ἐξῄτει.

481 4989 600 5052 dux
649 4989 777 5064 viae,
807 5003 984 5068 quam
1017 4981 1423 5047 desiderabat.
1473 4979 1741 5060 Septimo
1771 4989 1966 5068 autem
2011 4977 2099 5068 die

2223 4984 2369 5042 Κατὰ
2417 4980 2471 5038 δὲ
2529 4981 2630 5049 τὴν
2683 4979 2915 5058 ἑϐδόμην
2957 4987 3141 5064 φωνῆς
3197 4980 3394 5038 ἄνωθεν
3449 4988 3598 5047 οὗτος
3649 4983 3676 5038 ὁ
3746 4978 3868 5036 καθ’

481 5077 649 5140 audit
680 5078 777 5139 hic
807 5066 993 5138 novus
1047 5081 1254 5136 noster
1281 5070 1474 5134 Moses
1505 5083 1713 5130 vocem
1745 5067 2008 5149 desuper
2033 5066 2098 5144 ju

2219 5075 2362 5150 ἡμᾶς
2429 5071 2545 5136 νέος
2618 5071 2815 5139 Μωσῆς
2886 5071 3092 5146 ἀκούει,
3169 5073 3600 5150 προσταττούσης
3679 5071 3868 5148 μικρὸν

482 5167 724 5230 bentem
769 5175 832 5228 ut
892 5183 1100 5248 parum
1153 5162 1402 5226 accedat
1440 5159 1514 5222 ad
1548 5165 1836 5235 montem,
1871 5165 1930 5219 et
1979 5173 2099 5219 asse

2223 5159 2518 5243 προσϐῆναι
2548 5169 2624 5238 τῷ
2655 5162 2788 5240 ὄρει,
2819 5163 2906 5219 καὶ
2937 5167 3030 5219 τοῦ
3060 5161 3385 5238 ποθουμένου
3415 5175 3628 5242 τυχεῖν.

485 5265 704 5336 quatur
733 5255 792 5318 id
827 5256 986 5337 quod
1018 5253 1345 5318 desiderat.

566 5345 640 5408 Χ.
675 5347 822 5407 Cum
846 5332 1018 5424 _ergo
1044 5344 1144 5404 ille
1186 5342 1341 5404 hanc
1383 5337 1737 5413 audivisset,
1769 5335 2018 5399 accessit
2067 5355 2099 5398 a

2273 5333 2398 5424 71’s
2435 5334 2642 5402 Ταύτης
2697 5332 2906 5424 ἐκεῖνος
2974 5337 3074 5400 τῆς
3148 5332 3330 5413 φωνῆς
3403 5333 3632 5396 ἀκούσας
3702 5354 3874 5413 προσ-

485 5443 774 5511 montem,
806 5441 865 5496 et
905 5419 1220 5515 quemnam
1254 5432 1453 5493 locum
1495 5426 1791 5490 inveniret
1832 5433 2031 5504 aptum
2068 5445 2099 5487 a

2227 5423 2404 5482 ἔϐαινέ
2458 5444 2517 5479 τε
2586 5429 2668 5498 κῷ
2725 5419 2857 5502 ὄρει,
2918 5424 3006 5479 καὶ
3063 5423 3178 5479 τίνα
3235 5425 3307 5489 εἰς
3363 5424 3636 5482 κατοικίαν
3689 5423 3876 5480 ἑαυτοῦ

487 5543 654 5586 suam
727 5512 1177 5599 habitationem,
1250 5521 1520 5598 undique
1593 5515 2099 5595 circumspiciehal

2226 5517 2364 5594 ε’ύροι
2422 5514 2606 5587 τόπον,
2668 5513 2978 5592 πανταχόσε
3047 5515 3410 5592 περιεσκόπει.
3473 5512 3644 5570 ’Λνὼν
3702 5513 3871 5570 τοίνυν

486 5613 842 5678 Ascendens
867 5632 1006 5694 ergo
1030 5615 1090 5674 in
1117 5619 1405 5686 montem,
1427 5607 1640 5670 incidit
1666 5612 1726 5666 in
1758 5605 1907 5667 duos
1927 5624 2099 5668 mona

2226 5605 2360 5664 κατὰ
2435 5605 2497 5660 τὸ
2567 5603 2723 5681 ὅρος,
2805 5600 2916 5694 δυσὶ
2989 5615 3286 5678 μονασταϊς
3359 5604 3718 5685 ἐντδγχάνει,
3787 5605 3872 5666 οἷς

487 5705 654 5783 chos,
689 5705 909 5786 quibus
938 5689 1175 5769 tunicae
1221 5701 1457 5785 quidem
1508 5703 1678 5759 erant
1728 5695 2016 5759 confectae
2067 5715 2098 5761 e

2224 5699 2454 5778 χιτῶνες
2488 5694 2586 5770 μὲν
2642 5695 2704 5750 ἐκ
2732 5693 2938 5774 τριχῶν
2997 5692 3132 5762 ἦσαν
3183 5693 3572 5774 πεποτημένοι,
3607 5689 3774 5751 δίαιτα
3817 5689 3872 5749 δὲ
