4158 6418
347 382 423 446 45

1492 381 1681 446 VITA
1725 380 1786 442 S.
1826 378 2216 445 JOANNICII
2248 383 2598 448 ABATTIS.

3658 388 3735 452 46

350 518 411 576 ix
459 518 700 595 βοτανῶν
760 523 872 574 τῶν
933 519 1054 574 εκεῖ
1109 515 1406 598 φυομένων,
1471 518 1560 574 καὶ
1615 514 1874 593 τοσαύτη,
1934 513 2006 576 ὡς

2101 513 2250 596 pilis,
2283 515 2469 578 victus
2495 519 2695 576 autem
2727 519 2854 574 erat
2880 529 2954 574 ex
2987 513 3220 595 herbis,
3269 533 3402 595 quae
3455 517 3575 581 illic
3627 539 3733 583 na-

351 609 553 684 ἆμοζῇν
634 604 893 664 δύσασθαι
954 608 1141 684 μόνον,
1215 608 1302 664 καὶ
1359 608 1432 668 ὡς
1505 603 1764 684 ἀγγέλους
1823 603 1878 658 ἐν
1935 607 2008 680 γῇ

349 698 604 775 βιοτεύειν
685 697 825 773 μετᾶ
897 704 991 756 τοῦ
1063 696 1332 771 σώματος.
1427 695 1734 753 Ἐκοινοῦτο
1836 694 2005 750 τοίνυν

350 787 566 861 αὗτοῖς,
625 788 747 866 περὶ
799 789 874 844 ὧν
901 787 1040 843 κατὰ
1083 786 1199 842 νοῦν
1248 785 1466 866 ’ἐστρεφέ
1512 806 1569 842 τε
1617 785 1707 842 καὶ
1757 781 2004 859 ἐμελέτα.

350 879 411 934 Oi
492 875 575 956 δὲ,
646 877 785 952 μετᾶ
859 876 922 932 τὸ
991 875 1374 954 προσενεγκεῖν
1443 875 1574 954 ὑπὲρ
1652 873 1836 931 τούτου
1912 873 2006 932 τὰς

349 967 595 1036 «mmet;
653 966 824 1046 εὐχὰς
882 971 960 1040 τῷ
1021 972 1159 1040 Θεῷ,
1211 965 1347 1022 κατὰ
1392 963 1553 1044 μέρος
1613 961 1810 1020 ἕκαστα
1881 959 2007 1028 διη-

346 1063 539 1134 γοῦντο
601 1057 722 1134 περὶ
800 1057 878 1110 ὧν
953 1053 1290 1129 ἐπυνθάνετο,
1365 1052 1676 1132 προσθέντες
1746 1054 1820 1117 ὡς
1875 1050 2009 1120 μετὰ

350 1147 414 1202 το
471 1149 841 1212 πεντηκοστὸν
895 1148 995 1211 τῆς
1056 1144 1337 1215 ἀσκήσεως
1390 1142 1510 1207 ἔτος
1562 1143 1651 1199 καὶ
1708 1142 1826 1220 περὶ
1879 1140 2007 1196 αὐτὸ

348 1237 415 1291 τὸ
487 1235 652 1311 πέρας
719 1233 814 1292 to;
867 1235 986 1311 βίου
1053 1235 1347 1311 πειρασμὸς
1407 1233 1549 1306 αὑτῷ
1634 1229 2002 1310 ξπενεχθήσε-

352 1340 464 1380 ται·
517 1322 814 1400 βασκάνους
871 1321 926 1378 δὲ
980 1323 1101 1387 τοὺς
1160 1321 1446 1388 ἓπάξοντας
1508 1320 1652 1377 εἶναι
1683 1321 1771 1377 καὶ
1829 1340 2002 1386 πονη-

353 1413 498 1492 ρούς.
549 1410 711 1475 Ἀλλ’
769 1412 988 1472 ἐκείνοις
1038 1412 1134 1488 μὲν
1165 1415 1194 1469 ὁ
1243 1412 1404 1489 μόνος
1464 1413 1534 1476 εἷς
1586 1408 1835 1492 κεφαλὴν,
1879 1409 2002 1466 ἐπι-

352 1490 593 1578 στρέψει·
649 1503 720 1558 Σὺ
775 1501 831 1558 δὲ
892 1501 1066 1582 οὒδὲν,
1111 1505 1291 1580 εἷπον,
1346 1504 1504 1578 πείσῃ
1563 1498 1756 1558 δεινόν.
1823 1490 1899 1557 ’Ὅ
1943 1520 2004 1577 γε

351 1593 442 1648 καὶ
500 1591 716 1668 ὕστερον
774 1593 848 1654 είς
906 1589 1058 1670 ἔργον
1104 1589 1284 1669 ἐξέϐη,
1329 1591 1463 1647 καθὰ
1518 1588 1614 1646 καῖ
1674 1589 1792 1669 περὶ
1849 1589 2008 1645 αὖτοῦ

352 1684 384 1737 ὁ
443 1679 606 1759 λόγος
673 1671 905 1748 δηλώσει
980 1680 1115 1737 κατὰ
1186 1680 1392 1754 καιρόν.
1452 1686 1627 1738 Ταῦτα
1675 1678 2007 1757 προαγορεύ-

353 1791 547 1834 σαντες
617 1772 759 1828 οὗτοι
787 1817 804 1843 ,
870 1771 959 1827 καὶ
1046 1776 1256 1850 χιτῶνα
1350 1767 1767 1848 (λεϐητωνάριον
1850 1768 2008 1824 αὐτὸν

2089 603 2430 686 scebantur,
2465 613 2524 666 et
2565 611 2782 683 tantus,
2816 610 2879 665 ut
2909 603 3102 666 solum
3139 614 3382 684 possent
3414 607 3637 685 vivere,
3675 621 3735 674 et

2091 699 2155 779 ut
2181 701 2456 775 tanquam
2484 691 2680 770 angeli
2710 691 2771 753 in
2803 699 2963 754 terra
2992 693 3255 756 viverent
3284 713 3417 757 cum
3449 715 3730 779 corpore.

2090 778 2190 843 Eis
2218 801 2356 863 ergo
2380 780 2844 846 communicavit
2872 799 2962 856 ea,
2987 799 3120 862 quas
3147 782 3347 845 animo
3372 778 3652 850 versabat
3675 799 3734 853 et

2092 872 2508 935 meditabatur.
2543 869 2633 933 Illi
2664 878 2887 946 autem,
2927 881 3234 952 postquam
3271 891 3480 954 preces
3528 876 3734 940 solitas

2090 960 2214 1024 Deo
2267 981 2371 1043 pro
2418 981 2487 1024 eo
2520 959 2900 1031 obtulissent,
2935 959 3234 1039 sigillatim
3287 974 3606 1028 narrarunt
3659 968 3735 1030 de

2091 1051 2394 1128 omnibus,
2425 1070 2559 1131 quae
2594 1049 2951 1128 interrogat,
2994 1049 3351 1137 adjicientes
3381 1055 3542 1134 quod
3601 1067 3735 1137 post

2091 1140 2650 1222 quinquagesimum
2683 1155 2909 1199 annum
2941 1136 3408 1220 exercitationis,
3458 1149 3517 1204 et
3569 1136 3732 1209 circa

2086 1231 2280 1310 ipsum
2307 1230 2484 1291 finem
2526 1228 2659 1289 vitre
2690 1233 2743 1288 ei
2776 1226 3070 1289 inferetur
3120 1229 3366 1308 tentatio
3401 1252 3414 1289 :
3449 1249 3587 1294 esse
3618 1253 3733 1297 au-

2086 1328 2207 1382 tem
2237 1318 2473 1380 invidos
2494 1325 2554 1380 et
2575 1316 2862 1396 malignos
2887 1334 3012 1392 eos,
3045 1315 3145 1396 qui
3171 1335 3300 1378 eam
3320 1329 3458 1381 sunt
3483 1321 3732 1390 illaturi.

2089 1409 2205 1474 Sed
2243 1409 2361 1469 illis
2394 1406 2636 1489 quidem
2669 1405 2837 1468 labor
2866 1405 2928 1466 in
2958 1415 3140 1486 caput
3170 1423 3378 1470 eorum
3413 1422 3734 1476 converte-

2091 1505 2232 1562 tur:
2267 1497 2355 1560 Tu
2404 1503 2626 1570 autem,
2685 1495 2986 1570 dicebant,
3039 1495 3186 1557 nihil
3235 1515 3413 1576 grave
3463 1503 3730 1581 patieris.

2092 1587 2261 1661 Quod
2285 1587 2462 1649 etiam
2487 1594 2691 1668 postea
2712 1584 3032 1648 deductum
3055 1593 3143 1646 est
3165 1586 3240 1646 ad
3262 1587 3566 1667 effectum,
3590 1611 3737 1673 quo.

2091 1677 2268 1740 modo
2298 1676 2478 1739 etiam
2511 1694 2619 1738 suo
2664 1681 2936 1755 tempore
2978 1674 3308 1737 declarabit
3350 1679 3564 1745 oratio.
3615 1684 3732 1746 Sed

2091 1786 2227 1830 cum
2253 1776 2376 1832 haec
2405 1764 2842 1846 praedixissent,
2871 1771 2928 1826 et
2958 1765 3214 1827 tunicam
3247 1766 3404 1847 (eam
3431 1769 3734 1835 lebetona«

353 1858 504 1917 οἶδεν
557 1860 592 1928 ἦ
625 1858 890 1940 ἐγχώριος
947 1859 1160 1939 γλῶττα
1218 1858 1433 1938 καλεῖν,
1469 1858 1529 1916 ἐκ
1571 1862 1774 1937 τριχῶν
1819 1854 1875 1913 δὲ
1906 1857 2005 1913 αὖ-

2101 1857 2245 1918 rium
2272 1861 2458 1931 gvocat
2489 1855 2690 1934 lingua
2735 1853 2894 1916 illius
2925 1854 3185 1933 regionis
3221 1873 3234 1918 :
3273 1865 3367 1919 est
3415 1867 3611 1922 autem
3665 1881 3736 1926 ex

351 1957 432 2025 τῷ
485 1950 523 2018 ἡ
593 1949 853 2028 σύνθεσις)
919 1956 997 2025 τῷ
1064 1947 1206 2028 ἀνδρὶ
1279 1949 1696 2030 ἐγχειρίσαντες,
1731 1945 2006 2014 ἀπηλλάτ-

347 2059 532 2097 τοντο·
611 2047 766 2098 τεῦτο
849 2041 982 2118 πρὸς
1061 2045 1234 2096 πᾶσαν
1315 2039 1382 2108 ἦν
1462 2037 1606 2112 αύτῷ
1689 2034 2004 2111 ὶπιϐουλὴν,

351 2127 524 2186 ὅπλον
581 2128 798 2209 ἄμαχόν
825 2150 884 2186 τε
935 2129 1024 2190 καὶ
1051 2128 1426 2209 ἰσχυρότατον,
1463 2129 1537 2193 ὡς
1595 2127 1803 2192 ἐκεῖνος
1845 2124 2005 2182 ὅστε-ι

351 2241 444 2296 ρον
503 2218 824 2297 διηγήσατο.
889 2223 1025 2276 Εἶτα
1083 2219 1188 2274 τῶν
1221 2219 1424 2275 ἐκεῖθεν
1478 2219 1786 2280 ἀπαναστὰς
1818 2218 1873 2274 ἒν
1932 2215 2008 2290 τῷ

350 2307 459 2386 ὄρει
517 2310 545 2365 ὃ
601 2307 668 2377 δὴ
743 2306 998 2388 Τριχάλιξ
1069 2307 1348 2388 καλεῖται,
1412 2305 1667 2386 ὕπαιθρον
1719 2308 1853 2382 ὁμοῦ
1921 2307 2009 2362 καὶ

353 2397 591 2466 ἄσκηνον
618 2399 720 2466 τὴν
747 2395 1022 2476 διαγωγὴν
1051 2396 1321 2461 ἐποιεῖτο.

439 2487 550 2552 lA'.
610 2495 714 2548 Τοῦ
744 2487 1033 2566 Γρηγορίου
1088 2486 1166 2561 δὲ,
1199 2487 1258 2543 ὃν
1288 2489 1315 2543 ὁ
1358 2485 1518 2565 λόγος
1548 2486 1747 2564 φθάσας
1799 2483 2009 2556 ἔδήλωυ

352 2601 467 2654 σεν,
545 2576 892 2659 αὖτοσχέδιον
975 2577 1340 2655 ἀνεγείραντος
1410 2575 1622 2651 οἴκημα
1689 2575 1767 2650 τῷ
1848 2575 2006 2654 ἁγίῳ,

353 2669 552 2747 μικράν
611 2689 732 2724 τινα
803 2667 1009 2734 σκέπην
1081 2665 1131 2732 ἐξ
1196 2663 1407 2744 ὄμϐρων
1475 2667 1562 2722 καὶ
1633 2671 1879 2746 νιφετῶν,
1954 2663 2009 2720 ἐν

352 2760 530 2833 τούτῳ
573 2757 902 2815 κατακλείων
942 2757 1010 2826 ἧν
1065 2756 1279 2815 ἑαυτόν.
1318 2754 1468 2813 Ἀλλ’
1513 2757 1627 2812 επεὶ
1671 2751 2009 2833 παρέϐαλλον

355 2850 537 2906 ἐκεῖσε
590 2845 784 2906 πολλοὶ
844 2848 915 2910 εἰς
989 2845 1202 2922 ὁμιλίαν
1271 2849 1424 2918 ⁴ὃῖκειν
1490 2845 1631 2919 αὗτῷ
1661 2843 2002 2926 γλιχόμενοι,

354 2940 446 2995 καὶ
504 2937 602 3005 τήν
662 2935 821 3018 φίλην
878 2937 1063 3010 ἐκείνῳ
1121 2937 1205 2994 καὶ
1246 2937 1487 2994 σύνοικον
1536 2933 1810 2992 διέκοπτον
1869 2936 2010 3002 ἡσυ-

358 3030 512 3108 χίαν,
546 3016 751 3084 ἐκεῖθεν
804 3028 1035 3105 ἀπάρας,
1088 3025 1174 3083 ἐπί
1214 3047 1330 3083 τινα
1362 3016 1762 3092 Ἑλλησπόντου
1819 3023 2011 3100 κώμην

357 3117 413 3172 ἓν
471 3117 582 3194 ὄρει
639 3118 739 3173 τινὶ
785 3115 1042 3173 κατάλσει
1096 3137 1154 3172 τε
1203 3119 1294 3174 καὶ
1347 3112 1611 3194 δυσϐάτῳ,
1659 3112 1830 3194 φέρων
1880 3114 2010 3170 ἐαυ-

360 3210 451 3282 τὸν
517 3207 798 3279 ἀποικίζει,
873 3205 928 3262 ἐν
1010 3206 1158 3285 ᾧπερ
1228 3206 1364 3276 ὀπήν
1450 3227 1571 3262 τινα
1655 3206 1844 3271 στενὴν
1927 3206 2013 3260 καὶ

359 3297 588 3375 βαθεῖαν
650 3298 751 3353 ὑπὸ
814 3301 916 3375 γῆν
960 3295 1168 3378 ὀρύξας,
1211 3295 1470 3374 ἀπρόϊτος
1532 3293 1714 3372 ἔμενεν
1757 3297 1810 3351 ἓν
1855 3295 2008 3367 αὖτῆ,

363 3389 426 3444 οὗ
467 3387 673 3465 κόρακα
729 3384 1006 3452 σιτοδότην
1061 3385 1228 3465 ἔχων,
1278 3383 1458 3459 ὥσπερ
1515 3382 1726 3456 Ἠλίας,
1776 3381 1896 3438 ἀλλ’
1942 3381 2016 3438 ἐνὶ

363 3475 574 3548 αἰπόλῳ
619 3483 774 3533 τοῦτο
823 3474 1118 3550 ἐπίστευσε,
1148 3473 1239 3531 ἵνα
1283 3475 1370 3530 καὶ
1412 3470 1605 3547 ἀντιδῷ
1662 3474 1727 3529 τὰ
1775 3472 2012 3549 μείζονα·

2092 1946 2228 2028 pilis
2275 1953 2573 2018 contexta)
2605 1943 2659 2006 ei
2691 1943 3100 2026 tradidissent,
3148 1958 3567 2026 recesserunt;
3621 1952 3736 2015 hoc

2088 2035 2372 2098 adversus
2402 2052 2611 2096 omnes
2641 2033 2888 2094 insidias
2928 2042 2987 2095 et
3017 2035 3274 2097 insultas
3305 2037 3412 2099 fuit
3463 2040 3516 2100 ei
3569 2059 3735 2104 arma

2089 2123 2575 2206 inexpugnabilia
2643 2133 2703 2185 et
2759 2122 3125 2199 fortissima,
3187 2134 3251 2186 ut
3306 2126 3408 2188 ille
3480 2131 3739 2193 narravit

2093 2224 2318 2296 postea.
2356 2213 2584 2278 Deinde
2615 2232 2749 2274 cum
2784 2212 2950 2275 illinc
2980 2214 3330 2294 emigrasset
3355 2217 3416 2278 in
3444 2228 3732 2295 montem,

2091 2306 2192 2386 qni
2221 2314 2462 2367 vocatur
2491 2301 2813 2384 Trichalix,
2849 2301 3103 2384 degebat
3135 2305 3252 2366 sub
3285 2305 3384 2367 dio
3416 2315 3475 2368 et
3507 2307 3736 2391 absque

2092 2395 2215 2458 ullo
2246 2395 2655 2456 tabernaculo.
3327 2439 3334 2444 .

2173 2486 2276 2550 XI.
2304 2488 2450 2548 Cum
2464 2482 2783 2563 Gregorius
2802 2489 3024 2558 autem,
3044 2484 3246 2566 dequo
3265 2486 3428 2568 prius
3449 2489 3736 2568 diximus,

2091 2583 2297 2639 sancto
2339 2575 2486 2636 rude
2529 2573 2844 2637 excitasset
2897 2573 3329 2658 habitaculum,
3364 2587 3426 2639 ut
3479 2589 3638 2643 esset
3683 2583 3736 2644 ei

2094 2684 2335 2746 parvum
2369 2671 2774 2743 tegumentum
2808 2663 2880 2725 ab
2913 2663 3211 2726 imbribus
3258 2674 3316 2727 et
3368 2669 3626 2746 nivibus,
3675 2691 3740 2736 se

2091 2755 2152 2817 in
2170 2774 2245 2817 eo
2265 2753 2524 2816 inclusit.
2542 2751 2661 2816 Sed
2687 2752 2964 2833 quoniam
2989 2755 3158 2814 multi
3183 2755 3324 2817 illuc
3347 2759 3737 2839 accedebant,

2091 2861 2225 2905 eum
2260 2842 2579 2905 convenire
2629 2842 2959 2922 cupientes,
3005 2850 3065 2904 et
3096 2842 3178 2904 illi
3208 2853 3440 2922 gratum
3473 2856 3531 2908 et
3563 2849 3740 2911 fami-

2094 2933 2243 2995 liare
2272 2931 2576 2994 silentium
2622 2931 3155 3011 interrumpentes,
3210 2933 3373 2996 illinc
3424 2935 3742 3002 discedens

2095 3025 2154 3084 in
2186 3022 2502 3103 quemdam
2534 3020 2726 3082 vicum
2753 3019 3152 3100 Hellesponti,
3174 3021 3236 3083 in
3260 3025 3515 3104 quodam
3541 3039 3743 3091 monte

2099 3131 2415 3176 nemoroso
2439 3119 2495 3173 et
2515 3110 2681 3172 aditu
2704 3109 2935 3171 difficili
2962 3129 3027 3171 se
3051 3111 3307 3174 collocat
3335 3133 3348 3173 :
3377 3113 3438 3175 in
3464 3135 3581 3192 quo
3604 3137 3739 3180 cum

2095 3203 2367 3266 foramen
2419 3199 2717 3282 quoddam
2785 3208 3098 3279 angustum
3131 3210 3189 3262 et
3230 3203 3597 3278 profundum
3631 3207 3741 3269 sub

2099 3303 2254 3355 terra
2269 3291 2604 3366 fodisset,in
2619 3309 2689 3352 eo
2707 3289 3304 3372 manebat,nusquam
3327 3295 3739 3375 progrediens,

2101 3403 2221 3446 non
2280 3382 2508 3444 habens
2536 3400 2778 3444 corvum
2837 3381 2954 3444 cibi
3004 3381 3541 3462 suppeditatorem,
3591 3390 3748 3449 sicut

2099 3472 2282 3556 Elias,
2314 3473 2419 3534 sed
2451 3471 2687 3534 cuidam
2719 3490 3030 3552 caprarum
3067 3473 3285 3550 pastori
3319 3472 3432 3535 hoc
3463 3476 3745 3540 commit-

361 3564 448 3646 ὑφ’
497 3564 556 3622 οὗ
614 3563 680 3632 δὴ
723 3566 813 3622 καὶ
869 3566 944 3629 εἷς
992 3563 1212 3622 ἕκαστον
1259 3567 1405 3640 μῆνα
1467 3560 1623 3642 ἄρτον
1663 3561 1871 3625 ἱκετνος
1933 3560 2013 3616 καῖ

2109 3570 2262 3639 tens,
2286 3570 2351 3623 nt
2374 3561 2475 3623 ille
2495 3559 2752 3622 vicissim
2777 3559 2849 3622 ab
2876 3579 2945 3622 eo
2968 3560 3197 3640 majora
3219 3562 3537 3642 acciperet.
3562 3564 3613 3628 A
3633 3584 3748 3646 quo

362 3653 504 3734 ὕδωρ
571 3656 646 3718 ὡς
701 3654 893 3722 καινὴν
961 3651 1128 3718 ὅντως
1200 3651 1511 3710 πανδαισίαν
1571 3649 1816 3731 ἐδέχετο.
1889 3648 2018 3730 Τρία

365 3745 455 3802 οὗν
528 3743 626 3811 ’ἐτη
689 3743 788 3800 ὅλα
844 3741 1070 3824 ἡσύχως
1123 3741 1394 3821 διαγαγὼν
1451 3741 1506 3797 ἐν
1564 3740 1733 3822 αύτῷ,
1784 3761 2018 3820 προσευ-

363 3835 480 3916 χῆς
537 3834 636 3911 μὲν
669 3831 1012 3910 ἐπεμελεῖτο,
1049 3833 1136 3890 καὶ
1171 3833 1276 3890 τῶν
1321 3833 1393 3894 εἷς
1443 3832 1576 3888 Θεὸν
1623 3829 1826 3910 ὕμνων,
1860 3830 2021 3888 νύκτα

366 3929 459 3982 καὶ
546 3922 661 4000 μεθ’
726 3922 956 4002 ἡμέραν.
1033 3923 1130 3981 Καὶ
1217 3924 1372 3979 τοῦτο
1441 3919 1594 4000 ἔργον
1676 3923 1819 3996 αὐτῷ
1843 3968 1859 4001 ,
1932 3921 2022 3977 καὶ

369 4015 543 4095 τρυφὴ
605 4014 690 4070 καὶ
749 4011 1106 4091 παράγλησις’
1171 4013 1319 4068 ταυτὶ
1381 4009 1437 4068 δὲ
1499 4012 1566 4067 τὰ
1625 4010 1839 4088 ῥήματα
1904 4013 2023 4095 οῑρν

369 4089 584 4179 ἥδυσμά
627 4124 678 4160 τι
708 4101 794 4159 ἐπὶ
831 4089 1097 4181 γλώσσης
1140 4101 1270 4181 εἶχε
1313 4099 1570 4168 διηνεκῶς
1599 4098 1927 4180 ύπᾳδόμένα,
1959 4089 2023 4155 Ἠ

369 4192 522 4258 ὲλπίς
577 4216 681 4269 μου
741 4195 768 4250 ὁ
828 4193 986 4263 Θεὺς,
1049 4192 1332 4271 καταφυγή
1404 4213 1528 4267 μου,
1591 4191 1619 4246 ὁ
1678 4189 1926 4268 Χριστός·
1991 4189 2024 4256 ἡ

372 4283 552 4352 σκὲπῆ
613 4305 738 4364 μου,
781 4283 842 4340 τὸ
901 4287 1116 4359 Πνεῦμα
1171 4285 1231 4338 τὸ
1285 4280 1460 4362 ἅγιον.
1513 4280 1608 4336 Διὸ
1649 4282 1738 4337 καὶ
1793 4277 2024 4343 πολλοὺς

369 4374 518 4430 ἔστιν
606 4370 660 4438 ἐξ
730 4371 930 4430 ἐκείνου
1001 4367 1378 4444 παραλαϐόντα
1449 4373 1576 4450 ὁρᾴν
1660 4369 1760 4438 τὴν
1849 4366 2024 4437 καλὴν

369 4468 575 4530 ταύτην
603 4461 756 4540 ῥῆσιν
784 4461 882 4521 ἀνὰ
914 4462 1088 4538 στόμα
1114 4458 1199 4517 διὰ
1228 4462 1424 4528 παντὸς
1452 4459 1730 4540 φέροντας.

457 4640 576 4705 lB'.
622 4640 800 4708 Οὕτως
853 4640 939 4700 οὗν
993 4639 1164 4722 ἔχων,
1199 4643 1285 4699 καὶ
1330 4639 1599 4705 τοιαύταις
1647 4652 1770 4706 ταῖς
1811 4635 2026 4720 καρδίας

372 4733 675 4811 ὕψούμενος
755 4729 1095 4812 ἀναϐάσεσιν,
1147 4730 1362 4813 ἐπείπερ
1429 4731 1482 4790 ἔν
1541 4730 1643 4788 τινί
1713 4750 1845 4788 ποτε
1919 4733 2027 4787 τῶν

2101 3653 2343 3733 quidem
2379 3659 2612 3733 pastore
2648 3652 2773 3730 ipse
2817 3649 3074 3731 singulis
3104 3651 3414 3714 mensibus
3447 3671 3661 3733 panem
3696 3665 3753 3718 et

2103 3761 2314 3823 aquam
2341 3749 2618 3823 tanquam
2640 3740 2938 3822 quoddam
2971 3739 3146 3820 plane
3170 3760 3387 3803 novum
3413 3743 3751 3823 accipiebat

2105 3830 2371 3912 epulum.
2395 3833 2546 3893 Tres
2576 3839 2729 3893 totos
2752 3848 2943 3892 annos
2967 3831 3207 3894 silentio
3232 3829 3293 3892 in
3320 3850 3392 3893 eo
3419 3833 3754 3914 transigens

2107 3919 2467 4002 precationis
2497 3919 2736 4002 quidem
2769 3938 2974 3982 curam
3018 3921 3266 4000 gerebat
3308 3930 3366 3983 et
3396 3921 3749 4003 hymnorum

2105 4009 2177 4072 ad
2210 4009 2396 4072 Deum
2434 4018 2611 4070 noctu
2647 4017 2705 4071 et
2728 4009 3016 4072 interdiu.
3071 4009 3211 4073 Erat
3250 4019 3448 4073 autem
3479 4012 3590 4074 hoc
3622 4014 3752 4093 ejus

2108 4116 2278 4180 opus,
2312 4097 2662 4177 deliciaeque
2700 4105 2758 4160 et
2789 4097 3140 4159 consolatio.
3177 4097 3316 4162 Haec
3346 4099 3528 4164 verba
3558 4103 3620 4164 in
3650 4120 3755 4166 ore

2108 4187 2366 4251 habebat
2388 4187 2566 4250 veluti
2598 4187 2897 4268 quoddam
2933 4187 3412 4271 condimentum,
3445 4211 3578 4270 quae
3597 4197 3751 4255 assi-

2109 4280 2226 4342 due
2257 4279 2330 4341 ab
2361 4277 2490 4360 ipso
2523 4278 2891 4340 canebantur
2925 4298 2940 4336 :
2975 4278 3126 4358 Spes
3171 4296 3305 4340 mea
3355 4282 3535 4356 Deus,
3584 4281 3755 4344 refu-

2108 4370 2269 4452 gium
2305 4387 2503 4432 meum
2527 4367 2828 4444 Christus,
2851 4367 3144 4448 proiectio
3177 4386 3310 4431 mea
3337 4368 3602 4450 Spiritus
3620 4388 3759 4433 san-

2109 4469 2263 4524 ctus.
2299 4457 2593 4531 Quocirca
2623 4457 2765 4520 licet
2793 4457 3000 4520 videre
3028 4457 3246 4521 multos
3296 4459 3412 4522 hoc
3444 4459 3756 4541 pulchrum

2110 4550 2335 4612 dictum
2368 4549 2441 4610 ab
2475 4547 2578 4612 illo
2607 4555 2947 4629 acceptum,
2978 4547 3039 4608 in
3071 4565 3175 4611 ore
3209 4547 3368 4612 ferre
3400 4558 3712 4631 perpetuo.

2189 4638 2317 4704 ΧΗ.
2353 4637 2500 4702 Cum
2525 4637 2610 4700 sic
2631 4655 2771 4718 ergo
2789 4656 2856 4700 se
2881 4636 3152 4713 haberet,
3176 4646 3234 4702 et
3265 4639 3659 4704 extolleretur
3683 4648 3763 4702 ta-

2111 4729 2272 4792 libus
2304 4727 2504 4792 cordis
2555 4726 3034 4802 ascensionibus,
3067 4729 3355 4792 voluisset
3400 4742 3602 4792 autem
3655 4729 3764 4794 ali-

375 4823 498 4881 ἐκεῖ
566 4822 857 4899 εὖκτηρίων
921 4819 1092 4878 οἴκων
1160 4824 1471 4903 προσευχῆς
1542 4821 1703 4902 χάριν
1772 4817 2013 4888 ἠθέλησεη

2114 4819 2351 4903 quando
2408 4821 2614 4881 venire
2665 4818 2726 4880 in
2786 4817 3107 4897 quamdam
3167 4818 3411 4881 domum
3443 4819 3762 4883 oratoriam

375 4911 682 4994 ἀφικέσθαι,
716 4911 772 4968 ἐν
818 4911 864 4987 ᾦ
915 4908 1106 4969 πολλοὶ
1139 4915 1230 4970 καὶ
1285 4911 1456 4991 ἕτεροί
1496 4917 1604 4970 τῶν
1663 4907 1812 4989 πέριξ
1817 4908 2013 4990 χωρίωε

2115 4929 2187 4974 ex
2217 4910 2313 4982 iis,
2347 4927 2492 4991 qua)
2517 4907 2640 4999 illic
2670 4915 2864 4981 erant,
2893 4907 2956 4969 in
2974 4927 3092 4989 qua
3124 4907 3296 4999 multi
3319 4917 3492 4971 erant
3520 4926 3770 4988 congre-

375 5003 703 5081 ἧθροίζοντο,
774 5000 998 5070 συνῆλθὲ
1067 5023 1148 5068 τις
1216 5006 1306 5061 καὶ
1374 5009 1483 5060 τῶν
1561 5001 1817 5082 πρότερον
1885 5001 2028 5074 αὐτῷ

376 5090 875 5170 συστρατευομένων
897 5139 915 5167 ,
990 5093 1128 5152 οὕτω
1201 5093 1407 5170 συμϐὰν
1433 5139 1452 5167 ,
1525 5093 1612 5149 καὶ
1694 5093 1787 5149 τὸν
1856 5089 2027 5169 μέγαν

376 5189 564 5239 τοῦτον
609 5179 664 5238 ἐν
706 5181 974 5250 ἆσκηταϊς
1023 5183 1376 5264 θεασάμενος,
1425 5181 1584 5240 αὐτόν
1629 5203 1688 5239 τε
1747 5181 1825 5258 μὴ
1883 5181 2026 5238 εἶναι

375 5268 681 5352 δπολαϐὼν,
733 5273 809 5338 εἷς
880 5273 1104 5349 μνήμην
1179 5273 1340 5351 ἦλθεν
1416 5273 1560 5338 εὐθὺς
1627 5277 1720 5329 τοῦ
1797 5269 2028 5328 παλαιοῦ

377 5360 523 5436 αύτῷ
585 5361 793 5442 ἑταίρου
837 5363 926 5420 καὶ
983 5364 1235 5435 συνήθους
1286 5359 1629 5438 Ἰωαννικίου,
1681 5361 1772 5419 τόν
1820 5383 1879 5418 τε
1925 5365 2026 5429 τῆς

2114 4999 2234 5082 gati
2254 5017 2326 5062 ex
2357 4998 2624 5079 praediis,
2658 5016 2793 5080 quae
2822 5005 2995 5060 erant
3016 4998 3432 5077 circumcirca,
3465 5000 3685 5062 accidit
3711 5007 3776 5063 ut

2110 5089 2460 5155 conveniret
2489 5087 2670 5151 etiam
2702 5087 2951 5169 quidam
2977 5106 3048 5152 ex
3079 5087 3213 5169 ejus
3231 5088 3770 5165 commilitonibus,

2110 5188 2212 5266 qui
2235 5199 2370 5243 cum
2397 5180 2560 5242 hunc
2591 5197 2874 5256 magnum
2892 5177 3307 5241 vidissetinter
3327 5179 3776 5254 exercitatores,

2111 5283 2176 5336 et
2200 5272 2398 5354 ipsum
2424 5287 2543 5332 non
2564 5269 2823 5350 amplius
2847 5285 2988 5330 esse
3011 5269 3439 5348 existimasset,
3464 5270 3662 5331 statim
3692 5276 3784 5332 est

2114 5361 2466 5427 recordatus
2521 5359 2741 5422 veteris
2785 5357 2948 5420 illius
2984 5359 3079 5420 sui
3111 5358 3435 5422 familiaris
3486 5367 3546 5421 et
3599 5358 3784 5423 amici

381 5449 560 5528 ὄψεως
648 5451 976 5533 χαρακτῆρα
1047 5454 1132 5511 καὶ
1210 5453 1274 5510 τὸ
1355 5451 1454 5521 τῆς
1525 5450 1735 5521 ἡλικίας
1809 5451 2013 5531 μέγεθω

2115 5450 2441 5526 Joannicii,
2476 5450 2634 5512 illius
2665 5447 2858 5511 vultus
2888 5447 3148 5528 efﬁgiem
3183 5457 3249 5511 et
3275 5458 3523 5511 staturae
3557 5450 3785 5529 magni-

379 5542 454 5607 είς
511 5539 718 5600 ἐκεῖνον
786 5539 1088 5624 ἀναφέρων,
1146 5542 1245 5601 κᾶν
1297 5543 1332 5611 ἡ
1386 5543 1564 5624 μακρὰ
1623 5540 1798 5609 ἐκείνη
1855 5541 2013 5600 ἆσιτίτ

2116 5542 2388 5606 tudinem
2419 5551 2734 5622 reputans,
2759 5539 2994 5601 etiamsi
3015 5540 3194 5618 longa
3226 5537 3330 5599 illa
3366 5537 3611 5614 inedia,
3635 5547 3694 5598 et
3714 5556 3785 5599 vo

376 5633 473 5690 καί
523 5635 556 5702 ἡ
606 5634 856 5696 ἑκούσιος
913 5632 970 5688 ἐν
1021 5641 1094 5708 τῷ
1141 5633 1324 5708 λάκκῳ
1377 5633 1635 5714 κάθειρξις
1694 5632 1922 5712 παρετλε
1971 5633 2013 5690 τὶ

2122 5631 2380 5696 luntaria
2441 5633 2501 5692 in
2544 5631 2673 5692 lacu
2708 5628 2986 5700 inclusio,
3025 5629 3210 5690 multa
3267 5625 3675 5714 destruxisset
3716 5644 3789 5687 ex

378 5720 548 5782 πώλα
603 5732 714 5784 τῶν
777 5722 875 5781 τοῧ
931 5719 1114 5800 ἀνδρὸς
1170 5711 1576 5804 γνωρισμάτων,
1638 5711 1892 5780 ’Ὕστατα
1952 5731 2010 5781 οὗ

2132 5723 2235 5798 iis,
2295 5721 2513 5803 quibus
2573 5729 2800 5802 poterat
2845 5716 3141 5798 cognosci.
3183 5717 3385 5780 Stabat
3416 5733 3580 5792 ergo,
3615 5711 3789 5772 illum
