4158 6420
443 389 521 456 47

1759 397 2044 464 MENSIS
2085 397 2528 465 NOVEMBER.

3743 402 3820 471 48

449 525 778 618 perfectius
812 527 1103 618 memoria
1132 536 1415 609 repetens
1449 551 1462 595 :
1495 531 1549 593 is
1578 540 1777 596 autem
1810 534 1865 596 ei
1900 534 2085 613 magis

2187 537 2485 616 τελεώτερον
2545 537 2932 611 ἀναλαμϐάνων
2990 546 3058 616 τῇ
3118 541 3311 617 μνήμῃ
3374 542 3463 598 τὸν
3520 542 3701 618 ἄνδρα,
3735 549 3822 602 καὶ

452 617 759 698 magisque
808 617 910 679 ille
961 637 1094 680 esse
1126 618 1452 682 videbatur.
1487 620 1801 704 Postquam
1852 641 1990 686 vero
2035 624 2095 685 in

455 727 591 771 eum
654 709 845 771 oculis
905 711 1198 772 curiosius
1232 712 1540 792 conjectis,
1577 732 1784 777 revera
1829 715 2101 794 cognovit

451 799 614 862 hunc
644 798 815 860 illum
844 817 978 861 esse
1008 801 1338 862 amicorum
1373 810 1431 863 et
1460 802 1836 866 familiarium
1865 804 2096 865 amicis-

451 891 669 953 simum
716 889 1118 966 Joannicium,
1173 894 1306 970 ejus
1345 889 1549 952 statim
1582 893 1801 955 collum
1836 895 2096 955 circnm-

452 979 601 1040 dans
618 977 898 1040 ardenter
918 979 1459 1057 complectebatur:
1494 989 1698 1061 aperte
1721 984 2091 1054 ostendebat,

455 1087 520 1130 se
543 1067 807 1152 pendere
826 1066 1078 1128 abillius
1100 1069 1323 1144 anima,
1346 1088 1398 1131 οι
1423 1069 1713 1150 lacrymee
1735 1072 2100 1134 distillabant

456 1176 578 1238 prae
610 1157 849 1235 gaudio,
883 1163 942 1216 et
989 1155 1051 1217 in
1086 1159 1437 1220 memoriam
1484 1160 1805 1222 revocabat
1833 1170 2096 1225 veterem

455 1244 977 1309 consuetudinem.
1010 1244 1242 1308 Deinde
1273 1248 1376 1310 ille
1397 1249 1638 1330 quidem
1660 1256 1942 1327 excurrit,
1963 1251 2098 1313 reli-

454 1335 587 1416 quis
609 1333 787 1396 sociis
807 1353 936 1396 rem
962 1334 1172 1398 volens
1191 1335 1531 1416 signiﬁcare
1559 1359 1573 1400 :
1609 1340 1956 1403 Joannicius
1985 1359 2096 1401 au-

455 1435 575 1487 tem
609 1425 824 1487 volens
857 1426 1048 1504 magis
1077 1425 1288 1500 latere,
1315 1431 1572 1506 pervasit
1595 1428 1651 1490 in
1683 1439 1917 1493 montes
1941 1429 2098 1492 Con-

455 1515 648 1590 turize,
674 1515 735 1576 in
755 1514 970 1594 quibus
990 1514 1298 1596 degebant
1319 1518 1480 1594 ferae,
1509 1537 1780 1582 seorsum
1808 1538 1942 1582 cum
1973 1519 2096 1580 Deo

457 1603 876 1684 congrediens.

537 1693 701 1758 XIII.
725 1694 874 1757 Cum
908 1701 1050 1758 tunc
1081 1703 1279 1759 autem
1301 1697 1455 1760 forte
1486 1698 1724 1761 fortuna
1753 1697 2012 1761 venisset
2041 1699 2099 1760 in

460 1783 655 1846 aedem
680 1783 1025 1860 oratoriam,
1045 1784 1327 1848 inciditin
1342 1788 1533 1850 virum
1556 1788 1876 1869 quemdam
1891 1795 1951 1851 et
1975 1807 2095 1849 mu-

2183 626 2267 684 ἐπὶ
2315 626 2477 684 πλέον
2534 631 2684 689 οὗτος
2756 630 2964 692 ἐκεῖνος
3039 630 3184 686 εἶναι
3241 631 3415 703 τούτῳ
3484 632 3675 696 ἐδόκει,
3726 633 3821 690 Ὧς

2182 717 2270 773 οὖν
2341 717 2742 796 περιεργοτέραν
2800 719 2942 792 αὖτῷ
2997 719 3096 784 τὴν
3157 716 3278 793 ὄψιν
3337 718 3628 795 ἐπιϐαλῶν,
3689 721 3826 800 ἔγνω

2181 812 2248 881 τῇ
2298 805 2516 877 ἀληθείᾳ
2561 809 2747 862 τοῦτον
2793 807 2999 864 ἐκεῖνον
3054 807 3196 863 εἶναι
3249 809 3338 864 τὸν
3387 809 3635 888 φίλτατον
3685 811 3828 886 αὒτῴ

2182 897 2286 950 τῶν
2341 895 2560 972 ἑταίρων
2617 895 2962 976 Ἰωαννίκιον,
3028 898 3173 960 εὖθὺς
3230 899 3387 955 αὖτοῦ
3437 904 3513 972 τῷ
3569 903 3829 982 τραχήλῳ

2182 985 2422 1064 περιφὺς,
2481 986 2929 1062 περιεπτύσσετο,
2989 990 3195 1063 θερμῶς
3273 986 3607 1066 περιέϐαλλε,
3668 988 3828 1058 δῆλος

2179 1073 2243 1139 ἧν
2303 1078 2400 1140 τῆς
2459 1072 2658 1130 ἐκείνου
2728 1079 2914 1154 ψυχῆς
2976 1074 3395 1150 ἐκκρεμάμενος,
3455 1076 3676 1156 δάκρυον
3746 1076 3831 1134 ἐπ’

2181 1163 2322 1237 αὐτῷ
2375 1170 2550 1242 χαρᾶς
2603 1161 2807 1237 ἔσταξε,
2859 1169 2957 1230 τῆς
3011 1163 3241 1230 παλαιᾶς
3300 1167 3459 1222 αὐτὸν
3529 1168 3831 1242 ἀνεμίμνη-

2181 1273 2272 1307 σκε
2326 1252 2622 1318 συνηθείας.
2662 1256 2794 1308 Εἶτα
2837 1257 2864 1310 6
2908 1254 3006 1326 μὲν
3054 1253 3368 1334 ἀποτρέχει,
3417 1257 3503 1311 καὶ
3546 1258 3612 1331 τῇ
3661 1255 3833 1333 λοιπῇ

2181 1341 2381 1420 ἑταιρίᾳ
2469 1339 2792 1417 βουλόμενος
2877 1348 2938 1398 τὸ
3009 1349 3229 1420 πρᾶγμα
3305 1351 3579 1418 μηνῦσαι·
3655 1348 3681 1402 6
3773 1345 3828 1402 δὲ

2181 1429 2452 1486 λανθάνειν
2507 1430 2712 1505 μᾶλλον
2770 1430 2988 1510 ἒθέλων,
3049 1431 3188 1508 διῄει
3261 1434 3347 1488 ἐπὶ
3399 1434 3463 1491 τὰ
3533 1435 3830 1514 θηροτρόιρα

2181 1520 2280 1587 τῆς
2341 1522 2657 1598 Κοντουρίας
2729 1518 2848 1600 ὅρη,
2925 1523 3230 1598 καταμόνας
3304 1523 3681 1601 συγγινόμενος
3753 1531 3831 1599 τῷ

2184 1611 2322 1682 Θεῷ.

2262 1697 2366 1758 Il".
2433 1697 2523 1755 Ἐν
2554 1702 2814 1777 εὐκτηρίῳ
2867 1696 2920 1755 δὲ
2954 1699 3074 1756 τότε
3127 1697 3266 1774 οἷ’κῳ
3297 1701 3432 1758 κατὰ
3493 1702 3664 1782 τύχην
3727 1725 3834 1760 πα-

2184 1785 2452 1869 ραλαϐών,
2512 1787 2825 1868 ὲυτυγχάνει
2905 1786 3050 1864 ἀνδρί
3114 1810 3172 1845 τε
3247 1789 3332 1845 καὶ
3405 1793 3639 1867 γυναικὶ,
3705 1793 3844 1848 κατὰ

457 1873 692 1950 lierem,
726 1871 830 1969 qui
853 1883 1267 1969 convenerant
1295 1885 1359 1939 ut
1388 1876 1605 1969 festum
1637 1877 1896 1969 patrium
1958 1895 2098 1958 per-

2187 1877 2373 1957 χρείαν
2451 1876 2755 1934 συνελθοῦσι
2824 1887 2919 1936 τοῦ
2989 1878 3213 1957 πάτριον
3284 1878 3474 1950 ἑορτὴν
3541 1879 3838 1940 ἐκτελέσαι.

457 1973 728 2044 agerent.
757 1962 869 2036 Qui
895 1982 1033 2027 cum
1061 1974 1331 2029 sanctum
1354 1965 1670 2049 vidissent,
1704 1966 1764 2028 in
1791 1967 1982 2047 primo
2007 1985 2102 2028 oc-

459 2071 663 2134 cursu,
687 2053 791 2115 illo
811 2053 1051 2117 insolito
1085 2064 1143 2118 et
1172 2055 1428 2119 terribili
1461 2057 1592 2136 ejus
1623 2057 1960 2138 spectaculo
1991 2055 2102 2118 ob-

458 2142 800 2225 stupefacti,
835 2162 911 2205 ne
942 2153 1266 2226 potuerunt
1295 2146 1538 2228 quidem
1556 2146 1927 2224 interrogare
1947 2145 2105 2228 quis-

461 2251 598 2295 nam
619 2240 800 2310 esset,
821 2249 933 2295 nec
951 2235 1196 2297 omnino
1215 2253 1349 2297 cum
1363 2253 1436 2299 eo
1450 2236 1724 2298 conferre
1740 2254 2076 2298 sermonem
2091 2282 2104 2296 .

460 2319 602 2384 Erat
632 2321 791 2382 enim
823 2327 913 2382 vir
944 2322 1089 2385 satis
1138 2325 1378 2405 quidem
1410 2326 1589 2404 justas
1620 2324 2050 2403 magnitudinis
2085 2345 2097 2386 :

470 2414 684 2492 pannis
713 2419 914 2472 autem
945 2410 1198 2487 obsitus,
1222 2421 1282 2474 et
1309 2414 1486 2475 nudis
1514 2414 1802 2477 incedens
1824 2411 2103 2494 pedibus,

2185 1976 2349 2045 Οιπερ
2393 1968 2466 2029 ὡς
2516 1965 2664 2023 εἶδον
2712 1968 2802 2022 τὸν
2849 1968 3024 2044 ἅγιον,
3059 1967 3120 2022 ἐκ
3169 1967 3386 2046 πρώτης
3435 1968 3711 2034 ἐντεύξεως
3762 1978 3841 2044 τῷ

2185 2055 2434 2126 ἀσυνήθει
2492 2057 2579 2112 καὶ
2634 2054 2922 2136 καταφόϐῳ
2977 2057 3164 2112 τούτου
3221 2057 3318 2122 τῆς
3374 2056 3494 2123 θέας
3557 2057 3840 2116 καταπλα-

2187 2144 2394 2221 γέντες,
2471 2143 2588 2201 οὖδὲ
2656 2147 2908 2202 πυθέσθαὶ
2965 2143 3112 2208 ὅστις
3189 2147 3358 2222 οὗτος,
3419 2144 3537 2227 εἴη,
3596 2147 3711 2204 οὖδὲ
3771 2150 3843 2213 εἷς

2191 2232 2382 2313 λόγους
2443 2233 2583 2296 ὅλως
2638 2239 2780 2309 αὗτῷ
2829 2233 3004 2290 ἐλθεῖν
3057 2233 3312 2314 ἴσχυσαν.
3346 2229 3446 2292 Ἠν
3493 2238 3594 2315 γὰρ
3651 2239 3678 2293 6
3709 2237 3844 2315 ἀνὴρ

2188 2326 2380 2389 ἱκανῶς
2437 2323 2533 2398 μὲν
2601 2345 2746 2402 εχων
2804 2323 3079 2401 μεγέθους,
3141 2326 3503 2402 περικείμενος
3565 2325 3618 2381 δὲ
3677 2327 3839 2406 ῥάκη,

2189 2415 2277 2470 καὶ
2344 2411 2732 2490 γυμνοποδῶν,
2791 2412 2927 2477 ὅλως
3002 2433 3059 2468 τε
3135 2416 3439 2488 κατάκομος
3503 2429 3624 2478 ταῖς
3687 2414 3838 2494 θριξὶ,

468 2509 529 2562 et
559 2507 716 2561 totus
744 2499 1078 2581 capillatus,
1114 2508 1170 2563 et
1200 2520 1372 2563 coma
1403 2503 1742 2564 mirandum
1771 2503 1832 2564 in
1863 2501 2098 2563 modum

2189 2503 2310 2568 τοὺς
2378 2503 2708 2581 βοστρύχους
2769 2502 3118 2578 περιττότατα
3199 2504 3529 2578 καθειμένος.
3613 2507 3672 2563 0i
3743 2505 3841 2580 μὲν

471 2590 793 2669 promissa.
856 2589 947 2652 Illi
1007 2608 1146 2669 ergo
1201 2610 1336 2653 cum
1371 2601 1641 2654 sanctum
1689 2593 1778 2653 sic
1820 2592 2098 2652 vidissent

2192 2591 2279 2648 οὖν
2329 2591 2494 2654 οὕτως
2557 2591 2757 2669 ἔχοντα
2813 2593 2905 2646 τὸν
2964 2589 3114 2668 ἅγιον
3170 2590 3390 2664 ἰδόντες,
3447 2592 3610 2666 δειλίᾳ
3670 2595 3844 2651 συνεί-

471 2678 777 2761 ali‘ectum,
809 2681 1004 2742 affecti
1027 2688 1162 2741 sunt
1188 2681 1422 2747 timore.
1449 2681 1557 2744 Ille
1580 2690 1776 2744 autem
1804 2682 2032 2762 placida
2053 2688 2098 2742 e1

2195 2703 2384 2762 χεντο.
2447 2679 2506 2739 Ὀ
2565 2679 2616 2736 δὲ
2675 2682 2864 2760 πραείᾳ
2921 2683 3138 2745 τούτους
3178 2684 3266 2738 καὶ
3321 2685 3504 2760 ἡμέρῳ
3569 2690 3635 2760 τῇ
3693 2687 3847 2764 φωνῇ

472 2769 602 2830 miti
651 2789 791 2832 voce
817 2771 994 2850 jussit
1026 2789 1129 2832 eos
1160 2789 1292 2833 esse
1323 2771 1481 2833 bono
1525 2772 1750 2846 animo,
1799 2781 1859 2832 et
1905 2770 1978 2831 ab
2009 2770 2098 2831 illc

2195 2770 2405 2849 θαῤῥεϊν
2464 2769 2701 2850 ἐκέλευε,
2761 2773 2848 2828 καὶ
2918 2773 3012 2837 τῆς
3083 2769 3278 2837 δειλίας
3336 2773 3541 2841 ἐκείνης
3607 2774 3845 2850 ἀνελάμ-

473 2859 687 2921 timore
700 2861 1010 2924 recreavit.
1032 2861 1261 2924 Deinde
1281 2879 1383 2924 eos
1395 2861 1644 2941 rogavit,
1662 2879 1931 2942 quamam
1957 2872 2098 2921 esse!

2197 2860 2322 2918 ϐανέ
2368 2883 2424 2916 τε
2453 2861 2540 2916 καὶ
2574 2861 2850 2920 ἀνεκτᾶτο.
2909 2861 3045 2917 Εἶτα
3078 2862 3164 2917 καὶ
3204 2863 3328 2918 ποία
3379 2863 3487 2918 τῶν
3539 2861 3672 2920 ὁδῶν
3705 2864 3847 2920 ἐστιν

471 2951 584 3024 via,
621 2969 754 3029 quae
781 2958 946 3012 recta
973 2952 1178 3014 ferret.
1212 2951 1299 3011 Illi
1330 2970 1470 3013 vero
1497 2951 1780 3013 dixerunt
1808 2957 1946 3013 ante
1995 2951 2098 3011 ﬂu-

2198 2953 2233 3018 ἡ
2294 2951 2424 3026 πρὸς
2478 2951 2539 3006 τὸ
2598 2951 2713 3006 εὒθὺ
2773 2951 3024 3029 φέρουσα,
3085 2949 3341 3029 διηρώτα,
3377 2954 3434 3008 Οἱ
3490 2949 3544 3008 δὲ
3605 2955 3848 3030 ποταμὸν

473 3041 628 3100 vium
661 3042 870 3122 fluere,
906 3042 1008 3124 qui
1036 3060 1155 3104 non
1187 3049 1310 3103 erat
1344 3042 1595 3105 transitu
1623 3041 1834 3115 facilis,
1889 3048 1946 3102 et
1979 3051 2098 3103 tum

2201 3040 2342 3114 αύτῷ
2400 3038 2485 3095 ἐπὶ
2533 3039 2598 3094 τὰ
2657 3039 2839 3116 πρόσω
2887 3039 3000 3114 ῥεῖν
3060 3039 3285 3119 ἔφησαν,
3322 3040 3399 3114 μὴ
3455 3042 3653 3122 εὔχερῆ
3712 3040 3849 3116 μηδὲ

472 3130 754 3203 maxime,
787 3151 922 3193 cum
958 3141 1075 3193 tam
1109 3132 1280 3193 multi
1305 3131 1540 3194 imbres
1572 3131 1644 3193 ad
1677 3150 1812 3192 eum
1849 3129 2098 3191 aliluxis-

2201 3127 2377 3206 ῥᾳδίαν
2452 3127 2647 3208 ἔχοντα
2703 3128 2801 3195 τὴν
2857 3131 3168 3209 περαίωσιν,
3226 3131 3313 3185 καὶ
3389 3130 3622 3205 μάλιστα
3672 3132 3732 3187 τό
3793 3153 3854 3209 γε

471 3231 626 3282 sent.
659 3219 827 3282 Tunc
848 3222 1008 3282 enim
1043 3221 1366 3298 acciderat,
1389 3229 1454 3284 ut
1475 3223 1863 3283 vehementer
1886 3219 2092 3300 pluere

2203 3224 2291 3273 νῦν
2375 3217 2526 3296 ἔχοι,
2608 3215 2820 3296 ὄμϐρων
2893 3219 3036 3291 αὐτῷ
3113 3219 3380 3275 τοσούτων
3467 3218 3853 3298 ἐπιρῤυὲντων·

470 3319 531 3370 et
560 3311 696 3372 ideo
725 3317 1102 3388 restagnaret
1135 3287 1369 3374 ﬂuvius:
1423 3309 1528 3372 Ille
1559 3319 1754 3372 autem
1789 3287 1924 3371 cum
1959 3308 2098 3370 circ:

2201 3307 2359 3386 ἔτυχε
2406 3287 2520 3385 ’γὰρ
2583 3287 2725 3362 κατ’.
2763 3305 2940 3364 ἐκεῖνο
3010 3287 3110 3375 τῆς
3183 3307 3324 3385 ὥρας
3393 3308 3511 3365 ὗσαι
3555 3287 3856 3389 βαγδαίως,

471 3399 727 3462 mediam
762 3409 1000 3462 noctem
1037 3401 1394 3462 surrexisset
1443 3400 1524 3480 (Ο
1573 3398 1756 3480 pedes
1787 3398 2092 3479 speciosos

2201 3398 2480 3454 κάντεῦθεν
2549 3395 2939 3476 πλημμυρῆσαι
3015 3399 3107 3453 τὸν
3183 3399 3446 3474 ποταμόν.
3505 3405 3680 3457 Ταῦτα
3754 3399 3856 3473 μὲν

473 3509 507 3551 o
539 3490 873 3568 ingressum
931 3491 1098 3552 illum
1129 3489 1546 3551 admirabilem
1572 3490 1610 3563 lt
1662 3506 1870 3568 aquam
1902 3504 2098 3549 ascen-

2204 3487 2290 3544 οὖν
2340 3487 2563 3544 ἐκεῖνον
2618 3489 2644 3543 6
2701 3485 2755 3542 δὲ
2811 3488 2930 3564 περὶ
2983 3485 3152 3560 μέσας
3204 3488 3394 3551 νύκτας
3445 3485 3724 3551 διαναστὰς
3781 3487 3852 3566 (ὢ

470 3579 560 3639 dit
589 3598 700 3640 nec
724 3579 830 3640 fuit
861 3579 1251 3654 madefactus,
1274 3591 1334 3642 et
1360 3579 1700 3642 transmittit
1730 3579 1790 3640 in
1811 3577 2094 3639 continen

2204 3575 2379 3634 ποδῶν
2409 3577 2615 3655 ὡραίων
2651 3574 2664 3638 !
2719 3575 2764 3639 ὣ
2790 3579 3106 3650 θαυμαστῆς
3131 3575 3338 3642 ἐκείνης
3386 3577 3598 3655 πορείας
3633 3575 3678 3654 ι)
3728 3576 3848 3633 ἐπι-

474 3681 594 3730 tem
628 3687 760 3750 quae
792 3679 918 3732 erat
948 3687 1017 3732 ex
1048 3669 1322 3732 adverso.

2202 3664 2366 3722 ϐαίνει
2438 3663 2687 3746 ἀϐρόχως
2745 3669 2821 3739 τῷ
2881 3663 3053 3741 ὒδατι,
3116 3666 3200 3723 καὶ
3263 3667 3335 3729 εἷς
3395 3667 3493 3734 τήν
3566 3665 3847 3746 ἀντιπέρας

2198 3753 2418 3832 ἤπειρον
2450 3752 2701 3811 διαϐαίνει
2713 3804 2725 3817 ,

554 3846 710 3911 XIV.
758 3845 929 3908 Illinc
960 3854 1158 3909 autem
1192 3847 1352 3912 venit
1386 3847 1446 3911 in
1481 3847 1774 3928 templum
1833 3845 2098 3925 magistri

2280 3843 2394 3902 ω’.
2457 3842 2698 3902 Ἐκεϊδεν
2774 3842 2827 3899 δὲ
2891 3843 2945 3899 ἐν
3013 3843 3221 3925 Ἐφέσῳ
3303 3847 3427 3901 ναὸν
3486 3844 3575 3901 τοῦ
3631 3845 3850 3923 ἀγαπη-

471 3935 707 3999 Christo
740 3937 940 3999 dilecti
967 3937 1266 4018 discipuli,
1301 3937 1461 4018 quod
1485 3947 1610 3998 erat
1631 3935 1852 4017 Ephesi
1879 3958 1891 3998 :
1931 3939 1982 3996 ei
2004 3954 2098 3996 au-

2199 3942 2292 3992 τοὺ
2361 3939 2438 4007 τῷ
2494 3932 2792 4006 διδασκάλῳ
2849 3941 3059 4012 Χριστῷ
3118 3937 3357 4009 μαθητοῦ
3428 3933 3848 4016 καταλαμϐάνει,

471 4036 592 4088 tem
627 4027 821 4087 statim
857 4045 957 4088 sua
996 4037 1208 4107 sponte
1241 4035 1465 4108 apertae
1527 4035 1665 4089 sunt
1718 4033 1902 4107 portae
1955 4025 2098 4088 illiu:

2200 4025 2287 4080 καὶ
2349 4023 2519 4094 τούτῳ
2551 4023 2860 4097 αὐτομάτως
2916 4024 2966 4077 αἱ
3025 4029 3118 4079 τοῦ
3175 4024 3278 4078 νεώ
3307 4023 3611 4101 ἀνοίγονται
3667 4027 3851 4086 πύλαι.

471 4116 703 4195 templi.
767 4115 872 4177 llle
920 4133 1062 4177 vero
1118 4117 1446 4197 ingressus,
1501 4135 1635 4177 cum
1685 4113 1936 4177 Domino
1981 4132 2098 4175 sua:

2203 4114 2302 4172 Καὶ
2354 4113 2409 4177 ὃς
2467 4110 2602 4168 εἴσω
2661 4113 2971 4190 γενόμενος,
3033 4113 3121 4168 καὶ
3188 4113 3282 4174 τὰς
3341 4111 3506 4192 εὒχᾶς
3564 4115 3722 4171 αὐτοῦ
3777 4115 3854 4190 τῷ

473 4223 683 4285 preces
700 4205 1085 4283 reddidisset,
1113 4225 1321 4268 rursus
1351 4205 1690 4284 egreditur:
1721 4216 1780 4268 et
1801 4223 1938 4266 cum
1960 4219 2095 4265 esse

2205 4203 2375 4280 Κυρίῳ
2462 4199 2786 4275 ἀποδιδοὺς,
2862 4199 3049 4266 ἔξεισιν
3127 4201 3293 4266 αὖθις·
3377 4206 3464 4258 καὶ
3541 4207 3673 4278 μετὰ
3757 4206 3854 4273 τὴν

472 4314 774 4374 egressus.
812 4295 1084 4375 protinus
1115 4295 1474 4359 clauduntur
1531 4303 1734 4375 portae,
1795 4303 1853 4355 et
1910 4311 2098 4355 rursu:

2202 4291 2484 4371 ἑξέλευσιν,
2546 4294 2597 4346 αἱ
2673 4290 2834 4346 πύλαι
2895 4292 3038 4354 εὐθὺς
3115 4290 3490 4366 ἐπικλείονται,
3557 4296 3642 4350 καὶ
3717 4295 3854 4352 οὕτω

471 4389 839 4446 convertitur
885 4385 946 4444 in
1003 4381 1374 4465 Centuriam,
1423 4391 1481 4446 et
1509 4383 1788 4445 convenit
1832 4381 2098 4463 quasdan

2201 4385 2299 4446 τῆς
2358 4381 2444 4435 ἒπὶ
2502 4380 2818 4458 Κοντουρίαν
2866 4379 3088 4437 ἅπτεται
3142 4380 3324 4437 πάλιν·
3393 4383 3479 4438 καὶ
3528 4405 3632 4439 τισι
3683 4407 3855 4459 μονα-

473 4476 822 4547 monachas,
859 4484 1138 4554 matrem,
1179 4474 1444 4555 inquam,
1479 4491 1615 4535 cum
1649 4473 1792 4534 lilia.
1856 4471 2098 4543 Quarun

2202 4471 2413 4540 ζούσαις
2473 4469 2808 4547 ἐντῦγχάνει,
2871 4471 3056 4547 μητρὶ,
3123 4471 3282 4549 ιρῆμὶ,
3341 4473 3476 4546 μετᾶ
3551 4475 3850 4554 θυγατρίου,

474 4563 593 4625 ﬁlia
614 4564 855 4662 quidem
873 4563 998 4642 jam
1031 4571 1156 4662 erat
1180 4563 1414 4662 defessa
1448 4563 1698 4625 libidine
1735 4586 1746 4622 :
1785 4569 1976 4662 mater
2003 4579 2098 4661 au.-

2201 4564 2268 4634 τῇ
2353 4559 2451 4632 μὲν
2533 4558 2848 4635 ἀπειρηκυίᾳ
2932 4558 3034 4626 ἠδη
3136 4562 3264 4638 πρὸς
3348 4561 3442 4622 τὰς
3527 4559 3852 4626 ἆκολαστους

473 4661 592 4714 tem
654 4651 931 4714 studebat
980 4653 1485 4716 admonitionibus
1531 4661 1723 4714 motus
1757 4653 1889 4730 ejus
1920 4650 2098 4712 carni:

2203 4649 2391 4726 ὁρμὰς,
2455 4654 2521 4724 τῇ
2574 4650 2734 4724 μητρὶ
2794 4646 2849 4703 δὲ
2897 4646 2982 4706 διὰ
3039 4649 3404 4726 παραινέσεως
3436 4648 3730 4727 σπευδούσῃ
3789 4654 3854 4707 τὸ.

472 4743 893 4824 comprimere.
953 4744 1100 4805 Cum
1135 4742 1198 4804 in
1231 4762 1332 4806 eas
1363 4743 1675 4806 incidisset
1729 4751 1992 4816 sanctus,
2058 4759 2091 4800 e

2200 4743 2300 4804 τῆς
2362 4739 2555 4806 σαρκὸς
2617 4738 2748 4812 αὐτῇ
2819 4738 3092 4812 γινήματα
3151 4737 3549 4798 καταστέλλειν.
3626 4743 3851 4805 Ταύταις

474 4841 720 4912 propter
776 4831 990 4911 puella:
1040 4831 1246 4895 vitium
1295 4840 1450 4895 esset
1480 4834 1680 4894 animo
1713 4828 2090 4911 perturbatus

2205 4827 2291 4885 οὖν
2353 4829 2380 4882 ὁ
2410 4825 2560 4905 όίγιος
2622 4826 2884 4907 ἐντυγὼν,
2921 4827 3009 4884 καὶ
3052 4850 3099 4883 τι
3150 4829 3396 4908 καὶπρὸς
3455 4830 3512 4885 τὸ
3541 4829 3704 4893 πάθος
3753 4834 3853 4898 τῆς

473 4921 668 5002 puella
698 4922 773 4984 ad
799 4940 864 4984 se
895 4930 1119 5002 vocata,
1137 4921 1312 5002 jubet
1343 4941 1472 4984 eam
1505 4940 1744 4983 manum
1771 4936 1940 4982 suam
1963 4917 2098 4982 colli

2202 4918 2369 4995 κόρης
2428 4917 2607 4973 παθὼν
2667 4917 2764 4983 τὴν
2839 4918 3045 4996 ψυχὴν,
3099 4917 3198 4984 τὴν
3250 4917 3418 4976 παῖδα
3474 4920 3606 4998 πρὸς
3673 4919 3858 4977 ἑαυτὸν

472 5011 632 5072 illius
661 5011 997 5093 imponere.
1032 5011 1198 5082 Quod
1221 5012 1464 5093 quidem
1489 5031 1623 5075 cum
1655 5011 1879 5072 factum
1906 5007 2093 5070 fuisse

2200 5005 2451 5082 καλέσας,
2512 5006 2772 5063 ἐπιθεῖναι
2846 5011 2924 5081 τῷ
2989 5006 3188 5064 ἐκείνου
3260 5007 3448 5085 αὒχένι
3522 5010 3618 5075 τὴν
3692 5010 3856 5076 αὐτῆς

472 5109 538 5162 ut
577 5103 861 5180 jusserat,
903 5107 1131 5181 rogavit
1160 5111 1223 5163 ut
1256 5103 1454 5183 puella
1483 5101 1726 5184 quidem
1763 5100 2098 5161 liberaretui

2203 5095 2554 5174 προτρέπεται
2617 5109 2806 5176 χεῖρα.
2839 5094 2908 5152 "0
2962 5093 3027 5162 δὴ
3059 5095 3156 5152 καὶ
3217 5097 3291 5160 ὡς
3323 5095 3566 5156 ἐκέλευσε
3626 5099 3857 5176 γεγονὸς,

471 5209 506 5251 a
538 5191 713 5265 malo,
779 5192 936 5271 quod
997 5210 1128 5254 eam
1187 5192 1456 5272 vexabat,
1505 5193 1566 5252 in
1598 5211 1662 5252 se
1701 5197 1898 5251 autem
1945 5205 2098 5267 grav:

2207 5185 2582 5264 ἀπαλλαγῆναι
2636 5187 2731 5261 μὲν
2763 5185 2966 5264 ηὔχετο
3025 5185 3126 5251 τὴν
3172 5185 3338 5263 κόρην
3371 5193 3462 5242 τοῦ
3513 5185 3858 5266 ἐνοχλοῦντος

471 5279 620 5340 illud
657 5280 873 5342 malum
902 5282 1225 5345 recideret.
1260 5284 1459 5363 Atque
1479 5283 1580 5342 illa
1602 5280 1847 5361 quidem
1875 5277 2098 5340 liberat:

2207 5278 2395 5355 κακοῦ,
2433 5275 2573 5350 αὐτῷ
2630 5275 2683 5331 δὲ
2728 5275 2788 5330 τὸ
2834 5273 3004 5331 δεινὸν
3055 5274 3232 5331 ἐκεῖνο
3283 5275 3584 5339 ἐπιπεσεῖν,
3638 5277 3705 5334 Ἠ
3760 5299 3860 5354 μεθ

473 5387 508 5430 a
539 5367 697 5429 bello
730 5372 949 5448 carnis,
1006 5372 1205 5433 ordini
1251 5373 1674 5434 monacliarum
1705 5388 1794 5442 se,
1833 5380 1900 5430 ut
1931 5367 2095 5449 prius

2207 5365 2318 5441 οὗν,
2351 5373 2443 5423 τοῦ
2503 5368 2600 5432 τῆς
2651 5365 2847 5443 σαρκὸς
2911 5363 3142 5439 πολέμου
3191 5363 3596 5447 ἀπαλλαγεῖσα,
3628 5373 3705 5440 τῷ
3754 5374 3860 5424 τῶν

470 5457 754 5520 restituit.
809 5461 875 5522 ln
923 5471 1201 5524 sanctum
1259 5471 1458 5524 autem
1508 5479 1682 5540 grave
1714 5459 1856 5520 illud
1895 5457 2098 5520 bellun

2204 5462 2543 5532 μοναζουσῶν
2593 5456 2850 5534 τάγματι,
2901 5454 3034 5510 καθα
3090 5451 3154 5522 δὴ
3211 5455 3302 5513 καὶ
3358 5455 3613 5534 πρότερον
3671 5455 3856 5536 εἶχεν,

472 5549 858 5612 excitabatur.
885 5551 1031 5612 Cum
1055 5560 1252 5614 autem
1279 5551 1640 5630 intelligeret
1667 5558 1868 5628 turpes
1885 5549 2098 5626 cogita-

2203 5546 2396 5612 ἑαυτὴν
2458 5542 2765 5601 ἀποδίδωσι·
2842 5550 2917 5618 τῷ
2989 5542 3123 5621 ἁγίῳ
3187 5541 3244 5599 δὲ
3311 5546 3339 5599 6
3411 5543 3578 5608 δεινὸς
3651 5545 3857 5610 ἐκεῖνος

472 5639 666 5701 tiones
696 5657 831 5700 cum
864 5639 938 5701 ad
968 5640 1120 5703 facta
1149 5660 1267 5702 non
1301 5641 1550 5705 honesta
1581 5639 1918 5721 impellere,
1955 5639 2098 5700 inve

2196 5635 2504 5716 ἀνηγείρετο
2566 5633 2822 5712 πόλεμος.
2889 5635 3070 5699 Συνεὶς
3130 5633 3220 5691 οὖν
3277 5634 3567 5713 λογισμοὺς
3625 5635 3856 5701 ἀτόπους

473 5729 562 5793 nit
585 5728 904 5792 draconem
935 5730 1249 5812 quemdam
1273 5749 1342 5795 ex
1367 5729 1748 5814 serpentibus
1768 5729 1828 5792 in
1853 5728 2098 5809 quadam

2197 5727 2283 5784 ἐπὶ
2367 5723 2580 5807 πράξεις
2659 5725 2813 5784 αὐτὸν
2884 5724 2980 5790 τὰς
3076 5725 3136 5784 οὗ
3204 5725 3373 5792 καλὰς
3463 5728 3846 5806 συνωθοῦντας,
