  <div class='ocr_page' id='page_1' title='image "/cluster/home/n/w/nwhite01/storage/ocr_20150623/116:no.3/coo.31924054870203/033.png"; bbox 0 0 4158 6434; ppageno 0'>
   <div class='ocr_carea' id='block_1_1' title="bbox 442 347 507 411">
    <p class='ocr_par' dir='ltr' id='par_1_1' title="bbox 442 347 507 411">
     <span class='ocr_line' id='line_1_1' title="bbox 442 347 507 411; baseline -0.031 0"><span class='ocrx_word' id='word_1_1' title='bbox 442 347 507 411; x_wconf 86' lang='grc'>51</span> 
     </span>
    </p>
   </div>
   <div class='ocr_carea' id='block_1_2' title="bbox 1743 343 2509 412">
    <p class='ocr_par' dir='ltr' id='par_1_2' title="bbox 1743 343 2509 412">
     <span class='ocr_line' id='line_1_2' title="bbox 1743 343 2509 412; baseline -0.01 0"><span class='ocrx_word' id='word_1_2' title='bbox 1743 346 2023 412; x_wconf 84' lang='lat' dir='ltr'><strong>MENSIS</strong></span> <span class='ocrx_word' id='word_1_3' title='bbox 2064 343 2509 411; x_wconf 82' lang='lat' dir='ltr'><strong>NOVEMBER.</strong></span> 
     </span>
    </p>
   </div>
   <div class='ocr_carea' id='block_1_3' title="bbox 3735 330 3811 397">
    <p class='ocr_par' dir='ltr' id='par_1_3' title="bbox 3735 330 3811 397">
     <span class='ocr_line' id='line_1_3' title="bbox 3735 330 3811 397; baseline 0 0"><span class='ocrx_word' id='word_1_4' title='bbox 3735 330 3811 397; x_wconf 80' lang='lat'><strong>52</strong></span> 
     </span>
    </p>
   </div>
   <div class='ocr_carea' id='block_1_4' title="bbox 439 468 2079 567">
    <p class='ocr_par' dir='ltr' id='par_1_4' title="bbox 439 482 2079 567">
     <span class='ocr_line' id='line_1_4' title="bbox 439 482 2079 567; baseline 0 -23"><span class='ocrx_word' id='word_1_5' title='bbox 439 499 603 559; x_wconf 92' lang='lat' dir='ltr'><strong>nem,</strong></span> <span class='ocrx_word' id='word_1_6' title='bbox 638 491 702 546; x_wconf 92' lang='lat' dir='ltr'><strong>ut</strong></span> <span class='ocrx_word' id='word_1_7' title='bbox 730 484 1087 549; x_wconf 86' lang='lat' dir='ltr'><strong>conveniret</strong></span> <span class='ocrx_word' id='word_1_8' title='bbox 1113 486 1300 547; x_wconf 89' lang='lat' dir='ltr'><strong>virum</strong></span> <span class='ocrx_word' id='word_1_9' title='bbox 1333 486 1652 567; x_wconf 83' lang='lat' dir='ltr'><strong>quemdam</strong></span> <span class='ocrx_word' id='word_1_10' title='bbox 1683 485 1899 548; x_wconf 89' lang='lat' dir='ltr'><strong>virtute</strong></span> <span class='ocrx_word' id='word_1_11' title='bbox 1925 482 2079 545; x_wconf 89' lang='lat' dir='ltr'><strong>insi-</strong></span> 
     </span>
    </p>
   </div>
   <div class='ocr_carea' id='block_1_5' title="bbox 2165 468 3810 567">
    <p class='ocr_par' dir='ltr' id='par_1_5' title="bbox 2165 468 3810 567">
     <span class='ocr_line' id='line_1_5' title="bbox 2165 468 3810 567; baseline -0.007 -31"><span class='ocrx_word' id='word_1_12' title='bbox 2165 479 2322 554; x_wconf 78' lang='grc' dir='ltr'>ἰέναι,</span> <span class='ocrx_word' id='word_1_13' title='bbox 2383 477 2522 536; x_wconf 81' lang='grc' dir='ltr'>ὥστε</span> <span class='ocrx_word' id='word_1_14' title='bbox 2578 474 2690 535; x_wconf 81' lang='grc' dir='ltr'><strong>τινῖ</strong></span> <span class='ocrx_word' id='word_1_15' title='bbox 2733 470 2984 556; x_wconf 70' lang='grc' dir='ltr'>ἰπιφανεϊ</span> <span class='ocrx_word' id='word_1_16' title='bbox 3197 471 3415 567; x_wconf 63' lang='grc' dir='ltr'><strong>ἀρετὴνΔ</strong></span> <span class='ocrx_word' id='word_1_17' title='bbox 3446 468 3599 567; x_wconf 44' lang='grc' dir='ltr'>ἆνδρί</span> <span class='ocrx_word' id='word_1_18' title='bbox 3653 472 3810 567; x_wconf 44' lang='lat' dir='ltr'><strong>livent</strong></span> 
     </span>
    </p>
   </div>
   <div class='ocr_carea' id='block_1_6' title="bbox 439 575 2083 656">
    <p class='ocr_par' dir='ltr' id='par_1_6' title="bbox 439 575 2083 656">
     <span class='ocr_line' id='line_1_6' title="bbox 439 575 2083 656; baseline 0.001 -22"><span class='ocrx_word' id='word_1_19' title='bbox 439 590 615 651; x_wconf 87' lang='lat' dir='ltr'><strong>gnem</strong></span> <span class='ocrx_word' id='word_1_20' title='bbox 661 575 812 653; x_wconf 88' lang='lat' dir='ltr'><strong>(erat</strong></span> <span class='ocrx_word' id='word_1_21' title='bbox 863 583 1060 637; x_wconf 90' lang='lat' dir='ltr'><strong>autem</strong></span> <span class='ocrx_word' id='word_1_22' title='bbox 1094 576 1146 637; x_wconf 87' lang='lat' dir='ltr'><strong>is</strong></span> <span class='ocrx_word' id='word_1_23' title='bbox 1177 594 1424 655; x_wconf 84' lang='lat' dir='ltr'><strong>magnus</strong></span> <span class='ocrx_word' id='word_1_24' title='bbox 1453 575 1794 656; x_wconf 84' lang='lat' dir='ltr'><strong>Georgius),</strong></span> <span class='ocrx_word' id='word_1_25' title='bbox 1826 575 2083 635; x_wconf 79' lang='lat' dir='ltr'><strong>venisset</strong></span> 
     </span>
    </p>
   </div>
   <div class='ocr_carea' id='block_1_7' title="bbox 438 662 2078 745">
    <p class='ocr_par' dir='ltr' id='par_1_7' title="bbox 438 662 2078 745">
     <span class='ocr_line' id='line_1_7' title="bbox 438 662 2078 745; baseline 0.002 -25"><span class='ocrx_word' id='word_1_26' title='bbox 438 667 638 723; x_wconf 87' lang='lat' dir='ltr'><strong>autem</strong></span> <span class='ocrx_word' id='word_1_27' title='bbox 694 662 766 724; x_wconf 89' lang='lat' dir='ltr'><strong>ad</strong></span> <span class='ocrx_word' id='word_1_28' title='bbox 829 663 1068 724; x_wconf 87' lang='lat' dir='ltr'><strong>tluvium</strong></span> <span class='ocrx_word' id='word_1_29' title='bbox 1123 665 1364 745; x_wconf 89' lang='lat' dir='ltr'><strong>Goram,</strong></span> <span class='ocrx_word' id='word_1_30' title='bbox 1406 664 1614 728; x_wconf 88' lang='lat' dir='ltr'><strong>incidit</strong></span> <span class='ocrx_word' id='word_1_31' title='bbox 1640 664 1701 727; x_wconf 90' lang='lat' dir='ltr'><strong>in</strong></span> <span class='ocrx_word' id='word_1_32' title='bbox 1732 664 2078 736; x_wconf 86' lang='lat' dir='ltr'><strong>draconem,</strong></span> 
     </span>
    </p>
   </div>
   <div class='ocr_carea' id='block_1_8' title="bbox 442 749 2081 836">
    <p class='ocr_par' dir='ltr' id='par_1_8' title="bbox 442 749 2081 836">
     <span class='ocr_line' id='line_1_8' title="bbox 442 749 2081 836; baseline 0.001 -25"><span class='ocrx_word' id='word_1_33' title='bbox 442 749 546 830; x_wconf 84' lang='lat' dir='ltr'><strong>qui</strong></span> <span class='ocrx_word' id='word_1_34' title='bbox 596 750 915 814; x_wconf 79' lang='lat' dir='ltr'><strong>cohibebat</strong></span> <span class='ocrx_word' id='word_1_35' title='bbox 956 771 1124 834; x_wconf 69' lang='lat' dir='ltr'><strong>aqum</strong></span> <span class='ocrx_word' id='word_1_36' title='bbox 1185 755 1495 836; x_wconf 83' lang='lat' dir='ltr'><strong>fluentum,</strong></span> <span class='ocrx_word' id='word_1_37' title='bbox 1549 762 1608 817; x_wconf 92' lang='lat' dir='ltr'><strong>et</strong></span> <span class='ocrx_word' id='word_1_38' title='bbox 1667 753 1977 816; x_wconf 88' lang='lat' dir='ltr'><strong>transitum</strong></span> <span class='ocrx_word' id='word_1_39' title='bbox 2025 752 2081 814; x_wconf 92' lang='lat' dir='ltr'><strong>ei</strong></span> 
     </span>
    </p>
   </div>
   <div class='ocr_carea' id='block_1_9' title="bbox 439 838 2080 925">
    <p class='ocr_par' dir='ltr' id='par_1_9' title="bbox 439 838 2080 925">
     <span class='ocr_line' id='line_1_9' title="bbox 439 838 2080 925; baseline 0.002 -27"><span class='ocrx_word' id='word_1_40' title='bbox 439 838 832 922; x_wconf 82' lang='lat' dir='ltr'><strong>irrumpebat.</strong></span> <span class='ocrx_word' id='word_1_41' title='bbox 863 843 940 905; x_wconf 91' lang='lat' dir='ltr'><strong>Et</strong></span> <span class='ocrx_word' id='word_1_42' title='bbox 984 861 1120 905; x_wconf 90' lang='lat' dir='ltr'><strong>eum</strong></span> <span class='ocrx_word' id='word_1_43' title='bbox 1167 843 1405 925; x_wconf 86' lang='lat' dir='ltr'><strong>quidem</strong></span> <span class='ocrx_word' id='word_1_44' title='bbox 1454 843 1792 924; x_wconf 82' lang='lat' dir='ltr'><strong>precatione</strong></span> <span class='ocrx_word' id='word_1_45' title='bbox 1825 852 1881 905; x_wconf 90' lang='lat' dir='ltr'><strong>et</strong></span> <span class='ocrx_word' id='word_1_46' title='bbox 1910 843 2080 922; x_wconf 82' lang='lat' dir='ltr'><strong>signo</strong></span> 
     </span>
    </p>
   </div>
   <div class='ocr_carea' id='block_1_10' title="bbox 440 930 2079 1015">
    <p class='ocr_par' dir='ltr' id='par_1_10' title="bbox 440 930 2079 1015">
     <span class='ocr_line' id='line_1_10' title="bbox 440 930 2079 1015; baseline 0.002 -25"><span class='ocrx_word' id='word_1_47' title='bbox 440 930 640 992; x_wconf 86' lang='lat' dir='ltr'><strong>crucis</strong></span> <span class='ocrx_word' id='word_1_48' title='bbox 674 938 969 993; x_wconf 90' lang='lat' dir='ltr'><strong>mortuum</strong></span> <span class='ocrx_word' id='word_1_49' title='bbox 1018 934 1216 994; x_wconf 84' lang='lat' dir='ltr'><strong>statim</strong></span> <span class='ocrx_word' id='word_1_50' title='bbox 1268 933 1447 995; x_wconf 86' lang='lat' dir='ltr'><strong>tradit</strong></span> <span class='ocrx_word' id='word_1_51' title='bbox 1473 934 1666 1015; x_wconf 78' lang='lat' dir='ltr'><strong>aquis.</strong></span> <span class='ocrx_word' id='word_1_52' title='bbox 1701 932 1849 996; x_wconf 84' lang='lat' dir='ltr'><strong>Tres</strong></span> <span class='ocrx_word' id='word_1_53' title='bbox 1882 942 2079 996; x_wconf 89' lang='lat' dir='ltr'><strong>autem</strong></span> 
     </span>
    </p>
   </div>
   <div class='ocr_carea' id='block_1_11' title="bbox 442 1022 2080 1102">
    <p class='ocr_par' dir='ltr' id='par_1_11' title="bbox 442 1022 2080 1102">
     <span class='ocr_line' id='line_1_11' title="bbox 442 1022 2080 1102; baseline 0.002 -23"><span class='ocrx_word' id='word_1_54' title='bbox 442 1036 634 1081; x_wconf 87' lang='lat' dir='ltr'><strong>annos</strong></span> <span class='ocrx_word' id='word_1_55' title='bbox 684 1037 816 1081; x_wconf 92' lang='lat' dir='ltr'><strong>cum</strong></span> <span class='ocrx_word' id='word_1_56' title='bbox 850 1040 1061 1100; x_wconf 80' lang='lat' dir='ltr'><strong>magno</strong></span> <span class='ocrx_word' id='word_1_57' title='bbox 1110 1035 1385 1084; x_wconf 82' lang='lat' dir='ltr'><strong>versatus</strong></span> <span class='ocrx_word' id='word_1_58' title='bbox 1410 1022 1688 1102; x_wconf 81' lang='lat' dir='ltr'><strong>Georgio,</strong></span> <span class='ocrx_word' id='word_1_59' title='bbox 1721 1042 1857 1086; x_wconf 89' lang='lat' dir='ltr'><strong>eum</strong></span> <span class='ocrx_word' id='word_1_60' title='bbox 1889 1023 1963 1085; x_wconf 93' lang='lat' dir='ltr'><strong>ab</strong></span> <span class='ocrx_word' id='word_1_61' title='bbox 2007 1040 2080 1084; x_wconf 89' lang='lat' dir='ltr'><strong>eo</strong></span> 
     </span>
    </p>
   </div>
   <div class='ocr_carea' id='block_1_12' title="bbox 441 1109 2078 1193">
    <p class='ocr_par' dir='ltr' id='par_1_12' title="bbox 441 1109 2078 1193">
     <span class='ocr_line' id='line_1_12' title="bbox 441 1109 2078 1193; baseline 0.004 -25"><span class='ocrx_word' id='word_1_62' title='bbox 441 1115 625 1171; x_wconf 87' lang='lat' dir='ltr'><strong>totum</strong></span> <span class='ocrx_word' id='word_1_63' title='bbox 655 1109 964 1172; x_wconf 87' lang='lat' dir='ltr'><strong>didicisset</strong></span> <span class='ocrx_word' id='word_1_64' title='bbox 996 1111 1377 1187; x_wconf 82' lang='lat' dir='ltr'><strong>Psalterium,</strong></span> <span class='ocrx_word' id='word_1_65' title='bbox 1401 1112 1522 1174; x_wconf 90' lang='lat' dir='ltr'><strong>abit</strong></span> <span class='ocrx_word' id='word_1_66' title='bbox 1549 1132 1758 1176; x_wconf 83' lang='lat' dir='ltr'><strong>rursus</strong></span> <span class='ocrx_word' id='word_1_67' title='bbox 1788 1113 1859 1175; x_wconf 89' lang='lat' dir='ltr'><strong>ad</strong></span> <span class='ocrx_word' id='word_1_68' title='bbox 1883 1121 2078 1193; x_wconf 86' lang='lat' dir='ltr'><strong>pasto-</strong></span> 
     </span>
    </p>
   </div>
   <div class='ocr_carea' id='block_1_13' title="bbox 440 1198 2083 1283">
    <p class='ocr_par' dir='ltr' id='par_1_13' title="bbox 440 1198 2083 1283">
     <span class='ocr_line' id='line_1_13' title="bbox 440 1198 2083 1283; baseline 0.004 -25"><span class='ocrx_word' id='word_1_69' title='bbox 440 1215 570 1258; x_wconf 90' lang='lat' dir='ltr'><strong>rem</strong></span> <span class='ocrx_word' id='word_1_70' title='bbox 618 1198 843 1261; x_wconf 86' lang='lat' dir='ltr'><strong>Antidii</strong></span> <span class='ocrx_word' id='word_1_71' title='bbox 901 1218 1036 1262; x_wconf 92' lang='lat' dir='ltr'><strong>cum</strong></span> <span class='ocrx_word' id='word_1_72' title='bbox 1097 1200 1419 1264; x_wconf 80' lang='lat' dir='ltr'><strong>Pachomio</strong></span> <span class='ocrx_word' id='word_1_73' title='bbox 1467 1201 1790 1283; x_wconf 89' lang='lat' dir='ltr'><strong>discipulo.</strong></span> <span class='ocrx_word' id='word_1_74' title='bbox 1842 1204 1917 1267; x_wconf 86' lang='lat' dir='ltr'><strong>Et</strong></span> <span class='ocrx_word' id='word_1_75' title='bbox 1947 1221 2083 1266; x_wconf 91' lang='lat' dir='ltr'><strong>cum</strong></span> 
     </span>
    </p>
   </div>
   <div class='ocr_carea' id='block_1_14' title="bbox 442 1285 2081 1372">
    <p class='ocr_par' dir='ltr' id='par_1_14' title="bbox 442 1285 2081 1372">
     <span class='ocr_line' id='line_1_14' title="bbox 442 1285 2081 1372; baseline 0.005 -26"><span class='ocrx_word' id='word_1_76' title='bbox 442 1285 605 1348; x_wconf 86' lang='lat' dir='ltr'><strong>illinc</strong></span> <span class='ocrx_word' id='word_1_77' title='bbox 622 1305 830 1349; x_wconf 82' lang='lat' dir='ltr'><strong>rursus</strong></span> <span class='ocrx_word' id='word_1_78' title='bbox 846 1289 1107 1352; x_wconf 79' lang='lat' dir='ltr'><strong>venisset</strong></span> <span class='ocrx_word' id='word_1_79' title='bbox 1137 1290 1198 1351; x_wconf 83' lang='lat' dir='ltr'><strong>in</strong></span> <span class='ocrx_word' id='word_1_80' title='bbox 1222 1291 1648 1354; x_wconf 86' lang='lat' dir='ltr'><strong>monasterium</strong></span> <span class='ocrx_word' id='word_1_81' title='bbox 1676 1301 2081 1372; x_wconf 82' lang='lat' dir='ltr'><strong>Agaurorum,</strong></span> 
     </span>
    </p>
   </div>
   <div class='ocr_carea' id='block_1_15' title="bbox 439 1376 2087 1463">
    <p class='ocr_par' dir='ltr' id='par_1_15' title="bbox 439 1376 2087 1463">
     <span class='ocr_line' id='line_1_15' title="bbox 439 1376 2087 1463; baseline 0.006 -27"><span class='ocrx_word' id='word_1_82' title='bbox 439 1376 708 1438; x_wconf 76' lang='lat' dir='ltr'><strong>ascendit</strong></span> <span class='ocrx_word' id='word_1_83' title='bbox 750 1395 885 1439; x_wconf 90' lang='lat' dir='ltr'><strong>cum</strong></span> <span class='ocrx_word' id='word_1_84' title='bbox 934 1378 1068 1440; x_wconf 89' lang='lat' dir='ltr'><strong>aliis</strong></span> <span class='ocrx_word' id='word_1_85' title='bbox 1112 1380 1420 1442; x_wconf 85' lang='lat' dir='ltr'><strong>monachis</strong></span> <span class='ocrx_word' id='word_1_86' title='bbox 1477 1380 1540 1443; x_wconf 89' lang='lat' dir='ltr'><strong>in</strong></span> <span class='ocrx_word' id='word_1_87' title='bbox 1596 1391 1856 1445; x_wconf 88' lang='lat' dir='ltr'><strong>montem</strong></span> <span class='ocrx_word' id='word_1_88' title='bbox 1901 1400 2087 1463; x_wconf 87' lang='lat' dir='ltr'><strong>prope</strong></span> 
     </span>
    </p>
   </div>
   <div class='ocr_carea' id='block_1_16' title="bbox 441 1464 2083 1552">
    <p class='ocr_par' dir='ltr' id='par_1_16' title="bbox 441 1464 2083 1552">
     <span class='ocr_line' id='line_1_16' title="bbox 441 1464 2083 1552; baseline 0.006 -28"><span class='ocrx_word' id='word_1_89' title='bbox 441 1464 643 1545; x_wconf 82' lang='lat' dir='ltr'><strong>situm,</strong></span> <span class='ocrx_word' id='word_1_90' title='bbox 678 1472 741 1527; x_wconf 91' lang='lat' dir='ltr'><strong>ut</strong></span> <span class='ocrx_word' id='word_1_91' title='bbox 787 1475 992 1529; x_wconf 84' lang='lat' dir='ltr'><strong>essent</strong></span> <span class='ocrx_word' id='word_1_92' title='bbox 1035 1476 1401 1545; x_wconf 85' lang='lat' dir='ltr'><strong>spectatores</strong></span> <span class='ocrx_word' id='word_1_93' title='bbox 1453 1469 1688 1546; x_wconf 86' lang='lat' dir='ltr'><strong>domus,</strong></span> <span class='ocrx_word' id='word_1_94' title='bbox 1735 1490 1868 1552; x_wconf 69' lang='lat' dir='ltr'><strong>quae</strong></span> <span class='ocrx_word' id='word_1_95' title='bbox 1906 1472 1965 1533; x_wconf 90' lang='lat' dir='ltr'><strong>in</strong></span> <span class='ocrx_word' id='word_1_96' title='bbox 2012 1490 2083 1534; x_wconf 92' lang='lat' dir='ltr'><strong>eo</strong></span> 
     </span>
    </p>
   </div>
   <div class='ocr_carea' id='block_1_17' title="bbox 440 1553 2084 1624">
    <p class='ocr_par' dir='ltr' id='par_1_17' title="bbox 440 1553 2084 1624">
     <span class='ocr_line' id='line_1_17' title="bbox 440 1553 2084 1624; baseline 0.006 -10"><span class='ocrx_word' id='word_1_97' title='bbox 440 1553 851 1617; x_wconf 72' lang='lat' dir='ltr'><strong>mdiﬁcabitur.</strong></span> <span class='ocrx_word' id='word_1_98' title='bbox 915 1555 1381 1622; x_wconf 88' lang='lat' dir='ltr'><strong>Construebatur</strong></span> <span class='ocrx_word' id='word_1_99' title='bbox 1440 1560 1600 1622; x_wconf 91' lang='lat' dir='ltr'><strong>enim</strong></span> <span class='ocrx_word' id='word_1_100' title='bbox 1642 1561 1700 1622; x_wconf 89' lang='lat' dir='ltr'><strong>in</strong></span> <span class='ocrx_word' id='word_1_101' title='bbox 1764 1580 1835 1623; x_wconf 90' lang='lat' dir='ltr'><strong>eo</strong></span> <span class='ocrx_word' id='word_1_102' title='bbox 1880 1571 2084 1624; x_wconf 92' lang='lat' dir='ltr'><strong>monte</strong></span> 
     </span>
    </p>
   </div>
   <div class='ocr_carea' id='block_1_18' title="bbox 442 1644 2078 1731">
    <p class='ocr_par' dir='ltr' id='par_1_18' title="bbox 442 1644 2078 1731">
     <span class='ocr_line' id='line_1_18' title="bbox 442 1644 2078 1731; baseline 0.007 -27"><span class='ocrx_word' id='word_1_103' title='bbox 442 1644 740 1721; x_wconf 89' lang='lat' dir='ltr'><strong>quoddam</strong></span> <span class='ocrx_word' id='word_1_104' title='bbox 766 1647 1171 1711; x_wconf 82' lang='lat' dir='ltr'><strong>habitaculum</strong></span> <span class='ocrx_word' id='word_1_105' title='bbox 1198 1649 1400 1731; x_wconf 86' lang='lat' dir='ltr'><strong>iis,qui</strong></span> <span class='ocrx_word' id='word_1_106' title='bbox 1424 1652 1668 1714; x_wconf 79' lang='lat' dir='ltr'><strong>erantin</strong></span> <span class='ocrx_word' id='word_1_107' title='bbox 1695 1652 2078 1728; x_wconf 88' lang='lat' dir='ltr'><strong>monasterio,</strong></span> 
     </span>
    </p>
   </div>
   <div class='ocr_carea' id='block_1_19' title="bbox 443 1734 2079 1824">
    <p class='ocr_par' dir='ltr' id='par_1_19' title="bbox 443 1734 2079 1824">
     <span class='ocr_line' id='line_1_19' title="bbox 443 1734 2079 1824; baseline 0.006 -29"><span class='ocrx_word' id='word_1_108' title='bbox 443 1734 602 1824; x_wconf 85' lang='lat' dir='ltr'><strong>quod</strong></span> <span class='ocrx_word' id='word_1_109' title='bbox 653 1743 711 1797; x_wconf 80' lang='lat' dir='ltr'><strong>et</strong></span> <span class='ocrx_word' id='word_1_110' title='bbox 742 1737 1078 1799; x_wconf 83' lang='lat' dir='ltr'><strong>volentibus</strong></span> <span class='ocrx_word' id='word_1_111' title='bbox 1111 1739 1395 1818; x_wconf 88' lang='lat' dir='ltr'><strong>majorem</strong></span> <span class='ocrx_word' id='word_1_112' title='bbox 1424 1741 1785 1804; x_wconf 85' lang='lat' dir='ltr'><strong>conciliabat</strong></span> <span class='ocrx_word' id='word_1_113' title='bbox 1816 1743 2079 1824; x_wconf 89' lang='lat' dir='ltr'><strong>quietem</strong></span> 
     </span>
    </p>
   </div>
   <div class='ocr_carea' id='block_1_20' title="bbox 2164 560 3811 649">
    <p class='ocr_par' dir='ltr' id='par_1_20' title="bbox 2164 560 3811 649">
     <span class='ocr_line' id='line_1_20' title="bbox 2164 560 3811 649; baseline -0.004 -25"><span class='ocrx_word' id='word_1_114' title='bbox 2164 582 2291 649; x_wconf 83' lang='grc' dir='ltr'>χετν</span> <span class='ocrx_word' id='word_1_115' title='bbox 2346 567 2399 648; x_wconf 83' lang='grc' dir='ltr'><strong>(ὁ</strong></span> <span class='ocrx_word' id='word_1_116' title='bbox 2459 565 2629 645; x_wconf 74' lang='grc' dir='ltr'>μέγας</span> <span class='ocrx_word' id='word_1_117' title='bbox 2687 564 2743 622; x_wconf 61' lang='grc' dir='ltr'><strong>δὲ</strong></span> <span class='ocrx_word' id='word_1_118' title='bbox 2817 574 2970 628; x_wconf 75' lang='grc' dir='ltr'>οὗτος</span> <span class='ocrx_word' id='word_1_119' title='bbox 3033 563 3243 643; x_wconf 74' lang='grc' dir='ltr'>δπῆρχε</span> <span class='ocrx_word' id='word_1_120' title='bbox 3310 561 3598 641; x_wconf 81' lang='grc' dir='ltr'>Γεώργιος)</span> <span class='ocrx_word' id='word_1_121' title='bbox 3630 610 3645 636; x_wconf 84' lang='grc'><strong>,</strong></span> <span class='ocrx_word' id='word_1_122' title='bbox 3694 560 3811 618; x_wconf 66' lang='grc' dir='ltr'>ἐπεὶ</span> 
     </span>
    </p>
   </div>
   <div class='ocr_carea' id='block_1_21' title="bbox 2163 649 3811 734">
    <p class='ocr_par' dir='ltr' id='par_1_21' title="bbox 2163 649 3811 734">
     <span class='ocr_line' id='line_1_21' title="bbox 2163 649 3811 734; baseline -0.006 -19"><span class='ocrx_word' id='word_1_123' title='bbox 2163 657 2300 715; x_wconf 85' lang='grc' dir='ltr'>κατᾶ</span> <span class='ocrx_word' id='word_1_124' title='bbox 2355 657 2447 713; x_wconf 78' lang='grc' dir='ltr'><strong>τὸν</strong></span> <span class='ocrx_word' id='word_1_125' title='bbox 2507 655 2773 734; x_wconf 84' lang='grc' dir='ltr'>γοράντην</span> <span class='ocrx_word' id='word_1_126' title='bbox 2832 653 3041 733; x_wconf 74' lang='grc' dir='ltr'>ἐγένετο</span> <span class='ocrx_word' id='word_1_127' title='bbox 3101 653 3369 733; x_wconf 74' lang='grc' dir='ltr'>ποταμὸν,</span> <span class='ocrx_word' id='word_1_128' title='bbox 3426 650 3669 731; x_wconf 82' lang='grc' dir='ltr'>δράκοντι</span> <span class='ocrx_word' id='word_1_129' title='bbox 3720 649 3811 707; x_wconf 76' lang='grc' dir='ltr'><strong>ἒν-</strong></span> 
     </span>
    </p>
   </div>
   <div class='ocr_carea' id='block_1_22' title="bbox 2165 739 3808 827">
    <p class='ocr_par' dir='ltr' id='par_1_22' title="bbox 2165 739 3808 827">
     <span class='ocr_line' id='line_1_22' title="bbox 2165 739 3808 827; baseline -0.005 -24"><span class='ocrx_word' id='word_1_130' title='bbox 2165 747 2421 827; x_wconf 86' lang='grc' dir='ltr'>τυγχάνει</span> <span class='ocrx_word' id='word_1_131' title='bbox 2477 743 2874 825; x_wconf 81' lang='grc' dir='ltr'>ἆναχαιτίζοντί</span> <span class='ocrx_word' id='word_1_132' title='bbox 2928 764 2987 801; x_wconf 87' lang='grc' dir='ltr'><strong>τε</strong></span> <span class='ocrx_word' id='word_1_133' title='bbox 3040 743 3103 798; x_wconf 76' lang='grc' dir='ltr'>τὸ</span> <span class='ocrx_word' id='word_1_134' title='bbox 3155 742 3249 799; x_wconf 71' lang='grc' dir='ltr'>τοῦ</span> <span class='ocrx_word' id='word_1_135' title='bbox 3305 748 3551 817; x_wconf 84' lang='grc' dir='ltr'>ποταμοῦ</span> <span class='ocrx_word' id='word_1_136' title='bbox 3618 739 3808 819; x_wconf 71' lang='grc' dir='ltr'>ριὖμα,</span> 
     </span>
    </p>
   </div>
   <div class='ocr_carea' id='block_1_23' title="bbox 2164 830 3814 913">
    <p class='ocr_par' dir='ltr' id='par_1_23' title="bbox 2164 830 3814 913">
     <span class='ocr_line' id='line_1_23' title="bbox 2164 830 3814 913; baseline -0.002 -22"><span class='ocrx_word' id='word_1_137' title='bbox 2164 836 2252 893; x_wconf 85' lang='grc' dir='ltr'><strong>καὶ</strong></span> <span class='ocrx_word' id='word_1_138' title='bbox 2307 836 2398 891; x_wconf 80' lang='grc' dir='ltr'>τὸν</span> <span class='ocrx_word' id='word_1_139' title='bbox 2432 834 2593 913; x_wconf 90' lang='grc' dir='ltr'>πόρον</span> <span class='ocrx_word' id='word_1_140' title='bbox 2626 835 2769 907; x_wconf 80' lang='grc' dir='ltr'><strong>αὖτῷ</strong></span> <span class='ocrx_word' id='word_1_141' title='bbox 2825 830 3186 894; x_wconf 80' lang='grc' dir='ltr'>διακόπτοντι.</span> <span class='ocrx_word' id='word_1_142' title='bbox 3255 832 3352 890; x_wconf 79' lang='grc' dir='ltr'>Καὶ</span> <span class='ocrx_word' id='word_1_143' title='bbox 3409 832 3501 887; x_wconf 80' lang='grc' dir='ltr'>τὸν</span> <span class='ocrx_word' id='word_1_144' title='bbox 3560 831 3682 906; x_wconf 73' lang='grc' dir='ltr'>μὲν,</span> <span class='ocrx_word' id='word_1_145' title='bbox 3730 831 3814 887; x_wconf 70' lang='grc' dir='ltr'><strong>εὖ·</strong></span> 
     </span>
    </p>
   </div>
   <div class='ocr_carea' id='block_1_24' title="bbox 2164 916 3810 1004">
    <p class='ocr_par' dir='ltr' id='par_1_24' title="bbox 2164 916 3810 1004">
     <span class='ocr_line' id='line_1_24' title="bbox 2164 916 3810 1004; baseline -0.004 -23"><span class='ocrx_word' id='word_1_146' title='bbox 2164 924 2246 1004; x_wconf 73' lang='grc' dir='ltr'>χῆ</span> <span class='ocrx_word' id='word_1_147' title='bbox 2301 924 2385 980; x_wconf 75' lang='grc' dir='ltr'><strong>καὶ</strong></span> <span class='ocrx_word' id='word_1_148' title='bbox 2441 921 2692 1002; x_wconf 77' lang='grc' dir='ltr'>σφραγῖδι</span> <span class='ocrx_word' id='word_1_149' title='bbox 2754 922 2936 1000; x_wconf 76' lang='grc' dir='ltr'>νεκρὰν</span> <span class='ocrx_word' id='word_1_150' title='bbox 2991 924 3178 979; x_wconf 71' lang='grc' dir='ltr'>αὔτικα</span> <span class='ocrx_word' id='word_1_151' title='bbox 3206 921 3329 983; x_wconf 74' lang='grc' dir='ltr'>τοῖς</span> <span class='ocrx_word' id='word_1_152' title='bbox 3379 918 3529 978; x_wconf 72' lang='grc' dir='ltr'>ὕδασι</span> <span class='ocrx_word' id='word_1_153' title='bbox 3582 916 3810 997; x_wconf 76' lang='grc' dir='ltr'>παραδί-</span> 
     </span>
    </p>
   </div>
   <div class='ocr_carea' id='block_1_25' title="bbox 2164 1007 3810 1090">
    <p class='ocr_par' dir='ltr' id='par_1_25' title="bbox 2164 1007 3810 1090">
     <span class='ocr_line' id='line_1_25' title="bbox 2164 1007 3810 1090; baseline -0.002 -21"><span class='ocrx_word' id='word_1_154' title='bbox 2164 1012 2292 1069; x_wconf 81' lang='grc' dir='ltr'>δωσι</span> <span class='ocrx_word' id='word_1_155' title='bbox 2327 1028 2341 1043; x_wconf 82' lang='grc'><strong>⁸</strong></span> <span class='ocrx_word' id='word_1_156' title='bbox 2402 1019 2478 1087; x_wconf 84' lang='grc' dir='ltr'>τῷ</span> <span class='ocrx_word' id='word_1_157' title='bbox 2554 1011 2773 1089; x_wconf 75' lang='grc' dir='ltr'>μεγάλῳ</span> <span class='ocrx_word' id='word_1_158' title='bbox 2832 1009 2887 1068; x_wconf 72' lang='grc' dir='ltr'><strong>δὲ</strong></span> <span class='ocrx_word' id='word_1_159' title='bbox 2972 1010 3097 1090; x_wconf 86' lang='grc' dir='ltr'>παρ’</span> <span class='ocrx_word' id='word_1_160' title='bbox 3157 1009 3304 1075; x_wconf 81' lang='grc' dir='ltr'>ὅλοις</span> <span class='ocrx_word' id='word_1_161' title='bbox 3368 1023 3509 1082; x_wconf 77' lang='grc' dir='ltr'>τρεῖς</span> <span class='ocrx_word' id='word_1_162' title='bbox 3582 1007 3810 1088; x_wconf 78' lang='grc' dir='ltr'>χρόνους</span> 
     </span>
    </p>
   </div>
   <div class='ocr_carea' id='block_1_26' title="bbox 2166 1098 3813 1182">
    <p class='ocr_par' dir='ltr' id='par_1_26' title="bbox 2166 1098 3813 1182">
     <span class='ocr_line' id='line_1_26' title="bbox 2166 1098 3813 1182; baseline -0.003 -25"><span class='ocrx_word' id='word_1_163' title='bbox 2166 1101 2551 1180; x_wconf 77' lang='grc' dir='ltr'><strong>συγγενόμενος</strong></span> <span class='ocrx_word' id='word_1_164' title='bbox 2604 1099 2873 1182; x_wconf 81' lang='grc' dir='ltr'>Γεωργίῳ,</span> <span class='ocrx_word' id='word_1_165' title='bbox 2927 1098 3053 1180; x_wconf 80' lang='grc' dir='ltr'>παρ’</span> <span class='ocrx_word' id='word_1_166' title='bbox 3114 1103 3268 1158; x_wconf 67' lang='grc' dir='ltr'>αὐτοῦ</span> <span class='ocrx_word' id='word_1_167' title='bbox 3338 1098 3393 1157; x_wconf 76' lang='grc' dir='ltr'><strong>δὲ</strong></span> <span class='ocrx_word' id='word_1_168' title='bbox 3443 1100 3531 1156; x_wconf 84' lang='grc' dir='ltr'><strong>καὶ</strong></span> <span class='ocrx_word' id='word_1_169' title='bbox 3584 1098 3709 1154; x_wconf 76' lang='grc' dir='ltr'>ὅλον</span> <span class='ocrx_word' id='word_1_170' title='bbox 3752 1098 3813 1152; x_wconf 80' lang='grc' dir='ltr'><strong>τὸ</strong></span> 
     </span>
    </p>
   </div>
   <div class='ocr_carea' id='block_1_27' title="bbox 2166 1184 3815 1271">
    <p class='ocr_par' dir='ltr' id='par_1_27' title="bbox 2166 1184 3815 1271">
     <span class='ocr_line' id='line_1_27' title="bbox 2166 1184 3815 1271; baseline -0.003 -24"><span class='ocrx_word' id='word_1_171' title='bbox 2166 1190 2477 1271; x_wconf 76' lang='grc' dir='ltr'>Ψαλτήριον</span> <span class='ocrx_word' id='word_1_172' title='bbox 2533 1188 2821 1271; x_wconf 83' lang='grc' dir='ltr'>διδαχθεὶς,</span> <span class='ocrx_word' id='word_1_173' title='bbox 2884 1190 3061 1247; x_wconf 68' lang='grc' dir='ltr'>ἄπεισι</span> <span class='ocrx_word' id='word_1_174' title='bbox 3119 1188 3279 1246; x_wconf 75' lang='grc' dir='ltr'>πάλιν</span> <span class='ocrx_word' id='word_1_175' title='bbox 3322 1189 3465 1267; x_wconf 76' lang='grc' dir='ltr'>παρὰ</span> <span class='ocrx_word' id='word_1_176' title='bbox 3491 1190 3582 1245; x_wconf 78' lang='grc' dir='ltr'>τὸν</span> <span class='ocrx_word' id='word_1_177' title='bbox 3613 1184 3815 1261; x_wconf 81' lang='grc' dir='ltr'>ποιμέ-</span> 
     </span>
    </p>
   </div>
   <div class='ocr_carea' id='block_1_28' title="bbox 2166 1276 3814 1357">
    <p class='ocr_par' dir='ltr' id='par_1_28' title="bbox 2166 1276 3814 1357">
     <span class='ocr_line' id='line_1_28' title="bbox 2166 1276 3814 1357; baseline -0.001 -22"><span class='ocrx_word' id='word_1_178' title='bbox 2166 1302 2231 1335; x_wconf 83' lang='grc' dir='ltr'><strong>να</strong></span> <span class='ocrx_word' id='word_1_179' title='bbox 2284 1284 2384 1346; x_wconf 81' lang='grc' dir='ltr'>τῆς</span> <span class='ocrx_word' id='word_1_180' title='bbox 2443 1277 2701 1337; x_wconf 77' lang='grc' dir='ltr'>Ἀντιδίου</span> <span class='ocrx_word' id='word_1_181' title='bbox 2755 1279 2865 1355; x_wconf 74' lang='grc' dir='ltr'><strong>ἅμα</strong></span> <span class='ocrx_word' id='word_1_182' title='bbox 2927 1282 3208 1357; x_wconf 59' lang='grc' dir='ltr'>Παχωμίερ</span> <span class='ocrx_word' id='word_1_183' title='bbox 3263 1286 3339 1354; x_wconf 84' lang='grc' dir='ltr'>τῷ</span> <span class='ocrx_word' id='word_1_184' title='bbox 3397 1279 3636 1356; x_wconf 75' lang='grc' dir='ltr'>μαθητῇ.</span> <span class='ocrx_word' id='word_1_185' title='bbox 3700 1276 3814 1334; x_wconf 82' lang='grc' dir='ltr'><strong>Κά-</strong></span> 
     </span>
    </p>
   </div>
   <div class='ocr_carea' id='block_1_29' title="bbox 2166 1365 3814 1446">
    <p class='ocr_par' dir='ltr' id='par_1_29' title="bbox 2166 1365 3814 1446">
     <span class='ocr_line' id='line_1_29' title="bbox 2166 1365 3814 1446; baseline -0.002 -21"><span class='ocrx_word' id='word_1_186' title='bbox 2166 1371 2343 1426; x_wconf 73' lang='grc' dir='ltr'>κεῒθεν</span> <span class='ocrx_word' id='word_1_187' title='bbox 2395 1368 2449 1424; x_wconf 80' lang='grc' dir='ltr'>ἐν</span> <span class='ocrx_word' id='word_1_188' title='bbox 2503 1373 2571 1446; x_wconf 77' lang='grc' dir='ltr'><strong>τῇ</strong></span> <span class='ocrx_word' id='word_1_189' title='bbox 2630 1374 2769 1445; x_wconf 89' lang='grc' dir='ltr'>μονῇ</span> <span class='ocrx_word' id='word_1_190' title='bbox 2824 1374 2930 1426; x_wconf 84' lang='grc' dir='ltr'>τῶν</span> <span class='ocrx_word' id='word_1_191' title='bbox 2993 1369 3261 1446; x_wconf 69' lang='grc' dir='ltr'>’Δγ-κόρων</span> <span class='ocrx_word' id='word_1_192' title='bbox 3320 1369 3605 1446; x_wconf 86' lang='grc' dir='ltr'>γενόμενος</span> <span class='ocrx_word' id='word_1_193' title='bbox 3668 1365 3814 1429; x_wconf 80' lang='grc' dir='ltr'>αὖθις</span> 
     </span>
    </p>
   </div>
   <div class='ocr_carea' id='block_1_30' title="bbox 2168 1455 3814 1538">
    <p class='ocr_par' dir='ltr' id='par_1_30' title="bbox 2168 1455 3814 1538">
     <span class='ocr_line' id='line_1_30' title="bbox 2168 1455 3814 1538; baseline -0.004 -24"><span class='ocrx_word' id='word_1_194' title='bbox 2168 1458 2253 1515; x_wconf 73' lang='grc' dir='ltr'>ἐπὶ</span> <span class='ocrx_word' id='word_1_195' title='bbox 2308 1458 2369 1515; x_wconf 72' lang='grc' dir='ltr'>τὸ</span> <span class='ocrx_word' id='word_1_196' title='bbox 2435 1459 2824 1538; x_wconf 62' lang='grc' dir='ltr'>παρακείμενον</span> <span class='ocrx_word' id='word_1_197' title='bbox 2876 1459 3009 1533; x_wconf 73' lang='grc' dir='ltr'>αὒτῇ</span> <span class='ocrx_word' id='word_1_198' title='bbox 3069 1460 3203 1532; x_wconf 81' lang='grc' dir='ltr'>μετὰ</span> <span class='ocrx_word' id='word_1_199' title='bbox 3258 1458 3346 1514; x_wconf 74' lang='grc' dir='ltr'><strong>καὶ</strong></span> <span class='ocrx_word' id='word_1_200' title='bbox 3417 1455 3593 1512; x_wconf 76' lang='grc' dir='ltr'>ἄλλων</span> <span class='ocrx_word' id='word_1_201' title='bbox 3638 1475 3814 1530; x_wconf 84' lang='grc' dir='ltr'>μονα-</span> 
     </span>
    </p>
   </div>
   <div class='ocr_carea' id='block_1_31' title="bbox 2164 1541 3814 1626">
    <p class='ocr_par' dir='ltr' id='par_1_31' title="bbox 2164 1541 3814 1626">
     <span class='ocr_line' id='line_1_31' title="bbox 2164 1541 3814 1626; baseline -0.003 -23"><span class='ocrx_word' id='word_1_202' title='bbox 2164 1552 2283 1626; x_wconf 84' lang='grc' dir='ltr'>χῶν</span> <span class='ocrx_word' id='word_1_203' title='bbox 2315 1545 2511 1604; x_wconf 78' lang='grc' dir='ltr'>ἄνεισιν</span> <span class='ocrx_word' id='word_1_204' title='bbox 2562 1546 2707 1625; x_wconf 83' lang='grc' dir='ltr'>ὅρος,</span> <span class='ocrx_word' id='word_1_205' title='bbox 2756 1549 2830 1611; x_wconf 83' lang='grc' dir='ltr'>ὡς</span> <span class='ocrx_word' id='word_1_206' title='bbox 2889 1545 2951 1602; x_wconf 76' lang='grc' dir='ltr'>ἄν</span> <span class='ocrx_word' id='word_1_207' title='bbox 3000 1551 3098 1614; x_wconf 73' lang='grc' dir='ltr'><strong>τῆς</strong></span> <span class='ocrx_word' id='word_1_208' title='bbox 3158 1547 3212 1603; x_wconf 70' lang='grc' dir='ltr'><strong>ἒδ</strong></span> <span class='ocrx_word' id='word_1_209' title='bbox 3258 1548 3399 1619; x_wconf 72' lang='grc' dir='ltr'>αὒτῷ</span> <span class='ocrx_word' id='word_1_210' title='bbox 3429 1541 3814 1620; x_wconf 79' lang='grc' dir='ltr'>οἰκοδομουμέ-</span> 
     </span>
    </p>
   </div>
   <div class='ocr_carea' id='block_1_32' title="bbox 2164 1633 3815 1715">
    <p class='ocr_par' dir='ltr' id='par_1_32' title="bbox 2164 1633 3815 1715">
     <span class='ocr_line' id='line_1_32' title="bbox 2164 1633 3815 1715; baseline -0.004 -23"><span class='ocrx_word' id='word_1_211' title='bbox 2164 1659 2261 1704; x_wconf 88' lang='grc' dir='ltr'><strong>νης</strong></span> <span class='ocrx_word' id='word_1_212' title='bbox 2323 1637 2492 1702; x_wconf 90' lang='grc' dir='ltr'>οἰκίας</span> <span class='ocrx_word' id='word_1_213' title='bbox 2553 1638 2732 1694; x_wconf 82' lang='grc' dir='ltr'>θεαταὶ</span> <span class='ocrx_word' id='word_1_214' title='bbox 2788 1657 3044 1714; x_wconf 85' lang='grc' dir='ltr'>γενωνται</span> <span class='ocrx_word' id='word_1_215' title='bbox 3089 1635 3534 1715; x_wconf 72' lang='grc' dir='ltr'><strong>(κατεσκευάζετο</strong></span> <span class='ocrx_word' id='word_1_216' title='bbox 3602 1633 3702 1710; x_wconf 76' lang='grc' dir='ltr'>γὰρ</span> <span class='ocrx_word' id='word_1_217' title='bbox 3762 1652 3815 1687; x_wconf 84' lang='grc' dir='ltr'><strong>τε</strong></span> 
     </span>
    </p>
   </div>
   <div class='ocr_carea' id='block_1_33' title="bbox 2164 1724 3815 1805">
    <p class='ocr_par' dir='ltr' id='par_1_33' title="bbox 2164 1724 3815 1805">
     <span class='ocr_line' id='line_1_33' title="bbox 2164 1724 3815 1805; baseline -0.004 -23"><span class='ocrx_word' id='word_1_218' title='bbox 2164 1727 2296 1803; x_wconf 82' lang='grc' dir='ltr'>πρὸς</span> <span class='ocrx_word' id='word_1_219' title='bbox 2348 1730 2426 1799; x_wconf 85' lang='grc' dir='ltr'><strong>τῷ</strong></span> <span class='ocrx_word' id='word_1_220' title='bbox 2488 1727 2712 1800; x_wconf 79' lang='grc' dir='ltr'>τοιούτῳ</span> <span class='ocrx_word' id='word_1_221' title='bbox 2768 1725 2878 1805; x_wconf 75' lang='grc' dir='ltr'>ὄρει</span> <span class='ocrx_word' id='word_1_222' title='bbox 2953 1724 3163 1801; x_wconf 76' lang='grc' dir='ltr'>οἴκημα</span> <span class='ocrx_word' id='word_1_223' title='bbox 3221 1739 3343 1789; x_wconf 75' lang='grc' dir='ltr'>τοῖς</span> <span class='ocrx_word' id='word_1_224' title='bbox 3398 1724 3453 1780; x_wconf 83' lang='grc' dir='ltr'>ἒν</span> <span class='ocrx_word' id='word_1_225' title='bbox 3524 1728 3594 1800; x_wconf 80' lang='grc' dir='ltr'><strong>τῇ</strong></span> <span class='ocrx_word' id='word_1_226' title='bbox 3648 1727 3815 1798; x_wconf 76' lang='grc' dir='ltr'>μονῇ,</span> 
     </span>
    </p>
   </div>
   <div class='ocr_carea' id='block_1_34' title="bbox 443 1811 2079 1911">
    <p class='ocr_par' dir='ltr' id='par_1_34' title="bbox 443 1811 2079 1911">
     <span class='ocr_line' id='line_1_34' title="bbox 443 1811 2079 1911; baseline 0.006 -26"><span class='ocrx_word' id='word_1_227' title='bbox 443 1811 502 1885; x_wconf 82' lang='lat' dir='ltr'><strong>et</strong></span> <span class='ocrx_word' id='word_1_228' title='bbox 530 1811 1353 1906; x_wconf 78' lang='lat' dir='ltr'><strong>silentium,etperfectiorem</strong></span> <span class='ocrx_word' id='word_1_229' title='bbox 1386 1848 1518 1892; x_wconf 91' lang='lat' dir='ltr'><strong>cum</strong></span> <span class='ocrx_word' id='word_1_230' title='bbox 1553 1829 1676 1892; x_wconf 87' lang='lat' dir='ltr'><strong>Deo</strong></span> <span class='ocrx_word' id='word_1_231' title='bbox 1700 1811 2079 1911; x_wconf 73' lang='lat' dir='ltr'><strong>conjunctio-</strong></span> 
     </span>
    </p>
   </div>
   <div class='ocr_carea' id='block_1_35' title="bbox 2165 1811 3820 1911">
    <p class='ocr_par' dir='ltr' id='par_1_35' title="bbox 2165 1811 3820 1911">
     <span class='ocr_line' id='line_1_35' title="bbox 2165 1811 3820 1911; baseline -0.004 -40"><span class='ocrx_word' id='word_1_232' title='bbox 2165 1813 2409 1880; x_wconf 68' lang='grc' dir='ltr'>πλείονός</span> <span class='ocrx_word' id='word_1_233' title='bbox 2460 1836 2517 1871; x_wconf 85' lang='grc' dir='ltr'><strong>τε</strong></span> <span class='ocrx_word' id='word_1_234' title='bbox 2577 1828 2697 1880; x_wconf 76' lang='grc' dir='ltr'>τοῖς</span> <span class='ocrx_word' id='word_1_235' title='bbox 2761 1815 3102 1891; x_wconf 79' lang='grc' dir='ltr'>βουλομένοις</span> <span class='ocrx_word' id='word_1_236' title='bbox 3149 1811 3671 1911; x_wconf 36' lang='grc' dir='ltr'>πρόξενονιὴσυχίας</span> <span class='ocrx_word' id='word_1_237' title='bbox 3731 1811 3820 1866; x_wconf 84' lang='grc' dir='ltr'><strong>καὶ</strong></span> 
     </span>
    </p>
   </div>
   <div class='ocr_carea' id='block_1_36' title="bbox 444 1915 2081 2001">
    <p class='ocr_par' dir='ltr' id='par_1_36' title="bbox 444 1915 2081 2001">
     <span class='ocr_line' id='line_1_36' title="bbox 444 1915 2081 2001; baseline 0.006 -27"><span class='ocrx_word' id='word_1_238' title='bbox 444 1932 606 1977; x_wconf 86' lang='lat' dir='ltr'><strong>nem.</strong></span> <span class='ocrx_word' id='word_1_239' title='bbox 633 1915 778 1978; x_wconf 92' lang='lat' dir='ltr'><strong>Cum</strong></span> <span class='ocrx_word' id='word_1_240' title='bbox 807 1932 951 1993; x_wconf 85' lang='lat' dir='ltr'><strong>ergo</strong></span> <span class='ocrx_word' id='word_1_241' title='bbox 972 1921 1272 1979; x_wconf 85' lang='lat' dir='ltr'><strong>venissent</strong></span> <span class='ocrx_word' id='word_1_242' title='bbox 1293 1918 1352 1979; x_wconf 91' lang='lat' dir='ltr'><strong>in</strong></span> <span class='ocrx_word' id='word_1_243' title='bbox 1378 1928 1665 2001; x_wconf 86' lang='lat' dir='ltr'><strong>montem,</strong></span> <span class='ocrx_word' id='word_1_244' title='bbox 1690 1921 1896 1984; x_wconf 90' lang='lat' dir='ltr'><strong>hircus</strong></span> <span class='ocrx_word' id='word_1_245' title='bbox 1928 1921 2081 1985; x_wconf 89' lang='lat' dir='ltr'><strong>insi-</strong></span> 
     </span>
    </p>
   </div>
   <div class='ocr_carea' id='block_1_37' title="bbox 443 2003 2079 2092">
    <p class='ocr_par' dir='ltr' id='par_1_37' title="bbox 443 2003 2079 2092">
     <span class='ocr_line' id='line_1_37' title="bbox 443 2003 2079 2092; baseline 0.007 -30"><span class='ocrx_word' id='word_1_246' title='bbox 443 2003 577 2092; x_wconf 78' lang='lat' dir='ltr'><strong>gnis</strong></span> <span class='ocrx_word' id='word_1_247' title='bbox 635 2004 1073 2083; x_wconf 84' lang='lat' dir='ltr'><strong>magnitudine,</strong></span> <span class='ocrx_word' id='word_1_248' title='bbox 1118 2005 1397 2069; x_wconf 84' lang='lat' dir='ltr'><strong>alicunde</strong></span> <span class='ocrx_word' id='word_1_249' title='bbox 1454 2026 1489 2069; x_wconf 91' lang='lat' dir='ltr'><strong>e</strong></span> <span class='ocrx_word' id='word_1_250' title='bbox 1545 2027 1726 2089; x_wconf 83' lang='lat' dir='ltr'><strong>grege</strong></span> <span class='ocrx_word' id='word_1_251' title='bbox 1784 2013 2079 2092; x_wconf 88' lang='lat' dir='ltr'><strong>apparuit.</strong></span> 
     </span>
    </p>
   </div>
   <div class='ocr_carea' id='block_1_38' title="bbox 441 2089 2081 2183">
    <p class='ocr_par' dir='ltr' id='par_1_38' title="bbox 441 2089 2081 2183">
     <span class='ocr_line' id='line_1_38' title="bbox 441 2089 2081 2183; baseline 0.007 -31"><span class='ocrx_word' id='word_1_252' title='bbox 441 2089 658 2183; x_wconf 83' lang='lat' dir='ltr'><strong>Itaque</strong></span> <span class='ocrx_word' id='word_1_253' title='bbox 690 2093 795 2183; x_wconf 86' lang='lat' dir='ltr'><strong>qui</strong></span> <span class='ocrx_word' id='word_1_254' title='bbox 848 2112 982 2183; x_wconf 89' lang='lat' dir='ltr'><strong>cum</strong></span> <span class='ocrx_word' id='word_1_255' title='bbox 1015 2094 1128 2157; x_wconf 92' lang='lat' dir='ltr'><strong>hoc</strong></span> <span class='ocrx_word' id='word_1_256' title='bbox 1160 2094 1332 2158; x_wconf 87' lang='lat' dir='ltr'><strong>beato</strong></span> <span class='ocrx_word' id='word_1_257' title='bbox 1363 2098 1538 2159; x_wconf 89' lang='lat' dir='ltr'><strong>Patre</strong></span> <span class='ocrx_word' id='word_1_258' title='bbox 1569 2106 1737 2160; x_wconf 88' lang='lat' dir='ltr'><strong>erant</strong></span> <span class='ocrx_word' id='word_1_259' title='bbox 1782 2089 2081 2183; x_wconf 83' lang='lat' dir='ltr'><strong>monachi,</strong></span> 
     </span>
    </p>
   </div>
   <div class='ocr_carea' id='block_1_39' title="bbox 442 2181 2084 2259">
    <p class='ocr_par' dir='ltr' id='par_1_39' title="bbox 442 2181 2084 2259">
     <span class='ocr_line' id='line_1_39' title="bbox 442 2181 2084 2259; baseline 0.008 -19"><span class='ocrx_word' id='word_1_260' title='bbox 442 2199 576 2241; x_wconf 93' lang='lat' dir='ltr'><strong>cum</strong></span> <span class='ocrx_word' id='word_1_261' title='bbox 609 2181 891 2244; x_wconf 88' lang='lat' dir='ltr'><strong>vidissent</strong></span> <span class='ocrx_word' id='word_1_262' title='bbox 922 2182 1179 2259; x_wconf 87' lang='lat' dir='ltr'><strong>hircum,</strong></span> <span class='ocrx_word' id='word_1_263' title='bbox 1214 2194 1273 2247; x_wconf 89' lang='lat' dir='ltr'><strong>et</strong></span> <span class='ocrx_word' id='word_1_264' title='bbox 1296 2203 1399 2247; x_wconf 91' lang='lat' dir='ltr'><strong>eos</strong></span> <span class='ocrx_word' id='word_1_265' title='bbox 1428 2183 1781 2250; x_wconf 80' lang='lat' dir='ltr'><strong>invasissent</strong></span> <span class='ocrx_word' id='word_1_266' title='bbox 1808 2181 2084 2253; x_wconf 63' lang='lat' dir='ltr'><strong>humanae</strong></span> 
     </span>
    </p>
   </div>
   <div class='ocr_carea' id='block_1_40' title="bbox 443 2268 2081 2361">
    <p class='ocr_par' dir='ltr' id='par_1_40' title="bbox 443 2268 2081 2361">
     <span class='ocr_line' id='line_1_40' title="bbox 443 2268 2081 2361; baseline 0.006 -30"><span class='ocrx_word' id='word_1_267' title='bbox 443 2268 713 2351; x_wconf 63' lang='lat' dir='ltr'><strong>quaedam</strong></span> <span class='ocrx_word' id='word_1_268' title='bbox 762 2272 1173 2354; x_wconf 73' lang='lat' dir='ltr'><strong>cogitationes,</strong></span> <span class='ocrx_word' id='word_1_269' title='bbox 1212 2275 1415 2335; x_wconf 87' lang='lat' dir='ltr'><strong>animo</strong></span> <span class='ocrx_word' id='word_1_270' title='bbox 1456 2275 1793 2352; x_wconf 84' lang='lat' dir='ltr'><strong>versabant,</strong></span> <span class='ocrx_word' id='word_1_271' title='bbox 1823 2298 2081 2361; x_wconf 91' lang='lat' dir='ltr'><strong>quonam</strong></span> 
     </span>
    </p>
   </div>
   <div class='ocr_carea' id='block_1_41' title="bbox 443 2360 2082 2445">
    <p class='ocr_par' dir='ltr' id='par_1_41' title="bbox 443 2360 2082 2445">
     <span class='ocr_line' id='line_1_41' title="bbox 443 2360 2082 2445; baseline 0.005 -24"><span class='ocrx_word' id='word_1_272' title='bbox 443 2360 622 2422; x_wconf 90' lang='lat' dir='ltr'><strong>modo</strong></span> <span class='ocrx_word' id='word_1_273' title='bbox 653 2378 789 2422; x_wconf 87' lang='lat' dir='ltr'><strong>eum</strong></span> <span class='ocrx_word' id='word_1_274' title='bbox 821 2373 1126 2440; x_wconf 85' lang='lat' dir='ltr'><strong>caperent.</strong></span> <span class='ocrx_word' id='word_1_275' title='bbox 1164 2371 1224 2425; x_wconf 91' lang='lat' dir='ltr'><strong>et</strong></span> <span class='ocrx_word' id='word_1_276' title='bbox 1254 2369 1314 2425; x_wconf 88' lang='lat' dir='ltr'><strong>ut</strong></span> <span class='ocrx_word' id='word_1_277' title='bbox 1353 2363 1518 2425; x_wconf 90' lang='lat' dir='ltr'><strong>illius</strong></span> <span class='ocrx_word' id='word_1_278' title='bbox 1562 2366 1776 2445; x_wconf 84' lang='lat' dir='ltr'><strong>pellem</strong></span> <span class='ocrx_word' id='word_1_279' title='bbox 1807 2360 1868 2430; x_wconf 88' lang='lat' dir='ltr'><strong>in</strong></span> <span class='ocrx_word' id='word_1_280' title='bbox 1891 2377 2082 2431; x_wconf 83' lang='lat' dir='ltr'><strong>utrem</strong></span> 
     </span>
    </p>
   </div>
   <div class='ocr_carea' id='block_1_42' title="bbox 442 2450 2084 2537">
    <p class='ocr_par' dir='ltr' id='par_1_42' title="bbox 442 2450 2084 2537">
     <span class='ocr_line' id='line_1_42' title="bbox 442 2450 2084 2537; baseline 0.006 -27"><span class='ocrx_word' id='word_1_281' title='bbox 442 2457 932 2525; x_wconf 89' lang='lat' dir='ltr'><strong>transmutarent,</strong></span> <span class='ocrx_word' id='word_1_282' title='bbox 971 2450 1214 2514; x_wconf 86' lang='lat' dir='ltr'><strong>maximi</strong></span> <span class='ocrx_word' id='word_1_283' title='bbox 1244 2452 1560 2515; x_wconf 85' lang='lat' dir='ltr'><strong>faciebant.</strong></span> <span class='ocrx_word' id='word_1_284' title='bbox 1593 2454 1736 2516; x_wconf 90' lang='lat' dir='ltr'><strong>Cum</strong></span> <span class='ocrx_word' id='word_1_285' title='bbox 1759 2456 1818 2518; x_wconf 92' lang='lat' dir='ltr'><strong>in</strong></span> <span class='ocrx_word' id='word_1_286' title='bbox 1838 2474 1912 2519; x_wconf 89' lang='lat' dir='ltr'><strong>eo</strong></span> <span class='ocrx_word' id='word_1_287' title='bbox 1944 2476 2084 2537; x_wconf 84' lang='lat' dir='ltr'><strong>ergo</strong></span> 
     </span>
    </p>
   </div>
   <div class='ocr_carea' id='block_1_43' title="bbox 441 2537 2087 2625">
    <p class='ocr_par' dir='ltr' id='par_1_43' title="bbox 441 2537 2087 2625">
     <span class='ocr_line' id='line_1_43' title="bbox 441 2537 2087 2625; baseline 0.006 -26"><span class='ocrx_word' id='word_1_288' title='bbox 441 2537 815 2603; x_wconf 82' lang='lat' dir='ltr'><strong>inhabitants</strong></span> <span class='ocrx_word' id='word_1_289' title='bbox 880 2541 1092 2620; x_wconf 89' lang='lat' dir='ltr'><strong>spiritu</strong></span> <span class='ocrx_word' id='word_1_290' title='bbox 1149 2541 1523 2621; x_wconf 85' lang='lat' dir='ltr'><strong>cognovisset</strong></span> <span class='ocrx_word' id='word_1_291' title='bbox 1582 2545 1756 2606; x_wconf 87' lang='lat' dir='ltr'><strong>Pater</strong></span> <span class='ocrx_word' id='word_1_292' title='bbox 1805 2563 1895 2625; x_wconf 85' lang='lat' dir='ltr'><strong>ea,</strong></span> <span class='ocrx_word' id='word_1_293' title='bbox 1953 2565 2087 2625; x_wconf 63' lang='lat' dir='ltr'><strong>qua:</strong></span> 
     </span>
    </p>
   </div>
   <div class='ocr_carea' id='block_1_44' title="bbox 442 2627 2087 2713">
    <p class='ocr_par' dir='ltr' id='par_1_44' title="bbox 442 2627 2087 2713">
     <span class='ocr_line' id='line_1_44' title="bbox 442 2627 2087 2713; baseline 0.005 -23"><span class='ocrx_word' id='word_1_294' title='bbox 442 2635 614 2690; x_wconf 83' lang='lat' dir='ltr'><strong>erant</strong></span> <span class='ocrx_word' id='word_1_295' title='bbox 667 2627 729 2690; x_wconf 87' lang='lat' dir='ltr'><strong>in</strong></span> <span class='ocrx_word' id='word_1_296' title='bbox 789 2638 990 2691; x_wconf 88' lang='lat' dir='ltr'><strong>mente</strong></span> <span class='ocrx_word' id='word_1_297' title='bbox 1023 2631 1475 2707; x_wconf 82' lang='lat' dir='ltr'><strong>monachorum,</strong></span> <span class='ocrx_word' id='word_1_298' title='bbox 1510 2650 1692 2693; x_wconf 91' lang='lat' dir='ltr'><strong>unum</strong></span> <span class='ocrx_word' id='word_1_299' title='bbox 1727 2651 1797 2696; x_wconf 73' lang='lat' dir='ltr'><strong>ex</strong></span> <span class='ocrx_word' id='word_1_300' title='bbox 1846 2633 1942 2713; x_wconf 88' lang='lat' dir='ltr'><strong>iis,</strong></span> <span class='ocrx_word' id='word_1_301' title='bbox 1989 2637 2087 2698; x_wconf 91' lang='lat' dir='ltr'><strong>cui</strong></span> 
     </span>
    </p>
   </div>
   <div class='ocr_carea' id='block_1_45' title="bbox 441 2718 2086 2800">
    <p class='ocr_par' dir='ltr' id='par_1_45' title="bbox 441 2718 2086 2800">
     <span class='ocr_line' id='line_1_45' title="bbox 441 2718 2086 2800; baseline 0.007 -22"><span class='ocrx_word' id='word_1_302' title='bbox 441 2734 664 2779; x_wconf 87' lang='lat' dir='ltr'><strong>nomen</strong></span> <span class='ocrx_word' id='word_1_303' title='bbox 689 2727 815 2781; x_wconf 90' lang='lat' dir='ltr'><strong>erat</strong></span> <span class='ocrx_word' id='word_1_304' title='bbox 840 2718 1044 2795; x_wconf 88' lang='lat' dir='ltr'><strong>Sabas,</strong></span> <span class='ocrx_word' id='word_1_305' title='bbox 1067 2720 1137 2781; x_wconf 91' lang='lat' dir='ltr'><strong>ad</strong></span> <span class='ocrx_word' id='word_1_306' title='bbox 1171 2738 1237 2782; x_wconf 86' lang='lat' dir='ltr'><strong>se</strong></span> <span class='ocrx_word' id='word_1_307' title='bbox 1268 2738 1485 2783; x_wconf 87' lang='lat' dir='ltr'><strong>vocans</strong></span> <span class='ocrx_word' id='word_1_308' title='bbox 1556 2720 1729 2800; x_wconf 90' lang='lat' dir='ltr'><strong>jubet</strong></span> <span class='ocrx_word' id='word_1_309' title='bbox 1756 2722 1989 2787; x_wconf 88' lang='lat' dir='ltr'><strong>hircum</strong></span> <span class='ocrx_word' id='word_1_310' title='bbox 2011 2725 2086 2789; x_wconf 92' lang='lat' dir='ltr'><strong>ad</strong></span> 
     </span>
    </p>
   </div>
   <div class='ocr_carea' id='block_1_46' title="bbox 447 2806 2084 2895">
    <p class='ocr_par' dir='ltr' id='par_1_46' title="bbox 447 2806 2084 2895">
     <span class='ocr_line' id='line_1_46' title="bbox 447 2806 2084 2895; baseline 0.006 -28"><span class='ocrx_word' id='word_1_311' title='bbox 447 2824 514 2868; x_wconf 89' lang='lat' dir='ltr'><strong>se</strong></span> <span class='ocrx_word' id='word_1_312' title='bbox 543 2806 866 2870; x_wconf 87' lang='lat' dir='ltr'><strong>adducere.</strong></span> <span class='ocrx_word' id='word_1_313' title='bbox 899 2806 1006 2870; x_wconf 92' lang='lat' dir='ltr'><strong>Illo</strong></span> <span class='ocrx_word' id='word_1_314' title='bbox 1048 2826 1194 2870; x_wconf 85' lang='lat' dir='ltr'><strong>vero</strong></span> <span class='ocrx_word' id='word_1_315' title='bbox 1238 2809 1664 2892; x_wconf 84' lang='lat' dir='ltr'><strong>interrogante,</strong></span> <span class='ocrx_word' id='word_1_316' title='bbox 1698 2813 1747 2874; x_wconf 90' lang='lat' dir='ltr'><strong>si</strong></span> <span class='ocrx_word' id='word_1_317' title='bbox 1795 2814 1854 2875; x_wconf 90' lang='lat' dir='ltr'><strong>in</strong></span> <span class='ocrx_word' id='word_1_318' title='bbox 1892 2813 2084 2895; x_wconf 80' lang='lat' dir='ltr'><strong>fugam</strong></span> 
     </span>
    </p>
   </div>
   <div class='ocr_carea' id='block_1_47' title="bbox 443 2895 2086 2981">
    <p class='ocr_par' dir='ltr' id='par_1_47' title="bbox 443 2895 2086 2981">
     <span class='ocr_line' id='line_1_47' title="bbox 443 2895 2086 2981; baseline 0.007 -26"><span class='ocrx_word' id='word_1_319' title='bbox 443 2895 625 2957; x_wconf 89' lang='lat' dir='ltr'><strong>fuerit</strong></span> <span class='ocrx_word' id='word_1_320' title='bbox 651 2914 1000 2979; x_wconf 89' lang='lat' dir='ltr'><strong>conversus,</strong></span> <span class='ocrx_word' id='word_1_321' title='bbox 1020 2899 1320 2979; x_wconf 86' lang='lat' dir='ltr'><strong>quomodo</strong></span> <span class='ocrx_word' id='word_1_322' title='bbox 1341 2917 1475 2960; x_wconf 91' lang='lat' dir='ltr'><strong>eum</strong></span> <span class='ocrx_word' id='word_1_323' title='bbox 1506 2901 2086 2981; x_wconf 85' lang='lat' dir='ltr'><strong>comprehenderet:</strong></span> 
     </span>
    </p>
   </div>
   <div class='ocr_carea' id='block_1_48' title="bbox 441 2984 2084 3070">
    <p class='ocr_par' dir='ltr' id='par_1_48' title="bbox 441 2984 2084 3070">
     <span class='ocr_line' id='line_1_48' title="bbox 441 2984 2084 3070; baseline 0.007 -24"><span class='ocrx_word' id='word_1_324' title='bbox 441 2984 609 3048; x_wconf 85' lang='lat' dir='ltr'><strong>Vade</strong></span> <span class='ocrx_word' id='word_1_325' title='bbox 637 2986 827 3048; x_wconf 90' lang='lat' dir='ltr'><strong>solum</strong></span> <span class='ocrx_word' id='word_1_326' title='bbox 851 3035 867 3068; x_wconf 86' lang='lat'><strong>,</strong></span> <span class='ocrx_word' id='word_1_327' title='bbox 900 3005 934 3049; x_wconf 95' lang='lat' dir='ltr'><strong>o</strong></span> <span class='ocrx_word' id='word_1_328' title='bbox 956 2986 1160 3070; x_wconf 79' lang='lat' dir='ltr'><strong>frater,</strong></span> <span class='ocrx_word' id='word_1_329' title='bbox 1194 2988 1388 3069; x_wconf 90' lang='lat' dir='ltr'><strong>inquit</strong></span> <span class='ocrx_word' id='word_1_330' title='bbox 1412 2988 1512 3052; x_wconf 93' lang='lat' dir='ltr'><strong>ille</strong></span> <span class='ocrx_word' id='word_1_331' title='bbox 1543 3009 1830 3068; x_wconf 88' lang='lat' dir='ltr'><strong>magnus:</strong></span> <span class='ocrx_word' id='word_1_332' title='bbox 1858 2992 1958 3055; x_wconf 91' lang='lat' dir='ltr'><strong>ille</strong></span> <span class='ocrx_word' id='word_1_333' title='bbox 1979 3012 2084 3057; x_wconf 84' lang='lat' dir='ltr'><strong>au-</strong></span> 
     </span>
    </p>
   </div>
   <div class='ocr_carea' id='block_1_49' title="bbox 438 3073 2084 3160">
    <p class='ocr_par' dir='ltr' id='par_1_49' title="bbox 438 3073 2084 3160">
     <span class='ocr_line' id='line_1_49' title="bbox 438 3073 2084 3160; baseline 0.006 -24"><span class='ocrx_word' id='word_1_334' title='bbox 438 3083 558 3137; x_wconf 86' lang='lat' dir='ltr'><strong>tem</strong></span> <span class='ocrx_word' id='word_1_335' title='bbox 586 3073 782 3139; x_wconf 82' lang='lat' dir='ltr'><strong>libens</strong></span> <span class='ocrx_word' id='word_1_336' title='bbox 803 3077 996 3141; x_wconf 84' lang='lat' dir='ltr'><strong>veniet</strong></span> <span class='ocrx_word' id='word_1_337' title='bbox 1033 3086 1089 3139; x_wconf 93' lang='lat' dir='ltr'><strong>et</strong></span> <span class='ocrx_word' id='word_1_338' title='bbox 1133 3088 1191 3142; x_wconf 90' lang='lat' dir='ltr'><strong>te</strong></span> <span class='ocrx_word' id='word_1_339' title='bbox 1216 3088 1522 3160; x_wconf 84' lang='lat' dir='ltr'><strong>sequetur.</strong></span> <span class='ocrx_word' id='word_1_340' title='bbox 1579 3080 1915 3145; x_wconf 86' lang='lat' dir='ltr'><strong>Conversus</strong></span> <span class='ocrx_word' id='word_1_341' title='bbox 1946 3102 2084 3146; x_wconf 90' lang='lat' dir='ltr'><strong>vero</strong></span> 
     </span>
    </p>
   </div>
   <div class='ocr_carea' id='block_1_50' title="bbox 437 3164 2142 3265">
    <p class='ocr_par' dir='ltr' id='par_1_50' title="bbox 437 3164 2142 3265">
     <span class='ocr_line' id='line_1_50' title="bbox 437 3164 2142 3265; baseline 0.006 -39"><span class='ocrx_word' id='word_1_342' title='bbox 437 3165 510 3226; x_wconf 90' lang='lat' dir='ltr'><strong>ad</strong></span> <span class='ocrx_word' id='word_1_343' title='bbox 549 3164 701 3265; x_wconf 81' lang='lat' dir='ltr'><strong>alios</strong></span> <span class='ocrx_word' id='word_1_344' title='bbox 747 3167 1095 3243; x_wconf 90' lang='lat' dir='ltr'><strong>monachos,</strong></span> <span class='ocrx_word' id='word_1_345' title='bbox 1130 3167 1357 3265; x_wconf 73' lang='lat' dir='ltr'><strong>rogavit</strong></span> <span class='ocrx_word' id='word_1_346' title='bbox 1402 3168 1669 3265; x_wconf 44' lang='lat' dir='ltr'><strong>annhirci</strong></span> <span class='ocrx_word' id='word_1_347' title='bbox 1720 3171 1895 3265; x_wconf 86' lang='lat' dir='ltr'><strong>pellis</strong></span> <span class='ocrx_word' id='word_1_348' title='bbox 1926 3183 2142 3265; x_wconf 74' lang='lat' dir='ltr'><strong>essetc</strong></span> 
     </span>
    </p>
   </div>
   <div class='ocr_carea' id='block_1_51' title="bbox 436 3256 2054 3337">
    <p class='ocr_par' dir='ltr' id='par_1_51' title="bbox 436 3256 2054 3337">
     <span class='ocr_line' id='line_1_51' title="bbox 436 3256 2054 3337; baseline 0.006 -21"><span class='ocrx_word' id='word_1_349' title='bbox 436 3263 571 3335; x_wconf 88' lang='lat' dir='ltr'><strong>apta</strong></span> <span class='ocrx_word' id='word_1_350' title='bbox 600 3256 883 3317; x_wconf 22' lang='lat' dir='ltr'><strong>adiutrem</strong></span> <span class='ocrx_word' id='word_1_351' title='bbox 903 3257 1509 3337; x_wconf 76' lang='lat' dir='ltr'><strong>componendumJlli</strong></span> <span class='ocrx_word' id='word_1_352' title='bbox 1531 3266 1726 3322; x_wconf 83' lang='lat' dir='ltr'><strong>autem</strong></span> <span class='ocrx_word' id='word_1_353' title='bbox 1755 3280 1769 3323; x_wconf 90' lang='lat'>:</span> <span class='ocrx_word' id='word_1_354' title='bbox 1802 3264 2054 3325; x_wconf 83' lang='lat' dir='ltr'><strong>Maxime</strong></span> 
     </span>
    </p>
   </div>
   <div class='ocr_carea' id='block_1_52' title="bbox 437 3313 2080 3430">
    <p class='ocr_par' dir='ltr' id='par_1_52' title="bbox 437 3313 2080 3430">
     <span class='ocr_line' id='line_1_52' title="bbox 437 3313 2080 3430; baseline 0.006 -26"><span class='ocrx_word' id='word_1_355' title='bbox 437 3313 754 3430; x_wconf 67' lang='lat' dir='ltr'><strong>inquiunt:</strong></span> <span class='ocrx_word' id='word_1_356' title='bbox 780 3354 839 3406; x_wconf 90' lang='lat' dir='ltr'><strong>et</strong></span> <span class='ocrx_word' id='word_1_357' title='bbox 871 3313 1187 3425; x_wconf 46' lang='lat' dir='ltr'><strong>antequam</strong></span> <span class='ocrx_word' id='word_1_358' title='bbox 1221 3344 1334 3430; x_wconf 83' lang='lat' dir='ltr'><strong>hoc</strong></span> <span class='ocrx_word' id='word_1_359' title='bbox 1363 3346 1615 3430; x_wconf 76' lang='lat' dir='ltr'><strong>diceres,</strong></span> <span class='ocrx_word' id='word_1_360' title='bbox 1645 3366 1755 3410; x_wconf 91' lang='lat' dir='ltr'><strong>nos</strong></span> <span class='ocrx_word' id='word_1_361' title='bbox 1785 3349 1841 3411; x_wconf 88' lang='lat' dir='ltr'><strong>id</strong></span> <span class='ocrx_word' id='word_1_362' title='bbox 1865 3313 2080 3430; x_wconf 52' lang='lat' dir='ltr'><strong>cogita:</strong></span> 
     </span>
    </p>
   </div>
   <div class='ocr_carea' id='block_1_53' title="bbox 436 3422 2085 3495">
    <p class='ocr_par' dir='ltr' id='par_1_53' title="bbox 436 3422 2085 3495">
     <span class='ocr_line' id='line_1_53' title="bbox 436 3422 2085 3495; baseline 0.007 -11"><span class='ocrx_word' id='word_1_363' title='bbox 436 3422 667 3486; x_wconf 85' lang='lat' dir='ltr'><strong>bamus.</strong></span> <span class='ocrx_word' id='word_1_364' title='bbox 707 3426 949 3489; x_wconf 88' lang='lat' dir='ltr'><strong>lnterim</strong></span> <span class='ocrx_word' id='word_1_365' title='bbox 981 3422 1181 3489; x_wconf 83' lang='lat' dir='ltr'><strong>autem</strong></span> <span class='ocrx_word' id='word_1_366' title='bbox 1208 3426 1419 3489; x_wconf 89' lang='lat' dir='ltr'><strong>ductus</strong></span> <span class='ocrx_word' id='word_1_367' title='bbox 1440 3427 1549 3488; x_wconf 89' lang='lat' dir='ltr'><strong>fuit</strong></span> <span class='ocrx_word' id='word_1_368' title='bbox 1576 3428 1779 3491; x_wconf 86' lang='lat' dir='ltr'><strong>hircus</strong></span> <span class='ocrx_word' id='word_1_369' title='bbox 1808 3449 1842 3492; x_wconf 88' lang='lat' dir='ltr'><strong>a</strong></span> <span class='ocrx_word' id='word_1_370' title='bbox 1882 3422 2085 3495; x_wconf 61' lang='lat' dir='ltr'><strong>mona-</strong></span> 
     </span>
    </p>
   </div>
   <div class='ocr_carea' id='block_1_54' title="bbox 435 3512 2082 3589">
    <p class='ocr_par' dir='ltr' id='par_1_54' title="bbox 435 3512 2082 3589">
     <span class='ocr_line' id='line_1_54' title="bbox 435 3512 2082 3589; baseline 0.004 -13"><span class='ocrx_word' id='word_1_371' title='bbox 435 3514 549 3576; x_wconf 88' lang='lat' dir='ltr'><strong>cho</strong></span> <span class='ocrx_word' id='word_1_372' title='bbox 580 3512 756 3589; x_wconf 88' lang='lat' dir='ltr'><strong>Saba,</strong></span> <span class='ocrx_word' id='word_1_373' title='bbox 789 3521 847 3577; x_wconf 91' lang='lat' dir='ltr'><strong>et</strong></span> <span class='ocrx_word' id='word_1_374' title='bbox 874 3513 1050 3577; x_wconf 86' lang='lat' dir='ltr'><strong>Pater</strong></span> <span class='ocrx_word' id='word_1_375' title='bbox 1068 3515 1159 3577; x_wconf 85' lang='lat' dir='ltr'><strong>vel</strong></span> <span class='ocrx_word' id='word_1_376' title='bbox 1205 3515 1265 3576; x_wconf 92' lang='lat' dir='ltr'><strong>in</strong></span> <span class='ocrx_word' id='word_1_377' title='bbox 1296 3515 1496 3578; x_wconf 64' lang='lat' dir='ltr'><strong>verbis</strong></span> <span class='ocrx_word' id='word_1_378' title='bbox 1548 3518 1875 3580; x_wconf 84' lang='lat' dir='ltr'><strong>ostendens</strong></span> <span class='ocrx_word' id='word_1_379' title='bbox 1908 3520 2082 3583; x_wconf 88' lang='lat' dir='ltr'><strong>beni-</strong></span> 
     </span>
    </p>
   </div>
   <div class='ocr_carea' id='block_1_55' title="bbox 2165 1901 3817 1984">
    <p class='ocr_par' dir='ltr' id='par_1_55' title="bbox 2165 1901 3817 1984">
     <span class='ocr_line' id='line_1_55' title="bbox 2165 1901 3817 1984; baseline -0.004 -23"><span class='ocrx_word' id='word_1_380' title='bbox 2165 1901 2489 1977; x_wconf 82' lang='grc' dir='ltr'>τε).εωτέρας</span> <span class='ocrx_word' id='word_1_381' title='bbox 2549 1906 2685 1984; x_wconf 80' lang='grc' dir='ltr'>πρὸς</span> <span class='ocrx_word' id='word_1_382' title='bbox 2739 1906 2832 1961; x_wconf 73' lang='grc' dir='ltr'><strong>τὸν</strong></span> <span class='ocrx_word' id='word_1_383' title='bbox 2891 1906 3024 1961; x_wconf 82' lang='grc' dir='ltr'>Θεὸν</span> <span class='ocrx_word' id='word_1_384' title='bbox 3092 1901 3460 1982; x_wconf 80' lang='grc' dir='ltr'>οἷκειῶσεως).</span> <span class='ocrx_word' id='word_1_385' title='bbox 3516 1901 3670 1958; x_wconf 77' lang='grc' dir='ltr'>Ἐπεὶ</span> <span class='ocrx_word' id='word_1_386' title='bbox 3726 1906 3817 1955; x_wconf 83' lang='grc' dir='ltr'>οὖν</span> 
     </span>
    </p>
   </div>
   <div class='ocr_carea' id='block_1_56' title="bbox 2166 1987 3813 2073">
    <p class='ocr_par' dir='ltr' id='par_1_56' title="bbox 2166 1987 3813 2073">
     <span class='ocr_line' id='line_1_56' title="bbox 2166 1987 3813 2073; baseline 0.001 -25"><span class='ocrx_word' id='word_1_387' title='bbox 2166 1992 2295 2069; x_wconf 82' lang='grc' dir='ltr'>πρὸς</span> <span class='ocrx_word' id='word_1_388' title='bbox 2326 2013 2402 2063; x_wconf 82' lang='grc' dir='ltr'>τῳ</span> <span class='ocrx_word' id='word_1_389' title='bbox 2443 1991 2551 2070; x_wconf 78' lang='grc' dir='ltr'>ὅρει</span> <span class='ocrx_word' id='word_1_390' title='bbox 2600 1992 2841 2070; x_wconf 79' lang='grc' dir='ltr'>γένοιντο</span> <span class='ocrx_word' id='word_1_391' title='bbox 2899 1991 3030 2073; x_wconf 76' lang='grc' dir='ltr'>ἢδη,</span> <span class='ocrx_word' id='word_1_392' title='bbox 3064 1992 3260 2070; x_wconf 89' lang='grc' dir='ltr'>τράγος</span> <span class='ocrx_word' id='word_1_393' title='bbox 3290 1995 3449 2048; x_wconf 77' lang='grc' dir='ltr'>ποθὲν</span> <span class='ocrx_word' id='word_1_394' title='bbox 3499 1991 3561 2047; x_wconf 84' lang='grc' dir='ltr'>τὸ</span> <span class='ocrx_word' id='word_1_395' title='bbox 3592 1987 3813 2065; x_wconf 62' lang='grc' dir='ltr'>μέγεθος</span> 
     </span>
    </p>
   </div>
   <div class='ocr_carea' id='block_1_57' title="bbox 2165 2079 3818 2162">
    <p class='ocr_par' dir='ltr' id='par_1_57' title="bbox 2165 2079 3818 2162">
     <span class='ocr_line' id='line_1_57' title="bbox 2165 2079 3818 2162; baseline -0.001 -27"><span class='ocrx_word' id='word_1_396' title='bbox 2165 2081 2456 2160; x_wconf 71' lang='grc' dir='ltr'>ὑπερφυὴς,</span> <span class='ocrx_word' id='word_1_397' title='bbox 2530 2088 2625 2139; x_wconf 79' lang='grc' dir='ltr'>τοῦ</span> <span class='ocrx_word' id='word_1_398' title='bbox 2711 2080 2954 2139; x_wconf 57' lang='grc' dir='ltr'>αἰπολίου</span> <span class='ocrx_word' id='word_1_399' title='bbox 3037 2083 3336 2162; x_wconf 78' lang='grc' dir='ltr'>ὑπερεφάνη</span> <span class='ocrx_word' id='word_1_400' title='bbox 3375 2128 3388 2143; x_wconf 92' lang='grc'><strong>.</strong></span> <span class='ocrx_word' id='word_1_401' title='bbox 3452 2081 3511 2138; x_wconf 77' lang='lat' dir='ltr'><strong>Ol</strong></span> <span class='ocrx_word' id='word_1_402' title='bbox 3592 2079 3685 2133; x_wconf 77' lang='grc' dir='ltr'><strong>σὺν</strong></span> <span class='ocrx_word' id='word_1_403' title='bbox 3740 2081 3818 2148; x_wconf 86' lang='grc' dir='ltr'>τῷ</span> 
     </span>
    </p>
   </div>
   <div class='ocr_carea' id='block_1_58' title="bbox 2169 2166 3819 2250">
    <p class='ocr_par' dir='ltr' id='par_1_58' title="bbox 2169 2166 3819 2250">
     <span class='ocr_line' id='line_1_58' title="bbox 2169 2166 3819 2250; baseline -0.002 -27"><span class='ocrx_word' id='word_1_404' title='bbox 2169 2170 2410 2248; x_wconf 81' lang='grc' dir='ltr'>μακαρίῳ</span> <span class='ocrx_word' id='word_1_405' title='bbox 2471 2170 2641 2227; x_wconf 77' lang='grc' dir='ltr'>τοίνυν</span> <span class='ocrx_word' id='word_1_406' title='bbox 2699 2171 2873 2244; x_wconf 83' lang='grc' dir='ltr'>τούτῳ</span> <span class='ocrx_word' id='word_1_407' title='bbox 2932 2173 3096 2249; x_wconf 89' lang='grc' dir='ltr'>Πατρί</span> <span class='ocrx_word' id='word_1_408' title='bbox 3154 2171 3407 2250; x_wconf 77' lang='grc' dir='ltr'>μοναχοὶ,</span> <span class='ocrx_word' id='word_1_409' title='bbox 3470 2170 3560 2224; x_wconf 80' lang='grc' dir='ltr'>τὸν</span> <span class='ocrx_word' id='word_1_410' title='bbox 3622 2166 3819 2245; x_wconf 84' lang='grc' dir='ltr'>τράγον</span> 
     </span>
    </p>
   </div>
   <div class='ocr_carea' id='block_1_59' title="bbox 2164 2255 3816 2338">
    <p class='ocr_par' dir='ltr' id='par_1_59' title="bbox 2164 2255 3816 2338">
     <span class='ocr_line' id='line_1_59' title="bbox 2164 2255 3816 2338; baseline -0.002 -25"><span class='ocrx_word' id='word_1_411' title='bbox 2164 2255 2363 2321; x_wconf 83' lang='grc' dir='ltr'>ἰδόντες</span> <span class='ocrx_word' id='word_1_412' title='bbox 2448 2260 2536 2315; x_wconf 87' lang='grc' dir='ltr'><strong>καί</strong></span> <span class='ocrx_word' id='word_1_413' title='bbox 2615 2279 2756 2315; x_wconf 86' lang='grc' dir='ltr'>τισιν</span> <span class='ocrx_word' id='word_1_414' title='bbox 2811 2259 3154 2338; x_wconf 69' lang='grc' dir='ltr'>ἀνθρωπίνοις</span> <span class='ocrx_word' id='word_1_415' title='bbox 3214 2261 3540 2338; x_wconf 77' lang='grc' dir='ltr'>κατάσχετοι</span> <span class='ocrx_word' id='word_1_416' title='bbox 3584 2256 3816 2334; x_wconf 82' lang='grc' dir='ltr'>γενόμε-</span> 
     </span>
    </p>
   </div>
   <div class='ocr_carea' id='block_1_60' title="bbox 2167 2346 3817 2427">
    <p class='ocr_par' dir='ltr' id='par_1_60' title="bbox 2167 2346 3817 2427">
     <span class='ocr_line' id='line_1_60' title="bbox 2167 2346 3817 2427; baseline -0.001 -25"><span class='ocrx_word' id='word_1_417' title='bbox 2167 2368 2246 2403; x_wconf 88' lang='grc' dir='ltr'><strong>νοι</strong></span> <span class='ocrx_word' id='word_1_418' title='bbox 2308 2346 2623 2423; x_wconf 73' lang='grc' dir='ltr'>λογισμοῖς,</span> <span class='ocrx_word' id='word_1_419' title='bbox 2699 2349 2848 2412; x_wconf 85' lang='grc' dir='ltr'>ὃπως</span> <span class='ocrx_word' id='word_1_420' title='bbox 2891 2370 2947 2407; x_wconf 85' lang='grc' dir='ltr'><strong>τε</strong></span> <span class='ocrx_word' id='word_1_421' title='bbox 3011 2356 3196 2406; x_wconf 80' lang='grc' dir='ltr'>τοῦτον</span> <span class='ocrx_word' id='word_1_422' title='bbox 3268 2349 3622 2427; x_wconf 77' lang='grc' dir='ltr'>ζωγρήσειαν,</span> <span class='ocrx_word' id='word_1_423' title='bbox 3680 2346 3817 2402; x_wconf 73' lang='grc' dir='ltr'>κατὰ</span> 
     </span>
    </p>
   </div>
   <div class='ocr_carea' id='block_1_61' title="bbox 2169 2432 3819 2513">
    <p class='ocr_par' dir='ltr' id='par_1_61' title="bbox 2169 2432 3819 2513">
     <span class='ocr_line' id='line_1_61' title="bbox 2169 2432 3819 2513; baseline 0.001 -25"><span class='ocrx_word' id='word_1_424' title='bbox 2169 2441 2287 2492; x_wconf 79' lang='grc' dir='ltr'>νοῦν</span> <span class='ocrx_word' id='word_1_425' title='bbox 2372 2437 2625 2513; x_wconf 75' lang='grc' dir='ltr'>ἔστρεφον</span> <span class='ocrx_word' id='word_1_426' title='bbox 2657 2481 2673 2512; x_wconf 92' lang='grc'><strong>,</strong></span> <span class='ocrx_word' id='word_1_427' title='bbox 2763 2438 2853 2494; x_wconf 84' lang='grc' dir='ltr'>καὶ</span> <span class='ocrx_word' id='word_1_428' title='bbox 2936 2435 3085 2501; x_wconf 80' lang='grc' dir='ltr'>ὅπως</span> <span class='ocrx_word' id='word_1_429' title='bbox 3162 2439 3260 2507; x_wconf 78' lang='grc' dir='ltr'><strong>τὴν</strong></span> <span class='ocrx_word' id='word_1_430' title='bbox 3368 2438 3566 2493; x_wconf 71' lang='grc' dir='ltr'>ἐκείνου</span> <span class='ocrx_word' id='word_1_431' title='bbox 3664 2432 3819 2507; x_wconf 76' lang='grc' dir='ltr'>δορὰν</span> 
     </span>
    </p>
   </div>
   <div class='ocr_carea' id='block_1_62' title="bbox 2170 2524 3815 2604">
    <p class='ocr_par' dir='ltr' id='par_1_62' title="bbox 2170 2524 3815 2604">
     <span class='ocr_line' id='line_1_62' title="bbox 2170 2524 3815 2604; baseline 0.001 -25"><span class='ocrx_word' id='word_1_432' title='bbox 2170 2526 2243 2588; x_wconf 87' lang='grc' dir='ltr'><strong>εὶς</strong></span> <span class='ocrx_word' id='word_1_433' title='bbox 2301 2525 2462 2581; x_wconf 73' lang='grc' dir='ltr'>ἀσκὸν</span> <span class='ocrx_word' id='word_1_434' title='bbox 2521 2527 2972 2600; x_wconf 77' lang='grc' dir='ltr'>μεττσκευάσειαν</span> <span class='ocrx_word' id='word_1_435' title='bbox 3029 2527 3157 2604; x_wconf 84' lang='grc' dir='ltr'><strong>περί</strong></span> <span class='ocrx_word' id='word_1_436' title='bbox 3216 2525 3459 2587; x_wconf 69' lang='grc' dir='ltr'>πλείονος</span> <span class='ocrx_word' id='word_1_437' title='bbox 3519 2524 3815 2581; x_wconf 71' lang='grc' dir='ltr'>ἐποιοῦντο.</span> 
     </span>
    </p>
   </div>
   <div class='ocr_carea' id='block_1_63' title="bbox 2172 2614 3820 2691">
    <p class='ocr_par' dir='ltr' id='par_1_63' title="bbox 2172 2614 3820 2691">
     <span class='ocr_line' id='line_1_63' title="bbox 2172 2614 3820 2691; baseline 0 -22"><span class='ocrx_word' id='word_1_438' title='bbox 2172 2619 2332 2678; x_wconf 81' lang='grc' dir='ltr'><strong>Γνοῦς</strong></span> <span class='ocrx_word' id='word_1_439' title='bbox 2396 2616 2485 2671; x_wconf 62' lang='lat'><strong>0&#39;31</strong></span> <span class='ocrx_word' id='word_1_440' title='bbox 2546 2620 2624 2689; x_wconf 85' lang='grc' dir='ltr'><strong>τῷ</strong></span> <span class='ocrx_word' id='word_1_441' title='bbox 2694 2616 2985 2674; x_wconf 75' lang='grc' dir='ltr'>ἐνοικοῦντι</span> <span class='ocrx_word' id='word_1_442' title='bbox 3043 2617 3187 2691; x_wconf 73' lang='grc' dir='ltr'><strong>αὗτῷ</strong></span> <span class='ocrx_word' id='word_1_443' title='bbox 3246 2616 3507 2689; x_wconf 78' lang='grc' dir='ltr'>πνεύματι</span> <span class='ocrx_word' id='word_1_444' title='bbox 3562 2616 3628 2671; x_wconf 73' lang='grc' dir='ltr'>τὰ</span> <span class='ocrx_word' id='word_1_445' title='bbox 3683 2614 3820 2671; x_wconf 81' lang='grc' dir='ltr'>κατὰ</span> 
     </span>
    </p>
   </div>
   <div class='ocr_carea' id='block_1_64' title="bbox 2170 2701 3819 2784">
    <p class='ocr_par' dir='ltr' id='par_1_64' title="bbox 2170 2701 3819 2784">
     <span class='ocr_line' id='line_1_64' title="bbox 2170 2701 3819 2784; baseline 0.002 -26"><span class='ocrx_word' id='word_1_446' title='bbox 2170 2708 2287 2759; x_wconf 79' lang='grc' dir='ltr'>νοῦν</span> <span class='ocrx_word' id='word_1_447' title='bbox 2309 2702 2438 2760; x_wconf 71' lang='grc' dir='ltr'>ὂντα</span> <span class='ocrx_word' id='word_1_448' title='bbox 2469 2704 2591 2768; x_wconf 76' lang='grc' dir='ltr'>τοῖς</span> <span class='ocrx_word' id='word_1_449' title='bbox 2623 2717 2892 2784; x_wconf 79' lang='grc' dir='ltr'>μοναχοτς</span> <span class='ocrx_word' id='word_1_450' title='bbox 2923 2705 2951 2761; x_wconf 84' lang='lat'><strong>6</strong></span> <span class='ocrx_word' id='word_1_451' title='bbox 2983 2707 3184 2784; x_wconf 75' lang='grc' dir='ltr'>Πατὴρ,</span> <span class='ocrx_word' id='word_1_452' title='bbox 3222 2706 3311 2762; x_wconf 83' lang='grc' dir='ltr'>ἕνα</span> <span class='ocrx_word' id='word_1_453' title='bbox 3339 2705 3538 2761; x_wconf 76' lang='grc' dir='ltr'>τούτων</span> <span class='ocrx_word' id='word_1_454' title='bbox 3566 2707 3612 2761; x_wconf 85' lang='grc' dir='ltr'>ὦ</span> <span class='ocrx_word' id='word_1_455' title='bbox 3643 2701 3819 2761; x_wconf 78' lang='grc' dir='ltr'>Σάϐας</span> 
     </span>
    </p>
   </div>
   <div class='ocr_carea' id='block_1_65' title="bbox 2169 2790 3818 2874">
    <p class='ocr_par' dir='ltr' id='par_1_65' title="bbox 2169 2790 3818 2874">
     <span class='ocr_line' id='line_1_65' title="bbox 2169 2790 3818 2874; baseline -0.001 -25"><span class='ocrx_word' id='word_1_456' title='bbox 2169 2793 2204 2859; x_wconf 79' lang='grc' dir='ltr'>ἡ</span> <span class='ocrx_word' id='word_1_457' title='bbox 2252 2790 2445 2859; x_wconf 68' lang='grc' dir='ltr'>κλῆσις</span> <span class='ocrx_word' id='word_1_458' title='bbox 2496 2792 2588 2874; x_wconf 81' lang='grc' dir='ltr'><strong>ἦν,</strong></span> <span class='ocrx_word' id='word_1_459' title='bbox 2637 2795 2773 2873; x_wconf 86' lang='grc' dir='ltr'>πρὸς</span> <span class='ocrx_word' id='word_1_460' title='bbox 2829 2793 3014 2851; x_wconf 75' lang='grc' dir='ltr'>ἑαυτὸν</span> <span class='ocrx_word' id='word_1_461' title='bbox 3071 2796 3327 2868; x_wconf 76' lang='grc' dir='ltr'>καλέσας,</span> <span class='ocrx_word' id='word_1_462' title='bbox 3361 2796 3433 2857; x_wconf 80' lang='grc' dir='ltr'>ὡς</span> <span class='ocrx_word' id='word_1_463' title='bbox 3491 2794 3645 2850; x_wconf 73' lang='grc' dir='ltr'>αὒτὸν</span> <span class='ocrx_word' id='word_1_464' title='bbox 3676 2792 3818 2869; x_wconf 81' lang='grc' dir='ltr'>ἀγα-</span> 
     </span>
    </p>
   </div>
   <div class='ocr_carea' id='block_1_66' title="bbox 2171 2880 3821 2961">
    <p class='ocr_par' dir='ltr' id='par_1_66' title="bbox 2171 2880 3821 2961">
     <span class='ocr_line' id='line_1_66' title="bbox 2171 2880 3821 2961; baseline 0 -24"><span class='ocrx_word' id='word_1_465' title='bbox 2171 2894 2292 2959; x_wconf 84' lang='grc' dir='ltr'>γεῖν</span> <span class='ocrx_word' id='word_1_466' title='bbox 2346 2883 2438 2938; x_wconf 82' lang='grc' dir='ltr'><strong>τὸν</strong></span> <span class='ocrx_word' id='word_1_467' title='bbox 2497 2885 2693 2961; x_wconf 78' lang='grc' dir='ltr'>τράγον</span> <span class='ocrx_word' id='word_1_468' title='bbox 2749 2882 2976 2940; x_wconf 83' lang='grc' dir='ltr'>κελεύει.</span> <span class='ocrx_word' id='word_1_469' title='bbox 3039 2882 3277 2941; x_wconf 81' lang='grc' dir='ltr'>Ἐκεὶνου</span> <span class='ocrx_word' id='word_1_470' title='bbox 3351 2882 3406 2938; x_wconf 72' lang='grc' dir='ltr'><strong>δὲ</strong></span> <span class='ocrx_word' id='word_1_471' title='bbox 3463 2880 3821 2961; x_wconf 73' lang='grc' dir='ltr'>διερωτῶντος</span> 
     </span>
    </p>
   </div>
   <div class='ocr_carea' id='block_1_67' title="bbox 2169 2969 3818 3053">
    <p class='ocr_par' dir='ltr' id='par_1_67' title="bbox 2169 2969 3818 3053">
     <span class='ocr_line' id='line_1_67' title="bbox 2169 2969 3818 3053; baseline -0.004 -19"><span class='ocrx_word' id='word_1_472' title='bbox 2169 2970 2265 3043; x_wconf 76' lang='grc' dir='ltr'><strong>ὡς,</strong></span> <span class='ocrx_word' id='word_1_473' title='bbox 2320 2969 2476 3048; x_wconf 72' lang='grc' dir='ltr'>ι’ίπερ</span> <span class='ocrx_word' id='word_1_474' title='bbox 2533 2973 2606 3038; x_wconf 82' lang='grc' dir='ltr'><strong>εἰς</strong></span> <span class='ocrx_word' id='word_1_475' title='bbox 2666 2973 2840 3053; x_wconf 77' lang='grc' dir='ltr'>φυγὴν</span> <span class='ocrx_word' id='word_1_476' title='bbox 2893 2974 3147 3050; x_wconf 75' lang='grc' dir='ltr'>τραπείη,</span> <span class='ocrx_word' id='word_1_477' title='bbox 3178 2974 3294 3038; x_wconf 79' lang='grc' dir='ltr'><strong>πῶς</strong></span> <span class='ocrx_word' id='word_1_478' title='bbox 3348 2970 3410 3028; x_wconf 77' lang='grc' dir='ltr'>ἄν</span> <span class='ocrx_word' id='word_1_479' title='bbox 3446 2973 3603 3031; x_wconf 71' lang='grc' dir='ltr'>αὖτὸν</span> <span class='ocrx_word' id='word_1_480' title='bbox 3644 2992 3818 3028; x_wconf 81' lang='grc' dir='ltr'>κατα-</span> 
     </span>
    </p>
   </div>
   <div class='ocr_carea' id='block_1_68' title="bbox 2167 3056 3818 3143">
    <p class='ocr_par' dir='ltr' id='par_1_68' title="bbox 2167 3056 3818 3143">
     <span class='ocr_line' id='line_1_68' title="bbox 2167 3056 3818 3143; baseline 0.001 -28"><span class='ocrx_word' id='word_1_481' title='bbox 2167 3056 2342 3116; x_wconf 73' lang='grc' dir='ltr'>λάϐοι.</span> <span class='ocrx_word' id='word_1_482' title='bbox 2396 3058 2716 3138; x_wconf 85' lang='grc' dir='ltr'>”ορμησον,</span> <span class='ocrx_word' id='word_1_483' title='bbox 2749 3059 2965 3143; x_wconf 72' lang='grc' dir='ltr'>ἀδελφὶ,</span> <span class='ocrx_word' id='word_1_484' title='bbox 3025 3064 3187 3136; x_wconf 72' lang='grc' dir='ltr'>μόνον</span> <span class='ocrx_word' id='word_1_485' title='bbox 3241 3066 3269 3118; x_wconf 97' lang='lat'><strong>6</strong></span> <span class='ocrx_word' id='word_1_486' title='bbox 3326 3062 3495 3140; x_wconf 77' lang='grc' dir='ltr'>μέγας</span> <span class='ocrx_word' id='word_1_487' title='bbox 3544 3059 3669 3141; x_wconf 71' lang='grc' dir='ltr'>ἔφη,</span> <span class='ocrx_word' id='word_1_488' title='bbox 3702 3063 3731 3117; x_wconf 92' lang='lat'><strong>6</strong></span> <span class='ocrx_word' id='word_1_489' title='bbox 3762 3059 3818 3116; x_wconf 68' lang='grc' dir='ltr'><strong>δὲ</strong></span> 
     </span>
    </p>
   </div>
   <div class='ocr_carea' id='block_1_69' title="bbox 2165 3148 3819 3228">
    <p class='ocr_par' dir='ltr' id='par_1_69' title="bbox 2165 3148 3819 3228">
     <span class='ocr_line' id='line_1_69' title="bbox 2165 3148 3819 3228; baseline 0.001 -25"><span class='ocrx_word' id='word_1_490' title='bbox 2165 3149 2251 3204; x_wconf 74' lang='grc' dir='ltr'><strong>καὶ</strong></span> <span class='ocrx_word' id='word_1_491' title='bbox 2283 3148 2416 3205; x_wconf 74' lang='grc' dir='ltr'>ἑκὼν</span> <span class='ocrx_word' id='word_1_492' title='bbox 2460 3148 2754 3213; x_wconf 69' lang='grc' dir='ltr'>ἐλεύσεται.</span> <span class='ocrx_word' id='word_1_493' title='bbox 2803 3153 2942 3228; x_wconf 84' lang='grc' dir='ltr'>Πρὸς</span> <span class='ocrx_word' id='word_1_494' title='bbox 2986 3149 3041 3207; x_wconf 72' lang='grc' dir='ltr'><strong>δὲ</strong></span> <span class='ocrx_word' id='word_1_495' title='bbox 3076 3152 3195 3215; x_wconf 60' lang='grc' dir='ltr'>τούς</span> <span class='ocrx_word' id='word_1_496' title='bbox 3246 3150 3438 3214; x_wconf 77' lang='grc' dir='ltr'>ἄλλους</span> <span class='ocrx_word' id='word_1_497' title='bbox 3483 3150 3819 3228; x_wconf 77' lang='grc' dir='ltr'>ἐπιστραφεὶς</span> 
     </span>
    </p>
   </div>
   <div class='ocr_carea' id='block_1_70' title="bbox 2168 3236 3822 3319">
    <p class='ocr_par' dir='ltr' id='par_1_70' title="bbox 2168 3236 3822 3319">
     <span class='ocr_line' id='line_1_70' title="bbox 2168 3236 3822 3319; baseline 0 -25"><span class='ocrx_word' id='word_1_498' title='bbox 2168 3239 2442 3317; x_wconf 65' lang='grc' dir='ltr'>μοναχοὺς</span> <span class='ocrx_word' id='word_1_499' title='bbox 2494 3241 2703 3317; x_wconf 71' lang='grc' dir='ltr'>ἠρώτα,</span> <span class='ocrx_word' id='word_1_500' title='bbox 2756 3242 2802 3296; x_wconf 87' lang='grc' dir='ltr'><strong>εἰ</strong></span> <span class='ocrx_word' id='word_1_501' title='bbox 2849 3242 2883 3309; x_wconf 76' lang='grc' dir='ltr'>ἡ</span> <span class='ocrx_word' id='word_1_502' title='bbox 2934 3247 3027 3299; x_wconf 72' lang='grc' dir='ltr'><strong>τοῦ</strong></span> <span class='ocrx_word' id='word_1_503' title='bbox 3076 3237 3268 3319; x_wconf 85' lang='grc' dir='ltr'>τράγου</span> <span class='ocrx_word' id='word_1_504' title='bbox 3325 3239 3453 3318; x_wconf 72' lang='grc' dir='ltr'>δορα</span> <span class='ocrx_word' id='word_1_505' title='bbox 3508 3236 3822 3304; x_wconf 68' lang='grc' dir='ltr'>ἑπιτηδείως</span> 
     </span>
    </p>
   </div>
   <div class='ocr_carea' id='block_1_71' title="bbox 2166 3323 3816 3409">
    <p class='ocr_par' dir='ltr' id='par_1_71' title="bbox 2166 3323 3816 3409">
     <span class='ocr_line' id='line_1_71' title="bbox 2166 3323 3816 3409; baseline 0.001 -28"><span class='ocrx_word' id='word_1_506' title='bbox 2166 3323 2288 3407; x_wconf 75' lang='grc' dir='ltr'>ἔχοι</span> <span class='ocrx_word' id='word_1_507' title='bbox 2320 3328 2449 3403; x_wconf 79' lang='grc' dir='ltr'>πρὸς</span> <span class='ocrx_word' id='word_1_508' title='bbox 2483 3327 2648 3385; x_wconf 81' lang='grc' dir='ltr'>ἀσκὸν</span> <span class='ocrx_word' id='word_1_509' title='bbox 2699 3333 3210 3405; x_wconf 78' lang='grc' dir='ltr'>μετατκευασθῆναι.</span> <span class='ocrx_word' id='word_1_510' title='bbox 3246 3331 3306 3388; x_wconf 91' lang='grc' dir='ltr'><strong>Οἰ</strong></span> <span class='ocrx_word' id='word_1_511' title='bbox 3356 3327 3437 3409; x_wconf 74' lang='grc' dir='ltr'>δὲ,</span> <span class='ocrx_word' id='word_1_512' title='bbox 3492 3330 3589 3387; x_wconf 80' lang='grc' dir='ltr'><strong>Καὶ</strong></span> <span class='ocrx_word' id='word_1_513' title='bbox 3647 3327 3816 3402; x_wconf 73' lang='grc' dir='ltr'>μάλᾶ,</span> 
     </span>
    </p>
   </div>
   <div class='ocr_carea' id='block_1_72' title="bbox 2166 3416 3822 3499">
    <p class='ocr_par' dir='ltr' id='par_1_72' title="bbox 2166 3416 3822 3499">
     <span class='ocr_line' id='line_1_72' title="bbox 2166 3416 3822 3499; baseline 0.001 -28"><span class='ocrx_word' id='word_1_514' title='bbox 2166 3417 2315 3495; x_wconf 73' lang='grc' dir='ltr'>φασὶ,</span> <span class='ocrx_word' id='word_1_515' title='bbox 2369 3418 2460 3474; x_wconf 84' lang='grc' dir='ltr'><strong>καὶ</strong></span> <span class='ocrx_word' id='word_1_516' title='bbox 2514 3419 2669 3476; x_wconf 74' lang='grc' dir='ltr'>τοῦτό</span> <span class='ocrx_word' id='word_1_517' title='bbox 2713 3440 2776 3497; x_wconf 91' lang='grc' dir='ltr'><strong>γε</strong></span> <span class='ocrx_word' id='word_1_518' title='bbox 2824 3421 2928 3499; x_wconf 81' lang='grc' dir='ltr'>πρὸ</span> <span class='ocrx_word' id='word_1_519' title='bbox 2973 3441 3077 3475; x_wconf 87' lang='grc' dir='ltr'><strong>των</strong></span> <span class='ocrx_word' id='word_1_520' title='bbox 3138 3421 3247 3476; x_wconf 76' lang='grc' dir='ltr'><strong>σῶν</strong></span> <span class='ocrx_word' id='word_1_521' title='bbox 3303 3418 3503 3497; x_wconf 80' lang='grc' dir='ltr'>λόγων,</span> <span class='ocrx_word' id='word_1_522' title='bbox 3547 3416 3644 3473; x_wconf 78' lang='grc' dir='ltr'>καῗ</span> <span class='ocrx_word' id='word_1_523' title='bbox 3673 3416 3822 3472; x_wconf 72' lang='grc' dir='ltr'>αὐτοὶ</span> 
     </span>
    </p>
   </div>
   <div class='ocr_carea' id='block_1_73' title="bbox 2168 3503 3818 3589">
    <p class='ocr_par' dir='ltr' id='par_1_73' title="bbox 2168 3503 3818 3589">
     <span class='ocr_line' id='line_1_73' title="bbox 2168 3503 3818 3589; baseline 0 -28"><span class='ocrx_word' id='word_1_524' title='bbox 2168 3505 2302 3561; x_wconf 80' lang='grc' dir='ltr'>κατὰ</span> <span class='ocrx_word' id='word_1_525' title='bbox 2352 3503 2585 3563; x_wconf 77' lang='grc' dir='ltr'>διὰνοιαν</span> <span class='ocrx_word' id='word_1_526' title='bbox 2641 3508 2896 3588; x_wconf 75' lang='grc' dir='ltr'>εἴχομεν,</span> <span class='ocrx_word' id='word_1_527' title='bbox 2958 3505 3156 3589; x_wconf 82' lang='grc' dir='ltr'>’Ἥχθη</span> <span class='ocrx_word' id='word_1_528' title='bbox 3214 3515 3302 3565; x_wconf 83' lang='grc' dir='ltr'>οὖν</span> <span class='ocrx_word' id='word_1_529' title='bbox 3345 3507 3398 3563; x_wconf 77' lang='grc' dir='ltr'>ἒν</span> <span class='ocrx_word' id='word_1_530' title='bbox 3454 3506 3691 3579; x_wconf 70' lang='grc' dir='ltr'>τοσούτῳ</span> <span class='ocrx_word' id='word_1_531' title='bbox 3717 3506 3818 3561; x_wconf 75' lang='grc' dir='ltr'><strong>ὑπὸ</strong></span> 
     </span>
    </p>
   </div>
   <div class='ocr_carea' id='block_1_74' title="bbox 434 3594 2079 3687">
    <p class='ocr_par' dir='ltr' id='par_1_74' title="bbox 434 3603 2079 3687">
     <span class='ocr_line' id='line_1_74' title="bbox 434 3603 2079 3687; baseline 0.007 -23"><span class='ocrx_word' id='word_1_532' title='bbox 434 3603 748 3682; x_wconf 81' lang='lat' dir='ltr'><strong>gnitatem,</strong></span> <span class='ocrx_word' id='word_1_533' title='bbox 826 3604 1169 3667; x_wconf 86' lang='lat' dir='ltr'><strong>transmittit</strong></span> <span class='ocrx_word' id='word_1_534' title='bbox 1216 3623 1436 3666; x_wconf 81' lang='lat' dir='ltr'><strong>rursus</strong></span> <span class='ocrx_word' id='word_1_535' title='bbox 1487 3604 1781 3687; x_wconf 90' lang='lat' dir='ltr'><strong>pecudem</strong></span> <span class='ocrx_word' id='word_1_536' title='bbox 1851 3610 1923 3672; x_wconf 91' lang='lat' dir='ltr'><strong>ad</strong></span> <span class='ocrx_word' id='word_1_537' title='bbox 1982 3631 2079 3677; x_wconf 80' lang='lat' dir='ltr'><strong>sua</strong></span> 
     </span>
    </p>
   </div>
   <div class='ocr_carea' id='block_1_75' title="bbox 2165 3594 3818 3687">
    <p class='ocr_par' dir='ltr' id='par_1_75' title="bbox 2172 3594 3818 3687">
     <span class='ocr_line' id='line_1_75' title="bbox 2172 3594 3818 3687; baseline 0.004 -38"><span class='ocrx_word' id='word_1_538' title='bbox 2172 3594 2264 3650; x_wconf 78' lang='grc' dir='ltr'>τοῦ</span> <span class='ocrx_word' id='word_1_539' title='bbox 2311 3598 2556 3676; x_wconf 80' lang='grc' dir='ltr'>μονοιχοῦ</span> <span class='ocrx_word' id='word_1_540' title='bbox 2608 3594 2755 3654; x_wconf 80' lang='grc' dir='ltr'><strong>Σάόα</strong></span> <span class='ocrx_word' id='word_1_541' title='bbox 2809 3600 2838 3655; x_wconf 86' lang='lat'><strong>6</strong></span> <span class='ocrx_word' id='word_1_542' title='bbox 2882 3596 3099 3677; x_wconf 74' lang='grc' dir='ltr'>τράγος,</span> <span class='ocrx_word' id='word_1_543' title='bbox 3130 3599 3219 3655; x_wconf 81' lang='grc' dir='ltr'>καὶ</span> <span class='ocrx_word' id='word_1_544' title='bbox 3276 3601 3304 3653; x_wconf 86' lang='lat'><strong>6</strong></span> <span class='ocrx_word' id='word_1_545' title='bbox 3365 3597 3544 3687; x_wconf 60' lang='grc' dir='ltr'>Πατὴρ</span> <span class='ocrx_word' id='word_1_546' title='bbox 3574 3596 3670 3687; x_wconf 63' lang='grc' dir='ltr'><strong>κᾷν</strong></span> <span class='ocrx_word' id='word_1_547' title='bbox 3698 3598 3818 3687; x_wconf 68' lang='grc' dir='ltr'><strong>τοίς</strong></span> 
     </span>
    </p>
   </div>
   <div class='ocr_carea' id='block_1_76' title="bbox 458 3681 2079 3777">
    <p class='ocr_par' dir='ltr' id='par_1_76' title="bbox 458 3681 2079 3777">
     <span class='ocr_line' id='line_1_76' title="bbox 458 3681 2079 3777; baseline 0.006 -21"><span class='ocrx_word' id='word_1_548' title='bbox 458 3712 698 3777; x_wconf 86' lang='lat' dir='ltr'><strong>pascua,</strong></span> <span class='ocrx_word' id='word_1_549' title='bbox 743 3712 863 3755; x_wconf 91' lang='lat' dir='ltr'><strong>non</strong></span> <span class='ocrx_word' id='word_1_550' title='bbox 912 3692 1103 3757; x_wconf 91' lang='lat' dir='ltr'><strong>solum</strong></span> <span class='ocrx_word' id='word_1_551' title='bbox 1154 3695 1293 3757; x_wconf 90' lang='lat' dir='ltr'><strong>hinc</strong></span> <span class='ocrx_word' id='word_1_552' title='bbox 1346 3681 1953 3775; x_wconf 82' lang='lat' dir='ltr'><strong>commiserationem,</strong></span> <span class='ocrx_word' id='word_1_553' title='bbox 1983 3703 2079 3766; x_wconf 89' lang='lat' dir='ltr'><strong>sed</strong></span> 
     </span>
    </p>
   </div>
   <div class='ocr_carea' id='block_1_77' title="bbox 2165 3681 3818 3777">
    <p class='ocr_par' dir='ltr' id='par_1_77' title="bbox 2174 3681 3818 3777">
     <span class='ocr_line' id='line_1_77' title="bbox 2174 3681 3818 3777; baseline 0 -38"><span class='ocrx_word' id='word_1_554' title='bbox 2174 3681 2390 3762; x_wconf 78' lang='grc' dir='ltr'>ἀλόγοις</span> <span class='ocrx_word' id='word_1_555' title='bbox 2448 3685 2627 3777; x_wconf 66' lang='grc' dir='ltr'>ᾢσπερ</span> <span class='ocrx_word' id='word_1_556' title='bbox 2685 3684 2977 3777; x_wconf 75' lang='grc' dir='ltr'>ἐπιδεικνῦς</span> <span class='ocrx_word' id='word_1_557' title='bbox 3029 3690 3090 3744; x_wconf 83' lang='grc' dir='ltr'>τὸ</span> <span class='ocrx_word' id='word_1_558' title='bbox 3131 3686 3448 3769; x_wconf 72' lang='grc' dir='ltr'>φιλάγαθον,</span> <span class='ocrx_word' id='word_1_559' title='bbox 3481 3685 3565 3777; x_wconf 73' lang='grc' dir='ltr'><strong>ἐπὶ</strong></span> <span class='ocrx_word' id='word_1_560' title='bbox 3597 3685 3690 3749; x_wconf 81' lang='grc' dir='ltr'><strong>τὰς</strong></span> <span class='ocrx_word' id='word_1_561' title='bbox 3736 3684 3818 3777; x_wconf 38' lang='lat' dir='ltr'><strong>ait</strong></span> 
     </span>
    </p>
   </div>
   <div class='ocr_carea' id='block_1_78' title="bbox 458 3783 2086 3870">
    <p class='ocr_par' dir='ltr' id='par_1_78' title="bbox 458 3783 2086 3870">
     <span class='ocr_line' id='line_1_78' title="bbox 458 3783 2086 3870; baseline 0.002 -18"><span class='ocrx_word' id='word_1_562' title='bbox 458 3792 633 3854; x_wconf 90' lang='lat' dir='ltr'><strong>etiam</strong></span> <span class='ocrx_word' id='word_1_563' title='bbox 719 3786 1184 3870; x_wconf 87' lang='lat' dir='ltr'><strong>amputationem</strong></span> <span class='ocrx_word' id='word_1_564' title='bbox 1273 3783 1497 3845; x_wconf 88' lang='lat' dir='ltr'><strong>docens</strong></span> <span class='ocrx_word' id='word_1_565' title='bbox 1571 3801 1817 3848; x_wconf 77' lang='lat' dir='ltr'><strong>suarum</strong></span> <span class='ocrx_word' id='word_1_566' title='bbox 1876 3789 2086 3855; x_wconf 84' lang='lat' dir='ltr'><strong>volun-</strong></span> 
     </span>
    </p>
   </div>
   <div class='ocr_carea' id='block_1_79' title="bbox 443 3886 642 3941">
    <p class='ocr_par' dir='ltr' id='par_1_79' title="bbox 443 3886 642 3941">
     <span class='ocr_line' id='line_1_79' title="bbox 443 3886 642 3941; baseline 0 0"><span class='ocrx_word' id='word_1_567' title='bbox 443 3886 642 3941; x_wconf 87' lang='lat' dir='ltr'><strong>atum.</strong></span> 
     </span>
    </p>
   </div>
   <div class='ocr_carea' id='block_1_80' title="bbox 510 4054 2074 4136">
    <p class='ocr_par' dir='ltr' id='par_1_80' title="bbox 510 4054 2074 4136">
     <span class='ocr_line' id='line_1_80' title="bbox 510 4054 2074 4136; baseline 0.003 -17"><span class='ocrx_word' id='word_1_568' title='bbox 510 4054 723 4120; x_wconf 80' lang='lat' dir='ltr'><strong>XVIII.</strong></span> <span class='ocrx_word' id='word_1_569' title='bbox 756 4056 819 4117; x_wconf 91' lang='lat' dir='ltr'><strong>ln</strong></span> <span class='ocrx_word' id='word_1_570' title='bbox 852 4056 963 4116; x_wconf 84' lang='lat' dir='ltr'><strong>hoc</strong></span> <span class='ocrx_word' id='word_1_571' title='bbox 986 4061 1182 4116; x_wconf 86' lang='lat' dir='ltr'><strong>autem</strong></span> <span class='ocrx_word' id='word_1_572' title='bbox 1220 4059 1424 4114; x_wconf 91' lang='lat' dir='ltr'><strong>monte</strong></span> <span class='ocrx_word' id='word_1_573' title='bbox 1453 4069 1719 4134; x_wconf 82' lang='lat' dir='ltr'><strong>versans,</strong></span> <span class='ocrx_word' id='word_1_574' title='bbox 1760 4056 1833 4117; x_wconf 89' lang='lat' dir='ltr'><strong>iis</strong></span> <span class='ocrx_word' id='word_1_575' title='bbox 1870 4059 2074 4136; x_wconf 78' lang='lat' dir='ltr'><strong>etiam,</strong></span> 
     </span>
    </p>
   </div>
   <div class='ocr_carea' id='block_1_81' title="bbox 431 4142 2079 4228">
    <p class='ocr_par' dir='ltr' id='par_1_81' title="bbox 431 4142 2079 4228">
     <span class='ocr_line' id='line_1_81' title="bbox 431 4142 2079 4228; baseline 0.001 -20"><span class='ocrx_word' id='word_1_576' title='bbox 431 4146 533 4222; x_wconf 89' lang='lat' dir='ltr'><strong>qui</strong></span> <span class='ocrx_word' id='word_1_577' title='bbox 570 4163 792 4222; x_wconf 80' lang='lat' dir='ltr'><strong>genere</strong></span> <span class='ocrx_word' id='word_1_578' title='bbox 838 4142 1169 4206; x_wconf 86' lang='lat' dir='ltr'><strong>attinebant</strong></span> <span class='ocrx_word' id='word_1_579' title='bbox 1200 4142 1271 4203; x_wconf 93' lang='lat' dir='ltr'><strong>ad</strong></span> <span class='ocrx_word' id='word_1_580' title='bbox 1306 4142 1729 4221; x_wconf 88' lang='lat' dir='ltr'><strong>imperatorem</strong></span> <span class='ocrx_word' id='word_1_581' title='bbox 1769 4146 2079 4228; x_wconf 52' lang='lat' dir='ltr'><strong>(Nicepho.</strong></span> 
     </span>
    </p>
   </div>
   <div class='ocr_carea' id='block_1_82' title="bbox 427 4231 2074 4315">
    <p class='ocr_par' dir='ltr' id='par_1_82' title="bbox 427 4231 2074 4315">
     <span class='ocr_line' id='line_1_82' title="bbox 427 4231 2074 4315; baseline 0.002 -19"><span class='ocrx_word' id='word_1_582' title='bbox 427 4253 530 4296; x_wconf 87' lang='lat' dir='ltr'><strong>rus</strong></span> <span class='ocrx_word' id='word_1_583' title='bbox 557 4253 697 4298; x_wconf 90' lang='lat' dir='ltr'><strong>vero</strong></span> <span class='ocrx_word' id='word_1_584' title='bbox 729 4243 869 4297; x_wconf 89' lang='lat' dir='ltr'><strong>tunc</strong></span> <span class='ocrx_word' id='word_1_585' title='bbox 900 4236 1238 4298; x_wconf 77' lang='lat' dir='ltr'><strong>Romanum</strong></span> <span class='ocrx_word' id='word_1_586' title='bbox 1267 4231 1722 4295; x_wconf 84' lang='lat' dir='ltr'><strong>administrabat</strong></span> <span class='ocrx_word' id='word_1_587' title='bbox 1756 4234 2074 4315; x_wconf 89' lang='lat' dir='ltr'><strong>imperium</strong></span> 
     </span>
    </p>
   </div>
   <div class='ocr_carea' id='block_1_83' title="bbox 426 4321 2073 4405">
    <p class='ocr_par' dir='ltr' id='par_1_83' title="bbox 426 4321 2073 4405">
     <span class='ocr_line' id='line_1_83' title="bbox 426 4321 2073 4405; baseline 0.001 -19"><span class='ocrx_word' id='word_1_588' title='bbox 426 4324 696 4405; x_wconf 70' lang='lat' dir='ltr'><strong>prmdicit</strong></span> <span class='ocrx_word' id='word_1_589' title='bbox 725 4326 856 4405; x_wconf 86' lang='lat' dir='ltr'><strong>ejus</strong></span> <span class='ocrx_word' id='word_1_590' title='bbox 906 4332 1157 4384; x_wconf 87' lang='lat' dir='ltr'><strong>mortem</strong></span> <span class='ocrx_word' id='word_1_591' title='bbox 1191 4321 1367 4403; x_wconf 80' lang='lat' dir='ltr'><strong>paulo</strong></span> <span class='ocrx_word' id='word_1_592' title='bbox 1412 4331 1544 4401; x_wconf 90' lang='lat' dir='ltr'><strong>post</strong></span> <span class='ocrx_word' id='word_1_593' title='bbox 1579 4340 1712 4383; x_wconf 88' lang='lat' dir='ltr'><strong>esse</strong></span> <span class='ocrx_word' id='word_1_594' title='bbox 1743 4333 2073 4388; x_wconf 81' lang='lat' dir='ltr'><strong>venturam.</strong></span> 
     </span>
    </p>
   </div>
   <div class='ocr_carea' id='block_1_84' title="bbox 424 4411 2074 4492">
    <p class='ocr_par' dir='ltr' id='par_1_84' title="bbox 424 4411 2074 4492">
     <span class='ocr_line' id='line_1_84' title="bbox 424 4411 2074 4492; baseline 0 -16"><span class='ocrx_word' id='word_1_595' title='bbox 424 4416 595 4476; x_wconf 92' lang='lat' dir='ltr'><strong>Nono</strong></span> <span class='ocrx_word' id='word_1_596' title='bbox 628 4432 767 4492; x_wconf 85' lang='lat' dir='ltr'><strong>ergo</strong></span> <span class='ocrx_word' id='word_1_597' title='bbox 801 4432 958 4475; x_wconf 90' lang='lat' dir='ltr'><strong>anno</strong></span> <span class='ocrx_word' id='word_1_598' title='bbox 989 4413 1117 4492; x_wconf 88' lang='lat' dir='ltr'><strong>ejus</strong></span> <span class='ocrx_word' id='word_1_599' title='bbox 1163 4411 1393 4484; x_wconf 87' lang='lat' dir='ltr'><strong>imperii</strong></span> <span class='ocrx_word' id='word_1_600' title='bbox 1430 4422 1819 4492; x_wconf 82' lang='lat' dir='ltr'><strong>erumpentes</strong></span> <span class='ocrx_word' id='word_1_601' title='bbox 1848 4412 2074 4489; x_wconf 87' lang='lat' dir='ltr'><strong>Hunni,</strong></span> 
     </span>
    </p>
   </div>
   <div class='ocr_carea' id='block_1_85' title="bbox 425 4500 2077 4583">
    <p class='ocr_par' dir='ltr' id='par_1_85' title="bbox 425 4500 2077 4583">
     <span class='ocr_line' id='line_1_85' title="bbox 425 4500 2077 4583; baseline 0.001 -19"><span class='ocrx_word' id='word_1_602' title='bbox 425 4501 738 4564; x_wconf 82' lang='lat' dir='ltr'><strong>Thraciam</strong></span> <span class='ocrx_word' id='word_1_603' title='bbox 760 4500 1383 4583; x_wconf 86' lang='lat' dir='ltr'><strong>populabantur.Satis</strong></span> <span class='ocrx_word' id='word_1_604' title='bbox 1410 4507 1604 4561; x_wconf 91' lang='lat' dir='ltr'><strong>autem</strong></span> <span class='ocrx_word' id='word_1_605' title='bbox 1638 4518 1848 4577; x_wconf 80' lang='lat' dir='ltr'><strong>magno</strong></span> <span class='ocrx_word' id='word_1_606' title='bbox 1870 4513 2077 4566; x_wconf 86' lang='lat' dir='ltr'><strong>coacto</strong></span> 
     </span>
    </p>
   </div>
   <div class='ocr_carea' id='block_1_86' title="bbox 2175 3770 3825 3854">
    <p class='ocr_par' dir='ltr' id='par_1_86' title="bbox 2175 3770 3825 3854">
     <span class='ocr_line' id='line_1_86' title="bbox 2175 3770 3825 3854; baseline 0 -25"><span class='ocrx_word' id='word_1_607' title='bbox 2175 3772 2322 3838; x_wconf 83' lang='grc' dir='ltr'>κείας</span> <span class='ocrx_word' id='word_1_608' title='bbox 2404 3770 2565 3831; x_wconf 78' lang='grc' dir='ltr'>πάλιν</span> <span class='ocrx_word' id='word_1_609' title='bbox 2648 3776 2814 3852; x_wconf 76' lang='grc' dir='ltr'>νομάς</span> <span class='ocrx_word' id='word_1_610' title='bbox 2871 3778 2933 3833; x_wconf 83' lang='grc' dir='ltr'>τὸ</span> <span class='ocrx_word' id='word_1_611' title='bbox 2990 3776 3243 3854; x_wconf 76' lang='grc' dir='ltr'>βόσκημα</span> <span class='ocrx_word' id='word_1_612' title='bbox 3305 3774 3650 3854; x_wconf 79' lang='grc' dir='ltr'>παραπέμπει</span> <span class='ocrx_word' id='word_1_613' title='bbox 3685 3819 3703 3847; x_wconf 87' lang='grc'><strong>,</strong></span> <span class='ocrx_word' id='word_1_614' title='bbox 3762 3774 3825 3830; x_wconf 72' lang='grc' dir='ltr'>οὗ</span> 
     </span>
    </p>
   </div>
   <div class='ocr_carea' id='block_1_87' title="bbox 2176 3861 3824 3942">
    <p class='ocr_par' dir='ltr' id='par_1_87' title="bbox 2176 3861 3824 3942">
     <span class='ocr_line' id='line_1_87' title="bbox 2176 3861 3824 3942; baseline -0.002 -20"><span class='ocrx_word' id='word_1_615' title='bbox 2176 3863 2505 3938; x_wconf 80' lang='grc' dir='ltr'>συμπὰθειαν</span> <span class='ocrx_word' id='word_1_616' title='bbox 2533 3866 2697 3942; x_wconf 86' lang='grc' dir='ltr'>μόνον</span> <span class='ocrx_word' id='word_1_617' title='bbox 2726 3866 2987 3942; x_wconf 73' lang='grc' dir='ltr'>ἐντεῦθεν,</span> <span class='ocrx_word' id='word_1_618' title='bbox 3021 3865 3157 3923; x_wconf 70' lang='grc' dir='ltr'>ἀλλὰ</span> <span class='ocrx_word' id='word_1_619' title='bbox 3180 3867 3268 3922; x_wconf 78' lang='grc' dir='ltr'><strong>καὶ</strong></span> <span class='ocrx_word' id='word_1_620' title='bbox 3296 3865 3534 3933; x_wconf 75' lang='grc' dir='ltr'>ἐκκόπῆν</span> <span class='ocrx_word' id='word_1_621' title='bbox 3564 3861 3824 3920; x_wconf 72' lang='grc' dir='ltr'>διδάσκων</span> 
     </span>
    </p>
   </div>
   <div class='ocr_carea' id='block_1_88' title="bbox 2168 3954 2857 4025">
    <p class='ocr_par' dir='ltr' id='par_1_88' title="bbox 2168 3954 2857 4025">
     <span class='ocr_line' id='line_1_88' title="bbox 2168 3954 2857 4025; baseline 0.006 -16"><span class='ocrx_word' id='word_1_622' title='bbox 2168 3958 2275 4010; x_wconf 82' lang='grc' dir='ltr'><strong>τῶν</strong></span> <span class='ocrx_word' id='word_1_623' title='bbox 2326 3954 2536 4012; x_wconf 82' lang='grc' dir='ltr'>οἰκείων</span> <span class='ocrx_word' id='word_1_624' title='bbox 2566 3956 2857 4025; x_wconf 74' lang='grc' dir='ltr'>θελήσεων.</span> 
     </span>
    </p>
   </div>
   <div class='ocr_carea' id='block_1_89' title="bbox 2249 4040 3821 4124">
    <p class='ocr_par' dir='ltr' id='par_1_89' title="bbox 2249 4040 3821 4124">
     <span class='ocr_line' id='line_1_89' title="bbox 2249 4040 3821 4124; baseline -0.001 -23"><span class='ocrx_word' id='word_1_625' title='bbox 2249 4040 2362 4103; x_wconf 83' lang='grc' dir='ltr'><strong>1Η’.</strong></span> <span class='ocrx_word' id='word_1_626' title='bbox 2411 4043 2501 4102; x_wconf 84' lang='grc' dir='ltr'>Ἐν</span> <span class='ocrx_word' id='word_1_627' title='bbox 2558 4045 2730 4117; x_wconf 79' lang='grc' dir='ltr'>τούτῳ</span> <span class='ocrx_word' id='word_1_628' title='bbox 2797 4041 2853 4100; x_wconf 77' lang='grc' dir='ltr'><strong>δὲ</strong></span> <span class='ocrx_word' id='word_1_629' title='bbox 2913 4042 3214 4124; x_wconf 80' lang='grc' dir='ltr'>διατρίϐωνι</span> <span class='ocrx_word' id='word_1_630' title='bbox 3273 4045 3351 4119; x_wconf 75' lang='grc' dir='ltr'>τῷ</span> <span class='ocrx_word' id='word_1_631' title='bbox 3389 4044 3522 4124; x_wconf 84' lang='grc' dir='ltr'>ὃρει,</span> <span class='ocrx_word' id='word_1_632' title='bbox 3566 4044 3654 4100; x_wconf 88' lang='grc' dir='ltr'><strong>καὶ</strong></span> <span class='ocrx_word' id='word_1_633' title='bbox 3695 4043 3821 4108; x_wconf 76' lang='grc' dir='ltr'>τοῖς</span> 
     </span>
    </p>
   </div>
   <div class='ocr_carea' id='block_1_90' title="bbox 2161 4130 3817 4214">
    <p class='ocr_par' dir='ltr' id='par_1_90' title="bbox 2161 4130 3817 4214">
     <span class='ocr_line' id='line_1_90' title="bbox 2161 4130 3817 4214; baseline 0 -26"><span class='ocrx_word' id='word_1_634' title='bbox 2161 4138 2259 4190; x_wconf 82' lang='grc' dir='ltr'>τοῦ</span> <span class='ocrx_word' id='word_1_635' title='bbox 2344 4132 2531 4210; x_wconf 81' lang='grc' dir='ltr'>γένους</span> <span class='ocrx_word' id='word_1_636' title='bbox 2617 4139 2923 4190; x_wconf 82' lang='grc' dir='ltr'>κοινωνοῦσι</span> <span class='ocrx_word' id='word_1_637' title='bbox 2983 4140 3061 4209; x_wconf 81' lang='grc' dir='ltr'>τῷ</span> <span class='ocrx_word' id='word_1_638' title='bbox 3107 4132 3323 4210; x_wconf 77' lang='grc' dir='ltr'>βασιλεῖ</span> <span class='ocrx_word' id='word_1_639' title='bbox 3383 4132 3711 4214; x_wconf 74' lang='grc' dir='ltr'>(Νικηφόρος</span> <span class='ocrx_word' id='word_1_640' title='bbox 3759 4130 3817 4188; x_wconf 72' lang='grc' dir='ltr'><strong>δὲ</strong></span> 
     </span>
    </p>
   </div>
   <div class='ocr_carea' id='block_1_91' title="bbox 2163 4220 3813 4304">
    <p class='ocr_par' dir='ltr' id='par_1_91' title="bbox 2163 4220 3813 4304">
     <span class='ocr_line' id='line_1_91' title="bbox 2163 4220 3813 4304; baseline 0.001 -28"><span class='ocrx_word' id='word_1_641' title='bbox 2163 4222 2286 4277; x_wconf 88' lang='grc' dir='ltr'>τότε</span> <span class='ocrx_word' id='word_1_642' title='bbox 2340 4223 2440 4283; x_wconf 79' lang='grc' dir='ltr'>τὴν</span> <span class='ocrx_word' id='word_1_643' title='bbox 2497 4220 2777 4293; x_wconf 84' lang='grc' dir='ltr'>Ῥωμαίων</span> <span class='ocrx_word' id='word_1_644' title='bbox 2829 4220 3035 4279; x_wconf 74' lang='grc' dir='ltr'>διεῖπεν</span> <span class='ocrx_word' id='word_1_645' title='bbox 3086 4222 3291 4304; x_wconf 74' lang='grc' dir='ltr'><strong>ἀρχὴν)</strong></span> <span class='ocrx_word' id='word_1_646' title='bbox 3347 4225 3445 4292; x_wconf 75' lang='grc' dir='ltr'>τὴν</span> <span class='ocrx_word' id='word_1_647' title='bbox 3519 4223 3673 4279; x_wconf 70' lang='grc' dir='ltr'>αὑτοῦ</span> <span class='ocrx_word' id='word_1_648' title='bbox 3725 4243 3813 4278; x_wconf 87' lang='grc' dir='ltr'>τε·</span> 
     </span>
    </p>
   </div>
   <div class='ocr_carea' id='block_1_92' title="bbox 2162 4308 3814 4392">
    <p class='ocr_par' dir='ltr' id='par_1_92' title="bbox 2162 4308 3814 4392">
     <span class='ocr_line' id='line_1_92' title="bbox 2162 4308 3814 4392; baseline 0.001 -27"><span class='ocrx_word' id='word_1_649' title='bbox 2162 4308 2357 4376; x_wconf 82' lang='grc' dir='ltr'>λευτὴν</span> <span class='ocrx_word' id='word_1_650' title='bbox 2414 4317 2588 4388; x_wconf 81' lang='grc' dir='ltr'>μικρῷ</span> <span class='ocrx_word' id='word_1_651' title='bbox 2646 4310 2860 4389; x_wconf 76' lang='grc' dir='ltr'>ὕστερον</span> <span class='ocrx_word' id='word_1_652' title='bbox 2936 4311 3081 4381; x_wconf 75' lang='grc' dir='ltr'>ἢξειν</span> <span class='ocrx_word' id='word_1_653' title='bbox 3165 4315 3505 4392; x_wconf 72' lang='grc' dir='ltr'>προαγορεύει</span> <span class='ocrx_word' id='word_1_654' title='bbox 3540 4356 3555 4373; x_wconf 92' lang='grc'><strong>.</strong></span> <span class='ocrx_word' id='word_1_655' title='bbox 3605 4311 3814 4383; x_wconf 79' lang='grc' dir='ltr'>Ἐνάτῳ</span> 
     </span>
    </p>
   </div>
   <div class='ocr_carea' id='block_1_93' title="bbox 2162 4396 3810 4482">
    <p class='ocr_par' dir='ltr' id='par_1_93' title="bbox 2162 4396 3810 4482">
     <span class='ocr_line' id='line_1_93' title="bbox 2162 4396 3810 4482; baseline 0.002 -27"><span class='ocrx_word' id='word_1_656' title='bbox 2162 4398 2335 4455; x_wconf 76' lang='grc' dir='ltr'>τοίνυν</span> <span class='ocrx_word' id='word_1_657' title='bbox 2394 4396 2499 4454; x_wconf 79' lang='grc' dir='ltr'>ἔτει</span> <span class='ocrx_word' id='word_1_658' title='bbox 2557 4399 2657 4468; x_wconf 78' lang='grc' dir='ltr'><strong>τῆς</strong></span> <span class='ocrx_word' id='word_1_659' title='bbox 2721 4404 2882 4460; x_wconf 76' lang='grc' dir='ltr'>αὗτοΰ</span> <span class='ocrx_word' id='word_1_660' title='bbox 2938 4403 3114 4482; x_wconf 75' lang='grc' dir='ltr'>ἀρχῆς</span> <span class='ocrx_word' id='word_1_661' title='bbox 3172 4404 3234 4459; x_wconf 81' lang='grc' dir='ltr'>τὸ</span> <span class='ocrx_word' id='word_1_662' title='bbox 3290 4404 3541 4460; x_wconf 74' lang='grc' dir='ltr'>Οὗννικὸν</span> <span class='ocrx_word' id='word_1_663' title='bbox 3615 4401 3810 4477; x_wconf 76' lang='grc' dir='ltr'>ἐξορμῇ</span> 
     </span>
    </p>
   </div>
   <div class='ocr_carea' id='block_1_94' title="bbox 2161 4487 3810 4570">
    <p class='ocr_par' dir='ltr' id='par_1_94' title="bbox 2161 4487 3810 4570">
     <span class='ocr_line' id='line_1_94' title="bbox 2161 4487 3810 4570; baseline 0.004 -29"><span class='ocrx_word' id='word_1_664' title='bbox 2161 4508 2258 4542; x_wconf 87' lang='grc' dir='ltr'><strong>σαν</strong></span> <span class='ocrx_word' id='word_1_665' title='bbox 2318 4487 2418 4554; x_wconf 82' lang='grc' dir='ltr'>τὴν</span> <span class='ocrx_word' id='word_1_666' title='bbox 2486 4496 2707 4566; x_wconf 83' lang='grc' dir='ltr'>Ορᾳκῶν</span> <span class='ocrx_word' id='word_1_667' title='bbox 2762 4488 3010 4563; x_wconf 79' lang='grc' dir='ltr'>ἐληῖζετο</span> <span class='ocrx_word' id='word_1_668' title='bbox 3041 4538 3055 4554; x_wconf 90' lang='grc'><strong>.</strong></span> <span class='ocrx_word' id='word_1_669' title='bbox 3109 4493 3419 4570; x_wconf 80' lang='grc' dir='ltr'>Στράτευμα</span> <span class='ocrx_word' id='word_1_670' title='bbox 3468 4499 3557 4548; x_wconf 83' lang='grc' dir='ltr'>οὺν</span> <span class='ocrx_word' id='word_1_671' title='bbox 3646 4490 3810 4569; x_wconf 75' lang='grc' dir='ltr'>λόγου</span> 
     </span>
    </p>
   </div>
   <div class='ocr_carea' id='block_1_95' title="bbox 423 4577 2079 4672">
    <p class='ocr_par' dir='ltr' id='par_1_95' title="bbox 423 4577 2075 4672">
     <span class='ocr_line' id='line_1_95' title="bbox 423 4577 2075 4672; baseline 0.001 -19"><span class='ocrx_word' id='word_1_672' title='bbox 423 4591 711 4671; x_wconf 80' lang='lat' dir='ltr'><strong>exercitu,</strong></span> <span class='ocrx_word' id='word_1_673' title='bbox 745 4577 1075 4671; x_wconf 69' lang='lat' dir='ltr'><strong>imperator</strong></span> <span class='ocrx_word' id='word_1_674' title='bbox 1104 4587 1345 4666; x_wconf 88' lang='lat' dir='ltr'><strong>quidem</strong></span> <span class='ocrx_word' id='word_1_675' title='bbox 1371 4606 1478 4649; x_wconf 90' lang='lat' dir='ltr'><strong>eos</strong></span> <span class='ocrx_word' id='word_1_676' title='bbox 1529 4594 1693 4668; x_wconf 86' lang='lat' dir='ltr'><strong>prius</strong></span> <span class='ocrx_word' id='word_1_677' title='bbox 1723 4591 1859 4651; x_wconf 83' lang='lat' dir='ltr'><strong>vicit</strong></span> <span class='ocrx_word' id='word_1_678' title='bbox 1889 4610 1905 4651; x_wconf 89' lang='lat'><strong>:</strong></span> <span class='ocrx_word' id='word_1_679' title='bbox 1942 4602 2075 4672; x_wconf 91' lang='lat' dir='ltr'><strong>post</strong></span> 
     </span>
    </p>
   </div>
   <div class='ocr_carea' id='block_1_96' title="bbox 2165 4577 3805 4672">
    <p class='ocr_par' dir='ltr' id='par_1_96' title="bbox 2165 4577 3805 4664">
     <span class='ocr_line' id='line_1_96' title="bbox 2165 4577 3805 4664; baseline 0.005 -31"><span class='ocrx_word' id='word_1_680' title='bbox 2165 4577 2301 4644; x_wconf 73' lang='grc' dir='ltr'>ἔξιον</span> <span class='ocrx_word' id='word_1_681' title='bbox 2356 4582 2384 4636; x_wconf 91' lang='lat'><strong>6</strong></span> <span class='ocrx_word' id='word_1_682' title='bbox 2432 4587 2640 4659; x_wconf 81' lang='grc' dir='ltr'>κρατῶν</span> <span class='ocrx_word' id='word_1_683' title='bbox 2699 4585 3033 4663; x_wconf 78' lang='grc' dir='ltr'>συνσγεὶρας,</span> <span class='ocrx_word' id='word_1_684' title='bbox 3115 4586 3367 4664; x_wconf 83' lang='grc' dir='ltr'>πρότερον</span> <span class='ocrx_word' id='word_1_685' title='bbox 3437 4583 3534 4658; x_wconf 76' lang='grc' dir='ltr'>μὲν</span> <span class='ocrx_word' id='word_1_686' title='bbox 3619 4583 3805 4641; x_wconf 71' lang='grc' dir='ltr'>αὖτοὺς</span> 
     </span>
    </p>
   </div>
   <div class='ocr_carea' id='block_1_97' title="bbox 421 4676 2069 4758">
    <p class='ocr_par' dir='ltr' id='par_1_97' title="bbox 421 4676 2069 4758">
     <span class='ocr_line' id='line_1_97' title="bbox 421 4676 2069 4758; baseline 0.001 -17"><span class='ocrx_word' id='word_1_687' title='bbox 421 4680 549 4743; x_wconf 77' lang='lat' dir='ltr'><strong>haec</strong></span> <span class='ocrx_word' id='word_1_688' title='bbox 578 4697 739 4751; x_wconf 87' lang='lat' dir='ltr'><strong>vero,</strong></span> <span class='ocrx_word' id='word_1_689' title='bbox 779 4679 997 4741; x_wconf 89' lang='lat' dir='ltr'><strong>coactis</strong></span> <span class='ocrx_word' id='word_1_690' title='bbox 1043 4678 1254 4758; x_wconf 89' lang='lat' dir='ltr'><strong>copiis,</strong></span> <span class='ocrx_word' id='word_1_691' title='bbox 1282 4676 1484 4739; x_wconf 85' lang='lat' dir='ltr'><strong>Hunni</strong></span> <span class='ocrx_word' id='word_1_692' title='bbox 1516 4696 1802 4740; x_wconf 81' lang='lat' dir='ltr'><strong>vexavere</strong></span> <span class='ocrx_word' id='word_1_693' title='bbox 1849 4677 2069 4742; x_wconf 76' lang='lat' dir='ltr'><strong>Roma-</strong></span> 
     </span>
    </p>
   </div>
   <div class='ocr_carea' id='block_1_98' title="bbox 420 4767 2069 4850">
    <p class='ocr_par' dir='ltr' id='par_1_98' title="bbox 420 4767 2069 4850">
     <span class='ocr_line' id='line_1_98' title="bbox 420 4767 2069 4850; baseline 0 -19"><span class='ocrx_word' id='word_1_694' title='bbox 420 4788 552 4831; x_wconf 89' lang='lat' dir='ltr'><strong>nos.</strong></span> <span class='ocrx_word' id='word_1_695' title='bbox 584 4771 711 4843; x_wconf 86' lang='lat' dir='ltr'><strong>Quo</strong></span> <span class='ocrx_word' id='word_1_696' title='bbox 737 4780 1007 4847; x_wconf 87' lang='lat' dir='ltr'><strong>tempore</strong></span> <span class='ocrx_word' id='word_1_697' title='bbox 1035 4769 1164 4850; x_wconf 86' lang='lat' dir='ltr'><strong>ipse</strong></span> <span class='ocrx_word' id='word_1_698' title='bbox 1196 4785 1434 4848; x_wconf 87' lang='lat' dir='ltr'><strong>quoque</strong></span> <span class='ocrx_word' id='word_1_699' title='bbox 1484 4767 1815 4850; x_wconf 77' lang='lat' dir='ltr'><strong>imperator</strong></span> <span class='ocrx_word' id='word_1_700' title='bbox 1836 4779 2069 4850; x_wconf 84' lang='lat' dir='ltr'><strong>saucia-</strong></span> 
     </span>
    </p>
   </div>
   <div class='ocr_carea' id='block_1_99' title="bbox 421 4847 2064 4928">
    <p class='ocr_par' dir='ltr' id='par_1_99' title="bbox 421 4847 2064 4928">
     <span class='ocr_line' id='line_1_99' title="bbox 421 4847 2064 4928; baseline 0.001 -17"><span class='ocrx_word' id='word_1_701' title='bbox 421 4858 537 4921; x_wconf 89' lang='lat' dir='ltr'><strong>tus,</strong></span> <span class='ocrx_word' id='word_1_702' title='bbox 603 4868 739 4911; x_wconf 80' lang='lat' dir='ltr'><strong>cum</strong></span> <span class='ocrx_word' id='word_1_703' title='bbox 791 4847 1278 4928; x_wconf 58' lang='lat' dir='ltr'><strong>imperio&#39;ipsam</strong></span> <span class='ocrx_word' id='word_1_704' title='bbox 1341 4865 1580 4927; x_wconf 89' lang='lat' dir='ltr'><strong>quoque</strong></span> <span class='ocrx_word' id='word_1_705' title='bbox 1638 4847 1769 4909; x_wconf 82' lang='lat' dir='ltr'><strong>finit</strong></span> <span class='ocrx_word' id='word_1_706' title='bbox 1841 4849 2064 4912; x_wconf 86' lang='lat' dir='ltr'><strong>vitam:</strong></span> 
     </span>
    </p>
   </div>
   <div class='ocr_carea' id='block_1_100' title="bbox 417 4935 2062 5020">
    <p class='ocr_par' dir='ltr' id='par_1_100' title="bbox 417 4935 2062 5020">
     <span class='ocr_line' id='line_1_100' title="bbox 417 4935 2062 5020; baseline -0.001 -18"><span class='ocrx_word' id='word_1_707' title='bbox 417 4948 792 5020; x_wconf 84' lang='lat' dir='ltr'><strong>sceptrorum</strong></span> <span class='ocrx_word' id='word_1_708' title='bbox 819 4947 1015 5002; x_wconf 88' lang='lat' dir='ltr'><strong>autem</strong></span> <span class='ocrx_word' id='word_1_709' title='bbox 1050 4948 1107 4998; x_wconf 90' lang='lat' dir='ltr'><strong>et</strong></span> <span class='ocrx_word' id='word_1_710' title='bbox 1129 4935 1373 5014; x_wconf 87' lang='lat' dir='ltr'><strong>imperii</strong></span> <span class='ocrx_word' id='word_1_711' title='bbox 1412 4935 1711 4997; x_wconf 61' lang='lat' dir='ltr'><strong>hisredem</strong></span> <span class='ocrx_word' id='word_1_712' title='bbox 1746 4937 1933 4999; x_wconf 83' lang='lat' dir='ltr'><strong>ﬁlium</strong></span> <span class='ocrx_word' id='word_1_713' title='bbox 1958 4956 2062 5002; x_wconf 90' lang='lat' dir='ltr'><strong>ro-</strong></span> 
     </span>
    </p>
   </div>
   <div class='ocr_carea' id='block_1_101' title="bbox 417 5023 2062 5111">
    <p class='ocr_par' dir='ltr' id='par_1_101' title="bbox 417 5023 2062 5111">
     <span class='ocr_line' id='line_1_101' title="bbox 417 5023 2062 5111; baseline -0.001 -21"><span class='ocrx_word' id='word_1_714' title='bbox 417 5029 635 5111; x_wconf 87' lang='lat' dir='ltr'><strong>linqnit</strong></span> <span class='ocrx_word' id='word_1_715' title='bbox 651 5028 1043 5092; x_wconf 90' lang='lat' dir='ltr'><strong>Stauracium.</strong></span> <span class='ocrx_word' id='word_1_716' title='bbox 1062 5028 1210 5088; x_wconf 90' lang='lat' dir='ltr'><strong>Cum</strong></span> <span class='ocrx_word' id='word_1_717' title='bbox 1243 5032 1560 5104; x_wconf 80' lang='lat' dir='ltr'><strong>essetergo</strong></span> <span class='ocrx_word' id='word_1_718' title='bbox 1581 5023 1925 5089; x_wconf 83' lang='lat' dir='ltr'><strong>Stauracius</strong></span> <span class='ocrx_word' id='word_1_719' title='bbox 1944 5027 2062 5089; x_wconf 90' lang='lat' dir='ltr'><strong>im-</strong></span> 
     </span>
    </p>
   </div>
   <div class='ocr_carea' id='block_1_102' title="bbox 415 5114 2063 5198">
    <p class='ocr_par' dir='ltr' id='par_1_102' title="bbox 415 5114 2063 5198">
     <span class='ocr_line' id='line_1_102' title="bbox 415 5114 2063 5198; baseline -0.001 -17"><span class='ocrx_word' id='word_1_720' title='bbox 415 5125 582 5198; x_wconf 84' lang='lat' dir='ltr'><strong>perio</strong></span> <span class='ocrx_word' id='word_1_721' title='bbox 614 5119 994 5191; x_wconf 86' lang='lat' dir='ltr'><strong>constitutus,</strong></span> <span class='ocrx_word' id='word_1_722' title='bbox 1020 5115 1085 5198; x_wconf 88' lang='lat' dir='ltr'><strong>ii,</strong></span> <span class='ocrx_word' id='word_1_723' title='bbox 1117 5114 1336 5197; x_wconf 80' lang='lat' dir='ltr'><strong>quibus</strong></span> <span class='ocrx_word' id='word_1_724' title='bbox 1365 5114 1441 5175; x_wconf 89' lang='lat' dir='ltr'><strong>de</strong></span> <span class='ocrx_word' id='word_1_725' title='bbox 1470 5121 1661 5175; x_wconf 86' lang='lat' dir='ltr'><strong>morte</strong></span> <span class='ocrx_word' id='word_1_726' title='bbox 1686 5115 2063 5193; x_wconf 86' lang='lat' dir='ltr'><strong>imperatoris</strong></span> 
     </span>
    </p>
   </div>
   <div class='ocr_carea' id='block_1_103' title="bbox 410 5202 2062 5290">
    <p class='ocr_par' dir='ltr' id='par_1_103' title="bbox 410 5202 2062 5290">
     <span class='ocr_line' id='line_1_103' title="bbox 410 5202 2062 5290; baseline -0.003 -17"><span class='ocrx_word' id='word_1_727' title='bbox 410 5209 740 5290; x_wconf 84' lang='lat' dir='ltr'><strong>Nicephori</strong></span> <span class='ocrx_word' id='word_1_728' title='bbox 797 5208 871 5270; x_wconf 82' lang='lat' dir='ltr'><strong>ab</strong></span> <span class='ocrx_word' id='word_1_729' title='bbox 928 5204 1267 5268; x_wconf 85' lang='lat' dir='ltr'><strong>admirabili</strong></span> <span class='ocrx_word' id='word_1_730' title='bbox 1312 5202 1625 5267; x_wconf 85' lang='lat' dir='ltr'><strong>Joannicio</strong></span> <span class='ocrx_word' id='word_1_731' title='bbox 1659 5204 1823 5284; x_wconf 83' lang='lat' dir='ltr'><strong>prius</strong></span> <span class='ocrx_word' id='word_1_732' title='bbox 1867 5205 2062 5268; x_wconf 84' lang='lat' dir='ltr'><strong>fuerat</strong></span> 
     </span>
    </p>
   </div>
   <div class='ocr_carea' id='block_1_104' title="bbox 412 5292 2060 5379">
    <p class='ocr_par' dir='ltr' id='par_1_104' title="bbox 412 5292 2060 5379">
     <span class='ocr_line' id='line_1_104' title="bbox 412 5292 2060 5379; baseline -0.002 -19"><span class='ocrx_word' id='word_1_733' title='bbox 412 5296 1012 5379; x_wconf 84' lang='lat' dir='ltr'><strong>signiﬁcatum,paulo</strong></span> <span class='ocrx_word' id='word_1_734' title='bbox 1037 5304 1346 5376; x_wconf 89' lang='lat' dir='ltr'><strong>postquam</strong></span> <span class='ocrx_word' id='word_1_735' title='bbox 1370 5293 1695 5373; x_wconf 87' lang='lat' dir='ltr'><strong>imperator</strong></span> <span class='ocrx_word' id='word_1_736' title='bbox 1716 5292 2060 5359; x_wconf 84' lang='lat' dir='ltr'><strong>decesserat</strong></span> 
     </span>
    </p>
   </div>
   <div class='ocr_carea' id='block_1_105' title="bbox 2155 4670 3805 4744">
    <p class='ocr_par' dir='ltr' id='par_1_105' title="bbox 2155 4670 3805 4744">
     <span class='ocr_line' id='line_1_105' title="bbox 2155 4670 3805 4744; baseline 0.001 -19"><span class='ocrx_word' id='word_1_737' title='bbox 2155 4670 2403 4740; x_wconf 67' lang='grc' dir='ltr'>ἥττησε·</span> <span class='ocrx_word' id='word_1_738' title='bbox 2468 4670 2604 4744; x_wconf 79' lang='grc' dir='ltr'>μετὰ</span> <span class='ocrx_word' id='word_1_739' title='bbox 2660 4670 2715 4727; x_wconf 78' lang='grc' dir='ltr'><strong>δὲ</strong></span> <span class='ocrx_word' id='word_1_740' title='bbox 2778 4679 2945 4729; x_wconf 80' lang='grc' dir='ltr'>ταῦτα</span> <span class='ocrx_word' id='word_1_741' title='bbox 2997 4673 3136 4730; x_wconf 85' lang='grc' dir='ltr'>κατᾶ</span> <span class='ocrx_word' id='word_1_742' title='bbox 3186 4674 3463 4738; x_wconf 63' lang='grc' dir='ltr'>συστάσεις</span> <span class='ocrx_word' id='word_1_743' title='bbox 3521 4675 3567 4730; x_wconf 81' lang='grc' dir='ltr'><strong>οἰ</strong></span> <span class='ocrx_word' id='word_1_744' title='bbox 3620 4682 3805 4730; x_wconf 68' lang='grc' dir='ltr'>Οϋνθοι.</span> 
     </span>
    </p>
   </div>
   <div class='ocr_carea' id='block_1_106' title="bbox 2154 4757 3803 4841">
    <p class='ocr_par' dir='ltr' id='par_1_106' title="bbox 2154 4757 3803 4841">
     <span class='ocr_line' id='line_1_106' title="bbox 2154 4757 3803 4841; baseline 0.004 -29"><span class='ocrx_word' id='word_1_745' title='bbox 2154 4757 2456 4835; x_wconf 84' lang='grc' dir='ltr'>γενόμενοι,</span> <span class='ocrx_word' id='word_1_746' title='bbox 2516 4760 2694 4824; x_wconf 80' lang='grc' dir='ltr'>κακῶς</span> <span class='ocrx_word' id='word_1_747' title='bbox 2755 4760 2967 4819; x_wconf 77' lang='grc' dir='ltr'>ἐποίουν</span> <span class='ocrx_word' id='word_1_748' title='bbox 3023 4761 3314 4837; x_wconf 77' lang='grc' dir='ltr'>Ῥωμαίους</span> <span class='ocrx_word' id='word_1_749' title='bbox 3350 4810 3367 4841; x_wconf 90' lang='grc'><strong>,</strong></span> <span class='ocrx_word' id='word_1_750' title='bbox 3425 4763 3543 4818; x_wconf 77' lang='grc' dir='ltr'>ἔνθα</span> <span class='ocrx_word' id='word_1_751' title='bbox 3599 4760 3663 4829; x_wconf 81' lang='grc' dir='ltr'><strong>δὴ</strong></span> <span class='ocrx_word' id='word_1_752' title='bbox 3717 4764 3803 4818; x_wconf 86' lang='grc' dir='ltr'><strong>καὶ</strong></span> 
     </span>
    </p>
   </div>
   <div class='ocr_carea' id='block_1_107' title="bbox 2153 4847 3799 4932">
    <p class='ocr_par' dir='ltr' id='par_1_107' title="bbox 2153 4847 3799 4932">
     <span class='ocr_line' id='line_1_107' title="bbox 2153 4847 3799 4932; baseline 0.015 -30"><span class='ocrx_word' id='word_1_753' title='bbox 2153 4847 2310 4911; x_wconf 70' lang='grc' dir='ltr'>αὑτὸς</span> <span class='ocrx_word' id='word_1_754' title='bbox 2354 4850 2381 4904; x_wconf 89' lang='lat'><strong>6</strong></span> <span class='ocrx_word' id='word_1_755' title='bbox 2433 4848 2682 4922; x_wconf 76' lang='grc' dir='ltr'>βασιλεὺς</span> <span class='ocrx_word' id='word_1_756' title='bbox 2726 4853 3051 4930; x_wconf 71' lang='grc' dir='ltr'>τραυματίας</span> <span class='ocrx_word' id='word_1_757' title='bbox 3083 4854 3372 4930; x_wconf 62' lang='grc' dir='ltr'>γενόμεκος</span> <span class='ocrx_word' id='word_1_758' title='bbox 3405 4853 3496 4908; x_wconf 73' lang='grc' dir='ltr'><strong>σδν</strong></span> <span class='ocrx_word' id='word_1_759' title='bbox 3539 4858 3608 4929; x_wconf 69' lang='grc' dir='ltr'>τῇ</span> <span class='ocrx_word' id='word_1_760' title='bbox 3653 4854 3799 4932; x_wconf 73' lang='grc' dir='ltr'>ἀρχῇ</span> 
     </span>
    </p>
   </div>
   <div class='ocr_carea' id='block_1_108' title="bbox 2149 4938 3798 5019">
    <p class='ocr_par' dir='ltr' id='par_1_108' title="bbox 2149 4938 3798 5019">
     <span class='ocr_line' id='line_1_108' title="bbox 2149 4938 3798 5019; baseline 0.002 -26"><span class='ocrx_word' id='word_1_761' title='bbox 2149 4938 2237 4993; x_wconf 81' lang='grc' dir='ltr'><strong>καὶ</strong></span> <span class='ocrx_word' id='word_1_762' title='bbox 2284 4939 2441 4996; x_wconf 74' lang='grc' dir='ltr'>αὗτὸν</span> <span class='ocrx_word' id='word_1_763' title='bbox 2484 4938 2736 4996; x_wconf 75' lang='grc' dir='ltr'>καταλύει</span> <span class='ocrx_word' id='word_1_764' title='bbox 2780 4942 2873 4997; x_wconf 79' lang='grc' dir='ltr'><strong>τὸν</strong></span> <span class='ocrx_word' id='word_1_765' title='bbox 2915 4942 3052 5017; x_wconf 75' lang='grc' dir='ltr'>βῖονο</span> <span class='ocrx_word' id='word_1_766' title='bbox 3119 4941 3456 5019; x_wconf 77' lang='grc' dir='ltr'>κληρονόμον</span> <span class='ocrx_word' id='word_1_767' title='bbox 3494 4940 3548 4998; x_wconf 84' lang='grc' dir='ltr'><strong>δὲ</strong></span> <span class='ocrx_word' id='word_1_768' title='bbox 3592 4948 3696 4996; x_wconf 79' lang='grc' dir='ltr'>τῶν</span> <span class='ocrx_word' id='word_1_769' title='bbox 3740 4962 3798 4997; x_wconf 84' lang='grc' dir='ltr'><strong>τε</strong></span> 
     </span>
    </p>
   </div>
   <div class='ocr_carea' id='block_1_109' title="bbox 2146 5026 3796 5104">
    <p class='ocr_par' dir='ltr' id='par_1_109' title="bbox 2146 5026 3796 5104">
     <span class='ocr_line' id='line_1_109' title="bbox 2146 5026 3796 5104; baseline 0.002 -24"><span class='ocrx_word' id='word_1_770' title='bbox 2146 5026 2431 5104; x_wconf 74' lang='grc' dir='ltr'>σκήπτρων</span> <span class='ocrx_word' id='word_1_771' title='bbox 2501 5029 2729 5096; x_wconf 76' lang='grc' dir='ltr'>καὶτῆς</span> <span class='ocrx_word' id='word_1_772' title='bbox 2798 5029 3033 5096; x_wconf 68' lang='grc' dir='ltr'>ἔξουσίας</span> <span class='ocrx_word' id='word_1_773' title='bbox 3102 5031 3193 5086; x_wconf 65' lang='grc' dir='ltr'>τὸν</span> <span class='ocrx_word' id='word_1_774' title='bbox 3282 5032 3393 5086; x_wconf 78' lang='grc' dir='ltr'>υἱὸν</span> <span class='ocrx_word' id='word_1_775' title='bbox 3472 5036 3796 5098; x_wconf 80' lang='grc' dir='ltr'>Σταυρακιον</span> 
     </span>
    </p>
   </div>
   <div class='ocr_carea' id='block_1_110' title="bbox 2144 5114 3793 5198">
    <p class='ocr_par' dir='ltr' id='par_1_110' title="bbox 2144 5114 3793 5198">
     <span class='ocr_line' id='line_1_110' title="bbox 2144 5114 3793 5198; baseline 0.007 -27"><span class='ocrx_word' id='word_1_776' title='bbox 2144 5114 2473 5177; x_wconf 76' lang='grc' dir='ltr'>καταλείπει.</span> <span class='ocrx_word' id='word_1_777' title='bbox 2549 5122 2652 5177; x_wconf 76' lang='grc' dir='ltr'>Τοῦ</span> <span class='ocrx_word' id='word_1_778' title='bbox 2721 5126 2845 5198; x_wconf 79' lang='grc' dir='ltr'>γοῦν</span> <span class='ocrx_word' id='word_1_779' title='bbox 2907 5121 3230 5198; x_wconf 77' lang='grc' dir='ltr'>Σταυρακὲου</span> <span class='ocrx_word' id='word_1_780' title='bbox 3294 5120 3379 5176; x_wconf 73' lang='grc' dir='ltr'>ἐπὶ</span> <span class='ocrx_word' id='word_1_781' title='bbox 3459 5124 3556 5186; x_wconf 76' lang='grc' dir='ltr'>τῆς</span> <span class='ocrx_word' id='word_1_782' title='bbox 3616 5119 3793 5198; x_wconf 70' lang='grc' dir='ltr'>ἀρχῆς</span> 
     </span>
    </p>
   </div>
   <div class='ocr_carea' id='block_1_111' title="bbox 2145 5208 3790 5287">
    <p class='ocr_par' dir='ltr' id='par_1_111' title="bbox 2145 5208 3790 5287">
     <span class='ocr_line' id='line_1_111' title="bbox 2145 5208 3790 5287; baseline 0.004 -27"><span class='ocrx_word' id='word_1_783' title='bbox 2145 5211 2531 5279; x_wconf 64' lang='grc' dir='ltr'>καταστάντος,</span> <span class='ocrx_word' id='word_1_784' title='bbox 2586 5208 2675 5271; x_wconf 76' lang='grc' dir='ltr'><strong>οἷς</strong></span> <span class='ocrx_word' id='word_1_785' title='bbox 2728 5209 2792 5265; x_wconf 76' lang='grc' dir='ltr'><strong>τὰ</strong></span> <span class='ocrx_word' id='word_1_786' title='bbox 2844 5211 2964 5287; x_wconf 74' lang='grc' dir='ltr'>περί</span> <span class='ocrx_word' id='word_1_787' title='bbox 3018 5211 3116 5276; x_wconf 75' lang='grc' dir='ltr'>τῆς</span> <span class='ocrx_word' id='word_1_788' title='bbox 3172 5209 3423 5285; x_wconf 77' lang='grc' dir='ltr'>τελευτῃς</span> <span class='ocrx_word' id='word_1_789' title='bbox 3482 5210 3575 5265; x_wconf 65' lang='grc' dir='ltr'>τοῦ</span> <span class='ocrx_word' id='word_1_790' title='bbox 3634 5212 3790 5268; x_wconf 77' lang='grc' dir='ltr'>αὖτο-</span> 
     </span>
    </p>
   </div>
   <div class='ocr_carea' id='block_1_112' title="bbox 2143 5299 3790 5379">
    <p class='ocr_par' dir='ltr' id='par_1_112' title="bbox 2143 5299 3790 5379">
     <span class='ocr_line' id='line_1_112' title="bbox 2143 5299 3790 5379; baseline 0.003 -26"><span class='ocrx_word' id='word_1_791' title='bbox 2143 5299 2394 5377; x_wconf 82' lang='grc' dir='ltr'>κράτορος</span> <span class='ocrx_word' id='word_1_792' title='bbox 2456 5302 2759 5379; x_wconf 67' lang='grc' dir='ltr'>Νικηφόρον.)</span> <span class='ocrx_word' id='word_1_793' title='bbox 2814 5302 2956 5379; x_wconf 70' lang='grc' dir='ltr'>παρὰ</span> <span class='ocrx_word' id='word_1_794' title='bbox 3023 5307 3116 5358; x_wconf 80' lang='grc' dir='ltr'><strong>τοῦ</strong></span> <span class='ocrx_word' id='word_1_795' title='bbox 3180 5305 3483 5374; x_wconf 69' lang='grc' dir='ltr'>θαυμαστοῦ</span> <span class='ocrx_word' id='word_1_796' title='bbox 3545 5299 3790 5358; x_wconf 83' lang='grc' dir='ltr'>Ἶώαννι-</span> 
     </span>
    </p>
   </div>
   <div class='ocr_carea' id='block_1_113' title="bbox 408 5380 2079 5468">
    <p class='ocr_par' dir='ltr' id='par_1_113' title="bbox 408 5380 2054 5466">
     <span class='ocr_line' id='line_1_113' title="bbox 408 5380 2054 5466; baseline -0.001 -17"><span class='ocrx_word' id='word_1_797' title='bbox 408 5388 704 5449; x_wconf 88' lang='lat' dir='ltr'><strong>recordati</strong></span> <span class='ocrx_word' id='word_1_798' title='bbox 737 5405 971 5462; x_wconf 84' lang='lat' dir='ltr'><strong>eorum,</strong></span> <span class='ocrx_word' id='word_1_799' title='bbox 1006 5402 1138 5466; x_wconf 76' lang='lat' dir='ltr'><strong>quae</strong></span> <span class='ocrx_word' id='word_1_800' title='bbox 1170 5382 1448 5463; x_wconf 59' lang='lat' dir='ltr'><strong>praedicta</strong></span> <span class='ocrx_word' id='word_1_801' title='bbox 1498 5380 1752 5457; x_wconf 84' lang='lat' dir='ltr'><strong>fuerant,</strong></span> <span class='ocrx_word' id='word_1_802' title='bbox 1785 5401 2054 5447; x_wconf 84' lang='lat' dir='ltr'><strong>accesse-</strong></span> 
     </span>
    </p>
   </div>
   <div class='ocr_carea' id='block_1_114' title="bbox 2165 5380 2864 5468">
    <p class='ocr_par' dir='ltr' id='par_1_114' title="bbox 2165 5388 2864 5468">
     <span class='ocr_line' id='line_1_114' title="bbox 2165 5388 2864 5468; baseline 0.003 -24"><span class='ocrx_word' id='word_1_803' title='bbox 2165 5389 2251 5445; x_wconf 73' lang='lat' dir='ltr'><strong>Liou</strong></span> <span class='ocrx_word' id='word_1_804' title='bbox 2307 5388 2670 5468; x_wconf 79' lang='grc' dir='ltr'>προήγγελτο,</span> <span class='ocrx_word' id='word_1_805' title='bbox 2722 5396 2864 5446; x_wconf 84' lang='grc' dir='ltr'>οὗτοι</span> 
     </span>
    </p>
   </div>
   <div class='ocr_carea' id='block_1_115' title="bbox 408 5472 2079 5555">
    <p class='ocr_par' dir='ltr' id='par_1_115' title="bbox 408 5472 2055 5551">
     <span class='ocr_line' id='line_1_115' title="bbox 408 5472 2055 5551; baseline 0.001 -14"><span class='ocrx_word' id='word_1_806' title='bbox 408 5483 551 5537; x_wconf 86' lang='lat' dir='ltr'><strong>runt</strong></span> <span class='ocrx_word' id='word_1_807' title='bbox 577 5494 784 5538; x_wconf 88' lang='lat' dir='ltr'><strong>rursus</strong></span> <span class='ocrx_word' id='word_1_808' title='bbox 814 5475 885 5536; x_wconf 91' lang='lat' dir='ltr'><strong>ad</strong></span> <span class='ocrx_word' id='word_1_809' title='bbox 920 5476 1080 5536; x_wconf 89' lang='lat' dir='ltr'><strong>hunc</strong></span> <span class='ocrx_word' id='word_1_810' title='bbox 1106 5490 1382 5551; x_wconf 80' lang='lat' dir='ltr'><strong>magnum</strong></span> <span class='ocrx_word' id='word_1_811' title='bbox 1414 5472 1746 5543; x_wconf 79' lang='lat' dir='ltr'><strong>Patrem,et</strong></span> <span class='ocrx_word' id='word_1_812' title='bbox 1769 5480 2055 5550; x_wconf 81' lang='lat' dir='ltr'><strong>rogarunt</strong></span> 
     </span>
    </p>
   </div>
   <div class='ocr_carea' id='block_1_116' title="bbox 2165 5472 2665 5555">
    <p class='ocr_par' dir='ltr' id='par_1_116' title="bbox 2165 5478 2665 5555">
     <span class='ocr_line' id='line_1_116' title="bbox 2165 5478 2665 5555; baseline 0.002 -23"><span class='ocrx_word' id='word_1_813' title='bbox 2165 5478 2504 5555; x_wconf 84' lang='grc' dir='ltr'>τελεύτησεν,</span> <span class='ocrx_word' id='word_1_814' title='bbox 2593 5480 2665 5544; x_wconf 89' lang='grc' dir='ltr'><strong>εἰς</strong></span> 
     </span>
    </p>
   </div>
   <div class='ocr_carea' id='block_1_117' title="bbox 2873 5391 3790 5471">
    <p class='ocr_par' dir='ltr' id='par_1_117' title="bbox 2873 5391 3790 5471">
     <span class='ocr_line' id='line_1_117' title="bbox 2873 5391 3790 5471; baseline 0.002 -25"><span class='ocrx_word' id='word_1_815' title='bbox 2873 5437 2890 5471; x_wconf 86' lang='grc'><strong>,</strong></span> <span class='ocrx_word' id='word_1_816' title='bbox 2922 5392 2993 5455; x_wconf 84' lang='grc' dir='ltr'>ὡς</span> <span class='ocrx_word' id='word_1_817' title='bbox 3071 5391 3207 5465; x_wconf 75' lang='grc' dir='ltr'>μετὰ</span> <span class='ocrx_word' id='word_1_818' title='bbox 3248 5391 3424 5471; x_wconf 84' lang='grc' dir='ltr'>βραχὺ</span> <span class='ocrx_word' id='word_1_819' title='bbox 3484 5393 3511 5447; x_wconf 85' lang='lat'><strong>6</strong></span> <span class='ocrx_word' id='word_1_820' title='bbox 3543 5392 3790 5468; x_wconf 75' lang='grc' dir='ltr'>βασιλεὺς</span> 
     </span>
    </p>
   </div>
   <div class='ocr_carea' id='block_1_118' title="bbox 2752 5480 3788 5560">
    <p class='ocr_par' dir='ltr' id='par_1_118' title="bbox 2752 5480 3788 5560">
     <span class='ocr_line' id='line_1_118' title="bbox 2752 5480 3788 5560; baseline 0 -25"><span class='ocrx_word' id='word_1_821' title='bbox 2752 5480 2972 5553; x_wconf 77' lang='grc' dir='ltr'>μνήμην</span> <span class='ocrx_word' id='word_1_822' title='bbox 3066 5482 3171 5537; x_wconf 77' lang='grc' dir='ltr'>τῶν</span> <span class='ocrx_word' id='word_1_823' title='bbox 3258 5481 3788 5560; x_wconf 79' lang='grc' dir='ltr'>προσαγορευθέντων</span> 
     </span>
    </p>
   </div>
   <div class='ocr_carea' id='block_1_119' title="bbox 408 5560 2079 5651">
    <p class='ocr_par' dir='ltr' id='par_1_119' title="bbox 408 5560 2049 5651">
     <span class='ocr_line' id='line_1_119' title="bbox 408 5560 2049 5651; baseline -0.002 -23"><span class='ocrx_word' id='word_1_824' title='bbox 408 5565 485 5628; x_wconf 90' lang='lat' dir='ltr'><strong>de</strong></span> <span class='ocrx_word' id='word_1_825' title='bbox 513 5566 635 5627; x_wconf 79' lang='lat' dir='ltr'><strong>filio</strong></span> <span class='ocrx_word' id='word_1_826' title='bbox 668 5567 797 5645; x_wconf 90' lang='lat' dir='ltr'><strong>ejus</strong></span> <span class='ocrx_word' id='word_1_827' title='bbox 840 5563 1167 5640; x_wconf 88' lang='lat' dir='ltr'><strong>Stauracio,</strong></span> <span class='ocrx_word' id='word_1_828' title='bbox 1201 5579 1276 5623; x_wconf 90' lang='lat' dir='ltr'><strong>an</strong></span> <span class='ocrx_word' id='word_1_829' title='bbox 1306 5566 1380 5622; x_wconf 86' lang='lat' dir='ltr'><strong>sit</strong></span> <span class='ocrx_word' id='word_1_830' title='bbox 1405 5560 1578 5638; x_wconf 83' lang='lat' dir='ltr'><strong>longo</strong></span> <span class='ocrx_word' id='word_1_831' title='bbox 1626 5566 1892 5651; x_wconf 79' lang='lat' dir='ltr'><strong>tempore</strong></span> <span class='ocrx_word' id='word_1_832' title='bbox 1922 5563 2049 5626; x_wconf 87' lang='lat' dir='ltr'><strong>vic-</strong></span> 
     </span>
    </p>
   </div>
   <div class='ocr_carea' id='block_1_120' title="bbox 2165 5560 3785 5651">
    <p class='ocr_par' dir='ltr' id='par_1_120' title="bbox 2165 5565 3785 5651">
     <span class='ocr_line' id='line_1_120' title="bbox 2165 5565 3785 5651; baseline 0.003 -29"><span class='ocrx_word' id='word_1_833' title='bbox 2165 5565 2392 5646; x_wconf 64' lang='grc' dir='ltr'>λθδντες,</span> <span class='ocrx_word' id='word_1_834' title='bbox 2453 5571 2531 5641; x_wconf 81' lang='grc' dir='ltr'>τῷ</span> <span class='ocrx_word' id='word_1_835' title='bbox 2586 5566 2808 5646; x_wconf 79' lang='grc' dir='ltr'>μεγάλῳ</span> <span class='ocrx_word' id='word_1_836' title='bbox 2860 5569 3034 5644; x_wconf 74' lang='grc' dir='ltr'>τούτῳ</span> <span class='ocrx_word' id='word_1_837' title='bbox 3081 5570 3174 5627; x_wconf 82' lang='grc' dir='ltr'><strong>καὶ</strong></span> <span class='ocrx_word' id='word_1_838' title='bbox 3222 5573 3365 5633; x_wconf 80' lang='grc' dir='ltr'>αὖθις</span> <span class='ocrx_word' id='word_1_839' title='bbox 3418 5572 3581 5649; x_wconf 87' lang='grc' dir='ltr'>Πατρὶ</span> <span class='ocrx_word' id='word_1_840' title='bbox 3612 5593 3785 5651; x_wconf 88' lang='grc' dir='ltr'>προσ-</span> 
     </span>
    </p>
   </div>
   <div class='ocr_carea' id='block_1_121' title="bbox 409 5647 2079 5740">
    <p class='ocr_par' dir='ltr' id='par_1_121' title="bbox 409 5647 2048 5737">
     <span class='ocr_line' id='line_1_121' title="bbox 409 5647 2048 5737; baseline -0.002 -18"><span class='ocrx_word' id='word_1_841' title='bbox 409 5668 576 5719; x_wconf 81' lang='lat' dir='ltr'><strong>turus</strong></span> <span class='ocrx_word' id='word_1_842' title='bbox 634 5656 698 5719; x_wconf 88' lang='lat' dir='ltr'><strong>in</strong></span> <span class='ocrx_word' id='word_1_843' title='bbox 749 5653 1024 5737; x_wconf 88' lang='lat' dir='ltr'><strong>imperio.</strong></span> <span class='ocrx_word' id='word_1_844' title='bbox 1084 5651 1192 5714; x_wconf 88' lang='lat' dir='ltr'><strong>Ille</strong></span> <span class='ocrx_word' id='word_1_845' title='bbox 1248 5660 1445 5713; x_wconf 86' lang='lat' dir='ltr'><strong>autem</strong></span> <span class='ocrx_word' id='word_1_846' title='bbox 1494 5647 1769 5731; x_wconf 69' lang='lat' dir='ltr'><strong>prtedixit</strong></span> <span class='ocrx_word' id='word_1_847' title='bbox 1837 5669 2048 5715; x_wconf 82' lang='lat' dir='ltr'><strong>rursus</strong></span> 
     </span>
    </p>
   </div>
   <div class='ocr_carea' id='block_1_122' title="bbox 2165 5647 3779 5740">
    <p class='ocr_par' dir='ltr' id='par_1_122' title="bbox 2165 5647 3779 5740">
     <span class='ocr_line' id='line_1_122' title="bbox 2165 5647 3779 5740; baseline 0.006 -29"><span class='ocrx_word' id='word_1_848' title='bbox 2165 5653 2286 5720; x_wconf 66' lang='lat' dir='ltr'><strong>Mov</strong></span> <span class='ocrx_word' id='word_1_849' title='bbox 2326 5702 2344 5734; x_wconf 83' lang='lat'><strong>,</strong></span> <span class='ocrx_word' id='word_1_850' title='bbox 2388 5656 2478 5714; x_wconf 83' lang='grc' dir='ltr'>καὶ</span> <span class='ocrx_word' id='word_1_851' title='bbox 2519 5657 2665 5737; x_wconf 77' lang='grc' dir='ltr'>περὶ’</span> <span class='ocrx_word' id='word_1_852' title='bbox 2701 5663 2794 5715; x_wconf 79' lang='grc' dir='ltr'><strong>τοῦ</strong></span> <span class='ocrx_word' id='word_1_853' title='bbox 2859 5655 3046 5723; x_wconf 81' lang='grc' dir='ltr'>παιδὸς</span> <span class='ocrx_word' id='word_1_854' title='bbox 3111 5663 3436 5740; x_wconf 70' lang='grc' dir='ltr'>Σταυρακίου</span> <span class='ocrx_word' id='word_1_855' title='bbox 3478 5647 3779 5721; x_wconf 76' lang='grc' dir='ltr'>ἀνεπυνθά-</span> 
     </span>
    </p>
   </div>
  </div>
