4158 6436
373 330 448 398 53

1517 339 1698 405 VlTA
1741 341 1802 406 S.
1847 338 2235 407 JOANNICII
2277 342 2621 407 ABBATIS.

3677 343 3752 412 54

375 493 547 546 νοντο,
580 471 625 527 εί
683 469 854 530 πολύν
911 471 1030 530 τὶνα
1088 471 1286 553 χρόνον
1329 476 1396 552 τῇ
1439 474 1586 556 ἀρχῇ
1631 474 1928 540 ἐπιϐιώσει,
1967 473 2008 533 ἐ

2111 493 2346 558 quoque
2379 475 2635 538 celerem
2669 476 3245 555 mutationem,et,ut
3266 478 3587 556 aiunt,rem
3621 499 3754 544 esse

373 558 428 617 δὲ
481 561 722 641 ταχεῖαν
779 561 992 619 ἔσεσθαι
1055 564 1142 619 καὶ
1199 563 1358 622 πάλιν
1403 565 1503 632 τὴν
1533 563 1836 639 μεταϐολὴν
1891 587 2008 643 προ⁴

2112 565 2176 628 in
2206 567 2334 630 acie
2364 567 2880 630 novaculaeBreve
2902 577 3140 649 tempus
3170 571 3531 646 intercessit,
3566 579 3626 634 et
3648 577 3756 633 im-

371 671 618 728 ηγορευε,
679 652 772 707 καὶ
831 651 862 707 8
909 673 1092 732 φασιν,
1139 651 1224 710 ἐπὶ
1274 650 1424 727 ξι)ροῦ
1481 654 1693 711 ἑστάναι
1756 656 1818 711 τὰ
1851 654 2008 734 πράγ-

2112 656 2278 736 perio
2311 656 2590 718 translato
2621 657 2694 719 ad
2725 657 3070 720 Michaelem
3102 669 3755 738 generum,evenerunt

367 761 534 823 ματα.
573 741 758 823 Bauli)
815 743 878 797 τὸ
908 741 1252 823 ps11§b1xéi
1281 743 1378 811 τῆς
1425 743 1600 823 ἀρχῆς
1661 745 1746 801 ἐπὶ
1799 742 2025 823 Μιχαὴλ

367 767 534 812 ματα.
573 767 758 820 υραχυ
815 767 878 797 το
908 767 1130 821 μεταςυ,
1167 767 1252 799 και
1281 767 1378 811 της
1425 767 1600 823 αρχης
1661 767 1746 801 επι
1799 767 1868 800 Mt
1919 767 2024 811 αηΛ

363 822 454 876 τὸν
511 817 754 898 γαμϐρὸν
809 827 904 878 τοῦ
959 821 1222 898 βασιλέως
1277 824 1684 897 μεταπεσούσης
1710 869 1727 897 ,
1795 767 2024 890 ἐξέέαινε

362 909 430 964 τὰ
485 908 904 989 προηγγελμένα
939 958 953 972 ,
1014 911 1075 968 Ὀ
1135 906 1217 966 δὲ’
1249 911 1473 994 Μιχαὴλ
1544 915 1694 978 οὗτος
1765 915 1868 991 πρὸ
1917 919 2022 971 τῶν

360 999 656 1075 σκήπτρων
710 1001 774 1056 τὸ
831 1008 922 1059 τοῦ
991 999 1389 1077 κουροπαλάτου
1446 1001 1514 1070 ἢν
1566 999 1772 1076 ἀξίωμα
1849 1001 2016 1083 ἔχων.

363 1091 438 1146 0ιῖ)
501 1087 693 1162 πο)λῷ
745 1090 918 1144 τοίνυν
993 1088 1210 1168 ὕστερον
1268 1093 1354 1147 καὶ
1421 1097 1604 1149 Οὗννοι
1663 1091 1732 1148 τὰ
1803 1097 2020 1170 Θρᾷκῶν

363 1180 509 1242 αὖθις
575 1175 728 1235 πεδία
805 1177 1131 1259 κατέτρεχον
1177 1195 1193 1211 ⁸
1249 1201 1456 1260 φροντις
1535 1177 1590 1236 δὲ
1634 1181 1724 1236 τὸν
1795 1179 2020 1258 βασιλέα

368 1283 496 1349 etv;
552 1268 752 1346 πολλὴ,
811 1268 958 1334 ὅπως
1015 1291 1072 1326 τε
1131 1271 1336 1334 τούτοις
1384 1271 1542 1350 βαρεῖ
1596 1271 1806 1330 ἐπέλθοι
1851 1294 2018 1348 στρα-

369 1367 470 1434 τῷ,
506 1361 596 1416 καὶ
634 1362 779 1422 ὅπως
813 1359 1004 1424 αὖτοὺς
1052 1366 1232 1424 κακῶς
1280 1359 1502 1429 διαθείη.
1553 1360 1643 1420 Ἐν
1688 1363 1923 1435 τοσουτῳ
1964 1360 2018 1417 δὲ

369 1451 458 1505 καὶ
492 1449 696 1508 Λέοντα
746 1451 837 1505 τὸν
879 1447 1156 1525 Ἀρμένιον
1188 1449 1394 1514 ἐκεῖνος
1425 1451 1525 1526 μὲν
1555 1463 1671 1512 τοῖς
1703 1456 1799 1518 τῆς
1844 1450 2017 1526 Ἐᾤας

370 1539 644 1616 τάγμασιν
697 1539 939 1618 ἀρχηγόν
987 1538 1174 1617 ἐφιστᾷ
1209 1554 1223 1569 ⁸
1272 1541 1300 1595 ὁ
1328 1538 1406 1620 δὲ,
1438 1540 1562 1617 περί
1604 1540 1704 1608 τὴν
1746 1541 2017 1617 βασιλεὶαν

372 1627 436 1683 ἐκ
462 1627 669 1685 πολλοῦ
700 1627 964 1704 ἐρωτικῶς
1001 1627 1171 1708 ἔχων,
1223 1629 1386 1704 μόνον
1415 1637 1569 1686 τοῦτο
1611 1627 1829 1708 ἔστρεφε
1881 1630 2018 1687 κατὰ

371 1718 519 1791 νοῦν,
549 1717 693 1780 ὅπως
750 1717 1016 1796 ἐγκρατὴς
1059 1740 1280 1796 γενηται
1336 1719 1554 1799 ταύτης,
1599 1720 1688 1776 καὶ
1729 1725 1832 1776 πᾶν
1878 1717 1906 1776 ὅ
1940 1721 2017 1796 μὴ

368 1809 508 1884 πρὸς
532 1806 688 1864 τοῦτο
727 1805 903 1886 ἔφερε,
935 1807 1197 1886 πάρεργον
1241 1806 1529 1886 ἒλογίζετο.

453 1896 544 1954 ῙΘ’
583 1943 596 1956 .
659 1896 899 1972 Πολέμου
954 1897 1124 1957 τοίνυν
1211 1899 1347 1971 μετὰ
1400 1906 1506 1955 τῶν
1569 1899 1773 1959 Ούννων
1833 1899 2018 1964 αὒτοϊς

363 1985 721 2065 συρῤαγέντος
751 2033 768 2059 ,
826 1983 942 2042 οὑδὲ
995 1987 1090 2052 τῆν
1162 1986 1381 2064 πρώτην
1433 1989 1461 2044 ὁ
1518 1987 1796 2067 Ἀρμένιος
1844 2009 2018 2066 προσ-

357 2074 535 2142 ϐολὴν
595 2074 846 2152 ἐνεγκὼν,
881 2074 1063 2132 ἑκοντὲ
1113 2079 1254 2133 νῶτα
1283 2073 1422 2144 δοὺς,
1463 2079 1691 2158 αἰσχύνῃ
1737 2075 2019 2157 περιέϐαλε

357 2167 426 2223 τὰ
489 2157 788 2243 Ῥωμαίων,
835 2167 909 2229 ὡς
965 2163 1028 2220 ἄν
1076 2167 1138 2222 τὸ
1212 2165 1434 2246 Μιχαὴλ
1489 2157 1602 2240 ἅμα
1655 2167 1753 2243 μὲν
1828 2167 2017 2244 μῶμον

359 2254 666 2333 προστρίψῃ
704 2301 718 2326 ,
779 2253 890 2326 ἅμα
947 2251 1004 2310 δὲ
1065 2256 1152 2311 καὶ
1208 2254 1399 2330 ἀθυμίᾳ
1465 2258 1652 2313 τοῦτον
1734 2255 2011 2336 περιϐάλοι

361 2342 537 2420 δεινῇ,
601 2341 778 2409 Οὕτως
835 2344 925 2400 οὖν
982 2344 1070 2400 καὶ
1117 2341 1534 2420 βουλευσάμενος
1593 2347 1621 2402 ὁ
1679 2345 1826 2402 Λέων
1854 2393 1871 2421 ,
1925 2347 2010 2403 καὶ

363 2432 586 2510 δράσας,
620 2453 698 2506 τῳ
747 2452 804 2489 τε
853 2434 946 2489 τοῦ
1000 2430 1158 2500 ἤθους
1212 2432 1424 2509 ὑπούλῳ
1481 2435 1568 2492 καὶ
1631 2433 1871 2516 δολερῶ,
1915 2436 2010 2501 τὰς

362 2529 471 2580 τῶν
533 2527 872 2600 στρατιωτῶν
945 2521 1163 2599 γνώμας
1239 2524 1650 2590 οἶκειωσαμενος
1685 2571 1701 2597 ,
1763 2527 1907 2598 αὐτῷ
1953 2545 2011 2581 τε

363 2611 752 2692 προσανέχειν,
828 2613 914 2668 καὶ
980 2611 1129 2687 μόνῳ
1195 2611 1435 2670 σαλεύειν
1493 2614 1588 2677 τὰς
1644 2613 1858 2675 ἐλπίδας
1914 2613 2012 2682 τῆς

364 2701 638 2780 σωτηρίας
698 2700 1039 2779 παρέπεισεν,
1100 2701 1197 2759 οἶα
1240 2703 1356 2780 περὶ
1412 2709 1576 2760 ταῦτα
1650 2700 2010 2779 διακειμένους

362 2791 756 2869 ἆσκεπτότερόν
820 2813 934 2855 πως
1005 2791 1095 2848 καὶ
1151 2788 1520 2870 ἀϐουλότερον,
1592 2793 1681 2849 καί
1760 2798 1867 2849 τῶν
1956 2792 2010 2850 ἐν

363 2882 564 2962 χερσῖν
625 2881 838 2959 ἇγαθῶν
892 2880 1134 2950 ἀνοήτως
1191 2882 1256 2937 τὰ
1337 2881 1752 2959 προσδοκώμενα
1822 2904 2014 2960 προτι-

362 2979 606 3047 μῶντας.
663 2970 877 3034 Εὕνοίας
937 2973 1082 3029 οὖνὸ
1141 2969 1288 3027 Λέων
1341 2976 1442 3038 τῆς
1502 2973 1618 3051 περὶ
1649 2973 1741 3028 τὸν
1791 2969 2012 3049 βασιλέα

359 3060 713 3141 προσωπεῖον
769 3057 1030 3132 ὑπελθὼν,
1081 3060 1200 3138 περὶ
1248 3061 1445 3123 παντός
1503 3081 1560 3117 τε
1600 3067 1872 3118 ποιεῖσθαι
1923 3061 2012 3118 καὶ

356 3150 665 3228 θεραπεύειν
733 3148 1039 3226 ὑπεκρίνετο
1111 3149 1319 3212 τοῦτον,
1376 3149 1528 3207 Μετὰ
1585 3156 1673 3207 οὑν
1735 3149 1834 3215 τὴν
1918 3145 2007 3204 ὑπ’

355 3242 520 3297 αὖτοῦ
553 3237 924 3315 γεγενημένην
978 3239 1142 3305 ἧτταν
1186 3239 1284 3304 τὴν
1342 3237 1662 3312 ἐθελούσιον,
1713 3237 1805 3295 τού
1847 3239 2005 3314 βασι-

353 3328 492 3391 λέως
569 3325 795 3406 Μιχαὴλ
876 3327 1009 3405 πρὸς
1078 3328 1140 3384 τὸ
1215 3327 1490 3398 Βυζάντιον
1553 3329 2004 3407 ὑποστρέψαντος,

351 3420 496 3475 κατὰ
566 3421 751 3495 καιρὸν
814 3413 1021 3479 ἐκεῖνος
1075 3415 1174 3484 τὴν
1223 3414 1391 3472 ὠδῖνα
1438 3415 1537 3484 τῆς
1567 3415 1780 3494 καρδίας
1835 3413 2004 3495 ἐκφή-

353 3530 475 3585 νας,
526 3509 617 3563 κᾶἱ
657 3509 749 3562 τὸν
799 3504 946 3568 ἐντὸς
980 3503 1320 3580 ἀνακαλύψας
1379 3505 1600 3585 Λέοντα,
1631 3505 1753 3568 τοὺς
1777 3504 1844 3561 τὰ
1872 3503 2003 3562 Ῥω·

353 3598 532 3671 μαίων
588 3593 942 3668 ληϊζομένους
997 3593 1329 3667 καταλιπὼν,
1377 3595 1546 3668 εὒθίις,
1590 3597 1661 3660 ὡς
1722 3598 1848 3674 εἶχε
1903 3594 2004 3650 τά-

352 3706 516 3764 χους,
550 3683 820 3755 ὁπλίζεται
879 3681 1018 3738 κατά
1047 3682 1154 3738 τῶι
1207 3682 1437 3763 οἰκείων,
1471 3684 1559 3739 καὶ
1609 3682 1859 3760 βασιλεὺς
1903 3683 2006 3739 ὑπὸ

353 3781 462 3832 τῶν
553 3775 831 3847 παρόντων
891 3771 1264 3849 ἀναγορεύεται
1289 3819 1306 3852 ,
1365 3776 1464 3829 καὶ
1519 3772 1618 3840 τὴν
1675 3772 2006 3850 περιώνυμον

352 3870 461 3920 τῶν
519 3861 732 3920 πόλεων
783 3859 1202 3936 καταλαμϐάνει,
1243 3851 1300 3919 Ὀ
1359 3859 1585 3942 Μιχαὴλ
1645 3860 1700 3917 δὲ
1727 3864 1815 3918 καί
1862 3862 2006 3918 ἄκων

352 3954 502 4025 αὗτῳ
548 3957 871 4030 παραχῶρεῐ
928 3954 1028 4018 τῆς
1057 3949 1354 4030 βασιλείας,
1409 3949 1596 4030 ὅρκοις
1641 3948 1871 4014 πολλοῖς
1918 3951 2006 4006 καί

353 4041 670 4121 ἄσφαλέσιν,
725 4042 797 4106 ὡς
837 4038 997 4119 ὤετο,
1065 4039 1302 4096 πίστεσιν
1359 4037 1568 4096 ὲαστὸν¹
1621 4043 1738 4096 οἷον
1807 4041 2002 4114 εἰπεῖν,

351 4129 668 4206 ἑμπεδώσας
713 4131 794 4186 καὶ
822 4127 1051 4208 βεϐαίως
1100 4127 1552 4210 ἀσφαλισάμενος,
1608 4127 1694 4209 ἔφ’
1764 4135 1810 4204 ᾦ
1867 4152 2001 4208 συγο

348 4220 598 4302 χωρῆσαι
629 4223 814 4277 τοῦτον
843 4217 955 4294 ἅμα
984 4220 1191 4298 γυναικὶ
1215 4220 1302 4277 καὶ
1329 4231 1456 4284 τοῖς
1485 4218 1689 4284 τέκνοις
1719 4219 2001 4284 ἰδιωτικῶς

346 4311 469 4382 (ἦν.

431 4399 517 4459 κ’.
553 4397 616 4457 Ὀ
646 4396 700 4454 δὲ
745 4398 878 4474 ὁμοῦ
908 4405 985 4473 τῷ
1015 4402 1111 4466 τῆς
1155 4397 1334 4478 ἀρχῆς
1383 4395 1657 4472 ἐπιϐῆναι,
1694 4397 1840 4461 εὐθὺς
1888 4396 2002 4454 ὥσ-

349 4512 448 4565 περ
482 4491 554 4551 εἷς
599 4487 770 4558 λήθην
827 4488 1040 4545 πάντων
1098 4487 1286 4560 ἐλθὼν,
1321 4487 1418 4545 καί
1454 4486 1684 4563 μηδενὸς
1722 4490 2002 4567 φροντίσας

347 4585 422 4635 ὧν
468 4577 570 4634 {md
630 4577 848 4656 μάρτυρι
902 4583 981 4651 τῷ
1040 4583 1155 4651 Θεῷ
1221 4575 1569 4657 ἐπωμόσατο,
1629 4581 1814 4655 πρῶτα
1902 4577 1998 4652 μὲν

345 4667 632 4746 ὑπερορίαν
692 4676 786 4722 του
839 4686 897 4721 τε
969 4663 1194 4722 Μιγαίλ
1250 4667 1344 4722 καί
1405 4671 1503 4732 τῆς
1564 4665 1782 4744 συζύγου
1853 4663 1998 4724 τοῦδε

344 4757 677 4832 κατακρίνειο
737 4756 872 4830 μετὰ
925 4755 1104 4834 βραχύ
1145 4752 1198 4810 δὲ
1229 4756 1290 4811 τὸ
1345 4760 1453 4810 τῶν
1511 4761 1775 4835 μοναχᾶιν
1805 4762 2000 4834 σχημα

343 4848 435 4903 καὶ
494 4844 724 4905 ἄκοντας
780 4843 966 4903 αὖτοὺς
1026 4842 1314 4916 μετενδύει,
1380 4845 1454 4902 Οὔ
1509 4843 1674 4923 μέχρι
1754 4841 1808 4899 δὲ
1874 4850 1998 4900 τού-

345 4957 455 4991 των
499 4935 676 5013 ἕστῆ,
730 4931 866 4988 ἀλλὰ
921 4933 1011 4989 καὶ
1069 4931 1273 5012 ὀλίγαις
1331 4931 1547 5010 ὕστερον
1603 4933 1830 5013 ἡμέραις
1893 4933 1995 4990 ἆλ-

345 5023 532 5094 λήλων
579 5021 821 5101 διέζεδξε,
857 5023 944 5079 καὶ
997 5021 1171 5096 μένειν
1230 5025 1366 5098 ὁμοῦ
1409 5025 1544 5080 κατὰ
1575 5025 1759 5104 χώραν
1809 5025 1998 5088 αὖτοὺς

347 5117 444 5172 ὡκ
488 5114 698 5192 εἴασεν,
750 5111 890 5168 ἀλλὰ
943 5112 1035 5168 τὸν
1068 5111 1166 5186 μὲν
1208 5111 1496 5194 ἀλλαχόθι,
1530 5118 1632 5181 τὴν
1678 5111 1735 5170 ἑὲ
1784 5113 1997 5192 ἐτέρωθι

345 5204 518 5284 φέρων
605 5199 865 5276 ἀπῷκισε.
958 5202 1054 5259 Καὶ
1137 5201 1232 5280 ὁρα
1311 5201 1476 5282 μέχρι
1552 5203 1718 5260 πόσου
1789 5203 1994 5279 πρόεισι

347 5297 620 5377 μοχθειρὶα
675 5293 949 5368 δυνέμεως
1002 5291 1393 5370 ὶπιλαὸομένη.
1459 5295 1616 5361 Εὖθύς
1675 5295 1776 5374 γάρ
1818 5297 1847 5352 ὁ
1910 5295 1999 5352 καὶ

346 5388 443 5454 τήν
493 5385 688 5454 κλῆσιν
731 5385 823 5441 καὶ
911 5383 1005 5438 τὸν
1069 5382 1265 5462 τρόπον
1321 5384 1446 5462 θὴρ,
1517 5386 1605 5441 καὶ
1663 5384 1782 5441 κατ’
1813 5389 1996 5460 αὐτοῦ,

346 5476 401 5533 οἴ
453 5498 541 5552 μοι
591 5483 605 5539 l
661 5478 924 5555 Χριστοῦ,
978 5473 1190 5539 καὶτῆς
1237 5473 1395 5531 αὖτοῦ
1437 5473 1592 5552 ἁγίας
1624 5475 1823 5538 εἰκόνος
1865 5473 1998 5531 λυτ-

342 5567 520 5645 τήσας,
565 5566 810 5630 πολλαῖς
865 5563 1068 5625 αἷκὶαις
1153 5560 1460 5641 περιϐάλλει
1541 5564 1664 5627 τοὺς
1747 5568 1847 5632 τῆς
1904 5567 1998 5624 εὒο

334 5657 529 5730 nam
573 5652 998 5743 προσκυνητὰς,
1053 5656 1156 5710 τῶν
1215 5652 1519 5733 προσόντων
1553 5674 1610 5711 τε
1680 5652 1992 5735 ἀλλοτριῶν,

2109 763 2206 823 ea,
2237 765 2367 828 quae
2390 749 2673 829 praedicta
2709 749 2966 811 fuerant.
2995 748 3309 811 llicautem
3331 747 3582 812 Michael
3615 759 3752 812 ante

2107 854 2282 917 quam
2303 839 2646 917 perveniret
2668 838 2740 901 ad
2772 838 3113 918 imperium,
3135 836 3475 918 dignitatem
3495 838 3753 903 habebat

2103 929 2504 1006 procuratoris
2535 928 2759 1010 palatii.
2790 925 2916 988 Non
2947 925 3134 988 multo
3165 926 3370 1004 itaque
3417 937 3553 1008 post
3589 937 3747 990 tem-

2104 1032 2248 1096 pore
2277 1013 2480 1078 Hunni
2522 1035 2731 1080 rursus
2765 1017 2826 1077 in
2855 1015 3171 1077 Thraciam
3217 1016 3513 1078 faciebant
3541 1016 3748 1080 incur-

2101 1104 2325 1168 siones.
2359 1106 2561 1188 Itaque
2591 1108 2914 1186 imperator
2938 1113 3064 1166 erat
3089 1104 3256 1166 valde
3281 1104 3753 1189 sollicitus,quo-

2105 1200 2274 1277 nam;
2309 1196 2486 1258 modo
2541 1205 2600 1258 et
2657 1214 2761 1257 eos
2815 1195 2974 1274 gravi
3004 1193 3310 1256 invaderet
3366 1196 3656 1270 exercitu,
3693 1205 3752 1260 et

2103 1285 2607 1365 quemadmodum
2643 1302 2744 1347 eos
2790 1283 2943 1346 male
2973 1282 3248 1346 haberet.
3276 1282 3520 1346 Interim
3552 1293 3748 1347 autem

2102 1375 2205 1436 ille
2235 1376 2476 1457 quidem
2511 1377 2774 1438 Leonem
2805 1372 3153 1437 Armenium
3189 1373 3456 1453 praefecit
3483 1373 3743 1436 Orienti:

2106 1467 2221 1527 Leo
2279 1484 2438 1540 vero,
2474 1464 2574 1546 qui
2599 1465 2722 1545 jam
2756 1462 2859 1524 diu
2893 1461 3149 1524 maximo
3181 1480 3385 1524 amore
3437 1463 3753 1525 tenebatur

2100 1553 2364 1634 imperii,
2397 1554 2512 1616 hoc
2562 1553 2754 1614 solum
2785 1551 2984 1613 anima
3015 1549 3311 1631 versabat,
3341 1551 3644 1633 quomode
3673 1571 3744 1614 eo

2102 1643 2440 1725 potiretur:
2495 1651 2554 1704 et
2607 1640 2896 1722 quidquid
2950 1659 3071 1702 non
3125 1639 3199 1701 ad
3251 1639 3315 1702 id
3349 1639 3655 1718 tendebat,
3687 1642 3747 1705 id

2104 1752 2346 1815 parvum
2381 1731 2757 1795 existimabat
2788 1741 2849 1794 et
2883 1749 3001 1792 non
3037 1729 3238 1807 magni
3270 1730 3581 1792 momenti.

2182 1911 2341 1976 XIX.
2377 1912 2524 1974 Cum
2583 1928 2726 1990 ergo
2761 1926 2972 1972 rursus
3031 1907 3253 1970 bellum
3287 1916 3559 1970 exortum
3592 1917 3750 1972 esset

2102 2000 2384 2064 adversus
2413 1999 2685 2074 Hunnus,
2720 2007 2778 2060 et
2807 2016 2918 2061 nec
2949 1995 3143 2079 primo
3197 1996 3439 2078 quidem
3492 2016 3626 2060 cum
3660 1997 3748 2060 eis

2102 2089 2466 2153 conﬂixisset
2522 2087 2863 2162 Armenius,
2900 2105 3007 2148 sua
3062 2094 3272 2165 sponte
3327 2087 3509 2166 tergis
3566 2087 3744 2168 datis,

2102 2180 2405 2243 Romanos
2455 2177 2653 2240 affecit
2707 2176 3027 2250 dedecore,
3068 2183 3131 2236 ut
3177 2174 3355 2236 simul
3404 2175 3649 2257 quidem
3683 2186 3748 2238 et

2092 2269 2346 2332 Michael
2379 2266 2668 2330 maculam
2699 2266 2992 2342 inureret,
3030 2271 3087 2326 et
3109 2282 3246 2326 eum
3279 2264 3440 2343 gravi
3477 2263 3747 2326 afficeret

2092 2357 2276 2421 animi
2323 2355 2697 2437 aegritudine.
2740 2354 2883 2418 Cum
2919 2373 3061 2432 ergo
3108 2353 3224 2415 Leo
3265 2353 3380 2415 hoc
3427 2353 3742 2416 consilium

2093 2449 2380 2530 cepisset,
2416 2455 2475 2509 et
2503 2445 2563 2508 id
2597 2445 2855 2518 fecisset,
2892 2441 3220 2523 fraudeque
3249 2450 3308 2505 et
3361 2442 3744 2505 simulatione

2097 2538 2478 2601 conciliasset
2506 2537 2738 2598 animos
2769 2533 3048 2613 militum,
3075 2533 3369 2613 persuasit
3397 2539 3462 2594 ut
3491 2549 3626 2593 eum
3651 2550 3746 2595 so-

2097 2628 2218 2690 lum
2250 2633 2682 2709 spectarent,et
2705 2625 2762 2685 in
2796 2626 2878 2686 eo
2897 2623 3024 2684 solo
3053 2640 3221 2703 spem
3244 2620 3452 2683 salutis
3474 2621 3741 2684 colloca-

2094 2727 2254 2793 rent,
2313 2724 2377 2778 ut
2432 2715 2533 2796 qui
2564 2713 3003 2794 imprudentius
3032 2717 3093 2774 et
3127 2711 3631 2774 inconsideratius
3679 2717 3741 2774 in

2095 2807 2188 2869 his
2218 2806 2399 2868 rebus
2430 2824 2496 2867 se
2527 2811 2832 2883 gererent,
2865 2809 2928 2863 et
2956 2800 3153 2882 bonis,
3187 2819 3320 2882 quae
3350 2799 3648 2863 habebant
3678 2801 3742 2864 in

2096 2895 2393 2970 manibus,
2420 2894 2600 2956 stulte
2633 2892 2982 2974 prmferrent
3014 2908 3105 2966 ea,
3139 2908 3272 2972 quae
3302 2890 3736 2969 exspectaban-

2095 2986 2339 3048 tnr.Leo
2367 3001 2508 3061 ergo
2543 3001 2676 3044 cum
2703 2981 2998 3042 induisset
3029 2997 3346 3060 personam
3378 2977 3740 3042 benevolen-

2095 3075 2192 3137 tiae
2239 3073 2302 3134 in
2335 3073 2784 3153 imperatorem,
2819 3068 3135 3132 simulabat
3191 3086 3257 3129 se
3307 3086 3444 3130 eum
3492 3068 3738 3130 maximi

2093 3164 2284 3226 facere
2314 3171 2372 3224 et
2395 3161 2616 3224 colere.
2651 3159 2786 3222 Post
2810 3158 2970 3220 illam
3001 3164 3200 3220 autem
3233 3155 3465 3218 cladem
3496 3156 3570 3219 ab
3601 3155 3736 3237 ipso

2091 3252 2166 3314 de
2195 3250 2486 3314 industria
2517 3259 2576 3312 et
2603 3245 2939 3311 voluntarie
2960 3255 3332 3328 conceptam,
3360 3264 3498 3307 cum
3529 3263 3732 3307 rever-

2087 3358 2189 3403 sus
2218 3350 2378 3403 esset
2407 3340 2659 3402 Michael
2691 3337 3058 3419 Bysantium,
3088 3336 3191 3398 illo
3223 3344 3495 3417 tempore
3527 3334 3732 3415 profe-

2086 3449 2250 3506 rens,
2285 3429 2554 3508 quandiu
2589 3428 2975 3506 parturicrat,
3011 3433 3068 3488 et
3096 3425 3200 3504 qui
3232 3426 3394 3486 intus
3423 3423 3731 3498 erat,Leo-

2089 3539 2228 3582 nem
2257 3520 2556 3601 aperiens,
2590 3519 2667 3580 iis
2698 3517 2946 3591 relictis,
2979 3516 3080 3597 qui
3114 3515 3519 3578 Romanorum
3563 3531 3734 3593 agros

2089 3609 2553 3690 pupulabantnr,
2586 3626 2760 3689 quam
2796 3605 3051 3667 maxima
3077 3604 3265 3686 potuit
3295 3603 3601 3665 celeritate
3627 3621 3732 3665 ar-

2089 3708 2288 3761 matur
2317 3697 2603 3760 adversus
2652 3714 2792 3758 suos
2842 3703 2902 3758 et
2956 3693 3028 3757 ab
3059 3695 3156 3770 iis,
3193 3693 3292 3775 qui
3322 3692 3594 3767 aderant,
3627 3710 3732 3755 re-

2090 3788 2398 3850 nuntiatur
2453 3789 2800 3867 imperator,
2835 3793 2896 3846 et
2936 3784 3008 3846 ad
3045 3784 3310 3845 omnium
3339 3780 3728 3843 clarissimam

2091 3877 2358 3960 pervenit
2376 3874 2961 3939 civitatemMiehael
2983 3892 3121 3935 vero
3145 3871 3236 3933 vel
3261 3871 3542 3960 invitusel
3575 3869 3734 3960 cedit

2087 3958 2510 4047 imperio,cum
2531 3964 2926 4045 jurejurando
2948 3964 3021 4026 ab
3046 3981 3117 4024 eo
3143 3969 3385 4042 accepto
3418 3958 3533 4021 sibi
3565 3959 3731 4039 prius

2088 4055 2361 4129 cavisset,
2417 4064 2481 4118 et
2510 4053 2628 4116 [ide
2660 4053 2876 4131 dignis,
2911 4062 2975 4114 ut
3031 4051 3291 4133 putabat,
3325 4048 3634 4128 promissis
3666 4067 3731 4110 se

2088 4144 2428 4220 muniisset,
2462 4143 2619 4225 quod
2650 4143 2706 4203 ei
2737 4159 2869 4204 cum
2894 4159 3077 4203 uxore
3107 4139 3384 4203 etliberis
3415 4137 3728 4220 permitte-

2084 4245 2178 4298 ret
2198 4252 2379 4314 agere
2407 4240 2589 4296 vitam
2627 4230 2935 4312 privatam.

2165 4410 2410 4476 XX.Ille
2440 4418 2635 4474 autem
2668 4427 2804 4472 cum
2837 4407 3093 4488 primum
3127 4403 3396 4468 ascendit
3423 4403 3496 4464 ad
3529 4402 3728 4482 impe~

2085 4500 2732 4580 rium,velutiomnium
2750 4497 3060 4572 oblitus,et
3083 4495 3232 4559 nihil
3258 4511 3471 4556 curans
3493 4508 3724 4565 eorum,

2085 4610 2220 4672 quae
2248 4589 2377 4672 Deo
2394 4597 2542 4652 teste
2565 4590 2871 4672 juraverat
2903 4587 3159 4672 primum
3191 4583 3440 4672 quidem
3469 4581 3726 4672 Michae-

2085 4660 2201 4732 lem
2234 4679 2292 4732 et
2326 4671 2458 4749 ejus
2490 4660 2808 4749 conjugem
2861 4660 3226 4729 condemnat
3278 4662 3483 4726 exsilio
3512 4679 3525 4724 :
3554 4660 3728 4742 paulo

2086 4767 2218 4836 post
2247 4778 2403 4834 vero,
2438 4757 2645 4820 habitu
2680 4758 3106 4820 monachorum
3137 4753 3229 4816 vel
3260 4752 3478 4813 invitos
3507 4749 3724 4814 induit.

2081 4848 2209 4912 Non
2243 4866 2506 4930 eousque
2562 4855 2758 4909 autem
2793 4845 3060 4909 constitit
3095 4865 3110 4925 ;
3147 4843 3250 4905 sed
3311 4841 3490 4902 etiam
3524 4839 3728 4920 paucis

2083 4945 2216 5017 post
2271 4936 2486 4999 diebus
2518 4955 2622 4998 eos
2681 4954 2714 4996 a
2756 4953 2822 4998 se
2850 4935 3100 4997 invicem
3133 4930 3444 5012 reparavit,
3481 4945 3595 4989 nec
3625 4945 3731 4988 eos

2083 5026 2262 5089 simul
2297 5025 2568 5089 habitare
2597 5024 2729 5086 sivit
2759 5026 2821 5085 in
2853 5024 3117 5104 regione,
3145 5020 3248 5082 sed
3284 5019 3450 5081 illum
3483 5017 3727 5097 quidem

2083 5116 2144 5178 in
2169 5135 2349 5178 unum
2384 5115 2773 5191 locum,hunc
2805 5131 2941 5175 vero
2974 5112 3033 5174 in
3061 5111 3242 5173 alium
3266 5104 3730 5188 relegavit.Vide

2082 5217 2308 5286 autem,
2342 5225 2456 5286 quo
2489 5203 2769 5286 procedat
2797 5201 3153 5283 improbitas
3203 5205 3554 5280 potestatem
3580 5213 3730 5286 con-

2082 5283 2570 5359 secuta-{statim
2626 5294 2784 5356 enim
2832 5292 2934 5373 qui
2965 5299 3023 5354 et
3071 5289 3315 5352 nomine
3373 5292 3433 5348 et
3464 5283 3734 5347 moribus

2082 5394 2208 5448 erat
2232 5384 2453 5466 bellua,
2485 5385 2545 5446 in
2570 5383 2907 5466 ipsum,pro
2939 5378 3149 5444 dolor!
3185 5378 3486 5442 Christum
3513 5374 3732 5466 et_ej_us

2082 5475 2400 5555 imaginem
2432 5462 2612 5537 rabie
2631 5462 3194 5553 exagitatus,multis
3217 5465 3399 5532 afﬁcit
3419 5462 3734 5555 suppliciis

2087 5551 2238 5626 verre
2295 5562 2529 5645 pietatis
2587 5551 2958 5637 adoratores,
2989 5559 3061 5624 ab
3092 5559 3189 5636 iis,
3224 5573 3358 5645 quae
3387 5551 3728 5645 habebam:

2082 5638 2351 5718 alienatis
2383 5661 2441 5718 et
2468 5651 2871 5717 exterminans
2904 5648 3059 5733 quod
3093 5666 3212 5711 non
3263 5641 3481 5708 Christi
3511 5642 3573 5702 et
3598 5638 3731 5716 ejus
