4158 6444
448 308 523 373 55

1745 303 1909 365 ΜΕΝ
1915 301 2027 363 SIS
2067 298 2511 364 NOVEMBER.

3741 289 3830 359 56

445 449 787 506 sanctorum
820 441 1140 519 imaginem
1172 457 1306 502 cum
1341 444 1466 520 ipso
1496 437 1926 501 conculcarein
1957 440 2092 500 ani-

2179 438 2265 493 καὶ
2350 433 2652 513 ὑπερορίους
2714 438 2907 510 ποιῶν,
2960 427 3041 488 ὅτι
3118 428 3198 506 μὴ
3262 429 3362 497 τὴν
3419 435 3510 486 τοῦ
3594 436 3829 505 Χριστοῦ

448 549 609 594 mum
628 526 1839 607 induxissent.QuamobremNicephorum
1860 544 2092 608 quoque

447 621 884 683 sanctissimum
918 616 1317 697 patriarcham
1349 617 1442 697 ,si
1486 634 1607 677 non
1663 635 1699 678 a
1732 614 2093 678 sacerdotali

448 711 779 790 deponeret
822 708 1108 790 rectione,
1155 725 1329 790 grave
1386 722 1524 767 esse
1554 705 1844 790 putabat,
1879 716 1936 765 et
1989 723 2095 765 sua

448 784 710 852 anientia
766 788 1077 865 indignum
1123 784 1183 848 et
1243 784 1713 866 importunitate.
1770 787 2093 864 Propterea

446 896 590 958 ergo
622 887 748 941 tum
777 896 811 939 a
840 877 982 939 sede
1042 876 1327 953 dimovet,
1390 879 1493 956 qui
1535 891 1675 935 vere
1706 881 1833 935 erat
1880 873 2093 953 dignus

444 967 550 1046 qui
577 984 807 1046 regere,
840 965 1119 1047 quoniam
1172 983 1279 1025 nec
1314 964 1433 1024 luci
1484 962 1728 1044 quidem
1774 962 2096 1025 convenie-

448 1056 589 1117 bant
620 1054 908 1117 tenebraa.
941 1051 1254 1115 Theodoto
1308 1060 1507 1114 autem
1568 1069 1640 1114 ex
1698 1050 1949 1126 Natalia,
1999 1053 2093 1113 cui

443 1152 570 1206 erat
623 1161 953 1223 cognomen
1003 1140 1376 1218 Melissenus,
1409 1150 1472 1202 ut
1502 1142 1603 1219 qui
1633 1149 1793 1204 esset
1822 1142 2089 1221 ejusdem

442 1234 754 1296 sententiae
785 1241 842 1294 et
886 1230 1153 1294 moribus
1204 1230 1443 1305 similis,
1485 1230 1849 1308 introducto,
1900 1231 2094 1311 replet

441 1320 771 1384 Ecclesium
804 1339 1015 1401 magna
1057 1319 1532 1383 abominatione.

518 1410 789 1474 XXIJllo
818 1419 1015 1471 autem
1048 1417 1318 1489 tempore
1363 1428 1499 1471 cum
1534 1427 1647 1492 per
1680 1418 1915 1471 montes
1952 1413 2091 1472 Pru-

438 1501 704 1563 sensium
741 1517 988 1580 magnus
1036 1499 1131 1559 hic
1162 1496 1336 1559 Pater
1383 1515 1450 1560 se
1509 1506 1841 1579 exerceret,
1877 1498 2092 1562 Gurias

442 1589 707 1670 quidam,
738 1592 837 1670 qui
896 1589 1027 1669 ipse
1081 1605 1321 1666 quoque
1382 1596 1508 1649 erat
1567 1606 1721 1649 unus
1752 1605 1820 1649 ex
1867 1588 1963 1669 iis,
1992 1589 2094 1670 qui

441 1680 618 1739 vitam
672 1685 1062 1758 susceperant
1114 1676 1615 1751 anachoreticam,
1682 1684 1741 1738 et
1788 1677 2097 1740 videbatur

2175 527 2353 583 εἰκόνα
2420 526 2512 581 καὶ
2562 529 2668 580 τῶν
2724 521 2884 578 αξιτοῦ
2942 520 3107 599 ἀγίων
3162 521 3466 598 προῆρηντο
3514 521 3605 576 σὺν
3635 519 3828 594 ἐκείνῳ

2177 628 2390 673 πατεῖν.
2427 601 2606 668 ’Ὥστε
2663 618 2751 667 καί
2804 611 3105 689 Νικηφόρον
3134 611 3225 667 τὸν
3275 608 3570 688 ἁγιώτατον
3621 632 3824 689 τατρι-

2178 704 2376 783 ἀρχὴν,
2422 704 2465 758 εἰ
2523 702 2601 776 μὴ
2676 705 2773 767 τῆς
2831 699 3107 776 ἱερατικῆς
3165 699 3339 778 ἀρχῆς
3399 701 3823 778 μεταναστιζσοι,

2178 791 2345 849 δεινὸν
2412 812 2461 847 τε
2492 790 2713 869 ἠγεῖτο,
2744 789 2839 845 καὶ
2878 794 2974 855 τῆς
3029 789 3134 844 τῶν
3183 788 3339 848 αὐτοῦ
3382 794 3582 869 φρενῶν
3612 788 3829 855 ἀνάξιον

2173 885 2451 959 παρακοῆς
2505 881 2591 936 καὶ
2660 878 3002 944 σκαιότητος.
3056 878 3155 934 Διά
3202 878 3365 934 ταῦτα
3420 888 3545 957 γοῦν
3599 880 3688 934 καὶ
3727 877 3830 934 τοῦ

2174 972 2356 1049 θρόνου
2386 969 2667 1045 μετακινεϊ
2691 969 2781 1023 τὸν
2838 966 3051 1034 ἀληθῶς
3083 970 3271 1047 ἀρχειν
3316 966 3488 1047 ἀξιον,
3522 968 3633 1025 ἐπεὶ
3682 966 3828 1040 μηδὲ

2174 1056 2445 1115 συνέϐαινε
2477 1061 2553 1132 τῷ
2582 1057 2715 1137 φωτὶ
2744 1058 2805 1113 τὸ
2828 1058 3041 1120 σκότος,
3077 1055 3329 1113 Θεόδοτον
3347 1055 3401 1112 δὲ
3426 1059 3518 1113 τὸν
3538 1055 3599 1115 ἐκ
3625 1067 3829 1114 Nann-

2175 1148 2342 1222 λείας³
2376 1151 2421 1223 ᾧ
2451 1146 2785 1214 Μελισσηνὸς
2832 1146 2899 1213 ἧν
2957 1145 3256 1225 ἐπίκλησις,
3287 1149 3361 1211 ὡς
3420 1147 3690 1226 ὁμόφρονα
3734 1148 3829 1203 καὶ

2177 1238 2475 1315 ὁμότροπον
2521 1236 2943 1316 ἀντεισαγαγιιέιν⁷
2987 1233 3194 1303 πολλῆς
3224 1236 3596 1311 ἀναπίμπλησι
3627 1233 3827 1311 βδελυ-

2176 1327 2287 1404 ρίας
2318 1326 2418 1394 τὴν
2450 1322 2795 1391 Ἐκκλησίαν.

2260 1416 2391 1476 KA’.
2456 1412 2586 1473 Κατ’
2642 1413 2819 1471 ἐκεῖνο
2877 1412 2932 1469 δὲ
2991 1417 3175 1492 καιροῦ
3224 1414 3323 1470 ὁ.δά
3383 1414 3446 1470 τὰ
3507 1413 3826 1492 Προυσαέων

2174 1505 2275 1582 ὃρη
2334 1505 2409 1578 τῷ
2460 1502 2681 1581 μεγαλῳ
2735 1503 2903 1575 τούτῳ
2953 1505 3111 1582 [lupi
3140 1504 3239 1570 τὴν
3272 1503 3495 1570 ἄσκησιν
3528 1501 3821 1577 διανύοντι,

2180 1594 2392 1671 Γουρίας
2424 1615 2504 1655 τις
2561 1598 2667 1649 τῶν
2724 1605 2786 1648 το
2842 1590 3254 1672 ἄναχωρητικὸν
3309 1593 3421 1669 βίον
3471 1593 3826 1669 ἀνῄρημένων

2177 1685 2265 1740 καὶ
2310 1682 2463 1742 αὒτός
2514 1681 2609 1756 ὥν⁹
2649 1681 2896 1761 προέχειν
2956 1702 3015 1738 τε
3059 1683 3163 1737 τῶν
3196 1679 3369 1739 ἄλλων
3417 1680 3587 1740 δοκῶν
3618 1683 3672 1739 ἐν
3703 1686 3829 1742 τοῖς

445 1776 731 1848 praestare
786 1767 920 1829 aliis
968 1767 1027 1829 in
1091 1767 1522 1828 monachorum
1554 1766 2004 1841 certaminibus,
2040 1774 2092 1829 et

2179 1794 2284 1829 των
2343 1771 2599 1851 μοναχῶν
2666 1771 2865 1847 ἀγῶσιν
2902 1817 2918 1843 ,
2980 1771 3222 1847 ἀσκητὴς
3277 1774 3363 1828 καὶ
3411 1772 3601 1847 ἀρετῆς
3668 1772 3834 1849 ἄκρος

440 1875 712 1918 summus
742 1857 1096 1920 exercitator
1124 1866 1182 1920 et
1210 1865 1440 1917 amator
1494 1854 1729 1919 virtutis
1791 1855 1865 1917 ab
1896 1856 2092 1916 omni-

2181 1862 2405 1939 ἐραστὴς
2465 1860 2732 1936 ἔνομίζετό
2790 1881 2847 1915 τε
2917 1859 3056 1937 παρά
3109 1861 3320 1916 πάντων
3364 1862 3459 1918 καί
3496 1863 3829 1936 ὠνομάζετοο

441 1946 552 2006 bus
606 1945 1059 2008 existimabatur
1100 1957 1160 2009 et
1191 1945 1632 2022 nominabatur,
1670 1953 1728 2005 et
1764 1963 1897 2006 cum
1959 1947 2095 2025 quis

440 2033 688 2096 dixisset
737 2034 1001 2110 Guriam,
1048 2035 1364 2115 adjiciebat
1396 2034 1574 2097 etiam
1608 2034 2090 2111 exercitatorein,

442 2131 651 2204 utpote
704 2123 860 2201 quod
922 2124 1064 2185 hinc
1095 2123 1283 2203 magis
1314 2130 1761 2201 agnosceretur,
1796 2141 1973 2202 quam
2024 2141 2096 2185 ex

440 2213 684 2275 nomine
706 2212 973 2293 proprio.
1009 2215 1063 2276 Is
1095 2233 1231 2276 cum
1269 2215 1503 2275 videret
1532 2232 1596 2274 se
1614 2211 1788 2291 longe
1819 2211 2030 2275 abesse
2063 2231 2098 2274 a

437 2320 581 2363 vera
609 2303 833 2364 virtute
865 2303 1184 2380 Joannicii,
1219 2313 1277 2364 et
1306 2302 1702 2365 venerandam
1727 2302 1889 2363 illam
1915 2320 2090 2365 exer-

437 2391 709 2454 citatoris
740 2392 1201 2471 appellationem
1237 2392 1309 2453 ad
1344 2411 1477 2453 eum
1517 2392 1794 2463 transire,
1820 2392 1876 2453 ei
1907 2392 2095 2454 disse-

438 2481 690 2542 cabatur
712 2490 771 2542 et
813 2479 1150 2543 laniabatur
1170 2482 1403 2542 animus
1436 2480 1677 2542 invidia.
1715 2485 1865 2543 Dum
1893 2492 2088 2543 autem

439 2570 721 2633 invidiam
774 2576 1118 2650 parturiret,
1178 2571 1398 2631 caedem
1464 2570 1713 2650 peperit.
1779 2571 2091 2645 Quomodo

433 2667 659 2738 autem,
721 2657 1050 2721 declarabit
1107 2660 1320 2721 oratio.
1369 2657 1450 2721 Ea
1513 2659 1675 2721 enim
1732 2678 1973 2721 versans
2029 2661 2089 2721 in

435 2750 660 2822 animo,
690 2756 748 2810 et
777 2766 1052 2829 quaerens
1072 2749 1145 2809 ad
1181 2749 1458 2810 eﬂ‘ectum
1488 2748 1787 2810 deducere
1818 2749 1901 2829 id,
1933 2748 2090 2831 quod

434 2836 856 2912 meditabatur,
896 2855 1031 2897 cum
1068 2848 1272 2900 sancto
1298 2837 1374 2899 de
1431 2837 1721 2899 industria
1758 2840 1960 2901 studet
2004 2840 2092 2901 vi-

432 2936 550 2989 tam
576 2944 786 3007 agere,
817 2945 953 2988 cum
975 2926 1589 3005 magnusJoannicius
1618 2936 1864 3009 propter
1900 2930 2092 2991 maxi-

433 3035 593 3078 mam
633 3015 1552 3095 animisimplicitatem,Guriam
1576 3016 1902 3097 supinis,ut
1932 3017 2090 3080 dici-

436 3105 840 3183 tur,manibus
866 3105 1201 3185 accepisset
1231 3111 1290 3165 et
1318 3104 1679 3168 foveretJlle
1714 3111 1773 3166 in
1800 3106 2093 3187 principio

448 3197 693 3280 quidem
725 3213 998 3274 magnam
1035 3195 1273 3258 simulat
1308 3195 1682 3276 pietatem,et
1712 3205 1837 3259 erat
1866 3198 2098 3261 virtutis

2179 1950 2266 2007 καί
2312 1972 2393 2012 τις
2453 1949 2666 2024 Γουρίαν
2731 1948 2892 2003 εἰπὼν
2946 1949 3035 2003 καὶ
3096 1950 3186 2005 τὸν
3231 1950 3473 2017 ἀσκητὴν
3511 1953 3830 2027 προοετὲθει,

2179 2042 2251 2102 ὡς
2283 2039 2515 2095 ἐντεῦθεν
2566 2036 2771 2111 μᾶλλον
2802 2036 3197 2112 γινῶσκομένου
3256 2046 3347 2095 τοῦ
3394 2038 3577 2118 ἀνδρὸς
3627 2039 3661 2108 ἧ
3720 2042 3832 2096 ἀπὸ

2178 2139 2270 2187 τοῦ
2336 2128 2514 2197 κυρίου
2586 2127 2847 2201 ὀνόματος
2886 2174 2900 2189 ,
2954 2133 3114 2192 Οὗτος
3172 2129 3304 2206 ὁρῶν
3376 2128 3560 2185 ἑαυτὸν
3640 2130 3833 2202 πολλῷ

2176 2218 2272 2284 τῆς
2344 2216 2573 2284 ἀληθοῦς
2654 2216 2847 2293 ἀρετῆς
2920 2223 3009 2271 τοῦ
3086 2213 3409 2276 ’Ῑωαννικίου
3480 2217 3825 2296 λειπόμενον,

2176 2310 2262 2364 καὶ
2319 2307 2415 2374 τήν
2501 2317 2700 2379 σεμνὴν
2772 2305 2980 2370 εκείνην
3038 2312 3129 2361 τοῦ
3210 2305 3446 2374 ἀσκητοῦ
3501 2312 3692 2373 κλῆσιν
3750 2311 3827 2374 εἷς

2177 2398 2333 2454 αὐτὸν
2417 2392 2854 2469 μεταϐαίνουσαν,
2916 2391 3174 2471 διεπρίετό
3233 2417 3291 2451 τε
3362 2403 3437 2469 τῷ
3494 2399 3667 2476 φθόνῳ
3738 2403 3829 2456 καὶ

2174 2486 2516 2564 ὒπεσμύχετο
2587 2483 2683 2552 τήν
2742 2485 2950 2564 ψυχὴν.
3013 2486 3215 2542 φθόνον
3273 2483 3327 2542 δὲ
3396 2484 3619 2559 ὠδίνων,
3665 2495 3830 2569 φόνον

2176 2576 2494 2631 ἀποκυ’ίσκει
2531 2589 2544 2603 ⁸
2608 2575 2702 2631 καί
2763 2575 2931 2646 ὅπως,
2966 2576 2993 2632 ὁ
3052 2572 3212 2651 ὶόγος
3268 2574 3667 2641 δηλώσει.⁴’Καὶ
3726 2580 3830 2655 γαρ

2176 2686 2395 2720 τοιαυτα
2454 2661 2691 2740 στρέφων
2750 2662 2803 2718 ἐν
2862 2666 2930 2739 τῇ
2983 2668 3164 2743 ψυχῆ,
3198 2668 3295 2721 καὶ
3325 2670 3502 2735 ζητῶν
3558 2667 3631 2729 εἷς
3662 2667 3829 2744 πέρας

2175 2756 2237 2810 τὸ
2297 2751 2669 2829 μελετώμενον
2699 2752 2955 2831 ἀγαγεῖν,
2987 2753 3086 2819 τὴν
3131 2752 3238 2826 ἅμα
3294 2759 3372 2827 τῷ
3440 2752 3575 2831 ἀγίῳ
3633 2754 3834 2822 ἐπιτη-

2177 2842 2310 2900 δεύει
2367 2841 2660 2920 διαγωγὴν,
2725 2850 2818 2900 τοῦ
2874 2840 3110 2918 μεγαιλοῦ
3170 2839 3252 2897 ad
3283 2840 3489 2909 πολλὴν
3547 2842 3832 2910 ἁπλότητα

2176 2935 2274 2998 τῆς
2331 2933 2516 3009 ψυχῆς
2574 2927 2867 3003 {amictng
2927 2927 2992 2996 δὴ
3051 2927 3290 3008 λέγεται,
3322 2943 3443 2995 ταῖς
3496 2932 3702 3010 χερσὶν,
3738 2934 3831 2989 τὶν

2180 3019 2393 3097 Γουρίαν
2449 3019 2537 3076 καὶ
2598 3015 2881 3093 δεξαμένου
2939 3021 3026 3075 καὶ
3082 3018 3519 3097 περιθαλποντος.
3579 3019 3828 3085 Ἐκεῖνος

2179 3108 2234 3165 δὲ
2289 3108 2390 3176 τὴν
2447 3107 2546 3184 μὲν
2602 3108 2807 3188 ἀρχὴν,
2868 3109 2954 3164 καὶ
2987 3106 3197 3176 πολλὴν
3232 3108 3310 3165 ὅτι
3342 3107 3616 3170 εὒλάὸειαν
3651 3133 3822 3177 πρεσ-

2180 3212 2441 3273 ποιεῐται,
2503 3199 2590 3254 καὶ
2648 3197 2745 3265 τῆς
2804 3197 2995 3275 ἀρετῆς
3053 3198 3118 3265 ἧν
3173 3198 3462 3275 ὑποκριτὴς
3510 3197 3830 3274 δοκιμώτα-

439 3287 651 3351 histrio
684 3283 1389 3365 prastantissimusﬁum
1422 3303 1541 3346 non
1578 3285 1696 3348 alio
1730 3297 1931 3349 autem
1965 3305 2092 3369 spe-

2179 3309 2269 3351 τος
2306 3303 2320 3319 ’
2382 3287 2478 3344 οὒκ
2535 3285 2713 3352 ἄλλως
2777 3285 2833 3342 δὲ
2886 3286 3031 3366 ἔχων
3057 3285 3093 3354 ἦ
3123 3284 3285 3365 λάθρα
3328 3294 3405 3362 τῷ
3434 3290 3607 3363 φθόνῳ
3659 3290 3829 3369 χαρί-

438 3379 623 3448 raret,
659 3390 838 3452 quam
861 3380 925 3432 ut
953 3371 1213 3434 latenter
1243 3373 1482 3437 invidiae
1509 3374 1962 3452 gratiﬁcaretur,
1986 3376 2092 3438 sub

2181 3380 2391 3455 σασθαι,
2451 3374 2507 3431 ἐν
2564 3377 2812 3455 σχήματι
2871 3375 3211 3453 προπόσεως,
3268 3374 3595 3454 δηλητήριον
3652 3381 3829 3455 ὀρέγει

438 3463 640 3543 specie
671 3460 1051 3542 propinandi,
1085 3471 1291 3524 sancto
1324 3480 1620 3524 venenum
1658 3464 1927 3546 porrigit,
1961 3484 2092 3528 curn

2180 3472 2256 3539 τῷ
2313 3466 2448 3544 ἁγίῳ
2498 3463 2685 3541 πολλῷ
2737 3466 3049 3543 πικρότερον
3103 3464 3256 3528 αὐτὸς
3308 3468 3561 3545 πρότερον
3613 3470 3675 3525 τὸ
3730 3475 3830 3527 τοῦ

439 3553 571 3633 ipse
604 3551 772 3633 prius
814 3548 1063 3611 bibisset
1111 3550 1288 3630 longe
1318 3552 1594 3614 acerbius
1617 3552 1856 3615 invidias
1885 3561 1945 3616 et
1975 3573 2092 3615 ma-

2179 3556 2367 3634 ιρθόνου
2426 3557 2512 3612 καὶ
2569 3561 2668 3631 τῇς
2718 3555 2901 3617 κακίας
2961 3554 3120 3616 πιών,
3182 3555 3253 3613 Τὸ
3313 3555 3408 3631 μὲν
3450 3555 3538 3614 οὗν
3567 3558 3662 3626 τῆς
3698 3558 3826 3615 ἐπι-

442 3642 607 3705 litias.
631 3638 991 3702 Insidiosum
1016 3648 1211 3702 autem
1239 3641 1327 3702 sic
1359 3648 1600 3722 epotum
1627 3644 1929 3724 poculum,
1964 3663 2092 3705 san-

2179 3642 2373 3712 6ουλῆς
2432 3646 2687 3723 ποτήριον
2745 3642 2881 3701 οὕτω
2938 3643 3096 3701 ποθὲν
3170 3642 3404 3710 πολλαῖς
3491 3647 3583 3703 τὸν
3670 3645 3829 3725 ἃγιον

444 3739 603 3792 ctum
665 3727 871 3791 multis
927 3728 1125 3790 aﬂ‘ecit
1155 3729 1487 3812 doloribus,
1521 3731 1626 3793 sed
1658 3731 1761 3809 qui
1809 3750 1916 3815 per
1958 3752 2092 3795 eum

2179 3733 2368 3794 ἔϐαλλε
2402 3738 2525 3798 ταῖς
2577 3733 2805 3813 ὀδύναις³
2857 3732 2999 3802 πλὴν
3032 3731 3153 3789 ἀλλ’
3196 3738 3291 3792 οὐκ
3348 3734 3433 3791 ἐπὶ
3476 3735 3609 3793 πολὺ
3639 3744 3828 3794 τοῦτον

443 3818 752 3880 colebatur
777 3817 1218 3891 Dominus,non
1248 3836 1455 3897 passus
1484 3828 1574 3882 est
1594 3838 1728 3882 eum
1748 3822 1849 3884 diu
1874 3823 2092 3898 vexari,

2181 3827 2208 3880 ὁ
2269 3822 2337 3881 δι’
2401 3828 2560 3883 αὐτοῦ
2613 3823 3031 3902 θεραπευόμενος
3064 3824 3254 3900 Κύριος
3300 3837 3419 3888 τονς
3476 3827 3659 3891 πόνοις
3716 3829 3827 3883 κά-

435 3907 618 3970 nimis
645 3906 1006 3995 gloriaretur
1031 3906 1233 3968 vitium
1261 3907 1545 3970 adversus
1573 3908 1871 3973 virtutem.
1892 3910 2007 3974 Sed
2035 3913 2092 3975 in

2179 3935 2333 3989 μνειν
2362 3912 2648 3994 ἠνέσχετο,
2676 3912 2768 3969 ’ίνα
2800 3914 2878 3983 μὴ
2921 3913 3010 3968 καὶ
3038 3913 3110 3975 εἶς
3143 3909 3371 3987 ἄμετρον
3401 3912 3509 3992 ἔχη
3552 3916 3829 3995 μοχθηρία

436 3995 670 4084 somnis
697 3994 877 4084 misso
926 3995 1210 4084 praeclaro
1258 3995 1416 4058 inter
1448 4007 1733 4079 martyres
1763 3999 2091 4078 Eustathio,

2179 4004 2689 4082 κατακαυχησασθαι
2741 4003 2933 4079 ἀρετῆς
2969 4041 2987 4060 .
3051 3999 3200 4057 Ἀλλ’
3259 3999 3384 4077 ὄναρ
3443 4004 3532 4060 τὸν
3580 3994 3828 4084 λαμπρὸν

432 4084 489 4146 ei
520 4083 698 4145 donat
728 4083 987 4162 priorem
1019 4083 1283 4144 habitum
1316 4093 1377 4146 et
1411 4086 1864 4151 sanitatem.llle
1894 4098 2092 4153 autem

2179 4093 2232 4149 ἐν
2305 4092 2561 4169 μάρτυσιν
2622 4090 2905 4148 Εὔστάθιον
2963 4089 3274 4165 ἐπιπέμψας
3311 4138 3325 4166 ,
3412 4093 3511 4159 τὴν
3566 4083 3829 4172 προτέραν

432 4175 495 4235 in
526 4174 823 4234 honorem
868 4172 1020 4251 ejus,
1055 4172 1214 4253 quod
1251 4183 1391 4236 tunc
1420 4174 1642 4237 factum
1667 4176 1863 4241 fuerat
1892 4180 2091 4242 admi-

2179 4181 2277 4247 ἕξιν
2309 4203 2364 4238 τε
2421 4183 2509 4237 καὶ
2564 4180 2741 4258 ὑγείαν
2774 4178 2915 4252 αὐτῷ
2971 4179 3242 4258 χαρίζεαι
3282 4227 3295 4243 ⁸
3358 4174 3416 4238 '0
3448 4178 3502 4237 δὲ
3535 4183 3609 4245 εἷς
3662 4185 3828 4257 τιμὴν

431 4261 712 4324 rabiliter
744 4268 803 4322 et
848 4273 1068 4342 praeter
1115 4263 1486 4341 opinionem,
1540 4267 1733 4328 aedem
1762 4269 2092 4331 oratoriam

2183 4277 2269 4327 τοῦ
2312 4268 2617 4348 παραδόξως
2676 4269 2796 4324 τότε
2855 4267 3216 4349 γεγενημένου
3274 4270 3548 4349 εὒκτήριὸν
3578 4293 3635 4327 τε
3689 4275 3827 4347 ὁμοῦ

436 4350 727 4414 exstruxit
758 4359 819 4411 et
872 4353 1325 4433 monasterium,
1382 4354 1544 4430 quod
1605 4355 1852 4432 quidem
1907 4367 2092 4421 exstat

2179 4361 2265 4415 καὶ
2321 4344 2646 4437 ἀσκητήριον
2710 4344 2954 4430 ἐδεὶματο
3011 4344 3218 4433 ὁῖγονκ,
3277 4344 3542 4431 ὅστις-δή
3607 4363 3692 4416 καὶ
3723 4344 3823 4426 isi;

433 4457 629 4518 usque
661 4440 723 4502 in
750 4439 1114 4528 hodiernum
1166 4441 1342 4504 diem.
1375 4440 1582 4524 Neque
1615 4445 1774 4507 enim
1828 4446 1902 4508 ad
1936 4447 2092 4510 libe-

2179 4448 2323 4527 ὃεὸρο
2380 4448 2643 4526 ἱδρυμένος
2706 4448 2868 4504 εστίν.
2960 4446 3088 4506 Οὒδὲ
3171 4447 3269 4527 γαρ
3342 4452 3415 4513 εἰς
3501 4449 3824 4528 ἀπαλλαγὴν

430 4515 729 4591 rationem
762 4527 956 4590 solum
990 4547 1023 4589 a
1073 4528 1379 4592 doloribus
1427 4515 1539 4594 fuit
1567 4533 1668 4595 ille
1700 4534 1891 4598 dulcis
1923 4555 2086 4598 som-

2179 4540 2338 4613 μόνον
2389 4546 2495 4596 τῶν
2567 4536 2761 4595 ὀδυνῶν
2805 4538 2831 4592 ὃ
2862 4558 2916 4593 τε
2962 4535 3153 4614 γλυκὺς
3195 4536 3357 4601 ὕπνος
3407 4541 3612 4601 ἒκεϊνος
3669 4540 3704 4608 ἢ
3763 4562 3822 4596 τε

427 4636 564 4698 nus,
593 4627 652 4678 et
697 4617 867 4709 laetus
894 4616 992 4709 ille
1014 4617 1307 4682 adventus
1354 4624 1652 4703 martyris,
1710 4625 1817 4686 sed
1849 4625 1923 4687 ad
1959 4645 2091 4688 ma-

2179 4627 2370 4709 φαιδρα
2455 4628 2629 4696 ἐκείνη
2706 4634 2798 4684 τοῦ
2886 4627 3143 4705 μάρτυρος
3229 4626 3448 4705 γέγονεν
3514 4628 3817 4703 ἐπιστασία,

423 4709 629 4797 jorum
661 4704 1085 4769 miraculorum
1112 4709 1291 4770 simul
1327 4717 1387 4772 et
1414 4728 1615 4773 rerum
1642 4713 2000 4797 principium
2035 4726 2092 4778 et

2179 4718 2295 4776 ἀλλ’
2325 4720 2398 4782 εἰς
2430 4717 2687 4793 μειζόνων
2745 4718 3027 4791 θαυμάτων
3085 4736 3142 4771 τε
3172 4718 3304 4792 ὁμοῦ
3351 4719 3437 4773 καὶ
3486 4720 3820 4796 πραγμάτων

427 4795 915 4888 fundamentum.
1005 4884 1018 4888 _
1335 4885 1347 4888 Α
1407 4808 1410 4812 ‘
1843 4795 1854 4797 '

2179 4807 2352 4888 ἀρχὴν
2381 4808 2468 4866 καὶ
2501 4805 2764 4882 θεμέλιον,

507 4885 695 4950 XXII.
729 4884 1062 4975 Aliquando
1121 4887 1281 4949 enim
1331 4885 1393 4949 in
1455 4891 1707 4970 quadam
1759 4901 1933 4954 nocte
1989 4893 2092 4957 ille

2212 4884 2388 4958 til-(B'.
2424 4887 2511 4955 Ἐν
2565 4902 2662 4972 μιᾷ
2718 4897 2818 4975 γὰρ
2878 4897 2965 4951 καὶ
3024 4892 3214 4951 ἅλλοτὲ
3274 4916 3405 4952 ποτε
3464 4895 3568 4951 τῶν
3630 4902 3822 4952 δυκτῶν

430 4975 678 5057 quidem
707 4973 946 5037 volebat
971 4975 1316 5038 necessario
1350 4976 1495 5041 dare
1526 4998 1749 5062 corpus
1780 4982 1993 5064 quieti,
2028 4994 2092 5047 ut

2179 4989 2203 5044 ὁ
2261 4986 2358 5062 μὲν
2430 4973 2743 5064 ἀναγκαίως
2778 4986 2839 5041 τὸ
2896 4991 3053 5060 σῶμα
3103 4982 3482 5041 διαναπαύσειν
3539 4983 3816 5057 ἠϐούλετο,

426 5082 496 5127 se
528 5071 857 5153 recrearet,
914 5065 1389 5147 promptiorique
1447 5074 1506 5128 et
1548 5070 1826 5133 alscriori
1886 5072 2088 5135 animo

2179 5078 2247 5141 ὼς
2279 5075 2341 5135 ἄν
2371 5076 2555 5133 ἑαυτὸν
2616 5075 3008 5152 ἀνακτήσηται,
3055 5074 3140 5130 καὶ
3197 5075 3454 5152 προθυμίᾳ
3526 5073 3823 5153 νεαρωτὲρᾳ

429 5166 643 5214 rursus
705 5150 943 5241 labores
1001 5154 1449 5234 aggrederetur.
1482 5154 1550 5219 In
1594 5160 1851 5240 quodam
1884 5170 2084 5225 autem

2179 5171 2278 5222 τῶν
2335 5164 2511 5223 πόνων
2560 5162 2720 5222 πάλιν
2776 5150 3073 5241 ἀπέρξηται
3104 5177 3119 5193 ⁸
3181 5150 3247 5216 ἓν
3294 5182 3397 5217 τινι
3446 5160 3501 5219 δὲ
3552 5150 3659 5220 τῶν
3690 5150 3821 5241 πρὸς

428 5241 587 5317 loco,
622 5246 722 5323 qui
754 5240 877 5303 illic
912 5242 1193 5323 vergebat
1216 5242 1291 5306 ad
1325 5241 1657 5324 Orientem,
1693 5266 1814 5312 non
1847 5251 1906 5312 in
1929 5269 2089 5314 som-

2179 5253 2463 5319 ’Δνατολάς
2520 5255 2695 5311 ἐκεῖσε
2751 5240 2930 5310 τόπων
2989 5254 3084 5308 οὒκ
3136 5249 3285 5326 ὄναρ,
3353 5248 3473 5306 ἀλλ’
3532 5251 3670 5329 ὕπαρ
3726 5240 3823 5329 όρᾷ

427 5329 551 5410 nis,
598 5329 707 5424 sed
737 5347 947 5392 revera
998 5332 1161 5424 videt
1208 5350 1425 5410 aquam
1477 5336 1669 5401 emitti
1700 5340 2001 5420 capiosam
2027 5351 2086 5405 et

2179 5343 2305 5424 ἷδωρ
2364 5343 2741 5419 ἀναδιδόμενον
2825 5339 3048 5421 ἄφθονόν
3095 5358 3152 5396 τε
3210 5336 3306 5395 καὶ
3359 5336 3543 5405 διειδὲς
3578 5387 3594 5416 ,
3652 5340 3820 5420 θρέμ-

428 5420 831 5513 perSpicuam,
864 5428 925 5481 et
967 5422 1183 5513 multas
1227 5440 1410 5513 caecas
1443 5427 1708 5505 pecudes
1760 5428 1884 5493 illic
1926 5438 2086 5495 stare

2179 5420 2313 5508 αατᾶ
2367 5456 2425 5490 τε
2487 5430 2656 5513 τυφλὰ
2699 5431 2836 5489 κατὰ
2878 5420 3094 5497 πλῆθος
3154 5428 3409 5502 ἱστάμενα
3464 5431 3549 5487 καὶ
3605 5430 3822 5488 πίνοντα

426 5517 490 5573 et
511 5526 590 5598 ex
615 5527 686 5571 ea
719 5506 960 5598 bibere.
980 5508 1057 5572 Et
1087 5512 1190 5573 ille
1222 5512 1466 5590 quidem
1509 5515 1872 5581 desideravit
1902 5521 2080 5598 scire,

2179 5524 2350 5580 τούτου
2386 5571 2399 5585 ,
2437 5506 2575 5580 Καὶ.
2622 5522 2650 5577 ὀ
2710 5520 2808 5595 μὲν
2893 5519 3123 5591 ἐζήτησε
3196 5519 3388 5592 μαθεῖν
3420 5565 3437 5593 ,
3496 5519 3547 5577 τί
3603 5521 3669 5575 τὰ
3728 5525 3819 5575 τοῦ

424 5597 708 5683 quidnam
735 5595 851 5660 sibi
876 5597 1056 5665 vellet
1086 5602 1256 5666 visio.
1282 5602 1413 5667 Huc
1445 5623 1585 5670 vero
1614 5606 1809 5673 solum
1835 5595 2085 5675 rescivit

2179 5613 2431 5695 ἔραματος
2475 5610 2616 5687 αὐτῷ
2657 5607 2937 5690 βοῦλονται
2966 5625 2980 5640 ⁸
3045 5612 3202 5665 τοῦτο
3251 5603 3306 5662 δὲ
3346 5608 3509 5685 μόνον
3552 5608 3694 5689 παρὰ
3726 5608 3816 5668 τὸν
