4158 6422
349 312 422 376 57
1490 311 1676 376 VITA
1721 310 1781 374 S.
1829 309 2214 377 JOANNICII
2258 312 2600 376 ABBATIS.
3654 307 3732 380 58

348 443 638 524 ἡμεδαπῶν
687 468 744 505 τε
799 448 889 506 καὶ
971 443 1260 527 ἐγχωρίων
1337 445 1610 522 μανθάνει,
1667 445 1741 510 ὠς
1803 445 1858 503 ἐν
1927 451 1980 518 tq‘

2087 443 2283 523 abiis,
2318 451 2419 530 qut
2467 446 2526 509 in
2559 463 2629 509 ea
2662 446 2908 526 regione
2963 447 3331 526 habitabant,
3363 447 3520 532 quod
3569 448 3630 512 in
3654 467 3725 514 eo

346 538 572 610 τοιούτῳ
624 537 779 610 τόπῳ
829 539 953 602 ναὸς
1019 543 1092 614 τῇ
1149 536 1400 610 Θεοτόκῳ
1471 535 1722 615 πρότερον
1792 534 1980 610 ᾠκοδό-

2083 536 2211 598 loco
2245 537 2406 616 prius
2462 537 2817 602 aediﬁcatum
2855 539 3046 601 fuerat
3092 540 3378 620 templum
3403 539 3506 603 Dei
3537 539 3724 604 Geni-

347 649 513 701 μητο.
568 627 690 686 Ἐπὶ
741 635 868 703 γοῦν
921 628 1017 684 τὸν
1093 629 1238 701 αὒτῷ
1295 625 1522 706 φανέντα
1578 628 1741 683 τόπον
1805 626 1992 701 ἐλθὼν,

344 715 530 784 ὕδατος
580 723 681 791 μὲν
753 719 859 798 οὔχ
907 725 1024 795 εὗρε
1097 718 1282 795 πηγήν
1316 736 1332 754 ο
1389 715 1582 778 θέσεως
1627 715 1682 771 δὲ
1724 718 1910 774 τοῦτον
1941 718 1997 774 εὖ

345 805 548 886 ἕλοντα
591 809 679 864 καὶ
722 807 864 885 ὢρας
919 805 1066 881 ὶδών,
1138 809 1226 864 καὶ
1279 803 1438 868 ἄλλος
1497 807 1570 869 εἷς
1602 802 1753 862 οἴκου
1813 808 1996 884 Κυρὶου

345 895 636 972 οἰκοδομὴν
721 895 1048 976 ἐπιτήδειον,
1126 898 1250 953 ναὸν
1334 898 1388 951 ἓν
1471 896 1613 968 αὖτῷ
1695 895 1992 973 περικαλλῆ

343 986 376 1041 ἆ
433 989 652 1066 εγείρ-ει,
711 988 799 1043 καὶ
856 989 1258 1066 φροντιστήριον
1315 1007 1528 1058 συνιστᾳ
1554 1032 1571 1056 ,
1631 984 1726 1040 οὒκ
1799 984 1994 1063 ὀλίγων

342 1077 525 1131 hanc:
571 1075 920 1152 κειραμὲνων,
957 1077 1049 1132 καί
1106 1076 1237 1152 πρὸς
1292 1075 1471 1151 ἀγῶνα
1503 1075 1592 1129 τὸν
1642 1077 1991 1149 πνευματικὸν

341 1162 542 1239 κομιδῆ
599 1165 878 1243 προθύμως
949 1162 1362 1236 ἀποδυσαμένων
1396 1211 1412 1238 ,
1474 1164 1558 1219 καὶ
1635 1162 1726 1218 ὑπ’
1811 1163 1992 1233 ἐκείνῳ

342 1251 868 1332 παιδαγωγουμένων
938 1254 1038 1321 τὴν
1111 1253 1355 1332 ἀρετὴν.
1417 1253 1524 1309 Οὔκ
1617 1252 1879 1328 ἐψεύσατο
1937 1253 1989 1308 δὲ

342 1341 445 1419 ἄρα
487 1349 564 1418 τῷ
622 1343 759 1421 ἁγίῳ
813 1344 874 1400 τὸ
928 1343 1105 1421 ὅραμα
1139 1362 1153 1377 ·
1216 1345 1276 1398 οὐ
1330 1342 1429 1420 γὰρ
1485 1343 1545 1397 τὸ
1603 1341 1986 1421 γεγενημένον,

339 1431 483 1490 ἀλλὰ
537 1433 628 1488 καὶ
673 1433 739 1488 τὰ
782 1431 1116 1509 γενησόμενα
1159 1428 1556 1509 παρεδήλωσεν,
1592 1430 1725 1490 ’Ὅτι
1759 1433 1852 1506 μὲν
1888 1433 1986 1512 γὰρ

344 1520 400 1576 ἐν
442 1523 522 1597 τῷ
565 1521 776 1598 φανέντι
836 1521 987 1595 τόπῳ
1030 1521 1443 1598 κατοικητήριον
1504 1523 1600 1587 τῆς
1659 1528 1753 1577 τοῦ
1801 1523 1989 1600 Κυρίου

2082 625 2268 689 tricis.
2321 627 2471 688 Cum
2525 626 2724 709 itaque
2772 630 3032 692 venisset
3081 630 3154 692 ad
3202 629 3422 709 locum,
3479 633 3578 710 qui
3614 627 3729 691 sibi

2077 725 2462 795 apparuerat,
2491 735 2662 795 aquae
2709 720 2950 796 quidem
3017 720 3233 783 fontem
3278 739 3396 782 non
3447 719 3724 782 invenit:

2079 823 2211 866 eum
2240 823 2374 867 eum
2408 816 2609 868 autem
2643 809 2887 872 vidisset
2919 810 3072 872 bene
3101 830 3236 873 esse
3267 813 3447 873 situm
3500 818 3557 872 et
3587 809 3723 890 pul-

2075 892 2312 967 chrum,
2344 901 2400 955 et
2430 895 2652 976 alioqui
2696 908 2897 977 aptum
2927 898 2998 960 ad
3031 899 3266 962 Domini
3299 900 3540 962 domum
3575 898 3724 960 aedi—

2073 981 2395 1057 ficandum,
2431 986 2488 1046 in
2537 1005 2606 1047 eo
2654 988 2965 1068 pulchrum
3019 991 3304 1070 templum
3367 991 3607 1068 excitat,
3668 995 3727 1051 et

2075 1074 2365 1135 construit
2418 1077 2868 1153 monasterium,
2927 1099 3065 1140 cum
3124 1099 3241 1140 non
3303 1080 3472 1158 pauci
3507 1078 3626 1140 illic
3659 1096 3722 1138 se

2079 1161 2497 1236 totondissent,
2530 1173 2587 1224 et
2617 1166 2689 1227 ad
2716 1177 3015 1230 certamen
3049 1169 3317 1249 spiritale
3347 1188 3412 1229 se
3448 1176 3722 1248 prompto

2077 1260 2132 1310 et
2177 1250 2354 1312 alacri
2414 1254 2612 1315 animo
2672 1267 3126 1336 praeparassent,
3151 1267 3207 1321 et
3256 1259 3328 1320 ab
3378 1259 3478 1319 illo
3512 1258 3720 1318 erudi-

2070 1349 2280 1402 rentur
2311 1341 2384 1402 ad
2443 1341 2746 1408 virtutem.
2811 1350 3087 1409 Sanctum
3143 1367 3280 1427 ergo
3336 1368 3455 1409 non
3513 1346 3722 1408 fefellit

2072 1429 2242 1494 visio.
2272 1429 2402 1492 Non
2437 1433 2592 1493 enim
2627 1436 2886 1498 ostendit
2936 1438 3017 1512 id,
3049 1438 3204 1519 quod
3244 1439 3459 1500 factum
3505 1437 3714 1512 fuerat,

2073 1520 2179 1581 sed
2213 1521 2269 1582 id
2301 1521 2458 1600 quod
2493 1531 2620 1583 erat
2675 1525 2960 1598 futurum,
2995 1527 3139 1588 Nam
3186 1547 3300 1607 quo
3334 1527 3393 1587 in
3428 1526 3557 1588 loco
3589 1525 3719 1602 qui-
3805 1519 3812 1525 ’

341 1611 502 1684 ἡμῶν
553 1612 769 1688 ὑπῆρχε
827 1611 1043 1688 Μητρὸς
1095 1610 1200 1666 ἀπὸ
1259 1607 1472 1665 πολλῶν
1511 1615 1624 1666 ’τῶν
1668 1612 1754 1666 καὶ
1802 1614 1980 1673 autem

2073 1608 2238 1682 (lem,
2275 1610 2376 1690 qui
2439 1624 2815 1692 apparuerat,
2864 1617 3043 1680 fuerit
3085 1616 3484 1680 habitaculum
3514 1615 3718 1677 Matris

343 1700 504 1774 ὂψεσι
564 1708 722 1757 τοῦτο
773 1700 1112 1776 θεασαμένων
1168 1702 1519 1777 ἐμαρτυρεῖτο
1560 1718 1571 1732 ·
1603 1701 1669 1754 τὰ
1739 1699 1791 1754 δὲ
1854 1699 1980 1777 πρό-

2075 1697 2311 1759 Domini
2372 1701 2581 1776 nostri,
2619 1704 2983 1767 testabantur
3039 1706 3232 1785 multi,
3263 1705 3360 1785 qui
3415 1702 3560 1784 ipsis
3607 1702 3719 1764 hoc

341 1788 482 1845 ὄατα
523 1791 614 1846 καὶ
657 1791 718 1845 τὸ
745 1788 929 1860 κλύζον
978 1787 1138 1865 ὕδωρ,
1168 1788 1234 1844 τὰ
1277 1787 1372 1862 μὲν
1431 1789 1552 1852 τοὺς
1611 1789 1980 1868 προσεδρεύον-

2075 1787 2345 1849 viderant
2378 1791 2588 1854 oculis.
2625 1794 2775 1854 Oves
2803 1805 3001 1858 autem
3054 1805 3111 1856 et
3153 1814 3304 1876 aqua
3358 1792 3714 1865 scaturiens.

342 1901 440 1942 τας
515 1886 594 1952 τῷ
649 1878 783 1956 ἆγίῳ
851 1886 963 1952 ναῷ
1011 1878 1226 1956 ἐμήνυε,
1286 1879 1345 1934 τὸ
1377 1875 1519 1934 δὲτὸ
1549 1876 1761 1945 ἣδιστον
1811 1879 1980 1937 ἐκεῖνο

2074 1876 2190 1939 illa:
2211 1878 2450 1957 quidem
2477 1881 2893 1958 signiﬁCabant
2915 1895 3172 1960 sanctos,
3200 1875 3534 1965 quitemplo
3565 1881 3718 1942 assi-

341 1976 490 2043 νᾶμα
519 1969 617 2036 τῆς
661 1971 752 2026 τοῦ
793 1967 976 2044 ἀνδρὸς
1033 1966 1394 2048 διδασκαλίας,
1449 1970 1508 2024 τὸ
1567 1966 1621 2023 δὲ
1669 1971 1756 2025 καί
1811 1991 1980 2038 πεπη-

2073 1965 2294 2028 debent
2329 1988 2343 2044 ;
2380 1969 2506 2032 haec
2537 1981 2730 2034 autem
2795 1975 3209 2038 suavissimum
3244 1973 3392 2036 illud
3426 1973 3713 2033 fluentum

340 2061 542 2133 ρῶσθαι
601 2058 762 2115 ταῦτα
818 2058 936 2121 τοὺς
996 2055 1296 2137 ὀφθαλμοὺς
1366 2059 1466 2126 τὴν
1498 2058 1741 2136 ψυχικὴν
1791 2059 1987 2114 τούτων

343 2148 599 2227 ὑπέφαινε
630 2149 892 2226 πήρωσιν,

427 2239 540 2296 Kl'.
585 2228 666 2294 Ἐν
726 2236 835 2310 ὅσῳ
892 2235 947 2293 δὲ
991 2244 1084 2293 τοῦ
1144 2238 1277 2293 Θεοῦ
1331 2237 1571 2314 ἠγείρετο
1632 2239 1936 2318 οἰκητήριον
1967 2283 1982 2312 ,

335 2329 490 2391 ὑετὸς
546 2329 646 2402 μὲν
701 2325 1023 2406 κατερράγη,
1089 2326 1282 2403 ἑρπετὰ
1351 2323 1405 2380 δὲ
1465 2332 1564 2393 τῆς
1635 2333 1736 2405 γῆς
1791 2326 1986 2384 ἀναδο-

334 2417 494 2473 θέντα
549 2430 667 2478 τοτς
722 2414 956 2491 δήγμασι
1015 2417 1135 2481 τοὺς
1192 2416 1303 2490 περὶ
1361 2421 1516 2472 τοῦτο
1577 2415 1982 2490 δικπονομένους

333 2505 570 2564 ἐκώλυον
607 2553 620 2566 ,
683 2503 837 2560 Ἀλλ’
898 2504 1042 2566 950:3:
1091 2506 1118 2559 ὁ
1178 2504 1273 2578 μέν
1349 2507 1479 2582 πρὸς
1566 2507 1784 2583 οὕρανὸν
1843 2506 1985 2586 αἴρει

333 2597 431 2659 τὰς
491 2607 687 2674 χεῖρας
745 2593 836 2649 τοῦ
881 2600 1012 2649 Θεοῦ
1061 2591 1311 2667 δεόμενος
1346 2610 1360 2625 ⁸
1431 2595 1465 2660 ἡ
1523 2593 1578 2649 δὲ
1612 2598 1716 2650 τῶν
1750 2593 1983 2676 νεφελῶν

332 2685 590 2762 παχύτης
635 2684 709 2745 εἷς
761 2680 952 2759 ἀκριϐῆ
1007 2683 1106 2748 τὴν
1177 2683 1374 2760 αἰθρίαν
1434 2681 1720 2758 μετέϐαλε,
1783 2687 1869 2740 καὶ
1935 2688 1982 2741 οἱ

329 2780 425 2830 τοῦ
456 2771 614 2850 ἔργου
673 2771 928 2850 ἐχόμενοι
982 2772 1080 2837 τῆς
1129 2772 1236 2827 ἀπὸ
1284 2779 1389 2828 τῶν
1447 2770 1736 2849 δηγμάτων
1779 2771 1983 2849 βλάϐης

329 2861 560 2925 ἂπαθεϊς
622 2861 832 2936 ἔμενον,
892 2859 1032 2918 ’Ὅτε
1078 2861 1167 2917 καὶ
1216 2871 1308 2920 τοῦ
1338 2861 1486 2938 ἁγίου
1519 2862 1584 2917 τῖι
1628 2862 1817 2918 δυνατὰ
1864 2877 1981 2925 τοῖς

329 2947 666 3026 οἱκοδομοῡσι
725 2949 1099 3029 συναιρομέοου
1131 2997 1148 3026 ,
1195 2953 1283 3006 καὶ
1341 2953 1472 3029 πρὸς
1531 2953 1592 3007 τὸ
1665 2950 1806 3008 λίθον
1860 2952 1980 3030 ἆραι

327 3040 702 3117 προτείναντος
743 3040 842 3106 τὴν
913 3053 1098 3120 χεῖρα,
1161 3037 1283 3120 ἔχις
1343 3049 1435 3097 τοὺ
1488 3041 1631 3097 λίθου
1687 3039 1976 3116 ὑπεκδῦσα,

2073 2057 2202 2134 ejus
2235 2055 2714 2133 doctrinaeQuod
2747 2083 2832 2126 ea:
2855 2085 2991 2127 vero
3025 2073 3225 2127 essent
3253 2063 3473 2124 orbatae
3494 2060 3709 2134 oculis,

2074 2146 2128 2206 id
2155 2148 2504 2210 ostendebat
2553 2151 2768 2214 animae
2799 2173 3006 2216 eorum
3042 2155 3391 2216 caecitatem.

2151 2233 2354 2299 XXIII.
2387 2239 2632 2302 Interim
2662 2251 2857 2304 autem
2892 2243 3030 2304 dum
3066 2244 3171 2306 Dei
3205 2239 3568 2304 excitabatur
3598 2239 3711 2300 lia-

2071 2323 2420 2407 bitaculum,
2452 2331 2648 2410 erupit
2697 2332 2940 2413 quidem
2978 2333 3214 2412 pluvia;
3249 2341 3559 2410 serpentes
3612 2348 3711 2388 au-

2072 2423 2189 2473 tem
2213 2413 2415 2477 emissi
2446 2436 2478 2478 e
2514 2433 2690 2494 terra,
2729 2421 3027 2483 morsibus
3062 2419 3457 2502 prohibebant
3483 2423 3712 2498 eos,qui

2070 2502 2131 2562 in
2164 2503 2264 2564 illo
2293 2505 2662 2569 laborabant.
2714 2508 2829 2572 Sed
2863 2511 2964 2573 ille
2999 2512 3238 2592 quidem
3274 2509 3468 2571 statim
3505 2525 3711 2568 manus

2069 2593 2221 2653 tollit
2275 2595 2347 2656 ad
2408 2598 2651 2680 coelum,
2683 2599 2871 2663 Deum
2919 2621 3177 2680 rogans;
3215 2599 3460 2662 nubium
3513 2607 3711 2659 autem

2066 2683 2396 2747 crassitudo
2431 2695 2650 2751 mutata
2681 2699 2769 2751 est
2800 2690 2861 2752 in
2895 2710 3189 2753 summam
3223 2689 3626 2760 serenitatem,
3657 2693 3714 2746 et

2068 2771 2167 2850 qui
2200 2775 2366 2852 operi
2417 2787 2585 2838 erant
2630 2777 2871 2861 intenti,
2909 2779 3226 2842 manebant
3258 2779 3422 2841 illaesi
3457 2795 3490 2837 a
3522 2795 3710 2837 nocu-

2066 2870 2268 2924 mento
2313 2883 2642 2927 morsuum.
2696 2867 2824 2940 Quo
2881 2870 3120 2950 quidem
3169 2878 3460 2949 tempore,
3507 2873 3712 2926 saneto

2065 2969 2302 3032 quoque
2330 2972 2436 3033 pro
2467 2956 2688 3018 viribus
2721 2977 2892 3038 opem
2925 2959 3153 3021 ferente
3191 2957 3286 3032 iis,
3330 2956 3430 3038 qui
3462 2956 3711 3017 aedifica-

2066 3039 2229 3113 bant,
2258 3049 2315 3103 et
2347 3043 2418 3104 ad
2446 3046 2773 3107 tollendum
2797 3047 3056 3126 lapidem
3085 3066 3322 3109 manum
3346 3045 3710 3126 porrigente,

327 3129 424 3185 καί
472 3129 570 3196 τῆς
629 3130 813 3208 χειρὸς
873 3128 1149 3205 ἁψαμένη,
1184 3129 1269 3186 ἐπὶ
1296 3127 1432 3186 πολύ
1479 3151 1534 3186 τε
1591 3131 1786 3197 ταὺτῆς
1821 3129 1977 3208 ἐξήρ-

2067 3128 2271 3227 vipera
2302 3135 2549 3227 emersit
2575 3153 2607 3195 e
2639 3134 2927 3215 lapide,et
2960 3155 3202 3196 manum
3227 3133 3709 3227 apprehendens,

329 3239 466 3284 τητο
524 3218 614 3274 καὶ
644 3216 778 3285 ὃλην
827 3218 1085 3298 ἐναφῆκεν
1129 3222 1263 3296 αὖτῇ
1317 3219 1410 3277 to?)
1465 3223 1546 3277 ἱοῦ
1587 3220 1684 3286 τὴν
1743 3223 1978 3295 πικρίαν,

2067 3217 2138 3279 ab
2174 3238 2243 3280 ea
2289 3220 2387 3280 diu
2424 3224 2730 3303 pependit,
2786 3234 2848 3286 et
2889 3225 3135 3286 immisit
3183 3224 3239 3285 ei
3288 3231 3466 3284 totam
3496 3221 3710 3283 veneni

327 3307 483 3364 Ἀλλ’
556 3307 736 3385 ἕτερος
795 3311 931 3383 ἡμῖν
1000 3309 1143 3387 ὥρθη
1197 3307 1402 3370 [Ιαῦλος
1429 3355 1448 3381 ,
1511 3310 1556 3365 εί
1613 3310 1699 3366 καὶ
1757 3309 1833 3383 μὴ
1891 3315 1980 3365 τοῦ

2067 3308 2478 3372 acerbitatem.
2545 3311 2660 3375 Sed
2704 3313 2875 3376 nobis
2932 3314 3212 3394 apparuit
3263 3313 3414 3375 alter
3469 3311 3710 3390 Paulus,

326 3406 499 3477 χοροῦ
555 3403 769 3474 πρῶτος
827 3398 934 3455 τῶν
1014 3397 1327 3455 ἀποστόλων
1363 3447 1379 3474 ,
1433 3397 1568 3456 ἀλλὰ
1632 3398 1753 3463 τοῖς
1796 3397 1980 3462 αὖτοϊς

2067 3397 2298 3458 etiamsi
2332 3417 2450 3460 non
2476 3401 2708 3480 primus
2727 3403 2892 3463 chori
2911 3399 3447 3482 apostolorum,sed
3477 3417 3708 3460 eorum-

323 3489 518 3559 ὶκείνῳ
588 3486 886 3566 χαρίσμασι
971 3486 1404 3564 δυναμούμεννςζ
1466 3485 1526 3546 Ὀ
1583 3488 1680 3562 μὲν
1719 3487 1818 3566 γὰρ
1860 3487 1980 3544 δια-

2067 3484 2502 3571 dem;___quibus
2555 3491 2679 3566 ille,
2713 3491 3008 3553 donorum
3069 3499 3362 3571 potestate
3402 3489 3705 3571 praaditus.

323 3577 455 3632 σείει
510 3564 630 3642 τὴν
671 3589 856 3656 χεῖρα,
889 3577 925 3644 ἡ
984 3574 1036 3631 δὲ
1087 3577 1249 3654 πικρά
1303 3577 1429 3658 ’έχις
1486 3577 1662 3643 ἐκείνη
1704 3564 1841 3633 κατὰ
1872 3581 1973 3653 γῆς

2067 3564 2202 3658 Nam
2221 3564 2321 3629 ille
2345 3570 2584 3648 quidem
2606 3564 2845 3633 manum
2871 3564 3136 3634 concutit
3167 3594 3178 3632 :
3211 3564 3426 3633 acerba
3447 3587 3580 3631 vero
3602 3569 3706 3658 illa

319 3686 376 3722 τε
431 3663 716 3743 βάλλεται,
769 3666 856 3722 καὶ
914 3666 950 3732 ἡ
1009 3666 1129 3746 χεὶρ
1191 3656 1599 3741 αὖτῷνγὰπαθὴς
1669 3665 1735 3735 ἧν
1769 3715 1785 3745 ,
1837 3665 1975 3722 οὕτω

2067 3656 2258 3736 vipera
2302 3660 2468 3722 humi
2499 3660 2675 3736 cadit,
2710 3669 2768 3722 et
2817 3672 2941 3724 erat
2975 3659 3030 3723 ei
3075 3679 3286 3722 manus
3315 3659 3520 3738 illzesa,
3551 3657 3702 3721 adeo

319 3754 596 3830 καθαρῶς,
628 3755 701 3819 ὡς
763 3751 962 3821 ἄδηλον
1021 3758 1184 3830 εἶναι,
1218 3758 1261 3812 εἰ
1317 3758 1413 3812 καί
1471 3756 1570 3822 τὴν
1600 3754 1778 3834 ἀρχὴν
1835 3753 1972 3817 ὅλως

2067 3754 2122 3834 ιιι
2147 3766 2264 3809 non
2295 3762 2640 3830 appareret,
2675 3769 2749 3812 an
2782 3751 2994 3812 fuisset
3032 3751 3276 3812 omnino
3311 3765 3622 3829 percussus
3649 3747 3697 3810 9.

316 3845 572 3920 ὶπλήγη,
606 3840 761 3898 Ἀλλ’
793 3845 850 3899 οἷ)
899 3843 1062 3923 μέχρι
1135 3845 1321 3902 τούτου
1378 3846 1438 3902 τὸ
1483 3846 1614 3922 πρὸς
1670 3833 1765 3907 τὰς
1823 3845 1972 3900 οἰγο-

2067 3833 2173 3897 Srd
2189 3855 2307 3899 non
2330 3857 2594 3920 eousque
2617 3838 2882 3901 constitit
2901 3840 3223 3904 vehemens
3246 3839 3375 3920 ejus
3396 3837 3702 3900 contentio

316 3931 488 4007 δομέις
519 3932 631 3988 τῶν
661 3932 949 4011 εὒκτηρίων
993 3931 1161 3990 οἴκων
1216 3933 1494 4012 φιλότιμον
1539 3933 1782 4007 ἔστησεν,
1831 3931 1969 3988 ἀλλὰ

2067 3933 2112 3986 et
2165 3926 2450 4003 studium,
2487 3929 2546 3989 in
2594 3928 2962 3990 aedificandis
3006 3928 3236 3990 aedibus
3256 3926 3559 4006 oratoriis,
3593 3927 3698 3989 sed

317 4024 407 4078 καὶ
462 4022 720 4100 συνεργὸς
773 4035 891 4086 τοῖς
951 4020 1313 4100 οἱκοδομοῦσιν
1371 4026 1625 4102 ὑπῆρχε,
1686 4023 1772 4077 καὶ
1833 4022 1967 4095 μετὰ

2067 4015 2232 4076 etiam
2265 4034 2439 4095 opem
2473 4019 2608 4080 tulit
2641 4018 2734 4091 iis,
2763 4018 2862 4098 qni
2893 4017 3290 4092 aedificabant,
3324 4025 3382 4079 et
3404 4026 3532 4099 post
3561 4016 3706 4078 tedi-

317 4114 416 4180 τὴν
464 4109 755 4184 οἰκοδομὴν
810 4110 950 4175 ὅλως
1007 4110 1264 4179 ἀϐλαϐεῖς
1308 4112 1390 4180 οὓς
1439 4111 1828 4187 ᾤκοδομήσατο
1883 4112 1968 4168 οἵ·

2067 4103 2384 4166 icationem
2456 4109 2801 4168 coservabat
2893 4107 3138 4167 omnino
3225 4111 3350 4167 suis
3427 4105 3701 4186 precibus

317 4225 445 4266 κους
506 4200 707 4280 εὐχαῖς
743 4214 861 4264 ταῖς
924 4203 1110 4258 ἑαυτοῦ
1155 4205 1450 4282 συνετήρει,
1494 4203 1618 4265 τοὺς
1668 4200 1968 4279 ὀφθαλμοὺς

2067 4193 2268 4255 llaesas
2325 4197 2482 4258 zedes
2533 4215 2677 4277 quas
2710 4196 3126 4274 :edificaverat,
3160 4194 3387 4257 habens
3411 4205 3700 4276 perpetuo

319 4293 474 4372 ἒχων
528 4289 614 4346 διὰ
667 4291 864 4354 παντὸς
923 4293 1053 4368 πρὸς
1108 4293 1199 4348 τὸν
1261 4293 1465 4370 Κύρίον,
1533 4291 1590 4355 ὅς
1634 4296 1738 4349 τῶν
1769 4287 1966 4372 φοϐου-

2067 4283 2258 4345 )culos
2295 4285 2367 4346 ad
2420 4286 2762 4360 Dominum,
2799 4284 2900 4363 qui
2949 4293 3040 4345 est
3087 4302 3319 4362 eorum,
3373 4284 3475 4363 qui
3506 4285 3695 4363 ipsum

318 4381 498 4454 μένων
561 4378 720 4435 αὗτὸν
765 4378 922 4459 ἰσχύς
965 4380 1189 4437 ἐστικαὶ
1237 4383 1568 4460 κραταίωμα,
1609 4380 1819 4438 ἐκσπῶν
1872 4381 1968 4454 μὲν

2067 4373 2290 4450 timent,
2326 4375 2482 4436 vires
2513 4385 2569 4437 et
2603 4362 3042 4437 firmamentum
3075 4374 3126 4447 5,
3165 4362 3426 4434 evellens
3456 4362 3694 4451 quidem

316 4469 424 4525 ἀπὸ
485 4466 708 4545 παγίδος
762 4468 884 4530 τοὺς
940 4467 1106 4531 πόδας
1158 4471 1349 4551 αὖτῶν,
1385 4474 1454 4536 εἷς
1511 4470 1708 4550 χεῖρας
1753 4468 1807 4525 δὲ
1851 4468 1965 4525 θλι-

2067 4461 2321 4542 elaqueo
2345 4464 2530 4542 pedes
2564 4483 2792 4544 eorum,
2827 4483 2944 4524 non
2977 4463 3218 4526 tradens
3240 4475 3439 4523 autem
3470 4461 3529 4521 in
3565 4478 3696 4522 ma-

315 4556 522 4613 δόντων
575 4559 636 4614 οὗ
693 4556 1031 4634 παραδιδοῦς,
1064 4557 1181 4614 οὖδέ
1242 4561 1617 4639 καταισχύνων
1667 4559 1780 4621 τοὺς
1811 4560 1966 4617 αὐτὸν

2067 4569 2162 4611 ius
2187 4540 2398 4613 eorum
2427 4553 2529 4630 qui
2558 4540 2848 4634 affligunt,
2873 4573 3065 4634 neque
3099 4553 3396 4614 dedecore
3428 4552 3695 4614 afﬁciens

314 4648 708 4723 ὑπομένοντας,
781 4651 959 4725 ὥσπερ
1016 4645 1079 4715 δὴ
1108 4651 1196 4704 καὶ
1254 4648 1308 4704 ἐν
1359 4657 1436 4724 τῷ
1467 4657 1555 4706 νῦν
1586 4651 1658 4714 εἰς
1718 4647 1965 4726 διήγησιν

314 4736 656 4817 προκειμένῳ
704 4735 844 4792 ἔστιν
902 4738 1048 4812 ὁρᾳν.
1081 4739 1164 4802 Εἰς
1215 4739 1467 4797 τοσοῦτον
1541 4740 1640 4818 γὰρ
1710 4736 1967 4816 ἐξήγαγεν

314 4829 471 4883 αὐτὸν
532 4824 846 4900 πλατυσμὸν
903 4824 1264 4901 ἀποθλίψεως,
1299 4829 1386 4884 καὶ
1433 4826 1570 4885 οὔτω
1628 4837 1721 4886 τοῦ
1770 4848 1964 4900 σωμα-

311 4923 462 4973 τικοῦ
517 4915 714 4994 βάρους
772 4913 1075 4994 ἐκούφισεν,
1146 4918 1218 4980 ὡς
1280 4918 1417 4973 κατὰ
1466 4939 1584 4974 τινα
1642 4917 1821 4993 καιρὸν
1865 4919 1963 4980 τῆς

311 5005 468 5062 αὐτοῦ
512 5005 848 5086 προσευχῆς,
911 5005 984 5086 ἒν*
1025 5012 1136 5078 ναῷ
1206 5007 1340 5086 ἁγίῳ
1369 5008 1460 5064 τόν
1491 5013 1610 5064 νοῦν
1654 5008 1784 5084 πρὸς
1815 5009 1965 5081 ὕψη-

313 5086 532 5164 Αοτέραν
578 5083 754 5149 ὂλωςη
807 5083 1144 5142 σοντείναντα
1218 5083 1438 5166 θεωρίαν
1474 5131 1491 5158 ,
1550 5083 1814 5162 μετέωρον
1865 5088 1959 5164 ὁφ-

308 5176 457 5243 Θῆναι
514 5177 603 5233 καί
659 5171 975 5253 διηρμένον,
1013 5174 1101 5230 καὶ
1149 5173 1248 5243 τῆς
1293 5181 1394 5255 γῆς
1437 5175 1553 5233 οὐδὲ
1603 5178 1664 5232 τὸ
1713 5176 1962 5253 παράπαν

306 5265 622 5342 ἁπτόμενον,
657 5265 860 5323 ὡσανεὶ
883 5263 974 5318 καὶ
1005 5263 1133 5340 πρὸς
1156 5264 1254 5332 τὴν
1287 5262 1397 5322 ὂίνω
1422 5264 1690 5323 πολιτείαν
1720 5265 1788 5331 ἥν
1816 5267 1958 5320 ἒκεῖ-

307 5377 390 5421 νος
412 5355 608 5434 ἐπόθει,
645 5351 960 5430 καλούμᾶνο
973 5377 1012 5412 ι.

358 5626 539 5697 'Act.
578 5640 812 5699 nvm,
853 5619 918 5697 4,
947 5619 1012 5682 5.
1101 5618 1316 5685 3Psal.
1351 5639 1516 5699 xxxv,
1553 5621 1649 5683 t4.

2051 4658 2175 4720 eos,
2206 4642 2304 4721 qui
2327 4643 2704 4705 sustinebant
2738 4662 2751 4706 ε
2787 4643 3084 4724 quomodo
3119 4643 3259 4703 licet
3297 4642 3500 4703 videre
3533 4641 3590 4701 in
3624 4660 3696 4702 eo

2050 4749 2166 4811 quo
2197 4739 2288 4792 est
2318 4733 2490 4794 nobis
2522 4734 2887 4816 prepositum
2940 4734 3010 4793 ad
3070 4731 3454 4792 narrandum.
3491 4733 3692 4810 Ipsum

2051 4820 2208 4880 enim
2241 4821 2442 4882 eduxit
2477 4823 2533 4884 in
2581 4831 2796 4885 tantam
2847 4822 3217 4884 latitudinem
3245 4821 3318 4880 ab
3349 4820 3690 4895 afflictione,

2049 4917 2109 4969 et
2155 4907 2232 4970 ita
2265 4911 2479 4973 levavit
2526 4912 2808 4990 gravitate
2842 4910 3135 4990 corporis,
3172 4919 3234 4969 ut
3267 4909 3521 4990 quodam
3545 4920 3692 4970 tem-

2049 5016 2192 5078 pore
2243 5017 2364 5062 suae
2420 5002 2726 5073 orationis,
2784 5001 2844 5062 in
2899 5010 3104 5062 sancto
3155 4997 3376 5078 templo
3429 5008 3690 5060 mentem

2047 5105 2212 5149 suam
2238 5096 2481 5151 omnino
2512 5090 2832 5153 intendens
2863 5093 2934 5152 ad
2979 5087 3396 5151 sublimiorem
3428 5094 3691 5149 contem-

2045 5177 2672 5258 p‘lationem,sublimis
2701 5187 3052 5243 cerneretur
3070 5189 3132 5237 et
3157 5176 3436 5250 elatus,et
3467 5195 3542 5236 ne
3571 5186 3689 5238 ter-

2044 5283 2168 5326 ram
2203 5266 2442 5348 quidem
2475 5269 2716 5330 omnino
2749 5273 3308 5348 tangens,tanquam
3345 5265 3442 5344 qui
3473 5265 3546 5326 ad
3581 5285 3688 5326 su-

2045 5373 2290 5435 pernam
2329 5367 2632 5420 vocaretur
2661 5355 3196 5430 conversationem,
3232 5371 3409 5442 quam
3443 5354 3544 5416 ille
3575 5354 3684 5416 de-

2042 5444 2364 5510 siderabat.
