4158 6420
503 329 579 400 59

1805 328 2086 396 ΜΕΝδίδ
2128 327 2575 396 NOVEMBER.

3799 323 3878 394 60

580 467 798 537 XXIV.
857 465 1107 542 Quidam
1153 465 1312 530 enim
1357 462 1688 529 Eustratius
1738 463 2002 539 nomine,
2040 461 2136 546 qui

2311 459 2448 528 KA’.
2484 461 2827 542 Εὖστράτιος,
2893 461 2993 542 γὰρ
3053 483 3132 527 τις
3165 459 3359 539 ὄνομα,
3410 459 3545 543 ἆνηρ
3601 459 3692 521 τδν
3720 462 3875 522 αὒτδν

502 561 774 626 eamdem
801 559 976 621 vitam
1004 576 1180 634 quam
1214 556 1431 619 beatus
1463 553 1800 623 exercebat.
1838 573 2048 634 magno
2081 555 2144 617 in

504 670 639 715 eum
671 660 799 715 erat
830 649 958 712 zelo
988 649 1256 726 affectus,
1287 653 1347 708 et
1374 644 1734 706 incitabatur
1762 643 1835 706 ad
1861 645 1996 723 ejus
2018 644 2146 705 imi-

504 743 810 816 tationem,
844 747 903 801 et
925 738 1164 800 maximi
1211 735 1465 799 faciebat
1486 735 1688 797 videre
1720 752 1812 806 ea,
1848 752 1982 814 quae
2031 733 2141 797 fie-

501 831 644 893 bant
673 849 706 893 a
735 827 1138 893 sancto.Eum
1179 843 1324 907 ergo
1369 823 1689 905 aliquando
1737 831 1976 886 secutus
2007 841 2142 886 cum

503 927 681 1001 esset,
717 937 926 1000 preces
955 924 1270 980 consuetas
1301 913 1549 978 Domino
1609 913 1975 986 redditurus,
2007 931 2143 974 cum

502 1029 591 1085 se,
628 1017 692 1070 ut
721 1013 928 1089 potuit,
963 1003 1398 1078 abscondisset,
1432 1021 1507 1066 ne
1566 1001 1639 1066 ab
1671 1001 1772 1064 illo
1813 1002 2140 1078 videretur,

505 1107 565 1162 et
622 1099 706 1161 ibi
765 1097 1188 1181 permansisset
1249 1102 1367 1156 toto
1411 1100 1684 1173 tempore
1741 1091 2139 1174 precationis,

503 1189 727 1268 stupuit
749 1187 1014 1270 quidem,
1051 1185 1208 1268 quod
1251 1184 1400 1246 adeo
1430 1185 1713 1246 ardenter
1743 1192 1800 1245 et
1827 1184 2148 1246 vehemen-

505 1287 602 1341 ter
629 1289 783 1340 esset
816 1278 1078 1339 intentus
1107 1275 1361 1336 orationi
1397 1294 1410 1337 :
1444 1272 1669 1353 stupuit
1723 1281 1921 1334 autem
1965 1273 2144 1335 etiam

503 1367 661 1449 quod
708 1387 808 1430 res
864 1366 1062 1427 divina
1102 1365 1164 1426 in
1224 1382 1360 1426 eum
1411 1362 1850 1437 ostenderetur,
1900 1362 2146 1443 etquod

411 1491 419 1498 -
504 1477 625 1520 non
670 1458 864 1520 solum
922 1455 1158 1534 spiritu,
1213 1451 1319 1515 sed
1375 1451 1551 1514 etiam
1585 1469 1834 1533 corpore
1875 1450 2147 1513 sublimis

503 1548 578 1609 ab
601 1566 674 1610 eo
691 1554 1130 1620 cerneretur,et
1149 1560 1466 1622 assurgens
1483 1561 1516 1602 a
1541 1540 1722 1604 rebus
1736 1541 2140 1605 terrestribus.

503 1634 630 1698 Hoc
682 1654 827 1718 ergo
885 1654 1017 1696 cum
1050 1631 1422 1713 cognovisset
1472 1629 1596 1710 ille,
1632 1630 1863 1705 beatus,
1920 1639 2142 1692 tantum

503 1725 696 1790 abfuit
719 1735 780 1786 ut
803 1744 936 1786 cum
973 1732 1284 1803 propterea
1317 1720 1662 1800 laudaverit,
1696 1729 1756 1780 ut
1800 1738 1935 1783 eum
1967 1720 2143 1781 etiam

2225 553 2475 617 κάκεῖνος
2528 553 2726 629 μετιὼν
2785 552 2898 630 βίον
2955 557 3036 627 τῷ
3109 553 3400 632 μακαρίτῇ,
3440 550 3630 626 ὶζήλου
3681 573 3737 610 τε
3805 554 3872 610 τὰ

2225 644 2405 717 αὐτοῦ,
2479 643 2719 723 καὶπρὸς
2791 645 3017 719 μίμησιν
3077 639 3408 722 διανίστατο,
3467 644 3551 700 καὶ
3581 641 3712 722 ὅπερ
3743 643 3874 704 αὒτᾶ

2225 733 2290 790 τὰ
2347 732 2489 812 παρὰ
2534 739 2623 790 τοῦ
2679 732 2831 809 ἁγίου
2886 731 3176 808 τελούμενα
3235 735 3402 805 θεῷτο
3463 731 3589 812 περὲ
3673 734 3870 797 παντὸς

2226 821 2487 880 ἐποιεῖτο.
2542 819 2937 892 Ἀκολουθήσας
2989 828 3078 879 οὖν
3145 842 3276 879 ποτε
3319 825 3486 896 αὖτῳ,
3545 823 3638 888 τὰς
3702 823 3870 893 συνή-

2224 915 2329 976 θεις
2387 909 2670 969 ἀποδοῦναι
2730 909 2980 986 μέλλοντι
3040 917 3118 986 τῷ
3197 911 3376 989 Κυρίῳ
3431 911 3624 992 εὐχὰς,
3687 911 3873 969 ἑαυτὸν

2223 1024 2282 1059 τε
2332 1003 2407 1066 ὣς
2477 999 2602 1068 ὲνῆν
2659 1001 2988 1076 ὑποκρύψας,
3035 999 3166 1079 ὅπερ
3196 1000 3274 1074 μὴ
3302 997 3392 1057 ὑπ’
3438 1000 3640 1058 ἐκείνου
3673 1003 3869 1081 ὁρῷτο,

2223 1090 2320 1147 καί
2350 1087 2477 1169 παρ’
2519 1089 2652 1157 ὃλην
2697 1089 2841 1163 αὒτῷ
2889 1091 3358 1168 προσκαρτερήσας
3411 1090 3510 1159 τὴν
3566 1091 3877 1170 προσευχὴν

2230 1179 2542 1259 κατεπλάγη
2601 1179 2697 1254 μὲν
2749 1191 2834 1244 οῖς
2890 1179 3041 1244 οὗτος
3093 1179 3286 1260 ἐποίει,
3343 1182 3550 1260 θερμῶς
3598 1179 3732 1260 ἄγαν
3788 1181 3878 1238 καί

2227 1279 2496 1348 περικαῶς
2555 1269 2933 1348 προσκείμενος
2987 1274 3056 1346 τῇ
3141 1266 3319 1340 δεήσει
3354 1287 3368 1302 ⁸
3422 1269 3736 1347 κατέπλαγη
3821 1266 3878 1324 δὲ

2229 1359 2315 1416 καὶ
2359 1371 2444 1421 οῖς
2494 1359 2555 1415 τὸ
2611 1361 2760 1416 θετον
2817 1355 3153 1415 ἐπεδείκνυτο
3211 1359 3284 1419 εἰς
3345 1359 3527 1435 αὐτὸν,
3594 1358 3688 1415 καὶ
3730 1355 3879 1422 ὅπως

2229 1449 2288 1504 οδ
2371 1448 2628 1523 πνεύματι
2707 1447 2868 1523 μόνον
2903 1491 2920 1523 ,
2977 1445 3115 1504 ἀλλὰ
3189 1448 3278 1503 καὶ
3331 1446 3544 1522 σώματι
3607 1468 3880 1525 μετεωρος

2229 1540 2370 1612 αὖτῷ
2428 1536 2634 1608 ἐθεάθη,
2698 1536 2784 1592 καὶ
2827 1542 2934 1592 τῶν
2975 1538 3184 1616 γηίνων
3237 1535 3878 1611 ἀπανιστάμενος.ΐοῦτο

2227 1627 2396 1683 τοίνυν
2447 1627 2474 1682 ὁ
2505 1626 2764 1703 μακάριος
2796 1626 2977 1705 γνοὺς,
3038 1625 3290 1683 τοσοῦτον
3341 1624 3524 1693 ἐδέησε
3584 1628 3675 1682 τὸν
3718 1623 3879 1704 ἄνδρα

2227 1722 2319 1773 τοῦ
2367 1715 2679 1794 πράγματος
2723 1715 3045 1794 ἐπαινέσαι,
3120 1714 3229 1788 ὅσῳ
3304 1717 3391 1771 καὶ
3474 1715 3748 1794 περίεργόν
3821 1736 3882 1772 τι

503 1815 808 1878 curiosum
832 1801 1051 1895 aliquid
1083 1801 1297 1874 fecisse
1325 1809 1400 1871 sit
1429 1809 1786 1888 suspicatus,
1810 1818 1867 1870 et
1895 1811 2136 1888 graviter

2236 1805 2410 1861 ποιεῖν
2467 1801 2720 1878 ὑπέλαϐε,
2783 1805 2872 1861 καὶ
2929 1803 3133 1883 βαρέως
3193 1807 3337 1879 αὐτῷ
3397 1804 3740 1884 ἐπετίμησεν,
3807 1806 3882 1862 Οὖ

507 1893 946 1987 increpaverit,
996 1902 1250 1964 dicens:
1304 1898 1464 1962 «Non
1518 1897 1812 1960 habitabit
1862 1899 2032 1978 juxta
2090 1908 2136 1962 te

2227 1894 2543 1970 παροικήσει
2613 1915 2696 1950 σοι
2757 1895 3206 1972 πονηρευόμενος,
3267 1893 3452 1952 εἰπών.
3509 1893 3658 1951 Οὕτω
3701 1914 3877 1950 κατα-

503 1982 796 2074 malighus
816 1996 865 2053 4.
883 2019 904 2051 ι
940 1995 1024 2055 lta
1048 1990 1324 2053 studebat
1344 2007 1611 2050 seorsum
1640 1990 1915 2050 invocare
1938 1989 2136 2051 Domi-

2229 1985 2394 2059 μόνας
2446 1983 2760 2056 ἐσπούδαζεν
2821 1983 3190 2041 ἰπικαλετσθαι
3259 1985 3352 2041 τὸν
3387 1985 3598 2062 Κύριον.
3633 1983 3758 2042 Τίνα
3823 1982 3878 2040 δὲ

497 2071 673 2147 num:
701 2087 984 2158 Quasnam
1029 2089 1228 2144 autem
1279 2079 1498 2141 fuerint
1539 2079 1829 2160 deinceps
1860 2081 2136 2161 praeclare

2227 2074 2314 2129 καὶ
2345 2073 2410 2129 τὰ
2442 2072 2672 2129 ἐντεῦθεν
2730 2079 2825 2130 τοῦ
2850 2071 3034 2152 ἀνδρὸς
3079 2077 3488 2155 κατορθωματα,
3521 2074 3610 2131 καὶ
3639 2071 3731 2130 ἐπὶ
3761 2074 3879 2130 τίνα

497 2176 571 2238 ab
601 2194 674 2237 eo
705 2182 892 2255 gesta,
920 2171 992 2233 ad
1041 2190 1108 2233 ea
1137 2174 1257 2249 jam
1291 2168 1497 2230 transit
1529 2169 1735 2231 oratio.
1863 2160 1872 2161 ί

2227 2163 2293 2219 τὰ
2335 2169 2427 2219 τοῦ
2457 2160 2616 2240 λόγου
2649 2164 2866 2242 ἓρχεται
2913 2161 3234 2238 μεταϐῆναι.

577 2248 755 2328 XXV.
812 2248 1027 2327 lllulier
1091 2248 1360 2341 quaedam
1415 2275 1548 2319 cum
1609 2275 1737 2319 eam
1820 2259 1879 2320 in
1931 2258 2136 2321 orbem

2307 2250 2444 2313 KE'.
2509 2252 2733 2308 Γύναιόν
2787 2274 2838 2308 τι
2896 2251 3076 2324 κῦκλῳ
3131 2249 3550 2326 συνεπιθεμένων
3606 2248 3878 2326 δαιμόνων

496 2353 668 2417 multi
699 2338 1233 2416 circumdedissent
1263 2356 1324 2409 et
1355 2347 1707 2409 invasissent
1733 2345 2056 2424 daemones,
2083 2357 2136 2410 et

2223 2338 2461 2419 πολλῶν,
2522 2339 2618 2396 καί
2703 2341 2836 2417 πρὸς
2928 2341 3157 2405 ἀτόπους
3235 2339 3594 2414 ὶκμαινόντὼν
3679 2341 3872 2417 ὁρμὰς,

496 2463 631 2508 eam
661 2445 734 2506 ad
769 2443 964 2521 turpia
1007 2440 1311 2501 irritarent
1361 2436 1679 2511 desideria,
1715 2456 1848 2498 cum
1886 2438 2136 2500 nesciret

2223 2428 2339 2485 ἐπεὶ
2381 2430 2475 2484 οὒκ
2515 2429 2676 2508 εἶχεν
2733 2428 2878 2492 ὅπως
2936 2430 3026 2485 τὸν
3110 2426 3345 2485 κίνδυνον
3417 2426 3680 2507 διαδράσει
3718 2473 3734 2498 ,
3791 2429 3878 2486 ἐπὶ

497 2552 756 2612 quanam
807 2532 1037 2594 ratione
1093 2529 1298 2591 vitaret
1341 2526 1697 2609 periculurn,
1748 2527 2012 2605 confugit
2064 2529 2136 2590 ad

2222 2527 2311 2583 τὸν
2369 2525 2583 2600 ἕτοιμον
2637 2527 2854 2602 ἀμύνειν
2914 2525 3238 2584 ’[ωαννίκιον
3295 2527 3639 2604 καταφεύγει,
3703 2527 3878 2600 τούτῳ

493 2622 891 2696 Joannicium,
925 2619 1027 2697 qui
1055 2625 1181 2680 erat
1212 2625 1518 2697 promptus
1539 2635 1606 2677 ac
1644 2624 1882 2697 paratus
1910 2618 1981 2678 ad
2007 2635 2137 2678 eam

495 2711 958 2785 defendendam,
990 2717 1048 2770 et
1103 2708 1158 2770 ei
1190 2706 1460 2768 enuntiat
1499 2705 1832 2766 daemonum
1866 2707 2137 2788 insidias,

497 2812 558 2864 et
593 2821 664 2864 eo
693 2806 875 2863 utitur
903 2799 1176 2877 adjutore
1221 2803 1426 2857 contra
1458 2794 1852 2858 adversarios.
1886 2794 1994 2858 Ille
2026 2816 2136 2858 au-

498 2901 619 2954 tem
653 2898 924 2972 precatus
955 2897 1044 2950 est
1071 2886 1388 2951 Dominum
1425 2905 1497 2946 ne
1530 2883 1742 2947 mulier
1771 2885 2024 2968 amplius
2047 2906 2140 2949 ve-

495 2989 788 3043 xaretura
816 2976 1188 3040 daemonibus
1219 2997 1232 3038 :
1267 2973 1488 3037 bellum
1523 2992 1660 3036 vero
1692 2974 1749 3034 in
1786 2993 1848 3036 se
1879 2993 2136 3038 conver-

496 3077 739 3144 teretur,
769 3078 825 3131 et
857 3068 957 3130 illa
985 3065 1338 3128 liberaretur
1360 3062 1434 3125 ab
1450 3064 1634 3124 animi
1665 3065 2131 3143 perturbatione.

493 3157 840 3224 Conﬁdebat
870 3157 1028 3220 enim
1062 3173 1128 3218 se
1183 3172 1354 3236 posse
1388 3171 1594 3215 eorum
1619 3153 1914 3216 sustinere
1947 3154 2136 3234 impe-

497 3259 646 3324 tum,
681 3267 814 3312 cum
847 3247 1092 3309 haberet
1123 3262 1332 3305 manus
1361 3242 1566 3305 doctas
1596 3243 1667 3303 ad
1701 3242 1946 3320 bellum,
1977 3253 2033 3306 et
2061 3244 2134 3305 ad

493 3357 700 3402 arcum
733 3355 964 3400 aeneum
995 3333 1322 3414 composita
1350 3330 1615 3394 brachia.
1650 3330 1755 3392 Ille
1776 3350 1915 3411 ergo
1939 3333 2134 3394 statim

2223 2638 2278 2672 τε
2327 2617 2392 2672 τὰ
2448 2623 2546 2683 τῆς
2617 2623 2723 2673 τῶν
2780 2615 3047 2692 δαιμόνων
3091 2614 3381 2683 ἐπιϐουλῆς
3431 2615 3729 2693 ἑξαγγέλει,
3779 2618 3872 2674 καὶ

2224 2704 2367 2779 αὒτῷ
2422 2706 2602 2782 βοηθῷ
2657 2709 2857 2785 χρῆται
2913 2706 3047 2762 κατὰ
3099 2712 3206 2762 τῶν
3273 2704 3543 2768 ἐναντίων,
3579 2706 3640 2765 Ὀ
3689 2704 3745 2764 δὲ
3797 2711 3878 2780 τῷ

2225 2796 2397 2869 Κυρίῳ
2475 2795 2806 2875 προσηύξατο
2831 2843 2848 2869 ,
2915 2795 3112 2871 μηκέτι
3177 2794 3276 2870 μὲν
3334 2796 3430 2863 τὴν
3487 2807 3717 2872 γυναῖκα
3772 2797 3877 2854 ὑπὸ

2221 2885 2486 2964 δαιμόνων
2543 2887 2904 2969 ἑνοχληθῆναι
2935 2933 2952 2963 ,
3021 2886 3110 2944 ἐπ’
3167 2889 3325 2944 αὐτὸν
3386 2885 3439 2943 δέ
3489 2889 3581 2944 τὸν
3633 2888 3874 2964 πόλεμον

2221 2990 2545 3049 μεταπεσεῖν
2579 3023 2594 3052 ,
2697 2976 2945 3043 κάκείνην
3003 2986 3096 3035 τοῦ
3148 2976 3343 3040 πάθους
3442 2974 3822 3056 ἀπαλλαγῆναι
3856 3021 3870 3036 .

2218 3064 2455 3144 Ἐθαρῤει
2515 3067 2614 3145 γὰρ
2661 3066 2760 3133 τὴν
2810 3065 2982 3124 αὐτῶν
3038 3063 3343 3144 προσϐολὴν
3376 3064 3684 3146 ἀνέχεσθαι,
3719 3063 3874 3124 διδα-

2220 3156 2368 3233 χθεὶς
2415 3155 2518 3212 ὓπδ
2568 3155 2723 3234 Θεοῦ,
2757 3156 2848 3216 td;
2896 3166 3092 3234 χεῖρας
3127 3156 3198 3216 εἷς
3229 3153 3464 3230 πόλεμον
3498 3156 3584 3210 καὶ
3616 3156 3689 3219 είς
3719 3155 3871 3222 τοξον

2219 3241 2460 3322 χαλκοῦν
2515 3245 2889 3320 συθαρμοσθεὶς
2949 3245 3068 3306 τοὺς
3121 3244 3437 3322 βραχίονας.
3497 3245 3656 3310 Εὐθὺς
3709 3247 3801 3302 οὖν
3846 3247 3874 3304 ὃ

2221 3331 2318 3406 μὲν
2351 3334 2445 3390 οἶα
2476 3331 2654 3410 βέλεσι
2699 3346 2820 3398 ταῖς
2854 3346 3188 3413 προσευχαῖς
3220 3336 3341 3398 τοὺς
3371 3331 3621 3406 δαίμονας
3652 3334 3876 3392 κατετὸο

494 3427 739 3507 quidem
773 3426 1051 3507 precibus
1073 3431 1350 3503 tanquam
1387 3420 1523 3483 telis
1544 3420 1848 3484 daemones
1870 3423 2134 3494 confixit,

2222 3419 2390 3496 ξευσε,
2425 3421 2559 3498 μηδὲ
2594 3424 2692 3490 τὴν
2725 3422 2942 3501 πρώτην
2976 3420 3280 3494 προσϐόλὴν
3309 3422 3644 3500 ἐνεγκόνταςο
3678 3425 3712 3492 ἡ
3736 3424 3874 3504 γύνὴ

497 3537 631 3580 cum
656 3535 766 3580 nec
797 3516 1056 3596 primum
1087 3511 1327 3593 quidem
1361 3510 1790 3591 ejusimpetum
1817 3512 2136 3574 sustinuis-

2222 3507 2275 3565 δὲ
2328 3518 2418 3568 τοῦ
2468 3513 2663 3578 πάθους
2723 3512 2935 3592 ἀφείθη,
2985 3513 3073 3567 καὶ
3131 3510 3504 3589 ἀναστρέψασα
3561 3511 3729 3588 οἴκοι,
3793 3535 3872 3585 τῳ

496 3618 652 3672 sent.
691 3605 904 3670 Mulier
931 3612 1126 3666 autem
1160 3600 1270 3663 fuit
1299 3599 1549 3661 liberata
1588 3597 1662 3660 ab
1693 3599 1876 3662 animi
1909 3610 2136 3680 pertur-

2223 3597 2310 3656 ἐπὶ
2369 3601 2582 3658 πάντων
2613 3609 2751 3680 Bap,
2789 3601 2876 3656 καὶ
2931 3605 3007 3672 τῷ
3036 3599 3194 3658 αὐτού
3249 3600 3529 3680 θεράποντι
3563 3599 3685 3658 Ἰωα
3699 3601 3872 3677 ινικίῳ

496 3695 760 3776 batione,
798 3703 856 3757 et
884 3695 1125 3757 domum
1157 3708 1422 3769 reversa,
1459 3691 1583 3752 Deo
1617 3689 2052 3765 universorum,
2081 3699 2142 3754 et

491 3786 624 3869 ejus
654 3804 822 3850 servo
853 3781 1200 3858 Joannicio,
1239 3786 1543 3860 acceptam
1595 3778 1930 3842 ascribebat
1977 3781 2136 3844 salu-

490 3884 638 3940 tem.

572 3964 776 4029 XXVI.
811 3963 963 4039 Quid
995 3980 1159 4042 ergo,
1193 3959 1295 4042 qui
1349 3957 1549 4022 omnia
1597 3957 1844 4040 audent,
1878 3958 2134 4041 improbi

495 4065 555 4119 et
581 4055 856 4117 malitiosi
889 4053 1219 4115 daemones?
1233 4048 1362 4112 Non
1381 4047 1524 4110 satis
1539 4045 1836 4110 duxerunt
1856 4067 1921 4110 se
1950 4049 2135 4112 fuisse

490 4145 678 4208 semel
738 4143 979 4205 atl'ectos
1030 4138 1376 4219 ignominia,
1413 4155 1524 4198 nec
1568 4136 1656 4198 eis
1682 4138 1915 4200 suffecit
1943 4138 2132 4202 semel

492 4235 678 4298 fuisse
725 4233 957 4312 victos;
991 4229 1093 4293 sed
1154 4227 1352 4290 missis
1411 4225 1668 4301 insidiis,
1707 4245 1840 4306 quas
1894 4236 2133 4290 structae

491 4328 726 4390 fuerant
745 4321 804 4385 in
822 4321 1128 4393 feminam,
1149 4326 1418 4380 sanctum
1441 4315 1887 4395 aggrediuntur,
1924 4325 1982 4378 et
2003 4336 2135 4397 quae

489 4416 774 4479 adversus
813 4412 972 4474 illam
1005 4409 1392 4488 fabricantur,
1430 4426 1500 4469 ea
1538 4423 1646 4487 per
1670 4413 1873 4486 turpes
1904 4407 2133 4486 cogita-

491 4506 688 4568 tiones
726 4502 781 4564 ei
814 4509 1025 4562 contra
1055 4497 1275 4560 inferre
1305 4499 1696 4560 conabantur.
1723 4496 1949 4570 Quibus
1995 4514 2130 4558 cum

491 4593 544 4655 is
564 4592 637 4654 ab
687 4591 854 4652 initio
885 4587 1203 4662 dominari,
1236 4606 1353 4649 non
1419 4587 1670 4667 servire,
1704 4585 2036 4656 didicisset,
2067 4593 2130 4648 ut

2222 4583 2342 4656 πλιᾳ
2407 4585 2776 4664 πεφραγμένος
2863 4584 3252 4664 ἀγωνισμάτων

490 4683 590 4764 qui
625 4690 783 4744 esset
813 4677 1076 4759 undique
1129 4677 1391 4738 munitus
1437 4686 1736 4738 armatura
1778 4673 2129 4764 juvenilium

487 4763 1020 4850 certaminum,eos
1040 4785 1247 4829 rursus
1278 4764 1480 4840 vincit,
1515 4774 1576 4828 et
1601 4784 1807 4827 eorum
1829 4763 2132 4826 machinas

488 4862 562 4923 ad
599 4858 855 4923 nihilum
889 4854 1124 4935 redigit.
1157 4853 1288 4917 Non
1334 4854 1429 4916 hic
1459 4863 1658 4916 autem
1687 4853 1904 4925 solum,
1939 4871 2132 4934 neque

487 4959 732 5033 propter
762 4967 860 5021 ea,
895 4964 1028 5022 qua:
1059 4945 1224 5026 prius
1270 4943 1550 5024 diximus,
1592 4942 1860 5005 decertat
1915 4942 2130 5005 adver-

483 5056 589 5103 sus
613 5038 936 5116 malignum
961 5051 1152 5115 genus
1167 5033 1637 5109 daemonum;sed
1653 5036 1829 5095 etiam
1857 5051 2128 5114 puerum,

482 5129 586 5210 qui
627 5125 950 5209 aliquando
1000 5122 1073 5184 ab
1106 5119 1560 5210 iisintempesta
1592 5132 1765 5185 nocte
1799 5141 1857 5184 in
1907 5123 2128 5185 monti-

481 5209 596 5280 bus
651 5212 987 5279 nemorosis
1037 5223 1097 5272 et
1127 5209 1302 5272 inviis
1332 5210 1762 5285 deducebatur,
1799 5219 1857 5274 et
1880 5211 2123 5292 jamjam

2223 3689 2286 3746 τὰ
2313 3690 2407 3759 τῆς
2439 3691 2704 3771 σωτηρίας
2730 3691 3018 3770 ἒπέγραφε,

2295 3956 2452 4033 Κςκ
2487 3960 2547 4018 Τί
2603 3983 2688 4019 ουν
2748 3962 2797 4017 οἱ
2854 3960 2921 4016 τὰ
2955 3958 3127 4015 πάντα
3181 3957 3485 4033 τολμῶντες
3537 3960 3861 4040 κακότεχνοι

2215 4049 2513 4125 δαίμονες;
2567 4053 2674 4108 Οὔκ
2719 4051 3013 4128 ἠγάπησαν
3067 4047 3208 4115 ἅπαξ
3261 4051 3631 4132 αἰσχυνθέντες
3666 4096 3683 4124 ,
3747 4041 3864 4108 οὐδι

2215 4139 2301 4196 ἐπὶ
2337 4145 2434 4206 τῆς
2493 4139 2712 4217 πρώτης
2769 4138 2982 4214 ἔμειναν
3033 4139 3202 4206 ἣττης
3240 4157 3254 4170 ’
3315 4137 3437 4197 ἀλλ’
3469 4140 3721 4221 ἂφέμενοι
3764 4141 3865 4210 τῆς

2213 4229 2350 4285 κατὰ
2383 4238 2472 4287 τοῦ
2525 4229 2740 4306 γυναίου
2799 4226 3112 4302 ἐπιϐουλῆς,
3167 4228 3556 4308 προσκάλλουσι
3594 4237 3671 4304 τῷ
3699 4230 3864 4310 ἁγίῳ,

2213 4316 2364 4373 καὶᾶ
2394 4313 2512 4373 κατ’
2570 4315 2779 4385 ἐκείνης
2848 4317 3176 4398 ἐτέκταινον,
3234 4326 3400 4376 ταῦτα
3454 4317 3538 4376 διὰ
3586 4317 3865 4399 λογισμῶν

2215 4405 2428 4462 ἀτόπων
2485 4405 2879 4484 ἆντεπαγαγετν
2939 4409 3080 4480 αὑτῳ
3150 4407 3462 4487 ἐπειρῶντο·
3494 4415 3569 4466 ὦν
3600 4407 3654 4475 ἐξ
3684 4407 3863 4489 ἀρχῆς

2215 4495 2468 4573 κυριεὺειν
2526 4493 2700 4574 οὗτος,
2734 4496 2793 4552 ού
2834 4493 3094 4552 δουλεύειν
3139 4497 3496 4577 μεμαθηκὼς,
3541 4497 3640 4554 οἶα
3691 4520 3863 4555 πανοο

3342 4585 3598 4642 νεανικῶν
3635 4633 3651 4664 ,
3733 4587 3867 4645 ἂνά-

2214 4674 2406 4752 κράτος
2437 4695 2494 4732 τε
2525 4676 2740 4739 τούτους
2790 4677 2878 4732 καὶ
2937 4678 3081 4741 αὖθις
3127 4675 3284 4755 ἧττα,
3332 4677 3420 4732 καὶ
3471 4677 3545 4742 είς
3577 4677 3636 4733 τὸ
3694 4675 3864 4753 μηδὲν

2215 4766 2398 4828 αὒτοϊς
2455 4766 2552 4829 τὰς
2600 4766 2892 4844 αμηχανὰς
2951 4767 3304 4844 περιίστησιν,
3367 4765 3475 4823 Οὔκ
3529 4765 3750 4824 ἐνταῦθα
3808 4765 3866 4825 δὲ

2215 4854 2405 4930 μόνον,
2436 4852 2552 4914 οὒδὲ
2580 4853 2665 4936 ἔφ’
2711 4855 2799 4918 οἷς
2853 4856 3140 4934 εὶρῆκαμεν
3185 4852 3442 4934 πρότερον
3465 4902 3482 4926 ,
3543 4857 3604 4912 τὸ
3629 4858 3865 4936 πονηρὸν

2214 4949 2321 4999 τῶν
2375 4941 2640 5019 δαιμόνων
2696 4943 2860 5024 φύλον
2903 4942 3292 5018 καταπαλαίεΐ,
3352 4943 3490 5002 ἀλλὰ
3549 4946 3636 5002 καὶ
3691 4943 3866 5004 παῖδᾶ

2219 5055 2342 5090 ποτε
2372 5035 2472 5090 ὑπὸ
2500 5035 2700 5091 τούτων
2742 5031 3212 5112 παρυδηγούμενόν
3241 5054 3299 5089 τε
3341 5035 3430 5091 καὶ
3463 5033 3858 5114 παρελκόμενον

2212 5123 2343 5202 ἄωρί
2397 5128 2502 5180 τῶν
2560 5127 2762 5179 νυκτῶν
2824 5122 2879 5179 ὲν
2941 5122 3086 5201 ὄρεσι
3130 5120 3419 5180 κατάλσεσι
3461 5124 3554 5181 καὶ
3583 5125 3642 5182 οὗ
3685 5121 3864 5203 ῥᾳδίαν

2211 5211 2394 5293 ’έχουσι
2452 5214 2550 5282 τὴν
2620 5211 2837 5292 πορείαν
2871 5259 2888 5290 ,
2951 5212 3043 5267 καὶ
3101 5213 3264 5284 μόνον
3309 5213 3368 5270 ού
3437 5213 3574 5270 κατὰ
3621 5220 3866 5292 κρημνοῦ

481 5320 611 5369 erat
659 5305 734 5368 ab
765 5307 851 5367 eis
899 5321 934 5365 e
983 5299 1308 5382 praecipitio
1361 5299 1793 5375 deturbandus,
1827 5320 2126 5382 apparens

2222 5302 2441 5369 ἒηθῆναι
2487 5300 2752 5378 μέλλοντα
2781 5299 2873 5358 ὑπ’
2923 5303 3094 5358 αὖτῶν
3148 5302 3428 5383 ἆπιφανεὶς
3511 5305 3539 5360 ὁ
3573 5299 3721 5380 ἅγιος
3771 5301 3865 5383 (ἧν
3953 5329 3958 5334 ’

481 5402 720 5459 sanctus
773 5399 927 5471 (erat
954 5391 1139 5462 enim,
1176 5389 1227 5450 si
1258 5389 1348 5452 vel
1381 5389 1574 5452 solum
1606 5391 1693 5454 eis
1721 5391 2118 5471 apparuisset,

2222 5391 2307 5470 γὰρ
2364 5396 2451 5448 καί
2511 5391 2659 5467 ⁶,ιόνῳ
2718 5394 2796 5464 τῷ
2849 5394 3080 5470 φανῆναι
3137 5389 3360 5471 φοϐερὸς
3417 5391 3669 5472 ικείνοις)
3728 5391 3864 5459 ἕξεί-

484 5483 793 5564 terribilis)
826 5479 1099 5545 liberavit
1126 5479 1200 5542 ab
1230 5479 1484 5556 insidiis,
1513 5487 1572 5544 et
1615 5479 1941 5544 dezluxitin
1973 5479 2123 5540 viam

2222 5480 2334 5537 isto'
2357 5501 2414 5536 τε
2463 5485 2560 5547 τῆς
2629 5478 2940 5559 ἐπιϐοδλῆς,
2975 5477 3069 5536 καί
3116 5482 3246 5558 πρὸς
3291 5481 3389 5549 τὴν
3463 5483 3675 5539 εὒθεϊαν
3721 5481 3855 5551 ἑξη-

480 5580 708 5638 rectam
719 5620 732 5636 .
1881 5615 1884 5618 .

2222 5590 2402 5650 γαγεν.

565 5720 768 5790 4Psal.
797 5741 857 5806 v,
889 5724 954 5789 6.
