4158 6424
461 293 537 361 63

1763 298 2042 361 MENSIS
2086 294 2528 362 NOVEMBER.

3755 300 3830 366 64

457 430 788 495 sciscitatus
821 482 836 513 ,
888 449 964 494 an
1001 431 1104 496 diu
1157 431 1506 497 duraturum
1558 442 1720 497 esset
1775 432 2096 514 imperium

2185 429 2235 489 δὲ
2294 435 2561 511 περιπαθῆ
2620 430 2806 490 τόῦτον
2865 429 2986 490 ἰδὼν
3043 431 3103 490 16
3173 437 3280 489 τῶν
3365 431 3516 491 θείων
3616 433 3833 492 εἰκόνων

455 520 698 587 Leonis.
728 521 835 585 Ille
857 531 1055 584 autem
1079 523 1286 586 videns
1318 543 1456 586 eum
1501 543 1712 604 magna
1742 525 1923 586 animi
1949 526 2097 587 aﬂ'e-

459 615 660 679 ctione
715 625 1105 690 commotum,
1137 619 1296 698 quod
1357 637 1463 698 pro
1505 617 2100 697 divinisimaginibus

463 707 782 770 maximum
843 717 1084 788 caperet
1131 710 1400 772 dolorem
1459 710 1544 789 (in
1595 729 1695 772 eas
1765 717 1924 772 enim
1975 719 2102 773 erat

458 796 681 876 impius
711 798 807 858 hic
834 797 1048 868 Leo,ut
1083 798 1131 859 si
1153 800 1286 875 quis
1307 799 1478 877 alius)
1509 798 1715 860 etideo
1748 818 2101 880 properasse

458 885 535 947 ad
557 885 1101 964 interrogationem,
1138 907 1257 950 non
1289 888 1572 959 substitit,
1628 909 1822 970 neque
1853 909 2100 969 respon-

456 977 684 1037 sionem
729 986 819 1038 est
864 978 1199 1047 meditatus.
1235 979 1336 1038 sed
1398 987 1460 1040 ut
1493 977 1749 1057 Spiritus
1811 979 2102 1059 profunda

460 1075 856 1142 scrutaretur,
881 1076 937 1127 et
967 1068 1125 1128 haud
1153 1069 1230 1129 ita
1259 1066 1358 1129 diu
1391 1068 1464 1130 ab
1493 1069 1631 1130 hinc
1664 1069 1918 1130 futuram
1959 1088 2104 1150 prte-

457 1156 802 1234 signilicavit
851 1157 982 1233 ejus
1030 1158 1423 1232 eversionem,
1460 1170 1520 1218 et
1564 1159 1832 1237 praedixit
1881 1160 2097 1223 futura.

456 1243 602 1306 Nam
637 1263 755 1305 non
786 1246 973 1308 multo
1003 1256 1133 1326 post
1157 1265 1227 1307 eo
1255 1247 1329 1307 de
1363 1248 1557 1309 medio
1589 1248 2102 1329 sulilato,Michael

457 1333 1173 1416 arripuitimperium.qui
1198 1355 1314 1397 non
1332 1337 1742 1418 auxitquidem
1766 1339 2099 1415 persecuti-

458 1441 632 1484 onem
664 1424 945 1485 adversus
967 1425 1358 1499 Christianos,
1385 1426 1747 1501 sivit,autem
1774 1426 2097 1490 Ecclesiam

459 1530 592 1574 esse
617 1512 729 1573 sub
754 1513 1074 1587 haereticis,
1119 1522 1184 1575 ut
1215 1516 1314 1593 qui
1345 1535 1538 1596 neque
1570 1517 2097 1578 lconomachorum

458 1601 932 1664 hazresiomnino
950 1605 1407 1678 accesserit,sed
1431 1607 1833 1684 inejuszelum
1852 1608 2098 1668 effectus

461 1692 534 1752 sit
567 1693 830 1765 mollior,
865 1701 929 1754 ut
978 1694 1152 1754 etiam
1191 1696 1387 1756 multis
1436 1696 1736 1756 videretur
1781 1696 2092 1775 benignus,

465 1798 660 1861 neque
693 1781 876 1842 ullum
909 1783 1299 1844 orthodoxum
1332 1785 1541 1861 dogma
1574 1785 1735 1864 prior
1789 1785 2101 1864 inceperit,

462 1869 611 1931 adeo
643 1879 707 1931 ut
728 1871 1096 1948 contingeret
1125 1893 1316 1954 neque
1341 1875 1530 1952 ipsum
1556 1894 1587 1934 a
1622 1875 1760 1935 vitio
1779 1874 2100 1949 abstinere,

462 1979 659 2038 neque
701 1961 946 2023 salutem
1009 1963 1356 2042 defendere,
1394 1963 1494 2024 sed
1558 1963 1849 2025 malitiose
1912 1965 2105 2044 potius

460 2048 733 2110 haeresim
760 2050 1000 2129 quidem
1031 2051 1199 2113 scivit
1234 2070 1525 2123 crescere,
1563 2052 1739 2113 ﬁdem
1773 2061 1967 2113 autem
2003 2072 2102 2114 or-

460 2140 780 2202 thodoxam
825 2143 1009 2205 minui
1065 2153 1121 2205 et
1151 2145 1442 2207 difﬂuere.
1489 2147 1562 2205 Et
1592 2146 1704 2206 hoc
1750 2145 1991 2224 quidem
2027 2145 2107 2206 ita

462 2247 528 2293 se
551 2230 825 2294 habebat.

542 2320 752 2385 XXIX.
790 2324 1111 2404 Postquam
1164 2334 1358 2387 autem
1417 2325 1532 2386 Leo
1578 2325 1686 2386 fuit
1736 2325 2103 2401 interfectus,

466 2412 625 2472 venit
653 2430 861 2473 rursus
913 2433 1046 2475 cum
1079 2415 1334 2495 quodam
1381 2416 1496 2476 alio
1525 2416 1877 2489 Eustratius,
1912 2415 2109 2476 divino

466 2501 606 2562 huic
638 2502 758 2562 viro
789 2504 1140 2564 renuntians
1183 2513 1458 2566 eventum
1512 2523 1740 2572 eorum,
1793 2523 1924 2583 quae
1977 2505 2107 2583 ipse

462 2590 832 2670 praedixerat.
869 2593 1200 2654 Contritum
1262 2603 1350 2655 est
1379 2601 1577 2654 autem
1613 2592 1687 2652 ab
1724 2594 1809 2653 eis
1831 2593 2106 2672 aliquan-

461 2687 582 2741 tum
611 2681 895 2761 temporis
926 2681 986 2743 in
1019 2701 1320 2744 sermone.
1347 2683 1599 2754 Quidam
1633 2700 1770 2744 vero
1802 2682 1959 2745 Elias
1993 2702 2104 2743 no-

461 2768 646 2844 mine,
663 2771 768 2848 qui
794 2771 1194 2833 exercebatur
1225 2791 1343 2833 non
1367 2773 1573 2852 procul
1602 2790 1636 2832 a
1661 2780 1886 2845 sancto,
1911 2773 2103 2850 ipsum

461 2875 737 2938 magnum
788 2861 1163 2922 Joannicium
1198 2863 1430 2940 excepit
1462 2861 1750 2935 convivio,
1786 2869 1846 2922 et
1871 2878 1974 2922 eos
2004 2862 2105 2940 qui

461 2955 745 3008 venerant
762 2947 941 3009 simul
962 2967 1098 3009 cum
1119 2947 1906 3012 Eustratio.Divinusautem
1932 2950 2104 3011 Joan-

2183 523 2507 602 ὃπεραλγετν
2595 521 2817 603 (ἀσεϐής
2879 524 2978 602 γὰρ
3034 525 3152 602 περὶ
3205 523 3398 586 ταύτας
3452 524 3538 581 καὶ
3602 527 3750 589 οὗτος
3805 528 3833 582 6

2183 614 2329 670 Λέων
2405 613 2561 690 εἴπερ
2622 635 2701 679 τις
2773 611 3011 694 ἄλλος),
3071 614 3159 670 καὶ
3215 611 3300 670 διὰ
3354 621 3509 672 τοῦτο
3566 615 3653 671 καὶ
3734 617 3832 682 τὴν

2185 703 2442 779 ἐρώτησιν
2499 703 2889 760 ἐπισπεύααντα
2923 747 2940 774 ,
3013 703 3108 760 οὒκ
3157 702 3389 782 ἐπέσχεν
3423 750 3440 776 ,
3501 701 3617 762 οὐδὲ
3701 705 3833 783 πρὸς

2184 795 2281 860 τὴν
2351 792 2628 870 ἁποκρισιν
2678 791 2994 867 διεσκὲψατο
3027 841 3042 872 ,
3088 790 3206 849 ἀλλ’
3280 796 3373 849 οἷα
3422 793 3487 850 τὰ
3552 794 3689 870 βάθη
3741 800 3833 852 τοῦ

2184 882 2494 958 Πᾶεύματος
2557 882 2778 960 ἐρευνῶν
2814 931 2830 957 ,
2893 885 2980 939 καὶ
3025 884 3120 951 τὴν
3169 883 3542 962 καταστροφὴν
3597 885 3656 941 οὔ
3712 907 3824 959 μα-

2183 973 2312 1050 κρὰν
2369 971 2573 1028 ἕπεσθαι
2634 969 2966 1048 διεσήμαινε,
3009 973 3098 1029 καὶ
3153 974 3217 1030 τὰ
3279 971 3546 1046 μέλλοντα
3598 975 3834 1052 προηγό-

2186 1082 2366 1139 ρευσεν
2400 1108 2414 1123 ,
2477 1063 2549 1120 Οὐ
2596 1059 2780 1136 πολλῷ
2857 1062 2957 1140 γὰρ
3014 1061 3169 1118 αὒτὸν
3240 1061 3454 1140 ὕστερον
3513 1065 3540 1120 6
3604 1062 3832 1142 Μιχαηλ

2187 1150 2413 1226 ἀνελών,
2472 1151 2714 1230 ἀφείλετο
2772 1151 2870 1218 τὴν
2928 1151 3108 1231 ἀρχὴν
3169 1169 3184 1186 ⁶
3233 1151 3291 1215 ὅς
3352 1154 3442 1228 τὸν
3514 1151 3610 1227 μὲν
3695 1153 3833 1209 κατὰ

2188 1246 2514 1312 Χριστιανῶν
2564 1239 2798 1319 διωγμὸν
2851 1242 2946 1298 οὒκ
3008 1239 3298 1314 ἐπηύξηκε,
3331 1242 3396 1299 τὰ
3448 1239 3502 1297 δὲ
3529 1248 3627 1310 τῆς
3697 1241 3830 1299 Ἐκ-

2182 1329 2409 1396 κλησίας
2471 1332 2572 1387 ὑπὸ
2631 1344 2749 1392 τοῖς
2800 1331 3087 1410 ατρετικοϊς
3132 1335 3344 1387 κεῖσθαι
3397 1337 3658 1411 παρῆκεν,
3715 1331 3832 1388 οὔτε

2183 1425 2250 1494 τῇ
2307 1425 2410 1475 τῶν
2498 1420 2883 1499 Εἷκονομάχων
2966 1420 3156 1498 αἱρέσει
3227 1420 3530 1476 παντάπασι
3599 1442 3832 1499 προστι-

2182 1511 2306 1587 θεὶς,
2349 1508 2485 1566 ἀλλὰ
2547 1507 2922 1583 μαλακώτερος
2997 1512 3112 1588 περὶ
3161 1512 3252 1566 τὸν
3308 1508 3472 1578 αὒτῆς
3546 1513 3834 1586 γενόμενον

2181 1599 2365 1678 ζῆλον,
2415 1600 2485 1661 ὡς
2545 1599 2604 1657 ἄν
2663 1597 2785 1674 δόξῃ
2841 1599 2966 1662 τοῖς
3031 1597 3259 1662 πολλοῖς
3319 1602 3406 1655 καὶ
3465 1599 3833 1680 φιλάνθρωπος

2183 1687 2298 1743 οὔτε
2366 1689 2508 1750 τινὸς
2572 1685 2841 1761 ὁρϐοὸόξου
2914 1686 3179 1764 δόγματος
3239 1689 3445 1765 πρῶτος
3514 1689 3834 1769 ἀρξάμενος,

2134 1779 2262 1841 δὼς
2315 1775 2614 1851 συμϐαίνειν
2675 1779 2813 1851 μήτε
2880 1778 2973 1844 τῆς
3025 1778 3212 1840 κακίας
3264 1777 3555 1856 ἀπέχεσθαι
3623 1787 3831 1851 τοῦτον,

2190 1868 2328 1940 μήτε
2387 1871 2484 1933 τῆς
2540 1868 2802 1943 σῶτηρίας
2876 1867 3218 1948 ἀντέχεσθαι,
3265 1868 3720 1942 περινενοημένως
3779 1866 3832 1924 δὲ

2190 1955 2394 2030 μᾶλλον
2450 1957 2513 2012 τὰ
2580 1955 2677 2028 μὲν
2735 1959 2833 2022 τῆς
2895 1957 3143 2034 αἱρέσεως
3227 1960 3554 2033 προκόπτειν
3607 1959 3777 2038 ἀφῆιιε
3815 2006 3830 2037 ,

2187 2048 2250 2102 τὰ
2299 2044 2350 2101 δε
2382 2046 2474 2112 τῆς
2533 2044 2801 2122 ὀρθοδόξου
2887 2049 3117 2109 πίστεως
3181 2051 3454 2122 μειοῦσθαι
3519 2046 3608 2103 καὶ
3666 2046 3834 2126 6110;3-

2188 2137 2325 2212 ῥεῖν.
2367 2136 2461 2193 Καὶ
2488 2137 2640 2192 τοῦτο
2673 2135 2768 2210 μὶν
2801 2134 2864 2203 δὴ
2896 2135 3059 2197 οὕτως
3093 2141 3270 2216 εἶχεν.

2277 2312 2405 2372 KG’.
2461 2313 2608 2369 Ἐπεὶ
2664 2311 2715 2368 δὲ
2762 2314 2847 2369 καὶ
2906 2316 2932 2368 ὁ
2991 2313 3139 2368 Λέων
3171 2314 3490 2392 ἀναιρεθείη,
3526 2315 3623 2382 ἧκε
3674 2314 3830 2372 πάλιν

2195 2403 2309 2475 μεθ’
2364 2401 2543 2479 ἐτέρου
2584 2404 2725 2465 τινὸς
2798 2405 2824 2457 ὁ
2897 2402 3210 2477 Εὒστράτιος
3255 2449 3273 2478 ,
3333 2403 3687 2481 ἀπαγγέλλων
3761 2426 3835 2478 τῳ

2191 2494 2314 2563 θείῳ
2370 2494 2540 2563 τούτῳ
2588 2490 2731 2569 ἀνδρὶ
2793 2513 2886 2556 την
2947 2490 3161 2548 ἔκϐασιν
3218 2498 3324 2546 τῶν
3381 2493 3464 2548 ὕπ’
3502 2493 3658 2552 αὖτοῦ
3697 2516 3834 2572 προ-

2696 2584 2886 2659 Καιρὸς
2943 2581 3112 2637 τοίνυν
3170 2587 3352 2647 αὐτοῖς
3417 2581 3472 2638 ἐν
3531 2590 3598 2660 τῇ
3655 2583 3836 2658 ὁμιλίᾳ

2192 2669 2392 2748 ἐτρίῧη,
2427 2672 2515 2726 καὶ
2571 2693 2676 2742 τις,
2734 2669 2918 2736 ’Πλίας
2982 2670 3173 2749 ὄνομα,
3223 2671 3278 2726 ἐν
3344 2673 3596 2747 γειτόνων
3646 2673 3836 2728 ἀσκού-

2193 2783 2349 2835 μενος
2417 2783 2493 2834 τῳ
2552 2760 2708 2838 ἂγίω,
2771 2762 2929 2816 αὐτὸν
2986 2782 3043 2816 τε
3101 2761 3268 2837 μέγαν
3326 2763 3411 2817 καὶ
3470 2763 3588 2826 τοὺς
3635 2760 3836 2829 ἀνελη-

2189 2850 2409 2912 λυθότας
2489 2850 2580 2905 σύν
2677 2851 2977 2926 Εὑστρατίῳ
3057 2850 3254 2908 εἱστία.
3305 2849 3364 2907 Ὀ
3428 2848 3480 2905 δὲ
3568 2873 3629 2928 γε
3692 2855 3838 2914 θεῖος

2189 2937 2508 3002 ἰωαννίκιος
2581 2940 2908 3013 μεταιότητα
2977 2948 3069 2997 τοῦ
3153 2941 3269 3016 βίου
3331 2947 3646 3018 κατηγορῶν
3683 2988 3697 3013 ,
3752 2943 3842 2999 καὶ

2190 2582 2563 2658 ηγορευμὲνων
2614 2629 2627 2643 ,

461 3035 657 3098 nicius
705 3037 889 3116 hujus
943 3038 1075 3100 vitae
1116 3057 1404 3101 accusans
1438 3039 1778 3118 vanitatem,
1806 3047 1865 3100 et
1907 3038 2102 3101 verbis

2189 3030 2306 3094 τοῖς
2375 3027 2556 3107 λόγοις
2615 3032 2919 3109 ὑποφαίνων
2983 3033 3044 3088 τὸ
3112 3029 3338 3087 ἄστατον
3396 3031 3551 3086 αἴδτοῦ
3635 3052 3693 3086 τε
3752 3033 3845 3088 καὶ

465 3125 992 3207 ostendens,quam
1036 3138 1193 3190 esset
1211 3128 1503 3190 instabilis
1536 3137 1593 3189 et
1615 3128 2102 3204 inﬁda,commu-

2192 3120 2434 3194 ἄπιστον,
2472 3125 2663 3182 κοινῶς
2717 3121 3006 3198 μακρύνειν
3052 3118 3259 3176 ἐκέλεῦε
3332 3127 3439 3176 τῶν
3496 3119 3706 3176 πόλεων
3753 3122 3846 3177 καὶ

463 3214 916 3290 niterjubebat,
970 3225 1034 3278 ut
1062 3235 1127 3280 se
1160 3218 1364 3298 procul
1406 3225 1788 3278 removerent
1815 3217 1889 3278 ab
1937 3215 2102 3277 urbi-

2191 3209 2430 3288 χωρίων,
2469 3209 2625 3284 Ἠλίᾳ
2653 3209 2706 3265 δὲ
2738 3209 2942 3286 μᾶλλον
3003 3216 3105 3267 τῶν
3138 3208 3312 3265 ἄλλων
3343 3210 3498 3266 τοῦτό
3549 3231 3609 3288 γε
3675 3232 3845 3289 προσ-

463 3303 575 3366 bus
600 3312 659 3365 et
685 3304 853 3366 vicis.
906 3304 1049 3366 Eliae
1081 3313 1280 3367 autem
1327 3306 1566 3367 dicebat
1619 3306 1731 3367 hoc
1769 3304 1952 3384 magis
1975 3323 2102 3369 con-

2188 3299 2311 3378 ἧκε,
2364 3299 2512 3372 εἶπε,
2551 3303 2754 3359 ποιεῖν.
2804 3301 2900 3358 Καὶ
2958 3299 3128 3371 οὗτος,
3191 3298 3397 3377 Θιῤῥει,
3458 3302 3585 3380 ἓφη,
3650 3303 3711 3356 τὸ
3754 3299 3844 3356 ἐπὶ

459 3393 867 3473 venire,quam
892 3393 1048 3456 aliis.
1084 3396 1136 3456 ls
1161 3413 1298 3456 vero
1325 3417 1338 3458 :
1373 3398 1454 3458 De
1485 3396 1620 3475 hoc,
1646 3395 1904 3475 inquit,o
1935 3393 2109 3456 Pater

457 3479 927 3556 Jeoannici,esto
949 3482 1106 3545 bono
1130 3485 1436 3548 animo.Ut
1461 3485 1744 3563 majorem
1772 3491 1972 3547 autem
1999 3484 2102 3547 hu-

455 3570 558 3650 jus
586 3571 678 3634 rei
711 3571 887 3633 [idem
932 3573 1176 3648 faceret,
1209 3573 1464 3654 dicebat,
1499 3573 1656 3650 quod
1688 3573 1749 3634 in
1778 3575 1914 3635 totis
1933 3574 2108 3635 annis

460 3660 943 3738 prlecedentibus
965 3661 1176 3725 fuisset
1207 3663 1532 3737 solitarius,
1566 3675 1626 3724 et
1655 3681 1720 3724 se
1753 3662 2108 3724 removisset

2190 3389 2410 3468 τούτῳ,
2476 3390 2645 3467 Πάτερ
2701 3387 2988 3446 ἰωαννίκιε
3024 3405 3037 3419 ⁶
3115 3389 3203 3445 καὶ
3275 3387 3502 3445 πλεῖονά
3595 3410 3657 3468 γε
3712 3390 3846 3468 πρὸς

2189 3480 2344 3534 τοῦτο
2399 3480 2573 3534 πίστιν
2607 3491 2845 3558 παρεῖχε
2896 3479 2956 3536 16
3003 3477 3056 3534 ἐν
3091 3491 3206 3542 τοῖς
3260 3475 3611 3557 προλαϐοῦσιν
3670 3478 3846 3534 ἓτεσιν

2191 3569 2334 3632 ὅλοις
2418 3567 2680 3646 ἐρημικόν
2736 3589 2793 3625 τι
2879 3570 2968 3626 καὶ
3044 3569 3262 3643 ὰμικιον
3299 3616 3312 3630 ,
3375 3569 3480 3624 Μία
3561 3575 3844 3647 τοιγαροῦν

2189 3659 2364 3736 ἡμέρα
2404 3657 2488 3714 ἐπὶ
2539 3664 2606 3734 τῇ
2656 3658 2806 3736 ἑτέρα
2849 3657 3040 3736 ἤγετο,
3101 3656 3190 3738 ἀφ’
3248 3665 3308 3713 οὗ
3368 3664 3529 3714 ταῦτα
3581 3658 3658 3714 τῶ
3709 3657 3848 3735 ἁγίῳ

468 3749 544 3812 ab
577 3749 885 3813 hominum
933 3753 1384 3829 congressione.
1412 3751 1576 3815 Unus
1627 3753 1825 3832 itaque
1854 3760 1913 3814 et
1959 3752 2102 3813 alter

2193 3747 2416 3828 ἐλέχθη,
2451 3749 2544 3804 καί
2606 3750 2634 3803 6
2681 3748 2926 3828 μοναχὸς
2985 3748 3192 3811 ἐκεῖνος
3253 3747 3441 3812 Ἠλίας
3493 3746 3636 3806 αὒτῶ
3679 3768 3847 3826 προσ-

462 3839 592 3901 dies
621 3841 1012 3920 praeterierat,
1059 3859 1130 3904 ex
1163 3860 1281 3922 quo
1340 3843 1466 3904 haec
1511 3841 1670 3904 dicta
1713 3841 1967 3904 fuerant.
2005 3841 2102 3904 Ille

2193 3836 2384 3918 ελθὼν,
2416 3839 2582 3918 εὒχὴς
2639 3836 2908 3915 ἐξῃτεῖτο,
2956 3837 3036 3916 ἐφ’
3069 3840 3114 3912 ᾧ
3172 3835 3256 3892 διὰ
3315 3836 3467 3893 νόσον
3520 3836 3664 3911 αὒτῷ
3713 3836 3843 3893 ἐπι-

465 3947 606 3990 vero
633 3930 958 3991 monachus
991 3929 1145 3992 Elias
1175 3931 1246 3992 ad
1274 3949 1411 3992 eum
1430 3931 1744 4007 accedens,
1777 3929 2102 4011 postulabat

2193 3929 2476 4002 σκήψασαν
2535 3927 2588 3984 ἔν
2689 3950 2792 3984 τινι
2872 3933 2976 3982 τῶν
3041 3924 3387 3983 ἀναδιδόντων
3457 3927 3624 4001 θερμὰ
3678 3925 3845 3982 ὕδατα

469 4018 600 4098 ejus
631 4037 863 4099 preces,
898 4027 959 4080 ut
990 4029 1232 4100 propter
1255 4019 1556 4095 morbum,
1589 4021 1688 4098 qui
1721 4039 1856 4082 eum
1890 4027 2102 4082 invase-

2197 4021 2410 4098 χωρίων
2467 4016 2876 4095 παραγενέσθαι.
2939 4015 3088 4072 Ἐπεὶ
3143 4013 3198 4071 δέ
3229 4015 3256 4070 ὅ
3289 4016 3386 4089 μὲν
3441 4016 3534 4072 οὒκ
3566 4012 3840 4095 ἐϐούλετο,

468 4115 584 4187 rat,
615 4106 733 4169 iret
775 4107 846 4168 ad
897 4108 1192 4187 quoddam
1253 4109 1564 4190 praedium,
1613 4110 1769 4188 quod
1805 4109 2102 4171 emittebal

2196 4100 2226 4155 ὅ
2275 4106 2325 4162 δὲ
2381 4106 2643 4184 ἐπέκειτο,
2707 4105 2804 4162 καΐ
2860 4103 3013 4168 τέλος
3072 4111 3140 4181 τῇ
3199 4114 3287 4163 τοῦ
3343 4102 3568 4184 ἀδελφοῦ
3598 4105 3839 4179 ἀσθενείᾳ

469 4215 652 4278 aquas
691 4196 938 4258 calidas.
963 4195 1105 4258 Cum
1141 4207 1338 4259 autem
1375 4197 1471 4259 ille
1506 4197 1748 4278 quidem
1785 4197 1991 4271 nollet,
2022 4198 2102 4260 hic

2198 4193 2535 4272 συγκαταϐὰς
2587 4197 2613 4250 6
2667 4193 2840 4272 ἅγιός,
2889 4192 3150 4268 ἐξέπεμπε
3199 4206 3404 4265 τοῦτον,
3469 4192 3661 4272 σχεδὸν
3723 4195 3843 4252 οὔδὲ

471 4305 606 4349 vero
630 4285 876 4348 instaret
913 4308 929 4368 ;
964 4295 1024 4348 et
1057 4299 1359 4367 postremo
1397 4288 1470 4348 ad
1493 4287 1962 4349 imbecillitatem
1999 4288 2102 4348 fra-

2198 4284 2265 4358 τῇ
2328 4287 2432 4339 τῶν
2483 4286 2688 4361 θερμῶν
2759 4281 2960 4338 ὑδάτων
3022 4283 3299 4363 ἐπιφανείᾳ
3382 4283 3629 4357 ὑπέμεινε
3690 4281 3843 4351 πλη-

470 4376 578 4437 tris
619 4393 682 4438 se
713 4377 1034 4438 demittens
1062 4385 1304 4437 sanctus
1339 4395 1474 4437 eum
1510 4376 1833 4444 emisisset,
1875 4377 1967 4437 vix
2001 4395 2102 4455 po-

2199 4373 2403 4435 σιάσαι,
2463 4371 2877 4452 λειποψυχῆσας
2908 4370 2961 4428 δὲ
3018 4374 3104 4429 καὶ
3132 4376 3272 4450 παρὰ
3325 4374 3431 4429 τῶν
3476 4373 3592 4428 ἐκεῖ
3636 4374 3842 4452 τυχόν-

470 4465 581 4527 tuit
602 4465 693 4554 ad
738 4485 922 4545 aquas
953 4465 1183 4554 calidas
1207 4466 1522 4554 accedere.
1571 4466 1716 4528 Cum
1749 4483 1882 4526 eum
1912 4476 2102 4528 autem

2200 4484 2304 4518 των
2347 4460 2537 4538 ἀρθεὶς,
2569 4462 2622 4516 ἓν
2653 4463 2752 4517 τινί
2778 4484 2836 4518 τε
2864 4462 2969 4517 τῶν
2998 4464 3128 4539 πρὸς
3161 4463 3235 4518 τῶ
3265 4461 3373 4540 ὄρει
3404 4460 3630 4518 κελλίων
3679 4483 3847 4518 κατα-

469 4553 738 4634 liquisset
760 4555 1020 4629 animus,
1057 4561 1114 4615 et
1137 4553 1209 4615 ab
1243 4553 1312 4614 iis
1336 4553 1436 4634 qui
1467 4554 1586 4617 illic
1623 4564 1790 4615 erant
1818 4555 2102 4628 sublatus1

2199 4548 2416 4631 κλιθεὶς,
2469 4550 2590 4629 περὶ
2624 4551 2788 4625 μὲσας
2821 4552 3008 4615 νύκτας
3040 4553 3138 4619 τὴν
3171 4550 3402 4610 ἐντεῦθεν
3432 4550 3704 4608 ἐστείλατο
3741 4550 3844 4606 ἐκ·

471 4645 534 4706 in
585 4644 844 4725 quadam
889 4643 1062 4716 cella,
1098 4663 1227 4724 quae
1281 4651 1408 4706 erat
1464 4643 1537 4706 ad
1571 4654 1860 4724 montem,
1910 4645 2102 4706 fuisse?

2200 4638 2418 4714 δημίαν,
2453 4650 2673 4699 τοσοῦτο
2729 4654 2847 4705 τοῖς
2895 4640 3170 4720 προτέροις
3203 4641 3361 4697 αὐτοῦ
3415 4641 3516 4708 τῆς
3559 4640 3843 4710 ἀσκήσεως

473 4733 886 4803 locatus.circa
908 4733 1165 4795 mediam
1197 4741 1429 4804 noctem
1466 4735 1720 4796 excessit
1745 4752 1812 4795 ex
1836 4734 1946 4795 hac
1975 4739 2102 4796 vita.

2201 4731 2380 4794 πόνοις
2428 4731 2590 4809 χάριν
2621 4727 2788 4810 εἰδως,
2826 4729 2948 4788 ὅσον
2981 4731 3065 4786 ἐπὶ
3096 4734 3173 4804 τῷ
3212 4728 3498 4803 τελευταίῳ
3541 4729 3709 4803 τούτῳ
3752 4730 3844 4784 καί

473 4821 773 4901 prioribus
797 4822 971 4884 bonis
994 4842 1117 4884 sum
1151 4821 1595 4885 exercitationis
1621 4823 1773 4883 hanc
1791 4822 1978 4884 solam
2009 4822 2102 4883 ha-

2201 4819 2522 4896 μετεμέλετο
2578 4819 2843 4900 λογισμῷ,
2906 4819 2985 4876 ὅτι
3040 4841 3140 4896 περ
3183 4819 3323 4882 ὄὶως
3352 4818 3547 4890 ὒτιῆρξε
3589 4817 3842 4893 θεραπείᾳ

473 4910 625 4974 hens
654 4912 928 4992 gratiam,
961 4911 1119 4993 quod
1179 4911 1240 4972 in
1302 4913 1412 4973 hac
1446 4918 1712 4974 extrema
1765 4911 2102 4991 cogitationi

2199 4919 2292 4969 τοῦ
2363 4909 2630 4985 σώματος.
2679 4907 2830 4968 Ἀλλ’
2891 4909 3162 4968 ἐπανιτὶον
3225 4910 3311 4968 καὶ
3358 4908 3520 4965 πάλιν
3567 4909 3705 4984 ἡμῖν
3750 4908 3837 4963 ἐπὶ

471 5001 686 5062 ductus
735 5011 894 5063 esset
941 5001 1313 5082 pcenitentia,
1365 4999 1528 5077 quod
1559 5000 1803 5063 omnino
1839 5001 2096 5063 cessisse

2207 5001 2261 5056 τὸ
2273 5025 2290 5056 ν
2317 5001 2486 5078 μέγαν
2517 4997 2862 5060 ἰωαννίκιον.

471 5090 768 5153 curationi
797 5091 1092 5172 corporis.
1127 5090 1243 5154 Sed
1278 5088 1449 5152 nobis
1474 5091 1892 5152 revertendum
1925 5098 2014 5152 est
2043 5089 2118 5152 ad

474 5198 750 5258 magnum
791 5179 1196 5243 Joannicium.

551 5267 733 5333 XXX.
766 5270 878 5332 Hic
917 5269 1008 5331 vir
1037 5269 1272 5332 divinus
1303 5267 1532 5332 solebat
1564 5267 1730 5331 obire
1761 5287 1894 5331 cum
1928 5268 2102 5350 virga1

2279 5266 2537 5330 Α’.Οὖτος
2565 5267 2599 5334 ἡ
2622 5269 2741 5322 θεῖα
2770 5263 2976 5346 κεφαλὴ
2994 5265 3127 5342 μὲτὰ
3158 5262 3343 5343 ρἰδου
3368 5264 3526 5321 εἴωθε
3549 5264 3844 5344 περιιέναι,

474 5357 588 5420 etsi
635 5376 915 5421 sermone
969 5361 1187 5440 potius,
1223 5377 1396 5440 quam
1445 5361 1631 5439 virga,
1670 5377 1820 5438 opus
1871 5357 2102 5421 haberet

2198 5357 2370 5415 καίτοι
2443 5357 2510 5413 τὰ
2568 5354 2742 5413 πολλὰ
2798 5354 2959 5434 λόγου
3005 5354 3210 5430 μᾶλλον
3247 5354 3282 5424 ἢ
3335 5352 3524 5433 ῥάϐδου
3572 5357 3701 5430 πρὸς
3745 5357 3842 5422 τὴν

473 5444 756 5508 adversus
797 5465 970 5509 suum
1028 5465 1297 5527 gregem.
1333 5450 1477 5511 Cum
1533 5449 1583 5509 is
1627 5466 1766 5525 ergo
1799 5447 2102 5528 aliquandt

2199 5447 2386 5503 ἑαυτοῦ
2441 5445 2672 5520 ποίμνην
2733 5442 3006 5520 δεόμενος.
3059 5444 3208 5503 Ἐπεὶ
3254 5446 3340 5500 οὖν
3404 5444 3504 5504 ἀνά
3562 5442 3846 5516 δυσϐἄτους

478 5534 764 5596 transiret
803 5555 907 5616 per
930 5536 1060 5599 loca
1091 5536 1359 5617 quaedam
1394 5537 1641 5598 transitu
1673 5535 2094 5612 difﬁcilia,acci

2201 5539 2393 5594 τόπους
2455 5532 2709 5613 διήρχιτό
2785 5555 2939 5612 ποτε,
2999 5532 3202 5609 συμϐὰν
3275 5531 3439 5601 αῧτὴν
3483 5534 3582 5602 τῆς
3659 5534 3843 5614 χειρὸς

479 5623 666 5694 disset
690 5633 885 5687 autem
902 5633 967 5688 ut
985 5643 1055 5688 ea
1073 5626 1159 5688 illi
1189 5645 1220 5689 e
1247 5644 1424 5690 manu
1446 5627 1773 5703 excideret,
1792 5624 2102 5706 angebatui

2202 5627 2474 5701 ἐκπεσεῖν,
2508 5624 2690 5705 ἠνιᾶτο
2720 5645 2776 5681 τε
2818 5625 2883 5705 τῇ
2926 5621 3164 5700 ἀπωλείᾳ
3205 5647 3303 5694 της
3335 5620 3525 5708 ρἇϐδου
3573 5625 3658 5680 καὶ
3692 5622 3843 5701 ἀμη-
