4158 6438
274 405 350 476 65

1413 409 1599 478 VITA
1643 409 1704 476 S.
1749 405 2137 480 JOANNICII
2194 410 2537 481 ABBATlS.

3595 413 3674 484 66

279 546 460 627 χάνως
490 547 611 627 εἶχε
639 547 762 625 περὶ
819 547 916 614 τὴν
975 547 1204 625 εὕρεσιν.
1264 547 1397 605 Ε’ίτα
1447 549 1576 626 πρὸς
1624 554 1722 616 τὴν
1770 550 1945 620 ζήτη-

2038 549 2249 626 animo,
2289 550 2442 630 quod
2470 552 2631 630 virga
2663 552 2965 633 periisset,
3000 570 3111 616 nec
3142 553 3272 633 ejus
3297 554 3669 619 inveniendae

280 658 360 692 σιν
421 641 589 704 αὖτῆς
640 638 934 716 ἀπογνοὺς,
985 637 1055 692 τὰ
1107 637 1307 715 γόνατα
1357 638 1601 713 κάμψας,
1664 639 1758 703 τὰς
1817 662 1946 695 συν-

279 727 436 793 ἡθσις
504 727 679 806 εὖχας
746 733 824 800 τῷ
897 728 1074 802 Κυρίῳ
1157 725 1421 787 ἀπεδίδου.
1511 719 1576 783 Ἦ
1660 726 1715 783 δὲ
1788 728 1948 785 πάλιν

279 815 460 891 ἆὲριος
491 816 619 889 ἧκε,
651 818 741 872 καὶ
802 821 871 892 τῇ
897 815 992 872 τοῦ
1044 816 1195 894 ἆγίου
1253 819 1396 896 χειρὶ
1453 817 1720 896 φερομένη
1779 817 1946 874 ἐνετί-

278 909 400 960 θετο
438 922 453 936 ⁶
501 907 590 960 καὶ
651 907 679 961 ὃ
742 906 840 980 μὲν
902 905 1051 967 εὐθὺς
1112 906 1246 962 κατὰ
1300 928 1418 962 τινα
1475 907 1708 986 λόχμιον
1762 903 1948 986 ἄντρον

282 991 477 1066 εἰσεδυ,
550 995 731 1073 ὥσπερ
802 995 921 1049 τινα
993 993 1155 1074 φίλην
1227 996 1400 1071 ἐαυτῷ
1457 999 1728 1052 κατοικίαν
1779 998 1949 1074 ἀρπά-

283 1105 380 1148 σας
419 1104 435 1120 ·
501 1085 562 1139 τὸ
619 1082 675 1139 δὲ
735 1084 834 1160 ἄρα
879 1084 1058 1162 βραχύ
1116 1106 1167 1140 τε
1217 1085 1283 1151 ἦν
1330 1083 1530 1160 κομιδῇ
1580 1087 1665 1141 καὶ
1696 1087 1797 1142 ὐπὸ
1829 1085 1948 1141 δαι-

281 1173 727 1247 μόνωνῴκεττο,
782 1173 1005 1249 οἵτινες,
1057 1175 1130 1237 ὡς
1189 1171 1332 1230 εἶδον
1391 1175 1482 1230 τὸν
1537 1173 1684 1252 ἅγιον
1740 1173 1952 1252 ἀοράτῳ

283 1259 508 1337 δυνάμει
582 1264 685 1318 τινὶ
761 1261 1180 1337 δυναμούμενον,
1257 1265 1344 1319 καὶ
1418 1264 1556 1319 κατὰ
1625 1264 1834 1319 Παῦλον
1897 1263 1948 1318 ἐν

285 1351 465 1430 ἡμέρα
511 1358 723 1430 πονηρᾷ
779 1351 1117 1419 δικαιοσύνης
1168 1353 1362 1430 θώρακι
1421 1355 1507 1408 καὶ
1563 1355 1728 1430 θυρεῷ
1784 1374 1946 1408 καταο

285 1445 650 1519 καυχώμενον
704 1442 953 1514 πίστεως,
1019 1441 1129 1514 ὅλῳ
1186 1446 1337 1516 θυμῷ
1412 1442 1786 1521 ἐξεκαύθησαν,
1861 1443 1950 1498 καί

287 1552 338 1585 τι
398 1532 489 1586 καὶ
551 1531 809 1595 παθόντες
866 1532 956 1588 ὑπ’
1019 1533 1178 1588 αὐτοῦ
1233 1529 1512 1609 ἆντιδρῶσι
1561 1553 1609 1587 τι
1643 1533 1728 1588 καὶ
1778 1531 1944 1592 οὗτοι,

291 1619 445 1676 Ἐπεὶ
475 1617 533 1675 δὲ
586 1635 709 1684 ταῖς
767 1619 990 1702 ἀφανέσι
1039 1621 1242 1684 πάσαις
1295 1617 1620 1699 προσϐολαῖς
1680 1621 1943 1700 ἀπεκρού-

291 1711 498 1774 σθησαν
584 1711 861 1791 ἰσχδρῶς,
947 1712 1135 1768 τούτου
1219 1710 1746 1790 περιτετειχισμένου
1828 1725 1950 1776 ταῖς

289 1813 658 1879 προσευχαῖς,
715 1800 868 1864 τέλος
926 1800 1032 1856 τῶν
1084 1801 1220 1856 κατὰ
1279 1805 1375 1867 τῆς
1446 1803 1634 1880 ψυχῆς
1697 1799 1949 1878 ἀφέμενοι

2032 639 2208 700 ullam
2233 640 2572 702 inveniebat
2594 643 3154 707 rationem.Deinde
3175 662 3309 706 cum
3344 643 3401 706 in
3426 663 3494 707 ea
3518 665 3675 727 qua:-

2029 729 2218 790 renda
2247 729 2665 810 despondisset
2704 731 2996 813 animum,
3030 733 3198 794 ﬂexis
3240 733 3495 812 genibus
3525 755 3672 799 con-

2031 827 2228 880 suetas
2276 836 2484 898 preces
2514 819 2803 884 reddebat
2834 821 3108 884 Domino.
3143 822 3249 884 llla
3307 831 3503 886 autem
3534 842 3673 887 rur-

2033 925 2132 968 sus
2179 908 2340 969 venit
2391 927 2499 990 per
2544 927 2770 984 aerem,
2807 920 2868 975 et
2914 911 2974 972 in
3030 911 3216 972 sancti
3277 930 3516 974 manum
3568 915 3676 976 fuit

2033 997 2313 1076 imposita
2348 1018 2360 1058 :
2399 1007 2455 1059 et
2489 999 2585 1060 ille
2615 999 2853 1078 quidem
2886 1001 3086 1063 statim
3121 1019 3227 1079 per
3256 1002 3552 1081 quoddam
3582 1022 3676 1065 ar-

2034 1085 2270 1146 busmm
2327 1095 2562 1148 antrum
2593 1087 2800 1164 subiit,
2836 1097 2898 1150 ut
2929 1093 3024 1169 qui
3057 1088 3170 1150 sibi
3223 1091 3516 1170 quoddam
3547 1111 3677 1172 grao

2035 1182 2156 1234 tum
2182 1177 2529 1256 arripuisset
2561 1176 2995 1239 habitaculum.
3021 1178 3084 1239 Id
3113 1186 3310 1240 autem
3346 1189 3472 1242 erat
3498 1180 3676 1244 breve

2033 1262 2376 1343 admodum,
2406 1274 2463 1325 et
2481 1264 2854 1327 habitabatur
2878 1285 2911 1327 a
2943 1267 3315 1328 daemonibus
3351 1286 3366 1343 ;
3401 1269 3497 1350 qui
3534 1290 3674 1350 pos-

2032 1371 2208 1432 quam
2241 1352 2520 1415 viderunt
2554 1360 2829 1417 sanctum
2863 1355 3076 1418 virtute
3105 1357 3382 1438 quadam,
3418 1377 3546 1437 quae
3567 1361 3676 1420 sub

2030 1450 2335 1521 aspectum
2394 1461 2508 1504 non
2564 1444 2835 1524 cadebat,
2889 1444 3256 1526 roboratam,
3290 1454 3370 1520 et,
3420 1457 3482 1508 ut
3535 1447 3680 1510 dicit

2031 1529 2273 1607 Paulus,
2337 1531 2396 1593 in
2455 1532 2550 1594 die
2609 1534 2762 1595 malo
2826 1535 3070 1597 thorace
3129 1533 3380 1614 justitiae
3425 1545 3484 1598 et
3538 1538 3676 1600 ﬁdei

2033 1620 2240 1702 clypeo
2290 1622 2638 1701 gloriantem
2696 1624 2773 1697 7',
2836 1624 3073 1685 fuerunt
3133 1626 3218 1685 ira
3282 1627 3525 1688 omnino
3582 1646 3676 1690 ac-

2033 1712 2224 1786 censi,
2246 1720 2303 1772 et
2333 1712 2405 1772 ab
2430 1714 2558 1793 ipso
2588 1712 2812 1790 aliquid
2843 1713 3022 1793 passi,
3057 1719 3112 1776 ei
3145 1733 3379 1795 quoque
3418 1735 3521 1796 par
3551 1717 3682 1797 pari

2035 1801 2320 1862 referunt.
2379 1801 2523 1864 Cum
2558 1819 2695 1862 vero
2725 1801 2999 1864 obscuris
3057 1802 3334 1865 omnibus
3365 1804 3680 1868 insultibus

291 1897 570 1966 μηχανῶν
619 1889 939 1964 ἐπετίθεντο,
995 1889 1086 1969 ἔχ’
1142 1890 1349 1969 εύαζον,
1404 1888 1595 1970 ἐϐόων,
1657 1889 1946 1969 ἕπλησσον,

2038 1889 2290 1952 fuissent
2318 1891 2668 1972 propulsati,
2698 1909 2766 1953 eo
2787 1891 2957 1954 valde
2983 1898 3208 1954 munito
3232 1893 3679 1973 precibus,tan-

292 1975 543 2055 ἔφευγον,
586 1977 954 2053 καταθαμϐεἶν
1011 1976 1408 2057 προσδοκῶντες
1465 1976 1711 2061 ἔϐρυχον,
1775 1977 1947 2057 ἐπήρ-

293 2087 464 2144 χοντο
537 2068 677 2125 κατὰ
737 2067 1032 2146 πρόσοπον,
1107 2067 1325 2124 κλονεῖν
1397 2066 1605 2124 ἐδόκουν
1677 2070 1740 2124 τὸ
1801 2070 1949 2136 σπή-

295 2154 478 2214 λαιον.
548 2147 640 2215 Ὠς
697 2154 751 2212 δὲ
813 2158 840 2212 ὁ
911 2157 1006 2232 μὲν
1078 2156 1273 2234 φαῦλον
1349 2155 1519 2236 οὐδὲν,
1592 2155 1696 2215 οὔδ’
1767 2157 1950 2233 ἀγενὲς

295 2243 659 2320 ἐπεδείκνυτο,
722 2249 770 2304 οἱ
826 2244 879 2302 δὲ
941 2248 1114 2302 πάντα
1167 2247 1267 2312 τῆς
1341 2247 1540 2302 ἑαυτῶν
1596 2247 1949 2326 κακοτεχνίας

294 2335 478 2392 κάλων
553 2337 891 2409 κινήσαντες,
967 2336 1118 2402 τέλος
1202 2339 1332 2413 πρὸς
1403 2339 1464 2394 τὸ
1539 2351 1784 2414 γενναῖον
1857 2337 1952 2391 τοῦ

297 2423 488 2502 ἀνδρὸς
562 2427 656 2482 καί
751 2429 998 2505 σταθερὸν
1085 2427 1457 2504 ἀπειρήκασιν,
1549 2425 1792 2489 ἐλεεινῶς
1877 2427 1948 2489 εἰς

297 2513 466 2582 ἧτταν
496 2514 814 2596 τραπέντες,
846 2517 908 2574 Τί
942 2519 1080 2591 ἡμῖν
1110 2518 1200 2573 καὶ
1249 2517 1332 2573 σοί
1366 2537 1380 2597 ς
1429 2512 1620 2580 Ἰ’Πλθες
1673 2517 1772 2595 πρὸ
1823 2539 1949 2572 και-

296 2612 389 2682 ροῦ
445 2604 729 2680 βασανίσαι
787 2607 979 2681 milia;
1025 2608 1117 2662 καὶ
1155 2605 1295 2662 οὗτοι
1357 2607 1484 2685 πρὸς
1543 2605 1701 2662 αὐτὸν
1759 2602 1949 2685 ἐϐόων,

293 2695 478 2772 ὥσπερ
506 2693 576 2761 δὴ
605 2696 703 2752 καὶ
730 2697 860 2774 πρὸς
889 2698 979 2753 τὸν
1041 2695 1168 2772 ἐμὸν
1230 2694 1435 2764 ’ῐησουν
1501 2699 1546 2752 οἱ
1599 2696 1696 2762 τὴν
1753 2695 1950 2752 ἐκείνου

292 2784 593 2860 παρουσίαν
660 2785 1037 2860 ὑπομένοντες.
1103 2785 1252 2844 Ἐπεὶ
1309 2783 1363 2841 δὲ
1424 2787 1484 2841 τὸ
1543 2785 1807 2854 σπήλαιον
1863 2786 1950 2841 καὶ

292 2870 522 2936 ἄκοντες
559 2873 950 2955 ἀπελίμπανον,
984 2875 1160 2954 ἕτερον
1195 2879 1290 2934 οὐκ
1345 2875 1508 2954 εἶχον
1561 2875 1755 2953 εὒρεῒν,
1817 2875 1844 2930 ὅ
1903 2897 1950 2929 τι

297 2964 429 3020 ποτὲ
489 2965 796 3032 οἰκήσουσι,
861 2971 1148 3044 Πανταχοῦ
1202 2965 1300 3043 γὰρ
1356 2979 1604 3044 παρεῖναι
1664 2967 1751 3020 τὸν
1801 2964 1951 3044 ἅγιον

290 3051 660 3132 ἐξανοᾶζοντο
733 3053 1130 3130 μεταδιώκοντα
1211 3056 1298 3111 καὶ
1380 3056 1780 3135 τροπούμενον,
1867 3055 1954 3110 καὶ

292 3148 482 3207 αὐτοῖς
562 3143 741 3223 ὥσπερ
809 3144 924 3200 τισί
996 3143 1238 3218 ταλάμου
1314 3146 1518 3218 θηρίσις
1598 3145 1950 3217 ἐπιτιμῶντα.

292 3230 481 3294 Οὕτως
514 3230 641 3290 ἄνευ
695 3235 914 3310 ἀνομίας
973 3233 1182 3314 τρέχων
1236 3234 1510 3312 necdum,
1575 3235 1661 3290 καὶ
1714 3236 1786 3296 εἷς
1824 3255 1952 3289 συν-

291 3321 526 3388 ἇνττριν
628 3323 835 3403 ἐχθρῶν
934 3323 1269 3402 ἐγειρόμενος
1372 3326 1502 3380 Θεὸν
1591 3324 1952 3403 προφθάνοντα

291 3410 556 3489 ηὕρισκεν
589 3459 606 3486 ,
670 3416 824 3471 αὐτὸν
883 3415 982 3489 μὲν
1039 3413 1177 3471 ἒλέει
1235 3413 1651 3492 περικυκλοῦντα
1683 3459 1700 3488 ,
1775 3418 1952 3476 κακῶς

294 3498 350 3556 δὲ
384 3503 511 3566 τοὺς
571 3503 762 3565 κακοὺς
821 3501 1178 3566 ἀπολλύοντα,
1240 3503 1416 3572 ⁹¹Οσης
1475 3504 1574 3579 μὲν
1625 3505 1713 3559 οὖν
1769 3500 1954 3567 ἀηδίας

293 3591 386 3645 καὶ
447 3595 702 3670 ταραχῆς
729 3597 798 3669 τῇ
855 3593 960 3648 τῶν
1023 3591 1285 3669 δαιμόνων
1338 3591 1589 3672 φυγαδείᾳ
1630 3592 1752 3657 τοὺς
1803 3591 1856 3648 ἐν
1880 3598 1956 3666 τῷ

294 3678 408 3756 ὄρει
443 3679 778 3758 ἆπήλλάξτν,
816 3681 845 3738 ὃ
874 3694 1149 3741 κατοικεῖν
1178 3683 1332 3740 αὐτὸν
1361 3685 1498 3740 κατὰ
1556 3683 1649 3738 τὸν
1706 3689 1955 3757 Ψαλμῳ-

295 3767 390 3824 δὸν
439 3768 728 3837 εὐδόκησεν
788 3773 817 3829 ὁ
860 3772 1015 3848 Θεὸς,
1073 3773 1291 3836 ἐκείνοις
1340 3773 1642 3852 κηρύττειν,
1695 3773 1782 3828 καὶ
1842 3772 1959 3828 οἷον

297 3860 628 3937 ἀνάγραπτα
706 3862 773 3918 τὰ
850 3861 942 3930 της
1011 3863 1310 3940 εὐεργεσίας
1378 3874 1558 3921 ποιεῖν
1633 3863 1956 3918 καταλείπο-

299 3970 430 4024 μεν.
497 3941 695 4025 Ἠμετς
749 3951 804 4008 δὲ
864 3953 994 4030 πρὸς
1053 3955 1118 4008 τὰ
1179 3952 1300 4022 ἑξῆς
1358 3962 1451 4011 τοῦ
1519 3950 1682 4031 λόγου
1745 3951 1959 4031 τρεψώ-

300 4042 467 4112 μεθα.

2036 1979 2169 2041 dem
2225 1981 2424 2042 missis
2467 1982 2753 2042 adversus
2797 1981 3059 2043 animam
3113 1983 3677 2061 machinationibus,

2035 2081 2243 2148 aperte
2275 2069 2794 2149 aggrediebantur,
2811 2069 3165 2145 irridebaut,
3181 2071 3674 2150 vociferabantur,

2036 2158 2370 2238 pulsabant,
2398 2157 2720 2238 fugiebant,
2743 2168 3154 2238 exspectantes
3179 2159 3305 2222 fore
3327 2169 3389 2221 ut
3414 2162 3466 2223 ei
3497 2162 3679 2224 affer-

2033 2255 2168 2309 rent
2200 2255 2488 2309 terrorem
2524 2265 2537 2310 :
2586 2248 2920 2325 rugiebaut,
2957 2251 3017 2308 in
3049 2249 3258 2310 faciem
3293 2249 3676 2327 invadebant,

2036 2355 2273 2398 movere
2323 2337 2675 2400 videbantur
2704 2338 3069 2418 speluncam.
3135 2339 3281 2401 Cum
3332 2349 3526 2400 autem
3579 2341 3681 2404 ille

2036 2427 2185 2489 nihil
2234 2427 2620 2503 ostendisset,
2679 2427 2838 2508 quod
2899 2437 3057 2489 esset
3111 2428 3309 2508 pusilli
3365 2442 3422 2490 et
3465 2428 3684 2510 abjecti

2035 2514 2220 2576 animi
2247 2535 2262 2591 ;
2286 2515 2371 2576 illi
2394 2533 2532 2576 vero
2557 2515 2731 2578 modo
2744 2514 2909 2577 omni
2930 2515 3181 2577 rudente
3201 2535 3326 2577 suae
3346 2517 3683 2580 calliditatis

2035 2613 2092 2665 et
2111 2604 2372 2685 malitiae,
2391 2614 2694 2687 postremo
2717 2616 2958 2668 omnem
2990 2625 3157 2688 spem
3180 2605 3542 2686 abjecissent
3563 2609 3678 2670 ad-

2035 2713 2240 2756 versus
2275 2695 2418 2756 tanti
2450 2695 2560 2756 viri
2593 2696 2866 2758 virtutem
2897 2705 2954 2758 et
2979 2698 3399 2774 constantiam,
3427 2698 3680 2760 misera-

2037 2783 2240 2845 biliter
2291 2785 2424 2847 victi
2458 2792 2514 2845 et
2546 2784 2606 2846 in
2642 2785 2836 2864 fugam
2881 2785 3177 2847 conversi.
3212 2785 3366 2858 Quid
3401 2785 3575 2848 nobis
3623 2799 3683 2849 et

2037 2873 2194 2934 tibi?
2226 2873 2456 2936 Venisti
2491 2875 2563 2934 ad
2597 2891 2704 2934 nos
2746 2875 3110 2953 torquendos
3137 2881 3276 2935 ante
3309 2875 3593 2955 tempus?
3639 2877 3681 2938 ii

2039 2982 2274 3044 quoque
2307 2962 2380 3024 ad
2407 2963 2602 3043 ipsum
2624 2963 2980 3038 clamabant,
3006 2964 3302 3045 quomodo
3337 2964 3512 3026 etiam
3547 2984 3681 3028 meo

2037 3053 2176 3116 Jesu
2204 3053 2268 3132 ii,
2299 3053 2397 3133 qui
2428 3053 2741 3113 adventum
2774 3053 2932 3114 illius
2964 3071 3081 3115 non
3107 3052 3494 3115 sustinebant.
3533 3054 3677 3117 Cum

2039 3152 2234 3205 autem
2262 3142 2607 3224 speluncam
2638 3143 2730 3203 vel
2762 3141 2927 3204 inviti
2975 3139 3382 3223 reliquissent,
3419 3161 3535 3208 non
3568 3164 3677 3224 po-

2040 3239 2232 3294 terant
2281 3232 2546 3293 invenire
2595 3232 2768 3292 aliam
2803 3251 2978 3311 quam
3028 3231 3386 3292 habitarent.
3445 3232 3680 3310 Ubique

2039 3322 2199 3384 enim
2252 3323 2462 3384 adesse
2520 3334 2791 3382 sanctum
2851 3320 3078 3382 visione
3124 3321 3675 3401 apprehendebant,

2041 3420 2498 3493 persequentem
2541 3418 2602 3472 et
2651 3411 2970 3489 fugantem,
3007 3418 3064 3470 et
3095 3428 3198 3471 eos
3242 3409 3678 3492 increpantem,

2041 3514 2317 3581 tanquam
2354 3500 2509 3562 feras
2540 3500 2770 3578 aliquas
2801 3498 3131 3560 arundinis.
3171 3497 3267 3560 Sic
3298 3499 3427 3560 sine
3460 3500 3684 3582 iniqui-

2044 3599 2157 3652 tate
2185 3609 2429 3652 currens
2457 3590 2846 3669 dirigebatur,
2874 3597 2930 3650 et
2952 3590 3240 3650 excitatus
3263 3589 3336 3649 ad
3365 3608 3685 3651 occurren-

2043 3680 2186 3742 dum
2239 3679 2523 3754 inimicis,
2557 3679 2895 3740 inveniebat
2948 3677 3136 3740 Deum
3195 3679 3680 3758 praevenientem,

2042 3769 2234 3849 ipsum
2262 3770 2504 3846 quidem
2539 3767 3006 3829 circumdantem
3041 3766 3471 3843 misericordia,
3497 3769 3684 3830 malos

2043 3867 2239 3921 autem
2271 3860 2425 3920 male
2450 3859 2822 3939 perdentem.
2849 3858 2920 3919 Et
2941 3875 2974 3919 a
3001 3866 3223 3938 quanta
3254 3857 3494 3937 quidem
3517 3858 3686 3920 turba

2043 3959 2101 4009 et
2154 3948 2452 4027 molestia,
2484 3950 2819 4009 dmmonum
2873 3947 3008 4024 fuga
3039 3947 3378 4009 liberaverit
3419 3966 3545 4024 eos,
3580 3949 3684 4025 qui

2043 4044 2213 4100 erant
2235 4037 2294 4097 in
2330 4047 2553 4111 monte,
2589 4037 2651 4097 in
2682 4055 2797 4116 quo
2827 4036 3122 4112 habitare,
3158 4043 3222 4096 ut
3248 4037 3392 4098 dicit
3420 4036 3688 4099 Psalmo-

298 4129 588 4208 graphus,
623 4129 738 4211 ipsi
768 4133 891 4195 Deo
923 4131 1306 4214 complacuit,
1341 4131 1460 4194 illis
1497 4131 1883 4195 scribendum
1914 4135 1982 4194 et
2008 4127 2373 4191 beneﬁcium
2403 4125 2618 4189 litteris
2673 4125 3070 4186 mandandum
3106 4126 3535 4205 relinquamus.
3572 4125 3691 4189 Nos

299 4228 502 4303 autem
539 4228 952 4284 convertamur
973 4223 1048 4286 ad
1074 4241 1165 4298 ea,
1199 4240 1330 4302 quae
1363 4221 1650 4303 deinceps
1681 4230 2034 4302 sequuntur.

378 4299 515 4370 AA'.
595 4309 796 4368 Ἐνὸσεί
825 4313 922 4378 μέν
970 4336 1072 4369 τινι
1102 4320 1209 4370 τῶν
1262 4313 1638 4391 συγκλητικῶν
1698 4313 1792 4388 μία
1849 4319 1950 4369 τῶν

2117 4309 2338 4372 XXXI.
2393 4307 2638 4369 Cuidam
2671 4303 2930 4366 senatori
2963 4303 3278 4383 mgrotabat
3310 4323 3426 4365 una
3457 4323 3527 4367 ex
3563 4305 3690 4367 suis

295 4397 631 4478 θυγατέρων,
680 4400 777 4458 καί
835 4405 902 4459 τὰ
961 4401 1103 4478 μέλη
1162 4415 1408 4480 παρεῖτο,
1456 4399 1678 4470 εὐσεϐὴς
1729 4425 1785 4459 τε
1831 4402 1962 4460 οὖσα

301 4490 394 4543 καὶ
465 4491 535 4545 τὰ
591 4497 919 4565 Χριστιανῶν
975 4488 1362 4570 πρεσϐεύουσα,
1427 4481 1485 4549 Ὀ
1542 4490 1589 4547 δ’
1641 4490 1727 4548 ἐπ’
1760 4490 1963 4572 ἀδελφῇ

298 4585 380 4652 τῷ
453 4577 592 4656 ἂγίῳ
665 4579 898 4660 γαμϐρὸς
959 4579 1140 4648 δεινῶς
1194 4583 1332 4638 κατὰ
1401 4587 1506 4638 τῶν
1577 4591 1670 4642 τοῦ
1741 4589 1963 4662 Χριστοῦ

297 4666 528 4724 εἰκόνων
559 4667 752 4726 ὲλύσσα
803 4693 860 4728 τε
918 4673 1009 4729 καὶ
1065 4672 1312 4750 ἀφέρετο.
1373 4671 1586 4735 Φθάσας
1648 4671 1737 4727 οὖν
1786 4674 1812 4727 ὁ
1851 4693 1960 4746 μαο

294 4758 512 4837 κᾶριος,
547 4758 648 4825 τὴν
692 4760 787 4833 μὲν
817 4763 959 4841 εὗχῆ
988 4763 1075 4816 καί
1134 4762 1280 4835 τύπῳ
1339 4763 1566 4839 σταυροῦ
1624 4761 1723 4829 τῆς
1782 4760 1960 4841 χαλε-

298 4854 410 4915 πῆς
443 4847 678 4914 ἐξείλετο
708 4852 883 4927 νόσου,
944 4853 1033 4908 τὸν
1081 4849 1159 4924 δὲ,
1221 4851 1334 4908 ἐπεὶ
1389 4850 1467 4927 μὴ
1528 4853 1722 4907 πείθειν
1755 4852 1873 4915 οἷός
1903 4873 1960 4907 τε

297 4939 363 5005 ἦν
430 4941 693 4997 νουθετῶν
749 4945 847 5010 τῆς
907 4938 1090 5009 δεινῆς
1161 4939 1498 5021 ἀποσχέσθαι
1572 4942 1786 5021 μανίας,
1873 4942 1960 4998 ἒπὶ

294 5030 403 5096 τὴν
459 5027 634 5086 παῖδα
685 5029 808 5110 ἧκε,
879 5033 968 5088 καὶ
1026 5030 1353 5110 σπλάγχνων
1421 5031 1728 5110 συγγενείας
1799 5033 1958 5110 ὑπερ.

297 5115 453 5198 ιδὼν,
526 5120 720 5177 οἰκείου
787 5119 842 5175 δὲ
911 5119 997 5176 διὰ
1063 5120 1163 5188 τὴν
1238 5117 1506 5180 εηόσὲϐειαν
1578 5118 1956 5195 ἐπιλαθόμενος

297 5207 569 5289 αἵματος,
627 5222 800 5288 πηροϊ
851 5211 1025 5284 τούτῳ
1080 5211 1202 5274 τοὺς
1257 5210 1560 5290 ὀφθαλμοὺς
1632 5207 1698 5266 δι’
1762 5212 1956 5289 εὐχῆς.

296 5296 454 5354 Οῧτω
500 5298 664 5369 ζῆλος
723 5298 1021 5365 θεοσεϐείας
1086 5307 1494 5380 κατακαυχᾶται
1564 5301 1651 5356 καὶ
1721 5303 1953 5380 φύσεως,

295 5391 390 5444 καὶ
481 5393 642 5454 ποθος
726 5389 938 5458 ἀληθής
1024 5391 1157 5470 πρὸς
1246 5391 1378 5447 Θεὸν
1468 5389 1553 5446 καὶ
1639 5395 1956 5468 συγγενικῆς

296 5478 538 5557 ἀνάγκης
592 5480 1061 5562 ἐπικρατέστερος.
1119 5479 1229 5548 Τὴν
1283 5480 1378 5537 κὲν
1434 5481 1557 5560 γὰρ,
1631 5480 1675 5535 εί
1733 5480 1819 5535 καὶ
1877 5480 1956 5556 μιὶ

291 5572 434 5628 κατα
463 5571 616 5652 γένος
647 5572 791 5647 αὖτῷ
838 5576 1136 5651 προσῆκεν,
1199 5568 1320 5627 ἀλλ’
1371 5566 1451 5625 ὅτι
1513 5570 1577 5628 τὰ
1626 5571 1955 5649 Χριστιατῶν

377 5751 407 5802 7
437 5752 654 5837 Ephes.
690 5770 775 5832 vr,
821 5751 919 5818 14.

2046 4397 2308 4473 ﬁliabus,
2347 4395 2733 4475 membraque
2783 4404 2951 4456 erant
2995 4395 3050 4456 ei
3099 4393 3312 4468 soluta,
3347 4412 3484 4455 cum
3535 4402 3694 4458 esset

2048 4486 2643 4568 pia,etCltristianam
2659 4491 2920 4546 servaret
2944 4482 3316 4561 religionem.
3349 4484 3462 4555 Qui
3493 4491 3692 4545 autem

2049 4578 2237 4638 sancti
2273 4594 2543 4638 sororem
2578 4575 2828 4636 duxerat
2859 4591 3130 4648 uxorem,
3163 4575 3445 4635 adversus
3475 4573 3694 4636 Christi

2046 4665 2340 4745 imagines
2386 4665 2643 4744 graviter
2669 4663 2924 4736 furebat,
2961 4673 3016 4723 et
3045 4663 3106 4723 in
3139 4679 3240 4724 eas
3274 4662 3690 4724 invehebatur.

2047 4757 2356 4819 Accedens
2377 4763 2572 4816 autem
2607 4753 3019 4825 beatus,illam
3053 4751 3300 4830 quidem
3339 4751 3616 4832 precibus
3639 4759 3698 4814 et

2047 4845 2215 4925 igno
2249 4845 2444 4908 crucis
2472 4863 2505 4905 a
2535 4843 2697 4924 gravi
2727 4841 2937 4904 morbo
2981 4841 3299 4906 liberavit:
3336 4843 3495 4906 hunc
3529 4862 3691 4920 vero,

2044 4955 2179 4999 cum
2209 4936 2538 4998 admonens
2571 4951 2690 4994 non
2741 4936 2943 5014 posset
2974 4933 3343 5013 persuadere
3382 4941 3444 4994 ut
3475 4951 3506 4993 a
3537 4934 3698 5012 gravi

2042 5026 2144 5088 illa
2171 5025 2504 5088 abstineret
2535 5023 2784 5096 insania,
2815 5021 3056 5084 tradidit
3100 5023 3452 5104 disciplinae,
3484 5031 3542 5083 et
3571 5024 3693 5085 vis-

2043 5133 2245 5177 cerum
2278 5115 2560 5194 despecta
2589 5112 2965 5192 cognatione,
2999 5120 3056 5172 et
3087 5111 3178 5172 sui
3209 5112 3517 5190 sanguinis
3550 5111 3698 5174 obli-

2044 5211 2138 5268 tus
2194 5213 2435 5286 propter
2494 5221 2692 5264 veram
2763 5200 3144 5278 religionem.
3207 5201 3487 5281 precibus
3558 5219 3693 5263 eum

2043 5294 2216 5357 orbat
2262 5294 2472 5356 oculis.
2509 5297 2598 5356 Ita
2649 5290 2813 5353 zelus
2845 5290 3081 5372 pietatis
3113 5300 3172 5353 et
3200 5290 3329 5354 veri
3364 5291 3471 5353 Dei
3503 5290 3696 5352 cultus

2040 5386 2324 5467 gloriatur
2372 5382 2551 5444 etiam
2582 5390 2788 5442 contra
2814 5379 3005 5458 ipsam
3038 5388 3307 5443 naturam
3344 5401 3358 5444 :
3401 5389 3457 5441 et
3490 5397 3690 5441 verum

2039 5487 2104 5550 in
2134 5477 2320 5538 Deum
2373 5472 2740 5534 desiderium
2786 5478 2878 5534 est
2907 5470 3158 5533 validius
3201 5468 3556 5532 necessitate
3586 5486 3693 5528 co-

2038 5565 2360 5648 gnationis.
2408 5563 2556 5627 Nam
2591 5561 2754 5624 illam
2802 5559 3066 5644 quidem,
3106 5561 3337 5624 etiamsi
3367 5575 3589 5640 genere
3618 5553 3690 5616 ad
