4158 6430
470 380 547 448 67

1774 382 2052 446 MENSIS
2095 381 2540 448 NOVEMBER.

3765 375 3851 442 68

467 535 602 579 eum
663 535 779 578 non
829 517 1130 593 attineret,
1150 517 1429 598 quoniam
1467 524 1660 577 tamen
1717 514 2110 579 Christianam

2200 515 2376 596 ἐτίμα,
2438 524 2531 574 τοῦ
2592 517 2785 580 πάθους
2843 513 3141 588 ἀπήλλαξε,
3205 515 3294 570 τὸν
3354 510 3433 588 δὲ,
3481 511 3653 570 καίτοι
3701 534 3851 590 γαμ-

468 604 817 668 observabat
846 603 1219 684 religionem,
1254 624 1287 666 a
1339 605 1548 666 morbo
1600 603 1869 667 liberavit
1903 625 1917 668 :
1955 605 2114 668 hunc

467 702 690 768 autem,
723 695 836 756 etsi
891 712 1158 755 sororem
1220 693 1489 755 duxisset
1543 699 1599 754 in
1637 695 2107 769 matrimonium,

469 783 754 866 quoniam
787 800 919 845 cum
964 782 1178 843 divinis
1217 781 1514 861 pugnabat
1567 781 1949 864 imaginibus,
1983 783 2112 843 visu

2197 604 2320 682 ϐρὸν
2380 605 2530 678 ὅντα,
2603 605 2685 663 ὅτι
2751 619 2877 670 ταῖς
2947 605 3108 670 θείαις
3180 603 3376 660 εἰκόσιν
3449 601 3713 681 ἐμάχετο,
3782 601 3850 658 τὸ

2195 694 2412 771 βλέπέιν
2481 695 2750 776 ἀφείλετο,
2801 696 2890 752 καὶ
2946 692 3187 751 παιδείαν
3256 691 3404 772 ἔχειν
3463 697 3568 748 τῶν
3627 691 3850 769 ἀφανῶν

2195 783 2482 862 ὀφθαλμῶν
2512 788 2635 851 τοὺς
2669 786 2924 866 φανεροὺς
2957 783 3262 846 ἐδικαίωσε,

469 873 731 953 privavit,
767 881 824 934 et
873 890 1103 952 tequum
1159 872 1414 950 censuit,
1467 880 1530 931 ut
1585 871 1740 932 oculi
1791 871 1889 952 qui
1941 879 2109 934 erant
2166 873 2486 953 manifesti,
2519 874 2955 955 castigarentur
3015 890 3120 954 pro
3177 871 3272 946 iis,
3307 869 3406 950 qui
3453 888 3571 932 non
3635 887 3852 931 cerne-

469 966 682 1023 bantur
708 960 920 1024 oculis.
959 960 1060 1021 llis
1085 979 1190 1041 par
1217 967 1306 1020 cst
1339 960 1480 1022 illud
1514 959 1759 1022 addere.

549 1047 783 1112 XXXII.
820 1049 969 1110 [Iuic
1003 1067 1216 1128 magno
1249 1049 1408 1112 Patri
1439 1059 1565 1110 erat
1598 1051 1816 1127 studio,
1850 1052 1898 1111 si
1956 1070 2104 1130 quos

469 1139 542 1202 ad
569 1157 632 1202 se
662 1138 937 1202 audiebat
964 1139 1312 1209 ascendere,
1349 1157 1383 1201 e
1417 1148 1616 1200 monte
1647 1141 2107 1215 descendere,et

469 1230 556 1291 eis
587 1229 820 1290 obviam
856 1228 1211 1310 procedere.
1255 1230 1374 1293 Cur
1395 1229 1506 1292 hoc
1538 1228 1810 1291 faciens?
1840 1228 2106 1310 Magnam

467 1319 531 1380 in
560 1336 810 1382 ascensu
864 1337 1144 1381 resecans
1202 1320 1569 1382 vexationem
1604 1337 1842 1397 eorum,
1889 1321 1988 1402 qui
2032 1321 2107 1382 ad

468 1409 658 1490 ipsum
689 1407 1117 1471 ascendebant.
1152 1410 1256 1471 Est
1288 1412 1444 1470 enim
1478 1427 1653 1489 asper
1682 1419 1739 1471 et
1767 1410 2006 1473 acclivis
2036 1411 2108 1472 ad

469 1508 730 1560 montem
763 1507 1271 1576 ascensus,etnon
1302 1499 1475 1561 facile
1502 1519 1609 1560 nec
1637 1498 1980 1579 expeditum
2000 1501 2111 1562 iter

466 1586 740 1668 praebens
761 1588 1255 1650 ascendentibus.
1300 1589 1636 1672 Aliquando
1669 1588 1868 1669 itaque
1902 1589 1976 1662 is,
2013 1590 2110 1651 cui

466 1677 762 1757 obtigerat
792 1676 1188 1742 Chalcedonis
1221 1679 1624 1761 pontiﬁcatus,
1652 1685 1731 1752 et,
1761 1678 1856 1740 cui
1887 1679 2106 1756 Niceaa,

465 1765 701 1844 Petrus,
734 1777 791 1829 et
818 1765 1192 1840 Theodorus,
1243 1767 1560 1849 praefectus
1619 1767 1872 1848 insignis
1916 1767 2111 1848 gregis

2271 1053 2405 1113 AB'.

2189 1141 2281 1210 δῆς
2314 1143 2378 1212 ἧν
2410 1150 2484 1200 τῷ
2534 1143 2755 1222 μεγάλῳ
2805 1145 2973 1218 τούτῳ
3031 1144 3215 1220 Πατρὶ,
3281 1140 3436 1218 εἴπερ
3499 1140 3643 1200 τινας
3706 1139 3848 1196 ἐπύ-

2189 1236 2308 1290 θετο
2369 1235 2500 1310 πρὸς
2560 1236 2714 1293 αὐτὸν
2774 1234 3043 1307 ἀνιόντας,
3105 1231 3343 1288 κατιέναι
3401 1252 3459 1287 τε
3527 1236 3620 1286 τοῦ
3691 1228 3846 1306 ὅρους

2193 1321 2288 1378 καῖ
2317 1324 2531 1388 τούτους
2563 1329 2925 1402 προῦπαντᾷν.
2989 1325 3048 1380 Τί
3108 1333 3262 1379 τοῦτο
3320 1328 3547 1392 nomini;
3607 1319 3678 1377 Τὸ
3709 1316 3850 1374 πολὺ

2192 1418 2294 1479 τῆς
2353 1415 2408 1468 ὲν
2475 1419 2542 1489 τῇ
2601 1412 2769 1469 ἀνόδω
2825 1412 3185 1490 ταλαιπωρίαις
3244 1408 3677 1484 ὑποτεμνόμενος
3737 1412 3851 1464 τῶν

2193 1503 2266 1565 ὡς
2325 1503 2481 1559 atra»
2537 1503 2820 1561 ἀνιόντων.
2876 1512 3122 1581 Τραχεϊα
3179 1501 3280 1578 γὰρ
3339 1502 3376 1567 ἡ
3432 1501 3560 1578 πρὸς
3617 1500 3679 1555 τὸ
3724 1497 3850 1578 ὅρος

2194 1590 2376 1654 ἄνοδος
2433 1591 2519 1646 καὶ
2576 1591 2834 1670 ἀνάντης,
2893 1595 2978 1646 καὶ
3049 1592 3127 1664 μὴ
3200 1586 3380 1666 ῥᾳδίαν
3454 1600 3567 1649 τοῖς
3642 1587 3854 1643 ἀνιοῦσα

2197 1677 2322 1752 μηδ’
2380 1681 2578 1759 εὔχερῆ
2635 1679 2947 1760 παρέχουσα
3006 1680 3104 1746 τὴν
3165 1678 3401 1754 πορείαν.
3468 1677 3601 1733 Ποτέ
3655 1682 3781 1754 γοῦν
3821 1676 3853 1731 ὸ

2195 1769 2291 1835 τὴν
2378 1768 2701 1849 Καλχηδόνα
2781 1769 2970 1849 λαχὼν
3032 1771 3115 1825 καὶ
3175 1769 3275 1835 την
3335 1767 3555 1826 Νίκαιαν
3624 1767 3852 1844 Πέτρος,

2493 1055 2673 1129 Τούτῳ
2705 1051 3053 1118 ἇίξιονὲκεϊνο
3111 1056 3444 1130 προσθεῖναι,
3510 1051 3612 1108 Διὰ
3673 1072 3851 1108 σπου-

466 1857 822 1932 Studii,cum
844 1855 1065 1938 Joseph
1089 1867 1146 1920 et
1170 1857 1473 1922 Clemente
1493 1858 1564 1919 ad
1593 1857 1787 1939 ipsum
1813 1859 2107 1920 ascende-

2198 1855 2465 1936 Θεόδωρος
2502 1881 2550 1914 τε
2585 1861 2612 1915 ὁ
2671 1859 2768 1926 τῆς
2826 1858 3095 1932 ἐπισήμου
3157 1865 3247 1915 τοῦ
3305 1855 3554 1913 Στου-Ξίου
3615 1857 3852 1932 ποίμνης

468 1946 758 2010 bant.IIoc
789 1955 984 2009 autem
1023 1967 1156 2009 cum
1189 1949 1564 2027 cognovisset
1595 1957 1860 2028 sanctus,
1899 1948 2110 2010 volens

467 2054 672 2098 eorum
706 2055 975 2116 magnam
1013 2037 1208 2099 levare
1239 2038 1344 2100 via:
1377 2037 1817 2108 molestiam,ad
1865 2055 1966 2099 eos
1998 2037 2109 2099 deo

466 2124 699 2188 scendit
745 2145 778 2186 e
815 2135 1039 2189 monte.
1073 2131 1220 2192 Cum
1286 2145 1426 2190 vero
1476 2127 1738 2190 hominis
1775 2127 1881 2190 Dei
1911 2135 2111 2190 essent

465 2224 662 2297 partes
693 2224 750 2278 et
775 2217 970 2279 facere
997 2234 1091 2292 ea,
1124 2235 1257 2294 quas
1286 2224 1486 2280 essent
1517 2219 1641 2280 Deo
1672 2225 1860 2296 grata.
1893 2223 1951 2278 in
1974 2235 2108 2279 sero

468 2323 853 2386 mone,quem
885 2305 957 2368 ad
985 2306 1145 2386 ipsos
1170 2304 1685 2388 babuit,censebat
1705 2305 2106 2370 humilitatem

466 2409 600 2456 esse
632 2394 1059 2474 praeferendam
1093 2393 1377 2456 omnibus
1407 2393 1746 2457 virtutbus.
1783 2396 2106 2476 Postquum

467 2495 668 2545 autem
700 2482 774 2544 ad
834 2481 1032 2544 cibum
1083 2485 1437 2546 sumendum
1490 2483 1615 2563 jam
1657 2483 2104 2547 accessissent:

467 2569 554 2634 Ne
581 2571 980 2645 conturberis,
1002 2570 1408 2652 inquit,frater
1434 2570 1680 2653 Joseph,
1707 2569 1810 2632 sed
1839 2571 1921 2632 sis
1947 2591 2111 2653 para-

469 2667 563 2722 tus
591 2659 666 2722 ad
699 2661 940 2722 exitum.
978 2658 1102 2721 Hoc
1127 2659 1367 2741 quidem
1395 2669 1533 2723 tunc
1572 2661 1660 2723 sic
1689 2660 1933 2738 dictum,
1965 2661 2110 2743 quid

469 2767 605 2811 nam
637 2749 752 2812 sibi
781 2750 958 2811 vellet
980 2747 1346 2812 dubitabitur
1365 2749 1439 2813 ab
1466 2750 1564 2826 iis,
1601 2749 1701 2831 qui
1733 2749 2107 2813 audiverant.

468 2840 614 2902 Cum
645 2847 842 2901 autem
877 2848 1006 2919 post
1037 2838 1246 2901 decem
1282 2848 1340 2902 et
1372 2849 1506 2902 octo
1533 2839 1662 2901 dies
1684 2839 1906 2920 Joseph
1937 2859 1970 2901 e
1993 2841 2114 2904 vita

467 2929 842 3008 excessisset,
875 2936 1037 2990 recte
1095 2928 1518 2990 intellexerunt
1561 2928 1699 3008 quid
1753 2929 1866 2990 sibi
1910 2931 2108 3007 vellet,

467 3018 623 3099 quod
665 3037 911 3096 magnus
941 3017 1191 3081 dixerat.
1235 3018 1483 3081 Divinus
1513 3037 1654 3098 ergo
1695 3019 1792 3082 hic
1825 3021 1997 3081 Pater
2027 3021 2114 3087 sic

468 3128 532 3171 se
564 3107 843 3184 habebat,
875 3117 934 3171 et
968 3116 1189 3170 tantam
1225 3108 1469 3187 gerebat
1488 3128 1692 3170 curam
1718 3109 1968 3170 fratrum
1999 3110 2113 3172 uti«

2194 1945 2564 2028 ἀφηγούμενος
2643 1949 2777 2023 μετὰ
2849 1947 3049 2027 ἰὡσὴφ
3122 1949 3210 2004 καὶ
3289 1945 3645 2026 Κλήμεντος,
3718 1947 3852 2022 πρὸς

2194 2040 2348 2095 αὐτὸν
2406 2039 2505 2096 τὴν
2563 2035 2747 2094 ἄνοδον
2806 2036 3106 2094 ἐποιοῦντε.
3169 2037 3239 2095 Τό
3308 2034 3362 2091 δὲ
3435 2036 3508 2099 ὡς
3578 2036 3848 2114 γνώριμον

2195 2127 2382 2204 γέγονε
2455 2133 2532 2200 τῷ
2603 2127 2763 2206 ἁγίῳ,
2838 2147 2938 2193 την
3011 2125 3221 2192 πολλὴν
3294 2127 3468 2182 αὖτῶν
3554 2127 3850 2200 ὑποτεμετν

2194 2215 2388 2272 ἐθέλων
2461 2217 2847 2294 ταλαιπωρίαν,
2911 2214 3105 2272 ἀνωθεν
3162 2213 3368 2289 μᾶλλον
3429 2215 3582 2278 αὓτὸς
3641 2217 3703 2271 ὶκ
3755 2223 3851 2272 τοῦ

2191 2304 2340 2383 ὅρους
2395 2328 2526 2384 προς
2587 2306 2773 2370 αὖτοὺς
2831 2304 3090 2365 κέτεισιν.
3151 2303 3301 2362 Ἐπεὶ
3358 2302 3408 2360 δὲ
3465 2309 3541 2377 τῷ
3589 2311 3680 2362 τοῦ
3707 2312 3845 2366 Θεοῦ

2191 2393 2449 2471 ἀνθρώπῳ
2479 2396 2570 2451 καί
2601 2395 2846 2473 πράττειν
2880 2395 2945 2462 ἦν
3005 2393 3155 2473 ἔργον
3214 2395 3302 2451 καὶ
3361 2393 3534 2467 λέγειν
3591 2395 3658 2451 τὰ
3711 2393 3842 2475 φίλα

2193 2491 2329 2563 Θεῷ,
2366 2483 2420 2540 ἐν
2451 2489 2518 2560 τῇ
2547 2485 2678 2562 πρὸς
2715 2484 2897 2542 αὐτοὺς
2957 2482 3138 2558 ὁμιλίᾳ
3195 2483 3380 2540 πασῖαν
3440 2483 3642 2562 ἀρετῶν
3699 2507 3842 2564 προ-

2190 2572 2450 2648 τιμητέαν
2490 2573 2634 2629 εἶναι
2678 2574 2778 2640 την
2833 2573 3152 2629 ταπείνωαιν
3210 2571 3460 2634 ἐδικαίου.
3499 2565 3591 2638 Ὠς
3645 2571 3700 2630 δὲ
3753 2577 3846 2631 καί

2195 2663 2374 2719 σιτίων
2403 2662 2655 2720 ἅπτοιντο
2685 2660 2814 2742 ἤδη,
2848 2664 2931 2730 Πή
2963 2665 3274 2742 παραχθῇς,
3322 2667 3443 2718 εἷπε
3504 2669 3581 2737 τῷ
3634 2661 3848 2743 ἀδελφῷ

2197 2749 2424 2831 Ἰωσὴφ,
2498 2751 2636 2808 ἀλλὰ
2707 2755 2793 2809 καὶ
2863 2755 2992 2832 πρὸς
3064 2753 3162 2820 τὴν
3235 2751 3403 2816 ἔξοδον
3478 2752 3851 2828 ἑτοιμὰσθητι.

2197 2851 2360 2900 Τοῦτο
2393 2841 2488 2916 μὲν
2528 2840 2616 2910 δὴ,
2650 2842 2773 2898 τότε
2805 2843 2941 2898 οὕτω
2971 2840 3190 2921 λεχθὲν,
3251 2841 3279 2897 ὅ
3331 2864 3380 2898 τι
3422 2843 3554 2899 ποτὲ⁹
3604 2841 3856 2919 βούλοιτο

2196 2932 2297 2988 ὑπὸ
2369 2937 2472 2988 τῶν
2544 2933 2884 2988 ἀκουσάντων
2956 2929 3292 3010 διηπορεῖτο.
3373 2931 3523 2989 Ἐπεὶ
3601 2931 3650 2988 δὲ
3718 2933 3858 2990 πετὰ

2196 3018 2437 3077 δέκακαὶ
2469 3021 2612 3077 ὀκτὼ
2663 3021 2867 3099 ἡμέρας
2929 3023 2956 3077 ὁ
3016 3020 3215 3102 Ἰωσὴφ
3276 3023 3364 3078 τὸν
3426 3022 3539 3096 βίον
3596 3019 3852 3096 ἀπέλιπε,

2195 3114 2426 3178 συνῆκαν
2457 3108 2689 3188 ἀκριϐῶς
2755 3111 2782 3166 ὃ
2835 3132 2885 3166 τι
2943 3110 3071 3167 ποτὶ
3130 3114 3207 3185 τῷ
3265 3110 3484 3189 μεγαλῳ
3541 3112 3600 3167 τὸ
3657 3110 3855 3191 λεχθὲν

467 3200 667 3272 litatis,
724 3208 786 3259 ut
817 3198 1017 3260 omnia
1050 3199 1102 3259 ei
1159 3217 1335 3280 parva
1394 3197 1736 3260 viderentur
1765 3207 1823 3261 et
1888 3199 2110 3262 nullius

2196 3197 2474 3266 ἠϐούλετο.
2547 3191 2607 3257 εΟ
2682 3201 2778 3274 μὲν
2855 3209 2942 3260 οὖν
3013 3203 3159 3260 θεῖος
3205 3200 3355 3262 οὗτος
3431 3200 3614 3280 Πατὴρ
3682 3200 3854 3264 οὕτως

467 3288 641 3371 pretii
670 3288 782 3349 nisi
812 3288 987 3349 etiam
1017 3306 1187 3348 suam
1221 3287 1479 3349 animam
1503 3297 1754 3368 poneret
1786 3287 2112 3368 profratri-

467 3378 617 3441 bus:
672 3377 733 3438 in
790 3377 904 3438 hoc
958 3395 1199 3458 quoque
1253 3395 1449 3439 meum
1493 3377 1732 3439 imitans
1762 3376 2106 3455 Dominum,

471 3467 732 3549 qui,cum
749 3472 908 3526 esset
928 3473 1149 3545 pastor,
1171 3476 1362 3528 etnon
1397 3469 1826 3546 mercenarius,
1851 3469 2108 3532 animam

470 3555 726 3639 ponebat
757 3571 863 3636 pro
887 3553 1095 3616 ovibus
1115 3555 1172 3618 8.

548 3817 812 3884 XXXlIl.
845 3820 973 3885 Jam
1033 3823 1322 3904 agebatur
1369 3823 1613 3905 quidem
1647 3826 1887 3905 quintus
1918 3843 2111 3887 annus

468 3906 706 3990 imperii
735 3911 1071 3990 Michaelis;
1102 3914 1620 3995 quartusdecimus
1649 3921 1870 3989 autem,
1900 3933 1969 3976 ex
1998 3934 2116 3991 quo

468 3997 704 4078 Bulgari
733 4001 996 4064 fecerant
1021 4003 1457 4084 expeditionem
1494 4013 1550 4066 et
1580 4004 1923 4066 decesserat
1942 4004 2115 4067 Nice-

470 4088 692 4168 phorus
723 4113 738 4166 ;
775 4109 809 4152 a
839 4110 953 4171 quo
986 4101 1254 4173 tempore
1303 4093 1477 4155 multi
1507 4093 1941 4169 Romanorum,
1979 4113 2114 4156 cum

469 4178 654 4258 patria
688 4179 967 4244 libertate
997 4183 1236 4258 amissa,
1273 4183 1696 4246 detinebantur
1730 4183 1945 4264 captivi
1983 4200 2114 4246 ma-

470 4265 644 4330 nibus
671 4268 1290 4350 Bulgarorum.Venit
1348 4275 1546 4352 itaque
1597 4274 1654 4335 in
1710 4281 1967 4335 mentem
2025 4271 2113 4334 illi

468 4355 742 4438 benigna;
772 4367 834 4424 et
864 4361 1146 4424 clementi
1174 4362 1408 4435 animm,
1437 4363 1487 4424 si
1513 4381 1626 4443 quo
1656 4363 1830 4425 modo
1855 4383 1958 4426 eos
1982 4383 2115 4443 pos-

467 4457 558 4510 set
587 4451 846 4512 educere
877 4469 912 4513 a
941 4450 1237 4513 laboriosa
1267 4453 1367 4513 illa
1399 4461 1458 4514 et
1500 4452 1719 4514 afﬂicta
1750 4453 1887 4515 vita.
1925 4451 2113 4514 Inter-

2195 3293 2345 3370 εἴχε,
2405 3291 2493 3346 καὶ
2562 3290 2796 3364 τοσούτῳ
2861 3291 2961 3356 τῆς
3031 3296 3138 3346 τῶν
3221 3287 3462 3368 ἀδελφῶν
3549 3290 3849 3370 ἐφρόντιζεν

2193 3377 2474 3458 ὡφελείας,
2541 3376 2650 3454 ὅσῳ
2706 3379 2794 3436 καί
2853 3385 2958 3435 πᾶν
3035 3380 3226 3458 μικρὸν
3311 3378 3454 3454 αὗτῷ
3519 3377 3690 3436 ἐδόκει
3758 3381 3852 3436 καὶ

2192 3475 2286 3524 τοῦ
2342 3466 2573 3544 μηδενὸς
2632 3466 2802 3543 ἄξιον,
2862 3469 2905 3524 εἱ
2964 3468 3043 3542 μὴ
3102 3469 3194 3525 καί
3257 3469 3355 3536 τὴν
3428 3467 3586 3526 αὒτοῦ
3658 3469 3849 3549 ψυχὴν

2191 3557 2321 3638 ὑπὲρ
2376 3556 2600 3636 ἀδελφοῦ
2655 3556 2926 3634 τιθέμενος
2975 3556 3093 3635 εἴη,
3155 3559 3246 3614 τὸν
3308 3557 3436 3634 ἐμὸν
3505 3561 3602 3616 κὰν
3675 3560 3853 3633 τούτῳ

2197 3647 2474 3715 Δεσπότην
2543 3647 2898 3723 μιμούμενος,
2957 3647 3040 3726 ὃς,
3099 3649 3306 3715 ποιμὴν
3359 3648 3433 3706 ὢν
3490 3651 3578 3707 καὶ
3634 3652 3694 3709 οὐ
3745 3671 3846 3725 μι-

2193 3735 2416 3812 σθωτός,
2447 3736 2600 3794 ἐτίθει
2629 3738 2728 3805 τὴν
2757 3738 2943 3817 ψυχὴν
2975 3737 3106 3814 ὑπὲρ
3139 3734 3447 3812 προϐάτων,

2274 3825 2399 3885 ΔΓ’.
2471 3828 2667 3886 Λύτίκα
2721 3830 2749 3884 ὁ
2806 3829 2906 3903 μὲν
2977 3826 3204 3908 Μιχαὴλ
3279 3827 3524 3902 πέμπτον
3590 3829 3675 3886 ἐπὶ
3744 3833 3845 3897 τῆς

2201 3915 2480 3994 Ῥωμαίων
2565 3918 2745 3997 ἀρχῆς
2834 3917 2952 3982 ἔτος
3037 3917 3136 3994 ἦγε
3165 3963 3182 3996 ,
3266 3917 3852 3997 τεσσαρεσκαιδέκατον

2200 4007 2254 4064 δὲ
2309 4009 2416 4065 ἀπὸ
2476 4009 2570 4074 τῆς
2631 4007 2770 4075 κατὴ
2830 4005 3147 4084 Βουλγάρων
3207 4005 3544 4087 ἐκστρατείας
3607 4009 3704 4080 καί
3755 4030 3857 4065 τε-

2199 4097 2449 4154 λευτῶντι
2510 4103 2588 4171 τῷ
2646 4095 2932 4176 Νικηφόρῳ
2988 4095 3198 4170 ἠνύετο,
3261 4095 3313 4162 ἐξ
3384 4094 3509 4155 ὅσου
3575 4088 3856 4174 Ῥωμαίων

2200 4185 2386 4244 πολλοὶ
2417 4187 2554 4261 μετὰ
2601 4191 2698 4252 τῆς
2755 4183 3003 4264 πατρίδος
3056 4186 3146 4242 καὶ
3198 4185 3297 4254 τὴν
3356 4185 3650 4266 ἐλευθερίαν
3709 4187 3858 4246 ἀπο-

2199 4271 2471 4350 ϐαλόντες,
2519 4275 2857 4355 αἰχμάλωτοι
2910 4273 3228 4353 Βουλγάρων
3286 4279 3441 4356 χερσὶ
3501 4277 3855 4358 κατείχοντο.

2203 4365 2379 4440 Είσῄει
2440 4372 2717 4443 τοιγαροῦν
2787 4363 2963 4421 ἔννοια
3033 4366 3129 4433 τὴν
3201 4365 3570 4446 φιλάνθρωπον
3644 4367 3859 4434 εκείνην

2195 4455 2402 4532 ψυχὴν,
2477 4452 2648 4518 εἵπως
2711 4453 2894 4518 αὐτοὺς
2955 4458 3052 4520 τῆς
3109 4454 3367 4514 ἐπιπόνου
3424 4459 3514 4514 καὶ
3569 4461 3855 4537 μοχθηρᾶς

467 4554 682 4614 rogans
701 4540 1166 4620 autem,accepit
1196 4558 1501 4602 carcerem
1537 4541 1794 4614 illum,in
1825 4559 2002 4622 quem
2024 4540 2106 4602 illi

2196 4541 2398 4609 ἐκείνης
2451 4539 2722 4620 διαγωγῆς
2783 4539 3084 4622 ἐξενεγκεῖν
3139 4542 3408 4613 δυνηθείη.
3485 4545 3589 4604 Καὶ
3647 4548 3853 4602 πυνθα-

469 4634 641 4687 erant
691 4628 970 4708 conjecti,
1021 4647 1156 4692 esse
1191 4629 1512 4692 obscurum
1545 4639 1604 4692 et
1640 4629 2107 4706 tenebricosum,

467 4714 614 4776 adeo
645 4725 708 4778 ut
736 4717 826 4778 eis
857 4719 1199 4781 usuvcniret
1221 4737 1376 4796 aagre
1409 4720 1589 4796 ferre,
1623 4719 1783 4800 quod
1819 4738 1934 4780 non
1976 4738 2110 4781 cum

470 4803 656 4886 patria
681 4806 850 4868 vitam
876 4827 1112 4889 quoque
1135 4808 1498 4885 amisissent;
1526 4812 1680 4889 quod
1707 4809 1948 4889 quidem
1975 4827 2112 4870 eum

467 4895 656 4974 magis
681 4897 955 4976 angebat.
980 4897 1126 4960 Huic
1150 4917 1291 4979 ergo
1319 4900 1621 4980 proposito
1647 4898 1926 4960 omnibus
1947 4908 2112 4980 post-

466 4985 695 5064 positis,
727 4987 1016 5068 relinquit
1044 4987 1289 5070 quidem
1325 4988 1488 5051 illam
1523 4999 1750 5067 gratam
1783 4996 1836 5050 et
1874 4987 2112 5051 solitam

463 5073 698 5137 vivendi
753 5077 1047 5139 rationem
1087 5095 1101 5140 :
1157 5085 1217 5140 et
1247 5079 1363 5153 via,
1422 5098 1554 5160 quae
1601 5077 1944 5153 intercedit,
1973 5097 2118 5140 con-

465 5161 641 5240 facta,
670 5183 786 5227 non
817 5164 1046 5228 curavit
1077 5167 1383 5244 custodes,
1440 5174 1540 5249 qui
1574 5187 1676 5231 eos
1728 5166 2114 5230 circumside-

465 5251 608 5315 bant
639 5272 656 5330 ;
684 5254 790 5317 sed
823 5274 942 5318 non
974 5254 1134 5317 visus
1163 5255 1236 5318 ad
1291 5275 1393 5318 eos
1424 5260 1738 5329 accedens,
1777 5256 1974 5319 statim
2007 5273 2114 5339 pro

464 5340 740 5430 omnibus
771 5346 960 5426 copiis
1007 5364 1152 5407 usus
1186 5353 1276 5408 est
1307 5346 1494 5426 ﬁgura
1526 5346 1749 5422 crucis,
1784 5354 1844 5408 et
1871 5365 1940 5409 ea
1971 5365 2111 5430 per-

465 5429 668 5493 fractis
694 5434 940 5496 vinculis
975 5443 1032 5496 et
1061 5435 1347 5498 claustris
1372 5445 1703 5516 portarum,
1735 5429 2013 5518 tanquam
2037 5436 2112 5500 ab

465 5521 672 5584 inferis
701 5532 761 5586 et
790 5523 1000 5589 umbra
1055 5525 1286 5602 mortis,
1345 5528 1644 5608 quomodo
1711 5545 1880 5590 meus
1938 5527 2114 5592 Jesus

546 5700 994 5785 810an.x,15.

2197 4632 2418 4706 νόμενος
2503 4631 2760 4708 ipsa“:
2841 4632 2941 4699 τὴν
3047 4634 3255 4713 εἱρκτὴν
3341 4634 3376 4702 ἦ
3457 4637 3577 4700 τοὺς
3661 4631 3854 4713 ἄνδρας

2196 4733 2449 4802 κατεῖχε,
2504 4720 2716 4799 ζοφώδη
2769 4743 2824 4779 τε
2881 4725 3021 4780 εἶναι
3079 4727 3174 4780 καῖ
3235 4725 3522 4804 πνιγηρὰν,
3584 4727 3660 4789 ὡς
3717 4745 3858 4798 συμ-

2195 4808 2360 4866 ϐαίνει
2411 4811 2599 4876 αὖτοὺς
2661 4811 2743 4868 ὅτι
2803 4812 2880 4888 μὴ
2949 4816 3140 4871 θᾶττον
3228 4812 3692 4872 συναποϐἆλλουσι
3779 4819 3854 4890 τῇ

2195 4897 2403 4979 πατρίδι
2435 4901 2524 4957 καὶ
2553 4898 2647 4964 τοὶς
2681 4902 2862 4982 ψυχὰς
2913 4901 3157 4961 ἀνιᾶσθαι
3191 4919 3206 4935 ⁸
3268 4903 3296 4960 ὅ
3352 4907 3440 4961 καὶ
3497 4903 3701 4982 μᾶλλον
3762 4925 3852 4960 τον

2198 4989 2356 5069 ἄνδρα
2410 4991 2757 5070 ὑπέθραττεν.
2834 4993 2991 5056 Εὐθὺς
3067 4999 3156 5051 οὖν
3231 4992 3444 5072 δεύτερα
3517 4995 3689 5051 πάντα
3760 4999 3856 5049 τοῦ

2196 5079 2550 5158 προκειμένου
2624 5089 2826 5140 σκοποῦ
2891 5081 3141 5158 θέμενος,
3209 5083 3517 5142 καταλείπει
3590 5083 3688 5159 μὲν
3762 5085 3857 5139 τὸν

2197 5169 2356 5250 φίλην
2429 5169 2640 5239 ἐκείνην
2710 5175 2801 5228 καὶ
2870 5174 3072 5244 συνήθη
3147 5170 3446 5254 διατριϐὴν,
3520 5171 3729 5253 ἀφειδεῖ
3800 5171 3859 5228 δὲ

2197 5259 2463 5340 σφαλερᾶς
2499 5262 2584 5318 ναὶ
2613 5259 2956 5326 κινδυνώδους
3009 5264 3222 5342 πορείας
3284 5268 3372 5321 καὶ
3433 5264 3530 5332 τὴν
3587 5263 3643 5319 ἂν
3707 5262 3861 5340 μέσῳ

2198 5347 2371 5429 τρίϐον
2427 5348 2715 5427 διηνυκὼς,
2775 5353 2883 5409 τῶν
2937 5355 3380 5432 περικαθημένων
3439 5353 3628 5418 αὖτοὺς
3685 5375 3857 5433 φρου-

2197 5446 2299 5521 ρῶν
2370 5439 2465 5498 οὒκ
2523 5441 2854 5520 ἐφρόντισεν,
2916 5441 3036 5500 ἀλλ’
3095 5441 3263 5507 οὕτως
3344 5445 3559 5526 ἀφανῶς
3631 5443 3861 5507 ἰπιστὰς

2195 5547 2316 5598 τοῖς
2349 5528 2623 5614 ἀνδοάςιν,
2658 5531 2847 5597 εὒθέως
2907 5533 3021 5590 ἀντὶ
3076 5533 3254 5603 πάσης
3305 5533 3577 5612 δυνάμεως
3635 5541 3710 5592 τῶ
3767 5539 3861 5592 τοῦ
