4158 6420
281 381 361 448 69

1419 381 1606 447 VlTA
1651 381 1712 446 S.
1757 368 2146 448 JOANNICII
2201 373 2543 445 ABBATIS.

3598 377 3678 448 7O

281 526 511 599 σταυροῦ
567 518 827 599 κέχρηται
903 520 1062 594 τύπῳ
1089 568 1105 591 ,
1169 519 1254 576 καὶ
1322 521 1490 594 τούτῳ
1556 519 1782 594 δεσμοὺς
1852 517 1940 576 καὶ

2045 520 2260 575 'evocat
2277 531 2400 589 eos,
2427 513 2525 592 qui
2548 511 2667 574 illic
2697 511 2989 574 sedebant
3013 519 3103 582 :et
3133 517 3297 592 potat
3320 531 3438 574 non
3469 515 3666 592 aquis,

280 610 506 687 κλεῖθρα
567 615 674 664 τῶν
729 613 897 687 θυρῶν
961 607 1251 689 φιαρῤήξας
1309 608 1490 686 ὥσπερ
1549 607 1600 674 ἒξ
1655 607 1784 682 ᾅδου
1853 609 1946 665 καί

283 705 440 763 σκιᾶς
500 701 731 756 θανάτου
787 699 925 756 κατὰ
1004 700 1097 753 τὸν
1149 696 1278 770 ἐμὸν
1331 697 1539 765 Ἰησοῦν
1594 699 1713 761 τοὺς
1771 698 1947 753 ἐκεῖσε

281 788 625 863 καθημένους
709 787 1088 862 ἇνακαλεϊται,
1161 787 1360 858 ποτίζει
1430 808 1514 866 τε,
1572 789 1675 868 οὔχ
1743 785 1946 865 ὕδασιν,

279 875 421 933 ἀλλᾶ
497 875 685 956 λόγοις
759 879 1045 955 σωτηρίοις
1103 882 1243 951 νᾶμα
1299 881 1396 944 τῆς
1459 875 1822 952 διδασκαλίας,
1871 877 1949 952 μὴ

279 966 530 1044 γενέσθαι
582 968 719 1024 κατᾶ
790 968 914 1030 τοὺς
976 966 1148 1024 αύτὼν
1213 965 1446 1042 πατέρας
1512 969 1787 1044 νουθενῶν,
1849 988 1947 1043 γε-

278 1056 404 1110 νεὰν
463 1055 690 1112 σκολιὰν
747 1059 834 1112 καὶ
904 1055 1427 1132 παραπικραίνουσαν
1454 1103 1470 1128 ,
1531 1053 1671 1111 ἀλλὰ
1727 1057 1788 1112 τὸ
1852 1055 1944 1112 ἀπ’

276 1143 490 1201 ὶκείνου
551 1144 639 1201 ἐπὶ
688 1146 780 1201 τὸν
838 1147 970 1201 Θεὸν
1031 1145 1129 1212 τὴν
1201 1142 1386 1200 ἐλπίδα
1435 1146 1638 1224 θέσθαι³
1697 1145 1785 1200 καὶ
1839 1150 1946 1200 τῶν

280 1235 449 1291 αύτοῦ
518 1231 928 1292 ἆνταποδόσεων
1001 1236 1080 1308 μὴ
1156 1231 1611 1290 ἐπιλανθάνεσθαι·
1687 1235 1819 1312 πρὸς
1890 1231 1945 1288 δὲ

280 1321 542 1401 γνωρίσαι
600 1323 690 1379 καὶ
736 1336 855 1388 τοῖς
911 1324 1048 1386 υἱοῖς
1091 1323 1156 1378 τὰ
1209 1322 1410 1379 ἐκείνου
1458 1321 1750 1399 μυστήρια.
1804 1321 1944 1379 Εἶτα

281 1409 339 1466 ὲν
388 1411 558 1490 φωτὶ,
587 1412 723 1468 καθᾶ
773 1417 998 1485 Μωσῆς,
1032 1419 1132 1479 τὴν
1175 1411 1334 1468 νύκτα
1381 1411 1595 1476 τούτους
1642 1408 1941 1489 διαγαγὼν,

282 1498 457 1579 μέχρι
534 1502 626 1556 καὶ
704 1503 810 1556 τῶν
878 1501 1153 1580 ἡμετέρων
1211 1500 1367 1580 ὁρίων
1435 1500 1810 1578 παραπέμπων
1880 1500 1946 1568 ἦν

282 1590 374 1644 καὶ
433 1585 852 1666 διασυζόμενος,
917 1587 1254 1654 Ἐκϐιασθεΐς
1322 1589 1409 1646 οὖν
1473 1587 1616 1665 ποιρά
1672 1595 1776 1646 τῶν
1833 1609 1948 1644 σω-

2032 602 2138 663 sed
2180 603 2564 664 sermonibus
2621 600 2979 664 salutaribus
3059 601 3308 664 viviticaa
3359 602 3668 679 doctrinm,

2030 691 2466 767 admonens,ne
2491 700 2690 753 essent
2712 692 2865 754 sicut
2887 698 3080 769 patres
3108 709 3341 766 eorum,
3367 693 3673 771 generatio

2031 799 2318 862 perversa
2341 791 2396 841 et
2419 799 2798 861 eanperans,
2827 779 2932 842 sed
2962 781 3249 863 deinceps
3273 800 3438 862 spem
3467 782 3527 844 in
3551 781 3674 844 Deo

2035 879 2346 950 ponerent,
2374 879 2430 932 et
2463 889 2578 931 non
2612 868 3108 932 obliviscerentur
3147 873 3276 950 ejus
3317 889 3671 934 remunera-

2031 959 2578 1039 tionum,prmterea
2595 969 2790 1021 autem
2816 957 2953 1020 {iliis
2983 978 3221 1041 quoque
3247 968 3384 1022 nota
3405 960 3678 1023 facerent

2029 1048 2188 1111 illius
2221 1047 2534 1112 mirabilia.
2572 1047 2800 1112 Deinde
2821 1067 2954 1111 cum
2991 1052 3049 1109 in
3076 1048 3233 1130 luce,
3267 1049 3424 1110 sicut
3455 1052 3674 1133 Moses,

2032 1147 2146 1199 tota
2175 1148 2351 1200 nocte
2374 1155 2478 1200 eos
2509 1138 2887 1218 traduxisset,
2915 1157 3103 1218 usque
3153 1139 3225 1199 ad
3261 1147 3494 1201 nostros
3526 1141 3676 1202 ﬁnes

2029 1245 2136 1289 eos
2191 1228 2518 1288 transmisit
2559 1235 2619 1287 et
2667 1226 3060 1290 conservavit.
3112 1227 3258 1290 Cum
3318 1238 3518 1290 autem
3556 1230 3672 1291 vim

2026 1316 2278 1378 atTerent
2326 1324 2384 1377 et
2442 1323 2722 1394 urgerent
2786 1316 2846 1389 ii,
2908 1316 3014 1392 qui
3062 1318 3277 1378 servati
3330 1321 3584 1394 fuerant,
3621 1326 3679 1380 et

2030 1405 2174 1479 Quis
2196 1423 2283 1481 es,
2318 1424 2352 1466 ο
2377 1405 2557 1466 homo
2593 1405 2721 1485 Dei,
2768 1423 2925 1486 saepe
2955 1415 3254 1485 rogarent,
3309 1425 3429 1469 non
3470 1408 3680 1470 celavit

2029 1495 2269 1576 quidem
2304 1513 2546 1574 nomen,
2579 1494 2941 1557 dixitautem
2977 1514 3040 1556 se
3084 1496 3234 1558 hanc
3262 1496 3504 1574 gratiam
3567 1496 3681 1558 soli

2035 1587 2156 1648 Deo
2189 1584 2520 1646 ascribere.

276 1681 504 1752 θέντων,
569 1681 679 1749 καὶ,
754 1681 842 1744 Τίς
912 1679 991 1750 εἷ,
1065 1682 1109 1734 ὦ
1178 1687 1271 1737 τοῦ
1342 1685 1476 1737 Θεοῦ
1547 1677 1840 1758 ἅνθρωπε;
1901 1673 2163 1737 πολλάκις
2235 1677 2538 1754 ὲρωτηθεὶς,
2599 1675 2698 1742 τὴν
2779 1674 2971 1742 κλῆσιν
3043 1676 3138 1752 μὲν
3210 1679 3306 1734 οὒκ
3379 1677 3675 1757 ἀπέκρυψε,

281 1764 382 1834 τήν
412 1766 581 1848 χάριν
611 1765 667 1824 δὲ
697 1768 846 1842 μόνῳ
872 1770 1187 1848 ὶπιγράφειν
1221 1769 1348 1826 εἶπε
1382 1775 1523 1844 Θεῷ.

367 1847 489 1912 ΛΔ’
543 1859 710 1914 Τοῦτο
765 1857 862 1914 οὒκ
903 1847 1029 1915 οῖδα
1073 1847 1125 1914 εἴ
1182 1881 1231 1915 τι
1273 1863 1381 1915 τῶν
1438 1857 1491 1925 ἐξ
1545 1859 1807 1937 Αἰγύπτου
1850 1883 1941 1940 φυ-

2116 1851 2370 1917 XXXlV.
2406 1854 2554 1916 Cum
2587 1853 2700 1916 hoc
2716 1854 2918 1916 nescio
2939 1872 3014 1916 an
3045 1854 3120 1916 sit
3143 1854 3572 1918 conferendum
3623 1855 3683 1918 id

287 1945 498 2023 γόντων
550 1947 612 2003 οὗ
664 1945 1041 2026 λογισθήσεται
1096 1946 1308 2009 ὅπσιον.
1371 1947 1486 2007 Τῶν
1545 1949 1643 2024 μὲν
1673 1949 1774 2026 γὰρ
1824 1949 1945 2010 τοὺς

2045 1943 2184 2024 {uad
2221 1942 2492 2004 usuvcnit
2533 1941 2626 2017 iis,
2659 1943 2760 2024 qui
2790 1943 3098 2021 fugiebant
3122 1961 3195 2006 ex
3217 1943 3499 2026 IEgypto.
3535 1943 3680 2007 Nam

288 2032 518 2114 ἐχθροὺς
551 2034 784 2112 ἐκάλυψε
841 2035 1100 2094 θάλαστᾶ’
1159 2039 1206 2094 οἱ
1250 2036 1305 2093 δὲ
1355 2038 1614 2117 τυχόντες
1661 2041 1721 2094 οὗ
1755 2049 1948 2117 τυχεῖν

2045 2033 2269 2093 ΙΙΟΙἮΠΙ
2301 2032 2545 2111 quidem
2577 2031 2858 2094 inimicos
2891 2050 3044 2112 aqua
3093 2034 3292 2094 orbuit
3323 2051 3339 2109 ;
3396 2034 3459 2094 hi
3480 2043 3680 2096 autem

288 2123 610 2199 ἐπεθύμουν,
670 2124 837 2184 οὐδενὶ
893 2132 1162 2206 συμφορᾶς
1222 2127 1500 2205 γεγόνασιν
1572 2125 1763 2201 αἴτιοι,
1827 2125 1948 2182 ἄλλ’

2045 2121 2335 2183 :onsecuti
2367 2121 2522 2200 quod
2560 2121 2842 2200 optabant
2903 2122 3212 2201 consequi,
3267 2122 3414 2184 nulli
3444 2121 3686 2184 fuerunt

288 2213 624 2282 ἐπανήκουσί
675 2236 732 2270 τε
764 2215 905 2273 οἴκοι
966 2218 1140 2296 οὗτοι,
1172 2219 1260 2273 καὶ
1299 2218 1390 2273 τὸν
1441 2215 1593 2294 ἅγιον
1631 2215 1661 2284 ἢ
1718 2216 1950 2296 φτλήσυ-

2045 2227 2210 2272 causa
2241 2209 2611 2283 calamitatis,
2650 2209 2756 2272 sed
2806 2229 2878 2272 ea
2925 2210 2986 2272 hi
3031 2210 3276 2272 domum
3311 2210 3591 2292 redeunt,
3625 2219 3685 2274 et

290 2324 398 2381 χος
459 2301 640 2371 ἐκείνη
709 2302 878 2362 πάλια
949 2304 1080 2384 εἷχε
1148 2302 1392 2383 διαγωγὴ
1467 2312 1556 2362 τοῦ
1625 2305 1953 2384 Τριχάλικος

2045 2307 2302 2360 sanctum
2322 2316 2529 2361 rursus
2548 2297 2781 2379 excepit
2799 2307 2966 2376 grata
2980 2299 3081 2360 illa
3102 2301 3271 2381 quies
3285 2310 3345 2361 et
3373 2300 3680 2364 silentium

291 2391 471 2469 ὄρους.
541 2389 672 2449 Κατ’
745 2392 924 2450 ἐκεῖνο
994 2394 1164 2453 τοίνυν
1235 2400 1418 2472 καιροῦ
1488 2393 1678 2474 ’Ἵγγερ
1745 2393 1953 2459 ἐκεῖνος

292 2480 481 2560 ὥσπερ
574 2481 780 2539 ἔνθεσιν
849 2481 1086 2562 ἐαρινοῖς
1171 2496 1292 2546 τοῖς
1359 2485 1678 2550 ὰσκητικοϊς
1772 2485 1954 2549 πόνοις

295 2568 496 2647 ἱκόμα,
566 2571 837 2630 Ἐντεῦθεν
903 2575 994 2630 καὶ
1063 2571 1315 2653 πρόεδρος
1370 2578 1469 2641 τῆς
1542 2579 1646 2631 τῶν
1718 2573 1957 2632 Νικαέων

296 2659 594 2727 ἐκκλησίας
652 2661 958 2744 ἀνεδείχθη.
1021 2661 1168 2731 Πλὴν
1241 2661 1380 2720 ἀλλᾶ
1436 2664 1527 2720 τὸν
1583 2665 1787 2742 καρπὸν
1857 2668 1956 2731 τῆς

295 2749 460 2827 ὃρθῆς
505 2751 734 2816 πίστεως
794 2751 892 2809 οὒκ
949 2751 1100 2832 εἶχε.
1154 2753 1350 2810 Τούτου
1404 2753 1662 2830 προγνοὺς
1716 2753 1817 2820 τὴν
1859 2773 1952 2810 τε-

295 2837 497 2907 λευτὴν
551 2841 579 2895 ὁ
637 2839 841 2918 Πατὴρ,
874 2840 982 2899 τῶν
1034 2847 1292 2922 μοναχῶν
1321 2863 1440 2898 τινα
1487 2848 1595 2900 τῶν
1650 2851 1744 2902 τοῦ
1772 2841 1957 2900 Ἠλίου

293 2929 526 3008 βωμῶν,
590 2929 862 2996 Βασίλειος
917 2933 1072 2994 οὗτος
1129 2933 1223 3012 ἧν,
1273 2932 1405 3012 πρὸς
1465 2933 1622 2989 αύτὸν
1677 2930 1957 3008 ἐκπέμψας

294 3017 571 3097 ἀφέμενον
624 3019 718 3076 τοῦ
774 3019 998 3096 ψεύδους
1057 3021 1145 3077 καὶ
1198 3025 1298 3088 τῆς
1359 3025 1540 3094 σκιᾶς,
1602 3019 1844 3099 γενέσθαι
1907 3042 1958 3076 τε

293 3110 388 3164 καὶ
453 3111 564 3175 της
640 3107 890 3177 ἀληθείας
950 3108 1182 3186 ἐκέλευε,
1241 3112 1341 3167 κάν
1398 3112 1427 3167 ὁ
1503 3110 1677 3169 πάντα
1733 3110 1958 3177 ἀνόητος

2042 2391 2099 2450 in
2135 2395 2337 2450 monte
2393 2388 2765 2450 Trichalicis.
2823 2387 2930 2449 Illo
2973 2397 3168 2451 autem
3206 2402 3479 2470 tempore
3509 2391 3686 2470 Inger

2039 2477 2166 2553 ille,
2202 2497 2317 2539 non
2349 2496 2523 2539 secus
2559 2497 2626 2540 ac
2659 2479 2859 2540 vernis
2891 2478 3160 2554 ﬂoribus,
3195 2479 3447 2542 ﬂorebat
3468 2480 3688 2542 labori-

2039 2565 2149 2629 bus
2182 2569 2648 2632 exercitationis.
2683 2567 2835 2631 Ilinc
2866 2569 3083 2630 factum
3139 2577 3250 2644 est,
3287 2577 3348 2631 ut
3381 2578 3688 2632 crearetur

2035 2657 2284 2721 antistes
2307 2657 3166 2722 NicenaeEcclesize.C:eteru1n
3201 2666 3251 2719 is
3272 2677 3391 2721 non
3423 2659 3690 2723 habebat

2035 2747 2290 2809 fructum
2317 2758 2494 2810 rectae
2516 2747 2676 2810 ﬁdei.
2721 2746 2910 2828 Hujus
2931 2748 3240 2810 decessum
3286 2766 3422 2812 cum
3447 2752 3686 2830 praisci-

2039 2839 2219 2899 visset
2249 2841 2442 2910 Pater,
2475 2838 2730 2918 quodam
2764 2839 3056 2899 monacho
3089 2855 3158 2898 ex
3193 2837 3338 2900 Elim
3393 2839 3682 2903 altaribus

2045 2928 2118 3007 (is
2149 2939 2276 2989 erat
2305 2927 2581 3008 Basilius)
2617 2928 2688 2988 ad
2724 2928 2920 3007 ipsum
2953 2929 3219 3003 emissio,
3278 2930 3592 2992 mendacio
3621 2941 3680 2996 et

2044 3016 2254 3077 umbra
2281 3016 2544 3090 dimissa,
2563 3016 2895 3096 jussiteum
2929 3016 3164 3078 tandem
3188 3016 3497 3082 adhaerere
3521 3021 3683 3084 reri-

2045 3106 2169 3186 tati,
2205 3104 2440 3166 etiamsi
2495 3105 2880 3166 stultissimus
2936 3105 3039 3167 ille
3068 3103 3265 3184 Inger,
3301 3106 3364 3168 in
3408 3109 3681 3188 improba

298 3195 506 3276 ’Ἷγγερ
557 3196 764 3265 ἐκεῖνος
791 3205 864 3277 τῇ
906 3206 1115 3280 πονηρᾷ
1160 3181 1268 3256 τῶν
1325 3199 1710 3281 Εἶκονομάχων
1763 3199 1957 3280 αἱρέσει

2045 3181 2574 3259 Iconomachorum
2608 3193 2818 3256 haeresi
2848 3181 3197 3256 commorati
3220 3181 3685 3262 statuerit-mise-

298 3285 555 3352 ἐλεεινῶς
583 3292 967 3347 συναποθανεῖν
999 3288 1200 3350 εἵλετο.

384 3377 520 3443 AE'.
583 3379 740 3437 Ἀλλ’
786 3380 888 3437 ὧδέ
939 3402 1006 3457 με
1062 3389 1156 3440 τοῦ
1212 3381 1374 3462 λόγου
1439 3383 1722 3462 γενόμενον
1781 3381 1960 3440 ἐκεῖνο

298 3469 638 3550 εἰσέρχεται.
698 3468 1017 3536 Ἐξὲπλευσέ
1085 3493 1215 3529 ποτε
1271 3474 1656 3551 προσκυνήσων
1723 3475 1751 3529 ὁ
1807 3473 1960 3552 ἅγιος

296 3566 378 3634 τῷ
438 3559 496 3614 ἐν
643 3565 904 3639 Σιγριανῇ
945 3562 1040 3618 τοῦ
1081 3560 1232 3640 ἁγίου
1262 3560 1560 3642 Θεοφάνους
1615 3563 1952 3630 σκηνώματι.

297 3645 551 3707 Ἐκεῒθεν
591 3649 936 3728 ἀναστρέφων
965 3651 1057 3707 καὶ
1106 3651 1174 3721 τῇ
1205 3653 1337 3730 πρὸς
1381 3651 1571 3731 βοῤῥεὶν
1602 3657 1700 3719 τῆς
1754 3651 1959 3711 Ἀπολ-

296 3735 568 3801 λωνιάδος
624 3738 786 3815 λίμνῃ
833 3738 1181 3821 παραπλέων³
1213 3747 1282 3818 τῇ
1339 3742 1497 3816 Θάσῳ
1545 3742 1958 3823 προσώρμησεν,

297 3831 362 3887 Οἱ
421 3827 478 3884 ἐν
537 3827 713 3906 ἐκείνῃ
769 3829 942 3886 τοίνυν
997 3830 1089 3887 τὸν
1148 3832 1360 3911 μονήρη
1429 3832 1544 3908 βίον
1603 3831 1958 3912 ἀνῃρημένοι,

298 3919 394 3974 καὶ
445 3919 495 3973 οἱ
542 3917 816 3996 πρόσοικοι
873 3919 1071 3983 πάντες
1118 3917 1302 3984 δεινῶς
1354 3925 1434 3994 τῷ
1493 3919 1686 3991 πλήθει
1745 3921 1852 3979 τῶν
1908 3921 1962 3978 ἐν

300 4008 444 4084 αύτῇ
524 4009 698 4086 ὃφεων
767 4006 1140 4089 ἠνωχλοῦντο.
1201 4009 1550 4078 Ἐπᾶπληστο
1611 4011 1713 4089 γὰρ
1761 4011 1964 4069 τούτων

299 4099 338 4164 ἡ
393 4102 583 4168 νῆσος,
620 4097 680 4154 οὗ
738 4100 930 4178 μικράν
979 4121 1105 4156 τινα
1154 4111 1272 4169 τοῖς
1304 4100 1577 4180 οἰκήτορσι
1627 4101 1726 4169 τὴν
1756 4100 1808 4168 ἐξ
1864 4101 1963 4158 αύ-

302 4192 415 4242 τῶν
475 4184 688 4263 βλάϐην
744 4189 1121 4270 παρεχομένη.
1182 4187 1333 4248 Ἐπεὶ
1381 4190 1468 4246 οὖν
1525 4192 1554 4246 ὁ
1603 4190 1755 4270 ὁίγιος
1805 4193 1963 4272 αὐτῇ,

303 4275 624 4353 ὶπεδεήμει,
690 4276 873 4344 ἥκουσι
931 4281 1062 4359 πρὸς
1120 4281 1277 4338 αὐτὸν
1331 4285 1438 4336 πᾶν
1492 4277 1618 4336 ὅσον
1664 4279 1792 4354 ᾤκει
1863 4283 1964 4350 τήν

302 4371 499 4441 νῆσον,
547 4368 640 4424 καὶ
679 4368 850 4426 ἱκέται
903 4370 1316 4448 προσπίπτουσι,
1377 4369 1465 4425 καὶ
1523 4369 1719 4445 βοηθὸν
1775 4371 1963 4436 αὐτοῖς

344 4459 360 4480 ν
431 4458 461 4477 Ψ
753 4457 765 4476 Ι
1123 4457 1171 4492 λλ
1403 4458 1418 4478 ν
1827 4461 1840 4480 ο

307 4478 583 4513 αιτουνται
648 4461 914 4536 γενεσθαι,
976 4461 1064 4516 καὶ
1119 4477 1324 4516 οιονται
1395 4456 1694 4525 απαλλάξαι
1751 4482 1964 4526 τουτους

2044 3285 2337 3349 rabiliter.

2122 3373 2484 3438 XX'XV.Sed
2509 3392 2643 3436 cum
2664 3374 2737 3437 ad
2769 3374 2929 3436 hunc
2951 3373 3147 3436 locum
3171 3378 3444 3456 pervenit
3471 3381 3681 3456 oratio,

2045 3463 2192 3527 illud
2248 3465 2393 3527 mihi
2423 3463 2584 3526 venit
2614 3464 2676 3526 in
2708 3473 2995 3527 mentem.
3031 3463 3335 3544 Navigavit
3361 3466 3682 3550 aliquando

2043 3563 2305 3629 sanctus,
2338 3555 2690 3617 adoraturus
2707 3555 2898 3617 sancti
2924 3554 3304 3637 Theophanis
3334 3557 3686 3622 tabernacu-

2049 3646 2192 3722 lum,
2249 3645 2408 3726 quod
2441 3653 2530 3707 est
2588 3645 2647 3705 in
2699 3645 2992 3725 Sigriana.
3053 3645 3225 3708 Illinc
3255 3657 3594 3730 revertens,
3629 3657 3688 3711 et

2044 3734 2241 3796 lacum
2286 3733 2798 3814 praeternavigans,
2835 3734 2934 3811 qui
2965 3742 3056 3796 est
3102 3735 3174 3795 ad
3208 3733 3510 3799 borealem
3542 3754 3682 3818 par-

2045 3832 2165 3885 tem
2197 3823 2630 3903 Apolloniadis,
2663 3825 2888 3905 appulit
2918 3821 3259 3897 Thaso.Qui
3291 3824 3466 3887 inilla
3485 3835 3680 3889 autem

2045 3913 2223 3974 vitam
2254 3921 2641 3994 susceperant
2681 3916 3093 3991 monasticam,
3131 3922 3191 3975 et
3220 3933 3432 3978 omnes
3462 3917 3686 3980 accolae

2047 4003 2304 4080 graviter
2329 4003 2693 4065 vexabantur
2721 4021 2754 4064 a
2783 4004 3262 4086 serpentum,qui
3293 4005 3355 4066 in
3386 4024 3456 4068 ea
3487 4016 3683 4088 erant,

2049 4091 2546 4157 multitudine.lis
2572 4094 2734 4156 enim
2762 4095 2992 4174 repleta
3019 4101 3146 4154 erat
3176 4097 3392 4171 insula,
3412 4116 3530 4159 non
3552 4116 3688 4180 par-

2047 4199 2187 4245 vum
2233 4183 2494 4246 aﬂ'erens
2541 4185 2822 4246 damnum
2869 4183 3319 4246 habitatoribus.
3366 4185 3512 4248 Cum
3545 4205 3684 4267 ergo

2048 4283 2289 4338 sanctus
2319 4279 2379 4336 in
2412 4293 2480 4336 ea
2521 4282 2700 4349 esset,
2733 4273 2978 4336 veniunt
3025 4272 3100 4334 ad
3143 4290 3281 4334 eum
3313 4292 3545 4350 omnes,
3583 4280 3683 4357 qui

2049 4363 3058 4444 habitabantinsulam,etsupplices
3074 4367 3127 4424 ei
3143 4361 3691 4445 procidunt,postu-

2049 4456 2295 4538 lantque
2331 4463 2390 4516 et
2416 4464 2628 4534 regant
2655 4461 2718 4515 ut
2750 4454 2839 4516 eis
2859 4471 3033 4534 opem
3065 4451 3239 4529 ferat,
3274 4461 3338 4514 ut
3357 4455 3685 4536 eos,quoad

304 4548 384 4612 ὣς
415 4545 639 4604 δυνατὸν
692 4552 793 4616 τῆς
851 4548 959 4606 ἀπὸ
989 4554 1097 4606 τῶν
1149 4547 1323 4629 ὄφεων
1380 4546 1576 4617 λύπης.
1640 4550 1738 4609 Καὶ
1791 4553 1820 4607 ὁ
1864 4551 1957 4626 μὲν

2047 4547 2174 4626 ejus
2205 4546 2334 4607 ﬁeri
2359 4545 2598 4627 poterit,
2624 4545 2838 4608 liberet
2867 4553 3276 4606 auocamento
3310 4553 3683 4624 serpentum.

304 4635 461 4694 ἔλεον
534 4637 703 4693 αὑτῶν
759 4635 1016 4714 λαμϐάνει
1087 4641 1187 4704 τῆς
1259 4643 1559 4719 συμφορᾶς,
1623 4640 1714 4696 καὶ
1783 4639 1964 4724 ὥσπερ

303 4726 429 4784 τινᾶ
485 4726 627 4782 κατὰ
680 4727 789 4782 τῶν
847 4725 1023 4807 ὄφεων
1075 4728 1402 4807 ἔπαιρόμενα
1457 4726 1592 4804 βέλη
1625 4725 1810 4809 ἀφίησι
1869 4733 1965 4796 τὰς

305 4815 509 4897 εὖχᾶς.
575 4815 637 4873 Οἱ
691 4813 748 4872 δὲ
806 4818 954 4882 εὐθὺς
995 4823 1103 4874 τῶν
1156 4815 1300 4874 ἰδίων
1349 4815 1624 4897 ἐξέρπουσι
1672 4826 1964 4899 χηραμῶν,

304 4909 399 4964 καὶ
454 4905 560 4973 τὴν
629 4909 792 4973 νῆσον
847 4907 1203 4974 ἀπολιπόντες
1274 4909 1412 4966 κατὰ
1480 4910 1574 4966 τού
1641 4908 1798 4985 βυθού
1867 4915 1967 4978 τῆς

302 4993 587 5064 θαλάσσης
643 4994 860 5060 ἑαυτοὺς
914 4995 1228 5074 βάλλουσιν.
1292 4988 1350 5056 Ὀ
1406 4995 1506 5070 μὶν
1560 4999 1651 5054 οὗν
1706 4997 1967 5076 ἡμέτερος

309 5086 524 5153 Ἰησοῦς
579 5087 637 5142 ιν
691 5098 811 5168 τοῖς
867 5083 1015 5144 ὕδασι
1069 5087 1164 5153 τὰς
1224 5084 1458 5168 κεφαλὰς
1504 5089 1612 5144 τῶν
1667 5085 1965 5168 δρακόντων

304 5175 645 5256 συνέτριψεν.
705 5164 764 5234 ’0
823 5172 880 5232 δὲ
938 5177 1186 5251 μαθητὴς
1245 5164 1448 5236 ἐκείνου
1496 5180 1588 5234 καὶ
1631 5164 1708 5243 ὠς
1757 5177 1878 5236 οὗόν
1905 5201 1964 5239 τε

300 5265 556 5343 μιμητὴς
585 5262 655 5321 δι’
689 5266 864 5323 αύτῶν
893 5264 1109 5323 ἐκείιων
1141 5267 1357 5333 τούτους
1389 5264 1695 5333 ἀπέπνιξεν.

383 5353 535 5430 ις’.
614 5353 712 5414 Ἐκ
769 5355 963 5413 τούτου
1017 5357 1145 5436 πρὸς
1215 5356 1394 5436 ἕτερον
1453 5357 1680 5436 ἡσυχίας
1737 5357 1967 5440 ἆνῆγιτο

301 5447 529 5528 χωρίον·
575 5447 838 5525 συνήγετο
894 5445 1066 5519 τούτῳ
1123 5447 1211 5504 καὶ
1272 5443 1500 5525 Δανιὴλ,
1535 5445 1592 5513 ὃς
1651 5449 1756 5504 τῶν
1788 5448 1844 5506 ἰν
1899 5455 1968 5528 τῇ

301 5537 464 5610 Θάσῳ
523 5541 789 5618 μοναχῶν
845 5535 1142 5616 ἀφηγεῖτο.
1202 5543 1287 5612 Τῷ
1343 5534 1398 5593 δὲ
1453 5535 1518 5604 ἦν
1575 5534 1825 5620 ἀδελφὸς,
1879 5543 1968 5598 καὶ

411 5627 442 5644 ν

299 5626 448 5703 αὗτῷ
501 5627 770 5702 Εὖθύμιος
832 5623 1030 5702 ὄνομα,
1091 5629 1137 5701 ᾧ
1191 5623 1256 5694 δὴ
1315 5626 1404 5684 καὶ
1475 5640 1754 5704 προειπεῖν
1814 5628 1970 5709 λέγε-

2046 4637 2116 4699 Ει
2145 4636 2245 4698 ille
2269 4635 2510 4718 quidem
2537 4636 2856 4698 miseretur
2886 4651 3092 4697 eorum
3122 4633 3690 4716 calamitatis,etve-

2047 4727 2154 4791 luti
2185 4725 2455 4807 quaedam
2506 4725 2646 4806 tela,
2681 4743 2813 4806 quae
2855 4731 3204 4806 torquentur
3244 4723 3306 4785 in
3349 4733 3688 4806 serpentes,

2050 4817 2268 4881 emittit
2299 4834 2510 4897 preces
2541 4833 2555 4879 :
2608 4815 2696 4876 illi
2729 4823 2929 4876 autem
2962 4814 3236 4895 protinus
3263 4818 3627 4894 proserpunt
3655 4833 3691 4876 ο

2048 4905 2173 4969 suis
2203 4907 2493 4981 cavernis,
2528 4912 2589 4967 et
2632 4905 2839 4968 relicta
2872 4903 3090 4981 insula,
3123 4921 3188 4968 se
3238 4905 3300 4965 in
3332 4903 3516 4965 maris
3546 4921 3688 4985 pro-

2050 4995 2296 5058 fundum
2331 4995 2668 5076 projiciunt.
2704 4997 2892 5076 Atque
2923 5000 3126 5055 noster
3155 4993 3396 5076 quidem
3422 4991 3600 5058 Jesus
3629 4994 3691 5056 in

2048 5084 2219 5168 aquis
2267 5086 2544 5149 contrivit
2594 5086 2785 5166 capita
2843 5083 3218 5147 draconum:
3273 5083 3437 5146 illius
3487 5093 3690 5146 autem

2048 5174 2403 5256 discipulus,
2435 5183 2496 5238 et
2524 5175 2722 5258 quoad
2752 5175 2807 5236 ei
2841 5174 2972 5236 ﬁeri
3003 5182 3234 5256 poterat
3260 5173 3547 5251 imitator,
3584 5191 3694 5256 per

2049 5265 2181 5328 illas
2203 5266 2360 5346 ipsas
2391 5283 2495 5328 eos
2523 5263 2848 5327 suii‘ocavit.

2130 5352 2385 5418 XXXVI.
2401 5353 2491 5419 Ab
2523 5355 2636 5417 hoc
2668 5364 2937 5435 tempore
2960 5352 3260 5436 protectus
3289 5360 3384 5416 est
3408 5351 3481 5416 ad
3504 5352 3692 5416 alium

2050 5447 2247 5510 locum
2266 5445 2482 5528 quietis
2503 5465 2573 5510 ac
2593 5445 2814 5509 silentii
2841 5465 2854 5510 :
2884 5444 3062 5508 simul
3084 5453 3280 5508 autem
3299 5464 3434 5508 cum
3451 5463 3522 5508 eo
3547 5462 3693 5526 pro-

2053 5537 2241 5599 fectus
2275 5555 2511 5618 quoque
2542 5545 2631 5600 est
2660 5536 2891 5616 Daniel,
2923 5537 3026 5617 qui
3070 5544 3324 5616 praeerat
3357 5533 3690 5612 monachis,

2055 5627 2159 5709 qui
2187 5637 2361 5690 erant
2387 5628 2450 5689 in
2479 5625 2697 5690 Thaso.
2732 5625 2798 5688 Ei
2828 5644 2968 5688 vero
2998 5627 3322 5688 eratfrater
3338 5624 3690 5696 monachus,

295 5732 381 5781 ται
448 5723 543 5782 τὸν
619 5721 828 5803 Πατέρα
903 5741 1009 5790 την
1068 5720 1202 5796 μετὰ
1267 5719 1458 5799 μικρὸν
1509 5717 1765 5790 τελευτὴν
1837 5721 1957 5782 οὖτα

2057 5717 2152 5783 cui
2203 5726 2330 5783 erat
2384 5735 2604 5782 nomen
2653 5717 3036 5800 Euthymius,
3097 5717 3190 5778 cui
3247 5716 3426 5780 etiam
3473 5711 3697 5776 dicitur
