4158 6426
477 396 549 466 71
1774 393 1829 458 Μ
1837 391 2055 459 ENSIS
2093 386 2538 458 NOVEMBER.
3781 385 3855 453 72

478 536 656 599 Pater
680 531 1021 613 praedixisse
1049 549 1166 593 non
1199 529 1381 591 multo
1444 539 1572 610 post
1616 529 1874 592 futurum
1910 527 2112 593 deces-

2204 529 2449 610 φάμενον·
2524 527 2744 609 Ἀδελφέ
2818 527 3063 604 Εὖθύμιε,
3136 527 3439 603 ἑτοιμάζουο
3514 526 3680 602 στελῇ
3751 527 3854 604 γὰρ

477 622 726 699 sum,sic
761 622 1000 684 dicens:
1037 619 1243 681 Frater
1262 618 1555 700 Euthymi,
1581 619 1663 681 sis
1695 627 1950 700 paratus,
1983 639 2116 682 mox

479 714 637 776 enim
672 711 742 774 ad
766 714 1083 792 supernam
1112 709 1510 790 proficisceris
1548 708 2112 789 peregrinationem.

477 801 649 863 Etsic
679 801 922 882 quidem
953 799 1102 860 dixit
1124 797 1604 879 Euthymionse
1634 807 1832 859 autem
1869 817 2002 860 cum
2021 817 2118 860 vo-

478 892 687 954 luisset
716 888 946 968 ingredi
977 896 1212 950 antrum
1246 886 1542 967 quoddam
1580 885 2023 952 brevissimum.
2060 897 2120 950 et

478 980 634 1062 quod
654 981 741 1042 vix
760 977 1164 1040 sufliciebatad
1183 975 1809 1052 habitandum;incidit
1824 977 1882 1037 in
1901 977 2118 1038 daemo-

478 1088 638 1150 nem,
666 1069 763 1149 qui
795 1076 916 1128 erat
966 1064 1266 1145 prioribus
1297 1064 1474 1143 longe
1507 1065 1876 1130 sceleratior.
1901 1067 1989 1128 Ab
2017 1067 2118 1128 illo

477 1159 633 1220 enim
651 1157 933 1238 spelunca
947 1154 1356 1235 appellabatur
1371 1153 1821 1235 Toparcha.Qui
1846 1175 1978 1216 cum
1999 1175 2118 1216 non

474 1247 657 1310 ferret
707 1245 979 1309 habitare
1023 1263 1156 1305 cum
1213 1241 1726 1321 Joannicio,niger
1749 1254 1806 1305 et
1837 1245 2118 1307 terribilis

472 1336 722 1399 accessit
759 1334 831 1396 ad
866 1333 1195 1408 Danietem,
1248 1341 1314 1394 ut
1363 1352 1495 1395 eum
1536 1334 1780 1411 quidem
1813 1343 2065 1396 terreret
2097 1357 2111 1395 :

473 1427 573 1488 ille
618 1433 815 1486 autem
844 1433 1092 1504 accepto
1128 1441 1364 1504 quoque
1407 1422 1719 1485 Joannicio
1779 1425 2112 1486 recederet.

474 1515 592 1579 Sed
624 1516 684 1587 ii,
712 1523 776 1575 ut
808 1514 910 1591 qui
943 1512 1056 1574 sibi
1087 1513 1478 1592 conﬁderent,
1518 1521 1688 1574 erant
1731 1513 2010 1589 interriti,
2061 1521 2119 1574 et

473 1604 843 1682 illiusfugam
871 1602 1680 1684 potiusexspectabant.Cum
1709 1621 1850 1682 ergo
1872 1602 2118 1665 vidisset

474 1694 768 1772 malignus
791 1710 893 1754 eos
936 1691 1086 1753 adeo
1117 1691 1305 1753 fortes
1338 1701 1396 1752 et
1428 1699 1795 1765 constantes,
1851 1691 2116 1754 Danielis

474 1783 719 1862 quidem
746 1779 1495 1862 pedibuscircumvolutus,
1517 1779 1888 1842 admirabilis
1917 1789 2111 1843 autem

471 1874 766 1936 Joannicii
801 1871 970 1934 lateri
1002 1871 1172 1952 plaga
1199 1872 1498 1952 imposita,
1535 1872 1590 1933 ei
1613 1870 1852 1951 quidem
1881 1880 2110 1934 tantum

2201 617 2322 676 ὅσον
2374 621 2520 676 οὕτω
2573 619 2673 685 τὴν
2733 619 2864 694 πρὸς
2895 619 2984 673 τὸν
3038 616 3148 672 ἄνω
3195 619 3471 684 Δεσπότην
3522 617 3848 691 ἀποδημιαν,

2205 715 2300 771 Καὶ
2345 719 2420 786 τῷ
2477 714 2715 788 Εὗθυμίῳ
2774 713 2872 785 μὲν
2924 711 3090 774 οὕτως
3141 711 3265 790 ἔφη,
3327 710 3565 789 ’Ἃντρον
3617 733 3664 766 τι
3717 712 3851 788 βρα-

2202 802 2456 881 χύτάτον,
2505 803 2590 857 καὶ
2641 799 2776 874 μηδὲ
2831 802 2964 880 πρὸς
3033 801 3240 867 οἰκησιν
3289 799 3482 879 σχεδὸν
3527 800 3718 877 ἀρκοῦν
3766 801 3850 855 οἱ-

2203 896 2366 958 κῆσπιι
2440 892 2794 968 προθυμηθεὶς
2827 936 2844 963 ,
2915 887 3122 965 δκίμονι
3195 890 3248 946 ἐν
3325 894 3466 963 αὗτῷ
3537 887 3672 946 πολὺ
3743 896 3852 944 τῶν

2204 979 2473 1057 προτέρων
2524 980 2928 1059 περιτυγχάνει·
2992 980 3284 1059 Τοπᾴρχης
3347 980 3445 1055 γὰρ
3500 978 3590 1034 ἀπ’
3653 978 3850 1033 ἑκείνου

2203 1053 2286 1124 κδιῖ
2346 1053 2406 1124 τὸ
2465 1053 3064 1138 σπήλιιονηέκαλεῒτο.
3277 1053 3525 1142 ἐπεῖ-μὴ
3585 1079 3851 1124 συνοικεῖν

2205 1157 2352 1236 ἔφερε
2405 1164 2479 1230 τῷ
2540 1157 2870 1236 Ἰωπιννικίῳ,
2904 1164 2978 1230 τῷ
3043 1155 3242 1223 Δανιὴλ
3287 1155 3452 1229 μέλις
3514 1155 3711 1222 ἐπῆλθε
3762 1157 3851 1212 καὶ

2203 1243 2448 1323 φοϐερὸς,
2483 1248 2555 1307 ὡς
2617 1245 2680 1300 ἅν
2709 1253 2894 1302 τοῦτον
2943 1247 3039 1321 μὲν
3089 1245 3430 1322 κατκπλῆξῃ,
3467 1248 3493 1300 ὁ
3537 1244 3590 1300 δὲ
3624 1247 3709 1300 καὶ
3757 1247 3850 1302 τὸν

2203 1336 2520 1392 Ἰωιννίκιον
2607 1334 2978 1414 πκρπιλπιϐὼν,
3053 1338 3223 1392 οπίσω
3314 1337 3473 1390 πάλιν
3557 1337 3846 1414 χωρήσω.

2200 1424 2352 1482 Ἀλλ’
2411 1433 2552 1481 οῦτοι
2625 1427 2858 1502 καθάπερ
2916 1425 3310 1503 ἐπιοᾶῤῥοῦντες
3364 1426 3626 1492 ἀπτὸητοι
3701 1426 3850 1480 ὦσιν

2203 1518 2297 1582 τὴν
2356 1513 2553 1572 ἐκείνου
2629 1514 2833 1589 μᾶλλον
2885 1517 3052 1593 φυγὴν
3110 1515 3484 1589 ἀναμένοντες,
3549 1513 3698 1571 Ἐπεὶ
3758 1522 3849 1570 οὖν

2199 1604 2487 1681 ἀτρέπτως
2538 1603 2706 1668 οὕτως
2767 1607 2794 1660 ὁ
2839 1607 3071 1682 πονηρὸς
3121 1607 3205 1660 καὶ
3239 1605 3507 1682 γεννκίους
3562 1603 3722 1677 ἐώρα»
3757 1611 3853 1660 τοῦ

2200 1695 2296 1768 μὲν
2367 1692 2570 1760 Δανιὴλ
2629 1707 2745 1756 τοῖς
2805 1696 2925 1750 ποσὶ
2984 1693 3353 1771 περιειληοεῖς,
3416 1696 3508 1749 τοῦ
3565 1695 3854 1768 θαυμασίου

2199 1781 2252 1838 δὲ
2315 1781 2637 1839 Ἰωκννικίου
2690 1789 2757 1860 τῇ
2815 1783 3016 1861 πλευρᾷ
3074 1782 3290 1860 πληγὴν
3322 1784 3479 1848 ἐνθεὶς
3538 1782 3853 1859 περιωδυνίᾳ

2199 1873 2296 1946 μὲν
2355 1869 2663 1949 περιϐάλλει
2733 1875 2826 1929 τὸν
2883 1871 3066 1951 ἄνδρα,
3130 1876 3215 1929 καὶ
3285 1880 3559 1950 τοσοῦτον,
3623 1874 3694 1936 ὡς
3765 1873 3853 1929 ἐπὶ

470 1963 738 2026 dolorem
765 1961 979 2036 attulit,
1003 1971 1065 2024 ut
1096 1967 1253 2022 esset
1281 1970 1478 2023 mutus
1510 1969 1660 2022 totos
1689 1974 1916 2041 septem
1943 1961 2108 2022 dies:

2204 1961 2332 2018 ἔπτὰ
2383 1960 2512 2025 ὅλας
2543 1962 2743 2041 ἡμέρας
2795 1961 3004 2041 ἄφωνον
3049 1964 3216 2020 εἶναι·
3250 1965 3277 2019 ὁ
3332 1962 3386 2018 δὲ
3417 1964 3619 2041 ἀφανὴς
3666 1965 3853 2020 αὖτίοιπ

468 2053 571 2115 ille
602 2070 739 2115 vero
758 2052 953 2114 statim
980 2049 1238 2113 evanuit.
1273 2051 1391 2113 Sed
1417 2059 1685 2113 sanctum
1712 2050 1952 2130 quidem
1978 2068 2113 2112 rur-

467 2160 569 2203 sus
597 2140 814 2220 accipit
844 2157 1016 2202 mons
1044 2136 1421 2201 'I'richalicis.

549 2228 908 2294 XXXVII.Si
930 2228 1070 2311 quid
1092 2237 1636 2310 autem,postquam
1671 2228 1836 2291 illinc
1859 2227 2110 2310 abierat,

2199 2052 2422 2129 γίνεται.
2460 2049 2627 2108 Ἀλλὰ
2661 2054 2751 2108 τὸν
2815 2052 2964 2129 ἅγιον
2995 2053 3082 2108 καὶ
3114 2056 3260 2116 αὖθις
3313 2055 3373 2109 τὸ
3404 2059 3494 2108 τοῦ
3525 2052 3852 2133 Τριχά).ικος

2198 2140 2318 2215 ὄρος
2349 2141 2376 2195 λ
2387 2137 2606 2214 πμϐάνει
2617 2189 2630 2202 ,

2279 2229 2411 2293 AZ’.
2449 2231 2504 2287 Ei
2559 2229 2611 2284 δὲ
2645 2253 2693 2286 τι
2751 2231 2887 2304 μετᾶ
2935 2231 3034 2297 τὴν
3093 2231 3296 2286 ἐκεῖθεν
3325 2230 3417 2288 τοῦ
3469 2229 3648 2309 ἀνδρὸς
3705 2231 3853 2288 ἀπο-

471 2320 705 2381 molesti
729 2319 954 2400 aliquid
999 2318 1413 2398 accideratiis,
1449 2319 1546 2399 qui
1581 2326 1750 2380 erant
1792 2319 1848 2379 in
1883 2329 2108 2394 monte,

2204 2317 2389 2396 δημίαν
2444 2332 2560 2386 τοῖς
2620 2319 2674 2375 ἐν
2708 2325 2782 2393 τῷ
2839 2319 2945 2398 ὄρει
2983 2319 3219 2399 λῦπηρὸν
3249 2319 3480 2398 ἐγένετο,
3525 2327 3680 2378 τοῦτο
3739 2328 3848 2378 πᾶν

469 2408 530 2470 id
580 2426 789 2471 rursus
835 2415 1020 2469 totum
1066 2408 1140 2469 de
1174 2407 1370 2470 medio
1417 2408 1675 2470 ablatum
1711 2416 1803 2470 est
1845 2409 1977 2488 ejus
2009 2409 2115 2470 ad-

2204 2409 2256 2464 ἑκ
2319 2416 2412 2466 τοῦ
2471 2410 2637 2485 μέσου
2692 2409 2852 2486 ἤρετο
2909 2409 2975 2484 τῇ
3029 2409 3284 2484 ἐπιδῆμίᾳ
3355 2409 3538 2473 πάλιν,
3612 2413 3707 2470 Καὶ
3765 2419 3860 2469 νῦν

470 2509 672 2561 ventu.
707 2501 782 2561 Et
811 2516 969 2559 nunc
999 2497 1240 2578 quidem
1287 2515 1486 2579 eruca,
1521 2516 1652 2578 quae
1682 2506 2112 2560 nocumentum

2204 2497 2298 2574 μὲν
2337 2498 2529 2573 κάμπη
2570 2497 2981 2578 τοϊς-λαχάνοις
3041 2497 3514 2574 διαλυμαινομένη,
3559 2503 3698 2580 εὖχῇ
3757 2506 3856 2558 καὶ

469 2587 752 2650 afferebat
781 2587 1069 2668 oleribus,
1105 2586 1380 2668 precibus
1403 2596 1462 2650 et
1494 2585 1665 2666 signo
1711 2587 1906 2649 crucis
1942 2588 2114 2667 fuga-

2204 2589 2410 2664 σημείῳ
2488 2595 2713 2666 σταυροῦ
2784 2594 2888 2644 τῶν
2960 2587 3252 2667 περικόλων
3331 2589 3674 2646 ἆπεδιώκετδ·
3765 2599 3858 2648 νῦν

468 2677 693 2740 batura
725 2677 994 2752 circuitu,
1034 2695 1194 2738 nunc
1239 2683 1434 2738 autem
1470 2675 1543 2738 iis
1574 2675 1673 2757 qui
1706 2676 1848 2738 illuc
1871 2676 2115 2740 accede-

2204 2676 2256 2734 δὲ
2312 2691 2432 2742 τοῖς
2495 2677 2610 2733 ἐκεῖ
2674 2676 3108 2757 παραϐάλλουσιν
3171 2684 3203 2745 ἡ
3278 2677 3500 2746 τελευτὴ
3577 2679 3857 2746 ἐδηλοῦνο,

470 2767 803 2848 bant,mors
826 2765 1413 2847 praesignificabatur.
1447 2767 1518 2828 Et
1542 2765 1628 2826 illi
1661 2765 1907 2842 quidem
1937 2765 2115 2828 rebus

2204 2769 2298 2827 Καὶ
2371 2771 2417 2823 οἱ
2477 2768 2574 2842 μὲν
2632 2768 2696 2823 τὰ
2754 2767 2874 2824 κατ’
2934 2767 3121 2831 αὖτοὺς
3175 2771 3232 2824 εῦ
3287 2768 3512 2825 ἐτίθεντο
3569 2770 3665 2826 καὶ
3723 2774 3860 2849 πρὸς

469 2855 593 2918 suis
644 2855 1061 2937 providebant,
1097 2863 1156 2917 et
1206 2873 1270 2916 se
1305 2854 1588 2936 parabant
1638 2855 1710 2916 ad
1747 2873 2057 2916 excessum
2097 2877 2109 2918 :

2204 2857 2298 2924 τὴν
2376 2854 2634 2930 ἐκδημίαν
2705 2858 3158 2933 παρεσκευάζοντο
3247 2861 3272 2914 ὁ
3346 2857 3400 2913 δὲ
3460 2861 3692 2939 πονηρὸς
3766 2863 3859 2916 καὶ

471 2946 762 3025 malignus
796 2952 990 3006 autem
1038 2952 1096 3006 et
1128 2945 1316 3006 hostis
1364 2945 1608 3006 humani
1643 2944 1902 3024 generis,
1939 2945 2114 3024 lupus

2204 2952 2272 3018 τῷ
2325 2948 2428 3003 τῶν
2486 2946 2774 3024 ἀνθρώπων
2806 2947 2946 3024 γένει
3005 2947 3259 3023 πολέμιος
3315 2947 3471 3012 λύκος
3521 2948 3610 3020 ἦν,
3654 2950 3715 3006 τὸ
3760 2956 3859 3004 τοῦ

469 3041 619 3111 erat,
655 3044 722 3097 ut
752 3033 1007 3106 ducitur,
1041 3035 1262 3096 frustra
1294 3033 1492 3096 hians.
1526 3036 1610 3096 Ita
1643 3034 1817 3096 etiam
1872 3033 2109 3096 cuidam

2204 3038 2379 3115 λόγου,
2415 3037 2592 3109 μάτην
2654 3037 2861 3115 χανών.
2898 3034 3048 3093 Οῧτω
3101 3039 3187 3092 xxi
3235 3060 3334 3092 τινι
3388 3036 3636 3111 ’ἰσκακίῳ
3686 3035 3855 3116 ἀνδρὶ,

466 3130 589 3185 viro
644 3126 850 3199 Isacio,
913 3123 1014 3204 qui
1069 3123 1307 3185 feminae
1367 3123 1728 3185 inserviebat
1781 3123 2108 3202 monachae,

2204 3127 2502 3202 μοναζούσῃ
2549 3129 2758 3204 γυναικὶ
2815 3127 3253 3202 ὑπηρετουμένῳ,
3311 3125 3494 3194 ἐπειδὴ
3537 3126 3574 3193 ἡ
3631 3126 3858 3195 τελευτὴ

467 3213 745 3294 quoniam
795 3213 1143 3292 praedictum
1174 3211 1367 3272 fuerat
1397 3229 1431 3273 a
1460 3218 1688 3286 sancto,
1726 3211 1853 3272 fore
1884 3219 1946 3272 ut
1977 3230 2110 3272 mox

2204 3213 2339 3284 ἥξειν
2389 3217 2528 3289 αὒτῷ
2591 3215 2718 3271 ὅσον
2775 3214 2982 3274 οὐδέπω
3046 3217 3147 3272 ὑπὸ
3197 3225 3288 3273 τοῦ
3344 3216 3492 3294 ἁγίου
3542 3218 3856 3296 προείρητο,

467 3302 540 3362 ad
572 3321 708 3362 eum
746 3301 974 3362 veniret
1006 3301 1132 3361 vita:
1175 3300 1334 3380 finis,
1367 3308 1422 3363 et
1457 3301 1590 3361 ideo
1625 3307 1926 3380 oporteret
1973 3317 2108 3361 eum

2204 3305 2472 3361 κάντεῦθεν
2545 3303 2662 3362 δέον
2723 3306 2852 3383 πρὸς
2923 3307 3022 3373 τὴν
3099 3304 3358 3382 ἐγδημίαν
3439 3309 3854 3383 εὖτρεπίζεσοιι,

468 3407 532 3450 se
553 3407 760 3468 parare
782 3389 853 3448 ad
872 3388 1319 3468 decessum,ille
1349 3396 1547 3450 autem
1573 3389 1944 3468 negligenter
1965 3388 2115 3450 vive-

2204 3394 2226 3449 ὸ
2284 3391 2338 3450 δὲ
2369 3392 2583 3469 ἀμελῶς
2629 3394 2722 3466 ἔζη
2767 3397 2854 3452 καὶ
2901 3395 3214 3472 ἀνειμένως,
3251 3397 3375 3454 εἶτα
3424 3397 3512 3453 καὶ
3563 3399 3690 3474 πρὸς
3745 3398 3856 3474 9ιῦ-

467 3488 554 3540 ret
587 3487 644 3540 et
669 3484 944 3553 remisse,
983 3478 1203 3539 deinde
1234 3478 1409 3539 etiam
1443 3497 1646 3539 rursus
1676 3486 1747 3539 ad
1783 3481 1975 3559 ipsum
2007 3477 2114 3540 Dei

468 3568 771 3628 hominem
804 3567 1214 3629 ascendisset:
1246 3565 1608 3648 Cur,inquit,
1641 3567 1835 3629 adhuc
1868 3568 2116 3630 munda-

467 3657 560 3718 nis
581 3666 905 3737 occupatus
925 3655 1684 3729 sollicitudinibus,nu|lam
1707 3657 1886 3719 futuri
1912 3676 2116 3720 curam

462 3746 654 3824 geris?
685 3747 802 3809 Sed
835 3747 936 3808 ille
971 3747 1213 3827 quidem
1249 3747 1460 3827 partim
1488 3766 1519 3808 a
1552 3748 1790 3807 domina
1818 3753 2060 3809 coactus
2090 3767 2104 3828 ;

468 3835 683 3916 partim
706 3845 901 3898 autem
928 3838 1102 3898 etiam
1141 3855 1246 3898 sua
1276 3846 1490 3917 sponte
1522 3838 1801 3898 inductus
1848 3837 1933 3906 (in
1969 3856 2112 3917 pos-

466 3925 802 3987 sessionem
828 3927 986 3987 enim
1014 3945 1155 3988 cura
1183 3927 1443 4005 gerenda
1461 3935 1585 3988 erat
1608 3927 1774 3987 valde
1806 3927 2010 4000 utilis),
2039 3927 2111 3989 ad

468 4014 616 4075 nihil
649 4025 738 4076 est
773 4017 1058 4078 excitatus
1107 4035 1339 4089 eorum,
1373 4036 1504 4096 qua:
1553 4017 1885 4096 oportebat.
1917 4034 2114 4098 neque

470 4104 580 4165 sibi
633 4103 903 4166 ultimum
955 4107 1176 4186 paravit
1224 4107 1522 4168 viaticum.
1575 4105 1704 4167 Non
1738 4106 1926 4168 multo
1983 4115 2114 4186 post

465 4203 660 4254 autem
687 4193 928 4256 morbus
957 4204 1014 4256 et
1046 4194 1539 4275 necessitas,quza
1569 4214 1704 4257 eum
1733 4196 2114 4269 invasit,fecit

465 4291 620 4344 utet
669 4284 1060 4346 monasticam
1109 4285 1384 4346 indueret
1415 4285 1709 4359 habitum,
1745 4293 1803 4345 et
1833 4291 1910 4365 ei,
1962 4287 2108 4366 proh

466 4372 639 4434 dolor
665 4373 678 4433 !
710 4382 962 4434 mortem
989 4375 1185 4435 attulit
1215 4393 1246 4434 e
1269 4374 1532 4454 vestigio.
1564 4374 1679 4436 Sed
1708 4373 1865 4454 quod
1897 4375 2110 4437 attinet

467 4461 708 4542 quidem
759 4463 833 4523 ad
871 4465 1146 4538 Isacium,
1213 4465 1577 4538 necessitati,
1632 4483 1750 4525 non
1803 4463 2106 4541 voluntati,

468 4551 765 4631 quispiam
797 4552 855 4614 id
886 4563 1194 4632 acceptum
1223 4555 1428 4615 tulerit
1455 4572 1468 4616 :
1506 4555 1646 4616 huic
1674 4561 1870 4616 autem
1900 4573 2111 4633 magno

469 4641 628 4732 Patri
660 4658 796 4702 vere
821 4649 1122 4720 paternam
1153 4644 1494 4723 ascripserit
1520 4643 1926 4723 affectionem,
1955 4644 2109 4723 quod
2136 4681 2180 4732 ο

468 4729 524 4792 ei
551 4737 796 4791 mortem
825 4732 1199 4809 praedixerat,
1225 4733 1461 4796 etiamsi
1491 4732 1600 4796 ille
1644 4732 1792 4794 nihil
1827 4741 2108 4808 mutatus,

466 4819 529 4882 in
552 4820 737 4897 priori
764 4821 1038 4884 socordia
1071 4823 1145 4884 sit
1185 4831 1475 4883 mortuus.

545 4907 856 4974 XXXVIII.
893 4909 1009 4973 Sed
1058 4912 1216 4974 enim
1279 4913 1420 4974 hinc
1478 4929 1717 4993 quoque
1777 4920 1914 4974 nota
1967 4912 2116 4974 ﬁunt

2196 3484 2288 3538 τὸν
2346 3482 2505 3540 πάλιν
2563 3485 2652 3540 τὸν
2709 3491 2802 3542 τοῦ
2862 3492 2995 3541 Θεοῦ
3045 3484 3332 3564 ἄνθρωπων
3383 3471 3859 3566 ἆνεληλύθει,”1να

2196 3571 2270 3650 τί,
2330 3573 2483 3652 φησὶ,
2549 3577 2840 3646 κοσμικαῖς
2915 3571 2991 3628 ἔτι
3051 3574 3317 3652 φροντίσιν
3389 3571 3857 3652 ἐνασχολοΰμενος

2199 3660 2443 3736 οὐδεμίαν
2515 3670 2606 3719 τοῦ
2681 3661 2968 3727 μέλλοντος
3049 3661 3293 3741 φροντίδα
3381 3675 3606 3738 ποιεϊςς
3701 3659 3852 3719 Ἀλλ’

2194 3753 2402 3814 ἒκετνος
2480 3753 2566 3807 καὶ
2645 3751 2782 3808 ἑκὼν
2854 3753 3115 3831 ὑπαχθεὶς
3193 3750 3334 3831 (περὶ
3407 3752 3507 3830 γὰρ
3566 3757 3665 3820 τὴν
3746 3758 3858 3807 τῶν

2198 3841 2488 3916 κτημάτων
2565 3839 2876 3915 ἐπιμέλειαν
2955 3840 3254 3921 εὔχρηστος
3419 3889 3436 3920 ,
3499 3843 3629 3920 πρὸς
3707 3839 3856 3898 οῦδὲν

2195 3935 2300 3986 τῶν
2369 3929 2595 3987 δεόντων
2664 3929 2918 3998 διανέστη
2952 3978 2968 4004 ,
3044 3929 3150 3989 οὐδ’
3207 3930 3283 3986 ἔτι
3363 3931 3536 4006 ἑαυτῷ
3595 3931 3857 4006 ἡτοίμασε

2195 4018 2508 4076 τελευταῖον
2567 4019 2796 4099 ἐφόδιον.
2858 4024 2931 4078 Οὐ
3005 4018 3191 4094 πολλῷ
3245 4027 3371 4098 γοῦν
3427 4019 3643 4099 ὕστερον
3701 4021 3857 4086 νόσος

2198 4113 2339 4183 αὒτῷ
2390 4111 2478 4165 καὶ
2538 4109 2743 4188 ἆνάρκη
2816 4108 3148 4167 ἐπιπεσοῦσα
3210 4109 3328 4185 μετ’
3381 4109 3746 4190 ἀμφιάσασθαί
3795 4131 3859 4166 τε

2197 4201 2258 4256 τὸ
2317 4205 2422 4255 τῶν
2478 4205 2738 4278 μοναχῶν
2797 4198 3015 4266 εποίησε
3083 4204 3302 4279 σχῆμα,
3361 4201 3447 4256 καὶ
3499 4199 3741 4275 θάνατον,
3795 4201 3858 4257 οἷ

2197 4294 2336 4362 μοιι
2400 4285 2706 4350 καταπόδας
2765 4289 3090 4366 ὑπήνεγκεν,
3155 4286 3324 4345 Ἀλλὰ
3376 4290 3438 4345 τὸ
3495 4288 3592 4363 μὲν
3650 4288 3731 4344 ἐπὶ
3777 4295 3860 4362 τῷ

2195 4377 2440 4448 ἰσααιιίῳ
2497 4381 2562 4452 τῇ
2619 4375 2831 4456 ἆνᾶρχῃ
2901 4377 2962 4432 ἄν
3011 4401 3114 4452 τις,
3175 4380 3234 4434 οῦ
3262 4384 3329 4453 τῇ
3387 4377 3660 4456 προαιρὲσι
3694 4378 3858 4458 χάριν

2195 4464 2402 4536 εἰδείη,
2461 4472 2538 4539 τῷ
2597 4463 2652 4520 δὲ
2711 4465 2931 4543 μεγάλῳ
2989 4468 3158 4535 τούτῳ
3219 4468 3382 4544 Πατρὶ
3451 4468 3718 4545 πατρικὴν
3777 4469 3856 4531 ὡς

2197 4553 2408 4620 ἀληθῶς
2464 4555 2562 4620 τὴν
2593 4551 2825 4612 διάθεσιν
2886 4555 3191 4636 ἐπιγράφοι,
3229 4557 3310 4612 ὅτι
3365 4556 3428 4613 τὰ
3457 4561 3556 4623 τῆς
3600 4555 3857 4624 τελευτῆς

2197 4647 2341 4715 αὗτῷ
2397 4644 2815 4724 προηγόρευσεν,
2863 4647 2907 4702 εἰ
2965 4649 3244 4720 κάκεῖνος,
3278 4642 3443 4721 μηδέν
3501 4668 3551 4701 τι
3610 4643 3854 4721 μεταϐα-

2195 4731 2330 4813 λὼν,
2355 4739 2422 4810 τῇ
2453 4734 2682 4814 προτέρᾳ
2726 4735 3010 4798 ἐναπέοινε
3043 4738 3284 4814 ῥᾳθυμίᾳ.

2277 4911 2410 4973 ΑΠ’.
2495 4913 2660 4971 Ἀλλὰ
2719 4915 2820 4994 γὰρ
2875 4917 3110 4971 ἒντεῦίνεν
3181 4917 3422 4996 γνώριμα
3494 4916 3709 4978 πάντως
3767 4917 3857 4972 καὶ

465 5000 711 5061 omnino
766 5017 856 5075 ea,
915 5020 1048 5080 qua!
1092 5003 1293 5082 justus
1343 5002 1595 5064 faciebat
1643 5001 1732 5063 vel
1782 5003 1952 5064 Isacii
1999 5001 2112 5063 do-

2204 5002 2258 5058 τὰ
2336 5003 2573 5083 πάρεργα
2635 5011 2728 5061 τοῦ
2807 5002 3049 5081 δικαίου,
3103 5007 3136 5072 ἡ
3217 5007 3312 5062 τοῦ
3373 5005 3633 5065 Ἰσαακίου
3703 5007 3857 5082 κυρίπι

466 5089 650 5170 mina,
695 5108 829 5151 cum
862 5098 1022 5152 esset
1073 5101 1132 5152 et
1159 5093 1472 5167 monacha,
1505 5091 1660 5153 sicut
1691 5109 1724 5153 a
1757 5110 1852 5152 me
1884 5091 2112 5153 dictum

2204 5095 2416 5173 μοναχή
2473 5116 2532 5149 τε
2591 5101 2746 5166 οῦσα,
2795 5093 2976 5172 ὥσπερ
3027 5115 3118 5169 μοι
3179 5095 3418 5172 εἴρηται,
3481 5098 3568 5153 καὶ
3629 5097 3857 5176 γηραιὰ,

464 5187 576 5250 est,
602 5187 663 5241 et
690 5179 908 5256 vetula,
953 5188 1012 5241 et
1045 5181 1321 5260 praefecte
1353 5181 1702 5242 monasterii
1738 5180 2109 5261 Clubiorum,

2204 5181 2292 5239 ιιιί
2352 5183 2418 5249 δη
2477 5185 2564 5239 καὶ
2615 5187 2712 5250 τῆς
2770 5183 2877 5238 τῶν
2939 5180 3210 5240 Κλουϐίων
3257 5185 3608 5266 ἀφηγουμένη
3659 5188 3854 5262 μονῆς,

465 5267 538 5332 ad
562 5268 758 5351 ipsum
793 5269 1114 5350 aliquando
1144 5271 1413 5332 ascendit
1443 5271 1621 5332 simul
1666 5289 1800 5333 cum
1834 5271 1955 5332 filia
1987 5288 2115 5350 pre-

2204 5269 2394 5338 ὰνῆλθὲ
2455 5293 2587 5328 ποτε
2637 5271 2762 5348 παρ’
2794 5271 2949 5355 ἀύτὸν
2997 5270 3109 5348 ἅμα
3160 5279 3228 5351 τῇ
3278 5278 3491 5355 Θυγατρὶ
3547 5274 3857 5353 προσευχῆς

467 5357 716 5419 cationis
745 5359 926 5436 gratia
956 5367 1014 5420 et
1035 5359 1614 5422 benedictionisllle
1636 5369 2115 5440 autem,accepto

2204 5361 2360 5440 χάριν
2414 5363 2502 5418 καὶ
2532 5359 2798 5439 εὐλογίας.
2860 5351 2917 5418 ’0
2949 5359 3005 5418 δὲ
3061 5363 3127 5428 ἣν
3177 5365 3212 5430 ἡ
3270 5351 3456 5444 μήτηρ
3502 5351 3640 5422 κατὰ
3691 5351 3857 5444 χέ’ίρα

471 5445 707 5522 baculo,
756 5467 933 5527 quem
996 5459 1187 5511 mater
1229 5469 1411 5512 manu
1455 5450 1716 5528 tenebat,
1773 5450 2014 5512 tradidit
2054 5448 2115 5510 in

2204 5450 2362 5529 εἶχεν
2444 5452 2734 5527 βακτηρίαν
2821 5449 2999 5509 λαϐὼν
3088 5458 3156 5522 τῆ
3240 5457 3456 5534 θυγατρὶ
3535 5454 3852 5535 ἐνεχείρισε.
3943 5457 3958 5461 ’

470 5551 711 5595 manum
735 5537 1264 5601 tiliaa.Conturbata
1282 5558 1422 5618 ergo
1447 5547 1636 5601 mater
1664 5541 1896 5620 puellae,
1921 5539 2108 5600 dixit:

467 5622 639 5705 Mihi,
672 5633 863 5708 pater,
898 5628 1084 5708 magis
1113 5629 1505 5693 conveniebat
1537 5629 1806 5710 baculus,
1836 5631 1934 5710 qui
1971 5645 2110 5690 cor-

2204 5629 2386 5708 πάτερ,
2431 5632 2467 5698 ἡ
2525 5631 2786 5709 βαγτηρία
2844 5629 3051 5707 μᾶλλον
3107 5636 3379 5714 προσῆκεν
3432 5622 3858 5714 ὑποστηρίζουσα

463 5730 582 5797 pus
599 5730 800 5777 meum
819 5715 988 5779 fulcit
1000 5735 1069 5780 ac
1089 5719 1345 5784 sustinet
1368 5735 1582 5800 magna
1595 5735 1664 5780 ex
1689 5726 1856 5800 parte
1869 5724 2112 5800 propter

2204 5718 2259 5776 τὰ
2314 5716 2490 5780 πολλὰ
2523 5720 2582 5777 τὸ
2640 5721 2797 5797 σῶμα
2828 5717 2912 5777 διὰ
2960 5721 3020 5778 τὸ
3050 5722 3245 5802 γῆρας.
3314 5713 3370 5781 ’0
3401 5721 3456 5780 δὲ
3517 5713 3685 5800 μηδὲν
3724 5724 3858 5801 αὖτῇ

2204 5542 2646 5620 Διαταραχθεϊσα
2709 5547 2797 5597 οῦν
2869 5542 2905 5609 ἡ
2977 5545 3076 5608 τῆς
3153 5540 3336 5608 παιδὸς
3399 5547 3605 5623 μήτηρ·
3675 5544 3854 5619 Ἐμοὶ,
