4158 6426
1765 347 2049 414 MENSIS
2088 346 2534 415 NOVEMBER.
3767 340 3848 416 30

448 352 527 418 79

523 486 721 552 XLIV.
739 487 1092 551 Theodorus
1103 485 1480 566 quidam,qui
1504 483 1680 546 modo
1701 483 1879 547 vitam
1897 497 2090 544 susce-

2261 478 2416 544 κδ’,
2450 478 2720 559 Θεόδωρός
2778 501 2858 546 τις
2911 477 3026 559 ἄρτι
3058 479 3148 538 τὸν
3206 483 3418 560 μονήρη
3475 483 3589 559 βίον
3637 484 3849 564 ἀνῃρη-

442 589 609 660 perat
633 575 1331 658 monasticam,cupiebat
1348 565 1423 638 de
1443 575 1626 637 rebus
1649 580 1834 636 sancti
1860 572 2090 634 discere

2183 571 2366 649 μένος,
2425 569 2603 626 mea
2664 570 2732 626 τὰ.
2804 577 2900 627 τοῦ
2955 571 3107 648 ἁγίου
3171 565 3317 650 παρᾶ
3376 573 3484 629 τῶν
3540 574 3613 638 ὡς
3692 573 3850 631 αὐτὸν

439 659 638 746 abiis,
664 669 764 750 qui
793 668 866 730 ad
901 669 1098 751 ipsum
1130 665 1524 744 ventilabam,
1551 673 1609 726 et
1637 680 1908 745 quaenam
1940 667 2090 722 essel

2183 660 2490 739 φοιτώντων
2542 659 2850 740 μανθάνειν,
2889 659 3004 726 ἥτις
3067 681 3125 717 τε
3191 661 3336 736 αὐτῷ
3386 664 3422 730 ἡ
3471 659 3714 742 διαγωγὴ
3767 665 3854 720 καὶ

441 761 576 839 ejus
599 748 731 822 vitae
759 748 944 835 ratio,
962 768 1020 821 et
1049 754 1533 838 cujusnammodi
1557 757 1961 832 ,aspiceretur
1996 770 2011 824 ;
2044 758 2090 810 el

2183 751 2376 813 ὁποῖος
2438 752 2650 839 ὁρᾶται,
2684 749 2786 839 καὶ,
2832 748 2863 805 ὅ
2905 771 2957 806 τι
3001 751 3227 829 πράττοι
3285 753 3324 820 ἢ
3366 751 3674 830 φθέγγοιτο,
3706 751 3853 819 ὅπως

439 837 735 926 quidnam
793 847 1023 912 faceret
1053 837 1154 911 aut
1183 845 1440 918 diceret,
1467 853 1530 904 ut
1561 842 1612 904 si
1643 841 1793 904 nihil
1825 840 2011 913 aliud,
2048 849 2090 900 al

2187 841 2231 896 εἰ
2285 842 2364 914 μή
2416 861 2467 896 τι
2517 837 2673 910 ἄλλο,
2706 837 2846 898 ἀλλὰ
2895 839 2957 896 τά
2999 861 3060 919 γε
3116 843 3212 900 τοῦ
3253 839 3576 899 Ἰωαννικίου
3633 840 3852 921 διηγεῖ-

439 940 514 1000 de
539 937 834 1002 Joannicii
864 937 1110 1014 quidem
1140 943 1300 997 certe
1322 933 1504 995 rebus
1531 940 1731 1012 posset
1766 934 2090 1002 narrare,el

2187 931 2304 986 σθαι
2349 927 2496 1009 ἔχοι,
2536 927 2816 984 κάντεῦθεν
2866 929 3090 1005 μνήμην
3117 931 3308 988 ἑαυτοῦ
3359 931 3480 995 τοῖς
3513 933 3587 998 εἰς
3635 929 3852 1010 ὕστερον

441 1029 584 1091 hinc
615 1027 962 1089 memoriam
993 1028 1118 1088 suis
1150 1025 1526 1100 relinqueret
1552 1022 1832 1102 posteris,
1865 1037 2000 1082 cum
2034 1018 2090 1092 ii,

2184 1015 2494 1093 καταλίποι,
2541 1024 2648 1073 τῶν
2705 1016 2798 1074 ὑπ’
2859 1019 3063 1079 ἐκείνου
3121 1028 3286 1079 ταῦτα
3343 1019 3679 1099 πυθομένων,
3731 1034 3851 1086 τοῖς

444 1117 547 1198 qui
578 1118 703 1179 hinc
734 1116 807 1176 ab
833 1117 932 1177 illo
960 1115 1336 1188 audiverant,
1373 1111 1497 1172 suis
1529 1128 1738 1172 rursus
1786 1114 2090 1198 narrarent

2183 1107 2302 1184 μετ’
2379 1108 2567 1172 αὖτοὺς
2651 1106 2816 1165 πάλιν
2869 1106 3258 1188 διηγουμένωο,
3321 1112 3396 1175 ὡς
3467 1110 3591 1169 τάδε
3668 1110 3851 1192 τυχὼν

447 1196 720 1286 posteris,
747 1205 907 1283 quod
938 1206 1064 1268 haec
1096 1213 1154 1266 et
1185 1203 1308 1264 hac
1329 1201 1402 1262 ab
1435 1202 1548 1262 hoc
1577 1208 1679 1261 aut
1704 1199 1806 1260 illo
1833 1197 2090 1260 audivis-

2186 1199 2330 1277 παρὰ
2379 1205 2471 1254 τοῦ
2500 1196 2674 1262 δεινος
2698 1196 2972 1261 ἐπύθοντο.
3023 1197 3171 1258 Ἐπεὶ
3218 1198 3275 1256 δὲ
3329 1221 3468 1258 τισιν
3499 1199 3598 1258 ὅσα
3652 1198 3849 1267 ἤκουσε

443 1285 751 1357 Sent.Cum
766 1303 961 1357 autem
990 1301 1256 1356 narraret
1278 1290 1981 1372 aliquibus,qu:ecunque
2001 1305 2090 1348 ους

2186 1286 2434 1366 διηγεῖτο
2491 1291 2586 1346 οὒκ
2651 1285 3014 1354 αϐασανίστως
3075 1289 3172 1364 μὶν
3230 1289 3431 1347 έκεῖνοί
3500 1311 3630 1371 φασι
3687 1296 3851 1347 ταῦτα

445 1383 790 1458 diverat,illi
817 1393 1015 1447 autem
1043 1382 1455 1446 dicerenthaec
1479 1399 1597 1441 non
1623 1397 1755 1440 esse
1786 1378 2090 1438 admitten‘

2188 1378 2389 1456 χρῆναι
2443 1374 2857 1456 προσδέχεσθαι,
2915 1376 3053 1434 ἀλλὰ
3110 1379 3200 1436 τὸν
3259 1377 3492 1458 έργάτην
3550 1380 3776 1450 τούτων,
3807 1379 3852 1436 εί

444 1476 518 1534 da
537 1474 682 1536 citra
712 1474 1211 1536 examinationem
1239 1470 1388 1551 ;Sed
1421 1471 1660 1542 horum,
1693 1465 2090 1536 dicebant,ef-

2189 1465 2388 1543 βούλει,
2423 1465 2688 1542 ὀψόμεθα.
2751 1467 2812 1524 Ὀ
2861 1465 2918 1522 δὲ
2964 1465 3162 1545 όδηγὸς
3205 1470 3391 1532 αὖτοϊς
3450 1469 3594 1534 εἶιθὺς
3623 1472 3850 1548 γίνεται,

440 1564 754 1640 lectorem,
779 1564 828 1623 si
855 1564 1023 1638 velis,
1050 1561 1407 1624 videbimus.
1437 1560 1543 1622 llle
1568 1569 1764 1619 autem
1797 1557 1994 1618 statim
2042 1555 2090 1615 ﬁl

2189 1557 2508 1636 ἀνέρχονταί
2553 1577 2612 1612 τε
2663 1555 2806 1635 παρὰ
2835 1559 2928 1613 τὸν
2985 1559 3139 1636 ἅγιον
3198 1559 3284 1616 καὶ
3339 1561 3412 1621 εἷς
3472 1558 3683 1633 ὁμιλίαν
3712 1563 3859 1631 αὐτῷ

448 1652 536 1715 eis
560 1653 674 1714 dux
696 1653 1019 1728 itineris,et
1039 1671 1247 1714 rursus
1276 1647 1609 1712 ascendunt
1637 1648 1708 1708 ad
1741 1655 2013 1706 sanctum
2050 1662 2081 1704 e

2188 1647 2435 1714 ἣκουσιν.
2499 1645 2638 1704 ’Ἔτι
2697 1656 2822 1724 γοῦν
2871 1649 3057 1713 αὐτοῖς
3106 1645 3426 1728 τριϐομένης
3457 1653 3558 1716 τῆς
3617 1648 3854 1728 ὅμιλίας,

447 1761 583 1804 eum
617 1741 1176 1823 alloquuntur.Cum
1211 1759 1350 1802 vero
1375 1757 1574 1801 sermo
1594 1736 1667 1798 ab
1695 1738 1782 1798 eis
1807 1735 2090 1816 produce-

2190 1735 2382 1814 ἄρκτος
2443 1738 2603 1794 ποθὲν
2662 1739 2757 1793 τοῦ
2815 1735 3009 1803 ἄλσους
3080 1737 3401 1818 ἐπιφανεῖσα
3426 1786 3443 1819 ,
3505 1739 3599 1804 τὰς
3657 1739 3859 1796 τούτων

443 1841 632 1906 retur,
693 1851 856 1906 ursa,
913 1851 1044 1914 quae
1100 1831 1381 1893 alicunde
1425 1849 1461 1891 e
1495 1829 1663 1910 sylva
1693 1829 1779 1888 eis
1809 1825 2090 1906 apparuit,

2193 1824 2527 1905 διαταράττει
2587 1827 2791 1908 ψυχάς.
2831 1826 2893 1885 ’0
2952 1826 3007 1882 δὲ
3035 1826 3194 1906 ἄρτον
3249 1828 3387 1905 αὗτῇ
3416 1828 3622 1907 ὁρὲγειν
3681 1851 3858 1908 προσ-

443 1921 762 1985 conturbat
814 1941 1024 1986 eorum
1081 1922 1330 1984 animos.
1374 1919 1477 1982 [lle
1535 1927 1734 1980 autem
1791 1916 1967 1994 jubet
2011 1915 2090 1976 eis

2188 1937 2392 1991 ταττει,
2439 1916 2537 1973 καί
2591 1918 2802 1980 τούτοις
2858 1918 3216 1996 προτρέπεται
3273 1919 3372 1987 τῆς
3436 1917 3646 1986 πολλῆς
3709 1917 3858 1980 έκεί-

442 2012 558 2091 ipsi
615 2031 828 2091 panem
899 2012 1226 2093 porrigere,
1289 2017 1348 2072 et
1409 2010 1698 2080 hortatur,
1741 2017 1806 2068 ut
1862 2007 1935 2067 ab
1996 2004 2090 2066 illo

2183 2027 2279 2073 νης
2343 2007 2622 2085 ἀναφέρειν
2683 2005 2907 2082 δειλίας,
2967 2008 3346 2082 μεμνημένους
3405 2015 3498 2066 τοῦ
3553 2007 3744 2066 λέοντά
3797 2029 3855 2064 τε

445 2119 660 2180 magno
689 2101 904 2163 timore
951 2109 1327 2173 recreentur,
1377 2097 1764 2160 recordantes
1809 2095 1962 2174 ejus,
1997 2093 2090 2174 qui

2181 2098 2269 2153 καὶ
2324 2095 2580 2172 δράκοντα
2639 2097 2976 2153 καταπατεῖο
3028 2095 3347 2172 δεδωκότος,
3407 2099 3463 2158 οἵ
3529 2119 3672 2163 τινες
3730 2100 3854 2176 περὶ

443 2190 609 2252 dedit
665 2199 1012 2272 potestatem
1063 2189 1455 2252 conculcandi
1518 2189 1753 2249 leonem
1787 2192 1847 2246 ct
1875 2185 2092 2246 draco-

444 2299 582 2343 nem
604 2281 657 2354 9,
691 2282 794 2358 qui
824 2281 1064 2361 quidem
1097 2287 1238 2341 sunt
1269 2298 1408 2340 urso
1438 2277 1614 2355 longe
1668 2274 2086 2343 terribiliores,

445 2378 505 2432 et
531 2370 767 2432 illorum
800 2371 1043 2446 quidem
1075 2369 1306 2431 animos
1358 2368 1631 2429 liberata
1666 2374 1856 2439 metu,
1896 2382 2092 2425 ursam

445 2469 643 2520 autem
678 2459 852 2539 jubet
883 2458 1100 2520 reverti
1132 2459 1201 2520 ad
1255 2477 1362 2520 sua
1393 2456 1657 2519 latibula.
1693 2457 1817 2517 Hoc
1849 2452 2093 2533 quidem

446 2550 534 2610 sic
555 2549 1063 2624 factumfuerat,et
1081 2549 1244 2610 linito
1268 2545 1660 2625 sermone,illi
1686 2553 2092 2614 recesserunt,

443 2639 593 2700 nihil
624 2638 781 2700 aliud
811 2639 1106 2701 habentes
1141 2645 1199 2699 in
1234 2657 1369 2712 ore,
1402 2640 1511 2698 nisi
1542 2653 1818 2714 magnum
1842 2632 2094 2694 Joanni-

446 2728 630 2789 cium.
666 2728 819 2790 Hinc
874 2729 1086 2790 factum
1115 2741 1222 2801 est,
1260 2736 1323 2789 ut
1353 2733 1556 2789 essent
1586 2742 1754 2786 acres
1786 2723 1861 2784 ad
1897 2722 2094 2784 virtu-

445 2828 563 2878 tem
593 2826 649 2879 et
681 2818 750 2879 ad
792 2817 1046 2879 similem
1081 2818 1272 2879 zelum
1308 2816 1797 2888 incitarentur,et
1825 2812 2096 2874 dicerent

445 2908 740 2969 monacho
765 2906 1082 2968 Theodoro
1109 2929 1122 2965 :
1151 2909 1282 2970 Non
1305 2926 1376 2968 ex
1413 2905 1527 2967 tuis
1543 2903 1738 2965 verbis
1765 2901 2093 2974 credimus,

442 2997 547 3058 sed
579 3016 648 3058 ex
682 2997 777 3078 iis,
833 3015 964 3076 quae
997 2995 1112 3077 ipsi
1160 2996 1493 3058 audivimus
1541 3003 1599 3056 et
1628 2994 1887 3055 vidimus
1922 2993 1997 3065 10,
2033 2999 2095 3052 ut

441 3086 585 3148 dicit
612 3085 1001 3165 Evangelista.
1037 3084 1256 3149 Haacne
1313 3085 1641 3164 sufﬁciunt,
1677 3102 1751 3144 an
1809 3101 1876 3144 ex
1912 3083 2095 3144 rebus

439 3177 816 3239 sanctivultis
831 3177 978 3238 alias
996 3175 1380 3256 adjiciamus?
1402 3174 1518 3236 Sed
1547 3175 1874 3254 quomodo,
1902 3171 1950 3232 si
1968 3171 2094 3233 haec

439 3266 676 3328 silentio
726 3267 1092 3338 dederimus,
1150 3285 1270 3326 non
1303 3263 1844 3344 pulcherrimarum
1891 3278 2092 3322 rerum

435 3353 794 3415 detrimento
827 3357 954 3434 pios
983 3355 1368 3416 all‘ecerimus
1398 3358 1426 3414 ?

515 3441 686 3505 XLV.
717 3443 860 3505 Cum
895 3444 1074 3506 vellet
1105 3444 1426 3525 aliquando
1496 3441 1859 3524 pauperibus
1889 3441 2092 3504 oleum

439 3533 822 3613 suppeditare
851 3535 923 3595 ad
956 3534 1158 3596 cibum
1197 3534 1392 3608 (multi
1417 3542 1578 3596 enim
1611 3550 1905 3614 pauperes
1935 3549 2092 3612 szepe

438 3623 580 3683 illuc
609 3623 1228 3703 accedebant,quibus
1253 3626 1427 3685 etiam
1463 3623 1770 3704 praebebat
1799 3621 2092 3703 quidquid

438 3711 887 3791 habebat);cum
915 3731 1058 3792 ergo
1085 3713 1259 3774 vellet
1278 3713 1596 3794 aliquando
1616 3717 1700 3773 eis
1727 3713 1867 3773 dare
1890 3711 2093 3773 oleum

436 3801 574 3877 (hoc
605 3800 767 3862 enim
821 3811 960 3863 tunc
1006 3803 1308 3881 habebat).
1339 3803 1512 3882 jubet
1545 3804 1870 3883 monacho,
1903 3802 2004 3882 qui
2038 3801 2092 3862 ei

434 3889 819 3966 inserviebat,
854 3891 1071 3953 all'crre
1128 3894 1244 3953 duo
1281 3910 1435 3969 vasa,
1485 3911 1666 3953 unum
1716 3893 1984 3972 plenum,
2036 3900 2094 3953 et

434 3978 733 4040 alternum
768 3982 966 4043 inane.
990 3979 1096 4042 Ille
1126 3992 1329 4044 autem
1363 3981 1586 4062 alioqui
1617 3982 1858 4064 quidem
1895 3982 2094 4044 existi-

437 4068 636 4132 mabat
685 4088 1233 4150 supervacuaneum
1284 4073 1497 4136 alIerre
1557 4091 1654 4134 vas
1702 4073 1903 4135 inane.
1938 4072 2090 4144 Quid

437 4159 622 4233 enim,
654 4159 809 4239 apud
869 4177 934 4222 se
991 4161 1250 4236 dicebat,
1285 4181 1436 4244 Opus
1479 4173 1576 4224 est
1631 4163 1822 4242 inani,
1855 4161 1957 4223 ubi
2001 4168 2092 4222 est

435 4248 709 4328 plenum?
739 4258 938 4311 tamen
969 4269 1104 4312 cum
1141 4270 1258 4312 non
1297 4259 1500 4331 posset
1531 4250 1864 4330 transgredi
1901 4249 2090 4311 Patris

433 4339 971 4413 mandatum,liaac
1028 4340 1147 4401 duo
1205 4341 1280 4402 ad
1340 4347 1537 4422 ipsum
1599 4341 1818 4415 attulit,
1873 4356 2091 4419 nempe

437 4427 680 4508 plenum
714 4437 773 4490 et
801 4434 999 4492 inane.
1029 4433 1173 4494 Cum
1208 4437 1405 4492 autem
1444 4431 1596 4492 forte
1627 4430 1866 4492 fortuna
1889 4428 2087 4489 conti-

433 4516 640 4595 gisset,
677 4527 746 4577 ut
794 4535 896 4578 vas
943 4519 1184 4599 plenum
1237 4537 1303 4581 es
1347 4528 1407 4580 et
1466 4518 1855 4600 perforatum,
1887 4518 2088 4580 oleum

437 4623 577 4667 vero
610 4606 1040 4682 ell‘underetur,
1072 4618 1198 4670 erat
1231 4609 1474 4689 perplex
1502 4609 1702 4670 animo
1734 4608 2086 4674 monachus.

434 4695 582 4759 Cum
609 4705 803 4758 autem
834 4698 891 4758 id
931 4703 986 4759 ei
1039 4698 1382 4761 venissetin
1419 4708 1705 4775 mentem,
1741 4706 2094 4762 transmutat

433 4785 630 4848 oleum
651 4803 726 4847 ex
759 4786 1013 4866 plenoin
1045 4793 1248 4869 inane,
1276 4799 1336 4851 et
1362 4789 1446 4852 Sic
1465 4789 1867 4869 indigentibus
1884 4788 2088 4851 datum

429 4882 520 4936 est
569 4875 644 4936 ad
680 4876 1185 4941 misericordiam.
1223 4877 1393 4941 Tunc
1453 4880 1728 4959 cognovit
1761 4879 2090 4941 monachus

429 4965 779 5045 prophetice
836 4966 1062 5029 dictum
1120 4967 1306 5030 fuisse
1333 4987 1367 5030 a
1414 4972 1610 5046 Patre,
1644 4978 1707 5031 ut
1738 4970 1913 5030 simul
1947 4987 2086 5030 cum

426 5072 564 5116 vase
622 5055 800 5134 pleno
853 5057 1094 5119 all'erret
1150 5058 1407 5122 alterum
1449 5059 1653 5122 inane.
1699 5058 1848 5122 Hinc
1870 5067 1998 5122 erat
2029 5059 2086 5120 ei

430 5143 621 5206 vultus
639 5146 1111 5228 confusus,quod
1137 5147 1324 5210 sciret
1348 5167 1416 5210 se
1440 5149 1871 5232 aliquantulum
1899 5147 2084 5210 dubi-

428 5243 590 5296 tasse
617 5233 694 5296 de
725 5235 1001 5299 mandato
1031 5237 1356 5301 Patris.Ne
1389 5240 1536 5304 illud
1567 5239 1812 5317 quidem
1846 5256 2082 5319 aequum

423 5329 521 5385 est
553 5333 1034 5400 pratermittere.

507 5421 966 5511 XLVIMagnus
992 5430 1090 5494 hic
1120 5434 1302 5497 Pater
1329 5452 1463 5498 cum
1495 5441 1618 5497 toto
1645 5434 1784 5498 vita
1808 5439 2084 5514 tempore

502 5669 535 5721 9
562 5670 722 5738 Psal.
758 5689 858 5752 xc,
893 5673 991 5742 l3.
1084 5677 1142 5730 ¹θ
1166 5677 1342 5742 Joan.
1377 5694 1462 5756 ιν,
1497 5677 1600 5743 42.

2180 2191 2280 2252 τῆς
2333 2185 2524 2264 ἄρκτου
2603 2193 2783 2264 μακρῇ
2837 2184 3211 2266 φοϐερώτεροι,
3271 2189 3359 2244 καὶ
3411 2194 3522 2244 τῶν
3585 2189 3688 2264 μὲν
3746 2187 3840 2253 τὰς

2178 2275 2358 2352 ψυχὰς
2413 2275 2740 2332 ἀπαλλάττει
2787 2281 2884 2342 τῆς
2942 2273 3174 2356 δειλίας,
3219 2277 3318 2346 τὴν
3376 2275 3432 2334 δὲ
3486 2291 3694 2358 χωρεῖν
3751 2276 3839 2334 ἰπὶ

2175 2365 2243 2420 τὰ
2299 2366 2474 2422 οἰκεῖα
2529 2363 2632 2432 ἤθη
2683 2367 2911 2427 κελεύει.
2959 2373 3124 2422 Τοῦτο
3176 2366 3275 2442 μέν
3321 2366 3388 2434 δὴ
3446 2367 3610 2433 οὕτως
3640 2367 3839 2446 ἆγεγὸ-

2178 2475 2286 2528 νει,
2339 2453 2431 2510 καί
2489 2455 2583 2522 τῆς
2643 2456 2856 2531 ὁμιλίας
2913 2453 3269 2536 διαλυθείσης,
3328 2456 3575 2534 ἆπῇεσαν
3627 2460 3675 2514 oi
3738 2457 3842 2515 ἅν-

2177 2540 2319 2621 δρες,
2347 2543 2530 2622 ἕτερον
2587 2544 2686 2601 ἆνέι
2744 2545 2921 2620 στόμα
2977 2545 3225 2624 φέροντες
3287 2545 3456 2620 οὐδὲν,
3490 2547 3572 2604 ὅτι
3617 2549 3694 2624 μὴ
3749 2550 3846 2605 τὸν

2179 2633 2350 2710 μέγᾶν
2413 2631 2760 2696 Ἰωαννίκιον.
2826 2635 3100 2691 Ἐντεῦθεν
3150 2638 3336 2714 θερμοί
3375 2658 3514 2700 τινες
3575 2637 3712 2706 ἦσαν
3770 2639 3846 2701 είς

2177 2723 2394 2800 ἀρετὴν,
2425 2725 2521 2778 καί
2577 2727 2709 2803 πρὸς
2759 2726 2851 2781 τὸν
2909 2725 3097 2800 ὅμοιον
3158 2723 3490 2785 διανίσταντο
3538 2725 3727 2808 ζῆλον,
3763 2729 3850 2784 καὶ

2180 2831 2310 2890 προς
2341 2814 2430 2868 τὸν
2488 2815 2733 2894 μοναχὸν
2769 2811 3041 2892 Θεόδωρον
3073 2813 3281 2895 ἔλεγον,
3313 2817 3386 2879 ὣς
3441 2819 3550 2875 Οὗκ
3574 2817 3683 2874 ἀπὸ
3737 2818 3849 2882 τῶν

2173 2909 2287 2959 σῶν
2316 2903 2636 2977 πιστεύομεν
2685 2902 2884 2982 λόγων,
2920 2901 3039 2960 ἀλλ’
3073 2903 3162 2984 ἀφ’
3224 2908 3324 2978 ὧν,
3356 2907 3496 2963 κατὰ
3547 2917 3641 2964 τὸν
3672 2907 3848 2986 εὐαγ-

2177 2989 2452 3070 γελιστην,
2500 2991 2654 3050 αὐτοὶ
2703 2991 3002 3067 ἠκούσαμέν
3051 3014 3109 3049 τε
3157 2995 3245 3050 καὶ
3282 2993 3524 3070 εἴδομεν.
3585 2996 3846 3078 Ἀπόχρη

2177 3080 2366 3155 ταῦτα,
2399 3080 2436 3149 ἢ
2488 3085 2578 3139 καὶ
2628 3081 2781 3160 ἕτερα
2827 3082 3077 3160 βούλεσθε
3105 3089 3213 3140 τῶν
3257 3092 3352 3142 τοῦ
3393 3087 3544 3162 ἁγίου
3589 3089 3845 3167 προσθῶ-

2179 3188 2329 3246 μεν;
2393 3168 2561 3227 Ἀλλὰ
2617 3178 2734 3236 πῶς
2789 3170 2850 3228 ἂν
2900 3177 3084 3248 σιωπῇ
3143 3181 3306 3231 ταῦτα
3364 3173 3569 3254 δόντες,
3631 3178 3713 3255 μὴ
3774 3179 3843 3237 τὰ

2179 3257 2439 3318 κάλλιστα
2467 3261 2612 3336 ὦμεν
2642 3268 2957 3338 ζημιοῦντες
2984 3263 3108 3329 τοὺς
3139 3261 3413 3342 φιλοθέουν
3449 3283 3466 3342 ;

2260 3437 2400 3503 ME'.
2447 3437 2774 3520 Ἐπαρκέσαι
2805 3440 2936 3498 ποτὲ
2992 3455 3111 3509 τοῖς
3157 3441 3380 3504 ἰνδεὲσιν
3437 3444 3614 3506 ἔλαιον
3647 3449 3710 3506 τὸ
3761 3451 3838 3516 εἰς

2175 3531 2376 3608 βρῶσιν
2433 3528 2627 3586 ιθὲλων
2661 3527 2872 3609 (πολλοὶ
2898 3531 3000 3611 γὰρ
3049 3533 3308 3598 πολλάκις
3343 3533 3670 3616 παρέϐαλλον
3713 3537 3840 3598 έκετ

2179 3620 2431 3691 πένητες,
2465 3625 2552 3687 οἷς
2604 3619 2668 3692 δή
2699 3643 2802 3679 που
2847 3623 2944 3680 καί
2975 3629 3080 3680 πᾶν
3110 3625 3138 3682 ὃ
3167 3625 3463 3706 ἐτύγχανεν
3512 3625 3660 3708 ἔχων
3687 3651 3838 3710 παρ-

2177 3712 2348 3791 εῖχεν
2397 3709 2663 3770 διαδοῦναί
2719 3734 2849 3770 ποτε
2908 3713 3079 3772 τοίνυν
3135 3713 3316 3773 ἔλαιον
3396 3715 3590 3775 έθέλωο
3644 3709 3838 3785 αυτοῖς

2181 3800 2358 3881 (τοῦτο
2410 3803 2512 3882 γὰρ
2541 3803 2682 3876 αὐτῷ
2725 3803 2845 3861 τότε
2874 3803 2972 3882 ἦν)
3028 3809 3106 3878 τῷ
3136 3807 3548 3884 ὑπηρετουμένῳ
3577 3816 3834 3890 μοηχῷ,

2176 3890 2380 3968 πλῆρές
2437 3913 2496 3949 τε
2527 3891 2626 3949 καί
2681 3895 2858 3967 κενὸν,
2892 3891 2980 3951 δύο
3035 3901 3201 3952 ταῦτα
3257 3898 3388 3974 πρὸς
3422 3899 3582 3954 αὐτὸν
3635 3898 3840 3978 ἀγγεῖα

2178 3983 2392 4056 κομίσαι
2423 3981 2653 4041 κελεύει.
2711 3983 2772 4040 Ὀ
2803 3981 2858 4038 δὲ
2891 3985 3142 4060 περιττὴν
3193 3985 3288 4060 μὲν
3319 3984 3497 4051 ἄλλως
3544 3992 3842 4056 τηνικαῦτα

2174 4071 2326 4145 ᾠήθη
2378 4071 2479 4139 τὴν
2507 4078 2815 4160 τοῦῃκενοῦ
2867 4073 3082 4151 ἀγγείου
3137 4074 3528 4152 μετακομιδήν.
3561 4079 3650 4143 Τίς
3709 4081 3839 4160 γὰρ,

2176 4163 2306 4239 πρὸς
2362 4161 2550 4217 ἑαυτὸν
2611 4159 2785 4240 ἔλεγε,
2849 4172 2943 4221 τοῦ
2999 4163 3156 4221 κενοῦ
3210 4167 3392 4245 χρεία,
3453 4165 3590 4225 ὅπου
3657 4189 3719 4247 γε
3780 4159 3844 4226 τὸ

2176 4247 2402 4340 πλῆρες,
2429 4250 2662 4340 ὑπέρχει
2701 4266 2718 4326 ;
2778 4249 2969 4340 Ὅμως
3029 4252 3144 4312 έπεὶ
3197 4256 3278 4330 μὴ
3334 4256 3437 4324 τὴν
3487 4265 3582 4317 τοῦ
3630 4260 3840 4340 Πατρδς

2174 4338 2334 4418 εἶχεν
2395 4337 2618 4406 ἒντολὴν
2673 4338 3002 4418 παραϐῆναι,
3035 4341 3123 4401 δύο
3179 4352 3371 4426 ταῦτα,
3399 4347 3463 4405 τὸ
3511 4345 3718 4426 πλῆρές
3748 4337 3838 4408 Ἵτε

2174 4430 2262 4484 καὶ
2317 4429 2469 4484 κενὸν
2535 4427 2691 4508 ἄρας,
2745 4429 2958 4506 ἐκόμιζε
3019 4435 3153 4512 πρὸς
3209 4437 3392 4499 αυτόν.
3454 4434 3670 4512 Συμϐἁν
3741 4449 3836 4498 οὖν

2111 4517 2316 4624 οτύχῃ
2371 4519 2502 4624 τινὶ,
2529 4521 2592 4575 τὸ
2646 4517 3262 4624 πλιῆρεεΩΒιατρηθῆναι,
3292 4534 3388 4586 τοῦ
3441 4525 3620 4584 έλαίου
3668 4527 3832 4587 Exui-

2173 4630 2286 4688 νου,
2348 4609 2422 4670 εἷς
2478 4607 2794 4690 ἀμηχανίαν
2849 4611 2878 4667 ὁ
2929 4615 3174 4694 μοναχὸς
3232 4617 3561 4694 περιίστατο,
3621 4614 3834 4676 Ἐλθὼν

2174 4699 2342 4756 τοίνυν
2398 4701 2541 4768 αὐτῷ
2597 4701 2686 4756 ἱεπὶ
2726 4705 2870 4771 νοῦν,
2923 4703 2986 4759 τὸ
3044 4701 3222 4762 ῑλαιον
3276 4704 3384 4763 ἀπὸ
3432 4705 3529 4764 τοῦ
3585 4705 3831 4787 πλήρους

2171 4789 2242 4854 είς
2294 4787 2356 4845 τὸ
2418 4789 2569 4845 κενὸν
2626 4788 2974 4873 μεταϐάλλει,
3007 4796 3106 4850 καὶ
3165 4806 3286 4861 τοῖς
3343 4793 3614 4873 δεομένοις
3657 4797 3832 4865 οὕτως

2169 4879 2242 4944 εἷς
2291 4877 2441 4935 έλεον
2507 4877 2686 4948 ἐδόθη.
2749 4883 2849 4940 Καὶ
2909 4883 3045 4940 κατὰ
3100 4886 3286 4966 καιρὸν
3343 4884 3444 4966 ἄρα
3501 4889 3531 4944 ὁ
3579 4890 3831 4968 μοναχίκ

2167 4969 2272 5026 ὑπὸ
2328 4971 2422 5026 τοῧ
2478 4973 2685 5050 Πατρὸς
2744 4969 2883 5051 ἔγνω
2929 4973 3194 5055 εἰρῆσθαι,
3230 4976 3294 5032 τὸ
3347 4981 3430 5050 τῷ
3481 4975 3674 5057 πλήρει
3729 4978 3834 5056 ἆγ-

2167 5059 2296 5137 γείῳ
2336 5060 2426 5116 καὶ
2483 5060 2638 5118 κενόν
2701 5083 2753 5118 τι
2808 5062 3156 5140 συγκομίσαι.
3216 5062 3486 5126 Ἐντεῦθεν
3515 5067 3610 5125 καί
3669 5087 3834 5125 συνε-

2168 5147 2309 5229 χύθη
2365 5150 2508 5224 αὐτῷ
2563 5151 2626 5206 τὸ
2682 5150 2993 5229 πρόσωπον,
3058 5150 3144 5209 ὅτι
3204 5155 3296 5211 καὶ
3343 5155 3536 5237 μικρόν
3591 5177 3642 5214 τι
3695 5157 3833 5237 πρὸς

2166 5239 2271 5330 τὴν
2320 5247 2441 5330 -του
2524 5241 2732 5330 Πατρδς
2819 5240 3048 5311 έντολὴν
3128 5236 3620 5330 διαμφισϐητῆσαΨ
3707 5236 3837 5308 ἀλλ’

2168 5327 2285 5386 οὐδὲ
2315 5327 2498 5388 έκεῖνο
2525 5328 2898 5411 παραδραμεῖν
2923 5330 3154 5397 δίκαιον.

2248 5434 2407 5509 mg”,
2474 5433 2534 5494 ’0
2566 5432 2730 5514 μέγας
2783 5456 2938 5499 ουτος
2996 5437 3178 5519 Πατήρ
3228 5440 3357 5521 παρ’
3401 5440 3528 5503 ὅλον
3573 5443 3669 5504 τὸν
3723 5446 3828 5513 τῆς
