4158 6422
513 388 588 458 83
1811 389 2091 452 MENSIS
2133 386 2577 452 NOVEMBER.
3804 381 3878 449 84

494 528 780 612 praedicta
809 526 1072 609 fuerunt,
1110 533 1169 591 et
1220 543 1395 608 quam
1432 525 1687 588 maxime
1736 531 2141 606 perscrutans,

2233 521 2696 603 προηγορευμένα,
2763 520 2852 579 καὶ
2908 520 3012 612 ὡς,
3053 516 3131 576 ἔνι
3189 515 3423 612 μάλιστα
3490 517 3878 612 πολυπραγμο-

495 608 568 682 ea
608 636 911 700 nunquam
944 608 1242 680 invenerit
1273 615 1571 679 excidisse
1623 634 1656 676 a
1685 615 1954 676 veritate.
2003 612 2147 674 Nam

2236 617 2338 670 νῶν
2403 614 2499 670 οἰκ
2568 612 2629 670 ἄν
2693 627 2821 669 ποτε
2891 609 3158 692 σφαλέντα
3229 610 3370 687 εὕροι
3437 616 3537 680 τῆς
3605 608 3878 676 ἀληθείας.

495 727 632 771 cum
660 697 981 785 aliquando
1012 708 1131 769 duo
1162 706 1336 768 simul
1385 711 1685 766 venissent
1716 705 1776 766 in
1808 705 2147 765 domuncu-

2239 703 2440 760 Ἐνίοτε
2507 704 2607 778 γὰρ
2652 701 2741 759 δύο
2791 702 2926 759 κατὰ
2983 701 3174 756 ταυτὸν
3227 700 3373 779 παρὰ
3430 701 3494 758 τὺ
3549 697 3814 773 δωμάτιον
3857 699 3884 754 ὃ

495 799 704 872 lam,in
723 816 838 879 qua
863 797 965 859 ille
990 805 1139 871 erat,
1165 805 1228 858 ut
1245 813 1521 875 magnum
1558 794 1951 856 convenirent
1972 795 2147 853 Joan-

2235 799 2424 849 τοῦτον
2477 793 2636 872 εἶχεν
2667 790 2952 870 ἒλθόντων,
2984 789 3068 869 ἐφ’
3116 793 3161 864 ᾧ
3206 796 3284 865 τῷ
3341 788 3562 868 μεγάλῳ
3617 787 3885 879 διετυχεϊν

495 878 1002 968 ηἰοὶιιωίωειτιιε
1043 895 1104 947 et
1149 886 1316 948 Plato
1351 895 1524 946 erant
1582 901 1791 946 eorum
1853 881 2147 958 nomina),

2248 881 2470 961 (Πέτρος
2499 884 2586 939 καὶ
2640 880 2862 942 Πλάτων
2892 880 2960 947 ἦν
3014 883 3199 944 αὐτοῖς
3255 880 3538 960 ὀνόματα),
3569 878 3694 936 ὶπεί
3745 881 3890 935 ὶκεῖ-

499 967 814 1058 postquam
839 976 940 1037 ille
961 993 1066 1037 eos
1089 975 1232 1036 satis
1267 972 1545 1034 instruxit
1569 971 1641 1033 ad
1673 973 1974 1043 virtutem,
2013 971 2147 1033 alter

2246 992 2332 1036 νος
2389 973 2585 1033 ἱκανῶς
2640 969 2832 1044 ἤλειψε
2888 969 3104 1058 τοότους
3159 970 3292 1046 πρὸς
3335 969 3573 1058 ἀρετὴν,
3633 971 3661 1026 6
3717 967 3890 1058 ἔτερος

493 1056 722 1146 rogavit
769 1074 1060 1139 sanctum,
1113 1072 1178 1124 ut
1231 1064 1302 1124 ad
1363 1063 1556 1143 ipsum
1619 1062 1848 1124 veniret
1914 1060 2147 1140 singuli:

2245 1061 2421 1118 ἐδεῖτο
2475 1069 2570 1118 τοῦ
2624 1060 2798 1138 ἁγίου,
2853 1057 2984 1136 παρ’
3039 1058 3196 1116 αῦτόν
3252 1080 3309 1114 τε
3368 1060 3441 1124 είς
3495 1056 3718 1115 ἕκαστον
3773 1056 3889 1120 ἔτος

494 1145 691 1231 annis,
719 1164 777 1217 et
799 1155 931 1234 ejus
949 1162 1253 1234 aspectum
1275 1152 1490 1232 dignus
1519 1160 1675 1213 esset
1697 1150 1798 1230 qui
1826 1167 2147 1231 conseque-

2251 1149 2397 1216 ἥκειν
2455 1154 2552 1216 τῆς
2609 1150 2798 1206 ἑαυτοῦ
2881 1169 2938 1204 τε
2995 1148 3118 1214 θέας
3175 1146 3467 1228 ἆξιοῦσθαι,
3530 1150 3619 1205 καὶ
3675 1145 3888 1224 ὁμιλίας

493 1253 684 1326 retur,
713 1253 771 1307 et
801 1233 926 1318 illo,
960 1233 1060 1323 qui
1089 1243 1220 1302 ﬂuit
1245 1243 1435 1302 instar
1466 1241 1689 1320 mellis,
1717 1241 2015 1302 frueretur
2033 1257 2147 1326 ser:

2243 1240 2449 1326 ξκείνης
2497 1243 2596 1305 τῆς
2627 1237 3025 1316 παραῤῥεοΰσης
3075 1259 3125 1294 τι
3156 1237 3255 1294 καί
3299 1236 3518 1313 μέλιτος
3561 1233 3882 1298 ἀπολαϐεῖν.

495 1316 691 1397 ηιοιιό.
753 1331 862 1395 Ille
914 1316 1138 1394 autem.
1204 1335 1289 1395 De
1359 1339 1602 1410 caetero,
1660 1316 1871 1410 inquit,
1924 1320 2147 1390 etiamsi

2245 1316 2300 1384 Ὀ
2345 1324 2422 1398 δὲ,
2458 1328 2564 1385 Οὖκ
2617 1325 2692 1383 ἔτι
2736 1347 2802 1401 με
2835 1327 2898 1383 τὸ
2929 1325 3037 1383 ἀπὸ
3085 1325 3258 1401 τοῦδε,
3292 1327 3446 1406 φησὶ,
3479 1327 3567 1384 καὶ
3618 1323 3885 1402 βουλόμε-

493 1423 702 1498 velles,
738 1441 856 1484 non
919 1440 1013 1483 me
1048 1420 1274 1483 videbis
1316 1421 1594 1500 amplius.
1630 1419 1686 1481 Is
1719 1438 1858 1499 ergo
1903 1420 2055 1498 apud
2089 1436 2147 1480 se

2239 1437 2323 1478 vo:
2377 1416 2521 1492 ἅψει,
2585 1425 2912 1494 Διηπορεῖτο
2968 1417 3058 1472 οῦν
3115 1415 3236 1473 καθ’
3293 1416 3478 1473 ἑαυτὸν
3533 1418 3563 1472 6
3612 1415 3769 1493 ἀνὴρ,
3810 1415 3884 1479 ὡς

492 1511 827 1586 dubitabat,
861 1511 1149 1588 quidnam
1198 1511 1485 1581 obstaret,
1526 1509 1846 1590 quominus
1891 1509 1962 1569 ad
2009 1526 2150 1570 san-

493 1611 654 1663 ctum
677 1601 1059 1680 ascenderet,
1081 1609 1141 1661 et
1171 1599 1582 1678 considerans,
1610 1599 1753 1660 nihil
1786 1596 2146 1674 inveniebat,

495 1689 655 1769 quod
699 1691 772 1752 ad
804 1689 974 1752 illum
1021 1689 1282 1750 adventu
1317 1696 1697 1769 reputaretur
1745 1685 2142 1768 praestantius.

494 1778 624 1840 Non
661 1781 850 1842 multo
885 1787 1015 1858 post
1055 1787 1252 1840 autem
1286 1779 1526 1858 quidem
1578 1776 1651 1838 ad
1682 1795 1818 1837 eum
1853 1776 2148 1838 ascende-

2235 1504 2286 1560 τί
2331 1504 2431 1583 ἄρα
2478 1504 2625 1563 ἕσται
2683 1509 2745 1562 τὸ
2797 1503 3012 1570 καθέξον
3054 1504 3210 1562 αὐτὸν
3260 1506 3340 1580 μὴ
3399 1504 3541 1585 παρᾶ
3589 1505 3682 1562 τὸν
3732 1504 3886 1582 ἅγιον

2235 1594 2432 1651 ἀνιέναι
2459 1643 2475 1670 ,
2534 1595 2631 1652 καῖ
2697 1594 3152 1671 διασκοπούμενος
3225 1593 3342 1654 οῦδέ
3410 1594 3466 1652 ἓν
3537 1593 3799 1673 εὕρισκεν,
3857 1594 3886 1650 δ

2233 1689 2332 1750 τῆς
2388 1687 2462 1749 ὡς
2526 1685 2732 1742 ἰκτῖνον
2789 1683 3015 1765 ἀφίξεως
3091 1685 3472 1763 προτιμότερον
3529 1686 3672 1759 αὐτῷ
3726 1682 3886 1762 λογι-

2232 1774 2402 1841 σθείη,
2484 1777 2556 1833 Οῦ
2613 1773 2801 1848 πολλῷ
2855 1773 2910 1830 δὲ
2984 1773 3200 1852 ὕστερον
3257 1773 3486 1850 ἀνῄεσάν
3555 1795 3698 1838 τινες
3755 1775 3886 1852 πρὸς

494 1877 656 1932 runt.
683 1869 911 1933 Volens
929 1886 1069 1944 ergo
1093 1869 1218 1949 ipse
1250 1885 1486 1947 quoque
1517 1885 1650 1926 cum
1681 1866 1770 1927 eis
1795 1867 2147 1938 ascendere,

2235 1863 2412 1922 αὐτόν.
2489 1862 2842 1920 Συνανελθεῖν
2900 1863 2990 1919 οῦν
3063 1865 3249 1926 αὑτοῖς
3305 1864 3394 1920 καὶ
3443 1865 3596 1928 οὗτος
3665 1863 3882 1943 ὶθέλων,

496 1959 774 2037 quoniam
798 1957 902 2018 ille
917 1956 1162 2034 quidem
1191 1955 1466 2036 pedibus,
1489 1955 1576 2015 illi
1607 1962 1802 2017 autem
1837 1954 2004 2036 equis
2037 1955 2150 2017 iter

495 2046 1008 2128 ingrediebantur,
1082 2045 1355 2106 defessus
1428 2047 1648 2107 donum
1723 2045 1923 2108 rediit.
1995 2044 2148 2106 Hinc

493 2135 712 2197 factum
746 2144 856 2212 est,
891 2145 955 2198 ut
985 2135 1245 2216 graviter
1274 2135 1474 2196 animo
1523 2143 1866 2214 angeretur,
1899 2135 2056 2216 quod
2091 2135 2146 2196 ei

493 2223 836 2300 accidisset,
871 2235 935 2286 ut
981 2230 1368 2287 lrustraretur
1412 2225 1740 2304 preposito.
1774 2226 1920 2285 Cum
1950 2223 2146 2304 itaque

495 2331 616 2374 non
652 2313 835 2376 multo
869 2321 1000 2394 post
1029 2314 1099 2375 ad
1131 2332 1196 2374 se
1225 2313 1526 2387 rediisset,
1553 2330 1760 2375 rursus
1793 2322 2040 2374 conatus
2062 2322 2150 2375 est

493 2406 567 2465 ad
603 2422 737 2465 eum
799 2405 1151 2477 ascendere,
1189 2412 1246 2464 et
1289 2421 1498 2464 rursus
1530 2403 1640 2463 fuit
1683 2403 2018 2483 prohibitus
2075 2403 2148 2464 ab

491 2511 773 2555 ascensu.
826 2493 1058 2556 Deinde
1091 2511 1224 2555 cum
1283 2511 1467 2572 saepe,
1502 2493 1648 2552 alias
1677 2492 1790 2553 alia
1847 2493 2150 2554 incidente

494 2582 870 2655 difﬁcultate,
893 2602 958 2645 se
981 2583 1287 2664 repulsum
1308 2600 1439 2642 esse
1467 2583 1926 2660 cognovisset.et
1942 2600 2149 2644 recor-

496 2671 666 2734 datus
697 2682 860 2735 esset
889 2691 1121 2745 eorum,
1155 2690 1288 2752 qua:
1318 2690 1350 2732 a
1381 2679 1584 2732 sancto
1619 2672 1671 2732 ei
1704 2671 1862 2732 dicta
1888 2673 2146 2744 fuerant,

495 2761 714 2824 mansit
753 2762 918 2842 apud
950 2781 1018 2824 se
1060 2780 1188 2824 rem
1220 2760 1531 2822 ascribens
1587 2760 1899 2824 Joannicio
1953 2761 2152 2822 divina

493 2851 746 2930 quadam
776 2852 1166 2933 providentia,
1201 2851 1272 2912 ad
1315 2849 1628 2912 utilitatem
1664 2850 1867 2912 omnia
1899 2851 2147 2934 dispen-

495 2949 687 3003 sante.

572 3030 782 3095 XLIX.
801 3031 1138 3110 Aliquando
1155 3051 1362 3096 rursus
1389 3032 1666 3114 quiomni
1681 3049 1749 3094 ex
1765 3039 1929 3108 parte
1953 3030 2146 3092 bonus

491 3129 618 3183 erat
644 3121 1015 3196 Joannicius,
1055 3143 1188 3185 cum
1219 3131 1375 3186 esset
1402 3125 1458 3184 in
1484 3123 1624 3196 otio,
1662 3130 1720 3182 et
1745 3140 1808 3181 se
1834 3129 2017 3182 totum
2045 3120 2144 3182 de-

2231 1952 2346 2009 ἐπεὶ
2396 1955 2462 2011 τὰ
2496 1953 2592 2030 μὲν
2625 1953 2688 2010 ἑκ
2715 1951 2900 2025 ποδὸς,
2938 1966 3058 2016 τοῖς
3114 1951 3166 2009 δὲ
3199 1951 3269 2009 δι’
3295 1952 3484 2011 ἵππων
3511 1953 3578 2021 ἧν
3607 1956 3644 2023 ἡ
3673 1954 3884 2032 πορεία,

2231 2043 2602 2122 ἀπαγορεύσας
2693 2043 3007 2123 ἀνέστρεφεν
3094 2041 3262 2104 οἴκοι.
3338 2042 3608 2102 Ἐντεῦθεν
3699 2041 3886 2108 δεινῶς

2228 2133 2527 2212 ὶπληροῦτο
2603 2135 2846 2210 ἀθυμίας,
2909 2133 2992 2190 ὅτι
3071 2155 3170 2208 περ
3225 2134 3489 2212 ἁμαρτεῖν
3568 2135 3711 2207 αῦτῷ
3785 2138 3884 2201 τῆς

2229 2224 2526 2302 προθέσεως
2583 2222 2798 2290 συνέϐη.
2863 2223 2991 2281 Μετ’
3061 2225 3120 2280 o6
3173 2224 3310 2282 πολὺ
3376 2226 3504 2302 γοῦν
3561 2223 3882 2302 ἀνενεγκὼν,

2231 2312 2394 2370 πάλιν
2474 2312 2714 2373 ἁνελθὲῖν
2783 2314 3074 2393 ἐπεχείρει,
3133 2315 3220 2370 καὶ
3277 2311 3436 2372 πάλιν
3505 2311 3721 2392 εἴργετο
3790 2318 3886 2380 τῆς

2233 2401 2440 2465 ἀνόδου.
2502 2404 2638 2460 Εἶτα
2680 2405 2755 2468 ὡς
2803 2402 3071 2467 πολλάκις
3109 2401 3300 2459 ἄλλοτε
3353 2401 3524 2471 ἄλλης
3573 2402 3884 2483 δυσχερείας

2233 2493 2679 2568 παραπιπτούσης
2708 2539 2724 2566 ,
2801 2494 3196 2570 ἀποκρούμενος
3268 2491 3406 2569 ἔγνω
3437 2540 3452 2566 ,
3522 2495 3597 2557 εἰς
3663 2494 3886 2569 μνήμην

2234 2603 2291 2637 τε
2339 2585 2444 2638 τῶν
2491 2583 2592 2638 ὑπὸ
2628 2590 2718 2640 τοῦ
2770 2584 2921 2661 ἁγίου
2972 2581 3274 2662 λεχθέντων
3321 2580 3506 2663 ’ἦλθεν⁹
3537 2582 3712 2657 ἔμεινε
3770 2579 3886 2640 καθ’

2235 2673 2442 2745 ἑαυτὸν,
2480 2678 2597 2745 Θεῷ
2644 2673 2732 2728 καὶ
2775 2670 3082 2744 ἰωαννικίῳ
3133 2673 3195 2728 τὰ
3241 2677 3335 2728 τοῦ
3390 2673 3702 2751 πράγματος
3748 2671 3885 2728 ἂνα-

2232 2763 2425 2834 τιθείς,
2459 2761 2676 2839 προνοίᾳ
2725 2763 2830 2820 τινὶ
2875 2761 3114 2840 θειοτέρα
3169 2762 3342 2818 πάντα
3390 2763 3520 2840 πρὸς
3556 2764 3618 2819 τὸ
3675 2761 3880 2843 συμφέ-

2234 2873 2293 2930 ρο
2307 2875 2322 2906 δ
2354 2853 2715 2926 οἰκονομοῦντι
2727 2902 2740 2915 ,

2313 3020 2449 3090 ΜΘ’.
2522 3032 2653 3088 Ποτέ
2720 3029 2880 3089 πάλιν
2945 3034 2972 3088 6
3032 3034 3208 3094 πάντα
3263 3033 3495 3112 γρηστὸς
3558 3030 3886 3096 Ἰωαννικιος

2231 3120 2326 3176 ἐπί
2381 3119 2592 3200 σχολῆς
2646 3121 2743 3201 ὢν,
2778 3122 2864 3177 καὶ
2913 3121 3039 3180 ὅλον
3084 3125 3270 3180 ἑαυτὸν
3314 3129 3382 3199 τῇ
3406 3129 3686 3202 προσευχῆ
3717 3121 3888 3180 δεδω-

497 3210 685 3305 disset
706 3213 983 3305 orationi,
1012 3215 1160 3305 dixit
1189 3232 1252 3274 se
1282 3213 1485 3275 videre
1515 3211 1844 3305 quemdam
1879 3213 2142 3305 Petrum,

2233 3210 2363 3283 κὼς,
2415 3213 2539 3288 ὁρᾷν
2585 3210 2684 3290 ἔφη
2743 3212 2863 3269 τινα
2922 3212 3119 3292 Πέτρον
3164 3213 3493 3290 ἀναγόμενόν
3539 3234 3606 3305 ,τε
3663 3215 3738 3278 εἰς
3797 3213 3888 3271 οὐ·

499 3300 604 3380 qui
645 3299 968 3362 tollebatur
1020 3301 1080 3362 in
1141 3304 1351 3370 caelos,
1388 3309 1449 3362 et
1479 3299 1908 3362 circumdatum
1968 3299 2150 3375 gloria

496 3388 749 3468 quadam
783 3397 844 3451 et
874 3390 1006 3452 luce
1052 3391 1366 3452 ineffabili.
1401 3390 1492 3452 Illi
1524 3399 1720 3452 autem
1755 3389 1927 3450 Petro
1959 3390 2150 3450 fuerat

497 3477 817 3540 commissa
872 3481 1226 3560 praefectura
1283 3480 1592 3560 cujusdam
1630 3479 1995 3543 monasterii.
2044 3479 2148 3541 lllo

497 3585 640 3629 vero
694 3575 992 3648 tempore,
1027 3589 1143 3650 quo
1174 3571 1265 3631 vir
1321 3567 1690 3631 admirabilis
1720 3567 1994 3646 dignatus
2043 3568 2150 3628 fuit

499 3656 607 3718 hac
641 3658 1167 3738 contemplatione,
1204 3659 1452 3738 contigit
1494 3667 1558 3718 ut
1590 3658 1640 3718 is
1672 3676 1705 3718 a
1733 3675 1991 3737 corpore
2021 3656 2150 3717 dis-

485 3744 754 3825 junctus,
789 3747 1002 3828 spiritu
1044 3747 1118 3809 ad
1154 3747 1335 3810 caelos
1393 3747 1768 3817 ascenderet.
1805 3755 1863 3808 et
1915 3764 1987 3807 ex
2043 3747 2151 3807 hac

494 3834 612 3895 vita
642 3834 944 3913 migraret.
973 3836 1376 3901 Nihilominus
1402 3845 1598 3898 autem
1625 3835 1975 3896 admiranda
1997 3853 2149 3916 quo-

495 3941 612 4004 que
657 3932 749 3985 est
795 3929 927 4003 ejus
977 3925 1262 4004 loquendi
1311 3925 1558 3988 libertas
1607 3925 1680 3986 ad
1726 3925 2147 4004 imperatores.

495 4014 709 4093 Neque
750 4013 910 4074 enim
942 4015 1133 4075 solum
1180 4015 1486 4076 lzetabatur
1519 4014 1750 4095 probris
1782 4032 1884 4092 pro
1916 4014 2148 4075 Christo

490 4101 766 4179 affectus,
791 4111 890 4163 aut
921 4104 1154 4184 patiens
1196 4104 1699 4186 persecutionem,
1735 4104 1836 4163 sed
1875 4103 2150 4184 cupiebat

495 4191 676 4252 etiam
711 4197 826 4272 pati
860 4194 1107 4273 majora,
1135 4201 1298 4256 recte
1329 4193 1550 4267 sciens,
1577 4192 1732 4273 quod
1771 4211 1876 4272 per
1908 4211 1999 4271 ea,
2025 4212 2145 4252 ma-

489 4281 625 4360 jora
647 4293 1138 4365 consequeretur.
1169 4281 1326 4344 Ilinc
1348 4283 1776 4363 discipulorum
1809 4282 2026 4344 Christi
2054 4282 2146 4342 lo—

492 4369 716 4450 quendi
746 4371 1111 4445 libertatem,
1134 4383 1191 4434 et
1221 4392 1330 4452 pro
1353 4371 1629 4451 Magistro
1654 4380 1928 4450 acceptas
1953 4373 2148 4450 plagas

495 4459 752 4521 ducebat
775 4477 907 4522 esse
940 4461 1169 4534 beatas,
1201 4461 1528 4540 perfectum
1562 4461 1837 4538 gaudium
1866 4460 2010 4521 illud
2035 4480 2146 4521 no-

489 4545 747 4627 minans,
782 4555 955 4629 cujus
986 4550 1025 4610 ii
1059 4550 1297 4610 fuerunt
1331 4550 1678 4630 participes.

2235 3300 2446 3371 φανοὺς,
2495 3303 2587 3356 καί
2644 3302 2778 3379 φωτὶ
2829 3299 3043 3378 ἀρῤήτῳ
3098 3300 3475 3376 κυκλούμενον,
3539 3292 3596 3359 Ὀ
3656 3300 3708 3359 δὲ
3790 3303 3888 3381 ἄρα

2233 3389 2554 3466 προστασίαν
2613 3389 2929 3467 ἀσκητορίου
2999 3393 3142 3458 τινὸς
3191 3393 3218 3448 6
3272 3391 3468 3470 Πέτρος
3511 3391 3576 3459 ἦν
3625 3389 3879 3471 ἔγκεχει-

2235 3477 2506 3551 ρισμένος,
2563 3478 2696 3535 Κατ’
2725 3479 2904 3535 έκεῖνο
2951 3477 3007 3536 δὲ
3049 3482 3149 3547 τῆς
3188 3480 3350 3560 ὥρας,
3381 3480 3537 3548 ἡνίκα
3583 3485 3682 3548 τῆς
3739 3486 3880 3539 θεω-

2236 3567 2347 3644 ρίας
2381 3569 2406 3622 6
2458 3567 2747 3643 θαυμάσιος
2801 3567 3036 3649 ἠξιοῦτο,
3073 3569 3229 3651 ἔτυχε
3269 3577 3450 3628 τοῦτον
3493 3576 3586 3627 τοῦ
3631 3571 3886 3646 σώματος

2235 3653 2630 3736 διαζευχθέ-ιτα,
2689 3662 2768 3730 τῷ
2836 3659 3099 3735 πνεύματι
3170 3660 3302 3735 πρὸς
3360 3659 3609 3738 οὖρανοῦς
3678 3659 3884 3742 ἀναφέ-

2235 3749 2436 3825 ρεσθαι,
2468 3747 2554 3803 καὶ
2611 3747 2709 3813 τὴν
2741 3746 2975 3807 ἐντεῦθεν
3030 3747 3338 3806 στέλλεσθαι
3392 3747 3718 3824 ἀποδημίαν.
3777 3753 3885 3810 Οὖ-

2234 3833 2320 3890 δὲν
2389 3835 2443 3890 δὲ
2489 3835 2650 3904 ἧττον
2709 3839 2796 3894 καὶ
2856 3839 2918 3894 τὸ
2972 3840 3107 3915 πρὸς
3177 3839 3299 3901 τοὺς
3357 3845 3690 3916 κρατοῦντας
3750 3841 3887 3903 μετᾶ

2234 3924 2528 4003 παῤῥησίας
2592 3925 2860 4002 ἐλεύθερον
2909 3935 3002 3984 τοῦ
3050 3926 3236 4006 ἀνδρὸς
3293 3927 3438 3993 ἄξιόν
3507 3928 3619 3984 ἐστι
3677 3930 3887 4006 θαυμά-

2233 4037 2350 4076 σαι.
2419 4013 2546 4071 Οὐδὲ
2607 4015 2707 4092 γὰρ
2751 4015 3136 4090 ὀνειδιζόμενος
3184 4017 3314 4095 ὑπὲρ
3369 4023 3596 4096 Χριστοῦ
3638 4017 3806 4092 μόνον
3853 4018 3888 4086 ἢ

2231 4103 2556 4178 διωκόμενος
2607 4103 2847 4181 ἔχαιρεν,
2920 4103 3058 4161 ἀλλὰ
3113 4106 3199 4161 καὶ
3261 4106 3472 4180 μείζονα
3527 4110 3718 4163 παθεῖν
3758 4107 3889 4180 ἐζή-

2229 4215 2336 4266 τει,
2369 4189 2597 4267 ἀκριϐῶς
2641 4191 2792 4257 εἰδὼς
2843 4195 2918 4257 ὡς
2961 4193 3048 4250 διὰ
3089 4201 3246 4252 τοῦτο
3297 4197 3385 4252 καὶ
3416 4197 3670 4269 μειζόνων
3721 4195 3889 4264 ἀξιω-

2231 4282 2503 4350 θήσεσθαι,
2571 4279 2838 4338 Ἐντεῦθεν
2867 4283 2965 4339 καΐ
3021 4288 3121 4352 τὴν
3158 4291 3266 4342 τῶν
3321 4289 3573 4361 μαθητῶν
3603 4293 3696 4344 τοῦ
3754 4294 3888 4365 Χρι-

2232 4377 2361 4427 στοῦ
2415 4371 2706 4448 παρρησίαν
2743 4372 2829 4427 καὶ
2880 4373 2975 4437 τὰς
3025 4375 3155 4454 ὑπὲρ
3205 4381 3300 4432 τοῦ
3362 4373 3690 4432 Διδασκάλου
3738 4375 3888 4444 πλη-

2231 4462 2329 4536 γὰς
2389 4459 2699 4536 ἐμακάριζε,
2761 4459 3192 4539 τετελτεωμένην
3263 4463 3424 4545 χάριν
3479 4464 3688 4532 ικείνην
3757 4468 3882 4524 ὀνο-

2231 4550 2412 4624 μάζων
2440 4552 2508 4616 ἧς
2539 4549 2682 4607 οὗτοι
2717 4551 3004 4632 πετέσχεν.

567 4635 633 4696 L.
668 4635 827 4698 Duos
859 4639 1062 4718 itaque
1116 4640 1274 4700 viros
1307 4639 1592 4712 illustres,
1629 4648 1685 4699 et
1736 4659 1885 4720 quos
1921 4639 2147 4700 sciebat

2311 4638 2403 4701 N'.
2443 4641 2542 4695 Δύο
2582 4649 2707 4718 γοῦν
2736 4643 2842 4697 τῶν
2895 4642 2950 4698 ἐν
2983 4641 3106 4719 δόξῃ
3135 4644 3283 4704 τινὰς
3329 4644 3418 4700 καὶ
3449 4645 3536 4709 οῦς
3566 4643 3672 4702 τῶν
3703 4643 3883 4702 ἄλλων

483 4741 619 4787 esse
636 4725 912 4805 praeditos
933 4731 1158 4808 majore
1182 4729 1424 4794 dicendi
1452 4729 1943 4808 facultate,quam
1972 4729 2144 4800 alios,

485 4832 623 4874 cum
682 4816 754 4876 ad
816 4816 1012 4896 ipsum
1074 4818 1337 4880 misisset
1396 4819 1742 4899 imperator,
1791 4817 2017 4896 rogavit
2069 4836 2146 4878 an

485 4912 793 4983 oporteret
823 4906 1041 4968 Christi
1067 4907 1360 4970 honorare
1381 4908 1654 4986 ﬁguram.
1683 4909 1828 4971 Cum
1867 4907 1917 4967 is
1946 4913 2142 4968 autem

483 4992 560 5056 ad
592 4993 706 5054 hoc
758 4994 959 5056 divine
989 5004 1047 5057 et
1076 5014 1196 5057 non
1227 5015 1362 5060 cum
1408 4997 1708 5058 mundana
1739 4993 2148 5074 respondisset

489 5081 875 5162 persuasione
927 5093 984 5145 et
1037 5085 1356 5166 sapientia,
1388 5093 1616 5146 tantum
1675 5083 1884 5155 abfuit,
1921 5093 1982 5146 ut
2041 5085 2145 5161 qui

488 5169 657 5232 missi
689 5171 927 5234 fuerant
968 5173 1042 5234 ab
1075 5174 1462 5254 imperatore,
1499 5173 1723 5254 aliquid
1777 5174 2146 5234 adducerent

489 5267 695 5323 contra
749 5279 842 5334 ea,
876 5281 1009 5343 quae
1039 5261 1113 5324 ab
1158 5265 1288 5344 ipso
1318 5262 1481 5325 dicta
1536 5263 1788 5337 fuerant,
1829 5271 1890 5323 ut
1918 5262 2143 5324 relictis

486 5348 584 5423 iis,
617 5369 747 5430 quaa
805 5351 968 5430 prius
1024 5354 1332 5433 tenebant,
1395 5364 1562 5414 recte
1620 5362 1686 5412 ut
1735 5352 1822 5413 eis
1883 5370 2140 5432 exposu-

482 5447 638 5509 erat,
674 5440 954 5516 pietatem
999 5449 1058 5502 et
1112 5460 1312 5504 veram
1375 5441 1694 5502 didicerint
1759 5441 2138 5520 religionem.

2233 5440 2432 5497 τέϐειαν
2519 5442 2940 5515 μετεμάνθανον.
3028 5443 3361 5520 Παραλαϐὼν

2232 4727 2436 4803 μᾶλλον
2493 4727 2666 4806 λέγειν
2724 4728 3041 4805 δυναμένους
3094 4730 3210 4807 ᾔδει
3253 4733 3384 4811 πρὸς
3438 4734 3597 4791 αὐτὸν
3647 4736 3675 4790 6
3721 4735 3880 4811 βασι-

2230 4816 2348 4878 λεὺς
2406 4817 2747 4892 ἂποστείλας,
2779 4821 2963 4898 ἢρώτα
2994 4823 3038 4877 εἰ
3093 4819 3206 4878 δέον
3257 4821 3368 4879 ὶστὶ
3415 4823 3507 4878 τὸν
3535 4825 3628 4879 τοῦ
3654 4830 3883 4900 Χριστοῦ

2230 4907 2546 4986 χαρακτῆρα
2600 4915 2782 4983 τιμᾷν.
2847 4916 2952 4967 Τοῦ
3007 4907 3062 4966 δὲ
3112 4912 3289 4983 θείως,
3324 4912 3399 4974 ὡς
3454 4911 3517 4972 ἄν
3575 4932 3653 4978 τις
3705 4910 3879 4991 εἴποι,

2228 4997 2360 5075 πρὸς
2417 5005 2571 5056 τοῦτο
2627 4999 2714 5054 καὶ
2768 4997 2826 5053 οὗ
2884 4999 3020 5072 μετὰ
3082 5003 3346 5074 κοσμικῆς
3407 5003 3616 5065 πειθοῦς
3678 5020 3735 5057 τε
3793 5001 3882 5058 καὶ

2227 5087 2413 5164 σοφίας
2469 5086 2898 5165 ἀποκριναμένου
2970 5095 3242 5161 τοσοῦτον,
3305 5091 3354 5146 οἱ
3413 5091 3555 5168 παρᾶ
3615 5088 3880 5166 βασιλέως

2227 5173 2621 5250 ἀπεσταλμένοι
2700 5173 2924 5242 ἐδέησαν
2995 5177 3397 5256 ἀντεπαγαγεῖν
3472 5200 3524 5236 τι
3595 5191 3716 5245 τοῖς
3790 5177 3878 5236 ὑπ’

2228 5261 2427 5320 ἐκείνου
2479 5262 2781 5343 λεχθεῖσιν,
2839 5263 2950 5338 ὅσῳ
3007 5267 3096 5322 καὶ
3167 5267 3201 5323 ἃ
3256 5267 3511 5346 πρότερον
3567 5266 3881 5348 ὶπρέσὸευον

2226 5351 2606 5431 ἀπολιπόντες,
2642 5355 2805 5430 ὀρθῶς
2857 5355 2944 5410 καὶ
2974 5356 3049 5419 ὡς
3103 5357 3255 5418 οὗτός
3301 5377 3362 5434 γε
3405 5355 3602 5434 διεξῄει
3659 5357 3754 5425 τὴν
3786 5359 3877 5413 εὖ·

3446 5444 3502 5502 δὲ
3574 5448 3706 5524 πρὸς
3787 5448 3879 5502 τὸν

485 5527 632 5588 Cum
647 5527 718 5588 ad
745 5537 1018 5590 sanetum
1038 5540 1236 5592 autem
1269 5547 1475 5591 rursus
1494 5529 1753 5590 venisset
1783 5528 2137 5605 Eustratius,

2233 5529 2374 5607 ἵγιον
2433 5528 2591 5585 πάλιν
2648 5532 2676 5585 6
2707 5535 2804 5596 τῆς
2855 5530 3130 5610 ’Λγαύρων
3188 5539 3358 5608 μονῆς
3387 5536 3657 5613 προεστὼς
3691 5537 3719 5592 6
3771 5538 3876 5594 Εὗ-

480 5615 792 5693 ριδωῖεοιυε
850 5620 1194 5681 monasterii
1257 5623 1652 5698 Agaurorum,
1699 5618 1980 5698 quoniam
2041 5637 2141 5681 res

2233 5619 2486 5696 στράτιος,
2549 5619 2763 5697 ἐπείπερ
2820 5620 3087 5700 ετύγχανε
3151 5623 3271 5678 τότε
3325 5625 3389 5679 τὰ
3445 5634 3538 5684 τοῦ
3599 5631 3731 5682 Θεοῦ
3785 5624 3876 5680 καὶ

476 5702 586 5768 Dei
615 5710 676 5767 et
722 5706 1115 5776 ecclesiarum
1149 5717 1323 5777 erant
1355 5718 1494 5770 tunc
1528 5707 1848 5770 mundanis
1891 5723 2137 5788 pertur-

2233 5707 2287 5769 τὰ
2342 5712 2448 5764 τῶν
2506 5706 2844 5776 Ἐκκλησιῶν
2901 5723 3189 5790 κοσμικαῖς
3246 5710 3707 5794 δια-ταρασσόμενα
3750 5733 3870 5798 τρι-
