4158 6416
339 352 422 421 85

1485 363 1674 431 VITA
1715 365 1778 430 S.
1821 366 2208 434 JOANNICII
2251 365 2596 433 ABBATIS.

3670 362 3748 433 86

345 492 580 587 ταμίαις,
609 491 762 560 "Em:
821 493 960 587 πότε
1005 497 1093 587 τα
1130 503 1240 556 τῶν
1287 498 1643 579 Ἐκκλησιῶν,
1676 502 1879 582 ἔλεγεν,
1913 509 2007 565 οὒκ

2102 500 2242 567 beta;
2270 503 2588 570 ﬂuctibus:
2618 505 2966 587 Quousque,
2997 503 3168 580 dixit,
3203 523 3302 569 res
3334 505 3738 570 Ecclesiarum

345 580 734 653 ἀεοδοθήσεται
768 586 902 652 ταῖς
951 586 1305 656 Ἐκκλησίαις
1341 609 1358 671 ς
1414 589 1516 658 ἕως
1569 594 1710 659 τίνος
1766 580 2005 672 αὐξηθή-

349 694 500 729 σεται
525 673 592 730 τὰ
640 673 750 732 τῶν
781 673 1026 734 διωγτῶν
1059 696 1077 758 ;
1128 675 1233 744 ἕως
1264 682 1404 745 τίνος
1449 682 1550 750 τὴν
1577 685 1670 740 τοῦ
1699 690 1831 741 Θεοῦ
1878 685 2006 742 ποί-

348 784 492 853 μνην
549 760 723 853 ἄγριοι
781 762 1198 842 διασπαράξουσι
1254 771 1458 848 Θῆρες;
1534 763 1592 830 Ὀ
1649 772 1746 853 δὲ,
1809 774 2006 850 Μικρὸν

347 851 601 932 ιπίσχες,
651 851 868 933 ἀδελφέ,
902 859 991 913 καὶ
1050 859 1300 929 συνήσεις
1357 859 1458 927 τὴν
1514 869 1607 920 τοῦ
1656 851 1788 921 Θεοῦ
1842 861 2002 920 δυνα-

347 942 555 998 στείαν·
615 942 762 1000 ἂται
814 944 917 1024 γάρ
960 967 1042 1010 τις
1100 946 1373 1018 Μεθόδιος,
1409 951 1465 1013 ὃς
1523 951 1609 1008 ἐπὶ
1651 955 1758 1010 τῶν
1814 953 2008 1011 οἱάκων

346 1033 520 1109 uiti]:
567 1033 860 1106 καθιεῖται,
893 1037 982 1092 καὶ
1013 1037 1212 1103 ταύτην
1238 1043 1316 1111 τῷ
1356 1039 1480 1115 θείῳ
1512 1042 1774 1119 Πνεύματι
1815 1039 2007 1122 κυϐερ-

348 1124 532 1192 νήσειο
592 1121 740 1190 ὅστις
786 1121 1037 1202 διαίρεσιν
1098 1126 1196 1200 μὲν
1254 1127 1507 1196 θεότητος
1544 1131 1636 1188 καὶ
1693 1121 2008 1208 κατατομῆν

348 1211 542 1289 ἀνέλῃ,
574 1210 881 1290 δογματίσει
912 1212 967 1270 δὲ
995 1215 1058 1272 τὺ
1092 1214 1383 1297 όρθόδοξον,
1417 1217 1471 1276 ἐν
1501 1221 1684 1299 εἰρήνῃ
1715 1245 1773 1279 τε
1817 1225 1999 1301 βαθείᾳ

348 1302 443 1357 καὶ
498 1303 724 1377 ὁμονοίᾳ
780 1303 848 1359 τὰ
901 1305 1253 1376 στασιάζοντα
1324 1311 1669 1384 καταστήσει,
1733 1315 1822 1370 καὶ
1879 1315 2004 1381 τοὺς

352 1389 754 1479 ἀνθεστηκότας
795 1393 864 1461 τῇ
918 1400 1014 1450 τοῦ
1071 1385 1319 1470 ’Υψέστου
1375 1395 1523 1470 δεξιᾷ
1577 1403 2000 1479 παραστήσεται.

436 1478 569 1541 NA’.
633 1483 844 1563 Βραχὺς
898 1484 926 1539 ὁ
971 1483 1166 1558 μεταξὺ
1219 1485 1439 1565 χρόνος,
1472 1490 1559 1546 καὶ
1606 1478 1860 1570 Θεόφιλος
1910 1494 2008 1569 μὲν

350 1577 462 1628 τῶν
513 1569 643 1660 τῆδε
683 1593 1029 1660 μεταχωρει,
1077 1573 1304 1654 Μιχαὴλ
1359 1573 1415 1631 δὲ
1469 1579 1558 1634 καὶ
1613 1569 1856 1660 Θεοδώρα
1909 1583 2008 1650 τὴν

350 1661 536 1741 ἀρχὴν
580 1658 948 1741 διαδέχονται,
982 1662 1234 1727 Μεθόδιος
1265 1662 1319 1719 δὲ
1363 1678 1482 1731 τοῖς
1533 1670 1698 1745 ἱεροῖς
1747 1658 1822 1735 ὡς
1870 1673 2009 1749 ἱερὸς

347 1755 431 1823 τῷ
483 1750 597 1808 ὄντι
647 1753 744 1809 καί
793 1758 925 1812 θεοῦ
977 1751 1254 1831 ἅνθρωπος
1310 1753 1593 1833 ἑνιδρόεται
1648 1758 1878 1838 θρόνοις,
1924 1761 2011 1816 καὶ

2091 612 2210 656 non
2231 595 2562 658 reddentur
2581 595 2904 660 Ecelesiis?
2917 613 3226 677 quousque
3247 595 3628 673 augebuutur
3642 612 3741 658 res

2091 692 2570 762 persecutorum,
2587 694 2651 748 et
2667 687 2962 749 immanes
2989 703 3092 747 eas
3121 684 3472 750 lacerabunt
3494 683 3741 748 bestia)?

2088 772 2196 837 llle
2217 794 2384 857 vero,
2409 779 2648 852 Parum,
2678 777 2899 858 inquit,
2919 776 3172 854 sustine,
3197 796 3232 840 ο
3255 779 3470 852 frater,
3493 778 3741 840 etintel-

2089 863 2239 944 liges
2267 867 2370 928 Dei
2398 866 2722 946 potentiam
2753 866 2906 942 ;erit
2927 866 3088 929 enim
3113 865 3354 948 quidam
3378 866 3737 940 Methodius,

2091 953 2196 1032 qui
2229 954 2454 1017 tenebit
2482 956 2613 1035 ejus
2640 955 2895 1037 clavum,
2951 963 3010 1018 et
3064 973 3197 1020 eam
3255 956 3458 1018 divino
3514 955 3743 1037 Spiritu

2091 1040 2474 1120 gubernabit,
2507 1045 2609 1123 qui
2641 1045 2816 1107 tollet
2846 1045 3087 1125 quidem
3120 1045 3475 1108 divisionem
3521 1053 3580 1108 et
3609 1044 3739 1106 dis-

2094 1132 2420 1194 sectionem
2454 1131 2808 1207 divinitatis;
2832 1134 3094 1197 decretis
3122 1143 3319 1198 autem
3345 1135 3524 1198 ﬁdem
3557 1152 3740 1197 cons-

2085 1221 2257 1282 tituet
2296 1221 2712 1302 orthodoxam,
2749 1233 2807 1286 et
2835 1223 2908 1285 ad
2939 1240 3237 1286 summam
3267 1243 3476 1305 pacem
3504 1229 3568 1289 et
3583 1243 3732 1286 cou-

2085 1309 2353 1372 cordiam
2370 1311 2710 1391 redigetsed
2721 1311 2961 1375 itionem
2972 1322 3054 1390 ,et
3066 1313 3298 1395 eos,qui
3312 1315 3722 1396 restituerunt,

2088 1399 2295 1461 dextra
2325 1399 2618 1463 Altissimi
2660 1401 2999 1481 subjunget.

2174 1487 2265 1552 LI.
2299 1491 2487 1552 Breve
2517 1498 2754 1572 tempus
2785 1491 3152 1573 intercessit,
3187 1501 3246 1554 et
3272 1490 3596 1572 Teophilus
3615 1492 3740 1573 qui-

2092 1578 2230 1639 dem
2265 1595 2339 1640 ex
2369 1579 2482 1641 hac
2510 1579 2630 1641 vita
2661 1579 2932 1643 excedit:
2983 1581 3242 1646 Michael
3271 1599 3410 1644 vero
3451 1590 3509 1644 et
3537 1581 3738 1644 Theo-

2093 1666 2238 1729 dora
2305 1667 2624 1750 imperium
2697 1671 3071 1752 suscipiunt:
3137 1671 3477 1733 Methodius
3537 1681 3736 1734 autem

2092 1755 2183 1818 vir
2211 1774 2420 1820 revera
2451 1769 2890 1840 sacrosanctus,
2924 1767 2982 1822 et
3018 1761 3196 1822 homo
3246 1759 3378 1836 Dei,
3441 1759 3503 1822 in
3555 1761 3742 1824 sacris

348 1840 642 1899 συνελόντα
696 1842 879 1921 φάναι,
935 1843 1160 1899 πάντων
1197 1845 1338 1918 αὒτῷ
1393 1847 1524 1924 πρὸς
1582 1847 1682 1913 τὴν
1742 1847 2010 1926 ὁρθόδοξον

2102 1844 2427 1909 collocatur
2448 1847 2724 1922 sedibus,
2746 1858 2805 1910 et
2834 1857 2898 1910 ut
2920 1849 3106 1911 semel
3130 1848 3349 1922 dicam,
3374 1868 3509 1911 cum
3540 1851 3744 1913 omnia

350 1933 534 1987 πίστιν
605 1929 1012 2011 μεταθεμένων,
1068 1929 1337 1998 κλύδωνός
1392 1955 1452 1991 τε
1509 1937 1706 2001 παντὸς
1759 1937 1846 1994 καὶ
1901 1960 2013 2017 τρι-

347 2022 550 2095 κυμίας
618 2023 1092 2100 κατευνασθείσης,
1153 2021 1242 2078 καὶ
1309 2029 1413 2080 τῶν
1480 2026 1809 2102 πραγμάτων
1880 2028 2013 2105 ἦρε-

349 2109 624 2185 μοόντων,
688 2109 839 2187 ἑτέρα
901 2130 981 2177 τις
1054 2111 1197 2190 παρά
1269 2119 1373 2169 τῶν
1444 2111 1676 2170 εὖσεϐὦν
1746 2116 2014 2196 ἀγείρει-αι

354 2201 571 2273 στάσις,
603 2199 700 2256 καί
751 2200 816 2257 τὰ
864 2205 962 2277 τῇς
1021 2198 1352 2268 Ἐκκλησιας
1405 2202 1672 2282 ἐμερίζετο
1716 2205 1876 2265 πάλιν
1926 2199 2014 2264 καὶ

353 2292 429 2353 εἰς
479 2289 660 2348 διττὰς
702 2287 853 2355 δόξας
905 2290 1127 2370 ἐχώρει,
1179 2293 1239 2348 Οἱ
1281 2291 1378 2368 μὲν
1431 2314 1531 2370 γαρ
1579 2292 2011 2375 συλλειτευργοὺς

350 2379 508 2458 ἔχειν
569 2377 746 2447 ἠξίουν
801 2379 926 2437 τοὺς
983 2379 1128 2456 παρά
1181 2380 1290 2436 τῶν
1351 2381 1738 2462 Εἷκονομάχων
1797 2386 1859 2440 τὸ
1914 2389 2012 2454 τῆς

349 2467 644 2548 ἱερωσύνὴε
716 2467 923 2542 ἀξίωμα
991 2466 1279 2543 )αϐόντας,
1345 2471 1420 2532 ὡς
1492 2470 1638 2528 οὐδὲν
1693 2473 1879 2531 τούτου
1949 2481 2016 2551 τῇ

351 2557 597 2630 εὐσεϐείᾳ
657 2557 1069 2634 λυμαινομένουο
1125 2561 1172 2614 οἱ
1223 2556 1282 2614 δὲ
1337 2557 1584 2635 βεϐήλοις
1628 2563 1812 2641 χερσὶν
1868 2562 2015 2621 ἔκδι-

352 2648 531 2721 eam,
579 2647 793 2704 ἀνόσιον
824 2645 964 2710 ὅλως
1019 2649 1254 2724 ἡγοῦντο
1311 2652 1408 2705 καὶ
1457 2651 1518 2706 οὗ
1549 2657 1664 2724 Θεῷ
1721 2651 1870 2731 φίλον
1901 2651 2017 2709 οὐδὲ

351 2737 675 2796 ἀπόδεκτον.
732 2738 829 2796 Καὶ
858 2739 886 2793 ὃ
937 2737 1036 2812 μὶν
1085 2739 1160 2800 ὡς
1210 2736 1422 2806 ἀληθῶς
1467 2746 1542 2814 τῷ
1598 2747 1713 2815 Θεῷ
1741 2748 1844 2812 ζῶν
1905 2749 2016 2800 Με-

347 2825 556 2903 θόδιος,
589 2825 885 2906 ἤσχαλλεν,
931 2828 1142 2898 ἡιιᾷτο,
1174 2827 1282 2893 τὴν
1341 2826 1556 2902 καρδίαν
1613 2828 1894 2911 ἐκόπτετο,
1926 2834 2018 2889 τὸν

351 2918 530 2994 μέγαν
584 2928 706 2981 τοῖς
754 2918 889 2973 ὠσὶν
937 2915 1170 2994 ἐνηχεῖν
1230 2914 1402 2973 ἐδόκει
1463 2917 1694 2994 Παῦλον,
1728 2923 2019 3002 μονονουχὶ

352 3013 579 3064 τοιαῦτα
633 3005 1018 3086 φθεγγόμενον,
1055 3005 1178 3069 ’Ὧς
1228 3027 1284 3061 τε
1332 3007 1420 3063 καὶ
1472 3007 1708 3084 ἀνάθεμα
1757 3009 1880 3066 εἴνα
1910 3010 2017 3068 ἀπὸ

353 3103 588 3175 Χριστοῦ
646 3095 776 3174 ὑπὲρ
831 3102 940 3151 τῶν
996 3093 1238 3175 ἀδελφῶν
1309 3118 1412 3171 μου
1467 3104 1573 3154 τῶν
1632 3100 1768 3155 κατὰ
1823 3097 2014 3176 σάρκα,

354 3188 528 3261 μόνον
586 3186 633 3242 εἰ
690 3185 907 3252 σταίητε
961 3185 1077 3260 μεθ’
1126 3187 1302 3261 ἡμῶν,
1336 3187 1424 3243 καὶ
1480 3193 1637 3264 κοινῇ
1666 3189 1766 3256 τὴν
1823 3189 2017 3268 Τριάδα

2095 1935 2170 1997 ab
2200 1954 2271 1997 eo
2304 1936 2556 2000 fuissent
2585 1937 2856 2000 traducta
2883 1936 2956 2000 ad
2999 1937 3180 2000 ﬁdem
3231 1937 3640 2015 orthodoxam,
3682 1949 3744 2002 et

2097 2025 2325 2106 sopitus
2348 2035 2506 2088 esset
2536 2025 2732 2089 omnis
2761 2028 2975 2088 ﬂuctus
3006 2034 3064 2089 et
3090 2026 3292 2088 sedata
3313 2034 3657 2110 tempestas,
3683 2036 3744 2092 et

2095 2131 2195 2176 res
2216 2125 2420 2178 essent
2439 2117 2678 2196 quietae,
2709 2116 3126 2193 quaedam'alia
3155 2116 3366 2178 seditio
3397 2117 3744 2180 excitatura

2101 2203 2304 2286 piis,et
2321 2223 2420 2266 res
2449 2204 2734 2268 Ecclesiae
2755 2223 2961 2267 rursus
2981 2213 3150 2267 erant
3171 2206 3465 2285 divisaa,et
3485 2206 3743 2269 redactae

2097 2294 2354 2356 erantin
2385 2293 2534 2356 duas
2565 2293 2901 2374 opiniones.
2955 2295 3103 2357 Nam
3151 2294 3252 2356 alii
3280 2295 3521 2376 quidem
3569 2295 3737 2357 vole-

2099 2381 2242 2445 bant
2270 2382 2493 2446 habere
2525 2383 2585 2444 in
2610 2382 2969 2459 ministerio,
2997 2403 3100 2446 eos
3125 2388 3224 2464 qui
3256 2384 3605 2462 dignitatem
3637 2404 3736 2447 sa-

2098 2472 2351 2535 cerdotii
2381 2481 2739 2554 acceperant
2766 2472 2840 2533 ab
2869 2472 3300 2547 Iconomachis,
3347 2481 3552 2553 utpote
3580 2475 3738 2554 quod

2100 2563 2216 2624 hoc
2244 2561 2395 2624 nihil
2454 2561 2659 2642 pietati
2715 2563 3020 2625 ofﬁceret:
3083 2561 3170 2624 illi
3229 2571 3425 2625 autem
3481 2563 3744 2642 profanis

2100 2658 2306 2714 sancta
2335 2652 2569 2714 tradere
2613 2651 2912 2731 manibus,
2961 2651 3243 2732 putabant
3304 2651 3548 2714 omnino
3603 2673 3737 2717 esse

2101 2741 2374 2820 impium,
2409 2755 2465 2803 et
2497 2741 2744 2803 minime
2774 2743 2899 2805 Deo
2947 2751 3202 2821 gratum,
3247 2759 3359 2802 nec
3411 2741 3738 2805 admitten-

2102 2831 2272 2892 dum.
2308 2828 2381 2891 Et
2405 2831 2506 2910 qui
2540 2833 2658 2892 Deo
2685 2830 2933 2906 quidem
2966 2849 3102 2892 vere
3129 2830 3360 2892 vivebat
3382 2831 3740 2907 Methodius,

2101 2939 2255 3000 aagre
2273 2919 2524 2998 ferebat,
2539 2920 3089 2999 angebatur,corde
3109 2919 3748 3001 lacerabatur,putabat

2102 3029 2377 3090 magnum
2413 3010 2667 3074 Paulum
2717 3028 3010 3071 resonare
3041 3011 3102 3070 in
3153 3009 3397 3070 auribus
3428 3028 3751 3090 propemo-

2100 3101 2241 3162 dum
2277 3101 2402 3163 hrec
2427 3101 2772 3181 loquentem
2799 3119 2813 3162 :
2849 3098 3104 3162 Utimam
3136 3099 3250 3160 sim
3273 3117 3308 3158 a
3336 3097 3567 3162 Christo
3593 3118 3744 3162 ana-

2107 3192 2307 3253 thema
2338 3209 2444 3272 pro
2473 3188 2758 3252 fratribus
2802 3187 2952 3251 meis
3002 3186 3330 3250 secundum
3380 3205 3646 3261 carnem,
3699 3189 3751 3250 si

356 3274 690 3350 δοξάσωμεν.
761 3275 857 3333 Καὶ
913 3276 942 3331 ὁ
1000 3274 1100 3350 μὲν
1169 3275 1334 3342 οὕτως
1392 3280 1571 3357 εἶχεν,
1631 3282 1680 3337 οἱ
1735 3276 1789 3334 δὲ
1849 3279 2016 3340 πάντα

2108 3281 2284 3342 modo
2315 3279 2597 3342 steteritis
2627 3279 2964 3351 uobiscum,
2997 3287 3058 3338 et
3105 3275 3502 3338 communiter
3545 3275 3752 3338 Trini-

355 3369 558 3420 παθεῖν
611 3363 818 3440 μᾶλλον
873 3363 1079 3439 ἕτοιμοι
1139 3365 1297 3441 ἦσαν,
1357 3366 1394 3434 ἢ
1451 3367 1518 3423 τὰ
1570 3364 1790 3434 δόξαντα
1859 3368 2026 3448 προέ-

354 3459 504 3530 σθαι,
539 3456 612 3518 ὡς
671 3455 935 3534 ἐντεῦθεν,
969 3456 1045 3518 εἷς
1103 3455 1242 3535 μέρη
1303 3456 1464 3514 πάλιν
1521 3459 1584 3514 τὸ
1632 3463 1730 3527 τῆς
1781 3458 2022 3527 Ἐκκλη-

358 3547 479 3610 σίας
533 3543 803 3622 πλήρωμα
850 3545 1157 3619 τέμνεσθαι,
1205 3548 1296 3603 καὶ
1346 3547 1463 3608 τοὺς
1521 3548 1643 3622 μὲν,
1687 3550 1760 3614 ὡς
1808 3550 2018 3623 αὐτοὺς,

357 3636 487 3700 τοὺς
546 3632 602 3690 δὲ
659 3637 734 3696 ὡς
792 3632 1025 3698 ἐκείνους
1082 3635 1389 3695 τάσσεσθαι.
1457 3627 1515 3696 Ὀ
1587 3636 1713 3715 γοῦν
1765 3646 1841 3712 τῷ
1909 3645 2024 3712 θεῷ

358 3726 521 3804 qr'loc
578 3723 898 3787 ἰωαννίκιος
947 3723 1294 3800 τεταγμένοις
1347 3724 1486 3782 οὕτω
1545 3739 1662 3790 τοῖς
1714 3728 2022 3806 πράγμασιν

359 3813 715 3894 ἐντυγχάνων
770 3814 835 3870 τὰ
891 3814 991 3888 μὲι
1021 3812 1090 3869 δι’
1145 3813 1356 3888 ἑαυτοῦ,
1390 3813 1456 3870 τοὶ
1507 3813 1560 3872 δὲ
1603 3814 1674 3872 δι’
1703 3814 2022 3896 ἕπιστολῶν,

358 3905 460 3960 οἶα
525 3905 744 3982 σύριγγι
795 3903 893 3971 τὴν
939 3901 1358 3962 διασπασθεῖσαν
1392 3909 1488 3971 τῆς
1541 3905 1774 3981 ποίμνης
1825 3920 2023 3986 μοῖραν

359 3991 708 4066 ἀνεκολεϊτο,
741 3998 838 4049 καί
879 3999 958 4068 τῷ
1002 3993 1152 4068 μόνῳ
1201 3995 1336 4067 Θεῷ,
1374 4000 1447 4068 τῷ
1498 3995 1646 4070 μόνῳ
1687 3995 1838 4071 καλῷ
1891 4019 2022 4054 ποι-

363 4084 486 4157 μένι
559 4083 651 4138 καὶ
709 4086 769 4142 οὔ
838 4087 1094 4157 μισθωτῷ
1148 4083 1500 4160 προσῳκείου,
1543 4083 1776 4158 μάλιστα
1832 4084 1886 4142 δὲ
1929 4091 2024 4144 τοῦ

362 4171 667 4252 ἀρχιερέως
748 4171 996 4229 Μεθοδίου
1087 4170 1413 4244 ὀκλάζουσαν
1493 4171 1598 4241 ἤδη
1663 4175 1759 4243 τὴν
1833 4175 2020 4254 ψυχὴν

360 4262 652 4336 ἀνεκτᾶτο,
713 4259 884 4318 πολλὰ
956 4262 1059 4336 μὲν
1127 4262 1217 4318 καὶ
1287 4261 1442 4341 ἔτερα
1514 4264 1755 4342 γράφων,
1802 4265 1904 4343 πρὸ
1966 4262 2021 4320 δὲ

361 4352 609 4422 πάντων,
654 4363 769 4412 τοῖς
829 4353 886 4406 τὸ
945 4351 1044 4426 μὲν
1103 4351 1382 4425 ὁμοοόσιον
1444 4351 1701 4432 ἔκφύλους
1750 4353 2024 4431 ἀλλοτριό-

360 4462 538 4508 τητας
596 4462 870 4516 τέμνουσι,
903 4437 1184 4508 διαιρέσεις
1240 4440 1318 4513 δὲ,
1371 4441 1548 4517 οἴμοι,
1579 4441 1810 4507 ἀτόπους
1867 4440 2025 4508 δοξά-

2107 3376 2282 3432 tatem
2315 3369 2943 3449 gloriﬁcaverimus“.
2978 3366 3047 3428 Et
3109 3365 3213 3427 ille
3269 3365 3515 3444 quidem
3576 3367 3661 3428 sic
3687 3384 3753 3430 se

2104 3458 2378 3522 habebat.
2411 3458 2503 3521 Illi
2529 3468 2725 3520 autem
2758 3458 2945 3539 parati
2976 3464 3146 3518 erant
3174 3455 3374 3517 omnia
3391 3455 3507 3534 pati
3530 3455 3749 3537 potius,

2103 3567 2282 3630 quam
2314 3548 2616 3610 dimittere
2645 3566 2737 3621 ea,
2764 3565 2898 3628 quae
2917 3547 3040 3608 visa
3065 3546 3322 3622 fuerant,
3348 3544 3500 3606 adeo
3524 3554 3584 3606 ut
3612 3547 3754 3608 hinc

2107 3637 2168 3700 in
2225 3649 2427 3718 partes
2483 3655 2690 3700 rursus
2745 3637 3119 3699 scinderetur
3189 3642 3375 3696 coetus
3443 3633 3751 3710 Ecclesiae,

2108 3736 2166 3790 et
2194 3727 2293 3789 alii
2318 3727 2560 3809 quidem
2589 3745 2654 3788 se
2686 3745 2824 3789 cum
2862 3725 2978 3806 his,
3010 3725 3112 3787 alii
3173 3742 3312 3786 vero
3359 3741 3495 3784 cum
3541 3722 3658 3784 illis
3687 3740 3755 3786 se

2108 3817 2565 3896 conjungerent.
2599 3817 2705 3878 Dei
2730 3815 2927 3896 itaque
2948 3814 3179 3878 amicus
3201 3811 3575 3893 Joannicius,
3608 3810 3757 3875 inci-

2109 3906 2256 3968 dens
2285 3906 2348 3968 in
2378 3924 2477 3968 res
2504 3907 2654 3967 adeo
2690 3908 2972 3976 turbatas,
3009 3903 3218 3982 partim
3251 3900 3492 3982 quidem
3528 3919 3634 3981 per
3662 3919 3749 3972 se,

2107 3996 2318 4076 partim
2349 4013 2487 4058 vero
2519 4013 2625 4074 per
2655 3995 2910 4068 litteras,
2947 3993 3128 4054 veluti
3183 3991 3382 4053 ﬁstula
3440 3989 3756 4052 revocabat

2105 4083 2394 4146 divulsam
2429 4092 2657 4163 partem
2695 4082 2910 4160 gregis,
2950 4091 3009 4142 et
3039 4086 3094 4141 ei
3124 4081 3226 4160 qui
3256 4087 3345 4140 est
3375 4079 3543 4140 solus
3573 4077 3755 4152 Deus,

2104 4174 2205 4256 qui
2235 4186 2325 4234 est
2357 4172 2520 4234 solus
2549 4171 2742 4232 bonus
2773 4179 3000 4250 pastor,
3036 4177 3096 4230 et
3145 4186 3261 4228 non
3319 4167 3754 4256 mercenarius,

2106 4253 2485 4327 conciliabat.
2520 4260 2778 4323 Maxime
2800 4269 3000 4320 autem
3021 4256 3456 4337 archiepiscopi
3479 4253 3759 4316 Methodii

2099 4353 2224 4434 jam
2255 4351 2557 4415 labantem
2593 4351 2904 4412 recreabat
2933 4347 3224 4426 animum,
3271 4345 3459 4407 mulaa
3502 4342 3752 4434 quidem

2107 4428 2288 4505 etiam
2339 4441 2453 4503 alia
2489 4439 2783 4514 scribens,
2814 4446 2952 4500 ante
2988 4440 3187 4497 omnia
3241 4441 3440 4496 autem
3499 4431 3594 4506 iis,
3656 4428 3760 4511 qui

359 4539 516 4602 ζουσι
544 4577 562 4609 ,
621 4529 834 4595 τούτους
900 4527 1040 4604 μηδὲ
1109 4531 1170 4586 τὸ
1243 4529 1492 4610 παράπαν
1564 4530 1657 4588 οὖτ
1725 4529 2016 4588 ὑποκλίνειν

2106 4530 2465 4594 homousion
2493 4529 2754 4592 absurde
2784 4537 2842 4590 et
2871 4527 3069 4589 alieno
3107 4524 3283 4585 modo
3313 4520 3615 4610 scindunt,
3654 4539 3759 4581 no-

403 4621 417 4641 ,
478 4627 501 4639 ο

358 4643 406 4677 αἶ

362 4643 514 4694 αυτῳ
559 4643 816 4698 παρῃνει,
875 4643 954 4694 μτ,
1003 4643 1172 4694 αΛων,
1220 4643 1298 4694 μτ.
1347 4643 1894 4698 στεγης-κοινωνεῑν,
1948 4643 2026 4694 μη

362 4709 850 4789 προσιρθέγγεσθαι,
915 4705 1038 4765 ἀλλ’
1090 4709 1166 4772 ὡς
1229 4708 1305 4765 ἔνι
1362 4707 1624 4790 μάλιστα,
1683 4709 1779 4778 τὴν
1826 4709 2027 4767 τούτων

364 4802 663 4879 συντυχίαν
731 4796 1013 4858 ἐκκλίνειν.
1073 4796 1340 4855 ’Υπετίθει
1401 4798 1501 4877 γὰρ
1555 4796 1692 4873 μηδὲ
1761 4799 2029 4877 ίερουργὸν

364 4891 542 4952 ὁσίως
599 4887 916 4966 λογισθῆναί
960 4907 1091 4946 ποτε
1148 4885 1393 4945 δύιασθαι
1442 4896 1653 4961 τοῦτον,
1684 4889 1776 4945 τὸν
1827 4889 1914 4944 τὸν
1945 4888 2030 4943 ἱε-

365 4978 758 5059 ρουργούμενον
823 4976 1145 5050 ἀθετοῦντα,
1217 4975 1445 5043 ἐκείνους
1515 4974 1570 5033 δὲ
1640 4975 1845 5049 μᾶλλον
1914 4975 2033 5056 περὶ

364 5069 470 5135 τὴν
551 5067 699 5123 θείαν
758 5066 1047 5145 ἱερουργίαν
1111 5063 1336 5145 ἔγραφεν
1405 5064 1553 5145 ἔχειν
1619 5070 1697 5140 τῷ
1768 5063 2026 5141 Μεθοδίῳ,

363 5159 456 5220 οὓς
491 5155 557 5212 ἂν
593 5153 758 5222 εἰδείη
809 5156 900 5212 καὶ
953 5155 1074 5233 περὶ
1103 5155 1164 5210 τὸ
1208 5159 1304 5222 τῆς
1334 5152 1630 5234 όρθοδοξίας
1660 5154 1834 5234 δόγμα,
1889 5177 2026 5232 συμ-

365 5253 687 5328 ῃρονοῦντας
745 5244 910 5317 αὖτῷ.
973 5241 1104 5302 Ἐπὶ
1153 5241 1298 5301 τέλει
1345 5242 1402 5300 δὲ
1460 5249 1560 5311 τῆς
1591 5242 1880 5314 ἐπιστολῆς
1939 5246 2029 5301 καὶ

361 5336 622 5416 ἕῤῥῶσθαι
678 5334 839 5392 αὖτὸν
890 5333 1196 5412 ὑγιαίνοντα
1252 5334 1372 5413 περὶ
1427 5335 1518 5392 τὸν
1585 5333 1712 5413 ὒγιῆ
1781 5333 1942 5413 λόγον
1999 5337 2028 5392 ὁ

361 5427 538 5505 μέγας
571 5423 896 5492 ἰωαννίκιος
929 5421 1146 5491 ηὔξατο,

445 5704 496 5757 υ
531 5703 714 5770 Rom.
750 5719 832 5779 ιε,
863 5701 922 5770 3.

559 4619 816 4698 παρῄνει,
875 4600 954 4694 μὴ
1003 4617 1172 4694 ἅλων,
1220 4600 1894 4698 μὴ’στέγηςκοινωνετν,
1948 4620 2016 4694 μὴ

2109 4637 2328 4701 vasque
2381 4627 2442 4682 et
2469 4617 2760 4680 absurdas
2805 4617 3082 4698 epinatur
3135 4611 3487 4701 divisiones,
3543 4609 3630 4672 eis
3685 4625 3763 4701 ne

2111 4698 2316 4773 aurem
2341 4707 2585 4790 quidem
2609 4706 2856 4769 omnino
2873 4705 3163 4767 adhibere
3183 4700 3624 4775 suadebat,nou
3647 4698 3758 4771 sal,

2113 4818 2233 4862 non
2265 4807 2484 4861 tectum
2517 4815 2654 4859 cum
2684 4797 2779 4858 his
2807 4794 3036 4858 habere
3075 4807 3420 4867 commune,
3481 4806 3601 4850 non
3657 4803 3764 4850 eos

2112 4888 2360 4969 alloqui,
2392 4888 2501 4948 sed
2531 4903 2710 4968 quam
2741 4885 3007 4946 maxime
3031 4882 3345 4977 declinare
3369 4895 3576 4940 eorum
3601 4894 3760 4977 cpn-
3788 4918 3798 4925 -

2113 4963 2508 5058 gressionem.
2538 4963 2918 5038 Admonebat
2949 4970 3112 5034 enim
3162 4988 3236 5032 ne
3289 4984 3463 5058 posse
3514 4963 3762 5058 quidem

2113 5055 2249 5130 eum
2281 5075 2485 5129 sancte
2539 5063 2805 5146 reputari
2862 5061 3226 5136 sacriﬁcum,
3279 5057 3380 5139 qui
3437 5073 3598 5146 eum,
3658 5055 3763 5146 qui

2111 5157 2504 5230 sacriﬁcatur,
2563 5141 2892 5218 contemnit
2943 5163 3007 5214 et
3048 5149 3390 5230 vilipendit.
3447 5141 3763 5208 Scribebat

2109 5253 2310 5310 autem
2345 5244 2671 5324 Methodio,
2690 5248 2754 5304 ut
2777 5241 2911 5304 illos
2941 5239 3140 5322 potius
3162 5237 3410 5300 haberet
3430 5234 3593 5332 circa
3619 5231 3766 5332 divi-

2112 5353 2254 5398 num
2274 5321 2667 5407 sacriﬁcium,
2702 5349 2856 5409 quos
2887 5321 3093 5392 nosset
3124 5346 3259 5390 cum
3306 5345 3376 5388 eo
3426 5321 3654 5387 sentire
3698 5321 3764 5382 in

2112 5424 2387 5504 dogmate
2411 5420 2802 5486 orthodoxite.
2840 5419 2910 5482 In
2940 5417 3060 5483 ﬁne
3079 5435 3218 5479 vero
3242 5413 3532 5497 epistolae,
3563 5409 3763 5504 valere

2113 5501 2248 5576 cuin
2279 5513 2438 5576 circa
2465 5529 2668 5580 sanam
2699 5509 2992 5579 rationein
3024 5505 3242 5592 optavit
3287 5517 3536 5593 magnus
3583 5501 3763 5564 Joan-

2115 5621 2332 5667 nlClOS.
