  <div class='ocr_page' id='page_1' title='image "/cluster/home/n/w/nwhite01/storage/ocr_20150623/116:no.3/coo.31924054870203/051.png"; bbox 0 0 4158 6428; ppageno 0'>
   <div class='ocr_carea' id='block_1_1' title="bbox 417 373 495 440">
    <p class='ocr_par' dir='ltr' id='par_1_1' title="bbox 417 373 495 440">
     <span class='ocr_line' id='line_1_1' title="bbox 417 373 495 440; baseline -0.013 0"><span class='ocrx_word' id='word_1_1' title='bbox 417 373 495 440; x_wconf 89' lang='lat'><strong>87</strong></span> 
     </span>
    </p>
   </div>
   <div class='ocr_carea' id='block_1_2' title="bbox 1713 363 2484 434">
    <p class='ocr_par' dir='ltr' id='par_1_2' title="bbox 1713 363 2484 434">
     <span class='ocr_line' id='line_1_2' title="bbox 1713 363 2484 434; baseline -0.009 0"><span class='ocrx_word' id='word_1_2' title='bbox 1713 367 1997 434; x_wconf 87' lang='lat' dir='ltr'><strong>MENSIS</strong></span> <span class='ocrx_word' id='word_1_3' title='bbox 2037 363 2484 432; x_wconf 85' lang='lat' dir='ltr'><strong>NOVEMBEB.</strong></span> 
     </span>
    </p>
   </div>
   <div class='ocr_carea' id='block_1_3' title="bbox 3724 360 3803 438">
    <p class='ocr_par' dir='ltr' id='par_1_3' title="bbox 3724 360 3803 438">
     <span class='ocr_line' id='line_1_3' title="bbox 3724 360 3803 438; baseline 0 0"><span class='ocrx_word' id='word_1_4' title='bbox 3724 360 3803 438; x_wconf 77' lang='lat'>88</span> 
     </span>
    </p>
   </div>
   <div class='ocr_carea' id='block_1_4' title="bbox 499 499 2063 586">
    <p class='ocr_par' dir='ltr' id='par_1_4' title="bbox 499 503 2063 586">
     <span class='ocr_line' id='line_1_4' title="bbox 499 503 2063 586; baseline -0.008 -9"><span class='ocrx_word' id='word_1_5' title='bbox 499 511 620 577; x_wconf 87' lang='lat' dir='ltr'><strong>LII.</strong></span> <span class='ocrx_word' id='word_1_6' title='bbox 655 511 802 575; x_wconf 89' lang='lat' dir='ltr'><strong>Cum</strong></span> <span class='ocrx_word' id='word_1_7' title='bbox 834 509 926 572; x_wconf 72' lang='lat' dir='ltr'><strong>hat</strong></span> <span class='ocrx_word' id='word_1_8' title='bbox 958 507 1264 572; x_wconf 90' lang='lat' dir='ltr'><strong>venissent</strong></span> <span class='ocrx_word' id='word_1_9' title='bbox 1293 508 1529 584; x_wconf 65' lang='lat' dir='ltr'><strong>litterae,</strong></span> <span class='ocrx_word' id='word_1_10' title='bbox 1565 507 1805 570; x_wconf 85' lang='lat' dir='ltr'><strong>divinus</strong></span> <span class='ocrx_word' id='word_1_11' title='bbox 1823 503 2063 586; x_wconf 90' lang='lat' dir='ltr'><strong>quidem</strong></span> 
     </span>
    </p>
   </div>
   <div class='ocr_carea' id='block_1_5' title="bbox 2151 499 3800 586">
    <p class='ocr_par' dir='ltr' id='par_1_5' title="bbox 2237 499 3800 585">
     <span class='ocr_line' id='line_1_5' title="bbox 2237 499 3800 585; baseline 0.003 -23"><span class='ocrx_word' id='word_1_12' title='bbox 2237 502 2367 567; x_wconf 84' lang='lat' dir='ltr'><strong>NB&#39;.</strong></span> <span class='ocrx_word' id='word_1_13' title='bbox 2429 509 2606 562; x_wconf 82' lang='grc' dir='ltr'>Ταῦτα</span> <span class='ocrx_word' id='word_1_14' title='bbox 2663 499 2848 572; x_wconf 69' lang='grc' dir='ltr'>ἐπειδὴ</span> <span class='ocrx_word' id='word_1_15' title='bbox 2907 502 2973 562; x_wconf 72' lang='grc' dir='ltr'><strong>τὰ</strong></span> <span class='ocrx_word' id='word_1_16' title='bbox 3043 505 3332 585; x_wconf 63' lang='grc' dir='ltr'>γράμματα</span> <span class='ocrx_word' id='word_1_17' title='bbox 3399 508 3557 582; x_wconf 72' lang='grc' dir='ltr'>ἧκον,</span> <span class='ocrx_word' id='word_1_18' title='bbox 3615 509 3645 566; x_wconf 86' lang='lat'><strong>6</strong></span> <span class='ocrx_word' id='word_1_19' title='bbox 3701 510 3800 584; x_wconf 73' lang='grc' dir='ltr'>μὶν</span> 
     </span>
    </p>
   </div>
   <div class='ocr_carea' id='block_1_6' title="bbox 417 595 2069 678">
    <p class='ocr_par' dir='ltr' id='par_1_6' title="bbox 417 595 2069 678">
     <span class='ocr_line' id='line_1_6' title="bbox 417 595 2069 678; baseline -0.009 -8"><span class='ocrx_word' id='word_1_20' title='bbox 417 601 760 670; x_wconf 74' lang='lat' dir='ltr'><strong>Methodius</strong></span> <span class='ocrx_word' id='word_1_21' title='bbox 781 598 1087 661; x_wconf 77' lang='lat' dir='ltr'><strong>memoriae</strong></span> <span class='ocrx_word' id='word_1_22' title='bbox 1109 598 1408 660; x_wconf 75' lang='lat' dir='ltr'><strong>mandavit</strong></span> <span class='ocrx_word' id='word_1_23' title='bbox 1427 616 1519 678; x_wconf 88' lang='lat' dir='ltr'><strong>ea,</strong></span> <span class='ocrx_word' id='word_1_24' title='bbox 1542 615 1672 678; x_wconf 67' lang='lat' dir='ltr'><strong>qua</strong></span> <span class='ocrx_word' id='word_1_25' title='bbox 1701 597 1922 676; x_wconf 86' lang='lat' dir='ltr'><strong>scripta</strong></span> <span class='ocrx_word' id='word_1_26' title='bbox 1946 595 2069 657; x_wconf 87' lang='lat' dir='ltr'><strong>fue-</strong></span> 
     </span>
    </p>
   </div>
   <div class='ocr_carea' id='block_1_7' title="bbox 418 685 2062 771">
    <p class='ocr_par' dir='ltr' id='par_1_7' title="bbox 418 685 2062 771">
     <span class='ocr_line' id='line_1_7' title="bbox 418 685 2062 771; baseline -0.008 -14"><span class='ocrx_word' id='word_1_27' title='bbox 418 701 583 757; x_wconf 90' lang='lat' dir='ltr'><strong>rant:</strong></span> <span class='ocrx_word' id='word_1_28' title='bbox 613 689 869 771; x_wconf 83' lang='lat' dir='ltr'><strong>improbi</strong></span> <span class='ocrx_word' id='word_1_29' title='bbox 889 698 1090 752; x_wconf 87' lang='lat' dir='ltr'><strong>autem</strong></span> <span class='ocrx_word' id='word_1_30' title='bbox 1113 689 1390 750; x_wconf 81' lang='lat' dir='ltr'><strong>homines</strong></span> <span class='ocrx_word' id='word_1_31' title='bbox 1410 707 1539 750; x_wconf 79' lang='lat' dir='ltr'><strong>eam</strong></span> <span class='ocrx_word' id='word_1_32' title='bbox 1565 705 1690 750; x_wconf 92' lang='lat' dir='ltr'><strong>rem</strong></span> <span class='ocrx_word' id='word_1_33' title='bbox 1713 685 2062 765; x_wconf 83' lang='lat' dir='ltr'><strong>irridebant,</strong></span> 
     </span>
    </p>
   </div>
   <div class='ocr_carea' id='block_1_8' title="bbox 420 774 2068 858">
    <p class='ocr_par' dir='ltr' id='par_1_8' title="bbox 420 774 2068 858">
     <span class='ocr_line' id='line_1_8' title="bbox 420 774 2068 858; baseline -0.006 -12"><span class='ocrx_word' id='word_1_34' title='bbox 420 789 480 846; x_wconf 90' lang='lat' dir='ltr'><strong>et</strong></span> <span class='ocrx_word' id='word_1_35' title='bbox 496 780 799 844; x_wconf 84' lang='lat' dir='ltr'><strong>habebant</strong></span> <span class='ocrx_word' id='word_1_36' title='bbox 816 779 1100 853; x_wconf 84' lang='lat' dir='ltr'><strong>ludibrio,</strong></span> <span class='ocrx_word' id='word_1_37' title='bbox 1130 787 1186 839; x_wconf 91' lang='lat' dir='ltr'><strong>et</strong></span> <span class='ocrx_word' id='word_1_38' title='bbox 1211 778 1365 840; x_wconf 86' lang='lat' dir='ltr'><strong>male</strong></span> <span class='ocrx_word' id='word_1_39' title='bbox 1386 778 1461 840; x_wconf 87' lang='lat' dir='ltr'><strong>ab</strong></span> <span class='ocrx_word' id='word_1_40' title='bbox 1481 778 1629 858; x_wconf 81' lang='lat' dir='ltr'><strong>ipsis</strong></span> <span class='ocrx_word' id='word_1_41' title='bbox 1651 777 1844 838; x_wconf 90' lang='lat' dir='ltr'><strong>bonus</strong></span> <span class='ocrx_word' id='word_1_42' title='bbox 1864 774 2068 836; x_wconf 62' lang='lat' dir='ltr'><strong>audieo</strong></span> 
     </span>
    </p>
   </div>
   <div class='ocr_carea' id='block_1_9' title="bbox 419 863 2066 946">
    <p class='ocr_par' dir='ltr' id='par_1_9' title="bbox 419 863 2066 946">
     <span class='ocr_line' id='line_1_9' title="bbox 419 863 2066 946; baseline -0.007 -11"><span class='ocrx_word' id='word_1_43' title='bbox 419 869 912 935; x_wconf 81' lang='lat' dir='ltr'><strong>hatJoannicius.</strong></span> <span class='ocrx_word' id='word_1_44' title='bbox 947 867 1052 930; x_wconf 89' lang='lat' dir='ltr'><strong>Ille</strong></span> <span class='ocrx_word' id='word_1_45' title='bbox 1081 884 1223 929; x_wconf 82' lang='lat' dir='ltr'><strong>vero</strong></span> <span class='ocrx_word' id='word_1_46' title='bbox 1268 886 1404 928; x_wconf 87' lang='lat' dir='ltr'><strong>cum</strong></span> <span class='ocrx_word' id='word_1_47' title='bbox 1454 866 1848 946; x_wconf 76' lang='lat' dir='ltr'><strong>cognovisset,</strong></span> <span class='ocrx_word' id='word_1_48' title='bbox 1909 863 2066 945; x_wconf 83' lang='lat' dir='ltr'><strong>quod</strong></span> 
     </span>
    </p>
   </div>
   <div class='ocr_carea' id='block_1_10' title="bbox 417 957 2065 1043">
    <p class='ocr_par' dir='ltr' id='par_1_10' title="bbox 417 957 2065 1043">
     <span class='ocr_line' id='line_1_10' title="bbox 417 957 2065 1043; baseline -0.007 -18"><span class='ocrx_word' id='word_1_49' title='bbox 417 963 534 1043; x_wconf 85' lang='lat' dir='ltr'><strong>ipsi</strong></span> <span class='ocrx_word' id='word_1_50' title='bbox 565 979 699 1023; x_wconf 91' lang='lat' dir='ltr'><strong>eum</strong></span> <span class='ocrx_word' id='word_1_51' title='bbox 733 958 1266 1036; x_wconf 83' lang='lat' dir='ltr'><strong>calumniarentur,</strong></span> <span class='ocrx_word' id='word_1_52' title='bbox 1297 957 1381 1017; x_wconf 84' lang='lat' dir='ltr'><strong>ita</strong></span> <span class='ocrx_word' id='word_1_53' title='bbox 1403 965 1588 1026; x_wconf 88' lang='lat' dir='ltr'><strong>stans,</strong></span> <span class='ocrx_word' id='word_1_54' title='bbox 1615 965 1678 1016; x_wconf 93' lang='lat' dir='ltr'><strong>ut</strong></span> <span class='ocrx_word' id='word_1_55' title='bbox 1699 971 1908 1016; x_wconf 88' lang='lat' dir='ltr'><strong>omnes</strong></span> <span class='ocrx_word' id='word_1_56' title='bbox 1931 970 2065 1014; x_wconf 91' lang='lat' dir='ltr'><strong>eum</strong></span> 
     </span>
    </p>
   </div>
   <div class='ocr_carea' id='block_1_11' title="bbox 420 1045 2066 1132">
    <p class='ocr_par' dir='ltr' id='par_1_11' title="bbox 420 1045 2066 1132">
     <span class='ocr_line' id='line_1_11' title="bbox 420 1045 2066 1132; baseline -0.006 -18"><span class='ocrx_word' id='word_1_57' title='bbox 420 1058 661 1132; x_wconf 86' lang='lat' dir='ltr'><strong>possent</strong></span> <span class='ocrx_word' id='word_1_58' title='bbox 683 1047 1071 1120; x_wconf 83' lang='lat' dir='ltr'><strong>exaudire,de</strong></span> <span class='ocrx_word' id='word_1_59' title='bbox 1095 1049 1218 1109; x_wconf 86' lang='lat' dir='ltr'><strong>Deo</strong></span> <span class='ocrx_word' id='word_1_60' title='bbox 1241 1054 1299 1107; x_wconf 92' lang='lat' dir='ltr'><strong>et</strong></span> <span class='ocrx_word' id='word_1_61' title='bbox 1313 1046 1491 1107; x_wconf 83' lang='lat' dir='ltr'><strong>rebus</strong></span> <span class='ocrx_word' id='word_1_62' title='bbox 1508 1045 1725 1107; x_wconf 81' lang='lat' dir='ltr'><strong>divinis</strong></span> <span class='ocrx_word' id='word_1_63' title='bbox 1741 1045 2066 1123; x_wconf 84' lang='lat' dir='ltr'><strong>disserens,</strong></span> 
     </span>
    </p>
   </div>
   <div class='ocr_carea' id='block_1_12' title="bbox 416 1134 2072 1216">
    <p class='ocr_par' dir='ltr' id='par_1_12' title="bbox 416 1134 2072 1216">
     <span class='ocr_line' id='line_1_12' title="bbox 416 1134 2072 1216; baseline -0.005 -13"><span class='ocrx_word' id='word_1_64' title='bbox 416 1141 501 1203; x_wconf 84' lang='lat' dir='ltr'><strong>ita</strong></span> <span class='ocrx_word' id='word_1_65' title='bbox 531 1159 636 1202; x_wconf 90' lang='lat' dir='ltr'><strong>eos</strong></span> <span class='ocrx_word' id='word_1_66' title='bbox 660 1138 716 1198; x_wconf 85' lang='lat' dir='ltr'><strong>vi</strong></span> <span class='ocrx_word' id='word_1_67' title='bbox 745 1136 929 1216; x_wconf 84' lang='lat' dir='ltr'><strong>cepit,</strong></span> <span class='ocrx_word' id='word_1_68' title='bbox 965 1144 1024 1198; x_wconf 90' lang='lat' dir='ltr'><strong>et</strong></span> <span class='ocrx_word' id='word_1_69' title='bbox 1057 1136 1114 1196; x_wconf 91' lang='lat' dir='ltr'><strong>in</strong></span> <span class='ocrx_word' id='word_1_70' title='bbox 1149 1154 1315 1196; x_wconf 88' lang='lat' dir='ltr'><strong>suam</strong></span> <span class='ocrx_word' id='word_1_71' title='bbox 1351 1134 1580 1214; x_wconf 76' lang='lat' dir='ltr'><strong>redegit</strong></span> <span class='ocrx_word' id='word_1_72' title='bbox 1613 1142 2072 1216; x_wconf 84' lang='lat' dir='ltr'><strong>potestatem,ut</strong></span> 
     </span>
    </p>
   </div>
   <div class='ocr_carea' id='block_1_13' title="bbox 417 1223 2066 1297">
    <p class='ocr_par' dir='ltr' id='par_1_13' title="bbox 417 1223 2066 1297">
     <span class='ocr_line' id='line_1_13' title="bbox 417 1223 2066 1297; baseline -0.005 -5"><span class='ocrx_word' id='word_1_73' title='bbox 417 1248 538 1292; x_wconf 87' lang='lat' dir='ltr'><strong>non</strong></span> <span class='ocrx_word' id='word_1_74' title='bbox 569 1228 762 1290; x_wconf 89' lang='lat' dir='ltr'><strong>solum</strong></span> <span class='ocrx_word' id='word_1_75' title='bbox 794 1225 1196 1288; x_wconf 89' lang='lat' dir='ltr'><strong>abstinuerint</strong></span> <span class='ocrx_word' id='word_1_76' title='bbox 1225 1244 1258 1287; x_wconf 78' lang='grc' dir='ltr'><strong>ιι</strong></span> <span class='ocrx_word' id='word_1_77' title='bbox 1289 1243 1396 1287; x_wconf 88' lang='lat' dir='ltr'><strong>sua</strong></span> <span class='ocrx_word' id='word_1_78' title='bbox 1430 1229 1486 1287; x_wconf 88' lang='lat' dir='ltr'><strong>in</strong></span> <span class='ocrx_word' id='word_1_79' title='bbox 1519 1243 1653 1287; x_wconf 90' lang='lat' dir='ltr'><strong>eum</strong></span> <span class='ocrx_word' id='word_1_80' title='bbox 1679 1223 1936 1297; x_wconf 87' lang='lat' dir='ltr'><strong>insania,</strong></span> <span class='ocrx_word' id='word_1_81' title='bbox 1962 1223 2066 1284; x_wconf 86' lang='lat' dir='ltr'><strong>sed</strong></span> 
     </span>
    </p>
   </div>
   <div class='ocr_carea' id='block_1_14' title="bbox 418 1314 2069 1396">
    <p class='ocr_par' dir='ltr' id='par_1_14' title="bbox 418 1314 2069 1396">
     <span class='ocr_line' id='line_1_14' title="bbox 418 1314 2069 1396; baseline -0.004 -16"><span class='ocrx_word' id='word_1_82' title='bbox 418 1325 596 1380; x_wconf 84' lang='lat' dir='ltr'><strong>etiam</strong></span> <span class='ocrx_word' id='word_1_83' title='bbox 621 1333 828 1379; x_wconf 90' lang='lat' dir='ltr'><strong>eorum</strong></span> <span class='ocrx_word' id='word_1_84' title='bbox 864 1325 1098 1377; x_wconf 88' lang='lat' dir='ltr'><strong>mentes</strong></span> <span class='ocrx_word' id='word_1_85' title='bbox 1126 1315 1200 1376; x_wconf 90' lang='lat' dir='ltr'><strong>ad</strong></span> <span class='ocrx_word' id='word_1_86' title='bbox 1237 1315 1320 1389; x_wconf 88' lang='lat' dir='ltr'><strong>id,</strong></span> <span class='ocrx_word' id='word_1_87' title='bbox 1346 1315 1505 1396; x_wconf 87' lang='lat' dir='ltr'><strong>quod</strong></span> <span class='ocrx_word' id='word_1_88' title='bbox 1539 1322 1631 1376; x_wconf 89' lang='lat' dir='ltr'><strong>est</strong></span> <span class='ocrx_word' id='word_1_89' title='bbox 1654 1314 1895 1388; x_wconf 89' lang='lat' dir='ltr'><strong>melius,</strong></span> <span class='ocrx_word' id='word_1_90' title='bbox 1931 1332 2069 1374; x_wconf 78' lang='lat' dir='ltr'><strong>con-</strong></span> 
     </span>
    </p>
   </div>
   <div class='ocr_carea' id='block_1_15' title="bbox 416 1402 2068 1485">
    <p class='ocr_par' dir='ltr' id='par_1_15' title="bbox 416 1402 2068 1485">
     <span class='ocr_line' id='line_1_15' title="bbox 416 1402 2068 1485; baseline -0.002 -17"><span class='ocrx_word' id='word_1_91' title='bbox 416 1406 695 1482; x_wconf 88' lang='lat' dir='ltr'><strong>verterit,</strong></span> <span class='ocrx_word' id='word_1_92' title='bbox 728 1414 787 1466; x_wconf 89' lang='lat' dir='ltr'><strong>et</strong></span> <span class='ocrx_word' id='word_1_93' title='bbox 819 1404 892 1466; x_wconf 89' lang='lat' dir='ltr'><strong>iis</strong></span> <span class='ocrx_word' id='word_1_94' title='bbox 923 1404 1214 1478; x_wconf 76' lang='lat' dir='ltr'><strong>dimissis,</strong></span> <span class='ocrx_word' id='word_1_95' title='bbox 1261 1423 1394 1485; x_wconf 80' lang='lat' dir='ltr'><strong>qum</strong></span> <span class='ocrx_word' id='word_1_96' title='bbox 1427 1403 1592 1485; x_wconf 87' lang='lat' dir='ltr'><strong>prius</strong></span> <span class='ocrx_word' id='word_1_97' title='bbox 1642 1402 1731 1464; x_wconf 92' lang='lat' dir='ltr'><strong>eis</strong></span> <span class='ocrx_word' id='word_1_98' title='bbox 1781 1403 1903 1465; x_wconf 88' lang='lat' dir='ltr'><strong>visa</strong></span> <span class='ocrx_word' id='word_1_99' title='bbox 1933 1402 2068 1464; x_wconf 89' lang='lat' dir='ltr'><strong>fue-</strong></span> 
     </span>
    </p>
   </div>
   <div class='ocr_carea' id='block_1_16' title="bbox 418 1492 2070 1572">
    <p class='ocr_par' dir='ltr' id='par_1_16' title="bbox 418 1492 2070 1572">
     <span class='ocr_line' id='line_1_16' title="bbox 418 1492 2070 1572; baseline -0.004 -14"><span class='ocrx_word' id='word_1_100' title='bbox 418 1505 575 1569; x_wconf 85' lang='lat' dir='ltr'><strong>rant,</strong></span> <span class='ocrx_word' id='word_1_101' title='bbox 607 1494 949 1557; x_wconf 75' lang='lat' dir='ltr'><strong>orthodoxas</strong></span> <span class='ocrx_word' id='word_1_102' title='bbox 982 1492 1123 1556; x_wconf 78' lang='lat' dir='ltr'><strong>fidei</strong></span> <span class='ocrx_word' id='word_1_103' title='bbox 1157 1494 1376 1572; x_wconf 83' lang='lat' dir='ltr'><strong>dogma</strong></span> <span class='ocrx_word' id='word_1_104' title='bbox 1421 1492 1781 1563; x_wconf 87' lang='lat' dir='ltr'><strong>dedicerint,</strong></span> <span class='ocrx_word' id='word_1_105' title='bbox 1833 1500 1892 1552; x_wconf 92' lang='lat' dir='ltr'><strong>ut</strong></span> <span class='ocrx_word' id='word_1_106' title='bbox 1943 1492 2070 1572; x_wconf 88' lang='lat' dir='ltr'><strong>ipse</strong></span> 
     </span>
    </p>
   </div>
   <div class='ocr_carea' id='block_1_17' title="bbox 417 1582 2071 1667">
    <p class='ocr_par' dir='ltr' id='par_1_17' title="bbox 417 1582 2071 1667">
     <span class='ocr_line' id='line_1_17' title="bbox 417 1582 2071 1667; baseline -0.005 -17"><span class='ocrx_word' id='word_1_107' title='bbox 417 1583 778 1667; x_wconf 81' lang='lat' dir='ltr'><strong>exponebat.</strong></span> <span class='ocrx_word' id='word_1_108' title='bbox 817 1583 915 1645; x_wconf 94' lang='lat' dir='ltr'><strong>Sic</strong></span> <span class='ocrx_word' id='word_1_109' title='bbox 938 1582 1461 1663; x_wconf 80' lang='lat' dir='ltr'><strong>frequentissimus</strong></span> <span class='ocrx_word' id='word_1_110' title='bbox 1481 1582 1582 1644; x_wconf 88' lang='lat' dir='ltr'><strong>ille</strong></span> <span class='ocrx_word' id='word_1_111' title='bbox 1602 1582 1854 1662; x_wconf 90' lang='lat' dir='ltr'><strong>populus</strong></span> <span class='ocrx_word' id='word_1_112' title='bbox 1881 1583 2071 1642; x_wconf 84' lang='lat' dir='ltr'><strong>victus</strong></span> 
     </span>
    </p>
   </div>
   <div class='ocr_carea' id='block_1_18' title="bbox 417 1669 2073 1751">
    <p class='ocr_par' dir='ltr' id='par_1_18' title="bbox 417 1669 2073 1751">
     <span class='ocr_line' id='line_1_18' title="bbox 417 1669 2073 1751; baseline -0.005 -12"><span class='ocrx_word' id='word_1_113' title='bbox 417 1676 528 1739; x_wconf 89' lang='lat' dir='ltr'><strong>fuit</strong></span> <span class='ocrx_word' id='word_1_114' title='bbox 559 1674 634 1736; x_wconf 90' lang='lat' dir='ltr'><strong>ab</strong></span> <span class='ocrx_word' id='word_1_115' title='bbox 665 1676 842 1735; x_wconf 92' lang='lat' dir='ltr'><strong>unius</strong></span> <span class='ocrx_word' id='word_1_116' title='bbox 866 1673 1044 1751; x_wconf 86' lang='lat' dir='ltr'><strong>hujus</strong></span> <span class='ocrx_word' id='word_1_117' title='bbox 1065 1673 1375 1746; x_wconf 89' lang='lat' dir='ltr'><strong>virtute,et</strong></span> <span class='ocrx_word' id='word_1_118' title='bbox 1400 1680 1534 1734; x_wconf 63' lang='lat' dir='ltr'><strong>tota;</strong></span> <span class='ocrx_word' id='word_1_119' title='bbox 1555 1671 1822 1732; x_wconf 86' lang='lat' dir='ltr'><strong>civitates</strong></span> <span class='ocrx_word' id='word_1_120' title='bbox 1849 1669 2073 1750; x_wconf 88' lang='lat' dir='ltr'><strong>depen-</strong></span> 
     </span>
    </p>
   </div>
   <div class='ocr_carea' id='block_1_19' title="bbox 417 1760 2064 1841">
    <p class='ocr_par' dir='ltr' id='par_1_19' title="bbox 417 1760 2064 1841">
     <span class='ocr_line' id='line_1_19' title="bbox 417 1760 2064 1841; baseline -0.005 -12"><span class='ocrx_word' id='word_1_121' title='bbox 417 1764 640 1829; x_wconf 84' lang='lat' dir='ltr'><strong>debant</strong></span> <span class='ocrx_word' id='word_1_122' title='bbox 667 1762 741 1824; x_wconf 80' lang='lat' dir='ltr'><strong>ab</strong></span> <span class='ocrx_word' id='word_1_123' title='bbox 762 1779 880 1824; x_wconf 87' lang='lat' dir='ltr'><strong>una</strong></span> <span class='ocrx_word' id='word_1_124' title='bbox 913 1761 1073 1823; x_wconf 88' lang='lat' dir='ltr'><strong>illius</strong></span> <span class='ocrx_word' id='word_1_125' title='bbox 1102 1765 1420 1841; x_wconf 84' lang='lat' dir='ltr'><strong>sententia,</strong></span> <span class='ocrx_word' id='word_1_126' title='bbox 1445 1761 1519 1822; x_wconf 89' lang='lat' dir='ltr'><strong>iis</strong></span> <span class='ocrx_word' id='word_1_127' title='bbox 1545 1778 1676 1841; x_wconf 64' lang='lat' dir='ltr'><strong>qua:</strong></span> <span class='ocrx_word' id='word_1_128' title='bbox 1706 1760 1879 1839; x_wconf 84' lang='lat' dir='ltr'><strong>longo</strong></span> <span class='ocrx_word' id='word_1_129' title='bbox 1911 1772 2064 1820; x_wconf 83' lang='lat' dir='ltr'><strong>tem-</strong></span> 
     </span>
    </p>
   </div>
   <div class='ocr_carea' id='block_1_20' title="bbox 2152 590 3802 673">
    <p class='ocr_par' dir='ltr' id='par_1_20' title="bbox 2152 590 3802 673">
     <span class='ocr_line' id='line_1_20' title="bbox 2152 590 3802 673; baseline 0.002 -23"><span class='ocrx_word' id='word_1_130' title='bbox 2152 597 2297 656; x_wconf 78' lang='grc' dir='ltr'>θεῖος</span> <span class='ocrx_word' id='word_1_131' title='bbox 2356 590 2610 660; x_wconf 76' lang='grc' dir='ltr'>Μεθόδιος</span> <span class='ocrx_word' id='word_1_132' title='bbox 2669 595 2744 660; x_wconf 78' lang='grc' dir='ltr'><strong>είς</strong></span> <span class='ocrx_word' id='word_1_133' title='bbox 2800 595 2900 662; x_wconf 74' lang='grc' dir='ltr'>τὴν</span> <span class='ocrx_word' id='word_1_134' title='bbox 2947 593 3135 654; x_wconf 66' lang='grc' dir='ltr'>δαυτοῦ</span> <span class='ocrx_word' id='word_1_135' title='bbox 3189 594 3414 671; x_wconf 65' lang='grc' dir='ltr'>μνήμην</span> <span class='ocrx_word' id='word_1_136' title='bbox 3467 595 3802 673; x_wconf 76' lang='grc' dir='ltr'>ἀνελάμϐανε</span> 
     </span>
    </p>
   </div>
   <div class='ocr_carea' id='block_1_21' title="bbox 2151 683 3805 766">
    <p class='ocr_par' dir='ltr' id='par_1_21' title="bbox 2151 683 3805 766">
     <span class='ocr_line' id='line_1_21' title="bbox 2151 683 3805 766; baseline 0.004 -26"><span class='ocrx_word' id='word_1_137' title='bbox 2151 683 2218 740; x_wconf 80' lang='grc' dir='ltr'><strong>τὰ</strong></span> <span class='ocrx_word' id='word_1_138' title='bbox 2267 700 2634 762; x_wconf 84' lang='grc' dir='ltr'>γεγραμμενα’</span> <span class='ocrx_word' id='word_1_139' title='bbox 2699 685 2764 740; x_wconf 86' lang='grc' dir='ltr'><strong>τά</strong></span> <span class='ocrx_word' id='word_1_140' title='bbox 2823 705 2886 762; x_wconf 91' lang='grc' dir='ltr'><strong>γε</strong></span> <span class='ocrx_word' id='word_1_141' title='bbox 2943 685 3054 759; x_wconf 76' lang='grc' dir='ltr'>μὴν</span> <span class='ocrx_word' id='word_1_142' title='bbox 3095 687 3346 765; x_wconf 80' lang='grc' dir='ltr'>μοχθηρὰ</span> <span class='ocrx_word' id='word_1_143' title='bbox 3387 687 3657 766; x_wconf 78' lang='grc' dir='ltr'><strong>ἀνθρώπια</strong></span> <span class='ocrx_word' id='word_1_144' title='bbox 3703 688 3805 766; x_wconf 73' lang='grc' dir='ltr'><strong>γί-</strong></span> 
     </span>
    </p>
   </div>
   <div class='ocr_carea' id='block_1_22' title="bbox 2151 770 3806 851">
    <p class='ocr_par' dir='ltr' id='par_1_22' title="bbox 2151 770 3806 851">
     <span class='ocr_line' id='line_1_22' title="bbox 2151 770 3806 851; baseline 0.005 -24"><span class='ocrx_word' id='word_1_145' title='bbox 2151 770 2298 828; x_wconf 78' lang='grc' dir='ltr'>Αωτά</span> <span class='ocrx_word' id='word_1_146' title='bbox 2353 795 2410 829; x_wconf 92' lang='grc' dir='ltr'><strong>τε</strong></span> <span class='ocrx_word' id='word_1_147' title='bbox 2440 773 2528 830; x_wconf 85' lang='grc' dir='ltr'><strong>καὶ</strong></span> <span class='ocrx_word' id='word_1_148' title='bbox 2585 771 2797 830; x_wconf 80' lang='grc' dir='ltr'>παιδιὰν</span> <span class='ocrx_word' id='word_1_149' title='bbox 2839 775 2901 830; x_wconf 82' lang='grc' dir='ltr'>τὸ</span> <span class='ocrx_word' id='word_1_150' title='bbox 2947 779 3170 851; x_wconf 83' lang='grc' dir='ltr'>πρᾶγμα</span> <span class='ocrx_word' id='word_1_151' title='bbox 3226 774 3446 848; x_wconf 69' lang='grc' dir='ltr'>ἐτίθουν,</span> <span class='ocrx_word' id='word_1_152' title='bbox 3479 779 3569 835; x_wconf 81' lang='grc' dir='ltr'>καὶ</span> <span class='ocrx_word' id='word_1_153' title='bbox 3623 783 3806 841; x_wconf 80' lang='grc' dir='ltr'>κακῶς</span> 
     </span>
    </p>
   </div>
   <div class='ocr_carea' id='block_1_23' title="bbox 2151 860 3804 942">
    <p class='ocr_par' dir='ltr' id='par_1_23' title="bbox 2151 860 3804 942">
     <span class='ocr_line' id='line_1_23' title="bbox 2151 860 3804 942; baseline 0.004 -24"><span class='ocrx_word' id='word_1_154' title='bbox 2151 863 2180 918; x_wconf 85' lang='lat'><strong>6</strong></span> <span class='ocrx_word' id='word_1_155' title='bbox 2238 860 2400 926; x_wconf 78' lang='grc' dir='ltr'>καλὸς</span> <span class='ocrx_word' id='word_1_156' title='bbox 2465 862 2788 924; x_wconf 74' lang='grc' dir='ltr'>ἰωαννίκιος</span> <span class='ocrx_word' id='word_1_157' title='bbox 2844 861 2970 942; x_wconf 85' lang='grc' dir='ltr'>παρ’</span> <span class='ocrx_word' id='word_1_158' title='bbox 3039 867 3212 922; x_wconf 76' lang='grc' dir='ltr'>αὐτῶν</span> <span class='ocrx_word' id='word_1_159' title='bbox 3280 864 3526 933; x_wconf 78' lang='grc' dir='ltr'>ἤκουσεν.</span> <span class='ocrx_word' id='word_1_160' title='bbox 3614 867 3676 927; x_wconf 83' lang='grc' dir='ltr'>Ὀ</span> <span class='ocrx_word' id='word_1_161' title='bbox 3749 867 3804 924; x_wconf 66' lang='grc' dir='ltr'>δὲ</span> 
     </span>
    </p>
   </div>
   <div class='ocr_carea' id='block_1_24' title="bbox 2155 947 3804 1030">
    <p class='ocr_par' dir='ltr' id='par_1_24' title="bbox 2155 947 3804 1030">
     <span class='ocr_line' id='line_1_24' title="bbox 2155 947 3804 1030; baseline 0.005 -26"><span class='ocrx_word' id='word_1_162' title='bbox 2155 951 2309 1028; x_wconf 83' lang='grc' dir='ltr'>γνοὺς</span> <span class='ocrx_word' id='word_1_163' title='bbox 2361 953 2432 1016; x_wconf 87' lang='grc' dir='ltr'>ὡς</span> <span class='ocrx_word' id='word_1_164' title='bbox 2479 947 2877 1008; x_wconf 76' lang='grc' dir='ltr'>ἐνδιαϐάλλοιτυ</span> <span class='ocrx_word' id='word_1_165' title='bbox 2926 952 3052 1030; x_wconf 87' lang='grc' dir='ltr'>παρ’</span> <span class='ocrx_word' id='word_1_166' title='bbox 3108 956 3303 1029; x_wconf 77' lang='grc' dir='ltr'>αὐτῶν,</span> <span class='ocrx_word' id='word_1_167' title='bbox 3336 957 3410 1019; x_wconf 75' lang='grc' dir='ltr'>εἰς</span> <span class='ocrx_word' id='word_1_168' title='bbox 3461 955 3695 1027; x_wconf 69' lang='grc' dir='ltr'>ἐπήκοον</span> <span class='ocrx_word' id='word_1_169' title='bbox 3741 958 3804 1013; x_wconf 77' lang='grc' dir='ltr'><strong>ἆ·</strong></span> 
     </span>
    </p>
   </div>
   <div class='ocr_carea' id='block_1_25' title="bbox 2155 1039 3805 1124">
    <p class='ocr_par' dir='ltr' id='par_1_25' title="bbox 2155 1039 3805 1124">
     <span class='ocr_line' id='line_1_25' title="bbox 2155 1039 3805 1124; baseline 0.004 -29"><span class='ocrx_word' id='word_1_170' title='bbox 2155 1039 2368 1096; x_wconf 77' lang='grc' dir='ltr'>πάντων</span> <span class='ocrx_word' id='word_1_171' title='bbox 2443 1042 2571 1104; x_wconf 82' lang='grc' dir='ltr'>στὰς</span> <span class='ocrx_word' id='word_1_172' title='bbox 2601 1088 2616 1114; x_wconf 89' lang='grc'><strong>,</strong></span> <span class='ocrx_word' id='word_1_173' title='bbox 2695 1039 2968 1106; x_wconf 83' lang='grc' dir='ltr'>διεξελθὼν</span> <span class='ocrx_word' id='word_1_174' title='bbox 3040 1043 3179 1100; x_wconf 76' lang='grc' dir='ltr'>οὕτω</span> <span class='ocrx_word' id='word_1_175' title='bbox 3262 1045 3528 1124; x_wconf 76' lang='grc' dir='ltr'>κατάκρας</span> <span class='ocrx_word' id='word_1_176' title='bbox 3614 1047 3805 1109; x_wconf 71' lang='grc' dir='ltr'>αὐτοὺς</span> 
     </span>
    </p>
   </div>
   <div class='ocr_carea' id='block_1_26' title="bbox 2154 1129 3807 1208">
    <p class='ocr_par' dir='ltr' id='par_1_26' title="bbox 2154 1129 3807 1208">
     <span class='ocr_line' id='line_1_26' title="bbox 2154 1129 3807 1208; baseline 0.004 -25"><span class='ocrx_word' id='word_1_177' title='bbox 2154 1129 2272 1185; x_wconf 85' lang='grc' dir='ltr'>εἶλε</span> <span class='ocrx_word' id='word_1_178' title='bbox 2327 1130 2415 1185; x_wconf 81' lang='grc' dir='ltr'>καὶ</span> <span class='ocrx_word' id='word_1_179' title='bbox 2445 1131 2839 1204; x_wconf 73' lang='grc' dir='ltr'><strong>παρεστήσατο,</strong></span> <span class='ocrx_word' id='word_1_180' title='bbox 2869 1131 2944 1195; x_wconf 84' lang='grc' dir='ltr'>ὡς</span> <span class='ocrx_word' id='word_1_181' title='bbox 2993 1133 3072 1207; x_wconf 73' lang='grc' dir='ltr'>μὴ</span> <span class='ocrx_word' id='word_1_182' title='bbox 3127 1132 3291 1208; x_wconf 79' lang='grc' dir='ltr'>μόνον</span> <span class='ocrx_word' id='word_1_183' title='bbox 3347 1136 3449 1197; x_wconf 72' lang='grc' dir='ltr'><strong>τῆς</strong></span> <span class='ocrx_word' id='word_1_184' title='bbox 3494 1130 3614 1190; x_wconf 85' lang='grc' dir='ltr'>κατ’</span> <span class='ocrx_word' id='word_1_185' title='bbox 3645 1133 3807 1191; x_wconf 74' lang='grc' dir='ltr'><strong>αὒτοῦ</strong></span> 
     </span>
    </p>
   </div>
   <div class='ocr_carea' id='block_1_27' title="bbox 2153 1218 3803 1299">
    <p class='ocr_par' dir='ltr' id='par_1_27' title="bbox 2153 1218 3803 1299">
     <span class='ocr_line' id='line_1_27' title="bbox 2153 1218 3803 1299; baseline 0.004 -25"><span class='ocrx_word' id='word_1_186' title='bbox 2153 1220 2342 1293; x_wconf 85' lang='grc' dir='ltr'>μανίας</span> <span class='ocrx_word' id='word_1_187' title='bbox 2398 1218 2754 1298; x_wconf 69' lang='grc' dir='ltr'><strong>ἀποσχέσθαι,</strong></span> <span class='ocrx_word' id='word_1_188' title='bbox 2802 1219 2940 1276; x_wconf 82' lang='grc' dir='ltr'>ἀλλὰ</span> <span class='ocrx_word' id='word_1_189' title='bbox 2995 1223 3083 1278; x_wconf 80' lang='grc' dir='ltr'><strong>καὶ</strong></span> <span class='ocrx_word' id='word_1_190' title='bbox 3140 1222 3272 1299; x_wconf 79' lang='grc' dir='ltr'>πρὸς</span> <span class='ocrx_word' id='word_1_191' title='bbox 3327 1223 3391 1278; x_wconf 83' lang='lat'><strong>16</strong></span> <span class='ocrx_word' id='word_1_192' title='bbox 3439 1221 3650 1299; x_wconf 81' lang='grc' dir='ltr'>βέλτιον</span> <span class='ocrx_word' id='word_1_193' title='bbox 3706 1225 3803 1288; x_wconf 76' lang='grc' dir='ltr'><strong>τὰς</strong></span> 
     </span>
    </p>
   </div>
   <div class='ocr_carea' id='block_1_28' title="bbox 2153 1307 3802 1393">
    <p class='ocr_par' dir='ltr' id='par_1_28' title="bbox 2153 1307 3802 1393">
     <span class='ocr_line' id='line_1_28' title="bbox 2153 1307 3802 1393; baseline 0.005 -31"><span class='ocrx_word' id='word_1_194' title='bbox 2153 1309 2354 1386; x_wconf 83' lang='grc' dir='ltr'>γνόμας</span> <span class='ocrx_word' id='word_1_195' title='bbox 2415 1307 2760 1384; x_wconf 79' lang='grc' dir='ltr'>μεταϐαλεῖν,</span> <span class='ocrx_word' id='word_1_196' title='bbox 2822 1310 2920 1366; x_wconf 69' lang='grc' dir='ltr'>καὶ</span> <span class='ocrx_word' id='word_1_197' title='bbox 2977 1317 3085 1369; x_wconf 82' lang='grc' dir='ltr'><strong>τῶν</strong></span> <span class='ocrx_word' id='word_1_198' title='bbox 3149 1309 3606 1391; x_wconf 82' lang='grc' dir='ltr'>περιδεδογμένων</span> <span class='ocrx_word' id='word_1_199' title='bbox 3660 1313 3802 1393; x_wconf 65' lang='grc' dir='ltr'>ἀφε-</span> 
     </span>
    </p>
   </div>
   <div class='ocr_carea' id='block_1_29' title="bbox 2153 1397 3806 1480">
    <p class='ocr_par' dir='ltr' id='par_1_29' title="bbox 2153 1397 3806 1480">
     <span class='ocr_line' id='line_1_29' title="bbox 2153 1397 3806 1480; baseline 0.003 -26"><span class='ocrx_word' id='word_1_200' title='bbox 2153 1398 2344 1474; x_wconf 68' lang='grc' dir='ltr'>μένους</span> <span class='ocrx_word' id='word_1_201' title='bbox 2400 1402 2463 1454; x_wconf 81' lang='grc' dir='ltr'>τὸ</span> <span class='ocrx_word' id='word_1_202' title='bbox 2518 1399 2616 1466; x_wconf 78' lang='grc' dir='ltr'>τῆς</span> <span class='ocrx_word' id='word_1_203' title='bbox 2673 1397 2945 1476; x_wconf 76' lang='grc' dir='ltr'>ὁρθοδόξου</span> <span class='ocrx_word' id='word_1_204' title='bbox 2997 1401 3226 1464; x_wconf 87' lang='grc' dir='ltr'>πίστεως</span> <span class='ocrx_word' id='word_1_205' title='bbox 3283 1400 3457 1480; x_wconf 97' lang='grc' dir='ltr'>δόγμα</span> <span class='ocrx_word' id='word_1_206' title='bbox 3517 1405 3591 1466; x_wconf 84' lang='grc' dir='ltr'>ὡς</span> <span class='ocrx_word' id='word_1_207' title='bbox 3651 1402 3806 1467; x_wconf 77' lang='grc' dir='ltr'>οὗτός</span> 
     </span>
    </p>
   </div>
   <div class='ocr_carea' id='block_1_30' title="bbox 2155 1489 3806 1570">
    <p class='ocr_par' dir='ltr' id='par_1_30' title="bbox 2155 1489 3806 1570">
     <span class='ocr_line' id='line_1_30' title="bbox 2155 1489 3806 1570; baseline 0.005 -28"><span class='ocrx_word' id='word_1_208' title='bbox 2155 1509 2215 1566; x_wconf 88' lang='grc' dir='ltr'><strong>γε</strong></span> <span class='ocrx_word' id='word_1_209' title='bbox 2271 1490 2544 1566; x_wconf 79' lang='grc' dir='ltr'>εἰσηγεῖτο</span> <span class='ocrx_word' id='word_1_210' title='bbox 2569 1536 2586 1562; x_wconf 89' lang='grc'><strong>,</strong></span> <span class='ocrx_word' id='word_1_211' title='bbox 2648 1493 3003 1564; x_wconf 72' lang='grc' dir='ltr'>μεταμαθεῖν.</span> <span class='ocrx_word' id='word_1_212' title='bbox 3068 1489 3246 1556; x_wconf 76' lang='grc' dir='ltr'>Οὸτως</span> <span class='ocrx_word' id='word_1_213' title='bbox 3302 1493 3330 1548; x_wconf 86' lang='lat'><strong>6</strong></span> <span class='ocrx_word' id='word_1_214' title='bbox 3401 1492 3806 1570; x_wconf 81' lang='grc' dir='ltr'>μυριάνθρωπος</span> 
     </span>
    </p>
   </div>
   <div class='ocr_carea' id='block_1_31' title="bbox 2153 1576 3809 1660">
    <p class='ocr_par' dir='ltr' id='par_1_31' title="bbox 2153 1576 3809 1660">
     <span class='ocr_line' id='line_1_31' title="bbox 2153 1576 3809 1660; baseline 0.002 -26"><span class='ocrx_word' id='word_1_215' title='bbox 2153 1577 2323 1651; x_wconf 81' lang='grc' dir='ltr'>ὂῆμος</span> <span class='ocrx_word' id='word_1_216' title='bbox 2375 1576 2611 1654; x_wconf 77' lang='grc' dir='ltr'>ἐκεῖνος,</span> <span class='ocrx_word' id='word_1_217' title='bbox 2657 1581 2756 1645; x_wconf 78' lang='grc' dir='ltr'>τῆς</span> <span class='ocrx_word' id='word_1_218' title='bbox 2805 1581 2923 1645; x_wconf 77' lang='grc' dir='ltr'>ἐνὸς</span> <span class='ocrx_word' id='word_1_219' title='bbox 2971 1581 3158 1638; x_wconf 80' lang='grc' dir='ltr'>τούτου</span> <span class='ocrx_word' id='word_1_220' title='bbox 3219 1580 3411 1660; x_wconf 82' lang='grc' dir='ltr'>ἀρετῆς</span> <span class='ocrx_word' id='word_1_221' title='bbox 3463 1583 3682 1653; x_wconf 79' lang='grc' dir='ltr'>ἡττᾶτο,</span> <span class='ocrx_word' id='word_1_222' title='bbox 3716 1585 3809 1638; x_wconf 76' lang='grc' dir='ltr'>καὶ</span> 
     </span>
    </p>
   </div>
   <div class='ocr_carea' id='block_1_32' title="bbox 2153 1665 3808 1749">
    <p class='ocr_par' dir='ltr' id='par_1_32' title="bbox 2153 1665 3808 1749">
     <span class='ocr_line' id='line_1_32' title="bbox 2153 1665 3808 1749; baseline 0.004 -27"><span class='ocrx_word' id='word_1_223' title='bbox 2153 1665 2339 1729; x_wconf 85' lang='grc' dir='ltr'>πόλεις</span> <span class='ocrx_word' id='word_1_224' title='bbox 2397 1666 2517 1724; x_wconf 80' lang='grc' dir='ltr'>ὅλαι</span> <span class='ocrx_word' id='word_1_225' title='bbox 2561 1674 2687 1743; x_wconf 82' lang='grc' dir='ltr'>μιᾶς</span> <span class='ocrx_word' id='word_1_226' title='bbox 2743 1673 2843 1736; x_wconf 78' lang='grc' dir='ltr'><strong>τῆς</strong></span> <span class='ocrx_word' id='word_1_227' title='bbox 2887 1669 3088 1726; x_wconf 72' lang='grc' dir='ltr'>ἑκείνου</span> <span class='ocrx_word' id='word_1_228' title='bbox 3127 1670 3350 1747; x_wconf 79' lang='grc' dir='ltr'><strong>γνώμης</strong></span> <span class='ocrx_word' id='word_1_229' title='bbox 3395 1669 3707 1749; x_wconf 71' lang='grc' dir='ltr'>ἐξήρτηντο,</span> <span class='ocrx_word' id='word_1_230' title='bbox 3739 1673 3808 1728; x_wconf 79' lang='grc' dir='ltr'><strong>τὰ</strong></span> 
     </span>
    </p>
   </div>
   <div class='ocr_carea' id='block_1_33' title="bbox 2155 1755 3810 1841">
    <p class='ocr_par' dir='ltr' id='par_1_33' title="bbox 2155 1755 3810 1841">
     <span class='ocr_line' id='line_1_33' title="bbox 2155 1755 3810 1841; baseline 0.005 -30"><span class='ocrx_word' id='word_1_231' title='bbox 2155 1755 2215 1811; x_wconf 80' lang='grc' dir='ltr'>ἐκ</span> <span class='ocrx_word' id='word_1_232' title='bbox 2264 1764 2468 1830; x_wconf 82' lang='grc' dir='ltr'>μακροῦ</span> <span class='ocrx_word' id='word_1_233' title='bbox 2497 1767 2588 1816; x_wconf 82' lang='grc' dir='ltr'>τοῦ</span> <span class='ocrx_word' id='word_1_234' title='bbox 2645 1758 2846 1838; x_wconf 76' lang='grc' dir='ltr'>χρόνου</span> <span class='ocrx_word' id='word_1_235' title='bbox 2895 1757 3279 1836; x_wconf 74' lang='grc' dir='ltr'><strong>μελετηθέντα,</strong></span> <span class='ocrx_word' id='word_1_236' title='bbox 3309 1763 3366 1817; x_wconf 60' lang='grc' dir='ltr'>ἓν</span> <span class='ocrx_word' id='word_1_237' title='bbox 3420 1761 3624 1841; x_wconf 75' lang='grc' dir='ltr'>βραχεῖ</span> <span class='ocrx_word' id='word_1_238' title='bbox 3664 1762 3810 1820; x_wconf 83' lang='grc' dir='ltr'>ἀπο-</span> 
     </span>
    </p>
   </div>
   <div class='ocr_carea' id='block_1_34' title="bbox 417 1844 2063 1937">
    <p class='ocr_par' dir='ltr' id='par_1_34' title="bbox 417 1848 2063 1937">
     <span class='ocr_line' id='line_1_34' title="bbox 417 1848 2063 1937; baseline -0.004 -21"><span class='ocrx_word' id='word_1_239' title='bbox 417 1871 564 1937; x_wconf 84' lang='lat' dir='ltr'><strong>pore</strong></span> <span class='ocrx_word' id='word_1_240' title='bbox 594 1851 870 1915; x_wconf 87' lang='lat' dir='ltr'><strong>meditata</strong></span> <span class='ocrx_word' id='word_1_241' title='bbox 891 1851 1150 1926; x_wconf 87' lang='lat' dir='ltr'><strong>fuerant,</strong></span> <span class='ocrx_word' id='word_1_242' title='bbox 1189 1850 1349 1912; x_wconf 86' lang='lat' dir='ltr'><strong>brevi</strong></span> <span class='ocrx_word' id='word_1_243' title='bbox 1383 1849 1696 1930; x_wconf 83' lang='lat' dir='ltr'><strong>depositis.</strong></span> <span class='ocrx_word' id='word_1_244' title='bbox 1729 1848 1792 1910; x_wconf 85' lang='lat' dir='ltr'><strong>Ei</strong></span> <span class='ocrx_word' id='word_1_245' title='bbox 1825 1849 2063 1928; x_wconf 87' lang='lat' dir='ltr'><strong>quidem</strong></span> 
     </span>
    </p>
   </div>
   <div class='ocr_carea' id='block_1_35' title="bbox 2151 1844 3810 1937">
    <p class='ocr_par' dir='ltr' id='par_1_35' title="bbox 2151 1844 3810 1927">
     <span class='ocr_line' id='line_1_35' title="bbox 2151 1844 3810 1927; baseline 0.002 -25"><span class='ocrx_word' id='word_1_246' title='bbox 2151 1844 2439 1918; x_wconf 83' lang='grc' dir='ltr'>τιθέμενοι.</span> <span class='ocrx_word' id='word_1_247' title='bbox 2504 1847 2683 1920; x_wconf 83' lang='grc' dir='ltr'>Τούτῳ</span> <span class='ocrx_word' id='word_1_248' title='bbox 2739 1850 2840 1923; x_wconf 78' lang='grc' dir='ltr'>μὲν</span> <span class='ocrx_word' id='word_1_249' title='bbox 2900 1845 2966 1915; x_wconf 78' lang='grc' dir='ltr'>δὴ</span> <span class='ocrx_word' id='word_1_250' title='bbox 3016 1848 3154 1906; x_wconf 76' lang='grc' dir='ltr'>οὕτω</span> <span class='ocrx_word' id='word_1_251' title='bbox 3207 1855 3306 1916; x_wconf 79' lang='grc' dir='ltr'>τῆς</span> <span class='ocrx_word' id='word_1_252' title='bbox 3337 1855 3528 1917; x_wconf 83' lang='grc' dir='ltr'>κοινῆς</span> <span class='ocrx_word' id='word_1_253' title='bbox 3587 1849 3810 1927; x_wconf 78' lang='grc' dir='ltr'>ἔμελλεν</span> 
     </span>
    </p>
   </div>
   <div class='ocr_carea' id='block_1_36' title="bbox 416 1938 2071 2021">
    <p class='ocr_par' dir='ltr' id='par_1_36' title="bbox 416 1938 2071 2021">
     <span class='ocr_line' id='line_1_36' title="bbox 416 1938 2071 2021; baseline -0.004 -13"><span class='ocrx_word' id='word_1_254' title='bbox 416 1946 504 2008; x_wconf 89' lang='lat' dir='ltr'><strong>sic</strong></span> <span class='ocrx_word' id='word_1_255' title='bbox 534 1961 692 2006; x_wconf 61' lang='lat' dir='ltr'><strong>cura</strong></span> <span class='ocrx_word' id='word_1_256' title='bbox 721 1941 835 2004; x_wconf 89' lang='lat' dir='ltr'><strong>fuit</strong></span> <span class='ocrx_word' id='word_1_257' title='bbox 863 1941 1207 2003; x_wconf 90' lang='lat' dir='ltr'><strong>communis</strong></span> <span class='ocrx_word' id='word_1_258' title='bbox 1234 1941 1489 2021; x_wconf 85' lang='lat' dir='ltr'><strong>utilitas,</strong></span> <span class='ocrx_word' id='word_1_259' title='bbox 1523 1947 1581 2001; x_wconf 90' lang='lat' dir='ltr'><strong>et</strong></span> <span class='ocrx_word' id='word_1_260' title='bbox 1624 1938 1710 2002; x_wconf 88' lang='lat' dir='ltr'><strong>sic</strong></span> <span class='ocrx_word' id='word_1_261' title='bbox 1739 1938 1950 2002; x_wconf 81' lang='lat' dir='ltr'><strong>fratres</strong></span> <span class='ocrx_word' id='word_1_262' title='bbox 1982 1948 2071 2002; x_wconf 92' lang='lat' dir='ltr'><strong>est</strong></span> 
     </span>
    </p>
   </div>
   <div class='ocr_carea' id='block_1_37' title="bbox 415 2034 785 2114">
    <p class='ocr_par' dir='ltr' id='par_1_37' title="bbox 415 2034 785 2114">
     <span class='ocr_line' id='line_1_37' title="bbox 415 2034 785 2114; baseline -0.003 -17"><span class='ocrx_word' id='word_1_263' title='bbox 415 2034 785 2114; x_wconf 84' lang='lat' dir='ltr'><strong>complexus.</strong></span> 
     </span>
    </p>
   </div>
   <div class='ocr_carea' id='block_1_38' title="bbox 492 2118 2070 2200">
    <p class='ocr_par' dir='ltr' id='par_1_38' title="bbox 492 2118 2070 2200">
     <span class='ocr_line' id='line_1_38' title="bbox 492 2118 2070 2200; baseline -0.004 -14"><span class='ocrx_word' id='word_1_264' title='bbox 492 2122 643 2187; x_wconf 85' lang='lat' dir='ltr'>LIII.</span> <span class='ocrx_word' id='word_1_265' title='bbox 665 2121 810 2185; x_wconf 90' lang='lat' dir='ltr'><strong>Cum</strong></span> <span class='ocrx_word' id='word_1_266' title='bbox 828 2128 1026 2184; x_wconf 86' lang='lat' dir='ltr'><strong>autem</strong></span> <span class='ocrx_word' id='word_1_267' title='bbox 1050 2119 1448 2183; x_wconf 76' lang='lat' dir='ltr'><strong>oratoriarum</strong></span> <span class='ocrx_word' id='word_1_268' title='bbox 1477 2119 1868 2200; x_wconf 65' lang='lat' dir='ltr'><strong>aedium,quas</strong></span> <span class='ocrx_word' id='word_1_269' title='bbox 1886 2118 2070 2180; x_wconf 74' lang='lat' dir='ltr'><strong>mdifl-</strong></span> 
     </span>
    </p>
   </div>
   <div class='ocr_carea' id='block_1_39' title="bbox 415 2210 2069 2293">
    <p class='ocr_par' dir='ltr' id='par_1_39' title="bbox 415 2210 2069 2293">
     <span class='ocr_line' id='line_1_39' title="bbox 415 2210 2069 2293; baseline -0.003 -17"><span class='ocrx_word' id='word_1_270' title='bbox 415 2220 674 2293; x_wconf 85' lang='lat' dir='ltr'><strong>caverat,</strong></span> <span class='ocrx_word' id='word_1_271' title='bbox 705 2213 874 2274; x_wconf 78' lang='lat' dir='ltr'><strong>fieret</strong></span> <span class='ocrx_word' id='word_1_272' title='bbox 903 2211 1226 2285; x_wconf 85' lang='lat' dir='ltr'><strong>dedicatio,</strong></span> <span class='ocrx_word' id='word_1_273' title='bbox 1258 2211 1444 2273; x_wconf 90' lang='lat' dir='ltr'><strong>multa</strong></span> <span class='ocrx_word' id='word_1_274' title='bbox 1463 2210 1535 2271; x_wconf 86' lang='lat' dir='ltr'><strong>ab</strong></span> <span class='ocrx_word' id='word_1_275' title='bbox 1569 2211 1674 2272; x_wconf 92' lang='lat' dir='ltr'><strong>illo</strong></span> <span class='ocrx_word' id='word_1_276' title='bbox 1701 2229 1772 2271; x_wconf 92' lang='lat' dir='ltr'><strong>eo</strong></span> <span class='ocrx_word' id='word_1_277' title='bbox 1801 2218 2069 2290; x_wconf 90' lang='lat' dir='ltr'><strong>tempore</strong></span> 
     </span>
    </p>
   </div>
   <div class='ocr_carea' id='block_1_40' title="bbox 413 2299 2067 2381">
    <p class='ocr_par' dir='ltr' id='par_1_40' title="bbox 413 2299 2067 2381">
     <span class='ocr_line' id='line_1_40' title="bbox 413 2299 2067 2381; baseline -0.004 -15"><span class='ocrx_word' id='word_1_278' title='bbox 413 2305 566 2367; x_wconf 86' lang='lat' dir='ltr'><strong>facta</strong></span> <span class='ocrx_word' id='word_1_279' title='bbox 601 2311 742 2363; x_wconf 89' lang='lat' dir='ltr'><strong>sunt</strong></span> <span class='ocrx_word' id='word_1_280' title='bbox 777 2301 1088 2381; x_wconf 89' lang='lat' dir='ltr'><strong>miracula,</strong></span> <span class='ocrx_word' id='word_1_281' title='bbox 1111 2301 1346 2363; x_wconf 80' lang='lat' dir='ltr'><strong>etiamsi</strong></span> <span class='ocrx_word' id='word_1_282' title='bbox 1372 2319 1491 2361; x_wconf 91' lang='lat' dir='ltr'><strong>non</strong></span> <span class='ocrx_word' id='word_1_283' title='bbox 1518 2299 1781 2361; x_wconf 84' lang='lat' dir='ltr'><strong>adesset.</strong></span> <span class='ocrx_word' id='word_1_284' title='bbox 1808 2299 2067 2361; x_wconf 80' lang='lat' dir='ltr'><strong>Phalanx</strong></span> 
     </span>
    </p>
   </div>
   <div class='ocr_carea' id='block_1_41' title="bbox 417 2387 2065 2470">
    <p class='ocr_par' dir='ltr' id='par_1_41' title="bbox 417 2387 2065 2470">
     <span class='ocr_line' id='line_1_41' title="bbox 417 2387 2065 2470; baseline -0.004 -16"><span class='ocrx_word' id='word_1_285' title='bbox 417 2393 576 2455; x_wconf 89' lang='lat' dir='ltr'><strong>enim</strong></span> <span class='ocrx_word' id='word_1_286' title='bbox 599 2391 934 2452; x_wconf 64' lang='lat' dir='ltr'><strong>daemonum</strong></span> <span class='ocrx_word' id='word_1_287' title='bbox 960 2398 1208 2470; x_wconf 89' lang='lat' dir='ltr'><strong>repente</strong></span> <span class='ocrx_word' id='word_1_288' title='bbox 1237 2406 1535 2469; x_wconf 85' lang='lat' dir='ltr'><strong>apparens</strong></span> <span class='ocrx_word' id='word_1_289' title='bbox 1567 2407 1753 2470; x_wconf 89' lang='lat' dir='ltr'><strong>super</strong></span> <span class='ocrx_word' id='word_1_290' title='bbox 1777 2387 2065 2448; x_wconf 90' lang='lat' dir='ltr'><strong>tumulum</strong></span> 
     </span>
    </p>
   </div>
   <div class='ocr_carea' id='block_1_42' title="bbox 413 2476 2066 2561">
    <p class='ocr_par' dir='ltr' id='par_1_42' title="bbox 413 2476 2066 2561">
     <span class='ocr_line' id='line_1_42' title="bbox 413 2476 2066 2561; baseline -0.005 -17"><span class='ocrx_word' id='word_1_291' title='bbox 413 2481 599 2544; x_wconf 80' lang='lat' dir='ltr'><strong>veluti</strong></span> <span class='ocrx_word' id='word_1_292' title='bbox 633 2492 971 2561; x_wconf 63' lang='lat' dir='ltr'><strong>corporale,</strong></span> <span class='ocrx_word' id='word_1_293' title='bbox 1009 2498 1111 2541; x_wconf 91' lang='lat' dir='ltr'><strong>eos</strong></span> <span class='ocrx_word' id='word_1_294' title='bbox 1142 2479 1242 2559; x_wconf 87' lang='lat' dir='ltr'><strong>qui</strong></span> <span class='ocrx_word' id='word_1_295' title='bbox 1283 2479 1404 2540; x_wconf 92' lang='lat' dir='ltr'><strong>illic</strong></span> <span class='ocrx_word' id='word_1_296' title='bbox 1437 2478 1685 2540; x_wconf 77' lang='lat' dir='ltr'><strong>aderant</strong></span> <span class='ocrx_word' id='word_1_297' title='bbox 1733 2477 1964 2556; x_wconf 81' lang='lat' dir='ltr'><strong>redegit</strong></span> <span class='ocrx_word' id='word_1_298' title='bbox 1994 2476 2066 2537; x_wconf 88' lang='lat' dir='ltr'><strong>ad</strong></span> 
     </span>
    </p>
   </div>
   <div class='ocr_carea' id='block_1_43' title="bbox 415 2565 2070 2649">
    <p class='ocr_par' dir='ltr' id='par_1_43' title="bbox 415 2565 2070 2649">
     <span class='ocr_line' id='line_1_43' title="bbox 415 2565 2070 2649; baseline -0.005 -17"><span class='ocrx_word' id='word_1_299' title='bbox 415 2570 882 2632; x_wconf 84' lang='lat' dir='ltr'><strong>dubitationem.</strong></span> <span class='ocrx_word' id='word_1_300' title='bbox 917 2568 1062 2632; x_wconf 88' lang='lat' dir='ltr'><strong>Cum</strong></span> <span class='ocrx_word' id='word_1_301' title='bbox 1091 2587 1234 2647; x_wconf 82' lang='lat' dir='ltr'><strong>ergo</strong></span> <span class='ocrx_word' id='word_1_302' title='bbox 1263 2568 1504 2649; x_wconf 77' lang='lat' dir='ltr'><strong>spiritu,</strong></span> <span class='ocrx_word' id='word_1_303' title='bbox 1530 2567 1628 2647; x_wconf 89' lang='lat' dir='ltr'><strong>qui</strong></span> <span class='ocrx_word' id='word_1_304' title='bbox 1662 2567 1721 2628; x_wconf 91' lang='lat' dir='ltr'><strong>in</strong></span> <span class='ocrx_word' id='word_1_305' title='bbox 1745 2585 1814 2628; x_wconf 88' lang='lat' dir='ltr'><strong>eo</strong></span> <span class='ocrx_word' id='word_1_306' title='bbox 1841 2565 2070 2627; x_wconf 85' lang='lat' dir='ltr'><strong>babita-</strong></span> 
     </span>
    </p>
   </div>
   <div class='ocr_carea' id='block_1_44' title="bbox 413 2655 2069 2736">
    <p class='ocr_par' dir='ltr' id='par_1_44' title="bbox 413 2655 2069 2736">
     <span class='ocr_line' id='line_1_44' title="bbox 413 2655 2069 2736; baseline -0.004 -14"><span class='ocrx_word' id='word_1_307' title='bbox 413 2658 539 2736; x_wconf 87' lang='lat' dir='ltr'><strong>bat,</strong></span> <span class='ocrx_word' id='word_1_308' title='bbox 567 2677 693 2721; x_wconf 91' lang='lat' dir='ltr'><strong>rem</strong></span> <span class='ocrx_word' id='word_1_309' title='bbox 712 2659 1088 2736; x_wconf 83' lang='lat' dir='ltr'><strong>cognovisset</strong></span> <span class='ocrx_word' id='word_1_310' title='bbox 1107 2675 1355 2735; x_wconf 76' lang='lat' dir='ltr'><strong>magnus</strong></span> <span class='ocrx_word' id='word_1_311' title='bbox 1378 2656 1746 2731; x_wconf 84' lang='lat' dir='ltr'><strong>Joannicius,</strong></span> <span class='ocrx_word' id='word_1_312' title='bbox 1777 2664 1836 2718; x_wconf 91' lang='lat' dir='ltr'><strong>et</strong></span> <span class='ocrx_word' id='word_1_313' title='bbox 1867 2655 2069 2716; x_wconf 88' lang='lat' dir='ltr'><strong>utilis-</strong></span> 
     </span>
    </p>
   </div>
   <div class='ocr_carea' id='block_1_45' title="bbox 413 2745 2066 2828">
    <p class='ocr_par' dir='ltr' id='par_1_45' title="bbox 413 2745 2066 2828">
     <span class='ocr_line' id='line_1_45' title="bbox 413 2745 2066 2828; baseline -0.005 -16"><span class='ocrx_word' id='word_1_314' title='bbox 413 2748 567 2812; x_wconf 89' lang='lat' dir='ltr'><strong>simo</strong></span> <span class='ocrx_word' id='word_1_315' title='bbox 599 2767 742 2810; x_wconf 83' lang='lat' dir='ltr'><strong>usus</strong></span> <span class='ocrx_word' id='word_1_316' title='bbox 773 2757 931 2811; x_wconf 90' lang='lat' dir='ltr'><strong>esset</strong></span> <span class='ocrx_word' id='word_1_317' title='bbox 964 2748 1398 2809; x_wconf 89' lang='lat' dir='ltr'><strong>medicamento</strong></span> <span class='ocrx_word' id='word_1_318' title='bbox 1445 2745 1824 2828; x_wconf 84' lang='lat' dir='ltr'><strong>precationis,</strong></span> <span class='ocrx_word' id='word_1_319' title='bbox 1860 2762 2066 2806; x_wconf 77' lang='lat' dir='ltr'><strong>eorum</strong></span> 
     </span>
    </p>
   </div>
   <div class='ocr_carea' id='block_1_46' title="bbox 415 2834 2064 2917">
    <p class='ocr_par' dir='ltr' id='par_1_46' title="bbox 415 2834 2064 2917">
     <span class='ocr_line' id='line_1_46' title="bbox 415 2834 2064 2917; baseline -0.003 -19"><span class='ocrx_word' id='word_1_320' title='bbox 415 2837 659 2916; x_wconf 87' lang='lat' dir='ltr'><strong>quidem</strong></span> <span class='ocrx_word' id='word_1_321' title='bbox 692 2847 913 2899; x_wconf 89' lang='lat' dir='ltr'><strong>metum</strong></span> <span class='ocrx_word' id='word_1_322' title='bbox 948 2837 1229 2917; x_wconf 87' lang='lat' dir='ltr'><strong>abstulit;</strong></span> <span class='ocrx_word' id='word_1_323' title='bbox 1270 2838 1604 2898; x_wconf 70' lang='lat' dir='ltr'><strong>daemonum</strong></span> <span class='ocrx_word' id='word_1_324' title='bbox 1637 2845 1832 2897; x_wconf 90' lang='lat' dir='ltr'><strong>autem</strong></span> <span class='ocrx_word' id='word_1_325' title='bbox 1871 2834 2064 2895; x_wconf 84' lang='lat' dir='ltr'><strong>multi-</strong></span> 
     </span>
    </p>
   </div>
   <div class='ocr_carea' id='block_1_47' title="bbox 417 2925 2064 3007">
    <p class='ocr_par' dir='ltr' id='par_1_47' title="bbox 417 2925 2064 3007">
     <span class='ocr_line' id='line_1_47' title="bbox 417 2925 2064 3007; baseline -0.001 -19"><span class='ocrx_word' id='word_1_326' title='bbox 417 2927 687 2990; x_wconf 89' lang='lat' dir='ltr'><strong>tudinem</strong></span> <span class='ocrx_word' id='word_1_327' title='bbox 722 2929 893 2988; x_wconf 88' lang='lat' dir='ltr'><strong>vertit</strong></span> <span class='ocrx_word' id='word_1_328' title='bbox 924 2927 986 2989; x_wconf 91' lang='lat' dir='ltr'><strong>in</strong></span> <span class='ocrx_word' id='word_1_329' title='bbox 1019 2927 1238 3007; x_wconf 80' lang='lat' dir='ltr'><strong>fugam,</strong></span> <span class='ocrx_word' id='word_1_330' title='bbox 1298 2935 1356 2987; x_wconf 91' lang='lat' dir='ltr'><strong>et</strong></span> <span class='ocrx_word' id='word_1_331' title='bbox 1403 2925 1543 2989; x_wconf 89' lang='lat' dir='ltr'><strong>fecit</strong></span> <span class='ocrx_word' id='word_1_332' title='bbox 1593 2943 1695 2986; x_wconf 92' lang='lat' dir='ltr'><strong>eos</strong></span> <span class='ocrx_word' id='word_1_333' title='bbox 1728 2925 2064 3006; x_wconf 85' lang='lat' dir='ltr'><strong>liquescere</strong></span> 
     </span>
    </p>
   </div>
   <div class='ocr_carea' id='block_1_48' title="bbox 418 3015 2064 3098">
    <p class='ocr_par' dir='ltr' id='par_1_48' title="bbox 418 3015 2064 3098">
     <span class='ocr_line' id='line_1_48' title="bbox 418 3015 2064 3098; baseline -0.003 -19"><span class='ocrx_word' id='word_1_334' title='bbox 418 3027 699 3098; x_wconf 84' lang='lat' dir='ltr'><strong>tanquam</strong></span> <span class='ocrx_word' id='word_1_335' title='bbox 733 3034 935 3079; x_wconf 90' lang='lat' dir='ltr'><strong>ceram</strong></span> <span class='ocrx_word' id='word_1_336' title='bbox 997 3036 1031 3078; x_wconf 87' lang='lat' dir='ltr'><strong>a</strong></span> <span class='ocrx_word' id='word_1_337' title='bbox 1075 3016 1225 3078; x_wconf 88' lang='lat' dir='ltr'><strong>facie</strong></span> <span class='ocrx_word' id='word_1_338' title='bbox 1280 3016 1456 3096; x_wconf 86' lang='lat' dir='ltr'><strong>ignis.</strong></span> <span class='ocrx_word' id='word_1_339' title='bbox 1519 3015 1870 3095; x_wconf 86' lang='lat' dir='ltr'><strong>Quicunque</strong></span> <span class='ocrx_word' id='word_1_340' title='bbox 1927 3032 2064 3076; x_wconf 89' lang='lat' dir='ltr'><strong>vero</strong></span> 
     </span>
    </p>
   </div>
   <div class='ocr_carea' id='block_1_49' title="bbox 415 3103 2064 3186">
    <p class='ocr_par' dir='ltr' id='par_1_49' title="bbox 415 3103 2064 3186">
     <span class='ocr_line' id='line_1_49' title="bbox 415 3103 2064 3186; baseline -0.003 -18"><span class='ocrx_word' id='word_1_341' title='bbox 415 3105 718 3184; x_wconf 84' lang='lat' dir='ltr'><strong>aliquibus</strong></span> <span class='ocrx_word' id='word_1_342' title='bbox 747 3108 1022 3186; x_wconf 84' lang='lat' dir='ltr'><strong>gravibus</strong></span> <span class='ocrx_word' id='word_1_343' title='bbox 1054 3106 1252 3168; x_wconf 80' lang='lat' dir='ltr'><strong>amicti</strong></span> <span class='ocrx_word' id='word_1_344' title='bbox 1290 3105 1541 3183; x_wconf 86' lang='lat' dir='ltr'><strong>morbis,</strong></span> <span class='ocrx_word' id='word_1_345' title='bbox 1595 3105 1668 3167; x_wconf 89' lang='lat' dir='ltr'><strong>ad</strong></span> <span class='ocrx_word' id='word_1_346' title='bbox 1726 3103 2064 3166; x_wconf 87' lang='lat' dir='ltr'><strong>veneranda</strong></span> 
     </span>
    </p>
   </div>
   <div class='ocr_carea' id='block_1_50' title="bbox 414 3196 2064 3276">
    <p class='ocr_par' dir='ltr' id='par_1_50' title="bbox 414 3196 2064 3276">
     <span class='ocr_line' id='line_1_50' title="bbox 414 3196 2064 3276; baseline -0.003 -18"><span class='ocrx_word' id='word_1_347' title='bbox 414 3196 518 3258; x_wconf 84' lang='lat' dir='ltr'><strong>illa</strong></span> <span class='ocrx_word' id='word_1_348' title='bbox 548 3196 772 3276; x_wconf 88' lang='lat' dir='ltr'><strong>templa</strong></span> <span class='ocrx_word' id='word_1_349' title='bbox 799 3197 1220 3276; x_wconf 88' lang='lat' dir='ltr'><strong>confugerunt,</strong></span> <span class='ocrx_word' id='word_1_350' title='bbox 1250 3213 1352 3257; x_wconf 91' lang='lat' dir='ltr'><strong>eos</strong></span> <span class='ocrx_word' id='word_1_351' title='bbox 1402 3197 1493 3274; x_wconf 88' lang='lat' dir='ltr'><strong>iis,</strong></span> <span class='ocrx_word' id='word_1_352' title='bbox 1529 3214 1664 3272; x_wconf 63' lang='lat' dir='ltr'><strong>quae</strong></span> <span class='ocrx_word' id='word_1_353' title='bbox 1695 3196 1856 3275; x_wconf 88' lang='lat' dir='ltr'><strong>ipsos</strong></span> <span class='ocrx_word' id='word_1_354' title='bbox 1888 3211 2064 3254; x_wconf 85' lang='lat' dir='ltr'><strong>vexa-</strong></span> 
     </span>
    </p>
   </div>
   <div class='ocr_carea' id='block_1_51' title="bbox 2149 1933 3489 2019">
    <p class='ocr_par' dir='ltr' id='par_1_51' title="bbox 2149 1933 3489 2019">
     <span class='ocr_line' id='line_1_51' title="bbox 2149 1933 3489 2019; baseline 0.006 -29"><span class='ocrx_word' id='word_1_355' title='bbox 2149 1933 2433 2014; x_wconf 82' lang='grc' dir='ltr'>ὠφελείας,</span> <span class='ocrx_word' id='word_1_356' title='bbox 2466 1940 2553 1993; x_wconf 80' lang='grc' dir='ltr'><strong>καὶ</strong></span> <span class='ocrx_word' id='word_1_357' title='bbox 2589 1935 2728 1994; x_wconf 70' lang='grc' dir='ltr'>οὕτω</span> <span class='ocrx_word' id='word_1_358' title='bbox 2758 1943 2864 1994; x_wconf 81' lang='grc' dir='ltr'><strong>τῶν</strong></span> <span class='ocrx_word' id='word_1_359' title='bbox 2894 1935 3133 2019; x_wconf 83' lang='grc' dir='ltr'>ἀδελφῶν</span> <span class='ocrx_word' id='word_1_360' title='bbox 3162 1939 3489 2018; x_wconf 79' lang='grc' dir='ltr'>περιείχετο.</span> 
     </span>
    </p>
   </div>
   <div class='ocr_carea' id='block_1_52' title="bbox 2233 2122 3805 2205">
    <p class='ocr_par' dir='ltr' id='par_1_52' title="bbox 2233 2122 3805 2205">
     <span class='ocr_line' id='line_1_52' title="bbox 2233 2122 3805 2205; baseline 0.003 -23"><span class='ocrx_word' id='word_1_361' title='bbox 2233 2131 2339 2186; x_wconf 77' lang='lat' dir='ltr'><strong>NI‘,</strong></span> <span class='ocrx_word' id='word_1_362' title='bbox 2399 2122 2549 2182; x_wconf 82' lang='grc' dir='ltr'>Ἐπεὶ</span> <span class='ocrx_word' id='word_1_363' title='bbox 2607 2122 2660 2179; x_wconf 65' lang='grc' dir='ltr'>δὲ</span> <span class='ocrx_word' id='word_1_364' title='bbox 2719 2123 2816 2181; x_wconf 68' lang='grc' dir='ltr'><strong>καί</strong></span> <span class='ocrx_word' id='word_1_365' title='bbox 2869 2127 2943 2181; x_wconf 81' lang='grc' dir='ltr'>ὧν</span> <span class='ocrx_word' id='word_1_366' title='bbox 2993 2124 3236 2200; x_wconf 75' lang='grc' dir='ltr'>ἐδείματο</span> <span class='ocrx_word' id='word_1_367' title='bbox 3287 2125 3577 2205; x_wconf 73' lang='grc' dir='ltr'>εὗκτηρίων</span> <span class='ocrx_word' id='word_1_368' title='bbox 3633 2127 3805 2186; x_wconf 59' lang='grc' dir='ltr'>οἴκων</span> 
     </span>
    </p>
   </div>
   <div class='ocr_carea' id='block_1_53' title="bbox 2150 2212 3807 2294">
    <p class='ocr_par' dir='ltr' id='par_1_53' title="bbox 2150 2212 3807 2294">
     <span class='ocr_line' id='line_1_53' title="bbox 2150 2212 3807 2294; baseline 0.003 -26"><span class='ocrx_word' id='word_1_369' title='bbox 2150 2214 2216 2269; x_wconf 79' lang='grc' dir='ltr'>τὰ</span> <span class='ocrx_word' id='word_1_370' title='bbox 2271 2213 2509 2290; x_wconf 72' lang='grc' dir='ltr'>ὶγγαίνια</span> <span class='ocrx_word' id='word_1_371' title='bbox 2541 2212 2802 2292; x_wconf 74' lang='grc' dir='ltr'>ἐτελεῖτο,</span> <span class='ocrx_word' id='word_1_372' title='bbox 2835 2213 3012 2271; x_wconf 86' lang='grc' dir='ltr'>πολλά</span> <span class='ocrx_word' id='word_1_373' title='bbox 3067 2213 3203 2272; x_wconf 80' lang='grc' dir='ltr'>κατὰ</span> <span class='ocrx_word' id='word_1_374' title='bbox 3233 2217 3325 2272; x_wconf 77' lang='grc' dir='ltr'>τὸν</span> <span class='ocrx_word' id='word_1_375' title='bbox 3371 2218 3556 2294; x_wconf 74' lang='grc' dir='ltr'>καιρὸν</span> <span class='ocrx_word' id='word_1_376' title='bbox 3597 2217 3807 2274; x_wconf 78' lang='grc' dir='ltr'>ἐκεῖνον</span> 
     </span>
    </p>
   </div>
   <div class='ocr_carea' id='block_1_54' title="bbox 2148 2301 3803 2384">
    <p class='ocr_par' dir='ltr' id='par_1_54' title="bbox 2148 2301 3803 2384">
     <span class='ocr_line' id='line_1_54' title="bbox 2148 2301 3803 2384; baseline 0.004 -26"><span class='ocrx_word' id='word_1_377' title='bbox 2148 2304 2216 2358; x_wconf 78' lang='grc' dir='ltr'><strong>τὰ</strong></span> <span class='ocrx_word' id='word_1_378' title='bbox 2273 2303 2513 2377; x_wconf 84' lang='grc' dir='ltr'>θαύματα</span> <span class='ocrx_word' id='word_1_379' title='bbox 2557 2301 2646 2358; x_wconf 80' lang='grc' dir='ltr'>ὑπ’</span> <span class='ocrx_word' id='word_1_380' title='bbox 2702 2306 2882 2378; x_wconf 82' lang='grc' dir='ltr'>αὐτοῦ,</span> <span class='ocrx_word' id='word_1_381' title='bbox 2914 2305 3000 2360; x_wconf 84' lang='grc' dir='ltr'><strong>καὶ</strong></span> <span class='ocrx_word' id='word_1_382' title='bbox 3051 2305 3129 2380; x_wconf 66' lang='grc' dir='ltr'><strong>μῆ</strong></span> <span class='ocrx_word' id='word_1_383' title='bbox 3179 2305 3465 2384; x_wconf 82' lang='grc' dir='ltr'>παρόντος,</span> <span class='ocrx_word' id='word_1_384' title='bbox 3497 2305 3803 2384; x_wconf 73' lang='grc' dir='ltr'>ἐνηργεῖτοο</span> 
     </span>
    </p>
   </div>
   <div class='ocr_carea' id='block_1_55' title="bbox 2151 2389 3809 2475">
    <p class='ocr_par' dir='ltr' id='par_1_55' title="bbox 2151 2389 3809 2475">
     <span class='ocr_line' id='line_1_55' title="bbox 2151 2389 3809 2475; baseline 0.005 -29"><span class='ocrx_word' id='word_1_385' title='bbox 2151 2391 2358 2472; x_wconf 69' lang='grc' dir='ltr'>φάλαγξ</span> <span class='ocrx_word' id='word_1_386' title='bbox 2423 2393 2522 2470; x_wconf 77' lang='grc' dir='ltr'><strong>γὰρ</strong></span> <span class='ocrx_word' id='word_1_387' title='bbox 2552 2389 2819 2463; x_wconf 80' lang='grc' dir='ltr'>δαιμόνων</span> <span class='ocrx_word' id='word_1_388' title='bbox 2877 2394 3060 2471; x_wconf 78' lang='grc' dir='ltr'>ἀθρόον</span> <span class='ocrx_word' id='word_1_389' title='bbox 3115 2402 3208 2451; x_wconf 83' lang='grc' dir='ltr'>τοῦ</span> <span class='ocrx_word' id='word_1_390' title='bbox 3259 2395 3420 2472; x_wconf 83' lang='grc' dir='ltr'>λόγου</span> <span class='ocrx_word' id='word_1_391' title='bbox 3445 2397 3809 2475; x_wconf 77' lang='grc' dir='ltr'>ὑπερφανετσα</span> 
     </span>
    </p>
   </div>
   <div class='ocr_carea' id='block_1_56' title="bbox 2151 2479 3806 2565">
    <p class='ocr_par' dir='ltr' id='par_1_56' title="bbox 2151 2479 3806 2565">
     <span class='ocr_line' id='line_1_56' title="bbox 2151 2479 3806 2565; baseline 0.003 -27"><span class='ocrx_word' id='word_1_392' title='bbox 2151 2481 2331 2558; x_wconf 81' lang='grc' dir='ltr'>ὥσπερ</span> <span class='ocrx_word' id='word_1_393' title='bbox 2389 2479 2449 2537; x_wconf 71' lang='grc' dir='ltr'>ἐκ</span> <span class='ocrx_word' id='word_1_394' title='bbox 2508 2480 2759 2555; x_wconf 86' lang='grc' dir='ltr'>σώματος</span> <span class='ocrx_word' id='word_1_395' title='bbox 2818 2484 2893 2546; x_wconf 80' lang='grc' dir='ltr'><strong>εἰς</strong></span> <span class='ocrx_word' id='word_1_396' title='bbox 2950 2483 3172 2562; x_wconf 81' lang='grc' dir='ltr'>ἀπορίαν</span> <span class='ocrx_word' id='word_1_397' title='bbox 3219 2485 3342 2548; x_wconf 82' lang='grc' dir='ltr'>τοὺς</span> <span class='ocrx_word' id='word_1_398' title='bbox 3399 2488 3518 2542; x_wconf 67' lang='grc' dir='ltr'>εκεῖ</span> <span class='ocrx_word' id='word_1_399' title='bbox 3565 2509 3806 2565; x_wconf 83' lang='grc' dir='ltr'>παρατυ-</span> 
     </span>
    </p>
   </div>
   <div class='ocr_carea' id='block_1_57' title="bbox 2151 2571 3808 2650">
    <p class='ocr_par' dir='ltr' id='par_1_57' title="bbox 2151 2571 3808 2650">
     <span class='ocr_line' id='line_1_57' title="bbox 2151 2571 3808 2650; baseline 0.004 -23"><span class='ocrx_word' id='word_1_400' title='bbox 2151 2571 2354 2650; x_wconf 81' lang='grc' dir='ltr'>χόντας</span> <span class='ocrx_word' id='word_1_401' title='bbox 2415 2571 2663 2638; x_wconf 83' lang='grc' dir='ltr'>καθίστη.</span> <span class='ocrx_word' id='word_1_402' title='bbox 2729 2575 2816 2645; x_wconf 80' lang='grc' dir='ltr'><strong>Τῷ</strong></span> <span class='ocrx_word' id='word_1_403' title='bbox 2871 2574 3160 2631; x_wconf 62' lang='grc' dir='ltr'>ἔνοικοῦντι</span> <span class='ocrx_word' id='word_1_404' title='bbox 3213 2574 3302 2630; x_wconf 79' lang='grc' dir='ltr'>οὖν</span> <span class='ocrx_word' id='word_1_405' title='bbox 3351 2577 3494 2648; x_wconf 74' lang='grc' dir='ltr'><strong>αὖτῷ</strong></span> <span class='ocrx_word' id='word_1_406' title='bbox 3548 2577 3808 2633; x_wconf 75' lang='grc' dir='ltr'>πνεύματι</span> 
     </span>
    </p>
   </div>
   <div class='ocr_carea' id='block_1_58' title="bbox 2151 2660 3805 2740">
    <p class='ocr_par' dir='ltr' id='par_1_58' title="bbox 2151 2660 3805 2740">
     <span class='ocr_line' id='line_1_58' title="bbox 2151 2660 3805 2740; baseline 0.005 -25"><span class='ocrx_word' id='word_1_407' title='bbox 2151 2662 2212 2716; x_wconf 86' lang='lat'><strong>16</strong></span> <span class='ocrx_word' id='word_1_408' title='bbox 2265 2667 2484 2738; x_wconf 86' lang='grc' dir='ltr'>πρᾶγμα</span> <span class='ocrx_word' id='word_1_409' title='bbox 2533 2662 2688 2739; x_wconf 87' lang='grc' dir='ltr'>γνοὺς</span> <span class='ocrx_word' id='word_1_410' title='bbox 2718 2662 2747 2716; x_wconf 81' lang='grc' dir='ltr'>ὑ</span> <span class='ocrx_word' id='word_1_411' title='bbox 2798 2660 2968 2738; x_wconf 82' lang='grc' dir='ltr'>μέγας</span> <span class='ocrx_word' id='word_1_412' title='bbox 3026 2660 3370 2737; x_wconf 79' lang='grc' dir='ltr'>’ίωαννίκιος,</span> <span class='ocrx_word' id='word_1_413' title='bbox 3411 2667 3499 2721; x_wconf 81' lang='grc' dir='ltr'>καὶ</span> <span class='ocrx_word' id='word_1_414' title='bbox 3543 2673 3620 2740; x_wconf 83' lang='grc' dir='ltr'><strong>τῷ</strong></span> <span class='ocrx_word' id='word_1_415' title='bbox 3675 2667 3805 2722; x_wconf 85' lang='grc' dir='ltr'>ἀνυ-</span> 
     </span>
    </p>
   </div>
   <div class='ocr_carea' id='block_1_59' title="bbox 2153 2750 3804 2836">
    <p class='ocr_par' dir='ltr' id='par_1_59' title="bbox 2153 2750 3804 2836">
     <span class='ocr_line' id='line_1_59' title="bbox 2153 2750 3804 2836; baseline 0.005 -32"><span class='ocrx_word' id='word_1_416' title='bbox 2153 2750 2442 2823; x_wconf 85' lang='grc' dir='ltr'>σιμωτάτῳ</span> <span class='ocrx_word' id='word_1_417' title='bbox 2515 2771 2861 2828; x_wconf 82' lang='grc' dir='ltr'>χρησαμενος</span> <span class='ocrx_word' id='word_1_418' title='bbox 2930 2756 3030 2818; x_wconf 77' lang='grc' dir='ltr'><strong>τῆς</strong></span> <span class='ocrx_word' id='word_1_419' title='bbox 3113 2759 3423 2834; x_wconf 80' lang='grc' dir='ltr'>προσευχῆς</span> <span class='ocrx_word' id='word_1_420' title='bbox 3493 2755 3757 2834; x_wconf 77' lang='grc' dir='ltr'>φαρμάκῳ</span> <span class='ocrx_word' id='word_1_421' title='bbox 3788 2805 3804 2836; x_wconf 94' lang='grc'><strong>,</strong></span> 
     </span>
    </p>
   </div>
   <div class='ocr_carea' id='block_1_60' title="bbox 2149 2839 3806 2922">
    <p class='ocr_par' dir='ltr' id='par_1_60' title="bbox 2149 2839 3806 2922">
     <span class='ocr_line' id='line_1_60' title="bbox 2149 2839 3806 2922; baseline 0.004 -26"><span class='ocrx_word' id='word_1_422' title='bbox 2149 2847 2258 2896; x_wconf 86' lang='grc' dir='ltr'><strong>τῶν</strong></span> <span class='ocrx_word' id='word_1_423' title='bbox 2315 2839 2413 2914; x_wconf 83' lang='grc' dir='ltr'>μέν</span> <span class='ocrx_word' id='word_1_424' title='bbox 2467 2841 2558 2895; x_wconf 82' lang='grc' dir='ltr'>τὸν</span> <span class='ocrx_word' id='word_1_425' title='bbox 2615 2839 2780 2920; x_wconf 80' lang='grc' dir='ltr'>φόϐον</span> <span class='ocrx_word' id='word_1_426' title='bbox 2835 2841 3054 2922; x_wconf 76' lang='grc' dir='ltr'>ἀφεῖλε,</span> <span class='ocrx_word' id='word_1_427' title='bbox 3115 2843 3216 2910; x_wconf 65' lang='grc' dir='ltr'>τὴν</span> <span class='ocrx_word' id='word_1_428' title='bbox 3275 2841 3329 2898; x_wconf 77' lang='grc' dir='ltr'>δὲ</span> <span class='ocrx_word' id='word_1_429' title='bbox 3386 2847 3493 2900; x_wconf 81' lang='grc' dir='ltr'><strong>τῶν</strong></span> <span class='ocrx_word' id='word_1_430' title='bbox 3540 2842 3806 2920; x_wconf 76' lang='grc' dir='ltr'>δαιμόνων</span> 
     </span>
    </p>
   </div>
   <div class='ocr_carea' id='block_1_61' title="bbox 2146 2928 3806 3012">
    <p class='ocr_par' dir='ltr' id='par_1_61' title="bbox 2146 2928 3806 3012">
     <span class='ocr_line' id='line_1_61' title="bbox 2146 2928 3806 3012; baseline 0.002 -26"><span class='ocrx_word' id='word_1_431' title='bbox 2146 2928 2349 2996; x_wconf 84' lang='grc' dir='ltr'>πληθὺν</span> <span class='ocrx_word' id='word_1_432' title='bbox 2406 2929 2636 3008; x_wconf 79' lang='grc' dir='ltr'>φυγάδας</span> <span class='ocrx_word' id='word_1_433' title='bbox 2694 2953 2752 2988; x_wconf 87' lang='grc' dir='ltr'><strong>τε</strong></span> <span class='ocrx_word' id='word_1_434' title='bbox 2827 2931 3076 3011; x_wconf 69' lang='grc' dir='ltr'>οἴχεσθαι</span> <span class='ocrx_word' id='word_1_435' title='bbox 3148 2932 3436 3012; x_wconf 82' lang='grc' dir='ltr'>πεποίηκε,</span> <span class='ocrx_word' id='word_1_436' title='bbox 3511 2935 3607 2990; x_wconf 81' lang='grc' dir='ltr'><strong>καί</strong></span> <span class='ocrx_word' id='word_1_437' title='bbox 3679 2937 3806 2992; x_wconf 78' lang='grc' dir='ltr'>ὡσεὶ</span> 
     </span>
    </p>
   </div>
   <div class='ocr_carea' id='block_1_62' title="bbox 2147 3018 3808 3100">
    <p class='ocr_par' dir='ltr' id='par_1_62' title="bbox 2147 3018 3808 3100">
     <span class='ocr_line' id='line_1_62' title="bbox 2147 3018 3808 3100; baseline 0.005 -26"><span class='ocrx_word' id='word_1_438' title='bbox 2147 3021 2312 3096; x_wconf 82' lang='grc' dir='ltr'>κηρὸν</span> <span class='ocrx_word' id='word_1_439' title='bbox 2372 3018 2478 3075; x_wconf 78' lang='grc' dir='ltr'>ἀπὸ</span> <span class='ocrx_word' id='word_1_440' title='bbox 2506 3022 2797 3082; x_wconf 77' lang='grc' dir='ltr'>προσώπου</span> <span class='ocrx_word' id='word_1_441' title='bbox 2854 3023 3084 3088; x_wconf 75' lang='grc' dir='ltr'>τακῆναι</span> <span class='ocrx_word' id='word_1_442' title='bbox 3142 3023 3329 3100; x_wconf 85' lang='grc' dir='ltr'>πυρός,</span> <span class='ocrx_word' id='word_1_443' title='bbox 3390 3021 3652 3081; x_wconf 70' lang='grc' dir='ltr'>⁹¹Οσοιδὶ</span> <span class='ocrx_word' id='word_1_444' title='bbox 3708 3029 3808 3083; x_wconf 84' lang='grc' dir='ltr'><strong>καὶ</strong></span> 
     </span>
    </p>
   </div>
   <div class='ocr_carea' id='block_1_63' title="bbox 2146 3109 3806 3188">
    <p class='ocr_par' dir='ltr' id='par_1_63' title="bbox 2146 3109 3806 3188">
     <span class='ocr_line' id='line_1_63' title="bbox 2146 3109 3806 3188; baseline 0.005 -25"><span class='ocrx_word' id='word_1_445' title='bbox 2146 3109 2450 3188; x_wconf 74' lang='grc' dir='ltr'>χαλεπαῖς,</span> <span class='ocrx_word' id='word_1_446' title='bbox 2504 3131 2609 3164; x_wconf 92' lang='grc' dir='ltr'>τισι</span> <span class='ocrx_word' id='word_1_447' title='bbox 2672 3111 2975 3184; x_wconf 79' lang='grc' dir='ltr'>πιεζόμενοι</span> <span class='ocrx_word' id='word_1_448' title='bbox 3027 3110 3204 3174; x_wconf 83' lang='grc' dir='ltr'>νόσοις</span> <span class='ocrx_word' id='word_1_449' title='bbox 3255 3110 3339 3168; x_wconf 77' lang='grc' dir='ltr'>ἐπὶ</span> <span class='ocrx_word' id='word_1_450' title='bbox 3396 3112 3518 3177; x_wconf 82' lang='grc' dir='ltr'>τοὺς</span> <span class='ocrx_word' id='word_1_451' title='bbox 3576 3115 3806 3176; x_wconf 84' lang='grc' dir='ltr'>σεπτοὺς</span> 
     </span>
    </p>
   </div>
   <div class='ocr_carea' id='block_1_64' title="bbox 2149 3198 3805 3280">
    <p class='ocr_par' dir='ltr' id='par_1_64' title="bbox 2149 3198 3805 3280">
     <span class='ocr_line' id='line_1_64' title="bbox 2149 3198 3805 3280; baseline 0.004 -27"><span class='ocrx_word' id='word_1_452' title='bbox 2149 3199 2304 3262; x_wconf 85' lang='grc' dir='ltr'>ναοὺς</span> <span class='ocrx_word' id='word_1_453' title='bbox 2362 3198 2591 3255; x_wconf 71' lang='grc' dir='ltr'>ἐκείνους</span> <span class='ocrx_word' id='word_1_454' title='bbox 2660 3199 2996 3280; x_wconf 80' lang='grc' dir='ltr'>κατέφυγον,</span> <span class='ocrx_word' id='word_1_455' title='bbox 3060 3202 3146 3258; x_wconf 79' lang='grc' dir='ltr'>καὶ</span> <span class='ocrx_word' id='word_1_456' title='bbox 3217 3202 3431 3267; x_wconf 81' lang='grc' dir='ltr'>τούτους</span> <span class='ocrx_word' id='word_1_457' title='bbox 3501 3203 3606 3259; x_wconf 80' lang='grc' dir='ltr'><strong>τῶν</strong></span> <span class='ocrx_word' id='word_1_458' title='bbox 3679 3203 3805 3261; x_wconf 74' lang='grc' dir='ltr'>ὶνο-</span> 
     </span>
    </p>
   </div>
   <div class='ocr_carea' id='block_1_65' title="bbox 414 3279 2063 3372">
    <p class='ocr_par' dir='ltr' id='par_1_65' title="bbox 414 3281 2059 3372">
     <span class='ocr_line' id='line_1_65' title="bbox 414 3281 2059 3372; baseline -0.003 -25"><span class='ocrx_word' id='word_1_459' title='bbox 414 3285 579 3366; x_wconf 83' lang='lat' dir='ltr'><strong>bant,</strong></span> <span class='ocrx_word' id='word_1_460' title='bbox 615 3285 922 3360; x_wconf 84' lang='lat' dir='ltr'><strong>liberatos,</strong></span> <span class='ocrx_word' id='word_1_461' title='bbox 959 3287 1099 3347; x_wconf 90' lang='lat' dir='ltr'><strong>fecit</strong></span> <span class='ocrx_word' id='word_1_462' title='bbox 1130 3285 1373 3345; x_wconf 88' lang='lat' dir='ltr'><strong>domum</strong></span> <span class='ocrx_word' id='word_1_463' title='bbox 1427 3285 1592 3346; x_wconf 90' lang='lat' dir='ltr'><strong>abire</strong></span> <span class='ocrx_word' id='word_1_464' title='bbox 1643 3301 1843 3346; x_wconf 90' lang='lat' dir='ltr'><strong>sanos.</strong></span> <span class='ocrx_word' id='word_1_465' title='bbox 1906 3281 2059 3372; x_wconf 83' lang='lat' dir='ltr'><strong>Quid</strong></span> 
     </span>
    </p>
   </div>
   <div class='ocr_carea' id='block_1_66' title="bbox 2151 3279 3804 3372">
    <p class='ocr_par' dir='ltr' id='par_1_66' title="bbox 2151 3279 3804 3372">
     <span class='ocr_line' id='line_1_66' title="bbox 2151 3279 3804 3372; baseline 0.005 -29"><span class='ocrx_word' id='word_1_466' title='bbox 2151 3287 2426 3368; x_wconf 82' lang='grc' dir='ltr'>χλούντων</span> <span class='ocrx_word' id='word_1_467' title='bbox 2485 3279 2819 3359; x_wconf 79' lang='grc' dir='ltr'>ἀπαλλάξας,</span> <span class='ocrx_word' id='word_1_468' title='bbox 2849 3290 3022 3368; x_wconf 79' lang='grc' dir='ltr'>ὑγιεῖς</span> <span class='ocrx_word' id='word_1_469' title='bbox 3051 3287 3235 3346; x_wconf 74' lang='grc' dir='ltr'>οἴκαδε</span> <span class='ocrx_word' id='word_1_470' title='bbox 3269 3289 3478 3346; x_wconf 80' lang='grc' dir='ltr'>ἀπιέναι</span> <span class='ocrx_word' id='word_1_471' title='bbox 3539 3295 3804 3372; x_wconf 75' lang='grc' dir='ltr'>παρεῖχε.</span> 
     </span>
    </p>
   </div>
   <div class='ocr_carea' id='block_1_67' title="bbox 413 3371 2061 3453">
    <p class='ocr_par' dir='ltr' id='par_1_67' title="bbox 413 3371 2061 3453">
     <span class='ocr_line' id='line_1_67' title="bbox 413 3371 2061 3453; baseline -0.003 -16"><span class='ocrx_word' id='word_1_472' title='bbox 413 3393 556 3453; x_wconf 84' lang='lat' dir='ltr'><strong>ergo</strong></span> <span class='ocrx_word' id='word_1_473' title='bbox 587 3393 708 3435; x_wconf 92' lang='lat' dir='ltr'><strong>non</strong></span> <span class='ocrx_word' id='word_1_474' title='bbox 733 3383 824 3436; x_wconf 91' lang='lat' dir='ltr'><strong>est</strong></span> <span class='ocrx_word' id='word_1_475' title='bbox 853 3375 952 3435; x_wconf 86' lang='lat' dir='ltr'><strong>hic</strong></span> <span class='ocrx_word' id='word_1_476' title='bbox 981 3374 1091 3436; x_wconf 89' lang='lat' dir='ltr'><strong>viri</strong></span> <span class='ocrx_word' id='word_1_477' title='bbox 1115 3373 1276 3434; x_wconf 91' lang='lat' dir='ltr'><strong>illius</strong></span> <span class='ocrx_word' id='word_1_478' title='bbox 1298 3373 1714 3435; x_wconf 83' lang='lat' dir='ltr'><strong>admirandum</strong></span> <span class='ocrx_word' id='word_1_479' title='bbox 1736 3380 1764 3436; x_wconf 85' lang='lat'><strong>?</strong></span> <span class='ocrx_word' id='word_1_480' title='bbox 1789 3372 1876 3434; x_wconf 83' lang='lat' dir='ltr'><strong>An</strong></span> <span class='ocrx_word' id='word_1_481' title='bbox 1899 3371 2061 3448; x_wconf 82' lang='lat' dir='ltr'><strong>quod</strong></span> 
     </span>
    </p>
   </div>
   <div class='ocr_carea' id='block_1_68' title="bbox 414 3462 2063 3542">
    <p class='ocr_par' dir='ltr' id='par_1_68' title="bbox 414 3462 2063 3542">
     <span class='ocr_line' id='line_1_68' title="bbox 414 3462 2063 3542; baseline -0.002 -17"><span class='ocrx_word' id='word_1_482' title='bbox 414 3481 553 3525; x_wconf 87' lang='lat' dir='ltr'><strong>eum</strong></span> <span class='ocrx_word' id='word_1_483' title='bbox 586 3463 767 3524; x_wconf 90' lang='lat' dir='ltr'><strong>etiam</strong></span> <span class='ocrx_word' id='word_1_484' title='bbox 801 3482 920 3524; x_wconf 91' lang='lat' dir='ltr'><strong>non</strong></span> <span class='ocrx_word' id='word_1_485' title='bbox 953 3471 1308 3542; x_wconf 63' lang='lat' dir='ltr'><strong>praesentem</strong></span> <span class='ocrx_word' id='word_1_486' title='bbox 1324 3462 1945 3541; x_wconf 64' lang='lat' dir='ltr'><strong>fugerentdazmones?</strong></span> <span class='ocrx_word' id='word_1_487' title='bbox 1967 3465 2063 3524; x_wconf 89' lang='lat' dir='ltr'><strong>An</strong></span> 
     </span>
    </p>
   </div>
   <div class='ocr_carea' id='block_1_69' title="bbox 412 3549 2062 3634">
    <p class='ocr_par' dir='ltr' id='par_1_69' title="bbox 412 3549 2062 3634">
     <span class='ocr_line' id='line_1_69' title="bbox 412 3549 2062 3634; baseline 0 -22"><span class='ocrx_word' id='word_1_488' title='bbox 412 3553 574 3634; x_wconf 87' lang='lat' dir='ltr'><strong>quod</strong></span> <span class='ocrx_word' id='word_1_489' title='bbox 610 3570 738 3627; x_wconf 90' lang='lat' dir='ltr'><strong>eos,</strong></span> <span class='ocrx_word' id='word_1_490' title='bbox 769 3552 870 3632; x_wconf 90' lang='lat' dir='ltr'><strong>qui</strong></span> <span class='ocrx_word' id='word_1_491' title='bbox 903 3569 936 3613; x_wconf 86' lang='lat' dir='ltr'><strong>a</strong></span> <span class='ocrx_word' id='word_1_492' title='bbox 959 3552 1112 3614; x_wconf 84' lang='lat' dir='ltr'><strong>malo</strong></span> <span class='ocrx_word' id='word_1_493' title='bbox 1133 3553 1331 3632; x_wconf 87' lang='lat' dir='ltr'><strong>aliquo</strong></span> <span class='ocrx_word' id='word_1_494' title='bbox 1357 3550 1808 3632; x_wconf 89' lang='lat' dir='ltr'><strong>premebantur,</strong></span> <span class='ocrx_word' id='word_1_495' title='bbox 1835 3549 2062 3613; x_wconf 89' lang='lat' dir='ltr'><strong>libera-</strong></span> 
     </span>
    </p>
   </div>
   <div class='ocr_carea' id='block_1_70' title="bbox 414 3642 2062 3723">
    <p class='ocr_par' dir='ltr' id='par_1_70' title="bbox 414 3642 2062 3723">
     <span class='ocr_line' id='line_1_70' title="bbox 414 3642 2062 3723; baseline -0.001 -20"><span class='ocrx_word' id='word_1_496' title='bbox 414 3643 493 3705; x_wconf 90' lang='lat' dir='ltr'><strong>vit</strong></span> <span class='ocrx_word' id='word_1_497' title='bbox 520 3661 556 3705; x_wconf 78' lang='grc' dir='ltr'>ι</span> <span class='ocrx_word' id='word_1_498' title='bbox 585 3642 794 3705; x_wconf 89' lang='lat' dir='ltr'><strong>dolore</strong></span> <span class='ocrx_word' id='word_1_499' title='bbox 819 3649 848 3706; x_wconf 90' lang='lat'><strong>?</strong></span> <span class='ocrx_word' id='word_1_500' title='bbox 875 3642 1019 3704; x_wconf 85' lang='lat' dir='ltr'><strong>Nam</strong></span> <span class='ocrx_word' id='word_1_501' title='bbox 1045 3643 1135 3705; x_wconf 90' lang='lat' dir='ltr'><strong>vel</strong></span> <span class='ocrx_word' id='word_1_502' title='bbox 1165 3643 1351 3705; x_wconf 86' lang='lat' dir='ltr'><strong>solam</strong></span> <span class='ocrx_word' id='word_1_503' title='bbox 1380 3644 1510 3723; x_wconf 85' lang='lat' dir='ltr'><strong>ejus</strong></span> <span class='ocrx_word' id='word_1_504' title='bbox 1533 3643 1936 3720; x_wconf 90' lang='lat' dir='ltr'><strong>precationem</strong></span> <span class='ocrx_word' id='word_1_505' title='bbox 1961 3642 2062 3703; x_wconf 88' lang='lat' dir='ltr'><strong>ad-</strong></span> 
     </span>
    </p>
   </div>
   <div class='ocr_carea' id='block_1_71' title="bbox 406 3731 2060 3814">
    <p class='ocr_par' dir='ltr' id='par_1_71' title="bbox 406 3731 2060 3814">
     <span class='ocr_line' id='line_1_71' title="bbox 406 3731 2060 3814; baseline -0.001 -21"><span class='ocrx_word' id='word_1_506' title='bbox 406 3750 608 3796; x_wconf 85' lang='lat' dir='ltr'><strong>versas</strong></span> <span class='ocrx_word' id='word_1_507' title='bbox 633 3732 903 3795; x_wconf 90' lang='lat' dir='ltr'><strong>timuisse</strong></span> <span class='ocrx_word' id='word_1_508' title='bbox 927 3732 1274 3814; x_wconf 78' lang='lat' dir='ltr'><strong>phalanges,</strong></span> <span class='ocrx_word' id='word_1_509' title='bbox 1310 3741 1400 3795; x_wconf 90' lang='lat' dir='ltr'><strong>est</strong></span> <span class='ocrx_word' id='word_1_510' title='bbox 1422 3731 1712 3794; x_wconf 86' lang='lat' dir='ltr'><strong>indicium</strong></span> <span class='ocrx_word' id='word_1_511' title='bbox 1739 3731 1969 3793; x_wconf 63' lang='lat' dir='ltr'><strong>fiducia;</strong></span> <span class='ocrx_word' id='word_1_512' title='bbox 1988 3731 2060 3793; x_wconf 85' lang='lat' dir='ltr'><strong>ad</strong></span> 
     </span>
    </p>
   </div>
   <div class='ocr_carea' id='block_1_72' title="bbox 410 3821 2061 3903">
    <p class='ocr_par' dir='ltr' id='par_1_72' title="bbox 410 3821 2061 3903">
     <span class='ocr_line' id='line_1_72' title="bbox 410 3821 2061 3903; baseline -0.003 -16"><span class='ocrx_word' id='word_1_513' title='bbox 410 3824 624 3903; x_wconf 89' lang='lat' dir='ltr'><strong>Deum,</strong></span> <span class='ocrx_word' id='word_1_514' title='bbox 657 3840 691 3883; x_wconf 86' lang='lat' dir='ltr'><strong>a</strong></span> <span class='ocrx_word' id='word_1_515' title='bbox 724 3821 898 3885; x_wconf 90' lang='lat' dir='ltr'><strong>malis</strong></span> <span class='ocrx_word' id='word_1_516' title='bbox 927 3831 1126 3884; x_wconf 86' lang='lat' dir='ltr'><strong>autem</strong></span> <span class='ocrx_word' id='word_1_517' title='bbox 1157 3822 1420 3884; x_wconf 87' lang='lat' dir='ltr'><strong>liberare</strong></span> <span class='ocrx_word' id='word_1_518' title='bbox 1455 3841 1579 3895; x_wconf 87' lang='lat' dir='ltr'><strong>eos,</strong></span> <span class='ocrx_word' id='word_1_519' title='bbox 1600 3821 1702 3902; x_wconf 91' lang='lat' dir='ltr'><strong>qui</strong></span> <span class='ocrx_word' id='word_1_520' title='bbox 1724 3821 1866 3884; x_wconf 90' lang='lat' dir='ltr'><strong>illuc</strong></span> <span class='ocrx_word' id='word_1_521' title='bbox 1888 3841 2061 3883; x_wconf 81' lang='lat' dir='ltr'><strong>acce-</strong></span> 
     </span>
    </p>
   </div>
   <div class='ocr_carea' id='block_1_73' title="bbox 407 3910 2062 3993">
    <p class='ocr_par' dir='ltr' id='par_1_73' title="bbox 407 3910 2062 3993">
     <span class='ocr_line' id='line_1_73' title="bbox 407 3910 2062 3993; baseline -0.002 -18"><span class='ocrx_word' id='word_1_522' title='bbox 407 3912 654 3993; x_wconf 81' lang='lat' dir='ltr'><strong>debant,</strong></span> <span class='ocrx_word' id='word_1_523' title='bbox 687 3918 865 3974; x_wconf 87' lang='lat' dir='ltr'><strong>estet</strong></span> <span class='ocrx_word' id='word_1_524' title='bbox 893 3911 1168 3986; x_wconf 81' lang='lat' dir='ltr'><strong>fervoris,</strong></span> <span class='ocrx_word' id='word_1_525' title='bbox 1203 3919 1263 3974; x_wconf 91' lang='lat' dir='ltr'><strong>et</strong></span> <span class='ocrx_word' id='word_1_526' title='bbox 1314 3911 1880 3973; x_wconf 89' lang='lat' dir='ltr'><strong>commiserationis.</strong></span> <span class='ocrx_word' id='word_1_527' title='bbox 1943 3910 2062 3974; x_wconf 87' lang='lat' dir='ltr'><strong>Sed</strong></span> 
     </span>
    </p>
   </div>
   <div class='ocr_carea' id='block_1_74' title="bbox 406 3999 2062 4082">
    <p class='ocr_par' dir='ltr' id='par_1_74' title="bbox 406 3999 2062 4082">
     <span class='ocr_line' id='line_1_74' title="bbox 406 3999 2062 4082; baseline -0.001 -19"><span class='ocrx_word' id='word_1_528' title='bbox 406 3999 520 4063; x_wconf 89' lang='lat' dir='ltr'><strong>hoc</strong></span> <span class='ocrx_word' id='word_1_529' title='bbox 550 4001 792 4081; x_wconf 90' lang='lat' dir='ltr'><strong>quidem</strong></span> <span class='ocrx_word' id='word_1_530' title='bbox 825 4009 915 4063; x_wconf 90' lang='lat' dir='ltr'><strong>est</strong></span> <span class='ocrx_word' id='word_1_531' title='bbox 935 4000 1232 4080; x_wconf 86' lang='lat' dir='ltr'><strong>ejusmodi</strong></span> <span class='ocrx_word' id='word_1_532' title='bbox 1259 4021 1275 4062; x_wconf 88' lang='lat'><strong>:</strong></span> <span class='ocrx_word' id='word_1_533' title='bbox 1307 4001 1453 4063; x_wconf 89' lang='lat' dir='ltr'><strong>illud</strong></span> <span class='ocrx_word' id='word_1_534' title='bbox 1469 4009 1666 4062; x_wconf 89' lang='lat' dir='ltr'><strong>autem</strong></span> <span class='ocrx_word' id='word_1_535' title='bbox 1691 4000 1964 4082; x_wconf 89' lang='lat' dir='ltr'><strong>quisnam</strong></span> <span class='ocrx_word' id='word_1_536' title='bbox 1984 4001 2062 4062; x_wconf 89' lang='lat' dir='ltr'><strong>si-</strong></span> 
     </span>
    </p>
   </div>
   <div class='ocr_carea' id='block_1_75' title="bbox 406 4089 1024 4170">
    <p class='ocr_par' dir='ltr' id='par_1_75' title="bbox 406 4089 1024 4170">
     <span class='ocr_line' id='line_1_75' title="bbox 406 4089 1024 4170; baseline 0.003 -19"><span class='ocrx_word' id='word_1_537' title='bbox 406 4089 588 4154; x_wconf 87' lang='lat' dir='ltr'><strong>lentio</strong></span> <span class='ocrx_word' id='word_1_538' title='bbox 622 4091 974 4170; x_wconf 66' lang='lat' dir='ltr'><strong>praeterierit</strong></span> <span class='ocrx_word' id='word_1_539' title='bbox 998 4089 1024 4154; x_wconf 83' lang='lat'><strong>?</strong></span> 
     </span>
    </p>
   </div>
   <div class='ocr_carea' id='block_1_76' title="bbox 483 4179 2063 4262">
    <p class='ocr_par' dir='ltr' id='par_1_76' title="bbox 483 4179 2063 4262">
     <span class='ocr_line' id='line_1_76' title="bbox 483 4179 2063 4262; baseline -0.001 -19"><span class='ocrx_word' id='word_1_540' title='bbox 483 4179 633 4244; x_wconf 84' lang='lat' dir='ltr'><strong>LIV.</strong></span> <span class='ocrx_word' id='word_1_541' title='bbox 667 4181 761 4244; x_wconf 85' lang='lat' dir='ltr'><strong>Ad</strong></span> <span class='ocrx_word' id='word_1_542' title='bbox 798 4199 936 4243; x_wconf 88' lang='lat' dir='ltr'><strong>eum</strong></span> <span class='ocrx_word' id='word_1_543' title='bbox 966 4181 1288 4262; x_wconf 89' lang='lat' dir='ltr'><strong>aliquando</strong></span> <span class='ocrx_word' id='word_1_544' title='bbox 1308 4181 1714 4244; x_wconf 84' lang='lat' dir='ltr'><strong>ascenderunt</strong></span> <span class='ocrx_word' id='word_1_545' title='bbox 1744 4181 1808 4256; x_wconf 93' lang='lat' dir='ltr'><strong>ii,</strong></span> <span class='ocrx_word' id='word_1_546' title='bbox 1845 4181 2063 4262; x_wconf 87' lang='lat' dir='ltr'><strong>quibus</strong></span> 
     </span>
    </p>
   </div>
   <div class='ocr_carea' id='block_1_77' title="bbox 403 4267 2062 4352">
    <p class='ocr_par' dir='ltr' id='par_1_77' title="bbox 403 4267 2062 4352">
     <span class='ocr_line' id='line_1_77' title="bbox 403 4267 2062 4352; baseline 0.001 -22"><span class='ocrx_word' id='word_1_547' title='bbox 403 4267 598 4332; x_wconf 84' lang='lat' dir='ltr'><strong>fuerat</strong></span> <span class='ocrx_word' id='word_1_548' title='bbox 628 4270 946 4333; x_wconf 84' lang='lat' dir='ltr'><strong>commissa</strong></span> <span class='ocrx_word' id='word_1_549' title='bbox 979 4271 1334 4352; x_wconf 64' lang='lat' dir='ltr'><strong>praefectura</strong></span> <span class='ocrx_word' id='word_1_550' title='bbox 1363 4270 1746 4352; x_wconf 79' lang='lat' dir='ltr'><strong>templorum,</strong></span> <span class='ocrx_word' id='word_1_551' title='bbox 1771 4288 1904 4350; x_wconf 70' lang='lat' dir='ltr'><strong>quae</strong></span> <span class='ocrx_word' id='word_1_552' title='bbox 1931 4270 2062 4351; x_wconf 88' lang='lat' dir='ltr'><strong>ipse</strong></span> 
     </span>
    </p>
   </div>
   <div class='ocr_carea' id='block_1_78' title="bbox 402 4360 2058 4432">
    <p class='ocr_par' dir='ltr' id='par_1_78' title="bbox 402 4360 2058 4432">
     <span class='ocr_line' id='line_1_78' title="bbox 402 4360 2058 4432; baseline 0.001 -12"><span class='ocrx_word' id='word_1_553' title='bbox 402 4367 794 4422; x_wconf 75' lang='lat' dir='ltr'><strong>exstruxerat.</strong></span> <span class='ocrx_word' id='word_1_554' title='bbox 832 4360 980 4424; x_wconf 91' lang='lat' dir='ltr'><strong>Cum</strong></span> <span class='ocrx_word' id='word_1_555' title='bbox 1027 4367 1224 4422; x_wconf 83' lang='lat' dir='ltr'><strong>autem</strong></span> <span class='ocrx_word' id='word_1_556' title='bbox 1283 4368 1560 4422; x_wconf 83' lang='lat' dir='ltr'><strong>sanctum</strong></span> <span class='ocrx_word' id='word_1_557' title='bbox 1611 4362 2058 4432; x_wconf 84' lang='lat' dir='ltr'><strong>convenissent,</strong></span> 
     </span>
    </p>
   </div>
   <div class='ocr_carea' id='block_1_79' title="bbox 403 4448 2060 4531">
    <p class='ocr_par' dir='ltr' id='par_1_79' title="bbox 403 4448 2060 4531">
     <span class='ocr_line' id='line_1_79' title="bbox 403 4448 2060 4531; baseline -0.001 -19"><span class='ocrx_word' id='word_1_558' title='bbox 403 4455 463 4512; x_wconf 83' lang='lat' dir='ltr'><strong>et</strong></span> <span class='ocrx_word' id='word_1_559' title='bbox 492 4467 628 4513; x_wconf 88' lang='lat' dir='ltr'><strong>eum</strong></span> <span class='ocrx_word' id='word_1_560' title='bbox 661 4449 796 4511; x_wconf 80' lang='lat' dir='ltr'><strong>fixis</strong></span> <span class='ocrx_word' id='word_1_561' title='bbox 828 4449 1022 4512; x_wconf 87' lang='lat' dir='ltr'><strong>oculis</strong></span> <span class='ocrx_word' id='word_1_562' title='bbox 1052 4448 1424 4531; x_wconf 86' lang='lat' dir='ltr'><strong>adspexisset</strong></span> <span class='ocrx_word' id='word_1_563' title='bbox 1475 4449 1715 4530; x_wconf 85' lang='lat' dir='ltr'><strong>quidam</strong></span> <span class='ocrx_word' id='word_1_564' title='bbox 1757 4467 1826 4511; x_wconf 84' lang='lat' dir='ltr'><strong>ex</strong></span> <span class='ocrx_word' id='word_1_565' title='bbox 1858 4449 1968 4524; x_wconf 90' lang='lat' dir='ltr'><strong>eis,</strong></span> <span class='ocrx_word' id='word_1_566' title='bbox 2004 4449 2060 4511; x_wconf 91' lang='lat' dir='ltr'><strong>ei</strong></span> 
     </span>
    </p>
   </div>
   <div class='ocr_carea' id='block_1_80' title="bbox 400 4537 2062 4617">
    <p class='ocr_par' dir='ltr' id='par_1_80' title="bbox 400 4537 2062 4617">
     <span class='ocr_line' id='line_1_80' title="bbox 400 4537 2062 4617; baseline 0.002 -20"><span class='ocrx_word' id='word_1_567' title='bbox 400 4538 569 4601; x_wconf 82' lang='lat' dir='ltr'><strong>venit</strong></span> <span class='ocrx_word' id='word_1_568' title='bbox 603 4538 664 4598; x_wconf 93' lang='lat' dir='ltr'><strong>in</strong></span> <span class='ocrx_word' id='word_1_569' title='bbox 699 4545 958 4600; x_wconf 86' lang='lat' dir='ltr'><strong>mentem</strong></span> <span class='ocrx_word' id='word_1_570' title='bbox 985 4539 1286 4617; x_wconf 85' lang='lat' dir='ltr'><strong>cogitare:</strong></span> <span class='ocrx_word' id='word_1_571' title='bbox 1340 4540 1400 4602; x_wconf 94' lang='lat' dir='ltr'><strong>Si</strong></span> <span class='ocrx_word' id='word_1_572' title='bbox 1448 4539 1544 4600; x_wconf 88' lang='lat' dir='ltr'><strong>hic</strong></span> <span class='ocrx_word' id='word_1_573' title='bbox 1601 4539 1835 4599; x_wconf 90' lang='lat' dir='ltr'><strong>divinus</strong></span> <span class='ocrx_word' id='word_1_574' title='bbox 1891 4537 2062 4600; x_wconf 89' lang='lat' dir='ltr'><strong>Pater</strong></span> 
     </span>
    </p>
   </div>
   <div class='ocr_carea' id='block_1_81' title="bbox 2144 3376 3808 3456">
    <p class='ocr_par' dir='ltr' id='par_1_81' title="bbox 2144 3376 3808 3456">
     <span class='ocr_line' id='line_1_81' title="bbox 2144 3376 3808 3456; baseline 0.004 -22"><span class='ocrx_word' id='word_1_575' title='bbox 2144 3379 2204 3434; x_wconf 82' lang='grc' dir='ltr'>Τί</span> <span class='ocrx_word' id='word_1_576' title='bbox 2263 3377 2353 3434; x_wconf 74' lang='grc' dir='ltr'>οὖν</span> <span class='ocrx_word' id='word_1_577' title='bbox 2411 3376 2627 3434; x_wconf 75' lang='grc' dir='ltr'>ἐνταῦθα</span> <span class='ocrx_word' id='word_1_578' title='bbox 2697 3379 2775 3453; x_wconf 80' lang='grc' dir='ltr'>μὴ</span> <span class='ocrx_word' id='word_1_579' title='bbox 2845 3388 2938 3437; x_wconf 83' lang='grc' dir='ltr'>τοῦ</span> <span class='ocrx_word' id='word_1_580' title='bbox 2987 3376 3172 3454; x_wconf 80' lang='grc' dir='ltr'>ἀνδρὸς</span> <span class='ocrx_word' id='word_1_581' title='bbox 3231 3378 3606 3456; x_wconf 73' lang='grc' dir='ltr'>θαυμαστέονς</span> <span class='ocrx_word' id='word_1_582' title='bbox 3666 3380 3808 3440; x_wconf 79' lang='grc' dir='ltr'>’Ὅτι</span> 
     </span>
    </p>
   </div>
   <div class='ocr_carea' id='block_1_82' title="bbox 2144 3465 3807 3547">
    <p class='ocr_par' dir='ltr' id='par_1_82' title="bbox 2144 3465 3807 3547">
     <span class='ocr_line' id='line_1_82' title="bbox 2144 3465 3807 3547; baseline 0.004 -26"><span class='ocrx_word' id='word_1_583' title='bbox 2144 3466 2229 3522; x_wconf 82' lang='grc' dir='ltr'><strong>καὶ</strong></span> <span class='ocrx_word' id='word_1_584' title='bbox 2291 3465 2368 3541; x_wconf 78' lang='grc' dir='ltr'>μὴ</span> <span class='ocrx_word' id='word_1_585' title='bbox 2399 3465 2635 3544; x_wconf 83' lang='grc' dir='ltr'>παρόντα</span> <span class='ocrx_word' id='word_1_586' title='bbox 2681 3477 2866 3526; x_wconf 83' lang='grc' dir='ltr'>τοῦτον</span> <span class='ocrx_word' id='word_1_587' title='bbox 2919 3470 2967 3523; x_wconf 75' lang='grc' dir='ltr'>οἱ</span> <span class='ocrx_word' id='word_1_588' title='bbox 3025 3466 3272 3542; x_wconf 86' lang='grc' dir='ltr'>δαίμονες</span> <span class='ocrx_word' id='word_1_589' title='bbox 3333 3467 3573 3547; x_wconf 71' lang='grc' dir='ltr'>ἔφυγονς</span> <span class='ocrx_word' id='word_1_590' title='bbox 3627 3469 3663 3538; x_wconf 72' lang='grc' dir='ltr'>ἢ</span> <span class='ocrx_word' id='word_1_591' title='bbox 3721 3469 3807 3527; x_wconf 79' lang='grc' dir='ltr'><strong>ὅτι</strong></span> 
     </span>
    </p>
   </div>
   <div class='ocr_carea' id='block_1_83' title="bbox 2143 3555 3808 3636">
    <p class='ocr_par' dir='ltr' id='par_1_83' title="bbox 2143 3555 3808 3636">
     <span class='ocr_line' id='line_1_83' title="bbox 2143 3555 3808 3636; baseline 0.003 -25"><span class='ocrx_word' id='word_1_592' title='bbox 2143 3556 2266 3619; x_wconf 81' lang='grc' dir='ltr'>τοὺς</span> <span class='ocrx_word' id='word_1_593' title='bbox 2334 3556 2437 3611; x_wconf 80' lang='grc' dir='ltr'><strong>ὑπὸ</strong></span> <span class='ocrx_word' id='word_1_594' title='bbox 2521 3555 2720 3612; x_wconf 84' lang='grc' dir='ltr'>τούτων</span> <span class='ocrx_word' id='word_1_595' title='bbox 2795 3563 3143 3632; x_wconf 80' lang='grc' dir='ltr'>πιεζομενους</span> <span class='ocrx_word' id='word_1_596' title='bbox 3216 3563 3321 3614; x_wconf 83' lang='grc' dir='ltr'><strong>τῶν</strong></span> <span class='ocrx_word' id='word_1_597' title='bbox 3379 3555 3639 3636; x_wconf 82' lang='grc' dir='ltr'>ἀλγεινῶν</span> <span class='ocrx_word' id='word_1_598' title='bbox 3711 3567 3808 3618; x_wconf 79' lang='grc' dir='ltr'><strong>τοῦ</strong></span> 
     </span>
    </p>
   </div>
   <div class='ocr_carea' id='block_1_84' title="bbox 2145 3643 3808 3724">
    <p class='ocr_par' dir='ltr' id='par_1_84' title="bbox 2145 3643 3808 3724">
     <span class='ocr_line' id='line_1_84' title="bbox 2145 3643 3808 3724; baseline 0.003 -23"><span class='ocrx_word' id='word_1_599' title='bbox 2145 3645 2340 3707; x_wconf 84' lang='grc' dir='ltr'>πάθους</span> <span class='ocrx_word' id='word_1_600' title='bbox 2392 3643 2702 3714; x_wconf 71' lang='grc' dir='ltr'>ἀπήλλαττε</span> <span class='ocrx_word' id='word_1_601' title='bbox 2737 3665 2755 3718; x_wconf 86' lang='lat'><strong>;</strong></span> <span class='ocrx_word' id='word_1_602' title='bbox 2801 3646 2881 3704; x_wconf 87' lang='lat' dir='ltr'><strong>T6</strong></span> <span class='ocrx_word' id='word_1_603' title='bbox 2914 3646 3013 3718; x_wconf 75' lang='grc' dir='ltr'>μὲν</span> <span class='ocrx_word' id='word_1_604' title='bbox 3043 3647 3144 3724; x_wconf 76' lang='grc' dir='ltr'><strong>γὰρ</strong></span> <span class='ocrx_word' id='word_1_605' title='bbox 3173 3647 3260 3702; x_wconf 74' lang='grc' dir='ltr'>καὶ</span> <span class='ocrx_word' id='word_1_606' title='bbox 3295 3648 3467 3722; x_wconf 86' lang='grc' dir='ltr'>μόνην</span> <span class='ocrx_word' id='word_1_607' title='bbox 3493 3649 3590 3716; x_wconf 74' lang='grc' dir='ltr'>τὴν</span> <span class='ocrx_word' id='word_1_608' title='bbox 3621 3649 3808 3706; x_wconf 76' lang='grc' dir='ltr'>τούτου</span> 
     </span>
    </p>
   </div>
   <div class='ocr_carea' id='block_1_85' title="bbox 2147 3733 3808 3816">
    <p class='ocr_par' dir='ltr' id='par_1_85' title="bbox 2147 3733 3808 3816">
     <span class='ocr_line' id='line_1_85' title="bbox 2147 3733 3808 3816; baseline 0.004 -28"><span class='ocrx_word' id='word_1_609' title='bbox 2147 3733 2319 3812; x_wconf 74' lang='grc' dir='ltr'>εὒχὴν</span> <span class='ocrx_word' id='word_1_610' title='bbox 2389 3733 2481 3798; x_wconf 80' lang='grc' dir='ltr'><strong>τὰς</strong></span> <span class='ocrx_word' id='word_1_611' title='bbox 2537 3735 2778 3796; x_wconf 72' lang='grc' dir='ltr'>ὶναντίας</span> <span class='ocrx_word' id='word_1_612' title='bbox 2846 3733 3127 3815; x_wconf 72' lang='grc' dir='ltr'>φάλαγγας</span> <span class='ocrx_word' id='word_1_613' title='bbox 3196 3733 3449 3815; x_wconf 74' lang='grc' dir='ltr'>δεδιέναι,</span> <span class='ocrx_word' id='word_1_614' title='bbox 3507 3736 3808 3816; x_wconf 83' lang='grc' dir='ltr'>παῤῥησίας</span> 
     </span>
    </p>
   </div>
   <div class='ocr_carea' id='block_1_86' title="bbox 2146 3819 3806 3900">
    <p class='ocr_par' dir='ltr' id='par_1_86' title="bbox 2146 3819 3806 3900">
     <span class='ocr_line' id='line_1_86' title="bbox 2146 3819 3806 3900; baseline 0.005 -23"><span class='ocrx_word' id='word_1_615' title='bbox 2146 3819 2344 3898; x_wconf 78' lang='grc' dir='ltr'>δεῖγμα</span> <span class='ocrx_word' id='word_1_616' title='bbox 2401 3827 2499 3888; x_wconf 81' lang='grc' dir='ltr'>τῆς</span> <span class='ocrx_word' id='word_1_617' title='bbox 2529 3824 2662 3900; x_wconf 83' lang='grc' dir='ltr'>πρὸς</span> <span class='ocrx_word' id='word_1_618' title='bbox 2716 3824 2810 3879; x_wconf 83' lang='grc' dir='ltr'><strong>τὸν</strong></span> <span class='ocrx_word' id='word_1_619' title='bbox 2844 3824 3122 3891; x_wconf 86' lang='grc' dir='ltr'>Δεσπότην</span> <span class='ocrx_word' id='word_1_620' title='bbox 3169 3825 3324 3898; x_wconf 76' lang='grc' dir='ltr'>Θεὸν,</span> <span class='ocrx_word' id='word_1_621' title='bbox 3355 3827 3416 3881; x_wconf 92' lang='lat'><strong>16</strong></span> <span class='ocrx_word' id='word_1_622' title='bbox 3473 3823 3530 3880; x_wconf 75' lang='grc' dir='ltr'>δὲ</span> <span class='ocrx_word' id='word_1_623' title='bbox 3559 3829 3648 3884; x_wconf 75' lang='grc' dir='ltr'><strong>καὶ</strong></span> <span class='ocrx_word' id='word_1_624' title='bbox 3697 3849 3806 3884; x_wconf 77' lang='grc' dir='ltr'><strong>κα-</strong></span> 
     </span>
    </p>
   </div>
   <div class='ocr_carea' id='block_1_87' title="bbox 2145 3910 3807 3996">
    <p class='ocr_par' dir='ltr' id='par_1_87' title="bbox 2145 3910 3807 3996">
     <span class='ocr_line' id='line_1_87' title="bbox 2145 3910 3807 3996; baseline 0.004 -28"><span class='ocrx_word' id='word_1_625' title='bbox 2145 3914 2255 3970; x_wconf 83' lang='grc' dir='ltr'><strong>κῶν</strong></span> <span class='ocrx_word' id='word_1_626' title='bbox 2312 3910 2437 3974; x_wconf 80' lang='grc' dir='ltr'>τοὺς</span> <span class='ocrx_word' id='word_1_627' title='bbox 2490 3913 2609 3968; x_wconf 60' lang='grc' dir='ltr'>εκεῖ</span> <span class='ocrx_word' id='word_1_628' title='bbox 2667 3911 3111 3991; x_wconf 78' lang='grc' dir='ltr'>παραϐάλλοντας</span> <span class='ocrx_word' id='word_1_629' title='bbox 3164 3911 3546 3991; x_wconf 73' lang='grc' dir='ltr'>ἀπαλλάττειν,</span> <span class='ocrx_word' id='word_1_630' title='bbox 3606 3916 3807 3996; x_wconf 84' lang='grc' dir='ltr'>θερμό-</span> 
     </span>
    </p>
   </div>
   <div class='ocr_carea' id='block_1_88' title="bbox 2144 3999 3807 4081">
    <p class='ocr_par' dir='ltr' id='par_1_88' title="bbox 2144 3999 3807 4081">
     <span class='ocr_line' id='line_1_88' title="bbox 2144 3999 3807 4081; baseline 0.002 -22"><span class='ocrx_word' id='word_1_631' title='bbox 2144 4001 2305 4069; x_wconf 85' lang='grc' dir='ltr'>τητός</span> <span class='ocrx_word' id='word_1_632' title='bbox 2389 4021 2446 4056; x_wconf 90' lang='grc' dir='ltr'><strong>τε</strong></span> <span class='ocrx_word' id='word_1_633' title='bbox 2524 4000 2614 4057; x_wconf 83' lang='grc' dir='ltr'><strong>καὶ</strong></span> <span class='ocrx_word' id='word_1_634' title='bbox 2698 4005 3006 4076; x_wconf 87' lang='grc' dir='ltr'>συμπθείας.</span> <span class='ocrx_word' id='word_1_635' title='bbox 3083 3999 3262 4064; x_wconf 77' lang='grc' dir='ltr'>Ἀλλά</span> <span class='ocrx_word' id='word_1_636' title='bbox 3336 4005 3493 4063; x_wconf 81' lang='grc' dir='ltr'>τοῦτο</span> <span class='ocrx_word' id='word_1_637' title='bbox 3563 4005 3661 4081; x_wconf 75' lang='grc' dir='ltr'>μὲν</span> <span class='ocrx_word' id='word_1_638' title='bbox 3735 4003 3807 4073; x_wconf 64' lang='grc' dir='ltr'>δὴ</span> 
     </span>
    </p>
   </div>
   <div class='ocr_carea' id='block_1_89' title="bbox 2143 4087 3464 4170">
    <p class='ocr_par' dir='ltr' id='par_1_89' title="bbox 2143 4087 3464 4170">
     <span class='ocr_line' id='line_1_89' title="bbox 2143 4087 3464 4170; baseline 0.002 -22"><span class='ocrx_word' id='word_1_639' title='bbox 2143 4097 2420 4148; x_wconf 78' lang='grc' dir='ltr'>τοσοῦτονο</span> <span class='ocrx_word' id='word_1_640' title='bbox 2453 4093 2635 4146; x_wconf 67' lang='grc' dir='ltr'>εκετνο</span> <span class='ocrx_word' id='word_1_641' title='bbox 2663 4087 2717 4145; x_wconf 75' lang='grc' dir='ltr'>δὲ</span> <span class='ocrx_word' id='word_1_642' title='bbox 2747 4090 2824 4156; x_wconf 90' lang='grc' dir='ltr'><strong>τίς</strong></span> <span class='ocrx_word' id='word_1_643' title='bbox 2857 4090 2921 4146; x_wconf 78' lang='grc' dir='ltr'><strong>ἂν</strong></span> <span class='ocrx_word' id='word_1_644' title='bbox 2950 4096 3132 4168; x_wconf 75' lang='grc' dir='ltr'>σιωπῇ</span> <span class='ocrx_word' id='word_1_645' title='bbox 3157 4091 3407 4170; x_wconf 79' lang='grc' dir='ltr'>παρέλθοι</span> <span class='ocrx_word' id='word_1_646' title='bbox 3447 4113 3464 4170; x_wconf 83' lang='lat'><strong>;</strong></span> 
     </span>
    </p>
   </div>
   <div class='ocr_carea' id='block_1_90' title="bbox 2225 4177 3803 4263">
    <p class='ocr_par' dir='ltr' id='par_1_90' title="bbox 2225 4177 3803 4263">
     <span class='ocr_line' id='line_1_90' title="bbox 2225 4177 3803 4263; baseline 0.005 -28"><span class='ocrx_word' id='word_1_647' title='bbox 2225 4179 2360 4243; x_wconf 81' lang='lat' dir='ltr'><strong>NA&#39;,</strong></span> <span class='ocrx_word' id='word_1_648' title='bbox 2417 4177 2674 4246; x_wconf 80' lang='grc' dir='ltr'>Ἀνῆλθόν</span> <span class='ocrx_word' id='word_1_649' title='bbox 2725 4200 2856 4236; x_wconf 88' lang='grc' dir='ltr'>ποτε</span> <span class='ocrx_word' id='word_1_650' title='bbox 2913 4182 3046 4259; x_wconf 83' lang='grc' dir='ltr'>πρὸς</span> <span class='ocrx_word' id='word_1_651' title='bbox 3095 4183 3252 4238; x_wconf 72' lang='grc' dir='ltr'>αὐτὸν</span> <span class='ocrx_word' id='word_1_652' title='bbox 3306 4184 3354 4240; x_wconf 69' lang='grc' dir='ltr'>οἱ</span> <span class='ocrx_word' id='word_1_653' title='bbox 3409 4183 3510 4252; x_wconf 79' lang='grc' dir='ltr'>τὴν</span> <span class='ocrx_word' id='word_1_654' title='bbox 3566 4207 3803 4263; x_wconf 84' lang='grc' dir='ltr'>προστα-</span> 
     </span>
    </p>
   </div>
   <div class='ocr_carea' id='block_1_91' title="bbox 2145 4266 3802 4354">
    <p class='ocr_par' dir='ltr' id='par_1_91' title="bbox 2145 4266 3802 4354">
     <span class='ocr_line' id='line_1_91' title="bbox 2145 4266 3802 4354; baseline 0.004 -28"><span class='ocrx_word' id='word_1_655' title='bbox 2145 4272 2262 4326; x_wconf 86' lang='grc' dir='ltr'>σίαν</span> <span class='ocrx_word' id='word_1_656' title='bbox 2343 4272 2420 4325; x_wconf 82' lang='grc' dir='ltr'>ὧν</span> <span class='ocrx_word' id='word_1_657' title='bbox 2505 4267 2658 4331; x_wconf 83' lang='grc' dir='ltr'>οὗτος</span> <span class='ocrx_word' id='word_1_658' title='bbox 2759 4266 3007 4344; x_wconf 70' lang='grc' dir='ltr'>ἐδείματο</span> <span class='ocrx_word' id='word_1_659' title='bbox 3090 4271 3230 4328; x_wconf 83' lang='grc' dir='ltr'>ναῶν</span> <span class='ocrx_word' id='word_1_660' title='bbox 3315 4272 3802 4354; x_wconf 69' lang='grc' dir='ltr'>ἰγκεχειρισμένοι,</span> 
     </span>
    </p>
   </div>
   <div class='ocr_carea' id='block_1_92' title="bbox 2143 4355 3808 4442">
    <p class='ocr_par' dir='ltr' id='par_1_92' title="bbox 2143 4355 3808 4442">
     <span class='ocr_line' id='line_1_92' title="bbox 2143 4355 3808 4442; baseline 0.004 -27"><span class='ocrx_word' id='word_1_661' title='bbox 2143 4355 2364 4425; x_wconf 78' lang='grc' dir='ltr'>Ἐπειδὴ</span> <span class='ocrx_word' id='word_1_662' title='bbox 2418 4356 2473 4414; x_wconf 76' lang='grc' dir='ltr'>δὲ</span> <span class='ocrx_word' id='word_1_663' title='bbox 2504 4359 2578 4420; x_wconf 76' lang='grc' dir='ltr'>εἰς</span> <span class='ocrx_word' id='word_1_664' title='bbox 2636 4355 2828 4436; x_wconf 66' lang='grc' dir='ltr'>λόγους</span> <span class='ocrx_word' id='word_1_665' title='bbox 2864 4357 3060 4416; x_wconf 68' lang='grc' dir='ltr'>ἔλθοιεν</span> <span class='ocrx_word' id='word_1_666' title='bbox 3105 4367 3183 4436; x_wconf 86' lang='grc' dir='ltr'>τῷ</span> <span class='ocrx_word' id='word_1_667' title='bbox 3235 4361 3392 4442; x_wconf 78' lang='grc' dir='ltr'>ἁγίῳ,</span> <span class='ocrx_word' id='word_1_668' title='bbox 3429 4363 3519 4420; x_wconf 87' lang='grc' dir='ltr'><strong>καί</strong></span> <span class='ocrx_word' id='word_1_669' title='bbox 3545 4384 3624 4430; x_wconf 89' lang='grc' dir='ltr'><strong>τις</strong></span> <span class='ocrx_word' id='word_1_670' title='bbox 3681 4364 3808 4421; x_wconf 74' lang='grc' dir='ltr'>τού-</span> 
     </span>
    </p>
   </div>
   <div class='ocr_carea' id='block_1_93' title="bbox 2141 4446 3806 4529">
    <p class='ocr_par' dir='ltr' id='par_1_93' title="bbox 2141 4446 3806 4529">
     <span class='ocr_line' id='line_1_93' title="bbox 2141 4446 3806 4529; baseline 0.005 -25"><span class='ocrx_word' id='word_1_671' title='bbox 2141 4469 2249 4504; x_wconf 86' lang='grc' dir='ltr'>των</span> <span class='ocrx_word' id='word_1_672' title='bbox 2291 4447 2474 4512; x_wconf 76' lang='grc' dir='ltr'>ἀτενές</span> <span class='ocrx_word' id='word_1_673' title='bbox 2506 4450 2649 4520; x_wconf 69' lang='grc' dir='ltr'><strong>αὒτῷ</strong></span> <span class='ocrx_word' id='word_1_674' title='bbox 2679 4446 2898 4526; x_wconf 73' lang='grc' dir='ltr'>ἰνορῶν,</span> <span class='ocrx_word' id='word_1_675' title='bbox 2933 4447 3108 4506; x_wconf 75' lang='grc' dir='ltr'>ἔννοια</span> <span class='ocrx_word' id='word_1_676' title='bbox 3156 4451 3328 4524; x_wconf 80' lang='grc' dir='ltr'>τούτῳ</span> <span class='ocrx_word' id='word_1_677' title='bbox 3362 4451 3582 4529; x_wconf 84' lang='grc' dir='ltr'>γίνεται,</span> <span class='ocrx_word' id='word_1_678' title='bbox 3619 4455 3694 4518; x_wconf 77' lang='grc' dir='ltr'>ὣς</span> <span class='ocrx_word' id='word_1_679' title='bbox 3740 4455 3806 4512; x_wconf 68' lang='lat' dir='ltr'><strong>Et</strong></span> 
     </span>
    </p>
   </div>
   <div class='ocr_carea' id='block_1_94' title="bbox 2143 4535 3804 4615">
    <p class='ocr_par' dir='ltr' id='par_1_94' title="bbox 2143 4535 3804 4615">
     <span class='ocr_line' id='line_1_94' title="bbox 2143 4535 3804 4615; baseline 0.004 -21"><span class='ocrx_word' id='word_1_680' title='bbox 2143 4538 2170 4594; x_wconf 88' lang='lat'><strong>6</strong></span> <span class='ocrx_word' id='word_1_681' title='bbox 2241 4539 2386 4601; x_wconf 80' lang='grc' dir='ltr'>θεῖος</span> <span class='ocrx_word' id='word_1_682' title='bbox 2441 4535 2592 4599; x_wconf 79' lang='grc' dir='ltr'>οὗτος</span> <span class='ocrx_word' id='word_1_683' title='bbox 2672 4538 2856 4615; x_wconf 78' lang='grc' dir='ltr'>Πατὴρ</span> <span class='ocrx_word' id='word_1_684' title='bbox 2888 4535 3210 4604; x_wconf 85' lang='grc' dir='ltr'>ἰωαννίκιος</span> <span class='ocrx_word' id='word_1_685' title='bbox 3263 4541 3386 4604; x_wconf 79' lang='grc' dir='ltr'>τοὺς</span> <span class='ocrx_word' id='word_1_686' title='bbox 3472 4543 3804 4610; x_wconf 80' lang='grc' dir='ltr'>ἀσκητικοὺς</span> 
     </span>
    </p>
   </div>
   <div class='ocr_carea' id='block_1_95' title="bbox 402 4625 2063 4707">
    <p class='ocr_par' dir='ltr' id='par_1_95' title="bbox 402 4626 2061 4699">
     <span class='ocr_line' id='line_1_95' title="bbox 402 4626 2061 4699; baseline 0.001 -12"><span class='ocrx_word' id='word_1_687' title='bbox 402 4626 752 4690; x_wconf 81' lang='lat' dir='ltr'><strong>Joannicius</strong></span> <span class='ocrx_word' id='word_1_688' title='bbox 786 4645 1036 4689; x_wconf 62' lang='lat' dir='ltr'><strong>summa:</strong></span> <span class='ocrx_word' id='word_1_689' title='bbox 1057 4627 1498 4691; x_wconf 86' lang='lat' dir='ltr'><strong>subiitlabores</strong></span> <span class='ocrx_word' id='word_1_690' title='bbox 1525 4627 2061 4699; x_wconf 83' lang='lat' dir='ltr'><strong>exercitationis,et</strong></span> 
     </span>
    </p>
   </div>
   <div class='ocr_carea' id='block_1_96' title="bbox 2151 4625 3806 4707">
    <p class='ocr_par' dir='ltr' id='par_1_96' title="bbox 2151 4625 3806 4707">
     <span class='ocr_line' id='line_1_96' title="bbox 2151 4625 3806 4707; baseline 0.004 -24"><span class='ocrx_word' id='word_1_691' title='bbox 2151 4632 2246 4683; x_wconf 80' lang='grc' dir='ltr'><strong>τῶν</strong></span> <span class='ocrx_word' id='word_1_692' title='bbox 2303 4626 2480 4683; x_wconf 86' lang='grc' dir='ltr'>πόνων</span> <span class='ocrx_word' id='word_1_693' title='bbox 2540 4625 2716 4705; x_wconf 76' lang='grc' dir='ltr'>ἄκρως</span> <span class='ocrx_word' id='word_1_694' title='bbox 2776 4629 2988 4705; x_wconf 77' lang='grc' dir='ltr'>μετῄει,</span> <span class='ocrx_word' id='word_1_695' title='bbox 3045 4631 3136 4686; x_wconf 75' lang='grc' dir='ltr'>καὶ</span> <span class='ocrx_word' id='word_1_696' title='bbox 3193 4629 3556 4707; x_wconf 71' lang='grc' dir='ltr'>πολυημέροις</span> <span class='ocrx_word' id='word_1_697' title='bbox 3615 4633 3806 4689; x_wconf 74' lang='grc' dir='ltr'>ἑαυτὸν</span> 
     </span>
    </p>
   </div>
   <div class='ocr_carea' id='block_1_97' title="bbox 403 4715 2063 4799">
    <p class='ocr_par' dir='ltr' id='par_1_97' title="bbox 403 4716 2058 4798">
     <span class='ocr_line' id='line_1_97' title="bbox 403 4716 2058 4798; baseline 0.002 -21"><span class='ocrx_word' id='word_1_698' title='bbox 403 4734 471 4778; x_wconf 84' lang='lat' dir='ltr'><strong>se</strong></span> <span class='ocrx_word' id='word_1_699' title='bbox 505 4717 828 4779; x_wconf 90' lang='lat' dir='ltr'><strong>multorum</strong></span> <span class='ocrx_word' id='word_1_700' title='bbox 859 4716 1091 4780; x_wconf 90' lang='lat' dir='ltr'><strong>dierum</strong></span> <span class='ocrx_word' id='word_1_701' title='bbox 1116 4719 1614 4798; x_wconf 86' lang='lat' dir='ltr'><strong>amixitjejuniis,</strong></span> <span class='ocrx_word' id='word_1_702' title='bbox 1643 4736 1752 4780; x_wconf 91' lang='lat' dir='ltr'><strong>cur</strong></span> <span class='ocrx_word' id='word_1_703' title='bbox 1772 4737 1889 4779; x_wconf 91' lang='lat' dir='ltr'><strong>non</strong></span> <span class='ocrx_word' id='word_1_704' title='bbox 1922 4736 2058 4780; x_wconf 83' lang='lat' dir='ltr'><strong>car-</strong></span> 
     </span>
    </p>
   </div>
   <div class='ocr_carea' id='block_1_98' title="bbox 2151 4715 3801 4799">
    <p class='ocr_par' dir='ltr' id='par_1_98' title="bbox 2151 4715 3801 4799">
     <span class='ocr_line' id='line_1_98' title="bbox 2151 4715 3801 4799; baseline 0.004 -27"><span class='ocrx_word' id='word_1_705' title='bbox 2151 4715 2400 4773; x_wconf 72' lang='grc' dir='ltr'>ὲκδέδωκε</span> <span class='ocrx_word' id='word_1_706' title='bbox 2456 4717 2583 4778; x_wconf 85' lang='grc' dir='ltr'>ταῖς</span> <span class='ocrx_word' id='word_1_707' title='bbox 2621 4717 2914 4798; x_wconf 83' lang='grc' dir='ltr'>νηστείαις,</span> <span class='ocrx_word' id='word_1_708' title='bbox 2947 4718 2997 4775; x_wconf 88' lang='grc' dir='ltr'><strong>τί</strong></span> <span class='ocrx_word' id='word_1_709' title='bbox 3054 4715 3190 4786; x_wconf 75' lang='grc' dir='ltr'>δῆτα</span> <span class='ocrx_word' id='word_1_710' title='bbox 3233 4719 3312 4796; x_wconf 76' lang='grc' dir='ltr'><strong>μὴ</strong></span> <span class='ocrx_word' id='word_1_711' title='bbox 3371 4727 3464 4777; x_wconf 82' lang='grc' dir='ltr'>τοῦ</span> <span class='ocrx_word' id='word_1_712' title='bbox 3505 4728 3611 4778; x_wconf 81' lang='grc' dir='ltr'><strong>τῶν</strong></span> <span class='ocrx_word' id='word_1_713' title='bbox 3669 4743 3801 4799; x_wconf 75' lang='grc' dir='ltr'>σαρ-</span> 
     </span>
    </p>
   </div>
   <div class='ocr_carea' id='block_1_99' title="bbox 407 4805 2056 4889">
    <p class='ocr_par' dir='ltr' id='par_1_99' title="bbox 407 4805 2056 4889">
     <span class='ocr_line' id='line_1_99' title="bbox 407 4805 2056 4889; baseline 0.001 -21"><span class='ocrx_word' id='word_1_714' title='bbox 407 4805 503 4868; x_wconf 92' lang='lat' dir='ltr'><strong>nis</strong></span> <span class='ocrx_word' id='word_1_715' title='bbox 534 4806 674 4869; x_wconf 86' lang='lat' dir='ltr'><strong>vicit</strong></span> <span class='ocrx_word' id='word_1_716' title='bbox 706 4806 1179 4889; x_wconf 87' lang='lat' dir='ltr'><strong>multitudinem,</strong></span> <span class='ocrx_word' id='word_1_717' title='bbox 1213 4809 1319 4871; x_wconf 90' lang='lat' dir='ltr'><strong>sed</strong></span> <span class='ocrx_word' id='word_1_718' title='bbox 1354 4815 1446 4871; x_wconf 88' lang='lat' dir='ltr'><strong>est</strong></span> <span class='ocrx_word' id='word_1_719' title='bbox 1474 4809 1671 4870; x_wconf 89' lang='lat' dir='ltr'><strong>adhuc</strong></span> <span class='ocrx_word' id='word_1_720' title='bbox 1711 4807 1925 4870; x_wconf 81' lang='lat' dir='ltr'><strong>similis</strong></span> <span class='ocrx_word' id='word_1_721' title='bbox 1956 4808 2056 4881; x_wconf 90' lang='lat' dir='ltr'><strong>iis,</strong></span> 
     </span>
    </p>
   </div>
   <div class='ocr_carea' id='block_1_100' title="bbox 403 4894 2058 4978">
    <p class='ocr_par' dir='ltr' id='par_1_100' title="bbox 403 4894 2058 4978">
     <span class='ocr_line' id='line_1_100' title="bbox 403 4894 2058 4978; baseline 0.001 -20"><span class='ocrx_word' id='word_1_722' title='bbox 403 4895 504 4978; x_wconf 89' lang='lat' dir='ltr'><strong>qui</strong></span> <span class='ocrx_word' id='word_1_723' title='bbox 535 4903 673 4959; x_wconf 89' lang='lat' dir='ltr'><strong>sunt</strong></span> <span class='ocrx_word' id='word_1_724' title='bbox 699 4894 873 4958; x_wconf 74' lang='lat' dir='ltr'><strong>bonae</strong></span> <span class='ocrx_word' id='word_1_725' title='bbox 902 4897 1266 4960; x_wconf 90' lang='lat' dir='ltr'><strong>habitudinis</strong></span> <span class='ocrx_word' id='word_1_726' title='bbox 1296 4897 1596 4977; x_wconf 85' lang='lat' dir='ltr'><strong>corporis,</strong></span> <span class='ocrx_word' id='word_1_727' title='bbox 1650 4905 1709 4959; x_wconf 92' lang='lat' dir='ltr'><strong>et</strong></span> <span class='ocrx_word' id='word_1_728' title='bbox 1737 4897 1966 4978; x_wconf 83' lang='lat' dir='ltr'><strong>seipsos</strong></span> <span class='ocrx_word' id='word_1_729' title='bbox 2000 4899 2058 4959; x_wconf 91' lang='lat' dir='ltr'><strong>in</strong></span> 
     </span>
    </p>
   </div>
   <div class='ocr_carea' id='block_1_101' title="bbox 406 4983 2060 5065">
    <p class='ocr_par' dir='ltr' id='par_1_101' title="bbox 406 4983 2060 5065">
     <span class='ocr_line' id='line_1_101' title="bbox 406 4983 2060 5065; baseline 0.002 -19"><span class='ocrx_word' id='word_1_730' title='bbox 406 4983 572 5047; x_wconf 87' lang='lat' dir='ltr'><strong>tibiis</strong></span> <span class='ocrx_word' id='word_1_731' title='bbox 597 4985 1047 5065; x_wconf 81' lang='lat' dir='ltr'><strong>pinguefaciunt</strong></span> <span class='ocrx_word' id='word_1_732' title='bbox 1071 4987 1102 5047; x_wconf 86' lang='lat'><strong>?</strong></span> <span class='ocrx_word' id='word_1_733' title='bbox 1146 4988 1294 5051; x_wconf 91' lang='lat' dir='ltr'><strong>Cum</strong></span> <span class='ocrx_word' id='word_1_734' title='bbox 1355 4993 1556 5049; x_wconf 89' lang='lat' dir='ltr'><strong>autem</strong></span> <span class='ocrx_word' id='word_1_735' title='bbox 1609 4986 1660 5047; x_wconf 89' lang='lat' dir='ltr'><strong>is</strong></span> <span class='ocrx_word' id='word_1_736' title='bbox 1690 4985 1822 5048; x_wconf 63' lang='lat' dir='ltr'><strong>haec</strong></span> <span class='ocrx_word' id='word_1_737' title='bbox 1859 4996 2060 5049; x_wconf 89' lang='lat' dir='ltr'><strong>mente</strong></span> 
     </span>
    </p>
   </div>
   <div class='ocr_carea' id='block_1_102' title="bbox 401 5073 2060 5153">
    <p class='ocr_par' dir='ltr' id='par_1_102' title="bbox 401 5073 2060 5153">
     <span class='ocr_line' id='line_1_102' title="bbox 401 5073 2060 5153; baseline 0.002 -19"><span class='ocrx_word' id='word_1_738' title='bbox 401 5081 690 5145; x_wconf 81' lang='lat' dir='ltr'><strong>versaret,</strong></span> <span class='ocrx_word' id='word_1_739' title='bbox 720 5073 870 5138; x_wconf 87' lang='lat' dir='ltr'><strong>dixit</strong></span> <span class='ocrx_word' id='word_1_740' title='bbox 901 5075 1000 5138; x_wconf 87' lang='lat' dir='ltr'><strong>hic</strong></span> <span class='ocrx_word' id='word_1_741' title='bbox 1030 5075 1117 5136; x_wconf 85' lang='lat' dir='ltr'><strong>vir</strong></span> <span class='ocrx_word' id='word_1_742' title='bbox 1145 5074 1517 5137; x_wconf 85' lang='lat' dir='ltr'><strong>admirabilis</strong></span> <span class='ocrx_word' id='word_1_743' title='bbox 1545 5096 1560 5135; x_wconf 90' lang='lat'><strong>:</strong></span> <span class='ocrx_word' id='word_1_744' title='bbox 1597 5073 1645 5137; x_wconf 92' lang='grc'>0</span> <span class='ocrx_word' id='word_1_745' title='bbox 1672 5077 1874 5136; x_wconf 85' lang='lat' dir='ltr'><strong>Macar</strong></span> <span class='ocrx_word' id='word_1_746' title='bbox 1903 5077 2060 5153; x_wconf 87' lang='lat' dir='ltr'><strong>(erat</strong></span> 
     </span>
    </p>
   </div>
   <div class='ocr_carea' id='block_1_103' title="bbox 404 5161 2058 5244">
    <p class='ocr_par' dir='ltr' id='par_1_103' title="bbox 404 5161 2058 5244">
     <span class='ocr_line' id='line_1_103' title="bbox 404 5161 2058 5244; baseline 0 -19"><span class='ocrx_word' id='word_1_747' title='bbox 404 5161 567 5225; x_wconf 88' lang='lat' dir='ltr'><strong>enim</strong></span> <span class='ocrx_word' id='word_1_748' title='bbox 590 5163 644 5224; x_wconf 91' lang='lat' dir='ltr'><strong>ei</strong></span> <span class='ocrx_word' id='word_1_749' title='bbox 669 5163 784 5225; x_wconf 88' lang='lat' dir='ltr'><strong>hoc</strong></span> <span class='ocrx_word' id='word_1_750' title='bbox 805 5167 1076 5244; x_wconf 89' lang='lat' dir='ltr'><strong>nomen),</strong></span> <span class='ocrx_word' id='word_1_751' title='bbox 1092 5183 1202 5227; x_wconf 91' lang='lat' dir='ltr'><strong>cur</strong></span> <span class='ocrx_word' id='word_1_752' title='bbox 1225 5164 1620 5244; x_wconf 88' lang='lat' dir='ltr'><strong>cogitationes</strong></span> <span class='ocrx_word' id='word_1_753' title='bbox 1641 5163 1974 5228; x_wconf 86' lang='lat' dir='ltr'><strong>ascendunt</strong></span> <span class='ocrx_word' id='word_1_754' title='bbox 1999 5173 2058 5225; x_wconf 88' lang='lat' dir='ltr'><strong>in</strong></span> 
     </span>
    </p>
   </div>
   <div class='ocr_carea' id='block_1_104' title="bbox 403 5250 2058 5334">
    <p class='ocr_par' dir='ltr' id='par_1_104' title="bbox 403 5250 2058 5334">
     <span class='ocr_line' id='line_1_104' title="bbox 403 5250 2058 5334; baseline -0.001 -19"><span class='ocrx_word' id='word_1_755' title='bbox 403 5269 509 5315; x_wconf 89' lang='lat' dir='ltr'><strong>cor</strong></span> <span class='ocrx_word' id='word_1_756' title='bbox 541 5261 707 5315; x_wconf 88' lang='lat' dir='ltr'><strong>tuum</strong></span> <span class='ocrx_word' id='word_1_757' title='bbox 729 5259 758 5316; x_wconf 86' lang='lat'><strong>?</strong></span> <span class='ocrx_word' id='word_1_758' title='bbox 789 5250 919 5314; x_wconf 89' lang='lat' dir='ltr'><strong>Non</strong></span> <span class='ocrx_word' id='word_1_759' title='bbox 945 5261 1088 5315; x_wconf 89' lang='lat' dir='ltr'><strong>sunt</strong></span> <span class='ocrx_word' id='word_1_760' title='bbox 1120 5253 1267 5314; x_wconf 80' lang='lat' dir='ltr'><strong>mihi</strong></span> <span class='ocrx_word' id='word_1_761' title='bbox 1299 5252 1461 5314; x_wconf 69' lang='lat' dir='ltr'><strong>tibiae</strong></span> <span class='ocrx_word' id='word_1_762' title='bbox 1508 5253 1703 5334; x_wconf 75' lang='lat' dir='ltr'><strong>plenae</strong></span> <span class='ocrx_word' id='word_1_763' title='bbox 1755 5252 2058 5329; x_wconf 84' lang='lat' dir='ltr'><strong>carnibus,</strong></span> 
     </span>
    </p>
   </div>
   <div class='ocr_carea' id='block_1_105' title="bbox 405 5339 2059 5422">
    <p class='ocr_par' dir='ltr' id='par_1_105' title="bbox 405 5339 2059 5422">
     <span class='ocr_line' id='line_1_105' title="bbox 405 5339 2059 5422; baseline 0.001 -19"><span class='ocrx_word' id='word_1_764' title='bbox 405 5339 514 5403; x_wconf 87' lang='lat' dir='ltr'><strong>sed</strong></span> <span class='ocrx_word' id='word_1_765' title='bbox 541 5340 710 5404; x_wconf 80' lang='lat' dir='ltr'><strong>vides</strong></span> <span class='ocrx_word' id='word_1_766' title='bbox 729 5341 1234 5422; x_wconf 87' lang='lat' dir='ltr'><strong>quemadmodum</strong></span> <span class='ocrx_word' id='word_1_767' title='bbox 1253 5349 1611 5422; x_wconf 85' lang='lat' dir='ltr'><strong>tumescant,</strong></span> <span class='ocrx_word' id='word_1_768' title='bbox 1630 5361 1763 5402; x_wconf 89' lang='lat' dir='ltr'><strong>cum</strong></span> <span class='ocrx_word' id='word_1_769' title='bbox 1785 5343 1900 5403; x_wconf 90' lang='lat' dir='ltr'><strong>sint</strong></span> <span class='ocrx_word' id='word_1_770' title='bbox 1925 5343 2059 5404; x_wconf 89' lang='lat' dir='ltr'><strong>ina-</strong></span> 
     </span>
    </p>
   </div>
   <div class='ocr_carea' id='block_1_106' title="bbox 402 5429 2059 5512">
    <p class='ocr_par' dir='ltr' id='par_1_106' title="bbox 402 5429 2059 5512">
     <span class='ocr_line' id='line_1_106' title="bbox 402 5429 2059 5512; baseline 0.001 -20"><span class='ocrx_word' id='word_1_771' title='bbox 402 5447 514 5492; x_wconf 87' lang='lat' dir='ltr'><strong>nes</strong></span> <span class='ocrx_word' id='word_1_772' title='bbox 543 5437 603 5493; x_wconf 91' lang='lat' dir='ltr'><strong>et</strong></span> <span class='ocrx_word' id='word_1_773' title='bbox 641 5431 930 5512; x_wconf 72' lang='lat' dir='ltr'><strong>ﬂatuosaa,</strong></span> <span class='ocrx_word' id='word_1_774' title='bbox 987 5431 1144 5512; x_wconf 91' lang='lat' dir='ltr'><strong>quod</strong></span> <span class='ocrx_word' id='word_1_775' title='bbox 1179 5429 1422 5512; x_wconf 91' lang='lat' dir='ltr'><strong>quidem</strong></span> <span class='ocrx_word' id='word_1_776' title='bbox 1456 5431 1606 5492; x_wconf 83' lang='lat' dir='ltr'><strong>solet</strong></span> <span class='ocrx_word' id='word_1_777' title='bbox 1642 5431 1840 5493; x_wconf 81' lang='lat' dir='ltr'><strong>facere</strong></span> <span class='ocrx_word' id='word_1_778' title='bbox 1871 5432 2059 5494; x_wconf 91' lang='lat' dir='ltr'><strong>malus</strong></span> 
     </span>
    </p>
   </div>
   <div class='ocr_carea' id='block_1_107' title="bbox 405 5517 2055 5601">
    <p class='ocr_par' dir='ltr' id='par_1_107' title="bbox 405 5517 2055 5601">
     <span class='ocr_line' id='line_1_107' title="bbox 405 5517 2055 5601; baseline -0.001 -18"><span class='ocrx_word' id='word_1_779' title='bbox 405 5517 579 5583; x_wconf 88' lang='lat' dir='ltr'><strong>cibus</strong></span> <span class='ocrx_word' id='word_1_780' title='bbox 628 5521 935 5582; x_wconf 84' lang='lat' dir='ltr'><strong>stomacho</strong></span> <span class='ocrx_word' id='word_1_781' title='bbox 994 5529 1332 5601; x_wconf 86' lang='lat' dir='ltr'><strong>susceptus.</strong></span> <span class='ocrx_word' id='word_1_782' title='bbox 1390 5520 1561 5584; x_wconf 91' lang='lat' dir='ltr'><strong>Illum</strong></span> <span class='ocrx_word' id='word_1_783' title='bbox 1623 5529 1824 5582; x_wconf 91' lang='lat' dir='ltr'><strong>autem</strong></span> <span class='ocrx_word' id='word_1_784' title='bbox 1858 5523 2055 5585; x_wconf 79' lang='lat' dir='ltr'><strong>statim</strong></span> 
     </span>
    </p>
   </div>
   <div class='ocr_carea' id='block_1_108' title="bbox 401 5606 2056 5692">
    <p class='ocr_par' dir='ltr' id='par_1_108' title="bbox 401 5606 2056 5692">
     <span class='ocr_line' id='line_1_108' title="bbox 401 5606 2056 5692; baseline 0.001 -23"><span class='ocrx_word' id='word_1_785' title='bbox 401 5606 591 5670; x_wconf 90' lang='lat' dir='ltr'><strong>subiit</strong></span> <span class='ocrx_word' id='word_1_786' title='bbox 619 5610 996 5688; x_wconf 66' lang='lat' dir='ltr'><strong>poenitentia,</strong></span> <span class='ocrx_word' id='word_1_787' title='bbox 1031 5618 1092 5673; x_wconf 89' lang='lat' dir='ltr'><strong>et</strong></span> <span class='ocrx_word' id='word_1_788' title='bbox 1120 5610 1372 5673; x_wconf 87' lang='lat' dir='ltr'><strong>multum</strong></span> <span class='ocrx_word' id='word_1_789' title='bbox 1421 5611 1818 5692; x_wconf 89' lang='lat' dir='ltr'><strong>reprehendit</strong></span> <span class='ocrx_word' id='word_1_790' title='bbox 1851 5630 2056 5673; x_wconf 86' lang='lat' dir='ltr'><strong>vanam</strong></span> 
     </span>
    </p>
   </div>
   <div class='ocr_carea' id='block_1_109' title="bbox 395 5699 2054 5784">
    <p class='ocr_par' dir='ltr' id='par_1_109' title="bbox 395 5699 2054 5784">
     <span class='ocr_line' id='line_1_109' title="bbox 395 5699 2054 5784; baseline 0.001 -24"><span class='ocrx_word' id='word_1_791' title='bbox 395 5715 520 5761; x_wconf 67' lang='lat' dir='ltr'><strong>sum</strong></span> <span class='ocrx_word' id='word_1_792' title='bbox 552 5700 771 5762; x_wconf 89' lang='lat' dir='ltr'><strong>mentis</strong></span> <span class='ocrx_word' id='word_1_793' title='bbox 799 5700 1243 5779; x_wconf 80' lang='lat' dir='ltr'><strong>cogitationem,</strong></span> <span class='ocrx_word' id='word_1_794' title='bbox 1279 5706 1341 5762; x_wconf 87' lang='lat' dir='ltr'><strong>et</strong></span> <span class='ocrx_word' id='word_1_795' title='bbox 1397 5700 1542 5784; x_wconf 88' lang='lat' dir='ltr'><strong>petit</strong></span> <span class='ocrx_word' id='word_1_796' title='bbox 1599 5699 1830 5765; x_wconf 86' lang='lat' dir='ltr'><strong>veniam</strong></span> <span class='ocrx_word' id='word_1_797' title='bbox 1893 5702 2054 5784; x_wconf 87' lang='lat' dir='ltr'><strong>ejus,</strong></span> 
     </span>
    </p>
   </div>
   <div class='ocr_carea' id='block_1_110' title="bbox 403 5787 1337 5870">
    <p class='ocr_par' dir='ltr' id='par_1_110' title="bbox 403 5787 1337 5870">
     <span class='ocr_line' id='line_1_110' title="bbox 403 5787 1337 5870; baseline 0.005 -19"><span class='ocrx_word' id='word_1_798' title='bbox 403 5787 563 5870; x_wconf 88' lang='lat' dir='ltr'><strong>quod</strong></span> <span class='ocrx_word' id='word_1_799' title='bbox 596 5788 652 5855; x_wconf 88' lang='lat' dir='ltr'><strong>ei</strong></span> <span class='ocrx_word' id='word_1_800' title='bbox 679 5787 743 5855; x_wconf 86' lang='lat' dir='ltr'><strong>in</strong></span> <span class='ocrx_word' id='word_1_801' title='bbox 774 5797 1042 5856; x_wconf 86' lang='lat' dir='ltr'><strong>mentem</strong></span> <span class='ocrx_word' id='word_1_802' title='bbox 1073 5797 1337 5856; x_wconf 87' lang='lat' dir='ltr'><strong>venerat.</strong></span> 
     </span>
    </p>
   </div>
   <div class='ocr_carea' id='block_1_111' title="bbox 2143 4805 3804 4886">
    <p class='ocr_par' dir='ltr' id='par_1_111' title="bbox 2143 4805 3804 4886">
     <span class='ocr_line' id='line_1_111' title="bbox 2143 4805 3804 4886; baseline 0.005 -25"><span class='ocrx_word' id='word_1_803' title='bbox 2143 4806 2254 4862; x_wconf 81' lang='grc' dir='ltr'><strong>κῶν</strong></span> <span class='ocrx_word' id='word_1_804' title='bbox 2311 4805 2571 4883; x_wconf 76' lang='grc' dir='ltr'>ἐκράτησε</span> <span class='ocrx_word' id='word_1_805' title='bbox 2634 4805 2890 4880; x_wconf 74' lang='grc' dir='ltr'>πλήθους,</span> <span class='ocrx_word' id='word_1_806' title='bbox 2938 4806 3062 4864; x_wconf 84' lang='grc' dir='ltr'>ἀλλ’</span> <span class='ocrx_word' id='word_1_807' title='bbox 3119 4807 3196 4865; x_wconf 74' lang='grc' dir='ltr'>ἔτι</span> <span class='ocrx_word' id='word_1_808' title='bbox 3254 4809 3376 4874; x_wconf 75' lang='grc' dir='ltr'>τοῖς</span> <span class='ocrx_word' id='word_1_809' title='bbox 3437 4809 3804 4886; x_wconf 81' lang='grc' dir='ltr'>εὖσωματοῦσι</span> 
     </span>
    </p>
   </div>
   <div class='ocr_carea' id='block_1_112' title="bbox 2143 4895 3804 4977">
    <p class='ocr_par' dir='ltr' id='par_1_112' title="bbox 2143 4895 3804 4977">
     <span class='ocr_line' id='line_1_112' title="bbox 2143 4895 3804 4977; baseline 0.005 -27"><span class='ocrx_word' id='word_1_810' title='bbox 2143 4896 2231 4951; x_wconf 80' lang='grc' dir='ltr'><strong>καὶ</strong></span> <span class='ocrx_word' id='word_1_811' title='bbox 2287 4897 2582 4952; x_wconf 87' lang='grc' dir='ltr'>πιαίνουσιν</span> <span class='ocrx_word' id='word_1_812' title='bbox 2639 4895 2856 4962; x_wconf 69' lang='grc' dir='ltr'>ἑαυτοὺς</span> <span class='ocrx_word' id='word_1_813' title='bbox 2913 4896 3008 4960; x_wconf 78' lang='grc' dir='ltr'><strong>τὰς</strong></span> <span class='ocrx_word' id='word_1_814' title='bbox 3079 4898 3292 4967; x_wconf 76' lang='grc' dir='ltr'>κνήμας</span> <span class='ocrx_word' id='word_1_815' title='bbox 3365 4897 3505 4956; x_wconf 66' lang='grc' dir='ltr'>ἔστὶν</span> <span class='ocrx_word' id='word_1_816' title='bbox 3562 4898 3804 4977; x_wconf 71' lang='grc' dir='ltr'>δμοιοςς</span> 
     </span>
    </p>
   </div>
   <div class='ocr_carea' id='block_1_113' title="bbox 2145 4983 3802 5067">
    <p class='ocr_par' dir='ltr' id='par_1_113' title="bbox 2145 4983 3802 5067">
     <span class='ocr_line' id='line_1_113' title="bbox 2145 4983 3802 5067; baseline 0.003 -25"><span class='ocrx_word' id='word_1_817' title='bbox 2145 4983 2235 5042; x_wconf 86' lang='grc' dir='ltr'>Ἐν</span> <span class='ocrx_word' id='word_1_818' title='bbox 2295 4983 2403 5061; x_wconf 76' lang='grc' dir='ltr'><strong>ὅσῳ</strong></span> <span class='ocrx_word' id='word_1_819' title='bbox 2433 4983 2488 5041; x_wconf 76' lang='grc' dir='ltr'>δὶ</span> <span class='ocrx_word' id='word_1_820' title='bbox 2549 4991 2701 5067; x_wconf 60' lang='grc' dir='ltr'>οὗτος</span> <span class='ocrx_word' id='word_1_821' title='bbox 2758 4992 2924 5042; x_wconf 80' lang='grc' dir='ltr'>ταῦτα</span> <span class='ocrx_word' id='word_1_822' title='bbox 2981 4983 3194 5067; x_wconf 79' lang='grc' dir='ltr'>ἔστρεφε</span> <span class='ocrx_word' id='word_1_823' title='bbox 3235 4987 3372 5045; x_wconf 84' lang='grc' dir='ltr'>κατᾶ</span> <span class='ocrx_word' id='word_1_824' title='bbox 3417 4994 3556 5053; x_wconf 76' lang='grc' dir='ltr'>νοῦν.</span> <span class='ocrx_word' id='word_1_825' title='bbox 3592 4993 3620 5047; x_wconf 80' lang='lat'><strong>6</strong></span> <span class='ocrx_word' id='word_1_826' title='bbox 3665 4993 3802 5047; x_wconf 83' lang='grc' dir='ltr'>θαυ-</span> 
     </span>
    </p>
   </div>
   <div class='ocr_carea' id='block_1_114' title="bbox 2143 5064 3803 5158">
    <p class='ocr_par' dir='ltr' id='par_1_114' title="bbox 2143 5064 3803 5158">
     <span class='ocr_line' id='line_1_114' title="bbox 2143 5064 3803 5158; baseline 0.004 -28"><span class='ocrx_word' id='word_1_827' title='bbox 2143 5075 2335 5150; x_wconf 76' lang='grc' dir='ltr'>μάσιος</span> <span class='ocrx_word' id='word_1_828' title='bbox 2391 5081 2568 5147; x_wconf 84' lang='grc' dir='ltr'>οὗτος,</span> <span class='ocrx_word' id='word_1_829' title='bbox 2600 5064 2666 5129; x_wconf 62' lang='grc' dir='ltr'><strong>Ὠ</strong></span> <span class='ocrx_word' id='word_1_830' title='bbox 2725 5075 2938 5152; x_wconf 81' lang='grc' dir='ltr'>Μάκαρ,</span> <span class='ocrx_word' id='word_1_831' title='bbox 3135 5064 3315 5155; x_wconf 76' lang='grc' dir='ltr'>(τοῦτο</span> <span class='ocrx_word' id='word_1_832' title='bbox 3372 5077 3474 5158; x_wconf 78' lang='grc' dir='ltr'><strong>γὰρ</strong></span> <span class='ocrx_word' id='word_1_833' title='bbox 3503 5078 3570 5147; x_wconf 79' lang='grc' dir='ltr'><strong>ἧν</strong></span> <span class='ocrx_word' id='word_1_834' title='bbox 3630 5077 3803 5156; x_wconf 75' lang='grc' dir='ltr'>ὄνομα</span> 
     </span>
    </p>
   </div>
   <div class='ocr_carea' id='block_1_115' title="bbox 2142 5161 3807 5248">
    <p class='ocr_par' dir='ltr' id='par_1_115' title="bbox 2142 5161 3807 5248">
     <span class='ocr_line' id='line_1_115' title="bbox 2142 5161 3807 5248; baseline 0.002 -27"><span class='ocrx_word' id='word_1_835' title='bbox 2142 5171 2221 5238; x_wconf 83' lang='grc' dir='ltr'>τῷ</span> <span class='ocrx_word' id='word_1_836' title='bbox 2277 5163 2481 5244; x_wconf 82' lang='grc' dir='ltr'>ἀνδρῖ),</span> <span class='ocrx_word' id='word_1_837' title='bbox 2544 5165 2636 5222; x_wconf 73' lang='grc' dir='ltr'><strong>ἵνα</strong></span> <span class='ocrx_word' id='word_1_838' title='bbox 2693 5166 2743 5220; x_wconf 78' lang='grc' dir='ltr'><strong>τί</strong></span> <span class='ocrx_word' id='word_1_839' title='bbox 2797 5161 3130 5241; x_wconf 80' lang='grc' dir='ltr'>διαλογισμοὶ</span> <span class='ocrx_word' id='word_1_840' title='bbox 3187 5164 3556 5225; x_wconf 82' lang='grc' dir='ltr'>ἀναϐαίνουσιν</span> <span class='ocrx_word' id='word_1_841' title='bbox 3623 5167 3679 5226; x_wconf 67' lang='grc' dir='ltr'>ἐν</span> <span class='ocrx_word' id='word_1_842' title='bbox 3731 5175 3807 5248; x_wconf 75' lang='grc' dir='ltr'><strong>τῇ</strong></span> 
     </span>
    </p>
   </div>
   <div class='ocr_carea' id='block_1_116' title="bbox 2142 5251 3801 5339">
    <p class='ocr_par' dir='ltr' id='par_1_116' title="bbox 2142 5251 3801 5339">
     <span class='ocr_line' id='line_1_116' title="bbox 2142 5251 3801 5339; baseline 0.002 -29"><span class='ocrx_word' id='word_1_843' title='bbox 2142 5252 2328 5331; x_wconf 83' lang='grc' dir='ltr'>καρδίᾳ</span> <span class='ocrx_word' id='word_1_844' title='bbox 2384 5276 2479 5310; x_wconf 92' lang='grc' dir='ltr'><strong>σου</strong></span> <span class='ocrx_word' id='word_1_845' title='bbox 2512 5274 2528 5327; x_wconf 86' lang='grc'><strong>;</strong></span> <span class='ocrx_word' id='word_1_846' title='bbox 2563 5255 2657 5310; x_wconf 73' lang='grc' dir='ltr'>οὒκ</span> <span class='ocrx_word' id='word_1_847' title='bbox 2709 5251 2837 5328; x_wconf 75' lang='grc' dir='ltr'>ὲμοΐ</span> <span class='ocrx_word' id='word_1_848' title='bbox 2885 5251 3183 5322; x_wconf 77' lang='grc' dir='ltr'>πλήθωσιν</span> <span class='ocrx_word' id='word_1_849' title='bbox 3232 5257 3283 5311; x_wconf 75' lang='grc' dir='ltr'>αἱ</span> <span class='ocrx_word' id='word_1_850' title='bbox 3312 5255 3514 5332; x_wconf 74' lang='grc' dir='ltr'>κνῆμαι</span> <span class='ocrx_word' id='word_1_851' title='bbox 3564 5264 3801 5339; x_wconf 80' lang='grc' dir='ltr'>σαρκῶν,</span> 
     </span>
    </p>
   </div>
   <div class='ocr_carea' id='block_1_117' title="bbox 2143 5339 3801 5422">
    <p class='ocr_par' dir='ltr' id='par_1_117' title="bbox 2143 5339 3801 5422">
     <span class='ocr_line' id='line_1_117' title="bbox 2143 5339 3801 5422; baseline 0.006 -24"><span class='ocrx_word' id='word_1_852' title='bbox 2143 5342 2265 5399; x_wconf 77' lang='grc' dir='ltr'>ἁλλ’</span> <span class='ocrx_word' id='word_1_853' title='bbox 2329 5346 2454 5422; x_wconf 82' lang='grc' dir='ltr'>ὁρᾷς</span> <span class='ocrx_word' id='word_1_854' title='bbox 2527 5344 2600 5409; x_wconf 82' lang='grc' dir='ltr'>ὡς</span> <span class='ocrx_word' id='word_1_855' title='bbox 2673 5339 2976 5416; x_wconf 84' lang='grc' dir='ltr'>διοιδοῦσιν,</span> <span class='ocrx_word' id='word_1_856' title='bbox 3049 5343 3294 5401; x_wconf 75' lang='grc' dir='ltr'>δπόκενοί</span> <span class='ocrx_word' id='word_1_857' title='bbox 3358 5366 3416 5402; x_wconf 93' lang='grc' dir='ltr'><strong>τε</strong></span> <span class='ocrx_word' id='word_1_858' title='bbox 3486 5345 3638 5404; x_wconf 77' lang='grc' dir='ltr'>οὖσαι</span> <span class='ocrx_word' id='word_1_859' title='bbox 3709 5352 3801 5409; x_wconf 74' lang='grc' dir='ltr'><strong>καὶ</strong></span> 
     </span>
    </p>
   </div>
   <div class='ocr_carea' id='block_1_118' title="bbox 2142 5429 3799 5512">
    <p class='ocr_par' dir='ltr' id='par_1_118' title="bbox 2142 5429 3799 5512">
     <span class='ocr_line' id='line_1_118' title="bbox 2142 5429 3799 5512; baseline 0.002 -23"><span class='ocrx_word' id='word_1_860' title='bbox 2142 5431 2572 5510; x_wconf 85' lang='grc' dir='ltr'>πνευματώδεις,</span> <span class='ocrx_word' id='word_1_861' title='bbox 2633 5429 2662 5487; x_wconf 78' lang='grc' dir='ltr'>ὅ</span> <span class='ocrx_word' id='word_1_862' title='bbox 2739 5432 3022 5512; x_wconf 78' lang='grc' dir='ltr'>στομάχου</span> <span class='ocrx_word' id='word_1_863' title='bbox 3077 5431 3196 5489; x_wconf 77' lang='grc' dir='ltr'>οἶδε</span> <span class='ocrx_word' id='word_1_864' title='bbox 3255 5436 3532 5493; x_wconf 86' lang='grc' dir='ltr'>κακοσιτία</span> <span class='ocrx_word' id='word_1_865' title='bbox 3597 5451 3799 5500; x_wconf 77' lang='grc' dir='ltr'>ποιεῖν.</span> 
     </span>
    </p>
   </div>
   <div class='ocr_carea' id='block_1_119' title="bbox 2143 5519 3804 5596">
    <p class='ocr_par' dir='ltr' id='par_1_119' title="bbox 2143 5519 3804 5596">
     <span class='ocr_line' id='line_1_119' title="bbox 2143 5519 3804 5596; baseline 0.001 -14"><span class='ocrx_word' id='word_1_866' title='bbox 2143 5527 2232 5594; x_wconf 82' lang='grc' dir='ltr'><strong>Τῷ</strong></span> <span class='ocrx_word' id='word_1_867' title='bbox 2263 5521 2320 5578; x_wconf 80' lang='grc' dir='ltr'>δὲ</span> <span class='ocrx_word' id='word_1_868' title='bbox 2363 5519 2640 5596; x_wconf 80' lang='grc' dir='ltr'>-μετέμελέ</span> <span class='ocrx_word' id='word_1_869' title='bbox 2670 5541 2729 5576; x_wconf 90' lang='grc' dir='ltr'><strong>τε</strong></span> <span class='ocrx_word' id='word_1_870' title='bbox 2787 5522 2997 5596; x_wconf 73' lang='grc' dir='ltr'>αὐτίκα,</span> <span class='ocrx_word' id='word_1_871' title='bbox 3032 5523 3118 5578; x_wconf 80' lang='grc' dir='ltr'><strong>καὶ</strong></span> <span class='ocrx_word' id='word_1_872' title='bbox 3174 5521 3349 5580; x_wconf 87' lang='grc' dir='ltr'>πολλά</span> <span class='ocrx_word' id='word_1_873' title='bbox 3394 5525 3493 5593; x_wconf 80' lang='grc' dir='ltr'>τὴν</span> <span class='ocrx_word' id='word_1_874' title='bbox 3539 5530 3646 5582; x_wconf 76' lang='grc' dir='ltr'><strong>τῶν</strong></span> <span class='ocrx_word' id='word_1_875' title='bbox 3703 5525 3804 5584; x_wconf 70' lang='grc' dir='ltr'>λοε-</span> 
     </span>
    </p>
   </div>
   <div class='ocr_carea' id='block_1_120' title="bbox 2141 5609 3800 5694">
    <p class='ocr_par' dir='ltr' id='par_1_120' title="bbox 2141 5609 3800 5694">
     <span class='ocr_line' id='line_1_120' title="bbox 2141 5609 3800 5694; baseline 0.005 -29"><span class='ocrx_word' id='word_1_876' title='bbox 2141 5617 2350 5689; x_wconf 85' lang='grc' dir='ltr'>γισμῶν</span> <span class='ocrx_word' id='word_1_877' title='bbox 2413 5609 2681 5689; x_wconf 73' lang='grc' dir='ltr'>ἐμέμφετο</span> <span class='ocrx_word' id='word_1_878' title='bbox 2767 5611 3249 5690; x_wconf 76' lang='grc' dir='ltr'>ματαιοφροσύνην,</span> <span class='ocrx_word' id='word_1_879' title='bbox 3311 5615 3397 5671; x_wconf 75' lang='grc' dir='ltr'>καὶ</span> <span class='ocrx_word' id='word_1_880' title='bbox 3473 5615 3800 5694; x_wconf 73' lang='grc' dir='ltr'>συγγνώμην</span> 
     </span>
    </p>
   </div>
   <div class='ocr_carea' id='block_1_121' title="bbox 2141 5699 3232 5778">
    <p class='ocr_par' dir='ltr' id='par_1_121' title="bbox 2141 5699 3232 5778">
     <span class='ocr_line' id='line_1_121' title="bbox 2141 5699 3232 5778; baseline -0.006 -19"><span class='ocrx_word' id='word_1_881' title='bbox 2141 5700 2256 5770; x_wconf 72' lang='grc' dir='ltr'>ἤτει</span> <span class='ocrx_word' id='word_1_882' title='bbox 2277 5699 2376 5770; x_wconf 79' lang='grc' dir='ltr'>τῆς</span> <span class='ocrx_word' id='word_1_883' title='bbox 2405 5699 2771 5778; x_wconf 71' lang='grc' dir='ltr'>ἐνθυμήσεως,</span> <span class='ocrx_word' id='word_1_884' title='bbox 3229 5749 3232 5752; x_wconf 83' lang='lat'><strong>.</strong></span> 
     </span>
    </p>
   </div>
  </div>
