4158 6416
492 328 563 405 91
1793 349 2077 417 MENSlS
2115 349 2132 413 l

2224 350 2565 418 VEMBEB.

3785 351 3864 421 92

489 474 855 574 lentia.
884 487 1081 548 autem
1111 491 1320 547 sancto
1346 481 1905 574 prndictnmlherat
1923 482 2001 547 ab
2020 482 2132 547 illis

2221 483 2400 565 ἀρχὴν
2426 488 2521 544 τὸν
2548 486 2797 569 τρόχινον
2855 488 3063 567 χιτῶνα
3120 485 3427 565 δεδωκότων
3483 492 3742 574 μοηχῶν
3788 500 3865 571 τῷ

493 569 825 642 monachis,
858 574 964 654 qui
986 574 1043 637 ei
1073 574 1149 637 ab
1172 575 1344 637 initio
1369 574 1659 638 dederant
1687 573 1850 636 illam
1876 575 2135 637 tunicam

493 656 629 737 pilis
643 667 1003 725 contextam.
1022 661 1299 728 Tentatio
1326 664 1512 741 enim,
1537 663 1821 727 dixerunt
1843 662 1952 739 illi,
1981 664 2054 726 ad
2080 673 2137 727 te

489 746 687 811 veniet
711 750 772 813 in
807 753 947 828 ﬁne,
981 754 1089 816 sed
1119 756 1245 835 ipsa
1275 774 1516 836 quoque
1542 754 1734 817 irrita.

567 837 745 904 LVll.»
769 844 917 905 Cum
946 853 1145 906 autem
1184 852 1424 907 sanctus
1472 846 1595 923 jam
1648 842 1722 905 ad
1782 842 2131 921 profundam

488 931 1354 1009 processissetsenectutem,et
1371 933 1491 995 illis
1509 932 1580 994 ad
1590 930 2137 995 mirabilibuslabo-

486 1016 650 1079 ribus
666 1023 1110 1086 exercitationis
1127 1026 1413 1085 evasisset
1429 1022 1732 1096 inﬁrmus,
1750 1022 1809 1082 in
1835 1032 2134 1085 monaste-

484 1106 574 1169 rio
601 1108 828 1173 Antidii
854 1118 1157 1176 exstructa
1209 1112 1446 1185 cellula,
1498 1112 1623 1174 illic
1663 1129 1730 1174 se
1761 1110 2037 1174 includit.
2071 1110 2137 1175 Si

485 1198 722 1277 quando
748 1210 948 1264 autem
978 1222 1117 1265 eum
1143 1210 1381 1265 vocaret
1402 1210 1660 1280 tempus,
1684 1208 1749 1263 ut
1773 1201 1938 1264 illinc
1960 1220 2134 1281 egre-

487 1284 754 1365 deretur,
789 1292 1081 1355 transibat
1112 1312 1222 1374 per
1251 1293 1404 1354 viam
1439 1290 1764 1372 publicam,
1798 1310 1872 1353 ne
1900 1290 1974 1353 ab
2018 1291 2138 1354 illis

485 1376 726 1458 quidem
758 1380 917 1443 visus
948 1400 1161 1462 magna
1190 1401 1261 1445 ex
1290 1391 1477 1463 parte,
1507 1400 1542 1442 a
1570 1381 1787 1463 quibus
1807 1400 1885 1444 ne
1906 1381 2138 1443 volebat

483 1466 727 1546 quidem
760 1471 1007 1533 omnino
1036 1472 1247 1554 aspici.
1277 1472 1495 1545 Quinto
1527 1489 1665 1533 vero
1709 1489 1866 1533 anno
1900 1470 2138 1552 imperii

482 1554 808 1634 Michaelis,
843 1562 948 1639 qui
980 1560 1306 1625 Ecclesiam
1333 1561 1574 1641 regebat
1612 1560 1970 1641 Methodius,
2003 1578 2138 1622 cum

486 1648 685 1727 magni
712 1648 1007 1714 Joannicii
1035 1651 1106 1714 ad
1140 1651 1464 1714 Dominum
1494 1668 1806 1713 excessum
1839 1649 2139 1730 prmscivis

486 1744 579 1798 set
600 1739 724 1819 jam
756 1744 1255 1823 appropinquare,
1294 1742 1367 1804 ad
1401 1760 1537 1804 eum
1568 1747 1750 1819 venit,
1804 1748 1864 1802 et
1895 1740 2135 1802 ultimas

2217 575 2353 653 ἁγίῳ
2382 576 2690 655 προείρητο.
2730 580 3034 657 Πειρασμδς
3074 579 3198 658 γὰρ.
3251 579 3412 638 εἷπον
3460 578 3684 663 ἒκετνοι,
3732 584 3864 661 πρὸς

2217 671 2286 740 τῇ
2316 665 2537 744 τελευτῇ
2596 666 2936 726 ἂπελεύσεταί
2988 690 3100 746 σοι,
3155 668 3277 727 ἀλλ’
3334 671 3409 736 είς
3468 672 3622 730 κενὸν
3652 673 3739 732 καὶ
3766 674 3866 731 αὖα

2218 756 2307 817 τὸς
2341 758 2715 836 προχωρήσει,

2302 844 2435 907 ΝΖ¹.
2469 847 2557 910 Εἰς
2587 846 2716 923 βαθὺ
2746 845 2799 902 δὲ
2831 847 2999 923 γῆρας
3032 849 3060 905 ί)
3090 846 3240 927 ἅγιος
3282 849 3503 926 ἐλάσας,
3538 853 3626 910 καὶ
3653 856 3772 917 τοῖς
3800 855 3867 910 ὑ-

2218 934 2499 1013 περφυέσιν
2525 933 2744 998 ἒκείνοις
2775 934 2900 1013 περί
2936 937 3036 1003 τὴν
3068 934 3296 1005 ἄσκησιν
3346 940 3530 1004 πόνοις
3559 941 3864 1017 ἠτονηκὼς,

2217 1024 2361 1101 παρὰ
2388 1028 2457 1099 τῇ
2490 1025 2611 1080 Δίου
2659 1025 2800 1099 μονή
2858 1022 3067 1082 κελλίον
3126 1024 3445 1104 δειμάμενος
3502 1031 3622 1087 hac?
3681 1032 3869 1093 ἑαυτὸν

2218 1110 2546 1174 κατακλείει.
2608 1115 2665 1171 El
2721 1112 2777 1170 δέ
2834 1136 2965 1171 ποτε
3006 1124 3191 1176 τοῦτον
3245 1119 3432 1196 καιρὸς
3474 1118 3708 1185 ἆξελθετν
3737 1120 3867 1178 ἐκά-

2218 1201 2326 1279 λει,
2384 1199 2521 1290 διῄει
2578 1202 2678 1259 ἆνᾶ
2734 1202 2908 1279 μὲσην
2962 1208 3063 1272 τὴν
3115 1205 3411 1285 λεωφόρον,
3455 1210 3537 1285 μὴ
3596 1210 3866 1290 όρώμεδος

2217 1292 2283 1379 τα
2312 1288 2487 1379 πολλὰ
2543 1293 2633 1348 ὑπ’
2696 1292 2934 1365 ἐκείνων,
2983 1293 3068 1374 ὑφ’
3120 1294 3196 1353 ὧν
3226 1299 3437 1361 πάντως
3470 1288 3866 1379 μηδὴήδρᾶσθαι

2219 1378 2495 1441 ἠϐούλετο.
2554 1380 2791 1456 Πέμπτῳ
2848 1381 2902 1438 δὲ
2965 1384 3069 1440 ἔτει
3100 1388 3197 1451 τῆς
3230 1384 3457 1465 Μιχαὴλ
3509 1378 3691 1469 ἀρχῆς
3722 1391 3750 1447 ὁ
3799 1392 3868 1448 τὸ

2224 1473 2323 1538 τῆς
2382 1470 2703 1541 Ἐκκλησίας
2758 1474 2945 1531 ἰθύνων
3003 1473 3276 1553 Μεθόδιος,
3334 1477 3435 1544 τὴν
3487 1485 3581 1535 τοῦ
3632 1478 3869 1559 μεγάλου

2223 1562 2355 1640 πρὸς
2414 1562 2601 1640 Κύριον
2651 1560 2908 1639 ἕκδημίαν
2956 1563 3264 1643 ἐγγίζουσαν
3322 1566 3427 1634 ἤδη
3484 1570 3866 1648 προεγνωκὼς,

2224 1653 2349 1730 πρός
2380 1652 2536 1708 αὐτόν
2566 1674 2623 1708 τε
2660 1652 2799 1731 ἥκει,
2832 1655 2921 1710 καὶ
2948 1651 3075 1732 παρ’
3132 1657 3291 1712 αὒτοῦ
3337 1656 3502 1737 εὐχὰς
3546 1658 3640 1723 τὰς
3688 1659 3870 1720 τελευ-

2217 1742 2368 1805 ταίας
2401 1740 2599 1813 ἐζήτει.
2638 1734 2695 1801 Ὀ
2727 1742 2781 1797 δὲ
2815 1745 2934 1821 περὶ
2962 1747 3158 1808 παντὸς
3208 1766 3265 1801 τε
3321 1734 3439 1812 τὴν*
3469 1754 3559 1805 τοῦ
3616 1748 3872 1807 Μεθοείου

486 1844 696 1905 preces
724 1830 799 1892 ab
825 1850 898 1893 eo
931 1834 1117 1913 petlit.
1154 1832 1260 1894 Ille
1289 1840 1488 1895 autem
1512 1849 1645 1893 cum
1682 1831 1918 1892 maximi
1949 1830 2131 1893 fecis-

2220 1830 2580 1903 ποιησάμενος
2644 1830 2892 1905 ἔντευξιν,
2956 1835 3044 1888 καὶ
3102 1833 3198 1899 τὴν
3250 1834 3384 1910 πρὸς
3440 1837 3598 1894 αὐτὸν
3655 1837 3873 1912 ὁμιλίαν

482 1924 576 1981 set
606 1921 930 1983 convenire
959 1920 1342 1997 Methodium,
1404 1930 1460 1983 et
1516 1921 1578 1982 in
1629 1920 1865 1999 longum
1900 1927 2135 2001 tempus

481 2023 617 2068 cum
648 2028 719 2070 eo
762 2010 1139 2090 produxisset
1168 2030 1537 2080 sermonem.
1593 2018 1651 2072 et
1695 2010 1916 2072 deinde
1962 2028 2134 2072 sacro

480 2098 657 2159 θεοιυὶ
689 2106 749 2161 et
776 2118 993 2163 recens
1021 2100 1213 2164 electo
1247 2101 1414 2180 gregi
1444 2119 1534 2173 ea,
1568 2118 1701 2180 quae
1729 2099 1801 2161 ad
1849 2100 2133 2179 pietatem

481 2204 633 2265 opus
665 2202 855 2265 erant,
881 2191 1191 2267 suasisset,
1214 2191 1425 2253 dicens
1454 2200 1523 2252 ut
1546 2188 2139 2251 immobiliteretsta-

482 2274 686 2338 biliter
704 2292 1130 2357 permanerent
1146 2282 1207 2342 in
1231 2280 1349 2342 (ide
1370 2279 1719 2353 orthodoxa,
1742 2298 1941 2357 neque
1968 2296 2133 2342 ever‘

488 2372 759 2429 terentur
785 2387 821 2429 a
848 2371 1112 2449 profanis
1143 2369 1389 2431 vocibus
1417 2369 1859 2442 haereticorum,
1893 2377 1952 2431 et
1974 2371 2131 2432 inter

485 2471 552 2518 se
576 2468 1002 2520 consonarent
1048 2458 1453 2530 concordiam,
1489 2477 1683 2537 neque
1721 2457 2127 2538 blasphemam

480 2554 539 2607 et
569 2546 919 2609 maledicam
953 2549 1213 2627 linguam
1272 2557 1581 2609 moverent
1638 2548 1699 2608 in
1758 2547 2125 2627 pontificem,

483 2635 813 2715 subjunxit,
847 2639 1003 2716 quod
1039 2658 1151 2699 nec
1183 2638 1433 2699 multum
1478 2645 1713 2717 tempus
1766 2646 1895 2716 post
1955 2656 2128 2699 suum

478 2726 794 2787 decessum
826 2728 1050 2789 viveret
1068 2726 1426 2803 Methodius,
1452 2746 1568 2807 qua
1587 2727 1824 2806 quidem
1846 2728 1902 2787 in
1926 2745 1991 2787 re
2011 2746 2130 2789 non

480 2814 587 2877 fuit
620 2816 831 2878 falsus.
860 2815 1063 2879 Tertio
1096 2816 1259 2880 enim
1293 2816 1411 2886 die,
1449 2826 1756 2898 postquam
1791 2816 1917 2878 haec
1946 2816 2132 2878 dixis-

479 2913 570 2966 set
601 2914 750 2971 (erat
776 2925 916 2969 vero
950 2905 1160 2968 tertius
1212 2904 1346 2984 [τί-ι’.
1406 2906 1696 2986 Quartus]
1752 2904 2126 2979 Novembris,

480 2992 550 3057 D.
583 2993 1162 3075 Joanniciusspiritn
1179 2995 1281 3073 qui
1302 2994 1436 3057 dem
1458 2996 1670 3073 migrat
1684 2995 1754 3057 ad
1781 3013 2129 3076 eum,quem

481 3083 1008 3164 diligit,deductus
1027 3102 1063 3146 a
1083 3084 1285 3146 choris
1305 3082 1681 3161 angelorum:
1702 3102 1918 3163 corpus
1932 3093 2129 3146 autem

2220 1918 2301 1975 ἐπὶ
2336 1918 2469 1975 πολὺ
2501 1919 2841 1998 παρατείνας,
2902 1921 3027 1977 εἶτα
3084 1928 3161 1995 τῷ
3215 1924 3467 1999 ἱερατικῷ
3525 1945 3581 1980 τε
3641 1923 3874 2005 πληρώ-

2222 2031 2349 2077 ματι
2381 2010 2467 2065 καὶ
2496 2015 2565 2085 τῇ
2621 2008 2881 2083 νεολέκτῳ
2937 2012 3137 2087 ποίμνῃ
3196 2012 3261 2067 τὰ
3310 2010 3496 2070 δέοντα
3548 2016 3679 2092 πρὸς
3709 2016 3872 2074 εὗσέ-

2222 2096 2370 2154 6ειαν
2439 2099 2786 2177 παραινέσας,
2861 2099 3266 2173 ἁμετακινήτως
3336 2107 3404 2177 τῇ
3460 2102 3715 2181 όρθοδόξῳ
3770 2107 3872 2161 πε·-

2222 2206 2333 2243 στει
2363 2187 2451 2242 καί
2481 2187 2686 2261 παγίως
2744 2185 3015 2266 ἐμμένειν,
3075 2186 3212 2263 μηδὲ
3268 2202 3391 2256 ταῖς
3440 2198 3545 2248 τῶν
3588 2194 3874 2271 αἱρετικῶν

2222 2273 2643 2353 παρατρέπεσθαι
2715 2274 2964 2352 βεϐήλοις
3040 2279 3410 2356 κενοφωνίαις,
3485 2281 3736 2356 ὁμόνοιάν
3812 2304 3873 2340 τε

2212 2365 2343 2439 πρὸς
2404 2362 2668 2433 ἀλλήλους
2730 2363 3015 2445 φυλάττειν
3076 2366 3262 2446 εἰπὼν,
3336 2367 3475 2443 μηδὲ
3545 2370 3872 2451 βλάσφημον

2212 2454 2348 2508 κατὰ
2409 2455 2498 2508 τοῦ
2555 2453 2849 2533 ἀρχιερέως
2910 2454 3160 2532 γλῶσσαν
3232 2471 3425 2514 κινεῖν
3499 2462 3725 2517 ἒπετπεν
3792 2463 3873 2526 ὣς

2212 2538 2359 2597 οὒδέν
2390 2541 2554 2597 πολὺν
2587 2565 2703 2599 τινα
2735 2546 2929 2621 χρόνον
2962 2547 3096 2619 μετὰ
3125 2547 3224 2614 τὴν
3252 2551 3413 2605 αὖτοῦ
3435 2547 3684 2617 τελευτὴν
3703 2553 3730 2607 ὁ
3764 2558 3879 2606 Με-

2210 2630 2379 2694 θόδιος
2410 2629 2710 2710 επιϐιώσει,
2772 2632 2900 2711 ὅπερ
2960 2633 3077 2693 οὔδε
3134 2646 3293 2695 τοῦτο
3336 2636 3569 2718 ἐσφάλη.
3616 2642 3776 2718 Τρίτῃ
3815 2662 3877 2697 τε

2214 2722 2313 2797 γὰρ
2371 2722 2507 2795 μετὰ
2563 2721 2745 2777 τούσδε
2806 2725 2926 2787 τοὺς
2985 2723 3175 2803 λόγους
3251 2727 3425 2801 ἡμέρᾳ
3496 2729 3709 2809 ἠνύετο,
3782 2734 3879 2788 διαὶ

2214 2812 2396 2889 τρίτην
2456 2814 2483 2867 ὁ
2541 2810 2833 2891 Νοέμϐριος
2888 2813 3008 2891 ἦγε,
3074 2816 3171 2872 Καὶ
3230 2818 3257 2871 ὁ
3310 2817 3408 2890 μὲν
3453 2820 3597 2880 θεῖος
3630 2817 3878 2876 Ἰωαννί-

2214 2920 2326 2966 mo;
2383 2906 2460 2974 τῷ
2518 2908 2781 2976 πνεύματι
2842 2902 2964 2979 μὲν,
3027 2905 3159 2981 πρὸς
3218 2904 3278 2960 δν
3334 2906 3527 2984 ἠγάπα
3551 2918 3876 2989 μεταφοιτᾷ,

2215 3004 2409 3070 χοροῖς
2480 2991 2723 3069 ἀγγέλων
2786 2995 3303 3075 παραπεμπόμενος,
3378 3018 3455 3070 τῳ
3526 2997 3736 3073 σώματι
3822 2999 3877 3057 δὲ

2213 3088 2355 3158 σορῷ
2412 3086 2774 3143 κατατιθεται.
2843 3083 3097 3148 Μεθόδιος
3156 3082 3209 3139 δὲ
3263 3088 3291 3141 ὁ
3356 3086 3599 3165 λαμπρὸν
3645 3086 3877 3165 λάμψας

478 3172 803 3255 deponitur
835 3174 893 3236 in
920 3174 1139 3237 loculo.
1175 3172 1511 3236 Methodius
1532 3182 1756 3253 autem,
1791 3174 1889 3254 qui
1918 3173 2130 3235 claris-

2220 3169 2269 3223 ἒν
2344 3170 2726 3249 πατριάρχαις,
2788 3174 2924 3247 μετὰ
2975 3177 3151 3246 μῆνας
3217 3177 3301 3230 καὶ
3361 3175 3512 3239 οὗτος
3572 3178 3714 3235 όκτὼ
3769 3180 3877 3248 τῆς

477 3262 629 3324 sime
656 3262 889 3324 refulsit
915 3263 1073 3325 inter
1094 3262 1489 3343 patriarchas,
1516 3264 1641 3342 ipse
1672 3280 1908 3342 quoque
1930 3271 2134 3324 octavo

475 3368 683 3413 mense
713 3361 847 3432 post
880 3351 1042 3414 illius
1074 3352 1427 3427 decessum,
1462 3352 1716 3413 excessit
1750 3370 1820 3413 ex
1870 3351 1981 3413 hac
2020 3352 2135 3413 vita

475 3448 685 3520 quarto
716 3441 951 3502 decimo
984 3441 1174 3504 Junii.

558 3527 756 3592 LVlll.
797 3529 1077 3602 Quaenam
1111 3539 1309 3593 autem
1350 3540 1491 3592 sunt
1524 3549 1617 3605 ea,
1651 3549 1784 3611 quae
1815 3530 1965 3593 facta
1994 3540 2134 3593 sunt

473 3618 535 3680 in
558 3627 753 3682 morte
774 3628 833 3680 et
860 3630 993 3701 post
1017 3627 1271 3681 mortem
1291 3618 1665 3682 admirabilis
1684 3620 1859 3698 hujus
1879 3619 2129 3684 Joanni-

473 3708 598 3771 cii?
615 3707 1045 3770 Dissolutorum
1076 3708 1481 3770 membrorum
1506 3710 2129 3786 conﬁrmationes,ho-

476 3797 670 3859 mines
698 3797 933 3859 liberati
962 3815 998 3859 a
1031 3798 1304 3876 malignis
1334 3798 1666 3879 spiritibus,
1716 3799 1768 3860 si
1814 3799 2012 3861 solum
2052 3800 2125 3862 ad

471 3904 709 3968 capsam
733 3886 891 3949 illius
908 3893 1329 3952 accessissent.
1358 3888 1578 3961 Quidni
1611 3890 1768 3950 enim
1795 3898 1926 3951 erat
1951 3890 2127 3953 Joan-

475 3974 671 4038 nicius
702 3977 775 4038 iis
821 3976 1005 4038 rebus
1036 3976 1124 4038 vel
1183 3985 1317 4057 post
1365 3990 1620 4040 mortem
1670 3977 2123 4057 glorificandus,

476 4066 647 4141 cujus
679 4064 989 4127 decessum
1027 4066 1309 4128 columna
1334 4066 1491 4146 ignis
1519 4066 1867 4146 signiﬁcavii
1900 4068 1990 4132 iis.
2027 4068 2129 4143 qui

476 4154 717 4216 erantin
734 4167 935 4217 monte
948 4154 1238 4237 Olympo?
1261 4176 1436 4237 quem
1455 4166 1893 4238 prmeesserunt
1907 4160 2124 4237 angeli,

2217 3256 2415 3314 ἐκείνου
2483 3258 2736 3329 τελευτῆς
2808 3259 3031 3335 ἀπεϐίω,
3107 3261 3685 3339 τεσσαρεσκαιδεκάτης
3751 3266 3876 3326 ἔνι-

2217 3350 2484 3424 σταμὲνης
2517 3357 2593 3424 τῷ
2638 3349 2856 3425 ’[ουνίῳ.

2294 3527 2427 3585 ΝΗ’.
2460 3527 2585 3586 Τίνα
2615 3537 2738 3606 γοῦν
2768 3530 2833 3585 τὰ
2866 3532 2999 3587 κατὰ
3030 3531 3125 3599 τὴν
3157 3528 3410 3601 τελευτήν
3472 3554 3523 3589 τε
3581 3535 3669 3590 καὶ
3728 3538 3872 3610 μετὰ

2212 3616 2311 3683 τὴν
2395 3615 2650 3675 τελευτεὶν
2731 3626 2826 3674 τοῦ
2894 3622 3201 3697 θαυμαστοῦ
3281 3622 3466 3677 τούτου
3538 3620 3869 3683 Ἰωαννικίου

2211 3728 2271 3783 γε
2288 3705 2545 3785 (ενημένα
2581 3726 2597 3777 ;
2636 3709 2975 3784 Παρειμένων
3036 3709 3334 3790 συσφίγξεις
3392 3710 3597 3790 μελῶν,
3657 3712 3869 3791 ἄνθρω-

2214 3818 2299 3852 ποι
2361 3802 2609 3875 πονηρῶν
2665 3796 3134 3874 ἀπαλλαττόμενοι
3194 3801 3531 3874 πνευμάτων,
3594 3804 3760 3876 μόνον
3825 3808 3871 3861 εἱ

2210 3892 2277 3961 τῇ
2342 3886 2542 3941 ἐκείνου)
2600 3892 2741 3963 σορῷ
2812 3888 3175 3964 προσέλθοιεν.
3255 3891 3351 3946 Καὶ
3423 3892 3537 3954 πῶς
3614 3892 3712 3970 γὰρ
3774 3895 3873 3951 οὐκ

2210 3974 2434 4047 ἔμελλεν
2467 3973 2785 4041 Ἰωαννὶκιος
2846 3980 3105 4041 τοιούτοις
3164 3981 3259 4033 καὶ
3318 3979 3454 4053 μετὰ
3519 3980 3742 4038 θάνατον
3775 3981 3871 4038 ὲν-

2210 4063 2547 4148 δοΞασθῖναι,
2610 4065 2671 4120 οὗ
2725 4066 2823 4132 τὴν
2875 4064 3132 4139 ἐκδημίαν
3191 4066 3377 4129 στύλος
3439 4069 3604 4148 πυρὸς
3658 4084 3777 4134 τοῖς
3813 4072 3872 4128 ἐν

2212 4162 2288 4221 τῷ
2338 4151 2458 4210 κατ’
2514 4144 2793 4229 ’Ὄλυμπον
2856 4152 2961 4227 ὄρει
3034 4153 3245 4230 ὲδτίλο),
3319 4158 3378 4213 οὗ
3440 4144 3872 4238 προεπορεύοντο

479 4243 735 4322 paradisi
769 4253 968 4324 portas
996 4245 1054 4306 ei
1077 4246 1445 4325 aperientes,
1468 4255 1527 4308 et
1552 4247 2026 4309 transmittentes
2056 4246 2127 4307 ad

2220 4245 2431 4323 ἔγγελω
2490 4246 2657 4309 πύλας
2730 4244 3084 4326 διανοίγοντες
3160 4250 3303 4322 αὐτῷ
3372 4248 3466 4313 τὰς
3524 4257 3615 4306 τοῦ
3687 4274 3874 4330 παρα-

475 4351 635 4415 eam,
668 4353 803 4415 quas
830 4344 921 4395 est
946 4334 1092 4403 illic.
1130 4335 1591 4407 beatitudinem,
1640 4353 1787 4415 pure
1821 4334 2129 4415 apparitu-

2220 4330 2408 4405 δείσου,
2468 4335 2556 4391 καὶ
2613 4336 2743 4411 πρὸς
2800 4338 2901 4400 τὴν
2968 4340 3171 4395 ἐκεῖθεν
3242 4334 3615 4414 μακαριότητα
3686 4337 3868 4397 διαϐι-

473 4441 606 4484 rum
628 4431 763 4485 ante
785 4422 997 4483 faciem
1022 4422 1283 4493 Domini,
1319 4431 1378 4483 et
1393 4424 1572 4485 simul
1596 4431 1966 4484 versaturum
1992 4442 2124 4484 cum

2220 4419 2461 4486 ὅάσοντες
2518 4428 2761 4503 καθαρῶς
2834 4426 3364 4507 ἐμφανισθησόμενον
3439 4433 3513 4499 τῷ
3591 4429 3871 4507 προσώπῳ

475 4508 1177 4598 αιιςοιίοἰεοιξόὶηἱθυεῖει
1198 4511 1418 4590 quibus
1440 4511 1613 4573 beata
1633 4511 1897 4574 Trinitas
1914 4512 2123 4574 lauda-

2220 4512 2421 4587 Kuploa,
2487 4516 2574 4571 καὶ
2632 4513 2949 4592 ὰγγελικαϊς
3022 4517 3370 4590 συνεσόμενον
3444 4514 3699 4589 τάξεσινς
3776 4521 3869 4598 ὑφ’

474 4606 573 4658 tur
606 4606 664 4657 et
690 4595 1057 4674 gloriﬁcatur
1101 4616 1281 4672 nunc,
1314 4608 1377 4663 et
1405 4599 1468 4660 in
1501 4618 1806 4682 nunquam
1857 4600 2121 4664 desitura

2220 4604 2281 4657 ὒν
2351 4604 2385 4671 ἡ
2458 4605 2691 4679 μακαρίᾳ
2748 4606 2905 4684 Τριὰς
2973 4604 3239 4676 δοξάζεται
3311 4606 3400 4661 καὶ
3471 4595 3863 4685 μεγαλύνεται,

477 4685 694 4748 saecula
724 4686 1101 4749 saeculorum.
1135 4687 1326 4751 Amen
1360 4689 1473 4771 (1).

2220 4699 2291 4749 νῦν
2323 4694 2410 4749 καὶ
2466 4694 2538 4757 εἷς
2588 4696 2708 4757 τοὺς
2764 4693 3143 4765 άτελευτήτους
3204 4696 3398 4758 αἰῶνας
3454 4702 3562 4750 τῶν
3619 4696 3861 4758 αἰώνων.

2205 4781 2408 4857 Ἀμὴν,

560 4936 647 5017 (1)
676 4939 883 5032 _Exstat
909 4940 1287 5032 adsanctum
1313 4937 1690 5032 Joanni‘cium
1723 4940 1973 5022 epistola
2002 4942 2140 5021 116,
2166 4943 2268 5007 lib.
2298 4942 2348 5007 ll
2379 4943 2513 5007 cod.
2542 4942 2773 5009 Colum.
2809 4943 3111 5008 Theodori
3136 4945 3406 5025 Studita,
3442 4964 3617 5032 quam
3644 4946 3872 5013 recitat

477 5024 769 5091 Baroniua
800 5036 946 5092 tom.
982 5026 1063 5092 IX
1089 5028 1306 5092 Annal.
1340 5048 1440 5094 an.
1472 5030 1615 5094 825.
