4158 6422
381 368 467 440 93

1644 369 1830 441 VITA
1874 371 1933 435 S.
1982 371 2419 439 GALACTION
2427 373 2518 436 IS.

3690 374 3771 446 94

1013 659 1276 745 ΒΙΟΣ
1348 658 1535 746 ΚΑΙ
1607 660 2148 799 ΠΟΛΙΤΕΙΑ
2228 662 2414 748 ΚΑΙ
2484 661 3135 749 ΜΑΡΤΥΡΙΟΝ

1672 856 1809 909 ΤΩΝ
1867 855 2071 908 ΛΓΙΩΝ
2122 856 2477 911 ΜΛΡΤΥΡΩΝ

518 1020 523 1025 ’
623 1030 1905 1165 ΓΑΛΑΚΤΙΩΝΟΣ
2012 1031 2319 1164 ΚΑΙ
2396 1035 3500 1165 ΕΠΙΣΤΗΜΗΣ.

770 1398 1071 1496 VITA
1158 1402 1311 1496 ΕΤ
1409 1397 2288 1496 CONVERSATIO
2370 1404 2527 1497 ET
2627 1403 3373 1498 MABTYRIUM

1780 1596 1889 1662 SS.
1960 1597 2385 1668 MARTYRUM

580 1784 1883 1936 GALACTIONIS
2046 1788 2293 1933 ET
2458 1786 3557 1935 EPISTEMES.

1024 2046 1225 2119 (Latine
1259 2046 1392 2120 apud
1422 2046 1628 2105 Surium
1657 2048 1724 2107 ad
1749 2047 1882 2105 diam
1913 2048 1949 2105 5
1976 2046 2274 2106 Novembris
2306 2068 2321 2115 ;
2358 2048 2532 2106 Graece
2560 2065 2619 2107 ex
2648 2048 2762 2106 cod.
2795 2064 2891 2105 ms.
2929 2050 3113 2121 1681.)

453 2325 518 2387 A'
581 2333 692 2396 τῆς
751 2330 882 2399 πρὸς
938 2328 1016 2403 τῷ
1085 2325 1296 2401 Λιϐάνῳ
1353 2327 1461 2404 ὄρει
1519 2328 1774 2394 Φοινίκης
1833 2325 2020 2384 πολλαῖ

2192 2328 2236 2389 Ι.
2267 2325 2603 2401 Ρὴωηίοἰω,
2623 2328 2756 2410 quae
2785 2336 2874 2391 est
2893 2329 2965 2392 ad
2990 2336 3255 2393 montem
3288 2322 3763 2406 Libanum,mul-

366 2417 472 2492 μὲν
529 2417 719 2483 πόλεις
778 2419 865 2475 καὶ
921 2417 1094 2496 ἕτεραι
1153 2416 1458 2495 νοτιώτεραι
1508 2415 1605 2473 καὶ
1658 2417 2026 2496 προσάρκτιοι,

366 2508 573 2575 ταύτης
633 2506 689 2563 δὲ
743 2509 829 2564 καὶ
876 2509 912 2575 ἡ
967 2513 1076 2562 τῶν
1133 2504 1308 2562 ἄλλων
1341 2511 1528 2563 πασῶν
1576 2505 1899 2587 διαφέρουσα
1941 2507 2029 2562 καὶ

366 2610 492 2663 τοῖς
562 2597 798 2676 ἀρκτίοις
852 2598 1077 2672 κειμένη
1141 2596 1374 2673 μέρεσιν,
1438 2594 1660 2660 "Enecat
1695 2614 1713 2632 °
1766 2596 1833 2664 ἣν
1885 2595 2032 2673 ἔνεγ-

365 2700 571 2745 κοϋσαν
603 2686 736 2768 ἔσχε
768 2688 853 2744 καὶ
889 2686 1228 2764 θρεψαμένην
1270 2686 1425 2767 ἀνὴρ,
1472 2686 1643 2762 ὄνομα
1695 2684 2024 2765 Κλειτοφῶν,

365 2782 525 2857 γένος
557 2777 819 2852 ἒπίσημος
865 2776 1116 2855 πλοῦτον,
1176 2776 1382 2842 οὐδενὸς
1438 2777 1544 2833 τῶν
1607 2775 1843 2833 πολιτῶν
1901 2772 2023 2831 δεύ-

365 2889 550 2945 τερος,
617 2868 721 2935 τὴν
795 2867 1007 2923 σύνεσιν
1077 2865 1263 2939 πολλῷ
1330 2866 1438 2923 τῶν
1511 2862 1691 2923 ἄλλων
1760 2863 2022 2945 ὀξύτερος,

368 2958 560 3031 τούτῳ
628 2956 797 3013 τοίνυν
883 2960 1121 3022 συνῆπτο
1203 2956 1334 3034 γυνὴ
1419 2956 1696 3022 Λευκίππη
1768 2953 2020 3030 τοῦνομα,

365 3044 544 3103 τᾶλλα
595 3046 694 3121 μὲν
753 3044 893 3112 δεξιὰ
953 3046 1076 3110 τοὺς
1132 3046 1358 3124 τρόπους
1426 3044 1525 3102 καὶ
1596 3043 1739 3123 ἀνδρὶ
1805 3043 2024 3118 τοιούτῳ

368 3136 743 3217 προσήκουσα,
780 3135 875 3192 καί
906 3133 1045 3211 μηδὲ
1103 3140 1202 3203 τῆς
1263 3135 1381 3192 κατ’
1449 3134 1573 3211 ὄψιν
1627 3136 1769 3215 ὥρας
1812 3141 1919 3192 τῶν
1968 3134 2023 3189 ἑν

366 3232 543 3305 τούτῳ
590 3229 767 3307 ἄκρων
819 3227 1158 3304 ἐλλείπουσα,
1217 3234 1370 3285 τοῦτο
1423 3227 1479 3285 δὲ
1525 3228 1690 3305 μόνον
1746 3229 2020 3306 στείρωσιν

367 3316 728 3399 δυστυχοῦσα,
762 3316 832 3375 δι’
859 3318 925 3387 ἢν
954 3317 1182 3384 πολλοῖς
1214 3318 1354 3396 παρὰ
1405 3326 1496 3376 τοῦ
1556 3315 1739 3398 ἀνδρὸς
1801 3315 2021 3375 ὀνείδεσι

362 3409 684 3487 βαλλομένη
751 3408 943 3482 ἀθυμίᾳ
1001 3408 1303 3488 συνείχετο,
1379 3408 1469 3465 καὶ
1553 3408 1821 3487 φροντίσιν
1906 3406 2027 3465 ἑκό-

361 3520 560 3573 πτετο,
620 3499 711 3556 καὶ
768 3499 994 3557 παντοία
1048 3503 1116 3566 ἦν
1176 3497 1323 3555 λύσιν
1380 3505 1487 3556 τῶν
1542 3496 1753 3575 δεσμῶν
1821 3500 2024 3555 τούτων

366 3590 721 3662 ἔπιζητοῦσα,

446 3767 535 3831 Β’.
608 3766 988 3849 Ἀμιρροτέρων
1017 3769 1107 3824 οὖν
1136 3766 1203 3825 δι’
1235 3767 1497 3848 αἶσχόνης
1551 3770 1613 3825 τὸ
1673 3773 1894 3848 πρᾶγμα
1934 3790 2022 3825 τι-

360 3858 605 3933 θεμένων
671 3860 735 3914 τὸ
804 3858 884 3933 μὴ
959 3855 1161 3915 παίδων
1243 3856 1463 3938 ὅφθὴναι
1546 3855 1804 3935 πατέρας,
1886 3855 2023 3933 μηδὲ

360 3970 485 4005 τινα
514 3946 651 4013 ἕξειν
706 3947 767 4012 ὃς
816 3947 911 4004 τοῦ
966 3946 1195 4005 πλούτου
1255 3968 1314 4003 τε
1362 3945 1698 4024 κληρονόμος
1730 3947 1901 4021 ἔσται,
1935 3950 2023 4003 καὶ

358 4036 433 4094 δι’
465 4046 529 4094 οὐ
559 4040 623 4095 τὸ
650 4037 803 4114 γένος
838 4026 1006 4094 ⁵πάλιν
1066 4037 1248 4103 αὺτοῖς
1308 4038 1632 4107 σωθήσεται,
1694 4035 1806 4093 ἐπεὶ
1865 4035 2020 4095 συνὲο

363 4125 516 4183 ϐαινε
546 4127 669 4182 κατ’
699 4126 877 4183 ἐκεῖνο
924 4135 1110 4205 καιροῦ
1166 4128 1253 4183 καὶ
1305 4126 1372 4182 τὰ
1427 4125 1525 4193 τῆς
1586 4124 2019 4204 εἰδωλολατρείας

362 4215 705 4295 ἱπικρατεῖν,
739 4214 1029 4273 Σεκοῦνδον
1076 4213 1131 4271 δέ
1184 4236 1303 4273 τινα
1352 4219 1453 4282 τῆς
1509 4213 1725 4281 πόλεως
1784 4214 2018 4289 Ἐμέσης

358 4307 464 4375 τῆν
506 4306 691 4386 ἀρχὴν
716 4306 1083 4379 πεπίστευται,
1117 4302 1275 4384 ἄνδρα
1333 4295 1587 4370 ’Ἕλληνα
1616 4304 1716 4378 μὲν
1748 4304 1845 4373 τὴν
1883 4308 2018 4382 θρη-

361 4398 572 4470 σκείαν,
605 4396 704 4463 τὴν
761 4394 815 4452 δὲ
870 4400 1097 4474 γνῶμην
1158 4393 1353 4471 κομιδῆ
1411 4391 1704 4472 βάρϐαρον,
1765 4395 1810 4470 ᾧ
1870 4392 2021 4473 ἔργον

358 4486 428 4564 ᾖν
458 4488 538 4549 ὡς
592 4482 718 4545 οὖδὰ
769 4484 900 4541 ἄλλο
950 4483 1229 4560 ἐπιμελὲς,
1276 4484 1621 4561 Χριστιανοὺς
1652 4483 1891 4548 ἅπαντας
1922 4486 2019 4541 ἱκ-

356 4576 585 4655 τρὲψαι,
644 4576 731 4631 καὶ
788 4574 888 4642 τὴν
947 4572 1239 4648 εὒσέὁειαν,
1299 4572 1354 4631 εἴ
1410 4596 1491 4638 τις
1552 4571 1793 4647 δύναμις,
1858 4572 2027 4650 ῥίζαις

358 4668 559 4729 αὗτατς
614 4663 836 4731 ἐξελεῖν·
898 4662 1013 4721 ἐπεὶ
1072 4665 1163 4721 οὖν
1228 4661 1394 4729 οὕτως
1449 4664 1505 4719 ἐν
1568 4660 1789 4735 κινδύνῳ
1818 4663 1887 4720 τὰ
1914 4669 2022 4719 τῶν

358 4755 723 4813 εὐσεϐούντων
780 4755 869 4836 ἧν,
928 4754 1071 4836 qva-ﬂ,
1127 4754 1230 4823 τὴν
1280 4754 1546 4833 σωτηρίαν
1602 4750 1828 4818 ἕκαστος
1886 4751 2021 4810 ἑπο-

360 4848 559 4925 ρίζετο.
610 4845 711 4910 εἷς
742 4845 797 4901 δὲ
827 4865 907 4910 τις
940 4845 1039 4913 τὴν
1087 4845 1281 4912 κλῆσιν
1341 4842 1649 4923 Ὀνούφριος
1712 4843 1774 4899 τὸ
1826 4847 2019 4922 σχῆμα

361 4936 643 5016 μοναχὸς,
700 4936 791 4992 τὸν
847 4933 1044 5015 τρόπον
1099 4934 1298 5015 ἀγαθὸς
1352 4934 1440 4991 καὶ
1499 4930 1767 5014 φιλόθεος,
1811 4932 1872 4989 τὸ
1922 4932 2021 5008 μὲν

356 5025 721 5082 παντάπασιν
774 5024 1089 5104 ἐκχωρῆσαι
1158 5024 1247 5081 καὶ
1316 5020 1640 5080 καταλιπεῖν
1720 5019 1775 5079 ἐν
1852 5028 2021 5097 καιρῷ

353 5134 587 5188 τοιουτῳ
615 5115 703 5171 καὶ
744 5090 884 5191 {si};
930 5090 1037 5176 ¹τὰς
1072 5113 1200 5172 τῶν
1255 5109 1648 5184 ὂσθενεστέρων
1702 5090 2079 5168 κινδυνεύεινο

354 5204 569 5285 ψυχὰς,
605 5203 702 5261 οὒκ
728 5202 871 5282 ἔγνω
927 5200 1201 5285 θεοφιλοῦς
1250 5201 1435 5280 ἀνδρὸς
1496 5202 1665 5273 εἶναι,
1728 5201 1817 5258 καὶ
1878 5200 2018 5265 ἅπας

354 5282 546 5350 lmier
577 5301 655 5369 τῷ
683 5300 839 5375 χορῷ
872 5294 979 5351 τῶν
1011 5282 1263 5373 τοιούτων
1320 5286 1689 5370 ἔγγράψαντος
1723 5309 1739 5326 ⁸
1795 5291 1857 5347 οὖ
1907 5295 2017 5364 μὴν

352 5382 493 5442 ἀλλὰ
524 5385 704 5441 καὶτὸ
752 5382 1219 5464 παρρησιάσασθαι
1275 5384 1374 5451 τὴν
1428 5380 1701 5438 εὐσέϐειαν
1755 5380 1842 5437 καὶ
1895 5392 2014 5443 τοῖς

350 5471 609 5537 κινδύνοις
641 5475 834 5532 ἑαυτὸν
891 5471 1157 5549 ἐμϐαλεῖν
1206 5476 1300 5533 οὒκ
1326 5470 1608 5549 ἄμεμπτον
1660 5470 1805 5528 εἶναι
1860 5468 2010 5526 δοκι-

350 5564 547 5643 μάσας,
608 5562 726 5622 οὐδὲ
788 5568 902 5621 τῶν
964 5563 1144 5638 νόμων
1211 5563 1313 5629 τῆς
1384 5558 1651 5625 εὗσεϐείας
1722 5558 2009 5641 ὶχόμενον,

348 5652 506 5727 μέσος
573 5653 799 5736 ἐχώρει·
865 5653 958 5711 καὶ
1015 5651 1262 5731 κρύπτων
1317 5651 1503 5708 ἑαυτὸν
1562 5650 1746 5718 ἐσθῆτι
1794 5648 2009 5727 ολευκῇ,

344 5744 411 5812 ἣν
438 5742 521 5802 ἰπὶ
548 5758 671 5812 τοῖς
715 5752 1064 5827 μοναχικοτς
1122 5739 1386 5824 ινεδῦετο,
1440 5740 1683 5823 μοναχὺς
1741 5738 1809 5809 ἦν
1867 5738 2012 5808 ἀλη-

2114 2428 2187 2479 ta)
2245 2417 2486 2499 quidem
2519 2428 2658 2480 sunt
2710 2417 2841 2481 alia;
2892 2438 3129 2502 quoque
3185 2418 3474 2491 civitates,
3509 2423 3627 2478 tam
3684 2412 3757 2475 ad

2112 2516 2405 2585 austrum,
2432 2527 2610 2586 quam
2642 2508 2714 2571 ad
2748 2510 3219 2591 septentrionem
3247 2529 3261 2572 :
3296 2508 3425 2589 ejus
3449 2512 3647 2569 autem
3672 2510 3764 2565 est

2112 2614 2179 2659 ea
2214 2614 2471 2679 quoque,
2506 2617 2636 2679 qua;
2693 2608 2782 2660 est
2810 2599 3057 2661 aliarum
3089 2598 3356 2660 omnium
3390 2592 3761 2677 praestantis-

2109 2687 2283 2763 sima,
2320 2695 2378 2749 et
2429 2687 2501 2749 ad
2563 2696 2759 2768 partes
2811 2688 2922 2750 sita
2971 2687 3275 2763 boreales,
3307 2686 3569 2749 Emesa:
3630 2699 3763 2764 qua

2110 2776 2349 2857 quidem
2380 2777 2510 2838 tulit
2534 2785 2593 2840 et
2622 2778 2769 2839 aluit
2792 2778 2979 2840 virum
3014 2779 3259 2840 nomine
3291 2775 3758 2857 Clitophontem,

2110 2883 2334 2946 genere
2363 2865 2684 2947 insignem,
2710 2867 2932 2929 divitiis
2963 2867 3111 2931 nulli
3141 2868 3353 2929 civium
3382 2862 3755 2938 inferiorem,

2110 2954 2509 3035 intelligentia
2565 2956 2697 3018 aliis
2727 2957 2903 3035 longe
2932 2957 3283 3019 acutiorem.
3344 2953 3412 3017 Ei
3443 2951 3762 3032 conjuncta

2111 3052 2232 3106 erat
2263 3062 2409 3106 uxor
2425 3050 2668 3108 nomine
2697 3046 3019 3127 Leucippe,
3044 3046 3268 3127 alioqui
3300 3044 3544 3125 quidem
3575 3039 3753 3102 bonis

2111 3132 2468 3214 moribus,et
2491 3136 2590 3197 tali
2620 3135 2831 3197 marito
2864 3134 3253 3207 conveniens,
3279 3142 3340 3195 et
3366 3150 3442 3192 ne
3472 3130 3759 3212 pulcher-

2106 3222 2277 3287 rimis
2309 3224 2550 3305 quidem
2582 3224 2806 3287 cedens
2832 3224 3022 3288 forma
3054 3223 3324 3305 corporis
3359 3241 3373 3283 :
3409 3237 3529 3282 uno
3557 3226 3760 3279 autem

2105 3313 2219 3375 hoc
2250 3316 2376 3376 solo
2409 3322 2539 3378 erat
2589 3314 2817 3392 infelix,
2850 3314 3006 3396 quod
3038 3321 3197 3376 esset
3251 3308 3496 3373 sterilis.
3528 3306 3654 3381 Qua
3683 3305 3761 3368 de

2106 3421 2286 3467 causa
2317 3424 2450 3467 cum
2513 3405 2714 3468 multis
2745 3404 2979 3486 probris
3007 3423 3041 3466 a
3092 3402 3301 3465 marito
3353 3404 3759 3482 appeteretur,

2108 3512 2322 3574 magna
2374 3495 2831 3576 opprimebatur
2860 3493 3044 3556 animi
3083 3491 3460 3573 aegritudine,
3493 3496 3556 3551 et
3600 3487 3759 3549 curis

2104 3586 2447 3665 vexabatur,
2481 3600 2543 3651 et
2574 3587 2721 3650 nihil
2771 3605 2890 3650 non
2923 3584 3300 3660 moliebatur,
3334 3582 3584 3665 cupiens
3610 3579 3761 3643 solvi

2046 3709 2084 3759 Β
2108 3676 2180 3740 ab
2213 3678 2307 3739 bis
2336 3679 2612 3742 vinculis.

2189 3766 2263 3830 Il.
2298 3771 2442 3832 Cum
2471 3767 2647 3831 ambo
2676 3785 2817 3848 ergo
2847 3767 2960 3830 hoc
2985 3764 3101 3829 sibi
3124 3763 3343 3846 probro
3376 3761 3670 3823 ducerent
3699 3764 3760 3819 et

2109 3855 2498 3939 dedecori,qu
2510 3859 2580 3921 od
2606 3877 2724 3921 non
2749 3864 3242 3938 essentparentes
3259 3853 3755 3927 ﬁliorum,neque

2107 3944 2292 4007 ullum
2316 3957 2517 4010 essent
2530 3947 2789 4010 habituri
2806 3946 3105 4009 hzeredem
3120 3961 3365 4007 suarum
3383 3939 3753 4019 facultatum,

2106 4051 2214 4113 per
2260 4054 2436 4116 quem
2470 4054 2656 4114 genus
2712 4055 2925 4098 rursus
2956 4035 3044 4097 eis
3092 4039 3566 4106 conservaretur,
3600 4047 3755 4108 quo-

2105 4123 2264 4184 niam
2298 4124 2599 4187 acciderat
2631 4133 2695 4186 ut
2726 4126 2825 4188 illo
2855 4135 3130 4204 tempore
3168 4122 3338 4185 valde
3369 4117 3760 4183 invalesceret

2104 4213 2296 4275 cultus
2328 4215 2819 4294 simulacrorum,
2857 4223 2916 4276 et
2945 4212 3179 4276 cuidam
3211 4209 3488 4273 Secundo
3508 4207 3758 4271 civitatis

2102 4302 2331 4366 Emesa
2363 4305 2551 4367 rectio
2586 4305 3084 4376 committeretur,
3118 4300 3323 4381 gentili
3354 4295 3595 4381 quidem
3621 4296 3760 4358 reli-

2104 4394 2303 4473 gione,
2334 4396 2535 4457 animo
2562 4404 2766 4458 autem
2803 4395 2976 4475 plane
3006 4392 3283 4470 barbaro,
3307 4389 3405 4451 cui
3426 4386 3578 4449 nihil
3596 4384 3756 4475 aliud

2106 4492 2231 4545 erat
2261 4485 2562 4560 φυγαδιἱεί
2578 4503 2788 4547 omnes
2804 4473 3084 4548 evertere
3116 4478 3507 4553 Christianos,
3533 4485 3594 4538 et
3620 4473 3756 4557 pie-

2105 4581 2283 4636 tatem
2318 4591 2424 4654 pro
2472 4574 2701 4636 viribus
2731 4574 3050 4637 excindere
3078 4570 3368 4634 radicitus
3400 4589 3414 4627 :
3448 4565 3755 4654 quoniam,

2106 4652 2375 4742 inquam,
2402 4679 2501 4723 res
2524 4663 2759 4742 piorum
2784 4662 2844 4723 in
2871 4669 3034 4725 tanto
3049 4660 3437 4722 versabantur
3463 4652 3750 4742 periculo,

2107 4740 2687 4832 unusquisque-fuga
2718 4751 2832 4813 sibi
2864 4751 3113 4812 salutem
3157 4743 3559 4827 comparabat.
3591 4740 3757 4807 Unus

2105 4857 2272 4912 vero,
2309 4842 2555 4904 nomine
2585 4841 2894 4913 Unut‘rius,
2931 4839 3138 4903 habitu
3182 4836 3532 4914 monachus,
3567 4833 3755 4896 mori-

2104 4929 2217 4993 bus
2238 4930 2428 4993 bonus
2455 4940 2512 4992 et
2533 4931 2871 5012 religiosus,
2896 4930 3141 4992 omnino
3171 4926 3414 5008 quidem
3440 4922 3752 5012 recedere,

2103 5020 2247 5081 etin
2279 5020 2378 5083 tali
2417 5010 2687 5104 tempore
2715 5039 2783 5084 ac
2818 5027 3170 5101 tempestate
3218 5015 3559 5095 relinquere
3590 5010 3754 5094 peri-

2101 5110 2377 5173 clitantos
2426 5111 2661 5174 animas
2688 5110 3178 5190 imbecilliorum,
3207 5104 3408 5169 statuit
3452 5121 3571 5166 non
3621 5119 3758 5165 esse

2098 5199 2209 5263 viri
2240 5200 2347 5281 pii,‘
2370 5208 2430 5263 et
2458 5201 2595 5281 ejus
2626 5202 2729 5284 qui
2760 5219 2825 5263 se
2854 5199 3131 5279 aseripsit
3159 5196 3345 5260 choro
3386 5209 3620 5284 eorum,
3651 5191 3758 5284 qui

2099 5298 2237 5352 sunt
2256 5290 2575 5370 ejusmodi.
2599 5281 2822 5354 Verum
2848 5290 3154 5354 enimvero
3174 5304 3310 5350 cum
3342 5284 3535 5347 libere
3554 5281 3757 5363 eloqui

2096 5379 2403 5462 pietatem,
2437 5388 2495 5443 et
2522 5380 2582 5443 in
2616 5380 2881 5463 pericula
2906 5380 3171 5461 seipsum
3224 5374 3557 5455 conjicere,
3584 5371 3751 5452 judi-

2097 5478 2290 5532 casset
2342 5488 2459 5531 non
2492 5488 2624 5533 esse
2655 5471 2915 5534 alienum
2946 5488 2981 5532 a
3025 5464 3525 5550 reprehensione,
3557 5479 3754 5543 neque

2096 5567 2575 5624 consentaneum
2599 5560 2833 5643 legibus
2855 5577 3010 5623 verte
3026 5550 3609 5643 religionis,tenebat
3630 5567 3755 5612 me-

2097 5648 2264 5711 dium
2297 5669 2311 5714 :
2349 5656 2408 5712 et
2465 5649 2600 5713 alba
2630 5642 2796 5713 veste
2824 5655 3145 5728 contegent
3174 5642 3585 5714 monasticam,
3615 5644 3747 5724 erat

2098 5739 2297 5803 animo
2336 5756 2478 5804 vero
2509 5741 2862 5818 monachus,
2895 5745 2957 5803 et
3012 5753 3085 5801 ea
3124 5731 3467 5814 exercebat,
3500 5741 3635 5812 qua
3684 5729 3755 5786 ολ
