4158 6416
501 332 580 404 99

1812 338 2095 405 MENSIS
2125 342 2568 410 NOVEMBER.

3773 338 3880 407 lOO

497 479 670 555 xerit,
701 485 761 542 et
808 479 964 560 quod
999 479 1114 543 hoc
1157 490 1274 549 est,
1305 472 1461 561 quod
1496 477 1926 558 ejusmatricis
1979 478 2149 541 solvit

2237 476 2315 535 ὅτι
2363 480 2451 536 καὶ
2493 477 2840 556 βεϐάπτισται
2898 479 3024 557 παρ’
3065 474 3243 550 αὕτοῦ,
3276 476 3367 533 καὶ
3420 475 3495 538 ὡς
3551 475 3712 534 τοῦτό
3765 477 3873 535 ἐστι

501 567 690 632 nodos
719 567 1018 633 dilﬁciles.
1055 569 1286 632 Deinde
1340 575 1514 630 etiam
1549 568 1792 650 adjecit,
1830 569 1977 630 nihil
2009 587 2146 630 esse

499 658 1282 741 impedimento.quominus
1299 659 1430 740 ipse
1451 678 1690 740 quoque
1718 659 1982 721 divinum
2008 658 2148 738 bap-

499 747 740 810 tismum
792 756 1222 829 consequatur.
1257 749 1491 809 Etenim
1544 747 1692 809 mihi
1723 749 1875 810 inter
1934 760 2150 810 cmtera

499 837 616 900 hoc
660 856 895 920 quoque
926 837 1199 915 praedixit
1250 839 1334 900 vir
1364 837 1464 899 ille
1517 837 1772 910 divinus,
1808 839 1936 899 t’ore
1978 846 2044 898 ut
2092 846 2150 898 te

500 945 762 1008 quoque,
793 947 829 990 ο
885 927 1262 997 charissime,
1299 947 1434 989 mox
1486 925 1769 988 haberem
1804 944 1954 988 mea;
2009 926 2150 988 ﬁdei

501 1015 754 1078 socium.
780 1015 914 1079 Haec
945 1025 1004 1078 et
1027 1015 1128 1079 illa
1155 1015 1328 1090 dixit,
1356 1025 1414 1077 et
1445 1031 1578 1097 quae
1597 1015 1756 1078 dicta
1785 1025 1944 1092 sunt,
1971 1015 2150 1096 paulo

500 1114 634 1186 post
683 1105 942 1169 deducta
967 1114 1104 1170 sunt
1158 1105 1230 1168 ad
1294 1106 1599 1180 etl‘ectum,
1635 1113 1692 1166 et
1738 1105 1863 1186 ipse
1911 1124 2151 1186 quoque

499 1194 766 1258 divinum
793 1195 1156 1276 baptismum
1187 1204 1278 1258 est
1309 1203 1688 1269 consecutus,
1723 1203 1782 1255 et
1809 1193 2020 1256 didicit
2051 1212 2152 1256 ar-

499 1302 648 1348 cana
709 1284 970 1366 pietatis,
1002 1303 1138 1347 cum
1199 1283 1438 1346 divinus
1468 1292 1528 1346 et
1581 1283 1953 1346 admirabilis
1983 1281 2151 1346 Onu-

498 1374 653 1438 l'rius
680 1374 754 1437 ad
783 1375 908 1439 haec
939 1393 1150 1438 rursus
1171 1373 1562 1436 inserviisset.

581 1462 708 1528 Vll.
743 1462 886 1528 Cum
917 1471 1118 1527 autem
1143 1465 1268 1542 jam
1303 1461 1564 1524 venisset
1609 1471 1846 1543 tempus
1878 1461 2150 1544 pariendi

499 1552 860 1634 Leucippes,
892 1564 949 1616 et
982 1553 1164 1614 ﬁlium
1197 1553 1531 1634 peperisset
1563 1551 1917 1626 masculum,
1940 1569 2146 1615 accer-

499 1641 650 1705 situs
697 1661 905 1704 rursus
953 1642 1265 1716 Onut‘rius,
1316 1653 1604 1704 consueta
1650 1642 1892 1717 utilitas,
1927 1641 2150 1703 bonum

497 1749 534 1794 a
565 1733 692 1796 Deo
725 1732 998 1812 missum,
1022 1743 1079 1794 et
1111 1733 1268 1812 quod
1293 1729 1557 1810 genitum
1582 1731 2014 1805 fuerat,rursus
2045 1748 2152 1809 per

2227 570 2290 624 τὸ
2337 569 2433 636 τῆς
2492 570 2698 644 μήτρας
2757 568 2920 637 αὖτῆς
2949 569 3013 626 τὰ
3064 565 3300 646 δυσχερῆ
3344 564 3564 640 ἅμματα
3624 563 3808 646 λύσαν,
3841 566 3876 634 ἢ

2229 660 2318 714 καὶ
2372 660 2675 735 προσετίθει
2747 659 2821 721 ὣς
2881 656 3029 715 οῦδὲν
3099 656 3242 713 ἔσται
3295 657 3356 712 τὸ
3425 653 3729 730 ἐμποδίζοι,
3792 657 3878 712 καὶ

2231 746 2389 804 αὐτὸν
2435 749 2525 804 τοῦ
2577 747 2699 805 ἴσου
2745 745 3133 814 καταξιωθῆναι
3190 747 3577 822 βαπτίσματος·
3641 748 3729 801 καὶ
3782 746 3880 823 γάρ

2233 858 2327 910 μοι
2378 857 2515 910 μετα
2560 844 2667 892 τῶν
2713 833 2914 913 ἄλλων,
2948 837 3100 917 φησὶ,
3135 838 3224 892 καὶ
3270 836 3425 893 τοῦτό
3475 858 3565 904 μοι
3622 849 3878 908 προεῖπεν

2233 926 2262 982 δ
2309 929 2454 988 θεῖος
2511 925 2644 1004 ἀνὴρ
2695 925 2926 1001 ἐκεῖνος,
2962 925 3044 982 ὅτι
3088 927 3177 984 καὶ
3223 926 3281 983 οὲ
3330 927 3421 982 τὸν
3463 925 3712 1004 φίλτατον
3756 923 3876 980 ὅσον

2233 1014 2380 1073 οὔπω
2437 1021 2536 1083 τῆς
2596 1020 2757 1089 αὒτῆς
2822 1015 2923 1082 ἔξω
2981 1023 3336 1074 κοινωνοῦντα
3388 1017 3639 1090 μίστεως.
3707 1022 3881 1073 Ταῦτα

2229 1106 2410 1171 εκείνη
2455 1126 2512 1161 τε
2555 1105 2766 1184 εἴρηκε,
2813 1109 2906 1163 καὶ
2953 1104 3071 1181 μετ’
3115 1105 3293 1184 ὀλίγον
3340 1107 3404 1162 τὰ
3458 1105 3722 1186 λεχθέντα
3764 1101 3876 1168 ἑξε-

2237 1193 2333 1262 ϐη.
2389 1199 2485 1254 Καὶ
2515 1203 2608 1253 τοῦ
2648 1196 2788 1254 θείου
2816 1197 2904 1252 καὶ
2954 1197 3109 1259 αὐτὸς
3158 1194 3379 1273 λουτροῦ
3421 1194 3654 1268 ἠξιοῦτο,
3690 1194 3879 1255 Ὀνου-

2237 1287 2384 1365 φρίου
2451 1284 2610 1342 πάλιν
2668 1287 2798 1364 πρὸς
2871 1293 3034 1343 ταῦτα
3091 1295 3185 1345 τοῦ
3239 1287 3529 1359 θαυμασίο)
3598 1287 3876 1364 ὅπηρετή-

2235 1397 2445 1443 σαντος,

2320 1465 2407 1530 Z’.
2470 1464 2623 1532 ’Ἤδη
2653 1463 2707 1521 δὲ
2759 1465 2902 1543 ὥραν
2934 1469 3094 1522 τόκου
3133 1470 3232 1532 τῆς
3264 1468 3572 1535 Λευκίππης
3621 1468 3880 1548 ἑχούσης,

2232 1553 2400 1612 παῖδά
2459 1579 2516 1613 τε
2572 1556 2890 1634 γειναμένης
2948 1553 3159 1632 ἅῤῥενα,
3206 1554 3532 1614 εἷσκαλεϊται
3597 1559 3684 1616 καὶ
3739 1557 3882 1622 αὖθις

2231 1645 2538 1726 Ὀνούφριος
2564 1692 2583 1720 ,
2656 1648 2690 1714 ἡ
2765 1647 2999 1714 συνήθης
3065 1643 3297 1724 ὠφέλεια
3328 1693 3346 1718 ,
3418 1647 3480 1702 τὸ
3548 1649 3885 1722 θεόπεμπτον

2231 1735 2428 1812 ἀγαθόν
2512 1737 2601 1792 καὶ
2642 1738 2702 1792 το
2757 1738 3006 1813 γεννηθὲν
3049 1735 3366 1812 ἀνεγεννᾶτο
3413 1735 3480 1791 δι’
3519 1736 3680 1795 αὔτοῦ
3722 1736 3884 1795 πάλιν

497 1821 696 1904 ipsum
750 1821 860 1883 luit
890 1831 1308 1901 regeneratum
1342 1819 1516 1883 beato
1575 1821 1950 1902 baptismate,
1985 1833 2044 1883 et
2074 1821 2149 1882 ab

2237 1829 2309 1898 τῷ
2359 1827 2603 1903 μακαρίῳ
2657 1826 3007 1902 βαπτίσματι,
3070 1827 3158 1881 καὶ
3213 1825 3313 1892 τῆν
3371 1825 3566 1892 κλῆσιν
3620 1825 3884 1900 ἐλάμϐανε

499 1911 632 1992 ipso
657 1910 890 1991 accepit
919 1911 1406 1992 appellationem,
1431 1919 1488 1972 et
1518 1909 1629 1973 fuit
1656 1911 1994 1973 nominatus
2029 1910 2147 1973 Ga-

496 2001 715 2066 laction
750 2018 765 2063 :
798 2000 1030 2081 fuitque
1059 1999 1406 2081 appellatio,
1441 2009 1602 2062 certa
1633 1999 1966 2063 futurorum
1996 2019 2152 2080 prae-

496 2090 704 2160 dictio.
742 2088 796 2152 Is
824 2090 986 2152 enim
1021 2091 1220 2153 editus
1267 2089 1377 2153 fuit
1406 2089 1664 2152 mundus
1694 2109 1764 2152 ex
1796 2090 2058 2166 mundis,
2092 2099 2152 2153 et

497 2197 571 2243 ex
600 2180 917 2261 generosis
939 2197 1190 2259 germen
1213 2198 1350 2242 vero
1367 2199 1755 2260 generosum.
1779 2182 2150 2243 Procedente

495 2277 695 2333 autem
749 2279 1043 2349 tempore,
1077 2270 1359 2350 paulatim
1392 2269 1695 2332 Galaction
1746 2269 2150 2332 additamenta

498 2359 687 2422 sitatis
707 2359 930 2438 adjecit
961 2361 1140 2421 etiam
1165 2358 1638 2436 intelligentiam,
1663 2368 1837 2439 atque
1857 2359 2008 2422 adeo
2038 2361 2149 2421 ha-

499 2447 681 2512 bebat
707 2448 1014 2530 ingenium
1042 2467 1222 2529 supra
1247 2458 1507 2512 aetatem.
1542 2447 1804 2512 Traditis
1826 2467 1964 2511 vero
1995 2448 2151 2512 ludis

500 2537 964 2614 littersriis,etin
982 2537 1435 2619 perfectioribus
1460 2556 1590 2601 exet
1608 2538 1764 2600 citus
1788 2536 2147 2618 disciplinis,

499 2628 786 2710 praeclara
815 2646 922 2691 sua
953 2627 1157 2690 indole
1182 2627 1270 2690 vel
1303 2628 1462 2708 ipsos
1495 2627 1812 2706 magistros
1841 2627 2149 2708 relinque-

497 2716 650 2780 bata
677 2717 1034 2797 tergo.Cum
1051 2726 1255 2796 ageret
1281 2729 1481 2778 autem
1515 2717 1862 2778 vicesimum
1891 2727 1950 2778 et
1977 2735 2151 2797 quar-

497 2815 623 2869 tum
655 2825 904 2889 annum,
931 2825 1091 2869 cura;
1113 2815 1238 2868 erat
1263 2813 1436 2887 patri,
1463 2805 1516 2867 ei
1541 2807 1997 2869 convenientem
2019 2807 2151 2868 vita;

495 2898 864 2978 conjungere
911 2896 1159 2973 sociam,
1191 2914 1326 2958 cum
1382 2905 1574 2959 mater
1630 2896 1931 2978 Leucippe
1956 2897 2081 2977 jam
2115 2918 2148 2961 e

495 2984 618 3049 vita
646 2986 1024 3050 excessisset.

577 3073 733 3142 V111.
765 3077 910 3140 Erat
938 3085 1136 3139 autem
1181 3085 1319 3139 tunc
1350 3075 1619 3158 quaedam
1651 3075 1837 3158 virgo,
1878 3078 2148 3159 pulchri-

495 3164 702 3229 tudine
731 3178 794 3230 et
824 3185 1056 3229 morum
1093 3165 1403 3229 honestate
1434 3166 1804 3230 antecellens
1842 3167 2145 3230 omnibus.

495 3254 569 3320 Ei
597 3263 726 3317 erat
745 3273 966 3318 nomen
990 3253 1317 3335 Episteme.
1349 3274 1480 3335 quae
1504 3255 1831 3318 nobilitatis
1857 3263 1916 3317 et
1944 3257 2151 3335 glorim

495 3343 714 3407 famam
741 3343 1005 3407 habebat
1035 3343 1290 3425 primam
1323 3345 1478 3407 inter
1507 3345 1814 3408 mulieres.
1860 3342 2004 3407 Eam
2039 3345 2152 3408 de-

496 3433 737 3514 spondit
765 3432 1104 3516 Galaction,
1136 3452 1295 3496 nunc
1315 3433 1567 3516 quidem
1617 3434 1691 3496 ad
1721 3435 1986 3515 speciem
2019 3455 2150 3498 ma-

497 3523 790 3600 trimonii,
823 3532 1030 3606 postea
1061 3534 1260 3587 autem
1288 3526 1360 3586 ad
1392 3525 1673 3586 unionem
1723 3525 1961 3588 animae.
1996 3528 2144 3588 Cum

496 3632 640 3677 vero
662 3614 793 3677 vita:
805 3632 942 3679 cum
966 3632 1036 3676 ea
1052 3614 1404 3678 societatem
1429 3633 1585 3694 aegre
1608 3615 1792 3677 ferret
1809 3615 2142 3692 Galaction,

496 3713 556 3769 et
576 3712 782 3787 aperte
803 3703 1152 3768 ostenderet
1171 3723 1238 3766 se
1266 3707 1396 3783 ejus
1417 3723 1770 3782 congressus
1805 3713 1860 3767 et
1885 3706 2148 3787 comple-

495 3811 608 3858 xus
636 3813 756 3857 non
785 3793 1124 3869 admittere,
1158 3802 1405 3874 propter
1425 3794 1736 3874 religionis
1765 3793 2145 3858 dissimilitu-

2235 1912 2356 1992 παρ’
2436 1915 2593 1971 αὖτοῦ
2660 1917 2746 1971 καὶ
2815 1914 3123 1971 Γαλακτίων
3179 1917 3609 1989 κατωνομάζετο,
3669 1920 3758 1975 καὶ
3816 1921 3884 1985 ῆν

2238 2005 2268 2071 ἦ
2316 2001 2506 2070 κλῆσις
2561 2010 2666 2059 τῶν
2725 2003 2994 2077 ἐσομένων
3053 2004 3298 2082 ἀσφαλὴς
3352 2005 3766 2084 προαγόρευσος’
3825 2006 3886 2064 in

2232 2094 2474 2171 καθαρῶν
2531 2093 2631 2171 γὰρ
2682 2093 2908 2166 καθαρὸς
2966 2093 3050 2150 καὶ
3099 2092 3250 2158 οὗτος
3300 2091 3500 2173 ἀπέϐη,
3548 2096 3637 2152 καὶ
3677 2094 3732 2162 ἒξ
3791 2096 3882 2152 εὖ·

2233 2187 2403 2260 γενῶν
2451 2181 2618 2248 ὄντως
2681 2184 2891 2260 εὐγενὲς
2948 2180 3257 2258 βλάστημα.
3332 2185 3622 2260 Προϊόντος
3679 2183 3734 2241 δὲ
3795 2193 3887 2244 τοῦ

2235 2271 2432 2350 χρόνου
2489 2273 2628 2329 κατὰ
2679 2274 2875 2352 μικρὸν
2925 2275 2953 2328 ὁ
3009 2272 3316 2328 Γαλακτίων
3368 2274 3454 2330 ἐπὶ
3511 2279 3578 2350 τῇ
3607 2277 3888 2351 προσθήκῃ

2233 2365 2332 2428 τῆς
2390 2359 2598 2429 ἡλίκίας
2649 2363 2736 2418 καὶ
2794 2362 3000 2417 σύνεσιν
3061 2363 3377 2439 προσετίθει,
3423 2362 3629 2437 μᾶλλον
3687 2361 3742 2421 δὲ
3802 2366 3889 2422 καὶ

2233 2447 2364 2526 ὑπέρ
2427 2450 2520 2517 τῆν
2553 2448 2762 2517 ἡλικίαν
2822 2451 2883 2506 τὸ
2915 2458 3137 2529 φρονοῦν
3180 2451 3334 2529 εἶχε.
3371 2450 3778 2520 ,διδασκαλείοις
3833 2452 3887 2510 δὲ

2233 2536 2484 2613 ἐκδοθεὶς,
2521 2538 2607 2596 καί
2659 2553 2780 2603 τοῖς
2832 2538 3170 2616 τελεωτὲροις
3216 2541 3532 2608 ἁκπονηθεὶς
3577 2545 3885 2620 μαθήμασι,

2231 2634 2308 2701 τῷ
2370 2627 2636 2706 φιλοτίμῳ
2693 2631 2794 2696 τῆς
2852 2631 3057 2708 φύσεως
3116 2630 3203 2686 καὶ
3277 2632 3462 2694 αὐτοὺς
3520 2633 3692 2689 ὀπίσω
3767 2636 3886 2700 τοὺς

2232 2716 2578 2782 διδασκάλους
2664 2718 2883 2780 ἐποίει.
2990 2721 3246 2777 Εἷκοστὸν
3328 2717 3383 2776 δὲ
3466 2722 3553 2777 καὶ
3635 2721 3888 2802 τέταρτον

2233 2805 2470 2864 ἐνιαυτὸν
2540 2805 2784 2886 ἄγοντος,
2845 2812 3053 2888 φροντὶς
3124 2809 3190 2877 ἦν
3259 2816 3336 2884 τῷ
3409 2814 3564 2890 πατρὶ
3625 2814 3887 2870 κοινωνὸν

2231 2895 2377 2970 αὒτῷ
2430 2897 2544 2973 βίου
2593 2899 2692 2966 τὴν
2741 2900 3108 2979 φροσήκουσαν
3170 2900 3521 2976 συναρμόσαι,
3556 2903 3654 2968 τῆς
3707 2901 3882 2978 μητὲ-

2233 3009 2322 3066 ρος
2354 2985 2456 3054 ἤδη
2490 2989 2798 3056 Λευκίππης
2830 2990 2920 3045 τὸν
2950 2989 3062 3066 βίον
3093 2987 3488 3058 ἀπολιπούσης.

2313 3075 2402 3137 Η’.
2465 3077 2765 3158 Ἰίτυγχανε
2796 3077 2851 3135 δέ
2893 3101 2974 3144 τις
3004 3081 3064 3136 τὸ
3091 3087 3383 3147 τηνικαῦτα
3427 3080 3702 3160 παρθένος,
3743 3082 3886 3141 κάλ·

2233 3164 2314 3222 λει
2369 3187 2427 3222 τε
2484 3167 2571 3223 καὶ
2641 3166 2755 3235 ἤθει
2811 3168 3018 3244 κοσμίῳ
3081 3175 3187 3224 τῶν
3257 3168 3473 3226 mus“
3543 3167 3882 3251 διαφέρουσα.

2237 3253 2547 3331 Ἐπιστήμη
2600 3256 2768 3333 ταύτῃ
2796 3259 2858 3314 τὸ
2919 3255 3112 3332 ὄνομα,
3145 3255 3303 3324 κλέος
3347 3258 3608 3337 εὐγενείας
3636 3261 3735 3318 καὶ
3794 3260 3886 3320 δό-

2233 3344 2326 3411 ξης
2383 3344 2510 3402 αὒτὸ
2579 3347 2642 3402 τὸ
2705 3352 2916 3425 πρῶτον
2984 3349 3038 3405 ἒν
3093 3346 3320 3426 γυναιξὶν
3391 3348 3616 3430 ἔχουσα.
3675 3354 3886 3420 Ταύτην

2231 3435 2538 3512 ἡρμόσαντο
2586 3434 2937 3510 Γαλακτίωνι,
2998 3446 3086 3497 νῦν
3137 3438 3234 3513 μὶν
3305 3439 3378 3503 εἰς
3437 3441 3737 3521 πρόσχημα
3796 3450 3890 3502 τοῦ

2231 3525 2430 3602 γάμου,
2463 3525 2602 3601 μετὰ
2629 3533 2792 3584 ταῦτα
2845 3524 2900 3583 δὲ
2929 3528 3018 3584 καὶ
3075 3527 3173 3596 τῆς
3232 3532 3414 3609 ψυχῆς
3463 3529 3674 3591 ἕνωσιν.
3732 3529 3888 3590 Ἐπεὶ

2229 3611 2286 3670 δὲ
2355 3616 2452 3684 τὴν
2513 3613 2801 3692 συμϐίωσιν
2867 3618 3064 3686 ταύτης
3137 3615 3478 3700 ἐδυσχέραινε
3549 3620 3884 3697 Γαλακτίων,

2230 3707 2317 3762 καὶ
2377 3707 2598 3783 φανερὸς
2630 3707 2696 3774 ῆν
2747 3707 2841 3772 τὰς
2873 3706 3185 3784 συμπλοκάς
3239 3730 3297 3765 τε
3355 3711 3443 3767 καὶ
3497 3708 3763 3778 δεξιώσεις
3826 3712 3888 3770 οὗ

2231 3794 2580 3874 προσιέμενος
2638 3793 2721 3852 διὰ
2765 3798 2825 3854 τὸ
2880 3800 2998 3876 περὶ
3056 3799 3118 3856 τὸ
3177 3794 3336 3862 σεϐας
3379 3798 3634 3876 ἀνόμοιον
3684 3803 3778 3858 καὶ
3823 3802 3885 3860 τὸ

497 3884 727 3964 dinem,
757 3892 818 3946 et
838 3883 995 3964 quod
1033 3902 1104 3946 ea
1119 3901 1238 3944 non
1267 3893 1426 3946 esset
1459 3887 1756 3965 particeps
1784 3883 1972 3946 divini
2003 3883 2149 3966 bap-

2237 3891 2323 3942 τοῦ
2375 3886 2516 3944 θείου
2551 3885 2919 3962 βαπτίσματος
2971 3886 3238 3968 ἰμέτοχον
3288 3887 3432 3945 εἶναι
3481 3891 3703 3966 ταύτην,
3737 3889 3885 3951 πολ-

499 3972 778 4049 tismatis,
809 3991 844 4035 a
863 3973 1219 4036 necessariis
1248 3991 1406 4055 saape
1439 3974 1830 4051 exigebantur
1857 3975 2141 4056 rationes,

2237 3973 2352 4040 λοῦς
2409 3976 2554 4055 παρὰ
2583 3983 2689 4033 τῶν
2747 3978 2958 4034 οἰκείων
2985 3977 3276 4058 ἐπράττετο
3323 3976 3538 4057 λόγους,
3572 3982 3659 4039 καὶ
3691 3981 3885 4062 βαρεῖς

500 4063 602 4145 qni
630 4081 760 4125 eam
791 4081 921 4126 rem
952 4081 1109 4143 aegre
1133 4063 1430 4142 ferebant,
1462 4073 1522 4126 et
1549 4064 1805 4143 graviter
1835 4064 2142 4146 expende-

2237 4064 2414 4130 αὐτοὺς
2471 4066 2604 4146 εἶχε
2631 4071 2725 4123 τοῦ
2765 4065 3081 4145 πράγματος
3109 4066 3393 4147 λογιστάς.
3461 4071 3637 4138 Μόνος
3666 4069 3722 4128 δί
3749 4092 3888 4130 ποτε

495 4152 662 4216 bant.
719 4155 863 4218 Cum
915 4164 1114 4216 autem
1167 4153 1330 4217 solus
1385 4155 1705 4236 aliquando
1743 4155 1901 4236 apud
1950 4155 2138 4218 solam

2237 4156 2358 4233 πρὸς
2430 4155 2604 4232 μόνην
2645 4155 2768 4224 τῆν.
2817 4152 3166 4233 Ἐπιστήμην
3213 4159 3531 4242 γενόμενος,
3573 4159 3698 4218 εἶτα
3754 4159 3882 4242 παρ’

493 4243 706 4308 fuisset
741 4242 1222 4333 Epistemen._ab
1271 4262 1344 4308 ea
1371 4254 1632 4324 rogatus,
1665 4262 1938 4327 quaenam
1985 4251 2143 4308 esset

2237 4248 2388 4314 ιῦτῆς
2445 4250 2538 4333 τοῦ
2607 4245 2794 4320 μίσους
2863 4245 3207 4326 ἐρωτώμενος
3277 4250 3376 4318 τῆν
3453 4251 3646 4332 αἰτίαν,
3710 4250 3875 4333 φάναι

496 4351 677 4396 causa
723 4332 869 4409 odii,
901 4333 1053 4397 dixit
1107 4331 1412 4398 Galaction
1473 4352 1542 4397 se
1571 4354 1689 4396 non
1743 4353 1916 4415 posse
1970 4335 2145 4397 aliter

2237 4335 2317 4393 τὸν
2374 4332 2719 4392 Γαλακτίωνα
2746 4335 2826 4412 μὴ
2883 4335 2947 4391 ἂν
3001 4335 3180 4403 ἄλλως
3235 4337 3565 4420 ἀνασχέσθαι
3621 4331 3735 4409 τὴν
3749 4340 3877 4418 μετ’

495 4423 657 4486 ferre
708 4423 839 4486 vita:
867 4442 1003 4485 cum
1051 4441 1125 4486 ea
1169 4423 1542 4499 societatem,
1578 4424 1695 4486 nisi
1743 4443 1874 4488 eam
1931 4423 2146 4490 viderit

2237 4428 2392 4492 ιῦτῆς
2451 4424 2754 4500 κοινωνίαν,
2786 4427 2831 4483 εί
2882 4427 2961 4502 μὴ
2987 4429 3076 4485 καὶ
3125 4430 3262 4486 κατὰ
3287 4431 3350 4486 τὸ
3397 4427 3554 4494 σέϐας
3588 4428 3694 4488 ἴδοι
3752 4453 3878 4489 κοι-

497 4530 703 4576 secum
719 4512 1048 4576 convenire
1063 4513 1121 4574 in
1141 4512 1710 4593 religione.Dicebat
1723 4513 1885 4578 enim
1911 4522 2142 4595 aperte,

2237 4512 2489 4571 ωνοῦσαν
2546 4513 2713 4585 αὐτῷ*
2772 4514 2982 4574 ἀνόσιον
3031 4517 3132 4597 γὰρ
3187 4518 3432 4597 ἄντικρυς
3491 4518 3673 4600 ἔλεγεν
3728 4521 3880 4580 εἶναι

499 4619 634 4691 esse
681 4602 954 4683 impium,
989 4603 1278 4666 mundum
1308 4603 1597 4684 conjungi
1627 4623 1763 4666 rum
1808 4603 2141 4667 immundo.

2237 4603 2322 4660 τὸν
2403 4603 2796 4683 κεκαθαρμένον
2873 4606 3155 4687 ἀκαθάρτῳ
3238 4609 3614 4674 συνάπτεσθαι.
3708 4611 3880 4691 Εἴπερ

497 4689 561 4754 Si
591 4709 760 4772 ergo,
795 4711 832 4755 ο
859 4710 1028 4769 uxor,
1063 4702 1157 4756 est
1198 4691 1306 4755 tibi
1335 4702 1502 4772 grata
1534 4702 1735 4757 nostra
1763 4702 1964 4757 tecum
2019 4695 2149 4757 vita

2237 4692 2344 4766 οὖν,
2399 4693 2446 4750 ὦ
2495 4693 2672 4772 γύναι,
2730 4696 2829 4764 τὴν
2885 4695 3003 4772 μεθ’
3075 4698 3231 4772 ἡμῶν
3287 4698 3502 4775 ἀσπάζῃ
3559 4689 3878 4778 συμϐίωσιν,

496 4780 774 4863 societas,
803 4781 987 4846 crede
1035 4780 1182 4844 mihi
1212 4784 1436 4862 optima
1491 4784 1853 4848 consulenti.
1884 4782 1960 4847 Et
2001 4801 2149 4864 quo-

2237 4783 2408 4840 πείθον
2465 4805 2560 4859 μοι
2589 4783 2656 4842 τὰ
2709 4784 2960 4862 βέλτιστα
3005 4785 3406 4869 σομϐολεύοντι,
3435 4790 3524 4846 καὶ
3573 4790 3691 4850 istst
3743 4793 3884 4852 κατᾶ

496 4871 657 4934 niam
687 4877 749 4934 in
782 4872 1098 4953 presentia
1113 4881 1202 4936 est
1236 4873 1436 4954 inopia
1464 4872 1972 4954 sacerdotum,qui
1995 4889 2148 4936 con-

2237 4872 2292 4930 τὸ
2349 4874 2436 4931 νῦν
2465 4870 2595 4953 ἔχον
2644 4874 2825 4952 ςερέοον
2853 4875 2994 4933 ἐστὶν
3036 4875 3229 4956 ἆπορὶα
3256 4878 3363 4938 τῶν
3421 4879 3553 4960 πρὸς
3583 4881 3646 4939 τὸ
3680 4881 3884 4958 βάπτι-

495 4960 683 5024 stituti
734 4969 876 5026 sunt
903 4961 977 5025 ad
1009 4963 1148 5038 hoc,
1183 4971 1247 5025 ut
1295 4963 1370 5026 ad
1403 4961 1765 5043 baptismum
1796 4964 2142 5041 inserviant,

2237 4985 2344 5040 σμα
2420 4963 2763 5043 τεταγμένων
2843 4967 3158 5043 ὑπηρετεῖν,
3233 4966 3488 5027 ἀδύνατον
3564 4967 3620 5027 δὲ
3703 4969 3885 5035 ἄλλως

495 5051 632 5114 ﬁeri
671 5060 870 5115 autem
927 5071 1048 5115 non
1079 5059 1294 5134 potest,
1331 5065 1396 5114 ut
1421 5051 1594 5116 aliter
1632 5054 1710 5116 sit
1738 5053 2034 5136 quispiam
2088 5063 2148 5118 et

2237 5053 2454 5132 καθαρόν
2510 5074 2629 5112 τινα
2659 5056 2746 5112 καὶ
2799 5056 2946 5114 εἶναι
2977 5056 3072 5114 καί
3116 5057 3490 5135 ὀνομάζεσθαι,
3517 5060 3582 5118 τὰ
3631 5068 3724 5119 τοῦ
3766 5083 3886 5141 χαι-

495 5142 844 5206 nominetur
873 5142 1154 5219 mundus,
1187 5161 1298 5206 nos
1339 5142 1454 5206 hoc
1483 5143 1733 5225 donum,
1768 5153 1946 5225 prout
1987 5151 2145 5207 tem-

2237 5144 2482 5224 ρίσματος
2534 5145 2700 5222 ἡμεῖς
2741 5147 2914 5212 καθὼς
2960 5149 2990 5204 ὁ
3040 5148 3222 5226 καιρὸς
3252 5145 3430 5207 δίδωσι
3479 5147 3880 5230 σχεδιάσωμεν.

497 5248 610 5314 pus
635 5231 936 5313 concedit,
967 5232 1085 5313 ipsi
1113 5241 1422 5314 utcunque
1455 5250 1840 5314 peragamus.

578 5320 681 5386 IX.
715 5323 862 5386 Cum
891 5328 1090 5384 autem
1115 5321 1364 5386 vidisset
1391 5342 1522 5385 eam
1543 5324 1618 5386 ad
1651 5325 1765 5386 hoe
1791 5342 2017 5388 morem
2048 5342 2148 5404 ge-
2313 5321 2398 5390 ϐ’.

497 5419 759 5488 rentem,
784 5409 964 5492 jubet
991 5430 1173 5474 unum
1197 5431 1268 5475 ex
1303 5411 1460 5474 tubis
1486 5413 1643 5476 horti
1668 5416 1908 5494 impleri
1937 5431 2095 5492 aqua
2128 5436 2142 5478 :

2237 5418 2406 5476 δτιοῦν
2465 5413 2844 5491 ἆνανεόουσατ,
2877 5416 3002 5494 μίαν
3054 5424 3161 5478 τῶν
3204 5426 3297 5477 τοῦ
3347 5421 3524 5490 κήπου
3578 5417 3881 5496 δεξαμενῶν

499 5511 560 5562 et
613 5499 1004 5564 itaomnibus
1032 5503 1427 5565 inscientibus
1485 5502 1743 5584 baptisat
1773 5502 2146 5585 Epistemen.

2237 5503 2420 5568 ὓδατος
2466 5503 2818 5584 πλήρωθῆται
2874 5505 3099 5565 κελεύει’
3159 5510 3249 5567 καὶ
3305 5508 3445 5568 οὕτω
3491 5508 3697 5574 παττας
3754 5506 3883 5566 δια-

497 5589 633 5672 Ipsa
671 5598 902 5668 autem,
935 5610 1069 5654 cum
1101 5600 1235 5673 post
1262 5591 1556 5673 baptisma
1579 5602 1710 5656 octo
1740 5593 1871 5657 dies
1901 5601 2149 5674 printer-

2237 5592 2432 5674 λαθὼν,
2495 5595 2735 5671 βαπτίζει
2791 5595 2889 5665 τὴν
2973 5596 3341 5676 Ἐπιστήμην,
3399 5598 3546 5668 Αὕτη
3597 5599 3734 5679 ιγοῦν
3787 5600 3882 5657 καὶ

495 5679 732 5765 iissent,
761 5699 974 5746 novam
1031 5680 1349 5765 quamdam
1407 5689 1468 5748 et
1522 5681 1818 5747 insolitam
1875 5683 2036 5748 videt
2089 5683 2149 5749 in

2237 5685 2372 5764 μετὰ
2426 5683 2488 5744 τό
2518 5685 2820 5767 βάπτισμα,
2853 5689 3067 5772 ἡμερῶν
3122 5691 3264 5750 ὀκτὼ
3315 5689 3702 5772 διαγενομένων
3740 5708 3880 5748 καις-

2456 5322 2607 5384 ³Επεὶ
2635 5323 2691 5382 δὲ
2733 5326 2873 5406 πρὸς
2903 5333 3058 5386 τοῦτο
3085 5328 3410 5405 πειθομένην
3463 5328 3578 5388 εἶδε
3621 5330 3708 5388 καὶ
3761 5327 3880 5390 οὐδὲ
