4158 6416
335 330 440 406 ίθί

1584 331 1770 405 ἮΤΑ
1814 334 1857 402 s
1920 322 2454 403 GALACTIONIS.

3599 337 3712 410 102

330 476 551 544 νήντινα
606 474 692 531 καὶ
745 472 994 542 ἀσυνῆοη
1053 473 1194 532 κατὰ
1258 475 1379 536 τοὺς
1433 472 1626 536 ὕπνους
1683 473 1807 549 ὄψιν
1860 472 1977 550 ὁρᾷ,

2080 471 2294 562 temnis
2324 472 2636 562 visionem.
2671 470 3001 562 Videbatur
3037 474 3199 536 enim
3231 476 3455 539 versari
3483 478 3546 540 in
3567 482 3707 562 qui-

332 564 543 623 Ἐδόκει
591 566 691 643 γὰρ
734 564 855 641 περί
910 586 1070 628 τινας
1130 562 1311 629 οἴκους
1360 563 1666 641 βασιλιγοὺς
1723 562 1985 641 ἀναστρὲ-

327 658 543 733 φισθαι,
595 651 783 710 κάλλει
831 652 1097 729 ἀμυθήτῳ
1151 651 1485 733 διαπρεπεῖς,
1519 651 1599 733 ἐφ’
1648 656 1733 715 οἷς
1791 652 1983 708 ἐκατέ-

322 747 494 820 ρωθεν
535 743 730 823 χοροὺς
761 744 880 819 περὶ
928 743 1052 806 τοὺς
1108 743 1324 823 τοίχους
1363 742 1614 800 ἵστασθαι
1662 742 1836 820 τρεῖς,
1893 733 1984 798 Ὠν

322 836 349 890 ὃ
398 834 506 908 μὲν
531 832 719 911 ἄνδρας
752 833 905 912 εἶχε,
941 832 1169 908 σεμνούς
1197 854 1255 889 τι
1307 832 1440 890 ἰδεῖν
1471 834 1557 890 καὶ
1606 831 1774 908 στολῇ
1826 830 1985 907 μελαί

321 947 389 999 νη
442 923 918 998 κεκοσμημένους,
977 924 1008 979 ὁ
1063 919 1301 1002 δεύτερος
1354 920 1410 978 δὲ
1465 926 1725 999 γυναῖκας
1786 921 1982 997 ὁμοίως

321 1013 583 1093 ἰχούσας·
676 1015 702 1068 ὃ
757 1010 812 1068 δὲ
865 1013 1040 1092 τρίτος
1109 1012 1380 1093 παρθένων
1435 1012 1503 1080 ἧν
1530 1059 1546 1082 ,
1606 1016 1695 1077 αἷς
1767 1011 1981 1081 ἐπήνθει

317 1099 618 1183 φαιδρότης
694 1102 987 1180 ἓπιτερπὴς
1043 1104 1131 1159 καὶ
1203 1102 1369 1182 χάρις
1449 1098 1791 1178 προσεμειδία
1857 1114 1981 1161 ταῖς

322 1194 514 1268 ὄψεσιν
572 1190 890 1265 ἐλευθέρως.
940 1194 1001 1247 Al
1061 1190 1244 1268 μέντοι
1274 1203 1526 1269 γυναῖκες
1558 1193 1612 1247 αἱ
1659 1193 1757 1257 τὴν
1789 1188 1980 1263 μέλαι-

323 1304 421 1339 ναν
509 1279 710 1349 στολὴν
787 1278 1259 1360 περιεεωημέναι,
1333 1283 1421 1339 καὶ
1503 1282 1764 1361 πτέρυγάς
1834 1300 1981 1341 τινας

326 1372 569 1445 ὶῴκεσαν
620 1370 772 1451 ἔχειν
802 1370 896 1428 καί
949 1378 1051 1449 πῦρ
1084 1370 1315 1451 ἀφιέναι,
1346 1371 1433 1451 ὑφ’
1464 1375 1523 1430 οὗ
1568 1378 1673 1428 πᾶν
1701 1372 1761 1428 τὸ
1802 1392 1981 1449 παρα-

328 1463 527 1518 πίπτον
587 1458 759 1517 ἐδόκει
816 1461 1121 1542 φλέγεσθαι.
1184 1460 1453 1526 Ἀκούσας
1502 1463 1676 1519 τοίνυν
1732 1465 1761 1519 ὁ
1805 1460 1983 1516 Γαλα-

331 1551 497 1608 κτίων
538 1553 604 1607 τὸ
655 1552 863 1631 ὁραθὲν,
898 1552 1149 1619 τοιαύτην
1191 1551 1345 1631 ἔλεγε
1394 1552 1492 1620 τὴν
1548 1550 1766 1628 δύναμιν
1814 1549 1985 1631 ἔχειν.

335 1640 541 1717 Εἴρηκι
590 1642 694 1718 γὰρ
723 1644 812 1697 καὶ
859 1642 982 1706 τοὺς
1010 1653 1158 1719 τρεῖς
1204 1643 1419 1705 τούτους
1468 1643 1664 1722 χοροὺς
1711 1641 1819 1698 τῶν
1862 1660 1989 1718 χω-

332 1732 592 1807 ριζόντων
650 1731 866 1798 ἑαυτοὺς
920 1731 1126 1807 κόσμου
1166 1732 1254 1788 καὶ
1309 1738 1416 1788 τῶν
1470 1738 1564 1788 τοῦ
1606 1732 1810 1807 κόσμου
1851 1729 1990 1786 πάνυ

2071 558 2319 623 busdam
2350 560 2584 624 aedibus
2622 561 2806 641 regiis
2836 562 3287 642 pulchritudine
3327 585 3460 646 quae
3512 558 3715 639 verbis

2070 649 2354 731 explicari
2384 669 2504 713 non
2540 657 2755 731 potest,
2812 650 3176 731 insignibus:
3235 652 3298 715 in
3325 655 3549 734 quibus
3593 669 3716 726 tres

2068 740 2356 821 utrinque
2377 741 2545 802 chori
2569 738 2805 802 stabant
2821 740 2978 802 circa
2995 742 3548 821 parietes.Quorum
3563 769 3715 813 unus

2068 828 2314 919 quidem
2337 828 2598 919 habebat
2620 830 2779 893 viros
2804 830 2928 893 visu
2950 829 3260 913 honestos,
3283 843 3342 896 et
3366 845 3530 899 veste
3549 838 3714 919 nigra

2068 917 2330 982 indutos.
2363 918 2678 982 Secundus
2705 928 2902 981 autem
2937 920 3247 1003 mulieres,
3280 941 3414 1005 qum
3441 944 3507 989 se
3537 917 3717 994 babe-

2069 1005 2222 1100 bant
2238 1009 2537 1100 similiter.
2571 1006 2815 1071 Tertius
2844 1026 2984 1100 vero
3014 1018 3143 1071 erat
3172 1011 3570 1097 virginum,in
3591 1026 3717 1100 qui-

2069 1096 2180 1158 bus
2201 1098 2471 1178 jucunda
2500 1100 2768 1180 qutedam
2802 1097 3054 1160 florebat
3098 1100 3397 1185 alacritas,
3449 1096 3512 1168 et
3557 1096 3715 1174 liba.

2064 1185 2208 1247 ralis
2235 1194 2419 1265 gratia
2446 1186 2508 1248 in
2539 1188 2700 1250 vultu
2724 1186 3041 1250 arridebat.
3078 1190 3355 1254 Mulieres
3372 1199 3717 1264 autem‘ilia

2066 1273 2238 1370 nigra
2266 1291 2432 1339 veste
2459 1276 3066 1370 indutae,videbantur
3085 1278 3266 1341 etiam
3292 1282 3517 1349 habere
3541 1307 3720 1370 quas-

2068 1365 2582 1460 dam_pennas,_et
2609 1373 2806 1445 ignem
2838 1367 3134 1460 emittere,
3170 1388 3205 1430 a
3252 1389 3371 1451 quo
3423 1365 3713 1460 quidquid

2072 1455 2392 1550 incidebat,
2425 1454 2742 1550 videbatur
2769 1458 3074 1550 comburi,
3087 1457 3232 1521 Cum
3252 1470 3449 1525 autem
3476 1466 3534 1527 id
3558 1454 3718 1550 quod

2072 1544 2261 1606 visum
2319 1545 2534 1621 fuerat,
2593 1546 2919 1610 audivisset
2974 1545 3306 1623 Galaction,
3366 1544 3602 1618 dicebat
3656 1559 3717 1622 id

2075 1634 2230 1696 hanc
2259 1632 2485 1697 habere
2517 1644 2892 1716 potestatem.
2923 1635 3081 1699 Dixit
3100 1641 3261 1701 enim
3298 1641 3407 1704 hos
3437 1651 3556 1707 tres
3576 1648 3721 1713 clio-

2074 1742 2174 1786 ros
2204 1742 2338 1786 esse
2366 1742 2573 1787 eorum
2605 1727 2705 1806 qui
2740 1744 2808 1787 se
2834 1744 2868 1787 a
2903 1727 3130 1790 mundo
3175 1740 3478 1809 separant,
3533 1749 3597 1799 et
3643 1739 3719 1803 ab

331 1840 444 1875 των
504 1820 675 1894 εἶναι,
723 1822 1005 1899 παρθενίαν
1050 1842 1107 1877 τε
1146 1820 1538 1901 φυλαττόντων,
1571 1822 1658 1880 καὶ
1702 1826 1798 1896 ζῇν
1857 1820 1989 1877 κατά

2080 1814 2144 1909 iis
2180 1832 2313 1894 quae
2339 1823 2503 1909 sunt
2527 1815 2762 1889 mundi,
2815 1825 2876 1878 et
2922 1827 3161 1909 servant
3205 1806 3625 1909 virginitatem,
3660 1837 3720 1891 et

336 1911 569 1986 Χριστὸν
614 1908 1045 1985 ἑπανελομένων·
1094 1918 1204 1967 τῶν
1250 1908 1305 1967 δὲ
1361 1912 1427 1967 τὰ
1482 1910 1711 1986 μέλαινα
1762 1907 1983 1988 παριϐεο-

335 1995 645 2076 ϐλημένων,
677 2002 768 2056 καὶ
815 2001 1005 2064 αὐτοὺς
1065 2005 1217 2058 εἶπεν
1248 2000 1491 2058 ἐπικὲναι
1544 2014 1664 2066 τοῖς
1713 1998 1986 2078 ἀγγέλοις·

334 2088 554 2145 ἐκείνων
598 2091 701 2168 γὰρ
750 2094 801 2147 αἱ
853 2092 1105 2169 πτέρυγες
1158 2092 1243 2147 καὶ
1296 2092 1355 2146 τὸ
1403 2098 1503 2169 πῦρ
1550 2092 1721 2172 τάχος
1762 2088 1874 2164 ἅμα
1904 2090 1990 2146 καὶ

332 2179 495 2258 ἰσχὺν
524 2177 749 2259 ἄμαχον
773 2180 1135 2252 εἷκονίζουσιν,

418 2360 492 2419 Ι¹.
531 2350 597 2417 ’Β
661 2361 975 2435 Ἐπιστήμη
1007 2358 1087 2434 δὲ,
1123 2362 1325 2417 τούτων
1373 2362 1666 2436 ἀκούσασα,
1699 2362 1844 2425 εὐθὺς
1894 2361 1991 2428 τὴν

336 2449 612 2529 εὐγένειάν
644 2471 702 2506 τε
758 2450 847 2505 καὶ
901 2452 965 2505 τὸ
1036 2448 1325 2531 φιλόκαλον
1382 2455 1480 2518 τῆς
1551 2451 1745 2515 οἰκείας
1806 2448 1993 2519 ἐδήλου

338 2545 550 2621 ψυχῆς,
584 2542 643 2594 ἓν
688 2538 932 2614 ἐπιθυμίᾳ
980 2560 1040 2597 τε
1093 2545 1193 2607 τῆς
1234 2547 1340 2597 τῶν
1390 2541 1680 2619 spuitam
1731 2539 1993 2618 γενομένη

338 2628 796 2707 ρῗεγαλειότητος.
851 2624 983 2707 Ἀρά
1040 2652 1125 2707 γε,
1177 2631 1358 2711 εἶπεν,
1404 2632 1447 2687 εί
1501 2628 1845 2704 διασταίημεν
1899 2626 1993 2685 ἀπ’

339 2719 627 2793 ἀλλήλων,
688 2717 832 2798 ἄνερ,
883 2721 973 2775 καὶ
1029 2726 1144 2795 Θεῷ
1201 2722 1716 2801 προσχωρήσαιμεν,
1764 2718 1994 2786 δυνησό-

342 2813 479 2884 μεθα
522 2811 616 2865 καὶ
658 2810 758 2876 τὴν
810 2810 885 2873 εἰς
912 2807 1178 2887 ἀλλῃλοθς
1228 2808 1453 2867 διάθεσιν
1500 2810 1809 2891 ἀχώριστον
1867 2830 1995 2865 συν-

334 2911 574 2976 τηρεϊν;
640 2900 835 2957 Τούτου
906 2922 999 2975 μοι
1063 2898 1202 2957 δίδου
1273 2898 1556 2977 βεϐαίωσιν
1627 2898 1865 2980 ἀσφαλῆ,
1912 2900 1998 2955 καὶ

338 2994 436 3047 οὒκ
483 2987 821 3063 ἐκστήσομαι
853 2988 1071 3046 πώποτε
1120 2996 1214 3047 τοῦ
1267 2990 1345 3065 μὴ
1393 3003 1673 3047 κοινωνεῖν
1704 3011 1783 3045 σοι
1836 2988 1997 3056 τῆσδε

335 3082 437 3145 τῆς
490 3078 873 3155 προαιρέσεως.
944 3079 1091 3136 Ἐπεὶ
1146 3077 1203 3135 δὲ
1260 3079 1520 3147 ἀλλήλοις
1553 3079 1773 3159 ἰσχυροῖς
1827 3077 1994 3134 δεδώ-

336 3190 464 3225 κασι
529 3168 739 3232 πίστεις
781 3169 861 3243 μὴ
920 3168 1013 3225 ἀπ’
1086 3167 1337 3238 ἀλλήλων
1396 3170 1532 3227 κατά
1589 3169 1813 3247 γνώμην
1866 3168 1994 3225 ποτὲ

335 3257 715 3333 διαναστῆναι,
762 3262 791 3315 ὁ
847 3257 1156 3316 Γαλακτίων
1212 3260 1279 3316 τὰ
1334 3262 1534 3331 συνήθη
1593 3257 1661 3315 δι’
1726 3259 1993 3335 ἱκετηρίας

333 3349 584 3428 ἐντυχὼν
668 3348 746 3423 τῷ
810 3353 948 3428 Θεῷ,
1009 3350 1103 3415 τῆ.
1183 3347 1494 3428 Ἐπισττεμῃ
1551 3350 1616 3406 τὰ
1685 3370 1997 3408 συνοισοντα

326 3439 592 3513 ὑπετίθει,
649 3438 723 3494 Σὺ
784 3440 883 3514 μὲν
938 3434 1109 3513 ἄπιθι,
1170 3437 1366 3517 λέγων,
1417 3439 1515 3496 καί
1572 3451 1692 3502 τοῖς
1727 3437 1995 3514 δεομένοις

332 3527 655 3606 ἱλουθερίως
720 3528 784 3586 τὰ
838 3528 1105 3607 προσόντα
1177 3526 1438 3605 διάνειμε,
1498 3528 1594 3587 οὒκ
1663 3528 1990 3604 ἀναλίσκειν,

334 3615 477 3673 ἀλλά
532 3617 875 3697 θησαυρίζειν
928 3616 1137 3694 μᾶλλον
1207 3618 1339 3675 αύτά
1390 3618 1447 3675 ἐν
1502 3618 1718 3683 ἀσύλοις
1772 3618 1994 3675 πιστεύ-

335 3724 493 3765 ουσα·
570 3707 685 3785 ἐγὼ
741 3706 796 3762 δέ
844 3730 929 3765 σοι
986 3711 1077 3767 καὶ
1147 3711 1331 3768 τούτου
1398 3712 1562 3774 τύπος
1630 3709 1850 3790 ἔσομαι,
1907 3710 1997 3766 καὶ

334 3804 555 3874 πρῶτος
629 3800 739 3854 τῶν
808 3797 955 3874 ἐμῶν
1026 3800 1324 3877 ποιήσομαι
1394 3800 1494 3868 τὴν
1565 3796 1851 3875 διανομὴν,
1902 3803 1997 3858 οὒκ

333 3889 504 3967 ὀλίγῃ
560 3889 652 3945 καί
710 3886 999 3968 φειδομένῃ
1056 3893 1233 3971 χειρί,
1292 3888 1431 3947 ἀλλὰ
1485 3887 1783 3970 φιλοτίμως
1839 3887 1996 3954 ἐξαν-

333 3980 489 4037 τλῶν
515 3980 609 4035 ναὶ
664 3980 948 4045 πλουσίως.
1013 3983 1101 4045 Εἷς
1148 3982 1248 4049 τὴν
1295 3980 1478 4061 τρίτην
1535 3978 1591 4036 δὲ
1624 3980 1757 4055 ἡμῖν
1814 3977 1996 4059 ἀφίξῃ,

337 4070 429 4128 καὶ
461 4070 603 4127 κατά
634 4089 695 4147 γε
723 4068 785 4126 τὸ
812 4068 1132 4151 ἀμφοτέροις
1161 4069 1312 4137 δόξαν
1344 4070 1792 4148 οἷκονομήσομεν.

423 4339 539 4405 IA’.
589 4337 743 4397 Ἐπεὶ
784 4340 874 4398 οὗν
920 4339 987 4397 τὰ
1025 4338 1151 4398 ὄντα
1197 4361 1252 4399 τε
1302 4338 1632 4418 διενείμαντο
1675 4345 1773 4399 καὶ
1819 4339 1996 4412 ἀλλήο

337 4429 459 4494 λοις
535 4427 819 4503 συνῆλθον,
877 4428 1172 4506 Εὖτόλμιόν
1239 4452 1359 4488 τινα
1433 4431 1642 4489 πάντων
1698 4434 1776 4489 ὧν
1833 4430 1994 4511 εἶχον

337 4520 695 4580 εὔνούστατον
789 4519 1102 4599 ὑπάρχοντα
1194 4521 1532 4600 θεραπόντων
1564 4570 1581 4596 ,

336 4607 737 4690 ἐντειλάμενοι,
783 4607 1077 4690 ἕξήρχοντο
1131 4614 1231 4677 τῆς
1285 4609 1476 4685 οἰκίας,
1522 4615 1616 4668 τὰν
1642 4606 1773 4669 τῶν
1827 4632 1999 4689 μονο-

334 4699 563 4771 τρόπων
640 4697 931 4772 μέλλοντες
1009 4697 1260 4757 ὑπελθεῖν
1316 4701 1452 4777 βίον,
1540 4700 1678 4758 Δέκα
1745 4699 1802 4758 δὲ
1871 4700 1999 4766 ὅλας

337 4787 555 4868 ἡμέρας
608 4786 1075 4865 ὁδοιπορήσαντες,
1108 4787 1227 4867 ὅρος
1284 4791 1534 4869 φθάνουσι
1588 4788 1853 4850 Πούπλιον
1902 4791 2001 4867 μὲν

341 4881 449 4937 ὕπὸ
507 4877 631 4936 τῶν
676 4879 1105 4959 προσοικούντων
1151 4878 1503 4961 καλούμενον,
1562 4881 1721 4961 ἐγγὺς
1784 4880 1843 4938 δέ
1899 4890 2001 4939 που

337 4976 440 5029 τοῦ
502 4974 638 5027 Σινᾶ
695 4969 938 5045 κείμενον
993 4968 1164 5049 ἕρους.
1224 4969 1403 5029 ’Ἔνθα
1461 4970 1769 5029 δυοκαίδεκα
1826 4993 2000 5048 μονα-

340 5061 486 5142 χοῖς
516 5059 860 5141 ἰντυγόντες,
891 5059 1195 5128 ἀσκητικην
1230 5059 1524 5119 -πολιτείάν
1554 5061 1998 5142 μετερχομὲνοις,

340 5151 413 5208 τὰ
474 5157 568 5209 τοῦ
642 5149 848 5209 σκοποὸ
906 5169 965 5206 τε
1013 5150 1197 5214 αὐτοῖς
1275 5149 1608 5230 διηγόρευον,
1665 5153 1756 5210 καὶ
1834 5174 2003 5232 προσ-

339 5244 615 5321 ληφθῆναι
702 5242 791 5298 ναὶ
875 5243 955 5316 τῷ
1027 5240 1312 5320 καταλόγῳ
1390 5243 1591 5300 τούτων
1668 5242 1997 5323 ἐγγραφῆναι

335 5329 540 5401 ἠξίουν·
601 5331 631 5388 ὃ
689 5330 756 5400 δὴ
828 5332 919 5389 καὶ
974 5331 1035 5388 οὗ
1089 5329 1324 5396 πολλαῖς
1380 5331 1610 5411 ἡμέραις
1669 5331 1852 5413 ὕτερον
1907 5332 1996 5412 γί-

331 5443 505 5485 νεται.
572 5422 677 5483 Καὶ
721 5420 1041 5480 Γαλακτίων
1081 5421 1183 5499 μὲν
1235 5428 1315 5497 τῷ
1362 5420 1592 5501 τάγμάτι
1645 5428 1752 5480 τῶν
1795 5419 1997 5503 ἀνδρῶν

325 5513 526 5573 τούτων
573 5516 1011 5597 συναριθμεῖται⁰
1062 5514 1099 5579 ἡ
1151 5509 1466 5588 Ἐπιστημη
1526 5510 1582 5570 δὲ
1631 5518 1760 5592 πρός
1789 5533 1841 5570 τι
1890 5518 1996 5569 τῶν

318 5604 705 5687 ἀπῳκισμένων
767 5602 1039 5683 σεμνείων
1089 5601 1182 5659 ὑπ’
1228 5604 1388 5662 αἶ)τοῦ
1436 5603 1737 5681 στέλλετάι,
1769 5602 1898 5685 παρ’
1952 5606 1998 5681 ᾧ

322 5695 561 5786 τεσσαρες
588 5699 873 5777 ἠσκοῦντο
905 5693 1159 5775 παρθένοι
1172 5738 1187 5754 .

2073 1905 2382 1982 elegerunt
2447 1905 2627 1965 vitam
2705 1923 2882 1984 agere
2937 1907 3172 1968 Christo
3233 1905 3718 1983 convenientem.

2073 1991 2291 2084 Eorum
2324 2002 2552 2084 autem,
2576 1991 2678 2075 qui
2712 2004 2882 2084 erant
2911 1995 3081 2072 nigra
3120 2006 3283 2061 veste
3313 1998 3531 2078 induti,
3556 2008 3719 2084 ipsos

2075 2082 2223 2143 dixit
2246 2100 2377 2144 esse
2411 2083 2635 2144 similes
2665 2083 2938 2164 angelis;
2969 2084 3207 2148 illorum
3230 2088 3391 2150 enim
3426 2082 3641 2172 penu-a3
3660 2106 3720 2160 et

2073 2173 2229 2252 ignis
2258 2173 2436 2236 simul
2468 2174 2835 2236 celeritatem
2884 2184 2944 2237 et
2970 2176 3124 2239 vires
3154 2178 3496 2258 exprimunt
3538 2184 3717 2250 inex-

2077 2263 2452 2344 pugnabﬂes.

2157 2353 2229 2414 X.
2262 2352 2566 2436 Episteme
2593 2364 2789 2419 autem
2824 2355 2916 2418 his
2944 2356 3189 2433 auditis,
3221 2360 3419 2421 statim
3461 2364 3725 2428 ostendit

2078 2460 2435 2523 generosum
2465 2445 2758 2526 animum,
2787 2453 2847 2508 et
2894 2464 3095 2508 rerum
3138 2449 3522 2513 honestarum
3552 2470 3722 2516 amo-

2078 2551 2207 2626 rem
2237 2554 2258 2626 :7
2284 2544 2344 2596 et
2374 2544 2554 2626 rapta
2570 2536 2873 2598 desiderio
2904 2536 3337 2616 magnitudinis
3355 2558 3562 2612 eorum
3591 2561 3724 2626 quae

2082 2623 2207 2684 visa
2236 2625 2498 2691 fuerant:
2535 2624 2688 2687 Num
2712 2645 2875 2703 vero,
2909 2626 3128 2708 inquit,
3155 2647 3190 2689 ο
3222 2630 3457 2707 marite,
3482 2632 3586 2695 sia
3608 2623 3722 2698 uo—

2081 2712 2174 2774 bis
2203 2714 2459 2777 invicem
2483 2716 2963 2793 discesserimus,
2998 2726 3057 2778 et
3082 2720 3154 2780 ad
3184 2718 3365 2782 Deum
3389 2729 3725 2787 accesseri-

2084 2821 2236 2877 mus,
2273 2806 2606 2884 poterimus
2637 2825 2766 2869 eam
2798 2825 3061 2889 quoque,
3109 2827 3240 2889 quae
3268 2821 3358 2872 est
3398 2812 3554 2875 inter
3587 2832 3721 2890 nos,

2082 2912 2439 2958 conservare
2458 2897 2876 2960 affectionem?
2899 2898 2980 2960 Da
3001 2899 3145 2960 mihi
3177 2898 3355 2980 hujus
3374 2902 3465 2964 rei
3492 2904 3722 2968 ﬁrmam

2080 2991 2141 3045 et
2170 2992 2393 3047 certam
2427 2986 2763 3049 cautionem
2793 3009 2806 3051 :
2845 3005 2955 3049 nec
2986 3007 3094 3066 ego
3118 3007 3377 3070 unquam
3410 2995 3721 3070 recusabo,

2081 3074 2402 3153 quominus
2430 3076 2541 3137 sim
2575 3076 2681 3137 tibi
2712 3076 2872 3139 socia
2906 3078 3081 3155 hujus
3109 3079 3417 3158 propositi.
3447 3082 3593 3144 Cum
3616 3103 3725 3146 au-

2084 3172 2202 3224 tem
2236 3163 2345 3224 sibi
2370 3165 2627 3227 invicem
2651 3175 2855 3229 sancte
2878 3166 3184 3228 dedissent
3205 3167 3725 3248 ﬁdem,uuuquam

2080 3271 2213 3314 esse
2241 3272 2275 3315 a
2305 3272 2371 3316 se
2397 3254 2651 3318 invicem
2681 3255 2898 3318 animis
2930 3256 3385 3337 disjungendos,
3418 3260 3726 3327 Galaction

2078 3361 2215 3405 cum
2242 3343 2430 3406 Deum
2464 3347 2744 3428 precibus
2774 3346 2850 3408 de
2878 3364 3044 3409 more
3070 3357 3229 3408 esset
3257 3348 3728 3433 allocutus,sug-

2077 3435 2263 3511 gessit
2284 3434 2601 3517 Epistemaa
2630 3456 2700 3500 ea
2720 3455 2855 3518 quae
2878 3445 3049 3499 erant
3072 3436 3265 3499 futura
3287 3440 3342 3500 ei
3367 3442 3725 3506 conducibi-

2080 3524 2179 3616 iia,
2215 3524 2462 3616 dicens:
2497 3526 2585 3589 Tu
2618 3527 2862 3609 quidem
2893 3527 3014 3603 abi,
3037 3534 3098 3589 et
3126 3528 3554 3611 indigentibus,
3579 3552 3726 3616 quas

2080 3612 2264 3676 habes
2293 3615 2626 3697 facultates,
2663 3616 2957 3679 distribue
2999 3616 3354 3698 liberaliter,
3384 3612 3641 3685 credens
3670 3632 3728 3687 te

2082 3721 2200 3764 non
2226 3721 2325 3766 eas
2343 3707 2838 3781 consumere,sed
2868 3707 3214 3770 thesaurum
3241 3709 3506 3788 potiusin
3531 3713 3726 3775 locum

2085 3802 2273 3854 tutum
2298 3813 2621 3875 reponere.
2648 3795 2771 3877 Ego
2794 3806 2990 3860 autem
3016 3797 3193 3877 hujus
3211 3798 3299 3860 rei
3323 3817 3420 3861 me
3452 3800 3561 3865 tibi
3585 3821 3727 3884 pro-

2083 3901 2298 3964 ponam
2324 3889 2647 3967 exemplar,
2670 3894 2729 3948 et
2748 3887 2977 3968 primus
3000 3907 3199 3951 rerum
3226 3907 3493 3952 mearum
3515 3891 3725 3956 faciam

2081 3971 2586 4055 distributionem,
2621 3994 2741 4037 non
2763 3994 2936 4038 avara
2958 3989 3018 4039 et
3040 3996 3216 4059 parca
3242 3997 3442 4056 manu,
3471 3981 3577 4044 sed
3603 4000 3729 4046 mu-

2082 4061 2262 4125 niﬁce
2321 4072 2382 4127 et
2438 4063 2674 4127 abunde
2703 4082 2804 4126 eas
2834 4067 3215 4130 exhauriens.
3260 4065 3480 4131 Venias
3524 4078 3726 4137 autem

2083 4152 2258 4216 tertio
2288 4153 2407 4235 die,
2440 4162 2499 4216 et
2530 4161 2707 4235 prout
2736 4154 3005 4236 utrisque
3051 4156 3442 4235 visumfuerit,
3475 4160 3726 4243 dispen-

2082 4243 2371 4306 sabimus.

2162 4333 2261 4397 Xl.
2299 4334 2442 4397 Cum
2475 4352 2618 4415 ergo
2650 4354 2787 4414 quae
2816 4335 3136 4416 habebant,
3172 4335 3636 4414 distribuissent,
3664 4351 3727 4405 et

2069 4425 2231 4487 inter
2250 4443 2319 4488 se
2336 4428 2776 4501 convenissent,
2800 4425 3091 4489 Eutolmio
3112 4426 3406 4509 omnium,
3439 4446 3591 4510 quos
3613 4433 3721 4493 ba-

1682 4519 1992 4580 ἀκολουθεῖν

2083 4515 2320 4585 bebant,
2360 4516 2719 4578 famulorum
2750 4516 3319 4580 benevolentissimo
3343 4519 3510 4600 sequi
3524 4520 3716 4599 jusso,

2083 4604 2310 4685 egressi
2340 4615 2480 4667 sunt
2505 4606 2686 4669 vitam
2717 4606 3056 4688 suscepturi
3077 4606 3428 4673 solitariam.
3452 4610 3602 4671 Cum
3623 4629 3725 4675 ουλ-

2084 4704 2202 4757 tem
2236 4696 2643 4760 confecissent
2669 4696 2784 4759 iter
2812 4697 3022 4759 decem
3054 4696 3315 4771 dierum,
3356 4699 3613 4762 veniunt
3651 4703 3727 4766 ad

2084 4790 2481 4872 montem,qui
2505 4789 2579 4852 ab
2600 4790 2817 4853 incolis
2843 4790 3086 4872 quidem
3109 4791 3722 4873 appellaturPublius,

2085 4890 2176 4941 est
2202 4887 2398 4941 autem
2431 4895 2615 4961 prope
2648 4888 2910 4942 montem
2930 4877 3239 4952 Sina.Quo
3263 4880 3323 4942 iu
3358 4883 3490 4942 loco
3517 4881 3730 4945 ωηιίὴ

2084 4968 2298 5032 decem
2332 4969 2654 5032 monachos
2677 4969 3055 5051 incidissent,
3100 4968 3201 5051 qui
3252 4966 3439 5033 vitam
3477 4982 3727 5035 exerce2

2086 5056 2230 5122 bant
2262 5060 2671 5137 monasticam,
2703 5060 2793 5122 eis
2824 5068 3147 5122 narrarunt
3188 5077 3361 5123 suum
3392 5052 3639 5143 scopum
3671 5062 3733 5125 et

2086 5148 2421 5213 institutum
2426 5157 2511 5229 ,et
2528 5159 2911 5230 rogarunt,ut
2933 5148 3421 5213 adscriberentur
3436 5149 3501 5213 in
3521 5160 3730 5214 eorum

2080 5259 2400 5311 numerum
2430 5259 2444 5302 :
2478 5242 2637 5321 quod
2669 5239 2911 5321 quidem
2946 5240 3013 5304 lit
3046 5259 3166 5303 non
3217 5240 3426 5303 multis
3451 5249 3584 5323 post
3609 5232 3732 5306 did-

2080 5336 2216 5400 bus.
2251 5331 2321 5395 Et
2342 5329 2648 5397 Galaction
2678 5329 2916 5411 quidem
2947 5331 3209 5395 refertur
3233 5331 3295 5393 in
3318 5330 3593 5394 ordinem
3616 5332 3732 5395 hes

2078 5445 2212 5490 rum
2239 5423 2503 5486 virorum
2527 5438 2543 5487 :
2565 5418 2875 5503 Episteme
2898 5429 3098 5484 autem
3123 5420 3381 5483 mittitur
3399 5420 3473 5484 ab
3500 5421 3635 5503 ipso
3654 5420 3731 5484 ad

2080 5514 2378 5600 quoddam
2412 5511 2616 5594 procul
2651 5518 2950 5575 remotum
3004 5511 3461 5590 monasterium,
3513 5511 3575 5575 in
3609 5524 3731 5595 quo

2079 5615 2336 5687 quatuor
2365 5602 2801 5668 exercebantur
2836 5602 3120 5685 virgines.
