4158 6430
501 334 617 418 to:

1805 335 2088 412 MENSIS
2117 340 2560 414 NVOEMBEB.

3759 335 3865 410 104

573 483 700 552 XII.
734 486 885 546 Cum
916 470 1071 545 hanc
1098 498 1241 560 ergo
1272 465 1406 542 vita!
1430 468 1676 558 agenda
1699 479 1992 542 rationem
2015 476 2133 541 ele-

2300 479 2403 541 ιβ’.
2467 479 2576 548 Τήν
2633 478 2721 536 οὗν
2785 477 3004 557 ἀγωγὴν
3059 476 3260 545 ταύτην
3290 477 3319 534 ὁ
3385 474 3689 554 Γανακτίων
3739 472 3865 532 ἑλό-

494 577 678 656 giaaet
705 573 1221 652 Galaction,quam
1247 589 1365 632 non
1388 569 1536 630 viam
1569 568 1810 650 quidem
1845 569 2141 646 iniit,quaa

495 672 700 749 posset
723 663 942 726 docere
971 659 1442 723 moderationem
1469 665 1498 749 ?
1546 658 1735 731 Quem
1761 667 1958 720 autem
1991 676 2136 719 ssu-

494 748 629 820 au
655 771 774 815 non
795 751 1016 825 erudit,
1053 750 1272 814 limites
1287 757 1348 811 et
1368 748 1576 810 modos
1599 749 1918 828 imponens
1939 754 2135 809 omni-

495 845 694 926 bus,et
721 859 944 921 cogens
963 857 1068 902 eos
1100 856 1310 920 parere
1329 837 1600 901 rationi?
1620 837 1706 899 [ta
1725 850 1926 900 autem
1949 836 2008 926 ei
2028 855 2138 899 cu-

494 954 578 999 m
597 925 836 996 fuerunt
867 930 1120 1010 jejunia,
1141 936 1204 990 ut
1225 927 1377 989 duos
1397 945 1586 989 annos
1605 926 1796 988 semel
1819 926 1880 988 in
1902 925 2140 988 hebdo-

497 1024 670 1087 mada
691 1037 845 1103 pane
867 1019 996 1080 solo
1018 1026 1582 1096 vesceretur,eoque
1606 1016 1932 1090 modico,et
1953 1034 2143 1096 quan.

498 1121 620 1176 tum
650 1110 792 1172 satis
815 1115 976 1170 esset
1001 1105 1074 1168 ad
1109 1104 1447 1166 vivendum.
1481 1109 1627 1169 Cum
1660 1106 1860 1168 inedia
1890 1123 2028 1167 vero
2074 1122 2143 1167 se

494 1199 675 1265 etiam
701 1195 1016 1261 exercebat
1046 1195 1106 1257 in
1136 1193 1375 1272 vigiliis,
1413 1195 1564 1256 etin
1600 1203 1888 1275 perpetuo
1945 1194 2140 1256 studio

493 1287 804 1353 orationis.
823 1285 1138 1350 Pudicitia:
1159 1293 1354 1347 autem
1376 1294 1596 1348 tantam
1619 1303 1822 1346 curam
1851 1283 2060 1363 gessit,
2078 1293 2141 1344 ut

493 1398 607 1458 nec
631 1377 838 1440 venire
867 1374 1111 1456 quidem
1145 1375 1206 1434 in
1257 1382 1642 1454 conspectum
1699 1373 1968 1436 mulieris
2021 1391 2139 1434 un-

491 1487 667 1550 quam
700 1465 1006 1528 induxerit
1035 1465 1098 1525 in
1128 1464 1418 1537 animum,
1449 1482 1519 1524 ex
1552 1482 1670 1543 quo
1702 1461 1813 1524 fuit
1846 1463 1927 1524 ad
1962 1465 2136 1523 vitam

491 1558 834 1637 adscriptus
865 1554 1275 1616 monasticam.
1295 1553 1486 1632 Hujus
1513 1562 1709 1615 autem
1742 1552 1832 1613 rei
1852 1561 1941 1614 est
1957 1568 2135 1631 aper-

490 1656 616 1711 tum
638 1644 950 1717 indicium,
975 1642 1134 1723 quod
1159 1661 1292 1704 cum
1319 1641 1436 1704 duo
1462 1641 1740 1704 monachi
1764 1644 2008 1702 matrem
2034 1641 2135 1702 ha-

490 1738 726 1807 berent,
761 1751 898 1813 qua;
927 1750 1044 1794 non
1076 1732 1268 1794 solum
1314 1749 1516 1792 curam
1576 1730 1822 1810 gerebat
1874 1730 2132 1809 virtutis,

489 1827 596 1892 sed
623 1827 747 1907 jam
780 1831 908 1886 erat
935 1829 1229 1902 provecta!
1258 1822 1470 1894 aetatis,
1524 1831 1583 1882 et
1633 1827 2034 1883 consenuerat
2077 1820 2134 1879 in

488 1917 608 1980 vita
638 1911 986 1988 monastica,
1023 1920 1081 1973 et
1118 1919 1400 1991 rogarent
1454 1919 1516 1970 ut
1575 1927 1708 1972 eam
1768 1909 2020 1984 videret,
2081 1917 2141 1971 et

489 2013 892 2070 maternarum
926 2009 1086 2063 esset
1116 2019 1359 2080 precum
1404 1998 1724 2080 particeps,
1780 2017 1896 2060 non
1954 1998 2138 2060 susti-

487 2094 638 2159 nuit.

568 2184 733 2248 XIII.
761 2179 908 2245 Cum
942 2180 1029 2243 sic
1056 2198 1197 2260 ergo
1215 2198 1283 2242 se
1304 2179 1642 2254 haberet,et
1667 2178 1739 2241 ad
1762 2196 2002 2241 omnem
2028 2178 2141 2242 vir-

490 2281 677 2336 tutem
708 2281 878 2333 recta
906 2270 997 2331 via
1026 2270 1358 2343 incederet,
1386 2287 1506 2331 non
1525 2268 1714 2329 visum
1747 2275 1840 2331 est
1868 2268 1983 2330 hoc
2009 2286 2140 2330 ma-

489 2361 652 2442 ligno
688 2359 1066 2422 tolerandum
1098 2377 1112 2422 :
1139 2359 1246 2420 sed
1271 2377 1407 2421 eum
1435 2358 1708 2434 subiens,
1735 2358 1838 2435 qui
1867 2367 2007 2420 tunc
2027 2357 2138 2420 ad-

491 2448 868 2514 ministrabat
889 2449 1234 2527 imperium,
1265 2466 1400 2509 eum
1424 2446 1674 2510 irritavit
1704 2446 1990 2508 adversus
2013 2465 2142 2508 om-

487 2557 602 2605 nes
616 2537 1006 2614 Christianos;
1031 2545 1091 2600 et
1113 2537 1336 2617 ell‘ecit,
1356 2545 1421 2598 ut
1441 2537 1726 2599 adversus
1745 2554 1849 2598 eos
1867 2544 2138 2616 apertam

487 2636 760 2690 moveret
791 2625 1296 2707 persecutionem.
1319 2625 1435 2688 Eos
1463 2625 1624 2687 enim
1653 2624 1886 2695 invasit,
1923 2624 2134 2704 partim

489 2717 732 2798 quidem
757 2734 866 2798 per
883 2733 973 2797 se,
997 2715 1210 2796 partim
1233 2723 1429 2778 autem
1457 2733 1564 2797 per
1585 2715 1864 2777 similiter
1891 2716 2138 2777 affectos

493 2805 750 2870 vicarius
781 2805 1130 2885 gravissime
1151 2804 1426 2886 puniens.
1455 2804 1545 2869 Ad
1579 2823 1715 2866 eum
1745 2812 1940 2867 autem
1963 2821 2136 2866 acce-

487 2897 727 2977 dentes,
761 2895 864 2977 qui
893 2896 1156 2976 tempori
1187 2893 1549 2970 serviebant,
1583 2894 1862 2958 tlixerunt
1903 2912 2006 2957 eos
2036 2893 2136 2974 qui

488 2995 755 3052 montem
786 2984 991 3048 Sinam
1022 2982 1394 3058 habitabant,
1428 2985 1577 3048 deos
1615 2984 1860 3066 quidem
1913 2983 2137 3047 habere

483 3076 886 3157 contemptui:
920 3093 1102 3136 unum
1156 3084 1351 3137 autem
1409 3075 1602 3137 solum
1662 3073 1852 3136 Deum
1908 3075 2130 3153 colere,

483 3185 744 3247 eumque
763 3163 1142 3238 cruciﬁxum,
1173 3173 1231 3225 et
1253 3165 1308 3226 ei
1331 3183 1570 3226 omnem
1593 3163 1810 3225 otl‘erre
1839 3162 2132 3225 adoratio-

2223 591 2402 645 μενος,
2449 571 2605 626 ποίαν
2655 569 2754 642 μὲν
2813 567 2908 627 οὒκ
2957 566 3184 634 ἐπῆλθεν
3226 564 3346 622 ὁδὸν
3394 562 3594 636 διδάξαι
3643 565 3706 620 τὸ
3764 563 3866 638 μέ-

2221 681 2367 738 τριον
2422 657 2742 733 δοναμένην,
2800 657 2917 716 τίνα
2978 655 3034 713 δὲ
3079 663 3186 712 τῶν
3244 657 3538 725 αἰσθήσεων
3597 657 3656 712 σ’ιῦ
3713 653 3865 710 ἐπαι-

2220 745 2502 827 δαγώγησε
2584 749 2780 811 πάσαις
2852 745 3006 824 ὅρους
3078 745 3270 810 ἐπιθεὶς
3338 746 3426 802 καὶ
3497 743 3663 820 μέτρα
3692 791 3708 821 ,
3780 745 3869 800 καὶ

2220 837 2522 906 πειθηνίους
2578 837 2740 900 αὐτὰς
2797 834 3041 913 λογισμῷ
3096 835 3174 907 τῷ
3216 833 3448 913 σώφρονι
3502 833 3869 904 καταστήσαςδ

2221 927 2374 985 ῡῧτω
2431 926 2485 982 δὲ
2518 926 2664 1001 αὖτῷ
2693 928 2780 983 καὶ
2837 926 3082 992 νηστείας
3139 923 3424 999 ἐμέλησεν,
3457 924 3532 985 ὡς
3589 923 3675 978 Eni
3732 918 3872 978 δυσὶν

2221 1015 2393 1072 ἔτεσιν
2449 1015 2590 1081 ἅπαξ
2647 1020 2745 1083 τῆς
2806 1012 3092 1089 ἑϐδομάδος
3150 1013 3306 1091 ἄρτου
3363 1014 3528 1088 μόνου
3585 1014 3870 1087 μεταλαμ-

2222 1103 2427 1179 ϐάνειν,
2457 1107 2546 1162 καὶ
2605 1105 2792 1162 τούτου
2851 1103 3084 1184 βραχέος
3143 1103 3230 1160 καὶ
3286 1101 3412 1160 ὅσον
3455 1099 3660 1178 ἁποξῇν
3715 1100 3870 1157 δύνα-

2223 1198 2363 1256 σθαι,
2399 1201 2730 1260 Συνησκεῐτο
2785 1192 2840 1249 δὲ
2873 1193 3018 1265 αὐτῷ
3049 1199 3118 1260 τῆ
3149 1195 3324 1264 ἀσιτία
3383 1194 3469 1248 καὶ
3497 1192 3560 1248 τὸ
3608 1188 3868 1271 φιλᾶγρυ-

2222 1306 2377 1355 πνον,
2430 1285 2518 1340 καὶ
2571 1285 2606 1351 ἡ
2676 1284 2794 1360 περί
2851 1282 2944 1344 τὰς
3014 1283 3180 1362 εὐχὰς
3256 1280 3506 1348 διηνεκτ,ς
3561 1277 3866 1354 ἐπιμέλεια.

2222 1375 2575 1454 Σωφροσύνης
2635 1371 2690 1428 δὲ
2760 1371 2926 1435 οὕτως
2995 1370 3320 1450 ἐφρόντισεν,
3380 1372 3452 1433 ὡς
3517 1367 3654 1444 μηδέ
3728 1371 3864 1448 πρὸς

2219 1463 2344 1538 ὄψιν
2404 1461 2580 1520 ἐλθεῖν
2638 1464 2842 1540 γυναικὶ
2901 1459 3172 1535 μηδέποτε
3243 1459 3594 1538 ἀνασχέσθαι,
3654 1458 3745 1538 ἀφ’
3809 1459 3868 1515 οὗ

2219 1550 2284 1618 δὴ
2347 1555 2433 1609 καὶ
2491 1560 2567 1626 τῷ
2597 1558 2703 1608 τῶν
2759 1558 3019 1630 μοναχῶν
3063 1550 3325 1628 ἐνεγράφη
3385 1548 3504 1624 βίῳ.
3566 1547 3868 1626 Τεκμήριον

2218 1639 2428 1720 ἀκριϐὲς
2483 1641 2564 1698 ὅτι
2623 1639 2714 1698 δύο
2769 1648 2877 1698 τῶν
2935 1643 3190 1718 μοναχῶν
3250 1637 3457 1716 μητέρα
3513 1637 3753 1718 ἐχόντων
3809 1641 3869 1698 οὗ

2219 1732 2382 1806 μόνον
2436 1731 2627 1808 ἀρετῆς
2696 1729 3116 1807 ἐπιμελομένην,
3161 1729 3300 1785 ἀλλὰ
3368 1732 3456 1786 καὶ
3513 1727 3704 1806 ἔξωρον
3761 1726 3866 1798 ἤδη

2220 1823 2309 1878 καὶ
2378 1827 2456 1894 τῷ
2529 1821 2814 1895 ἀσκητικῷ
2884 1820 3330 1898 ›.αταγηράσασαν
3577 1817 3868 1883 ἀξιούντων

2222 1931 2281 1966 τε
2341 1913 2622 1970 θεασασθαι
2692 1912 2881 1982 ταύτη,
2943 1912 3032 1966 καὶ
3103 1915 3378 1987 μητρικῶν
3450 1911 3627 1988 εὒχων
3696 1929 3870 1984 μετα-

2225 2013 2412 2080 σχεῖν,
2447 2000 2541 2058 οὐκ
2569 2001 2860 2079 ἠνέσχετο.

2309 2181 2414 2238 1Γ’.
2486 2178 2638 2238 Οὕτω
2691 2186 2970 2258 τοιγαροόν
3044 2179 3266 2259 ἔχοντος
3326 2179 3414 2234 καὶ
3477 2177 3609 2255 πρὸς
3681 2173 3880 2254 ἀρετὴν

2227 2275 2403 2326 πᾶσαν
2459 2269 2892 2346 ε·ἶ›θυποροῦντος,
2956 2270 3050 2326 οὒκ
3105 2269 3323 2326 ἀνεκτὸν
3395 2264 3564 2322 ἐδόκει
3619 2271 3697 2339 τῷ
3772 2287 3878 2322 πο·-

2222 2364 2392 2438 νηρῷ,
2465 2358 2602 2414 ἀλλὰ
2673 2360 2764 2416 τὸν
2835 2359 2934 2425 τὴν
3003 2361 3361 2436 αὐτοκράτορα
3431 2356 3552 2414 τότε
3625 2357 3880 2431 μετιόντα

2223 2449 2402 2528 ἀρχὴν
2459 2446 2717 2527 ὑπελθὼν,
2773 2448 2982 2526 ἠρέθισὲ
3039 2469 3096 2504 τε
3151 2447 3287 2503 κατὰ
3346 2451 3674 2525 Χριστιανῶν
3731 2445 3875 2501 πάν-

2223 2559 2330 2592 των
2358 2583 2375 2610 ,
2448 2537 2537 2594 καὶ
2607 2534 2844 2614 διωγμὸν
2916 2539 3139 2614 φανερὸν
3225 2535 3438 2602 κινῆσαι
3511 2533 3630 2591 κατ’
3698 2537 3876 2593 αὐτῶν

2223 2625 2604 2704 παρεσκεύασε.
2671 2628 2770 2682 Καὶ
2837 2626 2938 2703 γὰρ
2995 2625 3224 2692 ἐπῆλθεν
3296 2625 3480 2687 αὒτοϊς
3553 2623 3872 2700 βαρύτατος,

2223 2717 2289 2770 τὰ
2345 2715 2445 2790 μὲν
2502 2713 2571 2770 δι’
2641 2717 2852 2795 ἑαυτοῦ,
2915 2715 2980 2771 τὰ
3039 2713 3094 2770 δὲ
3152 2713 3237 2771 διὰ
3306 2721 3413 2772 τῶν
3469 2715 3668 2788 ὁμοίως
3728 2711 3877 2786 αὖτῷ

2223 2804 2462 2883 ἑχόντων
2503 2805 2846 2862 ὑπασπιστῶν
2901 2806 3322 2884 τιμωρούμενος,
3373 2804 3552 2876 Τούτῳ
3599 2800 3654 2857 δὲ
3697 2823 3876 2879 προσ-

2223 2893 2460 2957 ελθόντες
2517 2897 2563 2952 οἱ
2595 2896 2658 2951 τὰ
2717 2902 2808 2952 τοῦ
2862 2901 3048 2973 καιροῦ
3097 2895 3401 2972 θεραπεύειν
3459 2889 3876 2963 σπουδάζοντες,

2219 2984 2342 3049 τοὺς
2402 2984 2500 3040 ἀνα
2567 2986 2628 3041 τὸ
2691 2991 2909 3041 Σιναῖον
2965 2983 3084 3062 ὄρος
3145 2986 3417 3049 οἰκοῦντας
3479 2983 3545 3038 τὰ
3603 2981 3702 3055 μὲι
3771 2980 3877 3037 τῶν

2216 3076 2350 3130 θεῶν
2411 3073 2730 3148 ἀτιμοῦντας
2791 3073 2998 3152 ἔλεγον,
3032 3073 3122 3129 ἕνα
3181 3072 3236 3129 δὲ
3293 3075 3454 3148 μόνον
3503 3071 3633 3128 Θεὸν
3677 3070 3880 3126 ἐσταυ-

2217 3163 2453 3239 ρωμένον
2518 3169 2700 3239 τιμᾷν,
2762 3164 2850 3220 καὶ
2935 3168 3110 3220 πᾶσαν
3186 3165 3328 3238 αὖτῷ
3409 3161 3686 3240 προσάγειν
3777 3157 3881 3215 λα-

488 3255 875 3322 nem.8tatim
907 3271 1051 3332 ergo
1085 3253 1496 3334 illa,tanquam
1527 3253 1792 3328 stimulo,
1816 3269 2133 3332 percussus

2220 3253 2418 3329 τρείαν.
2478 3253 2632 3316 Εδθυς
2699 3253 2787 3310 οὖν
2845 3252 3074 3326 ἐκεῖνος,
3121 3253 3300 3330 ὥσπερ
3358 3253 3538 3327 μύωπι
3595 3257 3672 3325 τῷ
3730 3248 3884 3330 λόγῳ

489 3349 785 3421 oratione,
805 3343 996 3424 jussit
1015 3342 1247 3405 cohorti
1272 3343 1522 3404 militum
1546 3341 1635 3404 ire
1660 3344 1732 3404 ad
1762 3351 2051 3422 montem,
2077 3352 2136 3406 et

485 3434 718 3496 vinctos
746 3434 820 3494 ad
847 3451 914 3494 se
943 3433 1166 3494 ducere
1223 3449 1328 3493 eos
1377 3431 1478 3512 qui
1527 3431 1721 3511 ipsum
1777 3430 2132 3507 inhabitant,

485 3523 875 3588 Christianos.
911 3523 1046 3596 Quo
1076 3531 1276 3584 autem
1311 3529 1601 3601 tempore,
1648 3521 1753 3597 qui
1807 3524 1970 3584 missi
2003 3523 2136 3584 fue-

483 3622 643 3690 rant,
676 3614 738 3676 in
769 3613 968 3677 locum
998 3621 1311 3692 venerant,
1347 3621 1407 3674 et
1464 3611 1621 3673 viros
1680 3611 1912 3674 divinos
1969 3621 2138 3674 erant

480 3703 1001 3784 comprehensuri,
1035 3703 1338 3782 Episteme
1383 3703 1443 3763 in
1473 3701 1634 3764 dicto
1663 3701 2024 3764 monasterio
2070 3720 2137 3764 se

483 3810 778 3858 exercens
807 3800 872 3854 ut
906 3792 1219 3867 monacha,
1247 3791 1405 3854 circa
1431 3791 1685 3853 mediam
1718 3801 1954 3854 noctem
1977 3791 2137 3856 videt

481 3887 808 3946 somnium.
846 3880 1182 3944 Videbatur
1209 3881 1368 3942 enim
1403 3881 1579 3943 simul
1613 3901 1749 3944 cum
1788 3881 2133 3946 Galactione

481 3972 688 4036 venire
710 3972 770 4032 in
802 3971 1102 4051 quoddam
1130 3969 1409 4051 palatium
1439 3989 1453 4034 :
1486 3972 1673 4035 fuisse
1690 3980 1888 4035 autem
1923 3991 2130 4035 eorum

479 4061 676 4144 capita
705 4061 948 4124 coronis
976 4080 1011 4128 a
1039 4079 1185 4140 rege
1214 4062 1513 4124 redimita.
1560 4062 1731 4126 Mane
1779 4079 1915 4126 vero
1967 4081 2129 4127 (eco-

477 4171 660 4216 uomo
689 4152 1032 4216 monasterii
1063 4170 1136 4214 ea
1169 4170 1302 4233 quae
1347 4152 1602 4229 viderat,
1655 4153 2130 4225 communicans,

479 4252 687 4325 aperte
715 4242 928 4306 didicit
957 4260 1245 4324 quorsum
1271 4243 1544 4306 tenderet
1565 4242 1953 4307 somnium.ls
1973 4245 2134 4306 enim

478 4332 628 4396 dixit
657 4330 942 4414 palatium
985 4332 1233 4412 quidem
1288 4348 1424 4394 esse
1476 4351 1730 4411 regnum
1782 4333 2070 4396 caelorum
2112 4351 2128 4409 ;

479 4439 686 4502 regem
706 4429 910 4486 autem
945 4420 1148 4500 ipsum
1179 4438 1336 4501 esse,
1370 4423 1474 4503 qui
1506 4441 1647 4485 vere
1678 4431 1736 4486 et
1754 4423 1922 4485 solus
1948 4431 2007 4484 et
2029 4439 2134 4484 na-

479 4514 748 4578 turaliter
771 4518 981 4587 regnat
1012 4530 1030 4591 ;
1062 4527 1314 4572 coronas
1343 4521 1542 4574 autem
1596 4512 1712 4576 hoc
1765 4511 2126 4594 signiﬁcare,

2221 3343 2472 3418 πληγεὶς,
2533 3345 2870 3420 στρατιωτῶν
2931 3343 3186 3401 ἐπέταττε
3242 3341 3493 3422 φάλαγγα
3547 3339 3771 3420 ταχέως
3825 3363 3882 3398 τε

2221 3435 2282 3489 τὸ
2343 3432 2462 3512 δ’ρος
2517 3430 2846 3490 καταλαϐεῖν
2908 3437 3004 3491 καὶ
3077 3430 3320 3507 δεσμίους
3391 3433 3466 3494 ὡς
3524 3431 3681 3488 αὐτὸν
3754 3431 3881 3496 τοὺς

2221 3522 2338 3579 ὅσοι
2383 3529 2708 3602 Χριστιανῶν
2773 3523 2980 3581 οἰκοῦσι
3023 3530 3180 3581 τοῦτο
3211 3523 3272 3579 τὸ
3320 3519 3439 3598 ὄρος
3470 3521 3724 3600 ἀγαγεῖν.
3790 3521 3883 3579 Ἐν

2220 3615 2265 3686 ᾧ
2321 3613 2408 3669 οὖν
2449 3615 2495 3669 o't
2545 3612 2870 3692 πεμφθέντες
2919 3612 3020 3670 ἆνᾶ
3073 3615 3167 3670 τὸν
3198 3613 3362 3669 τόπον
3414 3610 3690 3688 γενόμενοι
3752 3611 3879 3674 τοὺς

2218 3702 2385 3765 θείους
2430 3701 2658 3776 ἔμελλον
2708 3701 2896 3781 ἄνδρας
2922 3699 3234 3783 συλλαϐεῖν,
3269 3704 3303 3771 ἡ
3367 3698 3700 3776 Ἐπιστήμη,
3736 3701 3879 3758 κατὰ

2219 3793 2278 3848 τὸ
2334 3791 2490 3871 ῥηθὲν
2551 3792 2876 3873 ἀσκητήριον
2931 3794 3000 3850 τὰ
3028 3797 3133 3851 τῶν
3192 3789 3531 3867 ἀσκουμένων
3587 3809 3870 3870 μετερχο-

2217 3883 2380 3959 μένη,
2438 3884 2558 3962 περὶ
2637 3904 2805 3959 μεσας
2862 3884 3076 3960 νύκτας,
3137 3880 3263 3962 ὄναρ
3333 3882 3452 3958 ὃρᾷ’
3509 3876 3680 3938 Ιιδόκει
3766 3880 3872 3960 γὰρ

2217 3973 2291 4034 εὶς
2370 3995 2421 4028 τι
2507 3971 2795 4050 ἀνάκτορον
2877 3972 3268 4052 συνειστρέχειν
3348 3970 3462 4046 ἅμα
3520 3976 3598 4046 τῷ
3680 3967 3873 4028 Γαλα-

2215 4062 2431 4136 κτίωνι,
2485 4063 2762 4142 στεφάνοις
2819 4083 2879 4118 τε
2925 4064 3027 4120 ὑπὸ
3077 4059 3338 4139 βασιλέως
3386 4059 3723 4137 κοσμηθῆναι
3772 4059 3874 4124 τὰς

2219 4150 2478 4232 κεφαλάς.
2539 4135 2738 4208 ῃέωθεν
2793 4149 2848 4208 δὲ
2905 4153 2982 4228 τῷ
3037 4135 3304 4229 οίκονόμῳ
3366 4135 3498 4207 τῶν.
3533 4154 3633 4217 τῆς
3691 4154 3875 4224 μονῆς

2219 4245 2339 4320 περί
2389 4243 2464 4298 ὧν
2496 4240 2735 4298 τεθέαται
2793 4242 3269 4320 κοινολογουμόνη,
3297 4241 3406 4310 ὅπη
3438 4242 3595 4297 τείνει
3624 4240 3687 4296 τὸ
3742 4237 3877 4318 ὄναρ

2215 4337 2396 4409 σαφῶς
2471 4327 2801 4412 ἒδιδάσκετο,
2861 4331 3125 4412 ἀνάκτορα
3181 4333 3278 4408 μὲν
3342 4332 3411 4390 τὰ
3465 4332 3574 4388 τῶν
3631 4330 3876 4408 οὐρανῶν

2215 4420 2454 4485 εἰπόντος
2482 4419 2750 4496 βασίλειαι
2813 4420 3036 4497 βασιλέα
3093 4421 3147 4478 δί
3202 4423 3359 4480 αὑτὸν
3387 4420 3558 4496 εἶναι,
3588 4431 3680 4478 τὸν
3729 4416 3878 4486 ἀλη-

2212 4510 2316 4576 θῶς
2365 4511 2455 4566 καὶ
2512 4511 2690 4586 μόνως
2749 4518 2986 4594 φυσικῶς
3051 4510 3420 4589 βασιλεύοντα·
3482 4511 3603 4574 τοὺς
3659 4509 3873 4588 στεφά-

479 4618 762 4700 οοεηιιιοε
784 4617 919 4663 esse
948 4617 1351 4700 processuros.
1365 4601 1439 4664 ad
1465 4607 1813 4683 certamina,
1845 4608 1906 4664 et
1925 4600 2133 4666 adver-

2220 4621 2333 4665 νους
2378 4597 2433 4656 δὲ
2463 4606 2619 4658 τοῦτο
2669 4599 2886 4682 δηλοῦν,
2919 4599 3002 4658 ὅτι
3056 4602 3188 4682 πρός
3242 4599 3453 4680 ἀγῶνας
3494 4599 3614 4680 ἄρτι
3661 4597 3871 4678 χωρή-

475 4689 654 4763 sariis
682 4689 914 4756 futuros
942 4689 1117 4770 plane
1145 4689 1517 4771 superiores.

555 4777 706 4844 XIV.
734 4777 883 4843 Cum
916 4797 1056 4860 ergo
1087 4780 1328 4858 milites,
1355 4782 1424 4844 ut
1445 4781 1602 4862 jussi
1631 4781 1888 4864 fuerant,
1925 4799 2130 4848 acces-

473 4868 720 4945 sissent,
747 4877 812 4933 et
835 4869 932 4933 alii
953 4887 1164 4934 omnes
1189 4887 1256 4932 se
1277 4870 1336 4932 in
1362 4869 1559 4950 fugam
1584 4871 2013 4951 conjecissent,
2045 4879 2130 4936 tn-

471 4959 725 5032 !eniunt
750 4958 902 5024 duos
926 4959 1089 5022 solos
1125 4961 1476 5034 monachos,
1525 4979 1782 5040 quorum
1816 4980 1974 5026 unus
2000 4971 2130 5028 erat

471 5047 808 5122 Galaction.
841 5045 990 5112 Cum
1018 5065 1162 5126 ergo
1193 5048 1301 5112 ille
1329 5067 1573 5131 quoque
1637 5051 1712 5112 ab
1769 5051 1858 5114 eis
1912 5051 2130 5116 ductus

469 5145 657 5216 esset,
688 5146 749 5202 et
776 5138 892 5202 hoc
921 5137 1264 5202 rescith
1292 5137 1620 5220 Episteme,
1669 5149 1730 5202 et
1779 5141 2038 5206 sedisset
2067 5143 2130 5206 iu

467 5227 604 5304 loco
635 5228 882 5300 sublimi
915 5227 1156 5302 montis,
1184 5246 1256 5292 ex
1277 5246 1396 5309 quo
1423 5229 1554 5312 ipsa
1571 5229 1782 5294 videns
1812 5250 1933 5294 non
1955 5241 2130 5313 pote-

464 5326 568 5384 rat
593 5318 809 5391 videri,
844 5318 948 5380 illa
976 5317 1497 5402 earnebatoculis,
1530 5337 1662 5400 quae
1687 5338 1805 5382 non
1839 5321 2130 5402 potuisset

469 5408 718 5485 guidem
741 5406 985 5470 auribus
997 5409 1572 5486 accipere,viuctum
1588 5408 1807 5472 abduci
1817 5411 2119 5475 Galactio-

469 5512 706 5577 nem,et
721 5498 822 5580 qui
852 5516 990 5561 esse
1017 5498 1215 5579 gravia
1234 5516 1520 5580 passurus
1544 5516 1649 5579 pro
1677 5509 1840 5564 certo
1863 5501 2116 5583 putaba-

470 5593 590 5676 tur.
622 5588 702 5653 Se
732 5609 874 5672 ergo
902 5593 1069 5654 humi
1099 5599 1513 5672 prosternens,
1535 5592 1924 5659 vehementer
1943 5614 2118 5676 roga-

471 5673 575 5741 bat
599 5679 908 5760 ancillam,
939 5689 1004 5745 ut
1031 5681 1256 5745 sineret
1281 5699 1412 5746 eam
1441 5699 1764 5765 properare
1793 5684 1868 5748 ad
1899 5673 2115 5751 Galac-

2214 4711 2386 4768 count,
2421 4689 2517 4747 καὶ
2545 4691 2814 4769 κρείττους
2846 4697 2955 4752 τῶν
3001 4689 3306 4750 ἀντιπάλων
3335 4690 3580 4770 ἀτεχνῶς
3625 4685 3868 4748 ἔσονται.

2293 4781 2407 4844 ΙΔ⁹.
2455 4781 2516 4840 Oi
2573 4789 2893 4859 στρατιῶται
2935 4783 3108 4842 τοίνυν
3169 4783 3308 4840 κατὰ
3346 4783 3409 4838 τὸ
3458 4776 3873 4860 προστεταγμέ-

2213 4892 2300 4928 vo:
2378 4870 2565 4936 αὐτοῖς
2623 4870 2934 4936 ἐπελθόντες
3021 4880 3130 4931 τῶν
3199 4869 3377 4930 ἄλλων
3437 4873 3651 4928 πάντων
3713 4873 3871 4947 φυφῇ

2211 4961 2596 5041 χρησαμένων,
2648 4959 2737 5021 δύο
2792 4963 2985 5038 μόνους
3035 4965 3143 5020 τῶν
3199 4965 3461 5040 μοναχῶν
3513 4959 3871 5038 εὑρίσκουσιν,

2213 5052 2290 5106 ὧν
2343 5053 2426 5117 εἷς
2481 5049 2747 5130 ἐτύγχανε
2824 5049 3158 5112 Γαλακτίων.
3231 5049 3383 5110 Ἐπεὶ
3449 5046 3540 5106 οὗν
3611 5043 3874 5111 κάκεῖνος

2211 5136 2302 5197 ὑπ’
2355 5143 2531 5199 αὐτῶν
2573 5137 2758 5219 ἤγετο,
2805 5145 3044 5218 μαθοῦσα
3099 5146 3256 5199 τοῦτο
3315 5141 3354 5208 ἡ
3404 5135 3716 5214 Ἐπιστάμη
3777 5135 3875 5193 καὶ

2213 5227 2269 5286 ἰν
2327 5229 2555 5302 ἀπόπτῳ
2611 5236 2704 5290 τοῦ
2759 5229 2912 5311 ὅρους
2969 5230 3254 5306 καθίσασα,
3313 5229 3432 5286 ὅθεν
3486 5226 3554 5295 ἧν
3616 5226 3870 5303 δρᾶσθαι,

2209 5321 2397 5382 ἱκετνα
2449 5319 2630 5378 ἐθεᾶτο
2678 5333 2799 5385 τοῖς
2829 5320 3152 5403 ὀφθαλμοῖς,
3185 5320 3220 5380 ἂ
3248 5318 3387 5397 μηδὲ
3429 5318 3572 5392 ἀκοῇ
3625 5312 3874 5394 παραδέ-

2203 5408 2387 5477 ξασθκι
2439 5406 2670 5474 δυνατῶς
2731 5411 2887 5493 εἶχε,
2919 5409 3141 5487 δέσμιον
3193 5407 3461 5490 ἀγόμενον
3516 5404 3875 5493 Γαλακτίωνα

2201 5500 2297 5557 καί
2357 5497 2578 5580 χαλεπὰ
2635 5491 2904 5559 πείσεσθαι
2946 5500 3413 5583 προσδοκώμενον.
3475 5491 3875 5583 Προσκαταξα·

2201 5588 2368 5648 λοῠσα
2421 5592 2510 5646 οὖν
2565 5590 2638 5655 είς
2698 5588 2884 5673 ἔδαφος
2915 5581 3132 5674 ἑαυτὴν,
3193 5589 3368 5655 πολλῆ
3396 5611 3474 5653 τις
3505 5588 3571 5657 ἦν
3627 5581 3868 5661 δεομένη

2199 5682 2302 5749 τῆς
2385 5677 2627 5740 διακόνου
2710 5681 2964 5764 ἀφεθῆναι
3048 5684 3246 5750 ταύτην
3317 5680 3634 5760 ἐπειχθῆναι
3717 5676 3864 5753 πρὸς
