4158 6426
349 325 460 401 105
1606 331 1790 404 VlTA
1831 341 1894 406 S.
1941 343 1991 408 G

2085 339 2478 412 .ACTIONIS.
3619 341 3734 416 106

341 473 709 550 Γαλακτίωνα,
768 475 858 532 καὶ
920 474 1079 555 εἴπερ
1139 474 1412 556 ἐίχωροόν
1467 475 1584 557 εἴη,
1645 479 1768 542 τοῖς
1817 481 1995 546 αὐτοῖς

2087 481 2332 562 tionem,
2364 480 2487 543 etsi
2510 478 2740 558 liceret,
2772 478 2984 542 eadem
3013 478 3216 542 subire
3243 479 3503 546 vincula.
3529 480 3594 545 Si
3615 501 3730 546 au-

339 563 705 632 ὗποὸληθῆναι
735 563 986 641 δεσμοῖς,
1026 569 1083 625 Ei
1133 565 1188 622 δὲ
1217 566 1310 623 καῖ
1342 568 1430 624 τὸν
1463 568 1578 644 βίον
1634 566 1741 627 δέοι
1790 571 1995 630 ἐκεῖνον

2085 580 2198 633 tem
2227 572 2402 632 vitam
2436 587 2675 650 quoque
2708 569 2875 631 illum
2909 577 3215 649 oporteret
3248 569 3616 651 relinquere,
3646 575 3734 652 ip.

339 653 661 728 ἀπολιπεῖν,
688 657 780 712 τὸν
810 655 933 713 ἴσον
963 655 1060 712 κάξ
1091 656 1255 724 αὐτὴν
1305 659 1426 713 τότε
1485 659 1708 714 θάνατον
1752 661 1995 729 ὑποστῆ-

2085 679 2203 722 sam
2229 679 2464 742 quoque
2478 661 2750 722 eamdem
2776 668 3028 721 mortem
3056 677 3190 721 esse
3210 659 3736 724 subituram.lnter

338 767 444 806 ναι.
512 746 670 802 Εἶναι
729 746 832 824 γὰρ
883 747 946 803 ἐκ
998 745 1243 810 πλείονος
1272 749 1456 809 αὐτοῖς
1503 751 1996 830 συμπεφωνημένον

336 831 520 912 τοῦτο,
554 834 635 906 μὴ
665 834 762 902 τῆς
811 834 906 891 ἀπ’
955 833 1207 905 ἀλλήλων
1256 833 1532 903 διαστῆναί
1587 859 1715 895 ποτε
1771 839 1994 917 γνώμης

331 924 440 977 καῖ’
481 919 791 988 διαθέσεως.
853 925 1038 981 Δεινὸν
1096 925 1185 980 οὖν
1244 925 1427 1004 ἔλεγεν
1475 927 1644 1007 εἶναι,
1686 939 1779 988 τοῦ
1807 931 1993 992 καιροῦ

334 1015 654 1092 ιιαλοῦντος,
715 1018 945 1091 φανῆναι
1003 1016 1203 1081 ταύτην
1269 1015 1376 1071 τῶν
1447 1019 1721 1084 συνθηκῶν
1791 1019 1990 1090 ἐπιλή-

335 1122 535 1187 σμονα.
574 1093 640 1159 Ἠ
673 1100 916 1168 διάκονος
947 1101 1002 1159 δί
1045 1102 1228 1179 λόγοις
1287 1105 1384 1180 μὲν
1441 1104 1686 1184 ἔπειρᾶτο
1734 1110 1990 1187 πρότερον

333 1185 434 1258 τῆς
525 1195 702 1269 ὁρμῆς
787 1193 1021 1272 ἀπάγειν
1106 1193 1294 1262 αὐτὴν
1355 1197 1430 1260 ὡς
1484 1194 1539 1251 δὲ
1599 1199 1694 1255 οὒκ
1765 1185 1991 1283 ἔπειθεν,

333 1281 550 1362 ἀφῆκεν
581 1283 764 1340 ποιεῖν
792 1285 822 1340 ὃ
851 1306 901 1340 τι
928 1285 1019 1340 καὶ
1045 1283 1316 1360 βούλοιτο.

420 1371 542 1431 ΙΕ¹.
574 1371 856 1448 Ἀσμένως
908 1376 997 1430 οὖν
1053 1373 1228 1442 ἐκείνη
1285 1375 1378 1438 τὰς
1429 1377 1684 1441 συνούσας
1713 1378 1780 1434 τὰ
1808 1376 1994 1434 τελευ-

339 1474 475 1518 ταῖα
503 1464 1004 1543 προσαγορεύσασα,
1061 1469 1169 1521 τῶν
1225 1466 1392 1543 ἰχνῶν
1450 1466 1677 1523 κατόπιν
1733 1475 1824 1523 τοῦ
1888 1475 1996 1524 Γα-

341 1549 644 1616 λακτίωνος
731 1552 944 1632 εἴχετο.
1033 1552 1182 1610 Ἐπεὶ
1265 1551 1320 1609 δὲ
1400 1557 1489 1611 καὶ
1559 1557 1839 1635 ἐγγιζουσα
1903 1561 1992 1632 ἧν,

2079 760 2399 831 utrumque
2427 751 2584 812 enim
2602 749 2964 830 jampridem
2981 750 3358 825 convenisse,
3378 768 3454 812 ne
3469 769 3732 831 unquam

2079 841 2566 920 disjungerentur
2620 842 2694 902 ab
2753 839 2964 901 eadem
3019 846 3219 900 mente
3271 847 3329 900 et
3395 840 3729 904 atiectione.

2077 929 2264 994 Grave
2290 949 2431 1009 ergo
2461 938 2520 992 et
2548 929 2859 1008 indignum
2907 946 3041 989 esse
3071 927 3330 1001 dicebat,
3366 930 3416 991 si
3464 937 3735 1012 tempore

2073 1029 2320 1082 vocante
2350 1039 2419 1082 ea
2448 1020 2743 1081 videretur
2773 1037 2908 1080 esse
2938 1017 3121 1079 oblita
3144 1025 3447 1098 pactorum
3475 1037 3734 1082 conver-

2073 1119 2292 1172 torum.
2353 1109 2617 1171 Ministra
2665 1116 2863 1171 autem
2917 1107 3114 1168 verbis
3163 1108 3409 1185 quidem
3470 1110 3735 1190 primum

2079 1201 2406 1262 conabatur
2435 1217 2564 1261 eam
2597 1197 2898 1260 abducere
2927 1197 3001 1259 ab
3035 1198 3275 1278 incepto
3310 1218 3326 1279 ;
3363 1215 3498 1260 cum
3531 1207 3736 1262 autem

2080 1308 2200 1350 non
2225 1288 2631 1368 persuaderet,
2669 1287 2815 1349 sinit
2845 1304 2974 1349 eam
3007 1287 3206 1349 facere
3237 1288 3394 1368 quod
3424 1287 3625 1350 vellet.

2159 1379 2285 1440 XV.
2323 1379 2430 1440 Illa
2461 1395 2604 1454 ergo
2634 1396 2769 1439 cum
2802 1395 2902 1438 eas
2934 1394 3064 1457 quae
3094 1395 3229 1438 cum
3260 1377 3392 1456 ipsa
3416 1385 3604 1454 erant,
3635 1397 3739 1460 po-

2079 1477 2302 1530 stremo
2327 1476 2486 1530 esset
2509 1467 2789 1538 allocuta,
2817 1466 3030 1528 institit
3059 1465 3326 1543 vestigiis
3352 1467 3737 1532 Galactionis.

2082 1558 2226 1622 Cum
2273 1570 2470 1621 autem
2505 1576 2692 1639 prope
2751 1563 2936 1637 esset,
2971 1555 3222 1618 Domine
3271 1558 3376 1634 mi,
3415 1556 3738 1636 clamabat,

348 1641 512 1718 Κύρῖέ
542 1662 670 1715 μου,
717 1639 868 1720 ἐϐόα,
914 1642 1003 1697 καὶ
1055 1644 1155 1709 τῆς
1212 1641 1346 1717 ἐμῆς
1377 1641 1539 1722 ὃδηγὲ
1595 1646 1885 1725 σωτηρίας,
1921 1646 1995 1719 μὴ

2085 1658 2141 1709 et
2171 1649 2288 1711 dux
2322 1667 2468 1710 mete
2500 1647 2731 1728 salutis,
2767 1665 2844 1708 ne
2875 1664 2972 1708 me
3003 1664 3134 1728 quae
3165 1653 3264 1708 tua
3293 1665 3424 1708 sum
3467 1665 3737 1723 recuses,

344 1732 658 1808 παραιτήσῃ
709 1753 776 1806 με
825 1733 925 1798 τὴν
981 1731 1107 1805 σὴν,
1170 1730 1308 1806 μηδὲ
1363 1735 1440 1788 ὧν
1497 1733 1810 1810 συνεθέμεθα
1867 1737 1995 1807 πρὸς

2085 1755 2196 1799 nec
2252 1737 2625 1799 obliviscaris
2655 1754 2862 1798 eorum
2910 1753 3043 1817 quae
3096 1736 3256 1798 inter
3303 1754 3414 1798 nos
3443 1754 3744 1800 convene-

348 1819 620 1890 ἀλλήλους
676 1821 1092 1898 ἀμνημονήσῃς.
1158 1817 1253 1876 Ὧν
1310 1825 1356 1879 οἱ
1411 1821 1552 1888 ὀξεῖς
1602 1824 1861 1900 ὑπηρέται
1903 1826 1995 1892 τῆς

2091 1831 2400 1901 runt.Quae
2421 1847 2554 1889 cum
2579 1826 2946 1889 audivissent
2977 1843 3146 1888 acres
3177 1825 3432 1888 ministri
3457 1827 3740 1907 impieta-

359 1908 588 1975 ἀσεϐείας
619 1910 962 1979 ἀκούσαντες,
999 1910 1061 1966 ἐκ
1099 1910 1271 1986 μέσης
1323 1911 1638 1991 ἀνέστρεφον
1693 1919 1794 1980 τῆς
1856 1913 1997 1987 ὁδοῦ,

359 2000 449 2054 καὶ
478 2001 868 2081 κατασχόντες,
919 1995 1147 2076 δεσμοῖς
1209 2002 1374 2068 αὐτὴν
1430 2000 1858 2084 περιϐαλλουαιν,
1893 2002 2001 2060 οὐδ’

351 2092 526 2146 ὁτιοῦν
563 2091 830 2170 εἰπόντες,
880 2089 1019 2148 ἀλλὰ
1066 2089 1163 2147 καὶ
1219 2092 1348 2164 πρὸς
1406 2093 1569 2162 αὑτήν
1627 2094 1999 2174 ὑπερηφανευ-

344 2180 567 2255 σάμενοι
625 2181 722 2248 τὴν
781 2180 1065 2258 ἐρώτησιν.
1128 2181 1187 2238 Ὀ
1261 2179 1314 2236 δὲ
1371 2181 1678 2238 Γαλαοιτέων
1736 2182 1851 2239 οὐδὲ
1907 2182 1996 2239 οῧο

342 2289 447 2333 τως
478 2267 629 2348 ἔχων
675 2270 936 2349 ἀπείχετο
979 2270 1364 2350 παραινέσεων,
1428 2271 1564 2329 ἀλλὰ
1621 2275 1707 2328 καὶ
1775 2272 1998 2349 βαδίζων

338 2361 430 2416 καὶ
459 2357 636 2434 δεσμὰ
679 2361 1047 2436 περικείμενος
1089 2361 1344 2418 ὲνουθέτει
1391 2363 1456 2418 τὰ
1511 2360 1714 2435 δέοντα,
1773 2363 1862 2430 Μὴ
1914 2385 1995 2439 σε,

341 2448 542 2526 λέγων,
609 2449 655 2504 ὦ
713 2450 885 2529 γύναι,
949 2450 1130 2526 ἀπάτῃ
1187 2449 1512 2529 περιέλθοιεν
1585 2453 1632 2508 οἱ
1690 2453 1894 2532 ἐχθροὶ,
1968 2454 1998 2520 ἢ

340 2539 487 2594 δεινὰ
552 2540 687 2617 πρὸς
745 2535 904 2617 φόϐον
963 2539 1278 2618 ἐπάγοντες,
1342 2541 1378 2610 ἢ
1440 2555 1562 2606 τοῖς
1613 2539 1849 2618 ἡδί-στοις
1907 2550 2000 2598 τοῦ

343 2629 553 2704 κόσμου
579 2627 1012 2707 παρακαλοῦντες
1065 2632 1195 2707 πρὸς
1227 2631 1326 2698 τὴν
1375 2630 1640 2691 ἀσέϐειαν.
1697 2614 1782 2690 Ἐν
1840 2635 1886 2706 ᾧ
1947 2631 2000 2688 δὲ

342 2726 513 2775 ταῦτα
566 2717 839 2796 ἐλέγοντο,
901 2718 1004 2784 ἧκέ
1063 2741 1142 2783 τις
1197 2718 1635 2796 ἐσπουδασμένως
1691 2724 1779 2778 καὶ
1836 2722 2002 2779 πολὺν

343 2809 421 2868 τῶ
506 2807 785 2884 προσώπῳ
853 2805 1219 2884 διασημαίνων
1288 2811 1380 2866 τὸν
1451 2808 1689 2890 θόρυϐον,
1767 2813 1840 2869 εἰς
1903 2814 2003 2878 την

339 2897 526 2976 αὔριον
555 2897 735 2974 λέγων
772 2898 870 2964 τὴν
918 2901 1037 2975 περὶ
1093 2905 1199 2955 τῶν
1257 2899 1419 2977 ἁγίων
1474 2904 1822 2975 ταμιευθῆναι
1881 2900 1998 2966 ἐξέ-

339 3010 522 3066 τασιν,
587 2988 729 3044 οὕτω
779 2994 856 3060 τῷ
918 2987 1141 3066 ἄρχοντι
1185 2987 1357 3054 δόξαν.
1411 2989 1615 3047 ’Ἑωθεν
1665 2993 1753 3046 οὖν
1785 2993 1812 3046 ὁ
1842 2989 1997 3047 δικά-

336 3085 446 3149 ζων
517 3079 610 3134 ἒπὶ
681 3079 768 3133 τὸν
843 3078 1004 3134 τόπον
1077 3076 1195 3136 ἔνθα
1256 3093 1376 3144 τους
1460 3081 1798 3159 κρινομένους
1883 3081 1998 3144 ἔθος

335 3170 580 3248 ἀχθῆναι
612 3168 795 3233 αὐτοὺς
826 3167 1173 3237 προσέταττε.

423 3255 562 3330 Ιςι,
627 3258 728 3314 Καὶ
785 3257 986 3332 σπουδῇ
1040 3255 1219 3334 πολλῇ
1273 3259 1678 3338 παραστάντων,
1735 3263 1762 3316 ὁ
1809 3259 1994 3341 ἅρχων

339 3349 513 3423 εὖθὶς,
579 3345 639 3403 οὔ
688 3347 889 3427 τύχην,
954 3345 1012 3403 οὔ
1070 3349 1168 3414 τὴν
1227 3346 1567 3427 ἐνεγκοῦσαν,
1627 3353 1724 3409 οὐκ
1771 3347 1903 3407 ἄλλο
1948 3373 1997 3406 τι

333 3439 446 3495 τῶν
517 3437 764 3506 συνήθων
837 3439 1025 3501 αὐτοὺς
1083 3439 1363 3518 ἐπηρώτα,
1423 3438 1539 3498 οὒδέ
1591 3442 1722 3514 πρὸς
1809 3439 1997 3518 λόγους

339 3527 536 3607 ἐχώρει
566 3528 630 3582 τὸ
661 3526 859 3582 πείθειν
906 3526 1162 3605 ἔχοντας,
1221 3527 1359 3584 ἀλλὰ
1415 3527 1568 3608 δριμύ
1617 3531 1706 3586 καὶ
1760 3530 1996 3596 ἀπειλη-

345 3621 486 3674 τικὸν
544 3613 822 3692 ἐμϐλέψας
882 3617 1234 3698 Γαλαχτίωνι,
1295 3619 1382 3681 Τίς
1440 3622 1592 3685 οὗτος
1644 3619 1729 3676 ἐπὶ
1784 3621 1992 3693 συννοίᾳ

354 3709 439 3763 καὶ
489 3709 918 3787 σκυθρωπότητι,
949 3715 1028 3782 τῷ
1059 3712 1292 3785 περιόντι
1348 3717 1440 3766 τοῦ
1497 3713 1660 3784 θυμοῦ
1721 3709 1990 3790 ἀπεφθέγ-

352 3817 489 3876 γετο,
548 3798 638 3853 καὶ
697 3813 797 3852 τινι
855 3796 1006 3872 ἄλλῳ
1061 3799 1122 3854 τὸ
1179 3795 1336 3862 σέϐας
1410 3797 1689 3863 ἀποδιδοὺς
1748 3800 1991 3872 ἀτιμάζει

341 3889 542 3966 θεοὺςς
616 3877 673 3944 Ὀ
733 3883 1040 3943 Γαλακτίων
1097 3885 1176 3967 δὲ,
1240 3886 1407 3962 μῆδὲν
1465 3887 1794 3968 ὑποπτήξας,
1854 3893 1991 3964 μήτε

338 3983 438 4044 τῆς
473 3977 734 4045 συνήθους
765 3975 1082 4051 μεταϐαλὼν
1125 3980 1522 4050 καταστάσεως,
1561 3981 1660 4037 Τὸν
1718 3980 1813 4055 μὲν
1859 3981 1994 4058 βιον,

369 4071 390 4090 7
683 4068 697 4084 ‘
720 4087 739 4098 ‘
776 4065 788 4085 Ἷ
848 4070 860 4086 \
1104 4069 1127 4078 "'
1178 4065 1217 4086 αἱ

337 4087 468 4122 ειπε
491 4087 736 4145 μοναχος
766 4087 873 4122 απο
905 4073 1129 4144 Χριστου
1172 4081 1225 4122 οε
1283 4070 1344 4124 τὸ
1401 4067 1681 4125 καλεῖσθαι
1740 4076 1996 4148 Χριστια-

338 4158 430 4219 νὸς
487 4155 630 4234 ἔχω,
696 4159 742 4229 ᾧ
793 4157 879 4212 καὶ
938 4159 999 4212 τὸ
1051 4154 1208 4222 σέϐας
1255 4162 1517 4237 εὖφρονῶν
1549 4156 1865 4234 ἀποδίδωμι.
1905 4150 1996 4222 Ὠς

337 4245 396 4302 δὲ
427 4249 518 4301 καὶ
550 4245 715 4308 πολὺς
745 4245 812 4312 ἧν
844 4248 872 4302 ὁ
917 4246 1073 4324 ἅγιος
1103 4246 1314 4323 βάλλων
1359 4249 1514 4305 αὑτὸν
1573 4263 1690 4314 τοῖς
1751 4248 1993 4324 ὀνείδεσι,

336 4339 426 4394 καὶ
479 4337 546 4390 τὰ
606 4341 711 4390 τῶν
737 4338 869 4391 θεῶν
901 4337 1063 4393 αὖτοῦ
1091 4336 1388 4413 κωμωδῶν,
1449 4340 1535 4395 ιιαὶ
1592 4339 1780 4406 ἐπίσης
1835 4339 1996 4410 ἀνοή-

334 4449 463 4490 τους
535 4423 828 4483 ἀποκαλῶν
896 4427 1018 4490 τοὺς
1075 4428 1140 4484 τὰ
1199 4427 1386 4508 ἄψυχα
1443 4430 1591 4485 ταυτὶ
1646 4427 1991 4504 σεϐομένους,

2090 1921 2185 1986 tis,
2222 1934 2255 1978 e
2302 1916 2498 1978 media
2524 1917 2620 1977 via
2669 1925 2806 1977 sunt
2853 1915 3098 1990 reversi,
3137 1923 3196 1976 et
3240 1916 3738 1996 comprehensam

2085 2005 2296 2068 iisdem
2333 2007 2705 2067 circumdant
2733 2005 3009 2078 vinculis,
3039 2023 3172 2066 cum
3199 2005 3348 2066 nihil
3374 2004 3532 2066 aliud
3561 2005 3741 2067 dixis-

2083 2104 2239 2170 sent,
2274 2097 2376 2156 sed
2411 2095 2579 2157 valde
2610 2095 2787 2156 laetati
2821 2101 3025 2156 essent
3055 2093 3126 2154 ad
3177 2093 3366 2172 ipsam
3401 2093 3737 2173 interroga-

2086 2185 2648 2249 tionem.Galaction
2671 2203 2809 2248 vero
2834 2203 2907 2245 ne
2927 2184 3013 2244 sic
3042 2183 3283 2264 quidem
3304 2183 3617 2259 aﬂ‘ectus,a
3639 2184 3737 2244 di-

2083 2276 2238 2337 vinis
2298 2275 2639 2338 abstinebat
2671 2273 3222 2336 admonitionibus:
3278 2273 3384 2334 sed
3437 2282 3498 2334 et
3531 2274 3737 2351 ingre-

2083 2366 2279 2440 diens,
2317 2374 2375 2426 et
2405 2365 2815 2426 circumdatus
2847 2363 3120 2438 vinculis,
3147 2380 3215 2424 ea
3247 2361 3446 2438 dabat,
3471 2381 3604 2444 qua).
3635 2381 3743 2442 par

2083 2463 2228 2529 erat,
2268 2456 2513 2535 monita,
2548 2457 2637 2517 Ne
2691 2462 2769 2528 te,
2806 2453 3034 2528 dicens,
3071 2473 3104 2513 ο
3159 2471 3330 2527 uxor,
3379 2453 3586 2514 fraude
3617 2453 3739 2514 cir-

2086 2546 2467 2606 cumveniaut
2492 2543 2745 2624 inimici,
2770 2550 2870 2604 aut
2897 2543 3095 2622 gravia
3113 2541 3186 2602 ad
3218 2549 3510 2604 terrorem
3534 2543 3741 2605 inten-

2091 2643 2303 2708 tantes,
2339 2644 2440 2696 aut
2472 2635 2544 2695 iis
2575 2653 2707 2716 qua;
2737 2641 2878 2693 sunt
2907 2632 3113 2693 mundi
3146 2632 3487 2707 incitantes,
3520 2632 3593 2694 ad
3625 2631 3742 2693 im-

2091 2725 2390 2805 pietatem.
2428 2722 2669 2784 lnterim
2694 2730 2890 2784 autem
2915 2722 3055 2783 dum
3078 2722 3210 2783 huic
3233 2721 3604 2796 dicerentur,
3628 2739 3737 2783 ve-

2089 2815 2176 2876 nit
2201 2814 2434 2894 quidam
2457 2814 3081 2884 festinantemetvultu
3107 2829 3385 2890 magnum
3419 2812 3736 2873 tumultum

2083 2904 2448 2984 signiﬁcans,
2483 2904 2542 2964 in
2597 2903 2918 2964 crastinum
2969 2901 3127 2962 diem
3186 2919 3321 2963 esse
3370 2910 3734 2963 reservatam

2083 3003 2423 3055 sanctorum
2451 2992 2976 3071 examinationem,
3005 3009 3143 3052 cum
3169 2991 3248 3050 ita
3268 2990 3344 3051 sit
3365 2990 3553 3052 visam
3574 3008 3737 3070 prte-

2083 3083 2217 3146 sidi.
2251 3083 2420 3145 Mane
2452 3102 2592 3161 ergo
2618 3083 2806 3162 judex
2831 3081 3006 3161 jubet
3035 3099 3140 3140 eos
3168 3079 3381 3141 adduci
3413 3080 3476 3141 in
3506 3080 3729 3156 locum,

2083 3175 2144 3235 in
2174 3191 2351 3254 quem
2381 3189 2506 3232 mos
2532 3179 2589 3232 et
2618 3171 2834 3233 adduci
2862 3187 2999 3232 reos
3019 3169 3400 3248 judicandos.

2159 3263 2314 3326 XVI.
2349 3266 2494 3324 Cum
2517 3271 2715 3324 autem
2747 3278 2960 3340 magno
2989 3259 3184 3321 studio
3216 3258 3488 3339 producti
3509 3265 3730 3334 essent,

2079 3373 2300 3435 praeses
2329 3355 2526 3415 statim
2551 3370 2669 3414 non
2695 3351 2770 3412 de
2796 3351 3056 3424 fortuna,
3083 3367 3202 3411 non
3225 3349 3299 3410 de
3325 3366 3398 3410 ea
3419 3368 3548 3430 quas
3573 3349 3736 3429 ipsos

2078 3445 2214 3505 tulit
2243 3445 2580 3524 patria,non
2605 3443 2678 3503 de
2700 3442 2898 3522 aliquo
2919 3440 3034 3501 alio
3061 3458 3132 3502 ex
3166 3438 3240 3500 iis
3263 3456 3738 3518 quaaconsueve-

2080 3545 2240 3614 runt,
2268 3534 2401 3594 illos
2427 3536 2756 3611 interrogat
2789 3548 2982 3612 neque
3004 3531 3256 3591 accessit
3281 3529 3354 3590 ad
3376 3528 3574 3604 verba,
3603 3546 3734 3609 qua;

2078 3633 2323 3703 possunt
2349 3620 2851 3702 persuadere,sed
2880 3631 3045 3681 torve
3071 3627 3130 3680 et
3152 3617 3474 3681 minaciter
3494 3623 3732 3680 intuens

2077 3714 2479 3776 Galactionem
2519 3735 2531 3771 :
2567 3710 2711 3784 Quis
2744 3710 2838 3772 hic
2870 3721 2959 3772 est
2991 3709 3172 3769 tristis
3203 3717 3262 3770 et
3291 3707 3727 3786 cogitabundus

2081 3805 2290 3884 (nimia
2319 3804 2406 3864 ira
2436 3802 2584 3863 dixit
2613 3801 2936 3879 incitatus),
2969 3807 3027 3860 et
3047 3798 3281 3859 cuinam
3316 3797 3416 3858 alii
3459 3797 3729 3860 divinum

2080 3894 2306 3955 cultum
2357 3891 2647 3964 tribuens,
2685 3889 2828 3951 deos
2860 3888 3101 3967 ncgligit
3128 3893 3155 3950 ?
3185 3887 3490 3950 Galaction
3532 3895 3731 3949 autem

2083 3983 2230 4044 nihil
2256 3983 2608 4054 formidans,
2637 3997 2831 4059 neque
2860 3979 2934 4039 de
2955 3979 3123 4039 solita
3144 3977 3464 4058 quidquam
3500 3987 3735 4038 mutans

2082 4073 2437 4146 constantia,
2473 4071 2604 4133 Vita
2635 4071 2902 4149 quidem,
2938 4068 3158 4144 inquit,
3189 4085 3320 4128 sum
3381 4069 3727 4144 monachus,

2081 4183 2115 4224 a
2146 4164 2384 4226 Christo
2417 4170 2612 4222 autem
2650 4157 2860 4232 habeo,
2898 4157 3055 4236 quod
3101 4175 3273 4217 vocor
3304 4157 3677 4218 Christianus
3711 4179 3726 4222 :

2082 4255 2177 4315 cui
2224 4255 2424 4326 etiam,
2463 4259 2524 4310 ut
2578 4249 2678 4330 qui
2708 4256 2870 4309 recte
2917 4245 3190 4320 sentiam,
3227 4245 3420 4307 tribuo
3471 4246 3725 4307 cultum.

2080 4346 2226 4409 Cum
2275 4361 2412 4403 vero
2448 4351 2689 4402 sanctus
2720 4358 2855 4399 eum
2899 4337 3102 4397 multis
3133 4335 3366 4414 probris
3393 4335 3729 4396 insectare-

2081 4446 2199 4510 tur,
2225 4433 2444 4496 etdeos
2478 4431 2609 4511 ejus
2634 4429 3319 4506 ludiﬁcaretur,et_aaque
3339 4433 3609 4487 amentes
3631 4443 3727 4487 vo-

331 4523 435 4586 τὰς
494 4523 689 4598 ψεῖρας
751 4521 920 4578 ὀπίσω
975 4521 1186 4580 δεθέντα
1251 4524 1546 4601 βουνεύροις
1617 4522 1901 4580 ἐπέταττεν
1965 4527 1992 4580 ὁ

2085 4534 2239 4587 caret
2270 4541 2373 4585 eos
2403 4521 2506 4602 qui
2538 4522 2743 4582 colunt
2773 4519 2898 4579 haec
2946 4516 3230 4592 inanima,
3266 4533 3420 4595 pone
3461 4515 3728 4578 vinctum

333 4613 642 4688 κατάρατος
697 4609 940 4678 ἀνηλεῶς
1000 4613 1156 4670 αὐτὸν
1222 4616 1530 4676 τύπτεσθαι,
1607 4613 1989 4692 Μαστιγουμέ-

2085 4615 2350 4676 manibus
2355 4612 2535 4692 jussit
2553 4607 2952 4672 exsccrandus
2984 4626 3120 4669 eum
3135 4605 3434 4669 verberari
3463 4605 3729 4668 immise-

337 4723 432 4759 νου
466 4699 520 4756 δὲ
551 4701 760 4776 τούτου,
817 4703 852 4769 ἡ
919 4699 1228 4779 Ἐπιστήμη
1284 4702 1575 4779 βλέπουσα,
1623 4704 1711 4760 καὶ
1750 4702 1988 4782 ἁρὁῆτως

2085 4705 2416 4767 ricorditer.
2452 4702 2599 4765 Cum
2622 4700 2673 4762 is
2693 4706 2890 4760 autem
2917 4697 3112 4776 ﬂagris
3143 4696 3500 4773 caederetur,
3527 4696 3730 4777 adspi-

337 4793 442 4858 τὴν
504 4791 692 4871 ψυχήν
748 4791 1057 4872 πάσχουσα,
1106 4799 1214 4850 Φεῦ
1269 4793 1366 4862 τῆς
1425 4793 1713 4870 ἀκορέστου
1759 4795 1891 4872 πρὸς
1931 4795 1992 4850 τὸ

2085 4796 2242 4859 ciens
2269 4793 2599 4874 Episteme,
2633 4798 2693 4852 et
2721 4787 3055 4852 mirandum
3087 4787 3151 4848 in
3183 4786 3424 4849 modum
3455 4803 3612 4864 aegre
3634 4787 3730 4848 fe-

340 4880 617 4960 πολάζειν,
675 4879 795 4960 ἔφη’
851 4879 1079 4962 ψδχῆςι
1123 4881 1240 4940 Ἵνα
1292 4885 1342 4940 τί
1397 4884 1644 4947 τοιαύτας
1704 4882 1994 4941 ἐνετείνατε

2085 4903 2218 4948 rens
2245 4905 2258 4950 :
2293 4881 2364 4960 Ο,
2400 4881 2617 4963 inquit,
2649 4879 3047 4952 insatiabilem
3077 4876 3342 4939 animum
3375 4875 3449 4938 ad
3482 4877 3733 4957 punien-

341 4972 616 5050 μάστιγας
673 4983 885 5048 νεαροῖς
941 4971 1082 5028 οὕτω
1140 4971 1324 5045 μέλεσι
1381 4973 1467 5029 axi
1544 4970 1770 5037 πολλοῖς
1817 4971 1995 5041 ἀσκή-

2085 4977 2226 5039 dum
2259 4993 2273 5038 :
2312 4992 2418 5036 cur
2469 4971 2620 5034 tales
2650 4969 2848 5051 plagas
2896 4967 3232 5030 intentastis
3273 4966 3563 5028 membris
3612 4977 3729 5031 tam

343 5081 483 5126 σεως
541 5068 728 5125 πόνοις
786 5061 1182 5139 τετηγμέθοιςς
1249 5061 1366 5126 [ιῶς
1426 5060 1478 5118 δὲ
1528 5065 1616 5118 καὶ
1663 5063 1697 5130 ἡ
1747 5065 1868 5143 χεὶρ
1893 5069 1995 5119 τῶν

2085 5067 2534 5149 iuvenilibus,et
2555 5061 2927 5142 consumptis
2954 5058 3481 5124 multislaboribus
3503 5061 3734 5123 exercio

337 5148 789 5227 ὑπηρετουμένων
847 5163 972 5213 ταῖς
1035 5150 1278 5224 μάστιξιν
1351 5153 1445 5208 οὒκ
1511 5152 1823 5231 ινάριιησε;
1873 5153 1995 5210 Τού·

2085 5148 2322 5220 tationis
2345 5163 2372 5219 ’τ
2404 5153 2716 5229 Quomodo
2739 5160 2938 5213 autem
2973 5168 3180 5212 manus
3212 5150 3618 5212 ministrorum
3649 5157 3736 5212 tot

338 5261 455 5302 τοις
513 5243 544 5297 ὁ
597 5239 784 5320 ἄρχων
834 5238 921 5296 ἐπὶ
977 5239 1182 5316 μᾶλλον
1239 5243 1311 5308 εἰς
1368 5243 1534 5321 ὁργην
1577 5240 1833 5323 ἐξαφθεὶς,
1891 5245 1999 5312 Τὴν

337 5328 532 5390 ἀναιδῆ
591 5329 812 5405 ταύτην,
870 5327 1000 5409 ἔφη,
1059 5333 1146 5388 καὶ
1197 5332 1463 5412 προπετῆ,
1519 5340 1626 5390 τῶν
1679 5334 1992 5412 περικειμέ-

333 5445 447 5478 ww
501 5420 700 5501 μέχρις
789 5419 981 5488 ὀθόνης
1065 5421 1462 5503 γυμνώσαντες,
1551 5424 1785 5502 ἰσχυρῶς
1869 5438 1992 5490 ταῖς

333 5510 545 5591 μάστιξι
604 5513 953 5592 τιμωρεῖσθε,
1015 5509 1110 5567 ἵνα
1180 5510 1606 5592 πεφυλαγμένως
1679 5514 1994 5595 φθέγγεσθαι

330 5606 516 5683 μάθοι,
577 5604 669 5660 καὶ
724 5603 804 5679 μὴ
860 5607 992 5679 πρὸς
1051 5603 1113 5661 τὸ
1170 5603 1438 5684 ὑπερέχον
1511 5602 1676 5670 οὕτως
1751 5605 1994 5664 ἀπαυθα-

239 5753 244 5756 .
328 5696 623 5772 διάζεσθαι.

566 5836 840 5904 ΡΑτΡιοι.
881 5835 998 5900 Gn.
1048 5832 1256 5901 CXVI.

2080 5247 2258 5311 illatis
2290 5246 2472 5326 plagis
2526 5262 2646 5306 non
2680 5239 3036 5322 obtorpuit?
3091 5238 3197 5302 His
3230 5257 3449 5320 praeses
3477 5240 3553 5301 ad
3584 5241 3735 5302 iram

2082 5339 2271 5416 magis
2299 5332 2781 5398 accensuszﬂanc
2806 5330 3223 5410 impudentem
3242 5339 3300 5391 et
3323 5331 3730 5411 temerariam,

2078 5428 2295 5508 inquit,
2331 5425 2611 5488 feminam
2643 5423 2715 5484 ad
2747 5421 2965 5483 lineam
3000 5439 3190 5502 usque
3223 5421 3480 5482 tunicam
3512 5420 3733 5482 nudate

2078 5519 2362 5595 vestibus,
2403 5524 2462 5577 et
2510 5514 2712 5594 ﬂagris
2743 5510 2913 5573 valde
2967 5513 3199 5588 caedite,
3234 5518 3298 5572 ut
3344 5520 3516 5573 caute
3546 5509 3737 5571 discat

2078 5607 2266 5690 loqui,
2301 5616 2360 5670 et
2407 5625 2528 5668 non
2561 5623 2626 5668 se
2680 5610 2801 5666 tam
2847 5610 3196 5682 arroganter
3238 5608 3405 5683 gerat
3443 5598 3734 5662 adversus

2077 5703 2446 5782 superiores.
