4158 6424
481 328 592 398 107

475 555 748 630 ritate,et
781 554 838 615 in
872 555 1110 634 longum
1137 556 1261 634 jam
1295 567 1454 616 esset
1505 556 1852 637 productum
1889 557 2123 639 suppli-

473 646 656 715 cium,
691 644 972 706 adversus
1001 645 1201 706 omnia
1231 643 1497 725 quidem,
1532 663 1662 724 qum
1697 645 2128 720 ;inferebantur

479 735 726 797 molesta
757 743 814 796 et
859 753 1094 814 aspera,
1129 743 1348 813 martyr
1397 734 1733 794 mirandum
1769 735 1828 796 in
1881 737 2124 798 modum

477 824 817 886 decertabat
853 847 868 894 ;
901 825 1143 885 minime
1174 841 1310 884 vero
1357 823 1786 884 intermittebat
1823 825 2126 888 vociferari

477 915 760 975 adversus
786 913 1078 994 judicem,
1117 921 1176 973 et
1211 914 1262 974 ei
1295 912 1662 992 esprobrare
1688 915 1770 974 rei
1807 915 2128 994 turpitudi-

478 1022 640 1076 nem,
666 1003 819 1083 quod
855 1012 1148 1077 naturam,
1182 1020 1356 1080 quam
1393 1003 1960 1080 (-porferclquidem
1998 1022 2127 1064 ma-

480 1112 625 1154 nere
647 1112 764 1153 non
789 1092 1123 1153 venientem
1149 1093 1207 1150 in
1235 1098 1616 1170 conspectum
1649 1092 1978 1162 hominum,
2014 1113 2129 1154 non

477 1183 849 1244 solummodo
874 1180 1153 1244 sustinuit
1178 1180 1439 1260 operire,
1474 1181 1577 1242 seJ
1611 1181 1812 1244 multis
1837 1183 2014 1244 etiam
2049 1183 2128 1244 vi-

478 1269 756 1332 dentibus
775 1270 953 1349 jussit
987 1270 1281 1332 cruciare.
1318 1269 1637 1350 Propterea
1658 1278 1737 1344 te,
1761 1271 1972 1352 inquit,
2003 1290 2127 1333 ma-

475 1369 619 1421 nent
642 1360 764 1422 illic
797 1359 1117 1440 supplicia.
1151 1359 1444 1422 Caeterum
1471 1359 1567 1420 hic
1594 1379 1855 1441 quoque,
1888 1380 2002 1422 non
2031 1363 2131 1422 diu

475 1449 719 1520 abhinc,
753 1449 1099 1529 vosjustum
1133 1449 1242 1510 Dei
1291 1449 1498 1527 puniet
1529 1451 1912 1530 supplicium.
1951 1451 2127 1525 Dixit,

477 1550 538 1602 et.
571 1540 855 1616 erestigio
887 1547 1088 1600 secuta
1120 1551 1208 1602 est
1233 1539 1488 1618 justitia,
1523 1550 1580 1600 et
1613 1545 1737 1601 visu
1771 1539 1962 1601 orbati
1995 1560 2132 1601 con-

477 1633 663 1711 specti
696 1639 855 1701 sunt,
889 1630 986 1708 qui
1021 1639 1188 1691 erant
1217 1631 1376 1691 circa
1408 1629 1741 1710 praesidem.
1779 1629 1900 1692 lloc
1933 1641 2130 1692 autem

477 1728 695 1781 Sancta;
726 1719 963 1799 quidem
998 1719 1276 1798 gloriam,
1315 1720 1385 1781 iis
1432 1738 1590 1794 vero,
1626 1719 1728 1799 qui
1781 1720 2128 1800 puniebant,

479 1809 816 1871 conciliavit
844 1809 1123 1870 salutem.
1146 1807 1468 1871 Oculorum
1500 1811 1656 1870 enim
1684 1810 1915 1871 caecitas
1939 1810 2132 1890 depu-

478 1899 547 1961 lit
577 1897 788 1960 animae
819 1898 1062 1973 nubem,
1096 1907 1152 1960 et
1197 1917 1298 1959 eos
1332 1899 1684 1960 illuminavit
1716 1900 1847 1960 luce
1889 1898 1994 1961 Dei
2024 1920 2131 1961 co-

476 1988 779 2067 gnitionis.
815 1987 1137 2069 Propterea
1179 1990 1434 2050 confessi
1467 1997 1604 2050 sunt
1632 2007 1698 2050 se
1727 1988 1963 2051 Christo
1997 2007 2131 2050 cre-

476 2079 644 2151 dere,
671 2085 732 2138 et
759 2096 965 2138 rursus
989 2097 1123 2138 eum
1157 2077 1292 2139 luce
1315 2079 1532 2140 anima:
1557 2087 1922 2158 acceperunt
1953 2079 2129 2140 etiam

477 2167 670 2228 lucem
707 2167 1014 2229 oculorum
1051 2168 1342 2247 corporis,
1380 2168 1488 2228 viri
1530 2187 1648 2230 non
1683 2168 1800 2229 duo
1831 2177 1932 2230 aut
1985 2177 2132 2248 tres,

476 2256 581 2317 sed
615 2257 1048 2334 quinquaginta
1078 2266 1200 2318 tres
1234 2275 1484 2319 numero

562 2343 770 2408 XVlll.
801 2347 914 2409 Sed
941 2346 1082 2407 licet
1106 2345 1228 2406 haec
1254 2346 1400 2406 facta
1429 2345 1672 2427 fuerint,
1697 2364 1912 2427 praeses
1937 2347 2133 2408 adhuc

482 2447 687 2496 mente
710 2434 1053 2514 rtecutiens,
1078 2444 1282 2514 utpote
1313 2436 1468 2516 quod
1503 2435 1707 2498 vitium
1741 2443 1903 2499 esset
1933 2437 1985 2497 ei
2017 2436 2135 2497 alte

482 2524 1042 2604 impressum,juhet
1066 2527 1125 2586 in
1150 2533 1414 2586 extremo
1439 2531 1567 2588 acui
1598 2525 1946 2606 arundines,
1972 2533 2029 2587 et
2053 2527 2137 2586 in-

486 2613 586 2693 figi
615 2623 952 2676 sanctorum
990 2614 1483 2696 nnguibusﬂuod
1519 2635 1654 2678 cum
1681 2616 2000 2678 celerrime
2031 2617 2140 2678 fac-

486 2713 607 2764 tum
626 2713 802 2779 esset,
821 2713 1004 2766 sancti
1024 2705 1081 2766 in
1107 2704 1415 2783 doloribus
1433 2706 1720 2786 majorem
1747 2705 2144 2768 ostendebant

487 2792 919 2867 fortitudinem,
957 2795 1010 2856 ei
1067 2804 1538 2876 propter-quem
1585 2797 1712 2858 hare
1740 2795 2132 2872 sustinebant,

485 2900 726 2960 magnas
755 2892 994 2962 agentes
1023 2886 1266 2963 gratias,
1303 2891 1362 2945 et
1405 2884 1584 2946 falsos
1614 2885 1759 2946 deos
1809 2884 2136 2946 efficientes

481 2973 882 3034 contumeliis.
912 2972 1102 3037 Judex
1136 2984 1332 3037 autem
1359 2993 1566 3036 rursus
1593 2973 1764 3054 jubet
1787 2994 1890 3036 eos
1922 2975 2137 3055 privari

483 3060 753 3126 manibus
775 3062 953 3124 simul
977 3071 1033 3125 et
1055 3064 1390 3144 pedibus,et
1423 3073 1715 3145 praeterea
1741 3064 1973 3144 lingua,
2000 3083 2135 3144 pro-

1779 333 2058 400 MENSIS
2103 334 2546 400 NOVEMBER.

554 465 743 529 XVII.
774 462 896 527 Hoc
913 471 1107 528 autem
1133 483 1265 528 cum
1287 464 1498 530 factum
1533 473 1692 528 esset
1714 485 1926 546 magna
1954 469 2117 533 cele-
2141 476 2180 527 Δ

3741 326 3850 400 108

2285 461 2387 534 ιζ’.
2443 473 2640 530 Τούτου
2699 470 2748 528 δὲ
2808 470 2993 546 πολλῷ
3043 477 3120 545 τῷ
3170 468 3330 549 τάχει
3379 468 3714 534 τελεσθέντος
3762 474 3850 528 καὶ

2210 563 2283 625 εἷς
2355 563 2557 641 μακρὸν
2622 559 2725 629 ἤδη
2785 563 3176 642 παραταθεὶσης
3239 560 3338 626 τῆς
3397 560 3676 639 τιμωρίας,
3736 564 3852 641 περὶ

2210 657 2384 708 πᾶσαν
2445 653 2542 725 μὲν
2600 651 2888 730 ἐπαγωγὴν
2947 656 3055 707 τῶν
3115 648 3300 706 δεινῶν
3349 651 3384 718 ἡ
3433 652 3630 726 μάρτυς
3689 651 3850 730 ὓπερ-

2211 742 2353 818 φυῶς
2411 741 2728 820 ἀπεμάχετο
2762 759 2778 776 ⁶
2840 737 2986 799 οὐδέν
3054 738 3108 795 δὲ
3179 739 3310 796 ἀνίει
3379 737 3690 796 κατοϐοιῖισα
3761 747 3853 797 τοῦ

2211 827 2482 901 δικαστοῦ,
2555 831 2644 886 καὶ
2710 831 2771 885 τὸ
2841 836 2933 886 τοῦ
3000 830 3311 907 πράγματος
3387 827 3614 903 ἄσεμνον
3685 827 3852 885 όνεδί-

2212 927 2371 990 ζουσα
2407 937 2420 950 ·
2498 918 2577 974 ὅτι
2649 921 2798 998 φύσιν
2871 919 2937 987 ἢν
3005 917 3108 975 ἔδει
3180 916 3444 993 διαμένειν
3513 917 3728 974 ἀθέατον
3795 920 3856 974 οὗ

2214 1009 2378 1084 μόνον
2433 1006 2615 1072 ἁπλῶς
2675 1007 3022 1065 ἐκκαλύπτειν
3079 1008 3366 1086 ἠνέσχετο,
3413 1005 3550 1062 ἀλλὰ
3592 1009 3682 1064 καὶ
3715 1005 3853 1064 πολ-

2214 1097 2323 1154 λῶν
2378 1098 2604 1155 ἐνώπιον
2663 1098 2920 1174 ἐπέτρεψε
2975 1101 3348 1176 τιμωρεῖσθαι,
3405 1101 3503 1154 Διά
3550 1104 3704 1154 τοῦτο
3754 1096 3855 1171 μέ-

2208 1191 2352 1244 νουσί
2383 1209 2463 1258 σε,
2497 1187 2656 1266 φησί,
2690 1189 2754 1243 τά
2812 1188 3014 1244 ἐκεῖθεν
3074 1186 3448 1264 δικαιωτήρια.
3515 1188 3664 1254 Πλὴν
3723 1185 3858 1242 ἀλλὰ

2209 1276 2475 1334 κάνταῦθα
2531 1277 2626 1334 οὒκ
2683 1278 2754 1342 εἷς
2809 1276 3016 1355 μακράν
3073 1279 3206 1351 ὃμᾶς
3260 1278 3295 1343 ἡ
3343 1275 3516 1334 δικαία
3562 1276 3728 1354 κρίσις
3767 1279 3860 1332 τοῦ

2214 1373 2344 1424 Θεοῦ
2400 1366 2796 1441 μετελεύσεται.
2862 1368 3019 1444 Ε’ίπε,
3081 1369 3172 1424 καὶ
3229 1369 3262 1435 ἡ
3327 1364 3446 1434 δίκη
3502 1367 3640 1422 κατά
3698 1363 3860 1430 πόδας

2214 1459 2361 1516 εὐθὺς
2422 1456 2630 1531 εἵπετο,
2680 1457 2778 1514 καΐ
2836 1457 3217 1536 πεπηρωμένοι
3271 1458 3364 1515 τὰς
3427 1456 3578 1532 ὄψεις
3632 1458 3680 1512 οἱ
3739 1455 3860 1533 περὶ

2215 1549 2304 1602 τὸν
2361 1545 2598 1626 ἄρχοντα
2653 1551 3020 1624 καθεωρῶντο.
3080 1553 3246 1605 Τοῦτο
3317 1545 3373 1602 δὲ
3432 1553 3498 1622 τῇ
3571 1544 3671 1622 μὲν
3739 1546 3862 1624 ἁγὶᾳ

2214 1635 2394 1709 δόξης,
2428 1650 2542 1701 τοῖς
2577 1634 2858 1707 κολάζουσι
2912 1634 2966 1692 δὲ
2999 1635 3248 1714 πρόξενον
3299 1634 3510 1714 ἐγένετο
3571 1636 3859 1710 σωτῃρίας.

2219 1716 2281 1781 Ἠ
2313 1727 2414 1802 γὰρ
2443 1732 2548 1782 τῶν
2607 1724 2892 1806 ὀφθαλμῶν
2951 1727 3222 1804 πήρωσις,
3279 1728 3340 1782 τὸ
3395 1731 3492 1792 τῆς
3543 1725 3730 1805 ψυχῆς
3781 1722 3864 1779 νὲ-

2161 1833 2194 1883 Β
2218 1837 2337 1894 φος,
2369 1818 2457 1872 καὶ
2488 1839 2598 1893 φως
2633 1817 2813 1875 αὖτοῖς
2854 1817 3173 1892 θεογνωσίας
3223 1816 3528 1894 ἀπηύγασε.
3594 1815 3673 1871 Δι’
3739 1814 3864 1869 αὐτὸ

2219 1907 2304 1960 καὶ
2379 1907 2644 1962 πιστεύειν
2701 1905 3063 1982 ὡμολόγησαν
3115 1905 3192 1978 τῷ
3246 1911 3480 1981 Χριστῷ,
3554 1905 3641 1962 καὶ
3711 1903 3865 1959 ἀντι-

2219 1995 2458 2075 στρόφως
2490 1993 2648 2051 πάλιν
2682 1995 2773 2050 σὺν
2820 1999 2898 2067 τῷ
2947 1994 3080 2074 φωτὶ
3136 1999 3235 2060 τῆς
3290 1999 3474 2074 ψυχῆς
3532 1994 3626 2051 καὶ
3671 1995 3733 2050 τὸ
3763 2001 3866 2050 τῶν

2220 2083 2503 2164 ὀφθαλμῶν
2546 2090 2640 2140 τοῦ
2697 2084 2948 2158 σώματος
3008 2080 3306 2158 ἐλάμϐανον
3363 2085 3502 2164 φῶς,
3549 2081 3756 2160 ἄνδρες,
3810 2084 3868 2140 οὔ

2217 2171 2306 2230 δύο
2356 2175 2443 2230 καὶ
2497 2187 2642 2252 τρεῖς
2703 2173 2876 2249 ὄντες,
2921 2173 3058 2230 ἀ).Λά
3107 2176 3193 2230 καὶ
3236 2187 3382 2252 τρεῖς
3413 2175 3500 2230 καὶ
3534 2175 3866 2245 πεντήκοντα

2218 2262 2594 2341 ἀριθμούμενο.

2301 2351 2418 2414 1Η¹.
2483 2353 2631 2421 Πλὴν
2689 2355 2776 2411 καὶ
2834 2355 3034 2412 τούτων
3086 2353 3412 2434 γενομένων,
3472 2355 3500 2408 ὁ
3559 2352 3746 2432 ἄρχων
3795 2352 3868 2409 ἔτι

2219 2442 2541 2522 τυφλώττων
2613 2445 2703 2500 τὸν
2775 2452 2915 2524 νοῦν,
2995 2445 3088 2501 ἅτε
3159 2444 3242 2501 διὰ
3297 2445 3491 2520 βαθους
3563 2445 3705 2518 αὖτῷ
3777 2442 3871 2510 τῆς

2222 2535 2412 2596 κακίας
2486 2532 2926 2608 ἐνστομανθείσης,
3001 2532 3268 2596 καλάμους
3345 2535 3414 2596 εἷς
3491 2532 3648 2611 ἀκρον
3717 2531 3870 2598 ὀξυν-

2222 2627 2377 2689 θῆναι
2408 2621 2641 2697 πελεύει,
2695 2625 2780 2680 καὶ
2807 2637 2926 2689 τοῖς
2960 2630 3064 2681 τῶν
3118 2624 3282 2701 ἁγίων
3341 2622 3510 2688 ὂνυξιν
3541 2622 3867 2702 ἑμπαρῆναι.

2225 2713 2297 2771 Οὖ
2351 2714 2440 2770 καὶ
2493 2714 2769 2792 ταχύτατα
2829 2715 3140 2791 γενομένου,
3202 2716 3247 2770 οἱ
3296 2713 3438 2790 ἅγιοι
3469 2715 3532 2769 τὸ
3581 2714 3872 2790 κατερικὸν

2226 2801 2431 2878 μᾶλλον
2490 2803 2542 2859 ἐν
2609 2816 2718 2868 τοῖς
2776 2801 3046 2880 ἀλγεινοῖς
3107 2800 3492 2878 ἒπεδείκιυντο,
3554 2803 3631 2878 τῷ
3685 2800 3756 2858 δι’
3815 2802 3874 2859 οὗ

2220 2903 2385 2952 ταῦτα
2441 2892 2702 2968 ὑπέμενον
2772 2892 2980 2961 πολλὴν
3049 2895 3150 2962 τὴν
3222 2895 3384 2973 χάριν
3453 2891 3870 2972 ὁμολογοῦντες,

2223 2984 2401 3040 καὶτὰ
2433 2988 2538 3040 τῶν
2568 2980 2922 3058 ψευδωνύμων
2982 2987 3112 3040 θεῶν
3163 2983 3531 3059 ἀτιμάζοντες.
3593 2974 3652 3040 Ὀ
3714 2979 3871 3039 δικα-

2223 3073 2353 3139 στὴς
2417 3072 2504 3129 οὗν
2564 3078 2762 3152 χειρῶν
2818 3073 2971 3129 αὗτὸν
3025 3075 3114 3130 καὶ
3163 3072 3340 3131 ποδῶν
3398 3071 3532 3148 ἄμα,
3572 3072 3787 3151 προσέτι
3819 3072 3873 3128 δὲ

482 3151 672 3231 priam
698 3153 1136 3231 quodammodo
1177 3155 1532 3234 voluptatem
1564 3154 1806 3235 capiens
1837 3156 2136 3234 sanguini—

2231 3165 2317 3219 καὶ
2388 3162 2634 3241 γλώττης
2723 3161 3130 3242 ἀποστερεῖσθαι
3217 3163 3594 3250 προσέταττεν,
3677 3160 3876 3230 ἡδονὴν

481 3258 617 3302 vera
641 3243 836 3303 anima
859 3243 916 3302 in
945 3244 1280 3318 hominum,
1307 3248 1406 3320 qui
1430 3253 1566 3304 sunt
1588 3245 1857 3323 ejusdem
1882 3244 2136 3323 generis,

2229 3253 2405 3331 ὥσπερ
2492 3253 2686 3309 οἰκείαν
2771 3253 2824 3309 ἐν
2896 3253 3183 3330 ἀνθρώπιον
3251 3239 3528 3332 ὁμογενῶν
3595 3254 3874 3332 τιμωρίαις

483 3331 969 3413 ευιηιιὶεἱίε.(]υιιι
994 3341 1192 3395 autem
1219 3335 1342 3394 haec
1358 3343 1472 3395 cito
1496 3333 1644 3395 facta
1677 3343 1902 3414 essent,
1924 3344 2144 3414 marty-

485 3420 654 3483 ribus
679 3422 867 3481 nihito
896 3421 1092 3483 secius
1119 3422 1328 3484 eodem
1360 3424 1537 3484 modo
1567 3441 1629 3484 se
1655 3422 2144 3504 hahentibus,qui

486 3519 613 3572 erat
638 3510 876 3590 quidem
907 3512 1170 3573 saavusin
1194 3510 2006 3591 judieando,crudelissimus
2035 3531 2139 3574 au-

488 3609 606 3660 tem
639 3599 698 3660 in
736 3599 1462 3681 puniendo,fertultimam
1492 3603 1548 3662 in
1576 3613 1868 3682 martyres
1890 3612 2138 3665 senten—

486 3689 650 3766 tiam,
677 3691 900 3768 jubens
930 3710 1031 3751 eos
1064 3699 1310 3753 mortezn
1369 3695 1572 3754 subire
1603 3694 1828 3771 gladio.
1861 3693 2054 3774 Atque
2100 3693 2143 3754 ii

487 3778 729 3859 quidem
764 3780 900 3841 hinc
932 3791 1340 3856 excesserunt,
1376 3783 1564 3844 sacris
1605 3802 1809 3844 eorum
1845 3783 2143 3864 capitibus

488 3870 807 3949 amputatis
839 3869 1462 3945 quintoNovembris.
1511 3874 1774 3936 Pretiosa
1805 3883 2000 3935 autem
2035 3894 2141 3935 eo-

487 3977 621 4020 rum
656 3977 905 4040 corpora
945 3978 1076 4020 cum
1114 3959 1171 4021 in
1205 3962 1460 4040 quodam
1495 3981 1629 4026 vase
1662 3963 1920 4045 pretioso
1953 3962 1973 4026 i
2001 3985 2145 4045 rpo-

490 4048 709 4110 suisset
761 4050 834 4126 is,
871 4068 1044 4130 quem
1103 4051 1386 4128 diximus,
1420 4055 1776 4127 Eutolmius,
1824 4053 1924 4134 qui
1977 4056 2144 4134 sequi

483 4137 690 4216 jussus
737 4139 929 4200 fuerat
959 4159 990 4200 a
1045 4150 1324 4221 martyre,
1361 4143 1556 4204 effecit
1607 4152 1668 4203 ut
1701 4145 1875 4204 etiam
1910 4144 1982 4204 ab
2016 4143 2149 4205 aliis

490 4228 860 4292 haberentur
897 4228 956 4290 in
992 4230 1217 4292 honore
1253 4252 1265 4293 :
1303 4233 1373 4293 ad
1408 4234 1654 4312 gloriam
1689 4232 1898 4308 Patris,
1925 4233 2056 4295 Filii
2089 4243 2147 4296 et

493 4319 718 4398 Spiritu
748 4320 960 4400 sancti,
994 4321 1172 4382 unius
1202 4321 1308 4384 Dei
1345 4323 1404 4384 in
1454 4321 1746 4384 Trinitatc
1774 4345 1789 4384 :
1823 4343 2003 4400 quem
2037 4324 2144 4386 de-

494 4418 589 4470 cet
618 4409 810 4470 omnis
842 4411 1056 4485 honor,
1095 4414 1374 4490 majestas
1402 4422 1460 4474 et
1495 4413 1957 4496 magnificentia,
1989 4433 2143 4475 nunc

495 4509 554 4564 et
587 4517 848 4581 semper,
882 4512 942 4562 et
974 4499 1032 4562 in
1059 4503 1280 4564 saecula
1313 4503 1665 4566 saeculorum
1719 4506 1936 4567 Amen.

2228 3344 2260 3410 ἡ
2321 3340 2599 3422 αίμοϐόρος
2658 3344 2811 3422 ψυχὴ
2871 3341 3232 3419 λαμϐάνουσα.
3301 3335 3393 3406 Ὠς
3451 3343 3506 3398 δὲ
3565 3344 3651 3400 καὶ
3709 3349 3875 3400 ταῦτα

2225 3435 2414 3489 θᾶττον
2443 3430 2699 3510 ἒγένειτο,
2732 3432 2838 3487 τῶν
2870 3434 3147 3511 μαρτύρων
3201 3430 3347 3489 οὒδὲν
3398 3434 3562 3499 ἦττον
3613 3433 3697 3489 ἐπὶ
3762 3445 3877 3496 τοῖς

2226 3520 2366 3585 ἴσοις
2424 3520 2807 3597 διαμενόντων,
2865 3525 2892 3578 ὁ
2947 3521 3115 3588 δεινὸς
3157 3523 3256 3598 μὲν
3305 3520 3558 3602 δικάζειν,
3599 3523 3880 3598 ὠμότατος

2226 3609 2281 3668 δὲ
2340 3611 2605 3690 κολάζειν,
2665 3613 2761 3680 τὴν
2833 3611 3138 3671 τελευταίαν
3207 3625 3323 3678 τοῖς
3399 3613 3623 3688 μάρτυσι
3695 3617 3880 3694 ψῆφον

2227 3700 2437 3782 ἐπάγει,
2507 3703 2592 3758 τὸν
2648 3699 2732 3757 διὰ
2803 3701 2976 3781 ξίφους
3048 3703 3232 3766 αὒττὺς
3302 3701 3556 3768 κελεύσας
3627 3701 3880 3759 ὑπελθεῖν

2226 3793 2472 3852 θάνατον.
2534 3790 2690 3848 Οὗτοι
2751 3791 2846 3868 μὲν
2898 3793 2997 3860 τήν
3053 3795 3288 3849 ὲντεὺθεν
3337 3789 3641 3867 ἀποδημίαν
3693 3793 3872 3849 ἐστεί-

2229 3880 2410 3953 λαντο,
2473 3883 2567 3946 τὰς
2627 3883 2766 3961 ἱερὰς
2829 3880 3063 3962 κεφαλὰς
3121 3883 3256 3939 κατά
3318 3883 3414 3950 τὴν
3473 3889 3727 3958 πέμπτην
3789 3883 3882 3938 τοῦ

2232 3968 2526 4047 Νοεμϐρίου
2579 3971 3000 4048 ἀποτμηθέντεςο
3053 3973 3120 4026 τὰ
3177 3969 3231 4027 δὲ
3291 3972 3490 4029 τούτων
3557 3978 3705 4048 τίμια
3768 3973 3880 4030 σώ-

2229 4085 2374 4138 ματα
2431 4062 2591 4137 τιμίῳ
2647 4065 2748 4117 τινὶ
2802 4061 3078 4136 ἐνθέμενος
3111 4061 3283 4118 σκεύει
3317 4063 3342 4118 ὁ
3384 4059 3639 4128 δηλωθεὶς
3673 4062 3880 4120 Εὐτόλ-

2234 4176 2381 4233 μιος,
2445 4155 2490 4226 ᾦ
2545 4151 2631 4207 καὶ
2688 4152 2818 4228 πρὸς
2879 4161 2972 4210 τοῦ
3027 4152 3287 4231 μέρτυρος
3347 4150 3657 4209 ἀκολουθεῖν
3699 4152 3884 4210 ἐπετέ-

2231 4265 2414 4322 τακτο,
2493 4242 2576 4299 διά
2632 4241 2791 4316 τιμῆς
2865 4242 2996 4299 αὐτά
3067 4245 3153 4298 καὶ
3216 4242 3337 4307 τοῖς
3407 4240 3589 4305 ἄλλοις
3662 4239 3882 4321 ἄγεσθαι

2228 4334 2640 4412 παρεσκεύαζεν,
2703 4333 2776 4394 εἰς
2833 4329 2985 4396 δόξαν
3047 4332 3303 4410 Πατὲρος,
3375 4333 3512 4412 ι’ίοῦ,
3568 4333 3657 4389 καὶ
3729 4334 3881 4410 ἁγίου

2230 4423 2558 4499 Πνεύματος,
2623 4429 2700 4496 τῷ
2760 4421 2814 4477 ἐν
2888 4420 3066 4500 Τριάδι
3136 4422 3284 4498 μόνῳ
3348 4429 3484 4497 Θεῷ,
3561 4423 3607 4498 ᾧ
3679 4422 3875 4501 πρέπει

2231 4515 2363 4590 τιμὴ
2419 4519 2588 4588 πᾶσα,
2644 4509 3001 4591 μεγαλωσύνη
3059 4533 3115 4569 τε
3173 4514 3260 4570 καὶ
3309 4511 3744 4591 μεγαλοπρέπεια
3795 4523 3883 4572 νῦν

2234 4608 2319 4662 καὶ
2379 4606 2460 4662 ἀεὶ
2513 4605 2600 4661 καὶ
2658 4605 2732 4668 εἰς
2790 4602 2912 4667 τούς
2971 4603 3165 4668 αἰῶνας
3224 4608 3331 4660 τῶν
3389 4601 3617 4664 ατώνων.
3676 4601 3878 4680 Ἀμὴν.
