4158 6422
406 391 528 460 1Ἇ5,
1707 391 1984 457 ΜΕΝὸΙὸ
2027 393 2055 452 1‘

2141 387 2471 454 VEMBER.
3669 382 3780 449 116

399 545 678 592 manuum
715 525 971 590 exsultas
1001 524 1244 601 viribus,
1282 534 1346 588 ut
1377 525 1476 606 qui
1526 525 1675 588 male
1705 527 1845 588 θίΐεί
1860 525 1980 588 eris
2009 544 2041 586 a

2141 532 2230 582 εῶν
2283 529 2480 605 χειρῶν
2540 521 2874 602 ἐπιγαυριᾷν,
2920 519 3040 584 τοὺς
3099 515 3225 594 παρ’
3284 519 3438 596 ἡμῶν
3496 517 3783 587 σταλέντας

397 619 572 683 nobis
605 620 819 680 missos
851 616 1116 679 milites?
1150 616 1438 696 Egregius
1467 635 1610 677 vero
1642 617 1861 680 Hieron
1895 615 2043 677 nihil

2141 616 2456 694 πτρατιώτας
2540 612 2605 670 τά
2678 611 3041 692 χαλεπώτατα
3123 609 3476 686 διαθέμενοςζ
3576 613 3673 669 Καὶ
3757 613 3784 668 6

400 709 647 770 omnino
669 709 961 770 reveritus
983 707 1238 785 (sciebat
1261 707 1418 769 enim
1442 707 1570 784 ipse
1593 725 1823 786 quoque
1846 707 2046 767 dicere

2141 718 2376 781 γενναῖος
2436 701 2638 780 Ἰέρων,
2693 700 2838 758 οὐδὲν
2891 703 2952 756 τὸ
3004 700 3255 778 παράπαν
3311 699 3780 780 ὑποστειλάμενος,

398 816 535 860 cum
558 798 819 861 Davide:
851 819 878 857 tt
899 798 1047 860 0dio
1073 797 1360 859 habentes
1379 803 1461 868 te,
1483 795 1753 864 Domine,
1785 797 1921 856 odio
1943 797 2049 856 lia-

2141 793 2246 869 ᾔδει
2299 794 2398 870 γὰρ
2442 794 2529 847 καὶ
2583 793 2738 855 αὐτὸς
2791 791 2927 865 μετά
2970 790 3063 846 τοῦ
3112 787 3278 847 Δαυίδ
3332 789 3588 870 λέγειν,¹
3652 791 3784 853 τοὺς

399 887 523 958 hui,
560 896 616 948 et
648 896 890 967 propter
921 886 1197 947 inimicos
1231 896 1360 946 tuos
1395 884 1771 946 tabescebam
1799 889 1828 933 δ
1859 910 1880 941 ι)
1915 896 1950 956 ),
1986 903 2050 945 se

399 995 538 1038 eum
571 995 703 1037 esse
735 978 1041 1037 confessus
1073 983 1179 1035 98L
1217 974 1441 1035 Ρτεεεθε
1488 983 1685 1035 autem
1749 993 1863 1034 non
1919 983 2052 1034 tan-

399 1084 572 1144 quam
601 1065 1004 1141 fortitudinem
1039 1064 1310 1135 laudans,
1345 1063 1503 1143 quod
1552 1062 1771 1124 factum
1836 1064 2048 1136 fuerat,

397 1154 500 1216 sed
539 1153 728 1229 magis
759 1154 1116 1232 vituperans
1142 1161 1416 1232 tanquam
1441 1155 1838 1214 temeritatem
1867 1162 1923 1214 et
1957 1153 2050 1214 in-

399 1242 899 1322 obedientiam,in
925 1261 995 1303 eo
1022 1241 1180 1322 quod
1202 1243 1391 1303 fuerat
1409 1243 1795 1304 constitutum
1821 1245 2055 1304 censuit

398 1350 531 1392 eum
559 1331 956 1411 puniendum.
982 1333 1132 1394 Nam
1157 1331 1463 1407 quoniam,
1487 1332 1698 1412 inquit,
1728 1332 1972 1393 stultitia
1997 1343 2050 1392 te

398 1421 470 1481 ad
505 1429 731 1482 tantam
770 1420 1005 1500 impulit
1036 1423 1457 1494 temeritatem,
1505 1431 1566 1482 ut
1610 1424 2046 1502 imperatoriam

399 1510 743 1592 despiciens
767 1519 1154 1590 potestatem,
1183 1520 1239 1572 et
1266 1510 1672 1589 nostrijussus
1697 1512 1916 1573 nullam
1943 1513 2050 1570 du-

401 1618 500 1661 cas
530 1601 852 1673 rationem,
890 1611 944 1661 et
982 1600 1287 1661 ministros
1319 1610 1558 1662 nostros
1589 1602 1769 1663 clavis
1800 1611 2052 1662 contun-

400 1690 526 1765 das,
563 1709 802 1750 manum
837 1708 969 1770 quae
999 1691 1200 1750 serviit
1235 1691 1419 1751 menti
1457 1691 1770 1752 ineruditas
1815 1690 1888 1750 ab
1923 1691 2050 1770 ipso

401 1777 601 1840 cubito
619 1779 805 1858 jubeo
825 1781 1142 1859 amputari.
1167 1781 1330 1840 Dicto
1347 1798 1485 1858 ergo
1507 1780 1908 1841 citiusfactum
1935 1788 2050 1851 est,

401 1869 556 1949 quod
575 1867 898 1948 jubebatur
923 1890 935 1932 :
969 1869 1119 1930 alios
1141 1879 1336 1930 autem
1357 1869 1804 1949 sanctosjubet,
1828 1870 2052 1930 vinctos

2134 882 2416 957 μισοῦν-,τάς
2474 902 2555 955 σε,
2611 879 2786 958 Κύριε,
2834 879 3064 951 ἐμίσησα
3123 878 3212 934 καὶ
3268 877 3354 934 ἐπὶ
3410 891 3524 943 τοῖς
3566 878 3784 958 ἐχθροῖς

2137 993 2228 1027 σου
2285 969 2638 1046 ἐξετηκόμην,
2695 991 2716 1025 ο
2796 969 2952 1029 αὐτὸς
3024 980 3163 1023 εῖναι
3233 965 3659 1045 διωμολόγησεν.
3720 967 3785 1025 Ὀ

2138 1059 2192 1116 δὲ
2252 1059 2458 1138 ἅρχων,
2527 1059 2622 1114 οὐκ
2691 1057 2971 1118 ἐπαινέσας
3029 1059 3103 1119 ὡς
3159 1055 3366 1135 ἀνδρίαν
3423 1059 3485 1114 τὸ
3541 1059 3783 1136 γεγονὸς,

2139 1148 2256 1205 ἀλλ’
2315 1152 2386 1210 ὡς
2459 1147 2756 1226 θρασύτητα
2820 1147 3042 1210 κακίσας
3114 1146 3318 1221 μᾶλλον
3379 1149 3466 1203 καὶ
3537 1148 3652 1225 περῖ
3724 1149 3786 1203 τὸ

2137 1239 2547 1316 διατεταγμένον
2631 1237 2897 1294 ἀπείθειαν
2932 1285 2948 1310 ,
3038 1236 3279 1308 κολάζειν
3356 1236 3524 1304 ἠξίου.
3625 1234 3783 1295 Ἐπεΐ

2136 1331 2235 1408 γάρ
2288 1350 2369 1408 σε,
2403 1330 2582 1407 φησὶν,
2617 1329 2688 1392 είς
2749 1335 2901 1383 τοῦτο
2958 1326 3174 1404 θράσους
3234 1329 3267 1395 ἡ
3326 1327 3594 1407 ἀφροσύνη
3652 1349 3782 1383 συν-

2135 1420 2358 1488 ώθηνεν,
2421 1420 2492 1482 ὡς
2541 1418 2626 1473 καὶ
2699 1415 2981 1492 βασιλικῆς
3055 1414 3287 1482 ἐξουσίας
3361 1423 3781 1495 καταφρονῇσαι,

2133 1511 2230 1574 τῆς
2327 1509 2479 1581 ἡμῶν
2561 1530 2618 1564 τε
2711 1505 2974 1584 ἀλογῆσαι
3071 1504 3424 1583 προστάξεως,
3505 1508 3592 1562 καὶ
3663 1507 3786 1570 τοὺς

2134 1596 2394 1673 ὅπηρέτσίς
2490 1596 2793 1671 κατακόψαι
2899 1595 3154 1674 ῥοπάλοις
3189 1645 3204 1667 ,
3291 1598 3389 1662 τὴν
3487 1593 3787 1669 ἀπαιδεύτῳ

2134 1689 2278 1766 φρενὶ
2349 1684 2700 1742 δουλεύσασαν
2763 1699 2927 1766 χεῖρα
2999 1685 3048 1750 ἐξ
3122 1685 3280 1743 αύτοῦ
3350 1685 3589 1764 ἀγκῶνος
3657 1685 3788 1741 ἀπο-

2133 1777 2401 1850 τμηθῆναι
2455 1775 2679 1838 κελεύω,
2740 1783 2942 1832 Θᾶττον
3010 1775 3099 1832 οὖν
3156 1775 3190 1842 ἢ
3249 1775 3440 1854 ἐρρήθη
3499 1777 3559 1832 τὸ
3614 1797 3786 1853 προσ-

2135 1865 2487 1940 ἐτασσόμενον
2590 1863 2853 1927 ἐτελεῖτο,
2942 1866 3073 1929 Τοὺς
3176 1864 3229 1920 δὲ
3314 1864 3504 1931 ἄλλους
3610 1866 3788 1942 ἁγίους

406 1963 585 2019 boum
609 1959 982 2038 nervis,c:edi
1007 1959 1596 2039 immisericorditer;
1623 1979 1697 2040 qu
1725 1959 1776 2018 ad
1805 1959 2048 2036 quidem

2141 1954 2338 2010 κελεύει
2411 1953 2650 2018 δεθέντας
2735 1955 2932 2026 νεύροις
3009 1956 3147 2030 βοῶν
3234 1954 3476 2022 ἀνηλεῶς
3561 1954 3786 2029 ξέεσθαι,

402 2048 762 2127 martyribus
788 2049 974 2126 magis
999 2049 1354 2110 conciliabat
1378 2047 1665 2129 laetitiam,
1691 2068 1864 2129 quam
1883 2048 2054 2109 dolo-

399 2154 556 2199 rem.
593 2137 808 2198 Meltas
840 2137 998 2198 enim
1029 2139 1206 2199 horas
1238 2138 1469 2199 fortiter
1524 2138 1871 2217 tolerantes,
1936 2137 2054 2199 Deo

400 2225 652 2306 agebant
679 2227 1027 2306 gratias,qui
1051 2246 1154 2306 pro
1175 2237 1378 2288 sancto
1407 2227 1648 2288 nomine
1673 2229 1883 2305 dignos
1906 2247 2050 2288 cen-

402 2316 612 2390 suerit,
649 2317 752 2394 qui
791 2317 925 2378 talia
956 2317 1226 2378 subirent
1256 2317 1566 2398 supplicia.
1594 2316 1740 2388 Quid
1767 2318 2054 2396 deinceps

403 2414 496 2469 est
525 2412 954 2467 consecutum?
985 2407 1206 2467 Carcer
1253 2405 1473 2485 excipit
1527 2406 1781 2484 ﬂagella.
1831 2403 2051 2466 Verum

401 2495 563 2556 enim
595 2513 734 2556 vero
767 2493 916 2569 scio,
937 2494 1094 2574 quod
1120 2495 1203 2569 id,
1231 2495 1385 2575 quod
1412 2503 1501 2556 est
1522 2494 1868 2568 dicendum,
1901 2514 2052 2573 quo-

404 2583 581 2644 modo
620 2593 756 2646 tunc
792 2585 1008 2645 factum
1039 2585 1282 2656 sanctis,
1311 2585 1389 2645 ita
1413 2602 1570 2645 nunc
1602 2584 1874 2646 auditum
1908 2585 2056 2644 affe—

402 2685 492 2736 ret
529 2677 796 2738 dolorem
832 2675 998 2736 vobis
1029 2675 1422 2736 auditoribus.
1472 2673 1635 2737 Unus
1666 2675 1824 2736 enim
1858 2695 1925 2737 ex
1954 2694 2055 2736 so-

407 2767 521 2828 ciis
553 2763 1136 2838 certaminis,Victor
1159 2764 1612 2842 nomine,quem
1627 2765 1813 2826 sancti
1839 2783 2055 2842 cogna-

404 2867 527 2916 tum
564 2855 734 2934 prius
768 2854 1053 2925 diximus,
1091 2863 1150 2915 et
1183 2855 1252 2914 iis
1287 2873 1418 2930 qua)
1442 2854 1563 2934 jam
1607 2863 2054 2934 prmcesserant,

406 2946 590 3026 plagis
624 2944 951 3024 emollitus,
988 2951 1047 3004 et
1077 2943 1520 3004 inferendarum
1555 2954 1785 3006 terrore
1819 2955 2054 3024 pertur-

404 3035 576 3097 batus
591 3052 657 3097 ac
673 3033 1180 3109 concussus,clam
1198 3033 1487 3095 accersito
1508 3035 2052 3108 commentariensi,

403 3133 470 3186 ut
501 3125 632 3203 ejus
691 3129 1102 3203 misereretur,
1162 3123 1405 3201 rogabat
1457 3123 1630 3184 valde
1660 3124 1966 3184 humiliter
2001 3133 2056 3184 et

403 3212 1350 3291 immisericorditer,eteximeret
1370 3231 1586 3273 nomen
1604 3231 1772 3273 suum
1791 3231 1859 3274 ex
1885 3214 2054 3294 actis,

405 3303 672 3382 etipsum
697 3301 1384 3375 dimitteretecustodia,
1413 3308 1653 3380 accepta
1680 3320 1786 3381 pro
1806 3320 1877 3364 eo
1895 3321 2058 3364 mer-

2138 2043 2266 2122 ὅπερ
2351 2044 2670 2121 εὐφροσύνης
2757 2043 2962 2112 μᾶλλον
3042 2044 3078 2112 ἢ
3165 2043 3352 2111 ὀδύνης
3433 2046 3554 2107 τοῖς
3642 2045 3786 2121 μάρ-

2137 2157 2251 2190 τυσι
2327 2133 2575 2211 πρόξενον
2634 2135 2720 2209 ἦν.
2796 2133 2918 2192 Ἐπὶ
2991 2133 3224 2198 πολλαῖς
3285 2135 3385 2213 γὰρ
3447 2147 3570 2198 ταῖς
3628 2133 3789 2210 ὥραις

2136 2227 2635 2302 ἐγκαρτεροῦντες,.
2682 2224 2843 2303 χάριν
2933 2223 3245 2302 ὡμολόγουν
3329 2231 3469 2302 Θεῷ,
3544 2224 3789 2288 τοιαύτας

2135 2316 2424 2388 ὑπομεῖναι
2482 2315 2574 2376 τὰς
2626 2314 2884 2391 τιμωρίας
2936 2313 3065 2386 ὑπὲρ
3107 2322 3201 2371 τοῦ
3256 2315 3405 2394 ἁγίου
3460 2314 3616 2370 αὐτοῦ’
3664 2315 3789 2370 ὀνό-

2138 2425 2306 2477 ματος
2366 2402 2678 2467 ἀξιώσαντι,
2737 2403 2798 2460 Τί
2850 2405 2911 2458 τὸ
2971 2402 3256 2478 ἐντεῦθεν;
3320 2404 3513 2476 Εἱριιτὴ
3553 2405 3646 2468 τὰς
3678 2403 3788 2478 μά-

2139 2515 2321 2570 στιγας
2386 2489 2720 2572 διαδέχεται.
2783 2491 2932 2558 Πλὴν
2993 2491 3112 2548 ἀλλ’
3177 2491 3296 2550 οἰδα
3353 2494 3413 2550 τὸ
3469 2494 3790 2571 ῥηθήσεσθαι

2141 2581 2338 2657 μέλλον
2375 2601 2388 2615 ·
2471 2581 2551 2637 ὅτι
2582 2628 2596 2652 ,
2657 2582 2836 2661 ὥσπερ
2906 2582 3026 2637 τότε
3099 2583 3338 2662 πραχθὲν
3406 2583 3524 2648 τοῖς
3594 2583 3788 2660 ἁγίοις,

2141 2671 2279 2726 οὕτω
2353 2681 2440 2728 νῦν
2515 2670 2792 2744 ἀκουσθέν,
2854 2669 3030 2737 λύπην
3098 2677 3228 2745 ὑμῖν
3295 2685 3408 2736 τοῖς
3494 2672 3791 2749 ἀκροαταῖς

2143 2761 2452 2835 ἐμποιήσει,
2517 2761 2613 2824 Εἷς
2679 2762 2779 2838 γὰρ
2835 2767 2940 2817 τῶν
3013 2760 3378 2837 συναθλητῶν,
3437 2766 3482 2836 ᾧ
3549 2764 3796 2841 Οὖίκτωρ

2143 2851 2334 2930 ὄνομα,
2394 2851 2452 2906 ὃν
2509 2852 2595 2906 καὶ
2668 2853 2900 2929 συγγενῆ
2955 2858 3046 2907 τοῦ
3101 2852 3250 2930 ἁγίου
3292 2853 3492 2932 φθάσας
3547 2853 3574 2908 6
3633 2849 3794 2929 λόγος

2141 2939 2398 3019 έδήλῶσε,
2459 2952 2582 3003 ταῖς
2640 2961 2695 2995 τε
2755 2938 3147 3018 προλαϐούσαις
3202 2940 3306 3009 ἤδη
3379 2941 3614 3019 πληγαις
3671 2940 3794 2998 δια-

2140 3034 2456 3113 χαυνωθεὶς,
2492 3033 2566 3106 τῷ
2623 3030 2771 3112 φόϐῳ
2817 3055 2875 3089 τε
2904 3036 3011 3089 τῶν
3059 3032 3366 3109 μελλόντων
3423 3033 3794 3115 ἐπενεχθήσε-

2141 3127 2256 3178 σθαι
2352 3124 2862 3202 προκατασεισθεὶς,
2937 3121 3100 3201 λάθρα
3194 3125 3286 3180 τὸν
3375 3125 3796 3201 κομενταρῆσιον

2144 3209 2665 3288 μετακαλεσάμενος,
2729 3211 2944 3280 ἐλεῆσαι
3018 3216 3174 3270 αὐτὸν
3242 3213 3387 3282 ἠξίου
3471 3214 3616 3290 μάλα
3686 3236 3795 3270 τα-

2141 3302 2335 3364 πεινῶς
2388 3303 2472 3360 καὶ
2523 3302 2894 3380 ἀνελευθερως,
2927 3303 3016 3358 καὶ
3072 3302 3132 3360 τό
3165 3326 3220 3360 τε
3276 3303 3445 3380 ὄνομα
3490 3310 3597 3360 τῶν
3651 3306 3792 3360 ὑπο-

409 3392 560 3454 cede
580 3390 1053 3471 praediolo,quod
1079 3400 1204 3451 erat
1223 3391 1514 3453 Coramis.
1535 3391 1640 3452 Ille
1657 3401 1851 3452 autem
1873 3391 2055 3453 liben-

2145 3389 2612 3468 μνηματογράφων
2703 3390 2956 3459 ἐξελθεῖν,
3031 3391 3187 3448 αὐτόν
3254 3413 3311 3449 τε
3382 3399 3480 3460 τῆς
3551 3392 3792 3474 φυλακῆς

406 3491 500 3543 ter
533 3478 752 3542 auditis
773 3480 905 3556 ejus
928 3479 1208 3560 precibus
1235 3481 1387 3560 (erat
1409 3481 1568 3541 enim
1605 3481 1662 3541 ei
1687 3480 1951 3542 vicinum
1975 3481 2060 3562 id,

404 3570 561 3650 quod
599 3568 1078 3649 promittebatur)
1113 3569 1357 3630 dimittit
1389 3568 1693 3631 Victorem
1731 3589 1764 3632 e
1795 3589 2059 3652 carcere,

405 3658 507 3741 qui
539 3676 672 3721 cum
708 3668 887 3720 noctu
912 3659 1238 3737 effugisset,
1274 3659 1500 3721 invenit
1533 3659 1789 3722 salutem
1827 3661 2061 3741 plenam

408 3759 682 3811 extremo
703 3747 1044 3823 interitu,ut
1063 3748 1164 3828 qui
1187 3750 1367 3812 miser
1383 3749 1558 3810 simul
1581 3749 1860 3810 damnum
1882 3769 2062 3812 acce-

403 3839 562 3918 perit
593 3845 654 3898 et
681 3836 816 3915 agri
843 3851 900 3898 et
933 3837 1179 3898 animas:
1212 3837 1312 3899 illo
1342 3839 1583 3918 quidem
1617 3839 1828 3900 tradito
1860 3839 1937 3919 ei,
1962 3841 2060 3920 qui

401 3929 560 3988 visus
590 3936 681 3988 est
709 3945 968 4002 servare,
1005 3929 1114 3989 hac
1147 3935 1340 3990 autem
1375 3928 1596 3990 tradita
1637 3929 1915 3990 daemoni.
1952 3929 2060 3992 Die

402 4025 598 4079 autem
629 4017 750 4096 jam
783 4017 1338 4098 illucescente,cum
1369 4037 1494 4080 rem
1527 4021 1897 4097 cognovisset
1924 4018 2061 4080 Πίου

399 4125 534 4187 ron,
557 4106 929 4170 intolerabili
959 4108 1167 4169 dolore
1190 4117 1278 4170 est
1303 4110 1576 4183 affectus,
1603 4116 1663 4170 et
1691 4108 1924 4170 acerbis
1945 4109 2058 4171 de-

401 4196 580 4258 ﬂebat
639 4197 918 4277 lacrymis
987 4198 1224 4276 cognati
1279 4199 1618 4278 interitum,
1660 4199 1910 4261 dicens:
1948 4198 2057 4260 Hei

402 4287 578 4360 mihi,
613 4306 648 4348 o
683 4287 905 4364 Victor,
934 4288 1072 4369 quid
1093 4307 1127 4348 a
1153 4300 1209 4349 te
1239 4289 1459 4351 factum
1495 4298 1577 4350 est
1608 4296 1636 4351 ?
1664 4290 1846 4361 Quam
1869 4289 2060 4366 gravis

398 4384 496 4437 tua
525 4375 636 4438 fuit
666 4377 990 4455 negotiatio
1009 4384 1037 4439 ?
1061 4377 1373 4449 Quomodo
1398 4378 1596 4439 emisti
1621 4378 1834 4438 animas
1856 4377 2061 4438 interi-

400 4473 524 4525 tum
550 4466 754 4538 ?Quid
779 4465 1033 4544 teipsum
1063 4475 1102 4526 ti
1121 4467 1356 4528 adidisli
1388 4468 1648 4528 inimicis
1673 4466 1703 4527 ἱ)
1727 4466 1829 4529 Cui
1857 4468 2060 4545 gloria}

400 4555 639 4618 coronis
671 4555 978 4633 praetulisti
1011 4554 1164 4633 fugae
1195 4557 1460 4618 dedecus
1494 4557 1518 4617 Υ
1567 4559 1690 4618 Cur
1739 4555 1902 4618 brevi
1945 4556 2062 4618 vita

2146 3481 2384 3559 ἀφεῖναι,
2432 3481 2616 3554 μισθὸν
2679 3481 2808 3558 ὑπὲρ
2838 3482 3026 3540 τούτου
3083 3480 3364 3556 λαθῖόντας,
3397 3484 3458 3540 το
3505 3483 3561 3539 ἐν
3613 3485 3793 3562 Κορά-

2147 3591 2268 3643 μοις
2322 3570 2478 3624 αὐτοῦ
2508 3569 2715 3647 γήδιον,
2783 3569 2842 3629 Ὀ
2890 3568 2945 3626 δὲ
2995 3572 3123 3650 πρὸς
3152 3572 3251 3638 τὴν
3305 3571 3518 3637 ἀξίωσιν
3549 3572 3794 3648 ἀσμένως

2146 3656 2420 3738 διατεθεὶς,
2464 3660 2725 3738 ἐτύγχανε
2785 3660 2884 3738 γὰρ
2931 3661 3074 3735 αύτῳ
3130 3660 3370 3736 κείμενον
3425 3662 3514 3717 καὶ
3563 3665 3620 3718 ἐν
3668 3683 3794 3740 γει-

2145 3748 2312 3804 τόνων
2372 3749 2433 3804 τὸ
2490 3749 2946 3830 ὑπισχνούμενον,
2980 3749 3165 3829 ἀφίησι
3223 3752 3314 3806 τὸν
3373 3753 3653 3831 Ούίκτωρα
3700 3754 3798 3808 τοῦ

2145 3837 2530 3914 δεσμωτηρίου,
2592 3840 2650 3902 ὃς
2721 3840 2906 3902 νυκτὸς
2979 3837 3186 3909 διαδρὰς
3245 3841 3510 3917 σωτηρίαν
3585 3840 3800 3922 ἐφεῦρεν

2142 3927 2409 3987 ἀπωλείας
2465 3926 2710 4002 ἔμπλεων
2774 3933 2872 3996 τῆς
2931 3927 3197 4007 ἐσχάτης,
3260 3930 3546 4004 ζημιωθεὶς
3599 3933 3626 3988 6
3683 3929 3802 3986 δεί-

2142 4015 2294 4079 λαιος
2352 4018 2438 4073 καὶ
2470 4023 2572 4095 γῆν
2631 4016 2742 4092 ἅμα
2787 4019 2873 4074 καὶ
2917 4018 3016 4084 τὴν
3049 4018 3259 4097 ψυχὴν,
3304 4019 3404 4086 τὴν
3443 4021 3540 4094 μὲν
3571 4027 3647 4095 τῷ
3702 4018 3802 4077 δό-

2143 4106 2287 4172 ξαντι
2351 4112 2540 4180 σῶσαι,
2589 4108 2688 4176 τήν
2745 4107 2931 4186 ψυχὴν
2986 4106 3040 4162 δὲ
3106 4109 3183 4182 τῷ
3242 4106 3449 4184 δαίμονι
3508 4108 3798 4190 παραδούς.

2141 4195 2375 4274 Ἡμέρας
2440 4194 2494 4251 δὲ
2569 4194 2671 4263 ἤδη
2745 4194 3127 4275 διαυγαζούσης
3185 4199 3246 4254 τὸ
3313 4195 3486 4278 δρᾶμα
3559 4200 3709 4267 γνοὺς
3769 4202 3801 4257 6

2141 4285 2338 4362 Ἰέρων,
2429 4284 2680 4364 ἀφορήτῳ
2765 4287 3042 4366 συνείχετο
3121 4286 3264 4365 λύπῃ
3291 4335 3308 4362 ,
3376 4289 3464 4345 καὶ
3547 4286 3794 4367 δάκρυσιν

2141 4374 2344 4453 ἐθρήνει
2377 4387 2592 4447 πικροῖς
2640 4377 2740 4442 τὴν
2788 4383 2881 4433 τοῦ
2928 4384 3212 4456 συγγενοῦς
3274 4376 3567 4456 ἀπωλειαν,
3598 4377 3794 4455 Οἵμοι,

2140 4463 2338 4545 λέγων,
2408 4467 2674 4546 Οὗίκτωρ,
2748 4467 2798 4523 τί
2859 4489 2944 4523 σοι
3010 4467 3246 4545 γέγονες
3336 4470 3457 4531 Πῶς
3528 4468 3792 4550 χαλεπῶς

2141 4552 2667 4634 πεπραγμάτευσαις
2727 4557 2848 4618 Πῶς
2903 4555 3060 4613 ὤνιον
3122 4556 3334 4628 ἐκτήσω
3389 4560 3576 4638 ψυχῆς
3643 4558 3795 4638 ἀπώ-

399 4644 576 4704 vitam
609 4651 893 4704 aeternam
930 4645 1375 4708 commutastis?
1404 4647 1523 4710 Cur
1547 4646 1785 4708 brevem
1816 4665 2055 4708 recrea-

2141 4643 2338 4714 λτιανς
2400 4645 2460 4702 Τί
2518 4643 2846 4722 προδέδωκας
2906 4647 3126 4704 σεαυτὸν
3188 4660 3306 4712 τοῖς
3359 4633 3638 4728 ἐχθροϊς;
3681 4633 3792 4742 Σινα

400 4733 629 4793 tionem
661 4734 1040 4812 praeposuisti
1069 4734 1309 4813 laetitiae,
1337 4755 1467 4816 qua:
1486 4754 1603 4798 non
1629 4744 1824 4818 potest
1844 4736 2054 4797 termi-

2141 4735 2190 4789 τί
2241 4731 2394 4801 δόξης
2466 4735 2737 4814 στεφάνων
2794 4736 3056 4816 αίσχύνην
3118 4736 3369 4816 προείλου
3419 4742 3616 4816 φυγῆς.

399 4824 529 4884 nari
553 4828 581 4885 ?
612 4822 902 4895 Quantam
935 4833 1131 4886 autem
1194 4826 1295 4887 tibi
1327 4826 1660 4887 molestiam
1720 4826 2057 4890 attulissent

402 4913 578 4989 mala,
614 4932 745 4993 quae
762 4914 1092 4976 afferuntur
1116 4917 1189 4978 ab
1209 4915 1576 4990 hominibus,
1600 4916 1647 4976 si
1675 4915 2058 4977 conferantur

401 5020 536 5065 cum
567 5003 718 5064 adeo
749 5004 983 5066 acerbis
1014 5005 1348 5086 doloribus,
1382 5025 1530 5086 quos
1561 5024 1626 5067 es
1656 5003 1963 5067 habiturus
1995 5007 2054 5066 in

402 5109 612 5154 manus
643 5093 750 5154 Dei
782 5094 1080 5169 incidens,
1121 5109 1178 5157 et
1208 5107 1438 5160 teterno
1470 5096 1588 5174 igni
1615 5096 1904 5173 gehennae
1932 5104 2054 5158 tra-

401 5180 617 5245 ditus?

479 5269 601 5352 VlI.
619 5274 830 5335 Sicille
853 5275 1109 5348 deﬂens,
1133 5295 1265 5337 cum
1289 5275 2058 5353 satisfuissetlamenlatus,

397 5363 623 5423 vocatis
681 5365 804 5424 suis
867 5366 1133 5442 cognatis
1191 5367 1449 5427 Antonio
1543 5374 1599 5426 et
1665 5367 2055 5441 Matroniano,

403 5451 652 5524 Adeste,
690 5453 898 5533 inquit.
932 5455 1201 5515 ultimam
1229 5475 1418 5517 meam
1438 5456 1641 5515 audite
1667 5456 2056 5537 voluntatem,

403 5546 464 5600 ut
493 5549 859 5604 revertentes
889 5563 1019 5604 eam
1054 5546 1396 5624 perducatis
1454 5546 1527 5606 ad
1561 5547 1866 5607 effectum.
1909 5547 2055 5608 Volo

480 5729 512 5777 5
541 5729 699 5792 Psal.
726 5746 1010 5796 cxxxvin.
1043 5732 1148 5796 21.

3706 4747 3794 4795 [να

2137 4825 2189 4880 τί
2244 4823 2387 4894 ζωὴν
2447 4825 2710 4904 βραχεῖαν
2767 4825 3085 4894 ἀντηλλάξω
3153 4832 3254 4893 τῆς
3329 4827 3597 4900 αὶωνίαςς
3672 4829 3794 4890 [Ιὼς

2138 4914 2329 4987 μικρὰν
2391 4912 2566 4970 ἄνεσιν
2625 4922 2800 4995 χαρᾶς
2855 4915 3167 4995 προέκρινας
3223 4915 3573 4992 ἀπεράντους
3629 4917 3795 4974 Πόσοι

2137 5003 2182 5059 δ’
2236 5002 2299 5059 ἂν
2357 5005 2443 5060 καὶ
2501 5005 2683 5072 ἠνίασε
2736 5006 2801 5061 τὰ
2847 5004 2898 5072 ἐξ
2949 5005 3241 5081 ἀνθρώπιον
3291 5006 3427 5062 κατὰ
3477 5007 3610 5084 πρὸς
3660 5005 3800 5063 οὕτω

2139 5095 2330 5173 πικρὰς
2392 5091 2600 5168 ὀδύνας,
2662 5093 2723 5158 ἃς
2779 5093 2926 5174 ἔχειν
2985 5094 3197 5167 μὲλλεις
3243 5097 3316 5158 εἷς
3376 5107 3576 5175 χεῖρας
3633 5095 3801 5170 ἐμπί-

2141 5206 2289 5240 πτων
2347 5190 2477 5240 Θεοῦ
2515 5186 2598 5240 καὶ
2656 5183 2777 5260 πυρὶ
2806 5185 3029 5262 γεέννης
3082 5187 3278 5258 αἰωνίῳ
3327 5183 3798 5263 παραδιδόμενος;

2227 5272 2306 5334 Ζ’.
2368 5272 2548 5334 Οὕτως
2607 5271 2812 5335 ἐκεῖνος
2863 5272 3282 5351 ἀποδυρόμενος,
3330 5275 3546 5341 ἐπείπερ
3603 5276 3801 5338 ἱκανῶς

2145 5367 2270 5442 εἶχε
2343 5369 2448 5418 τῶν
2519 5362 2746 5437 θρήνων,
2809 5365 2930 5427 τοὺς
2990 5365 3148 5419 αὒτοῦ
3202 5363 3434 5428 καλέσας
3498 5377 3797 5445 συγγενεῖς,

2143 5451 2437 5515 Ἀντώνιόν
2500 5471 2558 5505 τε
2630 5453 2717 5506 καὶ
2800 5455 3199 5529 Ματρωνιανὸν,
3263 5461 3445 5532 Δεῦτε,
3511 5453 3637 5532 ἔφη,
3699 5459 3797 5519 τῆς

2139 5541 2445 5600 τελευταίας
2512 5540 2774 5600 ἀκούσατέ
2852 5567 2953 5622 μου
3025 5542 3357 5626 βουλήσεως,
3420 5541 3510 5600 ἵνα
3583 5543 3647 5613 δὴ
3706 5547 3794 5602 καὶ
