4158 6426
458 361 573 431 119
1762 352 2043 425 MENSIS
2085 360 2100 423 l

2198 359 2535 427 VEMBER.
3725 355 3840 426 120

455 496 505 563 Ο
526 493 723 580 qualia
748 512 857 578 pro
878 491 1159 574 qualibus
1178 492 1405 577 accepi,
1429 512 1465 556 ο
1499 490 1950 569 charissime,ut
1978 512 2097 573 qua

2193 494 2292 570 μὲν
2322 500 2468 575 χαρᾷ
2519 500 2683 552 τοῦτο
2741 490 2798 550 δὲ
2860 492 2947 550 καὶ
2994 489 3136 570 λύπῃ
3182 489 3375 560 ἰαυτην
3414 492 3719 572 μερίζουσα,
3748 490 3835 551 ’Ὦ

459 596 521 651 te
542 585 787 669 quidem
813 583 987 648 emisi
1009 584 1210 649 vivum
1232 593 1291 647 et
1320 585 1571 660 salvum,
1598 602 1760 647 nunc
1777 592 1973 646 autem
1996 603 2101 665 pro

2193 588 2282 642 οἶα
2360 586 2472 642 ἀνθ’
2551 584 2686 643 οἴων
2770 582 3066 662 ἀπείληφα,
3141 583 3510 657 ποθεινότατε,
3581 581 3835 663 λέγουσα,

464 686 589 740 toto
602 684 663 739 et
680 675 807 739 vivo
826 674 1012 737 solam
1029 691 1267 737 manum
1282 673 1743 755 accepi,partem
1758 672 2105 751 quamdam,

2196 680 2361 747 ζῶντα
2416 675 2517 749 μὲν
2568 695 2629 730 σε
2684 675 2774 732 καὶ
2834 676 2974 732 σῶον
3033 673 3388 751 ἐκπέμψασα,
3444 674 3556 730 νυνὶ
3605 671 3660 731 δὲ
3724 669 3838 731 ἀνθ’

464 767 617 848 proh
647 764 840 838 dolor,
867 772 925 826 et
956 763 1168 825 breves
1196 762 1517 843 reliquias:
1553 771 1616 824 ut
1645 769 1829 842 magis
1853 762 2106 826 deﬂeam

2202 763 2316 824 Ξλου
2362 766 2453 823 καὶ
2512 769 2734 843 ζῶντος,
2793 776 2960 844 χεῖρα
3016 763 3190 839 μόνην
3251 762 3622 839 κομισαμένη,
3681 763 3844 841 μέρος

459 865 519 918 et
538 854 789 918 habeam
821 851 1127 914 stimulum
1161 850 1534 923 mmroris,ut
1558 870 1691 932 qum
1714 870 1820 931 per
1849 870 1979 913 eam
2006 851 2101 914 de-

2204 877 2270 934 ει,
2327 854 2464 934 φεῠί
2533 854 2629 910 καί
2688 855 2864 934 βραχὺ
2929 851 3205 928 λείψανον,
3277 852 3457 931 ὥσπερ
3519 852 3614 908 ’ίνα
3681 852 3846 911 πλέον

460 948 647 1009 ducar
687 943 762 1005 ad
796 940 1171 1003 memoriam.
1205 940 1381 1019 Atqui
1423 941 1484 1001 in
1515 939 1724 1003 dolore
1778 941 2018 1021 quidem
2054 951 2102 1003 te

2206 949 2393 1023 ὶρηνῶ,
2452 946 2541 1001 καὶ
2609 942 2825 1020 κέντρον
2896 941 3014 1022 ἔχω
3085 950 3177 1000 τοῦ
3246 943 3468 1016 πάθους,
3543 943 3675 1019 πρὸς
3747 942 3848 1010 τὴν

457 1033 687 1117 peperi,
713 1030 939 1105 infelix,
964 1028 1167 1090 labore
1187 1035 1384 1092 autem
1420 1036 1477 1091 te
1502 1029 1647 1110 alui,
1664 1050 1910 1112 sperans
1935 1042 1989 1092 te
2013 1031 2099 1092 fu-

2205 1035 2415 1107 ενήμην
2473 1032 2557 1090 διὰ
2621 1034 2845 1105 ταύτης.
2880 1030 3239 1109 ὁδηγουμένη.
3307 1032 3487 1090 Καίτοι
3554 1032 3705 1105 πόνῳ
3746 1033 3847 1105 μὲν

452 1130 653 1188 turum
703 1119 980 1182 baculum
1025 1118 1376 1200 senectutis,
1407 1119 1620 1181 ducem
1652 1119 2094 1192 imbecillitatis,

2202 1144 2249 1179 re
2280 1128 2316 1195 ἡ
2345 1122 2496 1181 ἀθλία
2529 1122 2927 1199 ἑγεδντισάμην,
2974 1123 3169 1201 μόχθῳ
3198 1120 3254 1178 δὲ
3308 1124 3396 1179 καὶ
3454 1120 3844 1202 ἑξεθρεψάμην,

448 1210 917 1276 consolationem
952 1208 1138 1269 animi
1170 1208 1561 1288 mgritudinis.
1612 1210 1729 1273 Sed
1769 1213 1925 1272 enim
1960 1213 2090 1292 qnic

2203 1215 2369 1292 γήρως
2469 1211 2675 1269 ἔσεσθαι
2768 1213 3060 1291 βακτηρίαν
3159 1210 3421 1269 ἐλπίσασα
3454 1260 3470 1285 ,
3572 1212 3845 1276 ἀσθενείας

447 1301 593 1363 mihi
622 1297 865 1368 accidit,
887 1316 1023 1378 quae
1052 1297 1310 1360 deducta
1341 1317 1470 1359 sum
1505 1300 1577 1361 ad
1613 1299 1922 1381 lacrymas,
1958 1320 2089 1362 cum

2207 1303 2576 1383 (ειραγωγίαν,
2646 1301 2872 1376 ἀθυμίας
2944 1302 3301 1381 παραψυχὲν,
3375 1301 3543 1360 Ἀλλὰ
3627 1304 3728 1378 γὰρ
3814 1325 3849 1360 τ

446 1409 545 1453 me
568 1386 1042 1468 oporteatlaetari
1069 1396 1126 1450 et
1151 1386 1466 1464 exsultare,
1493 1389 1650 1469 quod
1665 1389 1879 1452 fuerim
1905 1398 2088 1452 mater

2197 1392 2416 1451 πέπονθα
2500 1394 2630 1471 πρὸς
2710 1391 2897 1456 πένθος
2970 1396 3363 1471 κατενεχθεῖσα
3452 1394 3541 1450 καὶ
3611 1391 3839 1470 δάκρυα,

447 1478 742 1561 martyris,
776 1475 933 1559 quod
973 1480 1093 1538 Deo
1127 1477 1447 1539 obtulerim
1478 1478 1722 1541 domum
1758 1480 1873 1542 mei
1908 1480 2086 1560 uteri,

2193 1483 2289 1541 ἷὲον
2346 1480 2670 1561 ἀγάλλεσθαι
2727 1480 2823 1537 καί
2880 1487 3122 1557 σκιρτᾷν,
3182 1481 3265 1539 ὅτι
3316 1481 3581 1559 μάρτυρος
3637 1481 3835 1560 ἐγενό-

445 1570 604 1652 quod
632 1586 766 1631 cum
791 1576 870 1646 te,
896 1586 929 1629 ο
960 1566 1334 1642 charissime,
1370 1566 1620 1630 aluerim
1653 1579 1712 1632 et
1736 1568 2083 1647 erudierim,

2191 1596 2283 1641 ιην
2339 1574 2544 1648 μήτηρ,
2603 1570 2683 1628 ὅτι
2745 1577 2821 1645 τῷ
2877 1574 2994 1645 Θεῴ
3052 1570 3217 1649 δῶρον
3275 1577 3374 1639 τῆς
3427 1571 3565 1644 ἔμῆς
3618 1570 3833 1639 κοιλίας

448 1665 509 1721 et
535 1657 611 1722 ad
642 1655 926 1738 pietatem
982 1655 1378 1729 exercuerim,
1414 1675 1531 1718 non
1571 1666 1627 1719 te
1658 1659 1904 1720 viderim
1955 1679 2090 1721 con-

2207 1662 2606 1742 καρπορόρησα,
2663 1660 2744 1718 ὅτι
2796 1682 2856 1717 σε
2915 1661 3076 1741 οὕτω,
3138 1660 3383 1741 φίλτατε,
3447 1663 3536 1719 καὶ
3564 1662 3842 1740 θρέψασα,

447 1755 807 1810 summatum
838 1755 1030 1807 morte
1061 1747 1363 1808 communi
1395 1755 1453 1808 et
1482 1746 1674 1811 inutili
1701 1747 1731 1808 ‘I
1765 1748 2089 1812 Utilitatem

2204 1753 2263 1810 αὶ
2347 1749 2697 1830 παιδεύσασα,
2773 1749 2868 1807 καί
2945 1751 3044 1818 τὴν
3118 1748 3386 1809 εὐσέϐειαν
3463 1750 3846 1832 ἐξασκήσασα,

447 1837 608 1899 enim
635 1852 906 1914 magnam
930 1833 1108 1896 habet
1125 1853 1289 1896 mors
1317 1837 1610 1918 martyris,
1627 1856 1745 1916 qua
1773 1848 1833 1901 tu
1855 1858 1920 1902 es
1951 1861 2089 1903 cnn-

2205 1846 2270 1902 ύκ
2324 1839 2467 1899 εἶδον
2523 1845 2689 1913 κοινῷ
2744 1840 2832 1895 καὶ
2887 1838 3103 1918 ἂκερδεϊ
3155 1841 3366 1898 θανάτω
3428 1839 3774 1899 τελειωθέντα
3825 1861 3847 1916 ;

446 1932 804 1987 summatus.
854 1923 974 1987 Sed
1008 1941 1125 1998 me,
1162 1943 1294 1986 cum
1346 1924 1702 2002 decesseris,
1738 1947 1815 1991 ne
1846 1931 2088 1993 omnino

2203 1920 2348 2012 Ἐχει
2380 1931 2479 2009 γὰρ
2508 1929 2644 1987 πολὺ
2699 1929 2760 1986 τὸ
2810 1928 3080 2007 ὠφέλιμον
3139 1932 3167 1986 ὁ
3224 1933 3547 2010 μαρτυρικὸς
3602 1932 3837 1998 θάνατος

440 2015 768 2095 relinquas,
788 2012 891 2074 sed
919 2013 1449 2077 intercessionibus
1469 2015 1624 2095 apud
1648 2035 1811 2094 eum,
1839 2036 1945 2100 pro
1973 2040 2082 2099 quo

2196 2026 2220 2097 ᾖ
2274 2022 2337 2077 σὺ
2391 2018 2750 2079 τετελείωσαι.
2818 2016 2984 2077 Ἀλλὰ
3042 2040 3109 2094 με
3159 2020 3249 2076 καὶ
3317 2019 3671 2096 τελευτήσας,
3748 2022 3838 2096 μὴ

446 2102 708 2168 etl‘udisti
738 2102 1117 2181 sanguinem,
1146 2121 1241 2165 me
1269 2104 1343 2166 ab
1379 2104 1487 2168 hac
1516 2104 1813 2169 laboriosa
1845 2117 1903 2170 et
1931 2110 2088 2173 cala-

2202 2111 2353 2177 ιάντη
2411 2108 2710 2175 καταλίπῃς
2746 2125 2760 2144 ’
2833 2119 2957 2173 ταῖς
3029 2107 3084 2164 δὲ
3144 2110 3277 2186 πρὸς
3333 2110 3426 2167 τὸν
3473 2109 3607 2188 ὑπὲρ
3677 2113 3739 2168 οὗ
3770 2126 3844 2169 το

445 2194 665 2256 mitosa
684 2192 801 2254 vita
825 2194 939 2254 cito
962 2192 1269 2255 liberatam
1295 2194 1450 2275 apud
1471 2207 1526 2257 te
1548 2206 1793 2277 statuas,
1815 2198 1925 2261 hac
1948 2200 2005 2261 in
2029 2220 2087 2262 re

2199 2202 2323 2277 ιῖμα
2362 2197 2583 2278 ἒξέχεας
2635 2195 2935 2277 πρεσϐείαις
2991 2220 3106 2269 σου,
3164 2204 3263 2264 τῆς
3324 2200 3578 2256 ὶπιπόνου
3633 2201 3841 2267 ταύτης

446 2283 601 2346 mihi
654 2281 920 2345 reddens
968 2284 1315 2346 mercedem
1366 2285 1735 2351 nutritionis.
1770 2287 1908 2351 llaec
1959 2308 2088 2353 cum

2198 2293 2266 2347 ιαὶ
2332 2290 2637 2368 ὶμοχθηρᾶς
2696 2287 2889 2367 τάχιον
2947 2285 3256 2353 ἀπαλλάξαν
3304 2294 3473 2362 ζωῆς,
3535 2290 3678 2367 παρᾶ
3746 2291 3840 2348 σοὶ

445 2374 717 2453 dixisset,
743 2372 1023 2453 deposuit
1057 2392 1293 2436 manum
1336 2373 1399 2436 in
1432 2394 1503 2436 eo
1536 2376 1688 2451 loco,
1723 2377 1784 2439 in
1815 2397 1929 2459 quo
1969 2381 2087 2459 jus-

2198 2381 2403 2450 ιτήσαις
2462 2377 2685 2441 ἀποδοὺς
2743 2376 2798 2434 ἐν
2851 2377 3024 2450 τούτῳ
3080 2399 3171 2452 μοι
3237 2378 3303 2438 τὰ
3357 2391 3606 2458 τροφεῖα,
3653 2382 3840 2437 Ταῦτα

445 2469 610 2528 serat
640 2469 882 2541 martyr,
911 2470 970 2523 et
999 2480 1369 2542 quaecunque
1403 2463 1676 2526 mandata
1705 2466 1957 2542 fuerant,
1985 2468 2087 2530 de-

2194 2472 2420 2542 εἷποῦσα,
2452 2467 2553 2533 τὴν
2583 2465 2750 2545 χεῖρά
2779 2487 2837 2522 τε
2869 2464 2923 2521 ἐν
2970 2469 3016 2540 ᾧ
3046 2464 3362 2525 ἑκελεύσατο
3420 2472 3569 2541 τόπῳ
3624 2470 3652 2525 ὁ
3683 2468 3836 2549 μέρ-

443 2552 609 2615 duxit
667 2549 742 2613 ad
793 2549 1097 2625 eﬂ‘ectum,
1132 2551 1470 2630 gloriﬁcans
1528 2555 1830 2617 Christum
1891 2576 2085 2620 verum

2194 2582 2267 2625 ευς
2298 2555 2571 2629 κατέθετο,
2606 2554 2700 2611 καῖ
2747 2555 2813 2612 τὰ
2856 2553 3249 2613 διατυπωθέντα
3306 2557 3480 2615 πάντα
3533 2560 3606 2622 είς
3664 2559 3836 2637 πέρας

441 2641 632 2704 Deum
693 2647 961 2701 nostrum
1008 2659 1021 2701 :
1072 2658 1247 2720 quem
1281 2640 1454 2703 decet
1484 2643 1676 2706 omnis
1730 2644 1939 2725 gloria,
1975 2666 2083 2709 ma-

2191 2648 2373 2727 ίδγαγε,
2431 2643 2714 2715 δοξάζουσι
2769 2646 2991 2723 Χριστὸν
3062 2646 3154 2702 τὸν
3199 2646 3331 2702 Θεὸν
3377 2647 3552 2722 ἡμῶν,
3598 2651 3644 2722 ᾧ
3690 2648 3833 2727 πρέ-

436 2732 630 2811 jestas
662 2738 735 2818 et,
753 2728 887 2790 laus
919 2746 1054 2789 cum
1087 2728 1379 2809 principio
1409 2741 1650 2794 carente
1677 2735 1808 2815 ejus
1840 2734 2011 2798 Patre
2033 2747 2078 2798 et

2190 2758 2262 2795 πει
2294 2742 2440 2794 πᾶσα
2483 2733 2627 2808 δόξα,
2690 2733 3045 2811 μεγαλωσύνη
3100 2756 3159 2792 τε
3218 2736 3309 2794 καὶ
3363 2736 3832 2818 μεγαλοπρέπεια,

437 2820 678 2883 vivifico
710 2816 960 2900 Spiritu,
996 2836 1154 2882 nunc
1208 2828 1268 2882 et
1315 2820 1376 2881 in
1433 2823 1649 2886 saecula
1705 2824 2079 2891 saeculorum.

2193 2829 2267 2883 νὺν
2331 2831 2409 2899 τῷ
2491 2821 2714 2904 ἄναρχω
2776 2824 2935 2883 αὑτοῦ
3008 2827 3171 2905 Πατρὶ
3253 2827 3340 2883 καὶ
3410 2833 3489 2902 τῷ
3571 2816 3835 2903 ζωοποιῷ

437 2912 655 2975 Amen.
2171 2917 2470 2995 Πνεύματι,
2533 2923 2621 2973 νῦν
2679 2915 2765 2972 καὶ
2819 2916 2892 2982 εἰς
2948 2916 3071 2982 τοὺς
3144 2915 3339 2980 αἷῶνας
3408 2922 3517 2974 τῶν
3586 2917 3826 2977 αἰώνων.

2170 3006 2367 3085 Ἀμήν.

1194 3327 1976 3460 ΑΘΛΗΣΙΣ
2081 3335 2429 3467 ΤΟΥ
2537 3335 3074 3466 ΑΓΙΟΥ

594 3597 784 3688 ΚΑΙ
852 3597 1393 3689 ΕΝΔΟΞΟΥ
1476 3604 1665 3691 ΚΑΙ
1759 3605 2813 3698 ΜΕΓΑΛΟΜΑΡΤΥΡΟΣ
2885 3606 3113 3696 ΤΟΥ
3174 3607 3664 3696 ΧΡΙΣΤΟΥ

1705 3833 2569 3968 ΟΡΕΣΤΟΥ.

1200 4435 1463 4502 SANCTI
1503 4435 1599 4501 ET
1645 4435 1992 4505 GLORIOSI
2042 4437 2280 4505 MAGNI
2321 4436 2711 4505 MARTYRIS
2753 4434 3057 4505 CHRISTI

1708 4642 2553 4792 ORESTIS-

1042 4898 1249 4968 (Latine
1287 4899 1417 4974 apud
1455 4897 1661 4957 Surium
1693 4897 1756 4956 ad
1796 4897 1928 4955 diem
1965 4898 1999 4955 9
2031 4896 2331 4956 Novembris
2363 4918 2378 4968 ;
2421 4898 2595 4959 Grece
2629 4915 2684 4958 ea

1567 4899 1661 4957 tum
1693 4897 1756 4956 ad
1796 4897 1928 4955 diem
1965 4898 1999 4955 9
2031 4896 2331 4956 Novembris
2363 4918 2378 4968 ;
2421 4898 2595 4959 Grece
2629 4915 2693 4958 ex
2731 4899 2844 4959 cod.
2880 4914 2980 4958 me.
3024 4898 3209 4968 1519.)

513 5202 561 5266 ῐ.
595 5203 968 5284 Imperatore
990 5204 1385 5280 Diocletiano,
1408 5222 1622 5288 magna
1643 5204 1913 5286 quaedam
1940 5221 2079 5286 per-
2099 5214 2140 5265 c

2246 5193 2329 5265 A'.
2407 5204 2782 5269 Βασιλεύοντος
2858 5203 3243 5272 Διοκλητιανοῦ
3304 5213 3399 5265 τοῦ
3461 5204 3824 5267 ἀσεϐεστάτου

433 5291 656 5353 secutio
714 5293 1005 5357 adversus
1062 5294 1426 5358 Christianos
1476 5303 1772 5357 commota
1829 5299 1923 5357 est
1977 5294 2075 5374 (l).

2179 5296 2250 5352 ιαὶ
2307 5296 2620 5374 παρανόμου
2671 5294 2886 5373 ’ἐγένετο
2944 5293 3185 5373 διωγμὸς
3258 5296 3430 5375 μέγας
3499 5302 3606 5354 τῶν
3679 5303 3821 5376 Χρι-

429 5379 589 5443 Misit
609 5381 770 5443 enim
793 5382 895 5446 ille
921 5384 1301 5463 magistratus
1332 5403 1471 5447 suos
1493 5386 1551 5446 in
1586 5403 1763 5445 omne
1782 5383 1893 5447 sibi
1925 5384 2071 5446 sub-

2179 5407 2388 5442 ιτιανων
2420 5382 2538 5441 καθ’
2587 5383 2717 5452 ὅλης
2748 5390 2847 5452 τῆς
2908 5386 3247 5460 οἶκούμένης.
3313 5385 3687 5452 Ἐξαπέστειλε

422 5469 649 5550 jeclum
681 5471 1025 5551 imperium,
1054 5474 1537 5556 quiChristianos
1553 5474 1826 5537 homines
1843 5475 1917 5535 de
1944 5494 2064 5535 me-

2179 5477 2231 5540 ιῖς
2291 5480 2467 5531 πᾶσαν
2524 5474 2622 5541 τὴν
2680 5474 3117 5553 ὑποτεταγμένην
3175 5478 3316 5551 αὐτῷ
3386 5473 3661 5552 βασιλείαν
3716 5471 3821 5553 ἄρῖ-

429 5558 527 5621 dio
557 5559 849 5624 tollerent.
888 5563 1058 5627 Unus
1094 5574 1291 5627 autem
1325 5565 1589 5647 quidam,
1624 5567 1866 5626 nomine
1901 5565 2071 5626 Naxi.

2178 5586 2381 5645 ίοντας,
2454 5564 2774 5643 πρόσταγμα
2842 5563 2985 5646 δοὺς,
3057 5565 3195 5623 ὥστε
3268 5567 3600 5646 ἀναιρεῖσθαι
3695 5567 3820 5632 τοὺς

429 5665 584 5731 mus,
619 5649 1041 5732 imperatorem
1094 5654 1263 5731 adiit,
1299 5674 1475 5736 quem
1511 5655 1601 5717 his
1632 5655 1833 5718 verbis
1863 5656 2071 5717 affatus

2172 5654 2526 5729 Κριστιανοὺς.
2595 5656 2693 5721 Εἷς
2750 5654 2806 5713 δέ
2863 5680 2943 5721 τις
3003 5656 3190 5743 ἄρχων
3252 5657 3505 5736 ὀνόματι.
3571 5655 3814 5734 Μάξιμος

512 5779 596 5867 (1)
630 5777 987 5848 Numeratur
1017 5785 1146 5852 haec
1176 5786 1409 5853 decima
1440 5790 1803 5872 persecutio,
1838 5787 1912 5853 de
1941 5804 2060 5870 qua
2088 5785 2222 5852 vide
2252 5787 2474 5854 Baron.
2506 5803 2649 5856 ann.
2682 5787 2795 5854 301
2829 5795 2889 5853 et
2915 5789 3059 5855 302.
