4158 6422
342 374 465 446 121

1552 374 2024 442 MABTYBIUM
2069 377 2130 442 8.
2174 374 2514 443 OBESTIS.

3627 372 3745 451 122

338 515 623 596 προσῆλθε
679 521 757 592 τῷ
806 510 1023 594 βασιλεῖ
1104 512 1308 595 λέγων·
1369 513 1620 573 suam;
1691 514 1994 594 κοσμοκρά·

2087 520 2177 576 est
2204 533 2219 575 :
2250 513 2463 576 Divine
2490 512 2838 596 imperator,
2863 512 2981 579 dux
3012 518 3357 580 nostrorum
3379 514 3738 596 deorum,et

339 627 467 687 τδρ,
522 605 689 686 ὁδηγὶ
757 609 855 675 τῆς
924 604 1286 686 φανερώσεως
1354 610 1459 663 τῶν
1529 607 1664 663 θεῶν
1721 605 1810 663 καὶ
1880 604 2011 684 σοφὲ

340 697 676 777 μυσταγωγὶ
740 702 848 755 τῶν
915 696 1073 753 θείων
1168 697 1341 755 αὐτῶν
1423 694 1749 773 μυστηρίων,
1821 692 2009 770 δέομαι

338 794 447 854 τῆς
509 792 615 855 σῆς
668 787 939 855 θειότητος
982 788 1079 845 καί
1140 784 1555 865 φιλανθρωπίας,
1604 782 1858 843 κέλευσόν
1916 806 2006 857 μοι

338 873 584 935 διελθεῖν
640 878 710 937 τὰ
778 878 916 957 μέρη
969 877 1067 945 τῆε
1142 876 1386 940 Κιλικίας
1451 877 1539 932 καὶ
1605 872 2003 954 Καππαδοκίας,

337 968 479 1044 πρὸς
554 970 621 1026 τὸ
680 966 940 1026 ἀπολέσαι
1001 968 1066 1024 τὸ
1137 966 1292 1046 γένος
1348 966 1456 1024 τῶν
1511 968 1867 1044 Χριστιανῶν,
1922 966 2009 1030 οὒς

340 1056 756 1132 συλλαϐόμενος
813 1056 941 1137 ἐγὼ,
972 1056 1209 1121 πολλαῖς
1266 1079 1323 1113 τε
1382 1057 1470 1113 καὶ
1505 1054 1774 1119 ποικίλαις
1832 1076 2007 1130 τιμω-

339 1148 481 1225 ρίαις
557 1146 868 1219 ὑποϐαλὼν,
940 1150 1065 1227 πυρί
1137 1146 1525 1218 καταναλώσω,
1600 1147 1687 1203 κᾶὶ
1764 1144 1819 1201 ἐν
1890 1157 2007 1208 τοῖς

333 1233 497 1294 ὕδασι
566 1238 712 1316 ῥίψω
781 1239 996 1302 αύτούς.
1075 1228 1135 1296 Ὀ
1203 1235 1258 1294 δὲ
1320 1234 1704 1303 Διοκλητιανὶις
1774 1233 2005 1298 ἀκούσαις

332 1334 531 1409 ταῦτα,
570 1328 731 1386 εἶπεν
790 1330 955 1402 αύτῷ·
1012 1327 1177 1408 ’Ἔχε
1231 1325 1463 1393 ἐξουσίαν
1494 1325 1550 1382 ἐν
1600 1324 1745 1402 πάσῃ
1776 1330 1844 1401 τῇ
1898 1324 2006 1401 βα-

335 1415 516 1492 σιλείᾳ
573 1441 678 1494 μου
729 1421 863 1498 πρὸς
910 1420 1211 1497 καθαίρεσιν
1273 1422 1370 1484 τῆς
1441 1413 1666 1479 ἀσεϐοῦς
1721 1414 2002 1491 θρησκείας

336 1513 450 1566 τῶν
540 1510 877 1590 Χριστιανῶν
904 1556 922 1589 ,
991 1508 1140 1575 ὅπως
1236 1513 1491 1588 φανερούς
1562 1507 1798 1581 ποιήσῃς
1880 1504 2000 1568 τοὺς

336 1595 612 1665 δεσπότας
683 1600 858 1680 θεοὺς,
904 1599 1029 1664 τοὺς
1098 1598 1279 1666 πάσῆς
1348 1601 1446 1668 τῆς
1522 1598 1836 1671 οἰκουμένης
1907 1596 2000 1652 εὗ-

336 1690 592 1769 metu.

425 1783 514 1844 B'.
573 1782 766 1842 Λαϐὼν
812 1783 866 1840 δὲ
909 1785 938 1840 ὃ
988 1780 1228 1857 Μάξιμος
1280 1783 1341 1839 τὸ
1370 1781 1692 1862 πρόσταγμα
1740 1782 1884 1860 παρὰ
1913 1788 2064 1869 τοῦθ

2096 604 2456 681 divinorum,
2490 623 2623 685 quae
2649 605 2723 668 ad
2755 605 2892 669 illos
2940 606 3262 689 perintent,
3312 609 3734 688 mysteriorum

2093 695 2332 776 sapiens
2355 704 2854 776 praeceptor,peto
2871 716 2906 759 a
2930 696 3297 777 benignitate
3329 705 3426 761 tua
3449 706 3511 761 ut
3522 699 3738 781 jubeas

2095 802 2192 847 me
2223 794 2423 865 partes
2460 787 2687 851 Ciliciae
2715 795 2773 849 et
2820 787 3208 869 Cappadociae
3262 808 3638 873 percurrere,
3672 798 3739 854 ut

2095 875 2463 939 Christianos
2520 877 2823 939 maleficos
2872 878 3147 942 homines
3189 879 3480 958 afﬂigens,
3512 900 3737 964 eosque

2092 965 2557 1045 comprehensos
2589 967 2790 1028 multis
2821 975 2881 1029 et
2910 968 3086 1031 variis
3132 968 3497 1032 cruciatibus
3540 970 3737 1052 subji-

2094 1053 2284 1136 ciens,
2323 1056 2458 1135 igne
2489 1076 2870 1133 consumens,
2907 1067 2966 1120 et
3006 1058 3066 1121 in
3098 1077 3279 1139 aquas
3331 1060 3733 1144 praecipitans,

2093 1145 2358 1209 funditus
2392 1148 2645 1226 perdere
2675 1147 2928 1211 voleam.
2961 1148 3098 1211 Haec
3146 1169 3280 1211 cum
3330 1149 3735 1215 Diocletianus

2090 1235 2454 1299 audivisset:
2489 1234 2749 1312 Habeas,
2786 1237 2997 1317 inquit,
3033 1246 3379 1316 potestatem
3410 1240 3469 1301 in
3494 1248 3737 1304 tototm-

2090 1325 2257 1405 perio
2285 1344 2440 1399 meo,
2477 1325 2546 1387 ad
2584 1326 2826 1408 impiam
2859 1328 3331 1391 Christianorum
3364 1331 3737 1411 superstitio-

2088 1434 2224 1476 nem
2259 1415 2639 1478 evertendam
2669 1438 2681 1479 :
2718 1416 2861 1478 deos
2893 1427 3087 1480 autem
3120 1417 3283 1499 ipsos
3324 1419 3588 1482 omnium
3617 1421 3733 1483 do-

2089 1504 2306 1574 minos,
2341 1525 2409 1567 ac
2440 1505 2622 1569 totius
2652 1504 2817 1568 orbis
2847 1516 3136 1570 terrarum
3163 1508 3489 1589 adjutores,
3514 1509 3737 1595 ubique

2086 1594 2435 1659 manifestos
2468 1614 2603 1659 esse
2631 1597 2835 1660 facias.

2165 1774 2240 1839 ll.
2275 1774 2420 1838 Cum
2452 1774 2740 1838 Maximus
2772 1776 3032 1839 edictum
3063 1776 3137 1841 ab
3168 1779 3528 1860 imperatore
3557 1798 3734 1843 acce-

350 1873 609 1950 βασιλέως
678 1872 866 1941 ἐξῆλθε
936 1874 1075 1949 μετὰ
1145 1871 1355 1940 πολλῆς
1437 1873 1749 1953 φαντασίας,
1823 1872 1994 1949 ὥσπερ

2089 1865 2295 1944 pisset,
2333 1867 2515 1928 multo
2550 1885 2683 1928 cum
2732 1876 3016 1948 apparatu
3065 1887 3133 1931 ac
3187 1888 3404 1950 pompa
3459 1887 3734 1949 egressus

354 1963 492 2021 λέων
544 1965 699 2044 βορὰν
756 1965 950 2044 εὑρών.
1010 1968 1118 2023 Καὶ
1178 1964 1411 2032 ποιήσας
1465 1963 1638 2038 ἑαυτῷ
1711 1962 2003 2042 σπλάγχνα

343 2053 580 2127 ἆνηλεῆ,
628 2054 882 2133 ὥρμησεν
955 2054 1041 2111 ὶπί
1099 2053 1222 2118 τοὺς
1287 2052 1437 2131 ὅρους
1513 2053 1894 2117 Καππαδοκίας
1947 2052 2000 2109 ἐν

337 2143 501 2201 πόλει
591 2143 900 2222 καλουμένῃ
972 2143 1177 2219 Tuam.
1257 2145 1353 2201 Καὶ
1429 2141 1678 2200 εἰσελθῶν
1742 2143 1798 2199 ἒν
1869 2145 2001 2220 αὖτῇ

335 2234 605 2309 μηνύεται
662 2235 807 2310 αὖτῷ
876 2236 982 2291 ὑπὸ
1037 2239 1145 2291 τῶν
1202 2232 1435 2291 πολιτῶν
1507 2231 1589 2291 ὅτι
1647 2233 1824 2308 ἰατρός
1891 2255 1998 2313 τις,

334 2324 566 2400 ὄνόματι
628 2322 910 2404 Ὀρέστης,
972 2323 1280 2401 καθημέραν
1350 2323 1618 2382 ἀναπείθει
1672 2330 1847 2381 πᾶσαν
1901 2324 2002 2381 τὶν

333 2413 500 2472 πόλιν
555 2412 799 2471 σέϐεσθαι
852 2417 941 2471 καὶ
970 2415 1241 2472 πιστεύειν
1289 2415 1362 2478 εἰς
1412 2412 1505 2471 ἕνα
1550 2415 1737 2492 Κύριον
1791 2412 2001 2481 Ἰησοῦν

335 2504 598 2582 Χριστόν.
658 2500 915 2569 ’Δκούσας
972 2504 1028 2560 δὲ
1084 2511 1253 2562 ταῦτα
1322 2506 1350 2560 ὃ
1424 2501 1687 2583 Μάξιμος,
1724 2502 2000 2560 ἒκέλευσεν

336 2598 502 2653 αὒτὸν
591 2593 678 2652 ἐπὶ
759 2601 852 2652 τοῦ
934 2595 1178 2672 βήματος
1256 2594 1613 2673 παραστῆναι,
1690 2595 1777 2650 καὶ
1854 2592 1998 2669 λέγει

334 2688 504 2758 αὐτῷ·
569 2686 733 2750 Ποίας
807 2684 1044 2751 ἐξουσίας
1104 2684 1439 2765 τυγχάνειςς
1502 2688 1562 2743 οὗ
1632 2684 1733 2763 γὰρ
1792 2689 1996 2761 μικρῶς

330 2775 630 2850 κινούμεθα
692 2774 829 2832 κατὰ
900 2774 1016 2834 σοῦ.
1078 2774 1227 2831 Μετὰ
1297 2774 1475 2841 πάσης
1539 2776 1628 2831 οὖν
1700 2772 1995 2853 παρρησίας

326 2865 424 2921 καὶ
473 2865 539 2921 τὸ
568 2865 741 2940 ὁνομά
770 2887 863 2921 σου
905 2864 1107 2943 φράσον
1136 2866 1272 2939 ἡμῖν
1303 2865 1399 2920 καί
1429 2866 1492 2920 τὸ
1534 2863 1709 2942 γένος.
1751 2856 1808 2922 Ὀ
1838 2863 1990 2941 ἅγιος

327 2951 601 3034 Ὀρέστης
657 2958 833 3012 εἶπεν·
896 2946 961 3011 Ἠ
1017 2952 1286 3033 παρῤησία
1339 2975 1441 3028 μου
1497 2955 1527 3010 ὃ
1576 2953 1800 3032 Χριστός
1854 2952 1988 3026 ἔστι,

326 3041 393 3101 δι’
460 3045 525 3101 ὃν
580 3044 680 3102 καί
724 3042 1218 3123 παρῤησιαζομενος
1274 3041 1497 3115 λαλήσω
1540 3042 1623 3100 ὅτι
1680 3042 1993 3121 Χριστιανός

325 3136 460 3212 εἰμι,
496 3135 594 3192 καὶ
622 3133 892 3210 κέκλημαι
923 3133 1207 3213 Ὀρέστης.

2087 1965 2199 2036 est,
2234 1964 2506 2037 tanquam
2542 1956 2661 2032 leo,
2698 1958 2939 2019 inventa
2971 1976 3144 2022 esca:
3181 1978 3439 2041 cumque
3467 1961 3731 2023 animum

2084 2044 2374 2107 immitem
2406 2052 2465 2108 et
2485 2046 2920 2109 misericordiae
2949 2049 3192 2110 omnino
3210 2057 3515 2130 expertem
3541 2049 3733 2113 babe-

2081 2146 2199 2219 ret,
2233 2140 2575 2219 properavit
2604 2140 2677 2202 ad
2705 2140 2939 2217 urbem,
2965 2161 3097 2222 qua;
3126 2141 3344 2205 dicitur
3361 2144 3579 2223 Tyana.
3604 2144 3732 2216 Quo

2086 2246 2219 2291 cum
2255 2229 2541 2310 venisset,
2571 2230 2796 2292 audivit
2827 2229 2901 2293 ab
2934 2232 3065 2310 ejus
3096 2230 3261 2294 urbis
3291 2232 3543 2307 civibus,
3598 2252 3733 2296 me-

2086 2317 2284 2380 dicum
2318 2319 2633 2398 quemdam
2668 2318 2792 2381 illic
2824 2338 2982 2394 esse,
3015 2319 3286 2384 Orestem
3329 2321 3594 2397 nomine,
3628 2323 3732 2399 qui

2084 2408 2353 2490 quotidie
2379 2410 2480 2472 toti
2502 2410 2717 2471 civitati
2746 2410 3113 2490 persuadere
3136 2410 3507 2486 studebat,ut
3526 2410 3733 2476 Jesum

2085 2500 2385 2564 Christum
2419 2518 2628 2561 omnes
2656 2502 2854 2562 colere
2884 2501 3123 2581 vellent,
3171 2510 3229 2564 et
3260 2502 3390 2582 ejus
3419 2501 3597 2564 ﬁdem
3629 2520 3727 2564 se-

2083 2589 2207 2671 qui,
2242 2608 2419 2669 quem
2452 2597 2509 2651 et
2538 2607 2572 2650 a
2604 2589 2956 2670 parentibus
2988 2590 3270 2653 didicisse
3299 2590 3560 2673 aiebant,
3610 2610 3733 2655 non

2082 2698 2214 2742 esse
2242 2680 2388 2741 deos
2419 2678 2590 2755 alios,
2626 2680 2742 2741 nisi
2775 2699 2958 2741 unum
2992 2681 3183 2743 solum
3216 2699 3421 2744 verum
3452 2680 3639 2744 Deum
3660 2700 3731 2744 ac
3764 2730 3771 2735 .

2078 2769 2405 2840 caelestem,
2433 2769 2686 2849 ejusque
2708 2768 2925 2832 Filium
2949 2771 3150 2833 .lesum
3175 2770 3612 2835 Christum.His
3631 2791 3733 2835 au-

2076 2859 2241 2940 ditis,
2270 2860 2450 2939 jussit
2480 2858 2763 2921 Maximus
2795 2854 3068 2922 Orestem
3118 2868 3255 2923 ante
3285 2860 3544 2924 tribunal
3572 2860 3725 2938 sisti,

2076 2950 2175 3012 cui
2204 2950 2291 3010 sic
2322 2949 2439 3011 ait:
2473 2947 2755 3021 Quaenam
2787 2958 2878 3011 est
2910 2948 3214 3012 temeritas
3265 2951 3376 3012 ista
3405 2957 3551 3015 tua?
3598 2950 3732 3016 Non

2079 3039 2240 3102 enim
2266 3056 2472 3119 parum
2508 3046 2718 3100 contra
2747 3046 2805 3100 te
2836 3044 3119 3101 commoti
3150 3057 3382 3104 sumus.
3416 3040 3520 3105 Dio
3550 3040 3731 3120 igitur

2079 3129 2269 3191 libere
2299 3146 2520 3191 nomen
2555 3137 2745 3199 tuum,
2781 3136 2840 3191 et
2865 3147 3076 3208 genus.
3110 3128 3279 3193 Tunc
3301 3138 3541 3193 sanctus
3583 3134 3733 3196 Ore-

321 3237 454 3288 stes
485 3241 502 3287 :
553 3224 715 3306 Mea,
749 3225 965 3302 inquit,
1001 3222 1247 3287 libertas
1296 3232 1357 3285 et
1388 3222 1611 3286 ﬁducia
1653 3229 1745 3285 est
1772 3224 1949 3287 Iesus
1996 3219 2294 3302 Christus,
2330 3237 2436 3299 per
2465 3237 2645 3302 quem
2694 3218 2978 3301 loquendi
3008 3218 3342 3283 libertatem
3374 3230 3730 3285 consecutus

318 3330 458 3376 sum
492 3333 511 3391 ;
542 3312 752 3396 itaque
777 3332 937 3376 nunc
964 3312 1180 3394 loquar
1213 3333 1230 3375 :
1261 3310 1640 3377 Christianus
1676 3330 1784 3391 ego
1815 3319 1876 3374 et
1903 3329 2062 3388 sum,
2098 3318 2158 3372 et
2191 3328 2391 3373 vocor.

406 3403 493 3465 l".
558 3403 803 3479 Μάξιμος
846 3404 1071 3482 ἡγεμὼν
1141 3404 1323 3461 εἶπεν
1381 3401 1602 3471 Ἐπειδῆ
1658 3401 1991 3482 προέφθασκς

323 3496 551 3554 σεαυτὸν
622 3496 943 3572 Χριστιανὸν
1000 3494 1350 3570 ἀποκαλέσαι,
1413 3496 1504 3552 καὶ
1573 3494 1798 3571 Χριστὸν
1854 3495 1988 3569 ὁμο·

326 3583 512 3663 λογεϊς
567 3588 713 3642 εἶναι
775 3586 931 3664 Θεὸν,
965 3586 1121 3642 θῦσον
1174 3597 1293 3651 τοῖς
1340 3589 1485 3649 θεοῖς
1530 3607 1632 3662 προ
1660 3589 1765 3664 τῶν
1817 3584 1986 3661 βασα-

341 3695 465 3730 νωνο
533 3676 659 3734 ἐπεὶ
722 3663 923 3738 κακῶς
980 3674 1202 3749 μάλλεις
1260 3675 1640 3746 ἀποθνήσκειν,
1722 3663 1780 3731 Ὀ
1836 3672 1988 3751 ἅγιος

341 3762 589 3843 Ὀρέστης
628 3764 817 3821 εἴπεν·
885 3765 1007 3821 Θεοί
1063 3765 1116 3821 οἳ
1175 3765 1267 3822 τὸν
1324 3765 1542 3841 οὐρανὸν
1599 3763 1688 3820 καὶ
1740 3763 1841 3830 τὴν
1885 3767 1987 3839 γῆν

332 3855 425 3912 οὖσι
480 3854 751 3923 ἐποίησαν
807 3852 1211 3919 ἇπολέσθωσαν,
1287 3854 1433 3932 Ἐγὼ
1507 3870 1608 3932 γαρ
1668 3852 1729 3910 ἐκ
1799 3858 1987 3930 νεαρᾶς

323 3942 540 4013 ἡλικίας
594 3945 744 4002 θύειν
803 3944 1094 4019 μεμάθηκα
1148 3946 1330 4005 θυσίαν
1393 3944 1644 4008 αἰνέσεως
1701 3948 1779 4016 τῷ
1829 3949 1986 4014 ζῶντι

320 4041 464 4110 θεῷ,
538 4038 693 4109 ᾧτινι
775 4037 865 4093 καὶ
934 4034 1306 4116 προσεύχομαι
1366 4033 1420 4091 ἐν
1502 4037 1706 4111 καθαρᾴ
1779 4030 1984 4112 καρδίᾳ,

318 4137 546 4205 κωφοῖς
601 4123 660 4182 δὲ
710 4125 802 4182 καί
855 4122 1134 4194 κιϐδήλοις
1183 4126 1331 4188 θεοῖς
1391 4123 1453 4182 οὗ
1494 4129 1775 4202 προσκυνὼ
1832 4139 1985 4185 ποτε,

317 4216 579 4292 Μάξιμος
635 4216 857 4293 ἡγεμὼν
930 4214 1080 4272 ἐῖπε’
1147 4219 1344 4287 Θεωρῶ
1410 4235 1472 4270 σε
1525 4219 1597 4290 τῇ
1652 4211 1833 4284 ἡλικίᾳ
1890 4234 1987 4268 κε-

319 4326 704 4382 κοσμημενον,
774 4305 862 4361 καὶ
951 4303 1136 4383 λόγοις
1222 4304 1496 4383 φρονίμοις
1579 4301 1986 4382 σεσοφισμὲνον,

316 4398 409 4454 καὶ
469 4397 536 4452 τὸ
593 4392 878 4474 εὔσχημον
935 4395 1022 4450 καὶ
1094 4394 1349 4471 εὐπρεπὲς
1404 4397 1505 4460 τῆς
1562 4393 1805 4470 ἰατρικῆς
1863 4391 1988 4448 ἐπι-

319 4487 598 4560 στᾶμενον
675 4483 900 4565 τέχνης,
959 4486 1049 4541 καί
1136 4482 1379 4563 φείδομαι
1451 4504 1547 4541 σου
1636 4485 1711 4548 ὡς
1778 4481 1985 4543 τέκνου,

315 4576 527 4654 1ιιράσιν
586 4575 758 4633 τοίνυν
814 4574 957 4647 ἡμῖν
1011 4575 1074 4631 τὸ
1131 4573 1302 4649 ὄνομά
1349 4594 1444 4630 σου
1485 4573 1576 4630 καὶ
1630 4579 1738 4630 τῶν
1788 4571 1987 4650 γονέων

316 4668 425 4734 τὴν
473 4666 790 4745 θρησκείαν.
856 4659 914 4724 Ὀ
957 4662 1106 4744 ἅγιος
1162 4663 1419 4741 Ὀρέστης
1472 4663 1653 4721 εἶπεν*
1690 4664 1748 4721 Εἰ
1801 4670 1985 4734 ζητεῖς
2009 4700 2051 4752 D

317 4758 382 4813 τὶ
442 4755 621 4830 ὄνομά
650 4777 753 4831 μου
808 4759 1025 4831 μαθεῖν,
1059 4756 1288 4833 γίνωσκε
1332 4752 1414 4811 ὅτι
1464 4752 1637 4828 τίμιόν
1669 4754 1779 4808 ἐστι
1838 4753 1982 4829 παρὰ

322 4849 468 4919 θεῷ.
528 4847 595 4903 Οἱ
644 4845 747 4925 γὰρ
789 4846 926 4903 κατὰ
980 4847 1150 4922 σάρκα
1202 4847 1385 4923 γονεῖς
1443 4849 1545 4917 μοῦ
1607 4840 1865 4920 Ὀρέστην
1916 4862 1982 4902 με

317 4935 716 5016 ὶιτωνὸμασαν,
744 4935 881 4993 ὥστε
930 4933 1071 5009 κᾶμὶ
1128 4934 1312 5007 ἀρέσαι
1373 4940 1489 5007 Θεῳ
1544 4933 1628 4990 καὶ
1688 4932 1980 5009 ἀνθρώποις

318 5025 407 5082 διὰ
461 5026 567 5094 τῆς
624 5023 917 5104 ὁμολογίας
973 5032 1065 5081 τοῦ
1125 5023 1310 5104 Κυρίου
1367 5045 1471 5099 μου
1526 5021 1704 5090 Ἰησοῦ
1756 5029 1985 5102 Χριστοῦ

316 5116 408 5174 καὶ
438 5113 528 5174 διὰ
557 5114 661 5184 τῆς
691 5116 972 5194 θεραπείας
1002 5120 1109 5171 τῶν
1140 5119 1406 5193 σαρκικῶν
1436 5111 1789 5188 παθημάτῶν,

402 5382 491 5446 Δ’.
567 5383 808 5462 Μάξιμος
881 5388 1105 5464 ἡγεμὼν
1172 5386 1352 5444 εἶπεν
1418 5392 1823 5456 Απονενοημενε
1892 5381 1979 5437 καὶ

318 5475 641 5555 ἂθλιώτατε,
706 5477 785 5551 μὴ
844 5476 1197 5550 κελευόμενος
1264 5473 1541 5550 προπετῶς
1614 5472 1838 5551 φθέγγῃ,
1889 5475 1977 5527 καὶ

316 5573 659 5645 φρεναπατᾷς
717 5567 933 5641 ἑαυτὸν,
994 5565 1089 5622 ἕνα
1158 5567 1286 5621 Θεὸν
1357 5560 1637 5638 ὁμολογῶν
1680 5561 1770 5615 τὸν
1842 5568 1976 5640 Χρι-

526 5659 552 5681 τ
1063 5654 1075 5674 ν
1504 5652 1517 5673 Ι
1769 5652 1781 5671 ρ

314 5660 439 5714 στὸν
496 5679 664 5732 suat,
709 5656 897 5714 ὅντινα
959 5659 1008 5713 οἱ
1084 5652 1311 5713 Ιουδαϊοι
1363 5652 1698 5732 ἐσταύρωσαν
1755 5674 1829 5717 ως
1874 5674 1975 5708 κα-

312 5755 579 5833 κοῦργον;
632 5728 699 5810 ίο
758 5747 922 5830 ἅγιος
986 5743 1242 5825 Ὀρέστης
1296 5748 1477 5805 εἶπεν.
1539 5728 1602 5798 Ὠ
1655 5742 1897 5827 ἡγεμὼν,
1932 5745 1976 5802 εἰ

2157 3400 2254 3463 IlI.
2290 3398 2460 3463 Tunc
2491 3398 2784 3463 Maximus
2813 3398 3000 3464 dixit:
3030 3399 3319 3475 Quoniam
3345 3408 3404 3464 te
3433 3399 3728 3465 Christia-

2076 3509 2218 3553 num
2251 3491 2539 3572 appellari
2565 3489 3172 3564 dixisti,(tChristum
3201 3491 3390 3555 Deum
3424 3510 3557 3555 esse
3576 3511 3729 3555 con-

2072 3581 2265 3644 fessus
2282 3581 2491 3662 es,diis
2515 3580 2783 3643 sacriﬁca
2801 3582 3142 3663 priusquam
3159 3588 3450 3644 tormenta
3465 3580 3728 3662 patiaris.

2070 3671 2162 3734 Ad
2193 3672 2320 3733 haec
2344 3670 2656 3751 reSpondit
2689 3670 2773 3732 vir
2794 3672 2894 3733 ille
2916 3688 2985 3732 sa
3000 3678 3176 3733 nctus
3197 3692 3212 3733 :
3237 3670 3357 3748 Dii,
3390 3676 3493 3752 qui
3513 3672 3730 3735 ctelum

2071 3768 2133 3823 et
2159 3769 2375 3822 terram
2403 3779 2524 3822 non
2550 3761 2848 3837 iecerunt,
2874 3760 3243 3841 dispereant.
3267 3759 3389 3840 Ego
3411 3762 3573 3822 enim
3590 3778 3726 3822 cum

2070 3850 2263 3912 adhuc
2297 3869 2445 3930 puer
2474 3869 2692 3925 essem,
2728 3850 2913 3911 didici
2946 3849 3304 3912 sacriﬁcium
3348 3850 3730 3912 incruentum

2071 3939 2192 4003 Deo
2225 3939 2438 4005 viventi
2473 3940 2712 4021 oti'erre,
2749 3959 2928 4022 quem
2962 3948 3021 4002 et
3066 3958 3212 4020 puro
3258 3939 3442 4002 corde
3495 3936 3724 4003 adoro:

2071 4038 2202 4091 tuos
2231 4048 2373 4091 vero
2403 4029 2772 4091 adulterinos
2802 4029 2948 4091 istos
2979 4029 3151 4104 deos,
3194 4036 3253 4091 et
3279 4035 3492 4092 inanes
3523 4047 3593 4092 ac
3623 4048 3730 4094 va-

2071 4138 2185 4182 nos
2216 4119 2543 4192 daemones,
2573 4138 2722 4199 quos
2749 4126 2809 4178 tu
2832 4118 3006 4192 dicis,
3050 4137 3167 4179 non
3188 4118 3394 4182 adoro.
3424 4119 3573 4181 Tum
3595 4120 3729 4182 Ma-

2070 4209 2265 4271 ximus
2293 4232 2306 4274 :
2339 4208 2524 4272 Video
2547 4217 2626 4284 te,
2652 4208 2865 4289 inquit,
2890 4215 3060 4271 aetate
3086 4210 3417 4282 florentem,
3453 4209 3722 4288 pruden-

2073 4300 2154 4361 tia
2185 4308 2244 4362 et
2275 4298 2615 4361 eruditione
2642 4300 2891 4360 multum
2923 4299 3142 4374 valere,
3169 4307 3228 4360 et
3254 4298 3721 4361 medicinmartis

2074 4391 2383 4454 honestam
2408 4390 2482 4452 ad
2503 4389 2783 4453 decoram
2807 4388 3146 4451 facultatem
3159 4387 3486 4470 possidere:
3503 4406 3720 4466 quam-

2074 4480 2278 4543 obrem
2312 4482 2502 4543 habeo
2534 4480 2824 4542 rationem
2873 4481 2982 4557 tui,
3022 4480 3268 4559 perinde
3323 4498 3391 4542 ac
3457 4480 3507 4542 si
3556 4498 3720 4543 esses

2072 4571 2231 4634 ﬁlius
2255 4590 2425 4633 meus
2473 4575 2602 4651 Age
2622 4571 2799 4651 igitur
2822 4570 2987 4633 dicas
3008 4570 3367 4653 nobis,quod
3389 4578 3479 4633 est
3500 4589 3720 4633 nomen

2073 4670 2264 4736 tuum,
2301 4668 2360 4723 et
2388 4662 2720 4741 qualisnam
2756 4660 2831 4721 sit
2873 4661 3067 4722 cultus
3113 4669 3423 4739 parentum
3458 4668 3715 4724 tuorum.

2067 4751 2220 4815 Tum
2247 4752 2375 4828 ille;
2399 4752 2461 4814 Si
2492 4752 2661 4833 cupis
2675 4753 2832 4815 scire
2855 4769 3078 4814 nomen
3100 4770 3322 4825 meum,
3342 4750 3518 4813 velim
3537 4750 3716 4821 scias.

2066 4841 2225 4919 apud
2262 4843 2447 4904 Deum
2480 4841 2675 4921 ipsum
2730 4840 2903 4902 valde
2949 4840 3304 4902 honoratum
3363 4838 3506 4902 illud
3559 4857 3718 4903 esse.

2066 4929 2334 5011 Namque
2364 4940 2641 5012 parentes
2664 4929 2805 5010 mei,
2839 4948 2873 4990 a
2901 4929 3143 5011 quibus,
3177 4928 3335 5011 quod
3365 4933 3438 4990 ad
3476 4946 3720 4992 carnem

2070 5021 2348 5102 pertinet,
2379 5027 2625 5099 genitus
2660 5021 2769 5101 fui,
2802 5018 3074 5083 Orestem
3110 5037 3203 5080 me
3236 5020 3721 5094 nominarunt,ut

2064 5111 2289 5173 scilicet
2322 5112 2621 5190 placerem
2655 5109 2778 5171 Deo
2811 5116 2868 5170 et
2912 5107 3260 5171 hominibus
3308 5126 3421 5189 per
3478 5107 3720 5172 Domini

2064 5204 2178 5262 mei
2207 5202 2350 5263 Jesu
2375 5202 2597 5261 Christi
2629 5200 3163 5274 confessionem,et
3195 5196 3718 5281 morborum,qui-

2062 5289 2171 5351 bus
2203 5292 2463 5353 humana
2493 5308 2745 5369 corpora
2774 5300 3080 5363 vexantur,
3114 5288 3509 5351 curationem.

2142 5381 2242 5446 ιν.
2281 5383 2365 5445 Ad
2416 5384 2542 5444 haec
2589 5381 2914 5444 Maximus:
2960 5380 3351 5453 Stultissime,
3409 5380 3624 5461 inquit,
3659 5389 3719 5445 et

2063 5472 2401 5534 miserrimo
2433 5475 2630 5546 homo,
2658 5491 2767 5535 cur
2797 5472 3062 5549 loqueris
3084 5472 3170 5533 sic
3197 5471 3574 5551 petulanter?
3594 5471 3716 5533 Cur

2059 5566 2311 5642 teipsum
2345 5563 2598 5643 decipis,
2631 5581 2767 5624 cum
2803 5580 2984 5622 unum
3031 5560 3219 5643 Deum
3251 5560 3620 5632 conﬁtearis,
3653 5566 3715 5620 et

2061 5640 2390 5734 Christum,
2422 5640 2599 5733 quem
2626 5652 2838 5733 Judaei,
2870 5661 2934 5713 ut
2966 5640 3257 5713 nefarium
3286 5659 3349 5713 et
3380 5647 3709 5734 maleﬁcum

2059 5729 2385 5808 hominem
2430 5729 2907 5807 cruciﬁxerunt?
2957 5739 3285 5829 Respondit
3327 5737 3613 5805 Orestes:
3647 5729 3709 5803 Si
