4158 6426
437 362 559 441 123

1755 366 1917 431 ΜΕΝ
1924 358 2041 428 SIS
2080 361 2525 432 NOVEMBER.

3708 356 3820 434 124

444 546 719 612 magnam
774 529 924 608 ejus,
988 526 1087 611 qui
1117 524 1436 592 cruciﬁxus
1464 525 1594 590 fuit.
1632 524 1951 605 potentiam
1997 533 2087 585 co‘

2177 502 2322 583 ᾔδεις
2372 507 2472 577 τὴν
2528 504 2748 584 δύναμιν
2803 505 2896 565 τοῦ
2944 502 3363 588 στσωρωθέντος,
3422 503 3705 573 κατιλιπες
3759 502 3826 563 ἄν

443 640 786 703 gnosceres,
804 622 1075 684 inanium
1100 620 1393 684 idolorum
1416 637 1680 680 errorem
1703 616 2088 695 derelinque-

440 732 565 788 res,
601 722 659 777 et
688 714 855 775 illum
889 713 1202 782 adorares,
1237 711 1337 789 qui
1372 730 1507 774 vere
1538 710 1696 772 Deus
1727 716 1839 789 est,
1872 727 1943 769 ex
1969 707 2089 768 Deo

441 823 603 886 vero,
640 804 740 882 qui
773 804 1075 884 corporeis
1107 803 1299 865 oculis
1328 822 1446 863 non
1480 801 1768 873 cernitur,
1803 805 2087 861 genitus:

444 893 545 974 qui
577 902 633 956 et
662 895 792 975 ipse
850 902 913 957 ut
943 893 1121 968 Deus,
1158 912 1447 971 corporeo
1476 893 1602 953 visu
1649 909 1766 951 non
1813 907 2090 966 compre-

443 984 748 1048 henditur.
783 982 895 1046 Hic
923 992 1133 1062 sponte
1182 983 1440 1044 divinam
1496 989 1767 1041 naturam
1802 999 1934 1042 cum
1967 979 2088 1041 hu-

446 1092 621 1136 mana
649 1073 1436 1153 conjunxitetapericuloso
1461 1071 1680 1133 diaboli
1707 1088 1949 1132 carcere
1980 1088 2089 1131 nos

444 1163 734 1227 liberavit.
770 1164 861 1226 Ad
895 1163 1021 1224 hazc
1052 1164 1374 1226 Maximus:
1403 1162 1620 1231 Multis,
1654 1159 2089 1242 inquit,verbis

443 1262 500 1316 et
532 1252 777 1315 fallaciis
808 1271 990 1314 aures
1024 1272 1186 1314 meas
1218 1253 1516 1314 obtundis.
1556 1252 1726 1332 quasi
1768 1251 1943 1311 velim
1977 1269 2086 1330 ego

443 1343 588 1404 deos
612 1361 776 1403 meos
796 1341 1232 1421 relinquere,et
1252 1343 1430 1403 istum
1452 1351 1706 1403 vestrum
1728 1341 2085 1403 Cruciﬁxum

442 1432 714 1494 adorare.
750 1433 870 1510 Age
901 1433 1078 1511 igitur
1123 1442 1179 1493 et
1230 1442 1289 1494 tu
1343 1431 1458 1492 diis
1516 1433 1733 1493 nostris
1794 1431 2086 1504 sacrifica,

440 1522 702 1585 futurum
727 1524 928 1586 sciens
950 1523 1091 1596 ut,si
1122 1525 1234 1585 hoc
1254 1523 1571 1595 feceris,ad
1607 1522 1871 1585 dextram
1894 1539 2085 1581 meam

444 1614 678 1677 sedeas.
713 1613 799 1674 Ad
828 1612 1073 1675 Orestes
1120 1612 1303 1676 dixit:
1339 1614 1459 1691 Ego
1514 1621 1806 1673 zeternum
1870 1610 2082 1692 Deum,

426 1721 684 1783 semper
714 1703 859 1764 mihi
893 1702 1392 1779 benefacientem,
1429 1711 1487 1763 et
1537 1701 1852 1763 Dominum
1888 1718 2085 1761 meum

442 1793 644 1857 Iesum
687 1790 985 1855 Christum
1015 1793 1219 1863 adoro,
1253 1794 1429 1874 eique
1476 1792 1696 1863 servio,
1750 1791 2083 1852 daemonum

441 1890 637 1944 autem
675 1882 919 1943 istorum
962 1883 1258 1960 particeps
1288 1902 1592 1955 nunquam
1625 1884 1815 1944 luero.

522 1974 594 2031 V.
630 1970 782 2034 Tum
817 1974 1145 2035 Maximus:
1181 1972 1387 2035 Adduc
1415 1981 1471 2034 te
1504 1973 1668 2033 illum
1695 1971 1765 2031 ad
1801 1969 2089 2050 templum

443 2061 715 2123 deorum.
744 2059 1055 2141 Templum
1081 2072 1302 2133 autem,
1330 2062 1485 2143 quod
1512 2061 1768 2135 dicebat,
1796 2069 1921 2121 erat
1944 2077 2088 2119 auro

442 2157 501 2211 et
530 2157 772 2229 argento
804 2150 1125 2225 excultum,
1162 2158 1334 2231 atque
1397 2152 1576 2213 idolis
1628 2150 1940 2213 refertum.
1997 2146 2089 2209 Ad

442 2242 716 2302 Orestem
745 2259 882 2302 vero
928 2259 1286 2304 conversus:
1342 2240 1643 2308 Sacrilica,
1702 2239 1916 2320 inquit,
1974 2237 2089 2297 diis

441 2328 608 2410 ipsis,
642 2330 876 2394 Oreste.
910 2329 1239 2407 Respondit
1272 2331 1371 2392 ille
1399 2354 1412 2390 :
1473 2333 1653 2394 Erras
1704 2346 2086 2405 magnopere,

444 2437 583 2481 cum
618 2421 872 2496 nescias,
908 2421 1045 2502 quid
1082 2421 1186 2482 tibi
1222 2422 1496 2499 expediat
1529 2441 1543 2484 :
1578 2421 1675 2482 isti
1708 2421 1865 2483 enim
1897 2419 1979 2479 dii
2008 2416 2087 2477 tui

445 2527 515 2571 ex
545 2528 685 2582 tere,
721 2511 901 2583 ferro,
930 2529 1071 2572 auro
1095 2521 1151 2572 et
1176 2520 1419 2590 argento
1450 2512 1698 2572 confecti
1720 2517 1859 2571 sunt
1883 2509 1950 2572 ad
1977 2508 2087 2569 de-

443 2597 754 2679 cipiendos
774 2600 1083 2675 homines;
1116 2620 1250 2662 nam
1288 2619 1481 2681 neque
1511 2600 1784 2671 audiunt,
1815 2617 1948 2661 cum
1974 2599 2092 2659 sint

444 2706 627 2768 opera
676 2688 944 2767 quaedam
1007 2691 1362 2766 manufacta,
1423 2708 1617 2771 neque
1675 2689 1919 2749 omnino
1976 2685 2088 2749 sibi

444 2796 618 2858 opem
652 2779 864 2840 afferre
898 2788 1164 2854 possunt,
1186 2781 1410 2842 nullam
1435 2780 1694 2860 denique
1717 2777 1958 2859 gratiam
1985 2796 2084 2838 το·-

441 2866 602 2930 ferre
631 2869 843 2930 sciunt.
874 2867 1024 2930 Tum
1051 2869 1377 2932 Maximus:
1424 2870 1841 2939 Sacrillcasne,
1868 2867 2083 2948 inquit,

441 2956 622 3034 scire,
657 2971 754 3018 aut
810 2957 1081 3020 membra
1125 2968 1226 3021 tua
1283 2959 1601 3037 disceptari
1653 2958 1904 3038 jubebo.
1964 2956 2083 3018 Be-

442 3046 684 3125 spondit
741 3045 1024 3111 Orestes:
1088 3051 1343 3110 Putasne
1400 3049 1531 3110 istis
1588 3049 1707 3112 tuis
1760 3047 1957 3109 verbis
1990 3063 2085 3107 me

442 3137 932 3217 perterrefactum
966 3139 1084 3203 iri?
1116 3140 1362 3200 Minime
1393 3140 1507 3200 hoc
1538 3139 1801 3199 futurum
1836 3155 2079 3217 speres:

2175 598 2274 665 τὴν
2332 600 2560 674 ματαίαν
2603 599 2813 665 πλάνην
2871 604 2978 655 τῶν
3034 596 3288 678 εἰδώλων,
3321 597 3411 654 καὶ
3443 596 3601 655 αύτὸν
3651 615 3826 674 προσ·-

2176 688 2401 760 εκύνεις,
2436 691 2528 746 τὸν
2576 689 2742 755 ὄντως
2791 687 2919 745 ὅντα
2974 690 3106 747 θεὸν
3136 688 3196 746 ἂι
3248 694 3380 745 Θεοῦ
3431 686 3703 761 ἀληθινοῦ,
3735 684 3829 742 καὶ

2174 775 2398 855 ἀόρατον
2455 778 2507 845 ἐξ
2564 778 2812 860 ἀοράτου,
2866 780 2925 844 ὃς
2980 784 3049 856 τῇ
3104 777 3204 851 ἰδίᾳ
3249 777 3416 854 βουλῇ
3470 780 3526 833 ἓν
3584 780 3654 853 τῇ
3698 776 3827 832 θεό-

2172 888 2296 933 τητι
2381 872 2542 929 αὖτοῦ
2616 871 2716 938 τὴν
2801 869 3137 948 ἀνθρωπίνην
3205 869 3358 948 φύσιν
3427 865 3650 938 iubeas,
3722 869 3829 931 τῆς

2172 957 2380 1025 πλάνης
2456 962 2600 1034 ἡμᾶς
2670 958 2997 1035 ἠλευθέρωσε
3077 964 3168 1016 τοῦ
3244 954 3518 1018 διαϐόλου.
3579 952 3827 1022 Μάξιμος

2170 1048 2390 1124 ἡγεμὼν
2434 1046 2601 1128 λέγει·
2659 1048 2892 1113 Πολλοῖς
2934 1049 3136 1127 ῥήμασι
3195 1049 3282 1104 καὶ
3333 1045 3638 1113 ἀπατηλοῖς
3665 1065 3829 1122 περι·

2171 1137 2384 1206 αντλεϊς
2455 1163 2557 1216 μου
2613 1141 2704 1202 τὰς
2766 1140 2952 1212 ἀκοὰς,
3011 1141 3150 1196 ὣστε
3209 1136 3415 1195 οἴεσθαί
3465 1157 3525 1192 σε
3582 1134 3831 1195 δύνασθαι

2171 1230 2366 1287 πείθειν
2422 1253 2489 1305 με
2523 1229 2844 1287 καταλιπεῖν
2906 1231 3028 1293 τοὺς
3084 1229 3232 1294 θεοὺς
3290 1228 3379 1284 καὶ
3438 1224 3678 1285 σέϐεσθαι
3733 1225 3828 1282 τὸν

2171 1321 2589 1401 ἐσταυρωμένον·
2653 1321 2784 1398 ὅπερ
2814 1321 2875 1377 ού
2916 1326 3078 1399 ποιῶ,
3112 1319 3251 1376 ἀλλὰ
3297 1317 3503 1395 μᾶλλον
3547 1316 3609 1373 σὺ
3652 1336 3832 1393 προσ-

2172 1410 2336 1467 ελθὼν
2393 1415 2547 1469 θῦσον
2591 1424 2709 1473 τοῖς
2752 1415 2922 1490 θεοῖς,
2969 1410 3119 1474 εἰδὼς
3159 1408 3267 1483 ὅτι,
3314 1418 3469 1468 τοῦτο
3520 1408 3611 1464 ἐὰν
3652 1403 3828 1472 ποιῆ-

2172 1502 2296 1575 σής,
2351 1502 2437 1557 ἐπὶ
2493 1507 2592 1568 τῆς
2663 1500 2956 1578 ἡγεμονίας
3027 1523 3132 1574 μου
3200 1497 3367 1563 δεξιὸς
3437 1498 3691 1559 καθίσεις.
3760 1493 3831 1553 ³0

2170 1592 2324 1665 ἅγιος
2386 1589 2634 1658 Ὀρέστης
2694 1604 2868 1647 stt-nev
2943 1588 3086 1669 Ἐγὼ
3149 1592 3237 1646 τὸν
3295 1589 3375 1644 ἀεὶ
3445 1586 3542 1643 καί
3600 1586 3832 1642 πάντοτε

2172 1681 2455 1758 εὐεργέτην
2511 1682 2640 1738 Beda
2689 1682 2779 1737 τὸν
2833 1680 3017 1757 Κύριόν
3049 1702 3150 1755 μου
3200 1677 3408 1745 Ἰησοῦν
3458 1677 3682 1754 Χριστὸν
3729 1673 3833 1731 σέ·-

2170 1769 2353 1844 ϐομαι,
2451 1774 2539 1827 καὶ
2619 1770 2762 1845 αύτῷ
2843 1772 2992 1845 μόνσρ
3074 1766 3325 1844 δουλεύω,
3414 1765 3698 1842 δαιμονίων
3768 1761 3834 1820 δὲ

2110 1880 2149 1931 Β
2172 1860 2404 1940 μέτοχος
2436 1862 2522 1918 καὶ
2553 1862 2751 1927 λάτρης
2784 1860 2876 1917 οὒκ
2902 1858 2963 1914 ἂν
2995 1860 3234 1937 γένωμαι
3264 1879 3417 1917 ποτε.

2257 1949 2333 2012 Ε’,
2402 1950 2636 2025 Μάξιμος
2693 1950 2913 2026 ἡγεμὼν
2970 1952 3146 2006 εἶπεν·
3226 1948 3598 2026 Προσαγάγιτε
3664 1945 3827 2003 αὐτόν

2171 2040 2243 2102 εἷς
2278 2042 2367 2096 τὸν
2421 2043 2544 2097 ναὸν
2577 2044 2683 2097 τῶν
2712 2043 2870 2102 θεῶν,
2924 2038 2987 2098 Ὀ
3038 2036 3089 2093 δὲ
3139 2040 3262 2098 ναὸς
3293 2037 3359 2105 ἦν
3417 2033 3833 2110 κεκοσμημένος

2170 2137 2357 2207 χρυσῶ
2415 2132 2501 2187 καὶ
2568 2131 2775 2208 ἀργύρῳ
2826 2131 2913 2186 καί
2984 2126 3231 2202 εὶδώμοις
3303 2124 3555 2188 πολλοῖς.
3615 2124 3718 2183 Τοῦ
3770 2121 3836 2185 δὲ

2172 2219 2435 2291 ἐλθόντος,
2496 2219 2638 2297 λέγει
2694 2220 2826 2295 πρὸς
2886 2220 3044 2277 αὐτὸν
3106 2221 3133 2275 6
3187 2218 3428 2295 ἡγεμών·
3469 2223 3636 2274 Θῦσον
3704 2227 3835 2280 τοῖς

2170 2311 2345 2384 θεοῖς,
2383 2310 2627 2390 Ὀρέστα,
2662 2310 2752 2365 ἵνα
2782 2308 2927 2366 ’ίλεοί
2974 2330 3068 2365 σου
3101 2309 3463 2383 γενήσωνται.
3499 2304 3559 2363 Ὀ
3589 2303 3644 2361 δὲ
3674 2302 3834 2382 ἅγιος

2174 2404 2347 2457 εἶπεν·
2401 2400 2696 2468 Πλανᾶσαι,
2757 2399 2999 2476 ἡγεμὼν,
3053 2398 3131 2472 μὴ
3202 2395 3352 2460 εἰδὼς
3415 2396 3477 2452 τὸ
3534 2394 3830 2476 συμφέρον*

2173 2494 2313 2548 οὗτοι
2392 2493 2491 2569 γὰρ
2551 2488 2757 2569 χαλκὸς
2836 2493 2923 2545 καὶ
2981 2485 3193 2567 σίδηρος
3251 2489 3375 2558 εἶσι,
3426 2484 3831 2560 κεκοσμημένοι

2180 2585 2362 2661 χρυσῴ
2419 2583 2507 2638 καὶ
2537 2580 2745 2659 ἀργύρῳ
2800 2581 2931 2655 πρὸς
2989 2579 3050 2634 τὸ
3109 2575 3402 2634 πλανᾶσθαι
3442 2576 3562 2639 τοὺς
3615 2574 3831 2654 ἀνθρώ-

2173 2689 2325 2736 πους⁰
2388 2671 2507 2727 οὔτε
2559 2671 2661 2747 γὰρ
2721 2666 3030 2747 βλέπουσιν,
3090 2666 3208 2723 οὔτε
3266 2665 3563 2728 ἀκούωσιν.
3636 2663 3833 2743 ’Ἔργα

2172 2769 2372 2844 χειρῶν
2431 2760 2721 2838 ἀνθρώπιον
2777 2758 3134 2837 ὑπάρχοντες,
3169 2753 3285 2815 οὐδὲ
3340 2756 3555 2814 ἑαυτοῖς
3611 2755 3831 2832 βοηθῆ-

2171 2875 2257 2909 σαι
2325 2850 2565 2908 δύνανται
2637 2850 2717 2905 τὸ
2787 2846 3031 2921 σύνολον,
3093 2846 3209 2904 οὒδὲ
3281 2845 3606 2922 ἀμείψασθαι
3699 2845 3828 2910 τοὺς

2168 2939 2548 3015 ἆπειϐομένους
2607 2938 2815 2999 αὐτοῖς.
2852 2936 3091 3011 Μάξιμος
3137 2936 3360 3013 ἡγεμὼν
3404 2935 3587 2992 εἶπεν·
3642 2935 3822 3015 Θύεις,

2167 3033 2203 3101 ἢ
2262 3033 2499 3103 ἅπτομαι
2536 3036 2636 3086 τῶν
2691 3027 2871 3102 μελῶν
2916 3049 3011 3085 σου
3039 3030 3114 3090 εἱς
3174 3024 3502 3105 ἀφανισμόν.
3549 3022 3609 3085 Ὀ
3667 3024 3825 3103 ἅγιος

2169 3123 2426 3200 Ὀρέστης
2478 3121 2656 3177 εἶπεν⁶
2690 3118 2926 3181 ’Ἔοικας
2957 3114 3208 3197 ἔκφοϐεῖν
3259 3137 3327 3192 με
3368 3127 3492 3179 ταῖς
3540 3113 3825 3181 ἀπειλαῖς.

440 3204 544 3287 sed
574 3228 1012 3307 quamprimum
1038 3228 1149 3304 fac,
1170 3229 1460 3308 quidquid
1490 3229 1569 3288 vis
1596 3247 1610 3302 ;
1638 3204 2078 3302 ignoras-enim,

2173 3214 2259 3280 Μὴ
2319 3214 2409 3269 οὖν
2469 3208 2770 3267 ἀναϐάλλοῠ
2838 3214 2995 3263 τοῦτο
3071 3219 3274 3277 num,
3338 3204 3475 3263 ἀλλὰ
3546 3204 3827 3281 σῦντόμως

440 3333 615 3393 quem
654 3326 1009 3395 praesentem
1027 3318 1239 3378 etmiht
1260 3320 1644 3395 opitulantem
1670 3316 1858 3378 habeo
1884 3315 2085 3377 Domi-

440 3423 581 3467 num
613 3407 815 3468 Iesum
851 3408 1171 3468 Christum.
1206 3406 1370 3469 Tunc
1398 3410 1479 3468 ait
1509 3406 1834 3470 Maximus:
1869 3406 2082 3468 Homi-

441 3512 577 3556 nem
612 3496 787 3559 istum
819 3497 999 3573 virgis
1028 3497 1261 3567 caedite,
1319 3516 1580 3575 eumque
1632 3496 1971 3572 admonete,
2010 3517 2084 3559 ne

443 3584 650 3664 pergat
672 3586 927 3666 amplius
954 3586 1239 3647 insanire.
1269 3584 1374 3647 Ille
1399 3595 1595 3646 autem
1629 3605 1762 3647 cum
1796 3586 2079 3649 verbera-

442 3683 630 3749 retur,
667 3675 837 3738 elatis
869 3676 928 3737 in
988 3675 1204 3738 ccelum
1269 3675 1563 3749 manibus,
1623 3675 1744 3739 ait:
1803 3678 2079 3757 Respice,

441 3762 604 3825 Deus
636 3783 829 3838 meus,
866 3784 896 3824 e
924 3765 1095 3837 cmlo,
1132 3773 1192 3826 et
1224 3765 1515 3845 opitulare
1541 3784 1712 3827 servo
1746 3774 1841 3827 tuo
1899 3769 2085 3829 .lussit

441 3870 581 3915 vero
613 3872 831 3935 praises
861 3855 1023 3915 illum
1051 3854 1253 3915 tandiu
1273 3855 1601 3928 verberari,
1638 3856 1828 3935 quoad
1866 3857 2085 3919 milites

443 3944 827 4022 ipsivicissim
844 3945 1252 4025 quadragenas
1275 3945 1696 4026 plagassiuguli
1721 3946 2083 4028 inﬂigerent,

445 4035 526 4096 ita
556 4043 618 4094 ut
654 4034 845 4115 funes,
878 4037 1028 4107 lora,
1072 4044 1129 4097 et
1182 4037 1349 4097 nervi
1396 4045 1914 4099 consumerentur.
1956 4036 2087 4102 Mox

445 4124 855 4187 vehementius
885 4142 1020 4187 eum
1056 4127 1199 4187 caedi
1227 4126 1423 4206 jussit,
1458 4127 1628 4188 sicut
1653 4127 1782 4205 ejus
1811 4127 2088 4189 intestina

435 4223 695 4279 extracta
725 4217 863 4290 sint,
904 4223 964 4280 et
995 4223 1161 4278 tanta
1192 4216 1296 4278 viri
1338 4216 1651 4279 tolerantia
1681 4216 1961 4279 omnibus
1991 4217 2088 4278 ad-

438 4306 816 4369 mirationem
850 4306 1136 4368 attulerit.

2165 3311 2362 3380 πρᾶττε
2417 3304 2446 3359 ὃ
2502 3298 2705 3377 βούλει·
2765 3298 2980 3375 ἀγνοεῖς
3046 3296 3147 3375 γὰρ
3203 3297 3295 3352 τὸν
3337 3298 3678 3374 παρεστῶτα,
3733 3295 3833 3352 καὶ

2166 3391 2691 3467 ἀντιλαμϐανόμενον
2801 3410 2906 3461 μου
2993 3386 3183 3464 Κύριον
3280 3383 3486 3451 Ἰησοῦν
3572 3383 3826 3463 Χριστόι.

2169 3482 2404 3559 Μάξιμος
2485 3481 2704 3559 ἡγεμὼν
2761 3478 2943 3534 εἶπεν*
3026 3485 3153 3540 Τοῖς
3210 3472 3427 3554 ῥάϐδοις
3501 3475 3661 3535 αὐτὸν
3724 3474 3828 3531 τύ-

2167 3579 2329 3649 ψατε,
2391 3570 2641 3649 λέγοντες
2718 3566 2881 3639 αὐτῷ’
2960 3565 3047 3633 Μὴ
3119 3564 3342 3640 μώριζε.
3418 3560 3823 3638 Ῥαόδιζόμενος

2167 3663 2220 3720 δὲ
2269 3666 2296 3719 6
2325 3662 2474 3739 ἅγιος
2524 3655 2779 3737 ἒπιπολὺ,
2812 3653 3064 3720 ἆπλώσας
3110 3655 3202 3713 τὰς
3233 3665 3429 3732 χεῖρας
3484 3654 3555 3718 εἷς
3592 3655 3684 3709 τὸν
3723 3653 3825 3710 οὗ..

2167 3755 2322 3831 ρανὸν
2378 3755 2552 3808 εἷπενο
2621 3747 2774 3825 Κύριε
2833 3747 2860 3802 6
2931 3744 3060 3806 Θεός
3111 3765 3240 3831 μου,
3291 3740 3437 3799 ἔπιδε
3496 3741 3548 3807 ιε
3605 3741 3832 3831 ούρανοῦ

2167 3830 2255 3899 καὶ
2286 3840 2551 3919 βοήθησον
2605 3844 2683 3911 τῷ
2713 3834 2883 3909 δούλῳ
2936 3856 3051 3893 σου.
3086 3832 3146 3891 Ὀ
3197 3830 3252 3887 δὲ
3281 3832 3500 3910 ἡγεμὼν
3548 3830 3829 3919 ἐκέλευσεν

2168 3918 2324 3990 asta»
2383 3929 2663 3988 ἐπιπλεῖον
2722 3923 3070 4004 ῥαϐδίζεσθαι,
3118 3924 3206 3978 ἐπὶ
3276 3924 3547 4000 τοσοῦτον,
3606 3918 3706 3983 ἕως
3764 3920 3831 3978 οὗ

2166 4024 2483 4099 ἠλλάγησαν
2558 4016 2947 4093 τεσσαράκοντα
3003 4012 3353 4089 κεντυρίονες,
3410 4010 3550 4067 ὥστε
3615 4012 3704 4067 καὶ
3760 4009 3826 4067 τᾶ

2169 4114 2382 4194 σχοινία
2431 4109 2525 4165 καί
2574 4107 2694 4169 τοὺς
2751 4103 2977 4181 λώρους,
3011 4104 3100 4158 καὶ
3142 4103 3207 4159 τὰ
3259 4111 3412 4179 νεῦρα
3466 4098 3827 4166 συντελεσθῆ-

2338 4204 2435 4260 Καὶ
2465 4201 2543 4273 μὴ
2601 4195 2873 4273 ἀρκεσθεὶς
2927 4192 2982 4248 ἐν
3013 4198 3218 4254 τοῦτοις
3270 4190 3635 4269 δπαράνομος
3687 4190 3828 4267 ἥγε-

2169 4298 2310 4371 μὼν,
2369 4289 2531 4348 πάλιν
2584 4284 2829 4343 ἐκέλευσε
2881 4283 3165 4340 τύπτεσθαι
3231 4280 3391 4338 αὖτὸν
3449 4278 3824 4361 σφοδρότερον,

439 4399 576 4456 ὥστε
647 4399 733 4454 καὶ
804 4399 871 4454 τὰ
926 4395 1071 4454 ἔνδον
1132 4403 1240 4453 τῶν
1312 4396 1642 4478 σπλάγχνων
1715 4398 1872 4456 αὒτοῦ
1929 4399 2360 4464 ἀποσπασθῆναι,
2435 4389 2523 4446 καὶ
2590 4384 2875 4460 θαυμάζειν
2945 4382 3147 4446 πάντας
3213 4383 3315 4449 τὴν
3386 4380 3659 4458 καρτερίαν
3730 4387 3832 4438 τοῦ

437 4486 620 4555 ἀνδρός
630 4535 642 4546 .

522 4577 666 4640 Cum
699 4576 877 4655 igitur
907 4576 984 4638 ita
1014 4574 1357 4637 verberatus
1390 4576 1621 4649 fuisset,
1660 4576 1936 4638 Sacriﬁco
1969 4576 2081 4637 diis

2243 4573 2307 4648 ς’
2310 4570 2324 4627 .'
2332 4620 2347 4635 .
2402 4570 2547 4628 Μετὰ
2576 4566 2630 4622 δὲ
2686 4568 2748 4622 τὸ
2777 4566 2970 4625 iotach
3014 4560 3353 4641 ῥαϐδισθῆναι
3414 4559 3635 4655 αύτὸνίι
3684 4559 3831 4636 ἡγε-

442 4666 609 4746 ipsis,
643 4666 833 4747 inquit
861 4685 1105 4746 praeses,
1138 4675 1196 4727 et
1225 4666 1517 4730 dimittam
1551 4676 1630 4729 te.
1667 4666 1913 4729 Orestes
1950 4685 2090 4728 vero

441 4756 591 4818 nihil
616 4757 945 4837 respondit.
975 4756 1177 4837 Itaque
1196 4756 1380 4817 iratus
1407 4775 1651 4837 prmses,
1673 4758 1853 4837 jussit
1875 4755 2094 4817 obelis-

443 4866 545 4909 cos
576 4847 793 4927 ignitos
826 4846 981 4927 fieri,
1016 4855 1074 4908 et
1094 4847 1165 4907 ad
1197 4847 1329 4926 ejus
1363 4856 1528 4927 terga
1559 4847 1757 4907 statim
1791 4845 2088 4919 adhiberi,

441 4944 503 5000 ut
532 4956 601 4999 ea
633 4945 888 5019 primum
923 4936 1446 5009 comburerentur,
1481 4936 1704 4998 deinde
1734 4944 1898 4997 aceto
1934 4954 2086 4997 acer-

441 5027 687 5090 bissimo
720 5036 777 5088 et
809 5027 993 5089 multo
1026 5027 1148 5088 sale
1180 5044 1500 5105 conspersa
1537 5034 1896 5087 tererentur.
1921 5024 2092 5087 Tunc

442 5125 666 5198 martyr
693 5116 793 5177 ille.
825 5116 1232 5196 beatissimus,
1263 5116 1481 5178 erectis
1514 5116 1583 5176 ad
1630 5115 1845 5177 caelum
1878 5114 2088 5189 oculis,

441 5208 560 5271 ait:
598 5207 779 5274 Deus.
815 5207 914 5287 qui
949 5204 1385 5268 Sodomitarum
1422 5204 1603 5267 urbes
1632 5205 1767 5284 igne
1811 5222 2093 5266 consum-

444 5297 630 5377 psisti,
667 5305 725 5358 et
751 5294 1021 5357 Ninivem
1085 5313 1194 5372 per
1245 5295 1482 5376 pcenite;
1516 5295 1654 5357 tiam
1717 5311 2089 5367 conversam,

443 5386 784 5468 tuajvirtute
813 5385 882 5447 ad
911 5385 1204 5464 justitiam
1232 5382 2088 5466 traduxisti,da,quzeso,mihi,

446 5476 794 5557 Domine,ut
815 5476 1049 5554 signum
1082 5474 1319 5554 aliquod
1347 5483 1507 5536 tuum
1527 5476 1583 5535 in
1606 5481 1929 5554 conspectu
1959 5489 2095 5533 meo

442 5562 702 5627 videam.
736 5562 853 5626 Fac
886 5582 1119 5626 mecum
1152 5567 1382 5643 signum
1419 5568 1473 5624 in
1509 5563 1827 5635 bonum,ut
1859 5562 2098 5623 videant

443 5653 549 5734 qui
575 5652 835 5717 oderunt
863 5672 980 5736 me,
1006 5662 1067 5717 et
1096 5654 1564 5717 confundantur.
1600 5653 1706 5716 His
1736 5652 1934 5727 dictis,
1975 5649 2096 5712 suf-

443 5743 607 5813 ῆινῑι
631 5741 692 5809 in
720 5743 1037 5811 simulacra
1063 5742 1189 5828 illa,
1217 5750 1277 5810 ot
1307 5744 1508 5810 statim
1541 5743 1904 5809 comminuta
1932 5746 2094 5823 sunt,

2177 4646 2292 4736 μὼν
2344 4660 2486 4738 λέγει
2538 4659 2700 4731 αὒτιῖν
2761 4656 2927 4710 θὸσον
2971 4665 3092 4715 τοῖς
3148 4654 3322 4728 θεοῖς,
3357 4650 3446 4706 καὶ
3488 4646 3709 4705 ἀπολύω
3738 4668 3827 4708 σε.

2177 4753 2248 4817 Ὀ
2278 4751 2333 4807 δὲ
2381 4752 2531 4829 ἅγιος
2564 4746 2823 4822 Ὀρέστης
2874 4740 2983 4799 οὔδ’
3016 4740 3155 4804 ὅλως
3213 4739 3474 4829 ἀπεκρίθη
3501 4739 3669 4813 αύτῷ,
3717 4739 3832 4829 Td-

2175 4865 2233 4900 τε
2286 4825 2540 4915 θυμωθεὶς
2602 4841 2630 4895 6
2688 4835 2996 4913 παράνομος
3068 4830 3315 4910 ἡγεμὼν,
3373 4826 3646 4885 ἐκέλευσεν
3702 4825 3833 4884 ὀϐε-

2177 4931 2386 4994 λίσκους
2444 4931 2773 5006 πυρωθῆναι,
2810 4923 2908 4980 ut?
2960 4924 3055 4979 τὸν
3114 4925 3283 4976 νῶτον
3313 4917 3472 4975 αὒτοῦ
3526 4915 3830 4997 διααῆναι,

2175 5021 2269 5078 καί
2347 5020 2453 5085 ὅΞει
2521 5004 2829 5094 -δριμυτάτῳ
2895 5013 2984 5068 καὶ
3053 5009 3210 5066 ἅλατι
3282 5004 3577 5086 ἆνατρίϐειν
3646 5007 3832 5069 αὐτόν,

2179 5113 2276 5170 Καὶ
2333 5110 2519 5166 τούτου
2562 5103 2853 5184 γενομένου
2909 5101 3048 5176 μετὰ
3078 5097 3281 5158 πολλοῦ
3335 5099 3431 5155 τοῦ
3486 5096 3709 5175 τάχους,
3745 5096 3838 5154 καὶ

2175 5200 2268 5257 τοῖ’)
2322 5199 2472 5276 ἁγίου
2543 5196 2805 5273 μάρτυρος
2862 5191 3304 5269 ἐγκαρτεροῦντος
3374 5200 3497 5252 ταῖς
3554 5187 3831 5276 βασανοις,

2178 5275 2479 5363 ἀναϐλέψας
2536 5287 2610 5347 εἷς
2641 5285 2733 5339 τον
2790 5282 3011 5360 οὖρανὸν
3060 5281 3089 5335 6
3146 5277 3341 5341 δίκαιος
3375 5276 3552 5334 εἶπεν
3619 5275 3775 5352 Κύριε
3808 5277 3838 5332 6

2178 5380 2333 5449 Θεὸς,
2367 5361 2401 5435 6‘
2453 5378 2560 5432 τῶν
2611 5371 2919 5446 Σοδομιτῶν
2949 5391 3044 5433 τας
3103 5367 3287 5433 πόλεις
3337 5367 3459 5446 πυρὶ
3514 5361 3836 5421 καταναλώ-

2177 5490 2274 5530 σας
2334 5467 2429 5523 mi
2482 5464 2583 5532 τὴν
2642 5465 2831 5521 Νινευ³ι
2882 5459 3171 5519 δικαιὼσας
3220 5456 3302 5514 διὰ
3344 5455 3626 5529 μετανοίας
3657 5453 3712 5511 ἰν
3767 5460 3842 5531 τῇ

2178 5565 2248 5635 σῇ
2298 5554 2661 5638 φιλανθρωπίᾳ
2718 5553 2805 5609 καὶ
2862 5549 3108 5629 δυνάμει,
3168 5547 3257 5613 δός
3317 5570 3411 5623 μοι
3470 5545 3844 5638 τελείωςΔτδν

2178 5631 2363 5726 ἀγῶνα
2417 5631 2602 5703 τούτον
2672 5642 2988 5720 ὑπομεῖναι,
3060 5640 3153 5697 καὶ
3222 5638 3452 5706 ποίησον
3510 5632 3633 5713 μετ’
3704 5631 3843 5710 ἒμοῦ

2181 5750 2413 5819 σημεῖον
2470 5735 2543 5801 εἷς
2579 5732 2796 5818 ἅιγσιθόδ⁹
2851 5733 2938 5792 καὶ
2991 5728 3247 5806 ὶδίτῳσαν
3305 5729 3357 5804 οἱ,
3396 5731 3680 5807 μισοῦντες
3738 5744 3859 5809 με,
