  <div class='ocr_page' id='page_1' title='image "/cluster/home/n/w/nwhite01/storage/ocr_20150623/116:no.3/coo.31924054870203/072.png"; bbox 0 0 4158 6430; ppageno 0'>
   <div class='ocr_carea' id='block_1_1' title="bbox 313 339 425 422">
    <p class='ocr_par' dir='ltr' id='par_1_1' title="bbox 313 339 425 422">
     <span class='ocr_line' id='line_1_1' title="bbox 313 339 425 422; baseline 0.009 -1"><span class='ocrx_word' id='word_1_1' title='bbox 313 339 425 422; x_wconf 59' lang='lat' dir='ltr'><strong><em>HQ</em></strong></span> 
     </span>
    </p>
   </div>
   <div class='ocr_carea' id='block_1_2' title="bbox 1252 335 2731 417">
    <p class='ocr_par' dir='ltr' id='par_1_2' title="bbox 1252 335 2731 417">
     <span class='ocr_line' id='line_1_2' title="bbox 1252 335 2731 417; baseline -0.003 -1"><span class='ocrx_word' id='word_1_2' title='bbox 1252 335 1723 417; x_wconf 66' lang='lat' dir='ltr'><strong>MARTYRIUM‘</strong></span> <span class='ocrx_word' id='word_1_3' title='bbox 1771 349 1832 414; x_wconf 89' lang='lat' dir='ltr'><strong>s.</strong></span> <span class='ocrx_word' id='word_1_4' title='bbox 1877 342 2141 414; x_wconf 70' lang='lat' dir='ltr'><strong>GURi/E</strong></span> <span class='ocrx_word' id='word_1_5' title='bbox 2185 345 2282 411; x_wconf 89' lang='lat' dir='ltr'><strong>ET</strong></span> <span class='ocrx_word' id='word_1_6' title='bbox 2325 341 2731 412; x_wconf 73' lang='lat' dir='ltr'><strong>socronnn.</strong></span> 
     </span>
    </p>
   </div>
   <div class='ocr_carea' id='block_1_3' title="bbox 3568 337 3683 416">
    <p class='ocr_par' dir='ltr' id='par_1_3' title="bbox 3568 337 3683 416">
     <span class='ocr_line' id='line_1_3' title="bbox 3568 337 3683 416; baseline 0.009 -1"><span class='ocrx_word' id='word_1_7' title='bbox 3568 337 3683 416; x_wconf 83' lang='grc'><strong>130</strong></span> 
     </span>
    </p>
   </div>
   <div class='ocr_carea' id='block_1_4' title="bbox 305 483 1965 567">
    <p class='ocr_par' dir='ltr' id='par_1_4' title="bbox 305 486 1946 566">
     <span class='ocr_line' id='line_1_4' title="bbox 305 486 1946 566; baseline -0.002 -20"><span class='ocrx_word' id='word_1_8' title='bbox 305 497 393 556; x_wconf 70' lang='grc' dir='ltr'><strong>τᾶς</strong></span> <span class='ocrx_word' id='word_1_9' title='bbox 421 487 786 548; x_wconf 72' lang='grc' dir='ltr'>διαϐέλλονται</span> <span class='ocrx_word' id='word_1_10' title='bbox 851 495 936 564; x_wconf 79' lang='grc' dir='ltr'><strong>τῷ</strong></span> <span class='ocrx_word' id='word_1_11' title='bbox 993 488 1282 562; x_wconf 74' lang='grc' dir='ltr'>δικάζοντι,</span> <span class='ocrx_word' id='word_1_12' title='bbox 1339 489 1415 544; x_wconf 79' lang='grc' dir='ltr'>ὧν</span> <span class='ocrx_word' id='word_1_13' title='bbox 1471 488 1498 543; x_wconf 73' lang='grc' dir='ltr'><strong>ὃ</strong></span> <span class='ocrx_word' id='word_1_14' title='bbox 1549 486 1646 562; x_wconf 79' lang='grc' dir='ltr'><strong>μὲν</strong></span> <span class='ocrx_word' id='word_1_15' title='bbox 1691 493 1946 566; x_wconf 80' lang='grc' dir='ltr'>Σαρκιγι-</span> 
     </span>
    </p>
   </div>
   <div class='ocr_carea' id='block_1_5' title="bbox 2050 483 3683 567">
    <p class='ocr_par' dir='ltr' id='par_1_5' title="bbox 2060 484 3683 567">
     <span class='ocr_line' id='line_1_5' title="bbox 2060 484 3683 567; baseline 0.004 -23"><span class='ocrx_word' id='word_1_16' title='bbox 2060 484 2292 547; x_wconf 91' lang='lat' dir='ltr'><strong>udicem</strong></span> <span class='ocrx_word' id='word_1_17' title='bbox 2324 496 2703 560; x_wconf 72' lang='lat' dir='ltr'><strong>accusantur,</strong></span> <span class='ocrx_word' id='word_1_18' title='bbox 2739 501 2993 563; x_wconf 77' lang='lat' dir='ltr'><strong>quorum</strong></span> <span class='ocrx_word' id='word_1_19' title='bbox 3025 485 3126 547; x_wconf 92' lang='lat' dir='ltr'><strong>ille</strong></span> <span class='ocrx_word' id='word_1_20' title='bbox 3155 485 3396 567; x_wconf 88' lang='lat' dir='ltr'><strong>quidem</strong></span> <span class='ocrx_word' id='word_1_21' title='bbox 3443 506 3514 550; x_wconf 86' lang='lat' dir='ltr'><strong>ex</strong></span> <span class='ocrx_word' id='word_1_22' title='bbox 3546 489 3683 551; x_wconf 90' lang='lat' dir='ltr'><strong>Sar-</strong></span> 
     </span>
    </p>
   </div>
   <div class='ocr_carea' id='block_1_6' title="bbox 305 575 1951 660">
    <p class='ocr_par' dir='ltr' id='par_1_6' title="bbox 305 575 1951 660">
     <span class='ocr_line' id='line_1_6' title="bbox 305 575 1951 660; baseline 0 -26"><span class='ocrx_word' id='word_1_23' title='bbox 305 588 449 660; x_wconf 79' lang='grc' dir='ltr'>τνᾶς,</span> <span class='ocrx_word' id='word_1_24' title='bbox 525 583 554 636; x_wconf 79' lang='grc' dir='ltr'><strong>δ</strong></span> <span class='ocrx_word' id='word_1_25' title='bbox 624 580 680 636; x_wconf 74' lang='grc' dir='ltr'>δὲ</span> <span class='ocrx_word' id='word_1_26' title='bbox 751 577 989 641; x_wconf 76' lang='grc' dir='ltr'>Γάναδος</span> <span class='ocrx_word' id='word_1_27' title='bbox 1076 579 1328 656; x_wconf 75' lang='grc' dir='ltr'>ὥρμηντο</span> <span class='ocrx_word' id='word_1_28' title='bbox 1399 577 1616 652; x_wconf 81' lang='grc' dir='ltr'>κώμης,</span> <span class='ocrx_word' id='word_1_29' title='bbox 1685 575 1951 653; x_wconf 78' lang='grc' dir='ltr'>ἡμεδαποὶ</span> 
     </span>
    </p>
   </div>
   <div class='ocr_carea' id='block_1_7' title="bbox 303 665 1949 750">
    <p class='ocr_par' dir='ltr' id='par_1_7' title="bbox 303 665 1949 750">
     <span class='ocr_line' id='line_1_7' title="bbox 303 665 1949 750; baseline -0.003 -21"><span class='ocrx_word' id='word_1_30' title='bbox 303 670 555 737; x_wconf 76' lang='grc' dir='ltr'><strong>Ἐδέσσης</strong></span> <span class='ocrx_word' id='word_1_31' title='bbox 588 671 749 750; x_wconf 43' lang='lat' dir='ltr'><strong>ippon</strong></span> <span class='ocrx_word' id='word_1_32' title='bbox 777 674 867 726; x_wconf 76' lang='grc' dir='ltr'>καὶ</span> <span class='ocrx_word' id='word_1_33' title='bbox 899 670 1182 748; x_wconf 70' lang='grc' dir='ltr'>τρόφιμοι,</span> <span class='ocrx_word' id='word_1_34' title='bbox 1231 667 1297 736; x_wconf 77' lang='grc' dir='ltr'>ἣν</span> <span class='ocrx_word' id='word_1_35' title='bbox 1357 665 1422 734; x_wconf 74' lang='grc' dir='ltr'>δὴ</span> <span class='ocrx_word' id='word_1_36' title='bbox 1479 669 1567 722; x_wconf 83' lang='grc' dir='ltr'><strong>καὶ</strong></span> <span class='ocrx_word' id='word_1_37' title='bbox 1627 674 1949 724; x_wconf 79' lang='grc' dir='ltr'>Μεσοποτα-</span> 
     </span>
    </p>
   </div>
   <div class='ocr_carea' id='block_1_8' title="bbox 304 756 1951 837">
    <p class='ocr_par' dir='ltr' id='par_1_8' title="bbox 304 756 1951 837">
     <span class='ocr_line' id='line_1_8' title="bbox 304 756 1951 837; baseline -0.003 -20"><span class='ocrx_word' id='word_1_38' title='bbox 304 762 418 836; x_wconf 80' lang='grc' dir='ltr'>μίαν</span> <span class='ocrx_word' id='word_1_39' title='bbox 474 759 724 834; x_wconf 74' lang='grc' dir='ltr'>καλοῦσι,</span> <span class='ocrx_word' id='word_1_40' title='bbox 772 757 859 817; x_wconf 72' lang='grc' dir='ltr'><strong>διὰ</strong></span> <span class='ocrx_word' id='word_1_41' title='bbox 911 762 975 816; x_wconf 79' lang='grc' dir='ltr'>τὸ</span> <span class='ocrx_word' id='word_1_42' title='bbox 1012 759 1278 837; x_wconf 74' lang='grc' dir='ltr'>Ιίὖνρράτου</span> <span class='ocrx_word' id='word_1_43' title='bbox 1336 759 1424 814; x_wconf 85' lang='grc' dir='ltr'><strong>καὶ</strong></span> <span class='ocrx_word' id='word_1_44' title='bbox 1481 756 1718 836; x_wconf 74' lang='grc' dir='ltr'><strong>Τίγριδος</strong></span> <span class='ocrx_word' id='word_1_45' title='bbox 1777 759 1951 833; x_wconf 77' lang='grc' dir='ltr'>μέσην</span> 
     </span>
    </p>
   </div>
   <div class='ocr_carea' id='block_1_9' title="bbox 300 845 1946 929">
    <p class='ocr_par' dir='ltr' id='par_1_9' title="bbox 300 845 1946 929">
     <span class='ocr_line' id='line_1_9' title="bbox 300 845 1946 929; baseline -0.001 -23"><span class='ocrx_word' id='word_1_46' title='bbox 300 851 457 921; x_wconf 77' lang='grc' dir='ltr'>εἶναι,</span> <span class='ocrx_word' id='word_1_47' title='bbox 492 852 583 906; x_wconf 78' lang='grc' dir='ltr'>καὶ</span> <span class='ocrx_word' id='word_1_48' title='bbox 612 851 716 929; x_wconf 80' lang='grc' dir='ltr'>πρὸ</span> <span class='ocrx_word' id='word_1_49' title='bbox 741 856 833 906; x_wconf 78' lang='grc' dir='ltr'>τοῦ</span> <span class='ocrx_word' id='word_1_50' title='bbox 865 848 964 920; x_wconf 74' lang='grc' dir='ltr'><strong>μὲν</strong></span> <span class='ocrx_word' id='word_1_51' title='bbox 997 848 1202 928; x_wconf 82' lang='grc' dir='ltr'>ὀλιγοις</span> <span class='ocrx_word' id='word_1_52' title='bbox 1233 849 1336 904; x_wconf 76' lang='grc' dir='ltr'><strong>ὑπὸ</strong></span> <span class='ocrx_word' id='word_1_53' title='bbox 1385 846 1480 914; x_wconf 69' lang='grc' dir='ltr'><strong>τῆς</strong></span> <span class='ocrx_word' id='word_1_54' title='bbox 1539 845 1723 928; x_wconf 67' lang='grc' dir='ltr'>φήμης</span> <span class='ocrx_word' id='word_1_55' title='bbox 1768 869 1946 926; x_wconf 80' lang='grc' dir='ltr'>παρα-</span> 
     </span>
    </p>
   </div>
   <div class='ocr_carea' id='block_1_10' title="bbox 296 936 1948 1018">
    <p class='ocr_par' dir='ltr' id='par_1_10' title="bbox 296 936 1948 1018">
     <span class='ocr_line' id='line_1_10' title="bbox 296 936 1948 1018; baseline -0.003 -23"><span class='ocrx_word' id='word_1_56' title='bbox 296 937 602 1018; x_wconf 78' lang='grc' dir='ltr'>ὃιδομένην,</span> <span class='ocrx_word' id='word_1_57' title='bbox 661 940 800 1014; x_wconf 77' lang='grc' dir='ltr'>μετὰ</span> <span class='ocrx_word' id='word_1_58' title='bbox 855 936 911 994; x_wconf 74' lang='grc' dir='ltr'>δὲ</span> <span class='ocrx_word' id='word_1_59' title='bbox 968 939 1091 1002; x_wconf 78' lang='grc' dir='ltr'>τοὺς</span> <span class='ocrx_word' id='word_1_60' title='bbox 1121 940 1228 994; x_wconf 79' lang='grc' dir='ltr'>τῶν</span> <span class='ocrx_word' id='word_1_61' title='bbox 1281 938 1556 1016; x_wconf 81' lang='grc' dir='ltr'>μαρτύρων</span> <span class='ocrx_word' id='word_1_62' title='bbox 1590 937 1778 1000; x_wconf 76' lang='grc' dir='ltr'>ἄθλους</span> <span class='ocrx_word' id='word_1_63' title='bbox 1810 959 1948 994; x_wconf 79' lang='grc' dir='ltr'>παν-</span> 
     </span>
    </p>
   </div>
   <div class='ocr_carea' id='block_1_11' title="bbox 293 1026 1947 1109">
    <p class='ocr_par' dir='ltr' id='par_1_11' title="bbox 293 1026 1947 1109">
     <span class='ocr_line' id='line_1_11' title="bbox 293 1026 1947 1109; baseline -0.001 -24"><span class='ocrx_word' id='word_1_64' title='bbox 293 1027 436 1109; x_wconf 69' lang='grc' dir='ltr'>ταχῆ</span> <span class='ocrx_word' id='word_1_65' title='bbox 469 1026 867 1103; x_wconf 71' lang='grc' dir='ltr'>διαϐοωμένην,</span> <span class='ocrx_word' id='word_1_66' title='bbox 901 1029 964 1087; x_wconf 78' lang='lat' dir='ltr'><strong>0i.</strong></span> <span class='ocrx_word' id='word_1_67' title='bbox 995 1027 1092 1103; x_wconf 78' lang='grc' dir='ltr'>μὲν</span> <span class='ocrx_word' id='word_1_68' title='bbox 1145 1027 1234 1083; x_wconf 71' lang='grc' dir='ltr'>οὖν</span> <span class='ocrx_word' id='word_1_69' title='bbox 1292 1027 1433 1105; x_wconf 78' lang='grc' dir='ltr'>ἅγιοι</span> <span class='ocrx_word' id='word_1_70' title='bbox 1491 1027 1586 1083; x_wconf 72' lang='grc' dir='ltr'><strong>οὒκ</strong></span> <span class='ocrx_word' id='word_1_71' title='bbox 1616 1027 1671 1084; x_wconf 75' lang='grc' dir='ltr'>ἐν</span> <span class='ocrx_word' id='word_1_72' title='bbox 1700 1033 1767 1104; x_wconf 79' lang='grc' dir='ltr'><strong>τῇ</strong></span> <span class='ocrx_word' id='word_1_73' title='bbox 1799 1027 1947 1084; x_wconf 82' lang='grc' dir='ltr'>πόλει</span> 
     </span>
    </p>
   </div>
   <div class='ocr_carea' id='block_1_12' title="bbox 293 1115 1947 1198">
    <p class='ocr_par' dir='ltr' id='par_1_12' title="bbox 293 1115 1947 1198">
     <span class='ocr_line' id='line_1_12' title="bbox 293 1115 1947 1198; baseline -0.002 -22"><span class='ocrx_word' id='word_1_74' title='bbox 293 1120 385 1184; x_wconf 70' lang='grc' dir='ltr'><strong>τὰς</strong></span> <span class='ocrx_word' id='word_1_75' title='bbox 442 1116 720 1198; x_wconf 76' lang='grc' dir='ltr'>διατριϐὰς</span> <span class='ocrx_word' id='word_1_76' title='bbox 777 1118 1080 1192; x_wconf 73' lang='grc' dir='ltr'>ἑποιοῦντο,</span> <span class='ocrx_word' id='word_1_77' title='bbox 1139 1116 1318 1196; x_wconf 70' lang='grc' dir='ltr'>πόῤῥω</span> <span class='ocrx_word' id='word_1_78' title='bbox 1364 1115 1418 1173; x_wconf 75' lang='grc' dir='ltr'>δὲ</span> <span class='ocrx_word' id='word_1_79' title='bbox 1475 1118 1672 1184; x_wconf 81' lang='grc' dir='ltr'>ταύτης</span> <span class='ocrx_word' id='word_1_80' title='bbox 1718 1119 1947 1196; x_wconf 66' lang='grc' dir='ltr'>γενόμε-</span> 
     </span>
    </p>
   </div>
   <div class='ocr_carea' id='block_1_13' title="bbox 293 1203 1950 1286">
    <p class='ocr_par' dir='ltr' id='par_1_13' title="bbox 293 1203 1950 1286">
     <span class='ocr_line' id='line_1_13' title="bbox 293 1203 1950 1286; baseline 0 -22"><span class='ocrx_word' id='word_1_81' title='bbox 293 1230 394 1285; x_wconf 83' lang='grc' dir='ltr'>νοι,</span> <span class='ocrx_word' id='word_1_82' title='bbox 428 1206 528 1264; x_wconf 68' lang='grc' dir='ltr'><strong>ἔτι</strong></span> <span class='ocrx_word' id='word_1_83' title='bbox 561 1207 671 1264; x_wconf 77' lang='grc' dir='ltr'><strong>τῶν</strong></span> <span class='ocrx_word' id='word_1_84' title='bbox 699 1206 753 1272; x_wconf 70' lang='grc' dir='ltr'>ἐξ</span> <span class='ocrx_word' id='word_1_85' title='bbox 782 1209 946 1274; x_wconf 72' lang='grc' dir='ltr'>αὒτῆς</span> <span class='ocrx_word' id='word_1_86' title='bbox 993 1203 1226 1286; x_wconf 73' lang='grc' dir='ltr'>θορύϐων</span> <span class='ocrx_word' id='word_1_87' title='bbox 1286 1208 1495 1286; x_wconf 78' lang='grc' dir='ltr'>μακρὰν</span> <span class='ocrx_word' id='word_1_88' title='bbox 1553 1207 1697 1265; x_wconf 76' lang='grc' dir='ltr'>εἶναι</span> <span class='ocrx_word' id='word_1_89' title='bbox 1753 1206 1950 1284; x_wconf 51' lang='grc' dir='ltr'>βουλόμ-</span> 
     </span>
    </p>
   </div>
   <div class='ocr_carea' id='block_1_14' title="bbox 294 1295 1948 1378">
    <p class='ocr_par' dir='ltr' id='par_1_14' title="bbox 294 1295 1948 1378">
     <span class='ocr_line' id='line_1_14' title="bbox 294 1295 1948 1378; baseline -0.002 -23"><span class='ocrx_word' id='word_1_90' title='bbox 294 1319 473 1375; x_wconf 67' lang='lat' dir='ltr'><strong>pavet;</strong></span> <span class='ocrx_word' id='word_1_91' title='bbox 501 1311 837 1378; x_wconf 67' lang='grc' dir='ltr'>καταφανεῖς</span> <span class='ocrx_word' id='word_1_92' title='bbox 865 1297 1042 1375; x_wconf 74' lang='grc' dir='ltr'>ὗπάργ</span> <span class='ocrx_word' id='word_1_93' title='bbox 1055 1318 1131 1353; x_wconf 89' lang='grc' dir='ltr'><strong>ειν</strong></span> <span class='ocrx_word' id='word_1_94' title='bbox 1158 1303 1236 1372; x_wconf 81' lang='grc' dir='ltr'>τῷ</span> <span class='ocrx_word' id='word_1_95' title='bbox 1268 1303 1384 1372; x_wconf 81' lang='grc' dir='ltr'><strong>Θεῷ</strong></span> <span class='ocrx_word' id='word_1_96' title='bbox 1433 1297 1582 1373; x_wconf 77' lang='grc' dir='ltr'>μόνῳ</span> <span class='ocrx_word' id='word_1_97' title='bbox 1636 1295 1722 1354; x_wconf 75' lang='grc' dir='ltr'><strong>διὰ</strong></span> <span class='ocrx_word' id='word_1_98' title='bbox 1779 1321 1948 1355; x_wconf 75' lang='grc' dir='ltr'>σπου-</span> 
     </span>
    </p>
   </div>
   <div class='ocr_carea' id='block_1_15' title="bbox 296 1386 1951 1467">
    <p class='ocr_par' dir='ltr' id='par_1_15' title="bbox 296 1386 1951 1467">
     <span class='ocr_line' id='line_1_15' title="bbox 296 1386 1951 1467; baseline -0.001 -22"><span class='ocrx_word' id='word_1_99' title='bbox 296 1387 393 1456; x_wconf 77' lang='grc' dir='ltr'>δῆς</span> <span class='ocrx_word' id='word_1_100' title='bbox 457 1388 653 1467; x_wconf 77' lang='grc' dir='ltr'>εἶχον.</span> <span class='ocrx_word' id='word_1_101' title='bbox 717 1387 815 1445; x_wconf 77' lang='grc' dir='ltr'>Καὶ</span> <span class='ocrx_word' id='word_1_102' title='bbox 875 1389 1060 1466; x_wconf 72' lang='grc' dir='ltr'>Γουρίᾳ</span> <span class='ocrx_word' id='word_1_103' title='bbox 1116 1386 1216 1463; x_wconf 77' lang='grc' dir='ltr'><strong>μὲν</strong></span> <span class='ocrx_word' id='word_1_104' title='bbox 1277 1386 1553 1466; x_wconf 76' lang='grc' dir='ltr'>ἐγκράτεια</span> <span class='ocrx_word' id='word_1_105' title='bbox 1624 1389 1712 1444; x_wconf 76' lang='grc' dir='ltr'>καὶ</span> <span class='ocrx_word' id='word_1_106' title='bbox 1765 1388 1951 1465; x_wconf 76' lang='grc' dir='ltr'>ἀγάπη</span> 
     </span>
    </p>
   </div>
   <div class='ocr_carea' id='block_1_16' title="bbox 298 1475 1953 1555">
    <p class='ocr_par' dir='ltr' id='par_1_16' title="bbox 298 1475 1953 1555">
     <span class='ocr_line' id='line_1_16' title="bbox 298 1475 1953 1555; baseline -0.001 -21"><span class='ocrx_word' id='word_1_107' title='bbox 298 1478 463 1535; x_wconf 79' lang='grc' dir='ltr'>καλόν</span> <span class='ocrx_word' id='word_1_108' title='bbox 491 1499 553 1534; x_wconf 82' lang='grc' dir='ltr'><strong>τε</strong></span> <span class='ocrx_word' id='word_1_109' title='bbox 582 1480 684 1534; x_wconf 67' lang='grc' dir='ltr'>καῖ</span> <span class='ocrx_word' id='word_1_110' title='bbox 738 1476 935 1555; x_wconf 73' lang='grc' dir='ltr'>ἀγαθὸν</span> <span class='ocrx_word' id='word_1_111' title='bbox 991 1476 1171 1552; x_wconf 74' lang='grc' dir='ltr'>κτῆμα</span> <span class='ocrx_word' id='word_1_112' title='bbox 1222 1476 1309 1550; x_wconf 76' lang='grc' dir='ltr'>ἦν,</span> <span class='ocrx_word' id='word_1_113' title='bbox 1367 1478 1454 1534; x_wconf 84' lang='grc' dir='ltr'>καὶ</span> <span class='ocrx_word' id='word_1_114' title='bbox 1507 1479 1570 1534; x_wconf 81' lang='grc' dir='ltr'>τὸ</span> <span class='ocrx_word' id='word_1_115' title='bbox 1626 1475 1953 1553; x_wconf 70' lang='grc' dir='ltr'>ἐπιτήδευμα</span> 
     </span>
    </p>
   </div>
   <div class='ocr_carea' id='block_1_17' title="bbox 302 1563 1956 1644">
    <p class='ocr_par' dir='ltr' id='par_1_17' title="bbox 302 1563 1956 1644">
     <span class='ocr_line' id='line_1_17' title="bbox 302 1563 1956 1644; baseline 0.001 -22"><span class='ocrx_word' id='word_1_116' title='bbox 302 1565 497 1634; x_wconf 82' lang='grc' dir='ltr'>κλῆσις</span> <span class='ocrx_word' id='word_1_117' title='bbox 557 1564 785 1643; x_wconf 72' lang='grc' dir='ltr'>ἐγίνετο,</span> <span class='ocrx_word' id='word_1_118' title='bbox 846 1563 985 1622; x_wconf 81' lang='grc' dir='ltr'>ὥστε</span> <span class='ocrx_word' id='word_1_119' title='bbox 1035 1567 1129 1623; x_wconf 68' lang='grc' dir='ltr'>οὒκ</span> <span class='ocrx_word' id='word_1_120' title='bbox 1160 1563 1223 1621; x_wconf 80' lang='grc' dir='ltr'><strong>ἂν</strong></span> <span class='ocrx_word' id='word_1_121' title='bbox 1253 1566 1542 1644; x_wconf 82' lang='grc' dir='ltr'>ἑγνώρισας</span> <span class='ocrx_word' id='word_1_122' title='bbox 1575 1567 1669 1622; x_wconf 83' lang='grc' dir='ltr'><strong>τὸν</strong></span> <span class='ocrx_word' id='word_1_123' title='bbox 1698 1564 1858 1640; x_wconf 75' lang='grc' dir='ltr'>ἄνδρα</span> <span class='ocrx_word' id='word_1_124' title='bbox 1886 1572 1956 1643; x_wconf 75' lang='grc' dir='ltr'><strong>τῇ</strong></span> 
     </span>
    </p>
   </div>
   <div class='ocr_carea' id='block_1_18' title="bbox 308 1653 1956 1736">
    <p class='ocr_par' dir='ltr' id='par_1_18' title="bbox 308 1653 1956 1736">
     <span class='ocr_line' id='line_1_18' title="bbox 308 1653 1956 1736; baseline -0.001 -23"><span class='ocrx_word' id='word_1_125' title='bbox 308 1654 527 1735; x_wconf 70' lang='grc' dir='ltr'>κλήσει,</span> <span class='ocrx_word' id='word_1_126' title='bbox 585 1655 667 1730; x_wconf 81' lang='grc' dir='ltr'><strong>μὴ</strong></span> <span class='ocrx_word' id='word_1_127' title='bbox 721 1655 812 1711; x_wconf 80' lang='grc' dir='ltr'>τὸν</span> <span class='ocrx_word' id='word_1_128' title='bbox 870 1653 1104 1734; x_wconf 70' lang='grc' dir='ltr'>ἐγκρατῆ</span> <span class='ocrx_word' id='word_1_129' title='bbox 1155 1656 1408 1736; x_wconf 85' lang='grc' dir='ltr'>πρότερον</span> <span class='ocrx_word' id='word_1_130' title='bbox 1453 1656 1680 1731; x_wconf 73' lang='grc' dir='ltr'>εἰρηκώς</span> <span class='ocrx_word' id='word_1_131' title='bbox 1715 1676 1728 1690; x_wconf 88' lang='grc'><strong>·</strong></span> <span class='ocrx_word' id='word_1_132' title='bbox 1764 1663 1956 1732; x_wconf 78' lang='grc' dir='ltr'>Σαμω-</span> 
     </span>
    </p>
   </div>
   <div class='ocr_carea' id='block_1_19' title="bbox 311 1743 1959 1826">
    <p class='ocr_par' dir='ltr' id='par_1_19' title="bbox 311 1743 1959 1826">
     <span class='ocr_line' id='line_1_19' title="bbox 311 1743 1959 1826; baseline 0 -24"><span class='ocrx_word' id='word_1_133' title='bbox 311 1753 400 1810; x_wconf 84' lang='grc' dir='ltr'>νᾶς</span> <span class='ocrx_word' id='word_1_134' title='bbox 430 1743 488 1802; x_wconf 77' lang='grc' dir='ltr'>δὲ</span> <span class='ocrx_word' id='word_1_135' title='bbox 528 1745 630 1812; x_wconf 72' lang='grc' dir='ltr'>τὴν</span> <span class='ocrx_word' id='word_1_136' title='bbox 654 1764 714 1802; x_wconf 78' lang='grc' dir='ltr'>τι</span> <span class='ocrx_word' id='word_1_137' title='bbox 743 1744 929 1824; x_wconf 70' lang='grc' dir='ltr'>ψυχὴν</span> <span class='ocrx_word' id='word_1_138' title='bbox 961 1747 1047 1802; x_wconf 65' lang='grc' dir='ltr'><strong>καὶ</strong></span> <span class='ocrx_word' id='word_1_139' title='bbox 1076 1746 1137 1802; x_wconf 78' lang='grc' dir='ltr'>τὸ</span> <span class='ocrx_word' id='word_1_140' title='bbox 1189 1753 1345 1821; x_wconf 75' lang='grc' dir='ltr'>σῶμα</span> <span class='ocrx_word' id='word_1_141' title='bbox 1391 1746 1613 1826; x_wconf 76' lang='grc' dir='ltr'>ἐσφρίγα</span> <span class='ocrx_word' id='word_1_142' title='bbox 1673 1753 1810 1821; x_wconf 81' lang='grc' dir='ltr'>Θεῷ,</span> <span class='ocrx_word' id='word_1_143' title='bbox 1869 1745 1959 1802; x_wconf 79' lang='grc' dir='ltr'><strong>καὶ</strong></span> 
     </span>
    </p>
   </div>
   <div class='ocr_carea' id='block_1_20' title="bbox 320 1823 2021 1915">
    <p class='ocr_par' dir='ltr' id='par_1_20' title="bbox 320 1823 2021 1915">
     <span class='ocr_line' id='line_1_20' title="bbox 320 1823 2021 1915; baseline -0.001 -23"><span class='ocrx_word' id='word_1_144' title='bbox 320 1843 392 1910; x_wconf 72' lang='grc' dir='ltr'>τῷ</span> <span class='ocrx_word' id='word_1_145' title='bbox 437 1836 626 1913; x_wconf 73' lang='grc' dir='ltr'>Γουρίᾳ</span> <span class='ocrx_word' id='word_1_146' title='bbox 681 1834 784 1902; x_wconf 74' lang='grc' dir='ltr'>τὴν</span> <span class='ocrx_word' id='word_1_147' title='bbox 825 1823 1033 1912; x_wconf 75' lang='grc' dir='ltr'>ἀρετὴν</span> <span class='ocrx_word' id='word_1_148' title='bbox 1063 1833 1398 1915; x_wconf 79' lang='grc' dir='ltr'>παρᾶμιλλος</span> <span class='ocrx_word' id='word_1_149' title='bbox 1423 1823 1513 1903; x_wconf 65' lang='grc' dir='ltr'>ἦν,</span> <span class='ocrx_word' id='word_1_150' title='bbox 1559 1823 1956 1915; x_wconf 15' lang='grc' dir='ltr'>ίΔιαϐάλἎονται</span> <span class='ocrx_word' id='word_1_151' title='bbox 1984 1823 2021 1873; x_wconf 73' lang='grc' dir='ltr'>Β</span> 
     </span>
    </p>
   </div>
   <div class='ocr_carea' id='block_1_21' title="bbox 325 1911 1960 2002">
    <p class='ocr_par' dir='ltr' id='par_1_21' title="bbox 325 1911 1960 2002">
     <span class='ocr_line' id='line_1_21' title="bbox 325 1911 1960 2002; baseline -0.001 -19"><span class='ocrx_word' id='word_1_152' title='bbox 325 1929 490 1983; x_wconf 64' lang='grc' dir='ltr'>τοίην</span> <span class='ocrx_word' id='word_1_153' title='bbox 543 1911 679 1982; x_wconf 73' lang='grc' dir='ltr'>οὗτοι</span> <span class='ocrx_word' id='word_1_154' title='bbox 732 1931 814 1999; x_wconf 81' lang='grc' dir='ltr'>τῷ</span> <span class='ocrx_word' id='word_1_155' title='bbox 871 1911 1097 2001; x_wconf 78' lang='grc' dir='ltr'>δικαστῇ</span> <span class='ocrx_word' id='word_1_156' title='bbox 1142 1911 1217 1990; x_wconf 71' lang='grc' dir='ltr'>ὧς</span> <span class='ocrx_word' id='word_1_157' title='bbox 1267 1928 1346 2002; x_wconf 78' lang='grc' dir='ltr'><strong>μὴ</strong></span> <span class='ocrx_word' id='word_1_158' title='bbox 1376 1927 1541 2002; x_wconf 82' lang='grc' dir='ltr'>μόνον</span> <span class='ocrx_word' id='word_1_159' title='bbox 1569 1927 1671 1994; x_wconf 77' lang='grc' dir='ltr'>τὴν</span> <span class='ocrx_word' id='word_1_160' title='bbox 1704 1911 1960 1992; x_wconf 64' lang='grc' dir='ltr'>Ἐδέσσης</span> 
     </span>
    </p>
   </div>
   <div class='ocr_carea' id='block_1_22' title="bbox 320 2013 1960 2095">
    <p class='ocr_par' dir='ltr' id='par_1_22' title="bbox 320 2013 1960 2095">
     <span class='ocr_line' id='line_1_22' title="bbox 320 2013 1960 2095; baseline -0.001 -21"><span class='ocrx_word' id='word_1_161' title='bbox 320 2015 609 2095; x_wconf 74' lang='grc' dir='ltr'><strong>πρόσοικον</strong></span> <span class='ocrx_word' id='word_1_162' title='bbox 646 2020 825 2072; x_wconf 76' lang='grc' dir='ltr'>πᾶσαν</span> <span class='ocrx_word' id='word_1_163' title='bbox 878 2028 1002 2080; x_wconf 79' lang='grc' dir='ltr'>ταῖς</span> <span class='ocrx_word' id='word_1_164' title='bbox 1057 2016 1257 2073; x_wconf 66' lang='grc' dir='ltr'>ἑαυτῶν</span> <span class='ocrx_word' id='word_1_165' title='bbox 1315 2013 1675 2081; x_wconf 66' lang='grc' dir='ltr'>διδασκαλίαις</span> <span class='ocrx_word' id='word_1_166' title='bbox 1729 2016 1960 2083; x_wconf 81' lang='grc' dir='ltr'>ἐπιστη-</span> 
     </span>
    </p>
   </div>
   <div class='ocr_carea' id='block_1_23' title="bbox 308 2104 1958 2186">
    <p class='ocr_par' dir='ltr' id='par_1_23' title="bbox 308 2104 1958 2186">
     <span class='ocr_line' id='line_1_23' title="bbox 308 2104 1958 2186; baseline 0 -25"><span class='ocrx_word' id='word_1_167' title='bbox 308 2107 565 2186; x_wconf 78' lang='grc' dir='ltr'>ρίζοντες,</span> <span class='ocrx_word' id='word_1_168' title='bbox 625 2107 712 2161; x_wconf 82' lang='grc' dir='ltr'>καὶ</span> <span class='ocrx_word' id='word_1_169' title='bbox 768 2109 870 2172; x_wconf 80' lang='grc' dir='ltr'>τῆς</span> <span class='ocrx_word' id='word_1_170' title='bbox 927 2105 1120 2169; x_wconf 81' lang='grc' dir='ltr'>οἰκείας</span> <span class='ocrx_word' id='word_1_171' title='bbox 1179 2104 1400 2185; x_wconf 77' lang='grc' dir='ltr'>ἔχεσθαι</span> <span class='ocrx_word' id='word_1_172' title='bbox 1458 2107 1686 2173; x_wconf 87' lang='grc' dir='ltr'>πίστεως</span> <span class='ocrx_word' id='word_1_173' title='bbox 1736 2105 1958 2164; x_wconf 77' lang='grc' dir='ltr'>ὑπαλεί-</span> 
     </span>
    </p>
   </div>
   <div class='ocr_carea' id='block_1_24' title="bbox 307 2193 1958 2275">
    <p class='ocr_par' dir='ltr' id='par_1_24' title="bbox 307 2193 1958 2275">
     <span class='ocr_line' id='line_1_24' title="bbox 307 2193 1958 2275; baseline 0 -23"><span class='ocrx_word' id='word_1_174' title='bbox 307 2215 524 2275; x_wconf 65' lang='grc' dir='ltr'>φοντες,</span> <span class='ocrx_word' id='word_1_175' title='bbox 579 2193 717 2250; x_wconf 73' lang='grc' dir='ltr'>ἀλλὰ</span> <span class='ocrx_word' id='word_1_176' title='bbox 775 2195 864 2251; x_wconf 86' lang='grc' dir='ltr'><strong>καὶ</strong></span> <span class='ocrx_word' id='word_1_177' title='bbox 917 2195 1177 2274; x_wconf 81' lang='grc' dir='ltr'>ὑπερορᾷν</span> <span class='ocrx_word' id='word_1_178' title='bbox 1233 2198 1339 2252; x_wconf 79' lang='grc' dir='ltr'>τῶν</span> <span class='ocrx_word' id='word_1_179' title='bbox 1408 2195 1710 2255; x_wconf 76' lang='grc' dir='ltr'><strong>διωκόντων</strong></span> <span class='ocrx_word' id='word_1_180' title='bbox 1780 2219 1958 2275; x_wconf 81' lang='grc' dir='ltr'>παρα-</span> 
     </span>
    </p>
   </div>
   <div class='ocr_carea' id='block_1_25' title="bbox 307 2284 1962 2362">
    <p class='ocr_par' dir='ltr' id='par_1_25' title="bbox 307 2284 1962 2362">
     <span class='ocr_line' id='line_1_25' title="bbox 307 2284 1962 2362; baseline -0.001 -21"><span class='ocrx_word' id='word_1_181' title='bbox 307 2285 680 2358; x_wconf 74' lang='grc' dir='ltr'>σκευάζοντες,</span> <span class='ocrx_word' id='word_1_182' title='bbox 740 2284 828 2340; x_wconf 76' lang='grc' dir='ltr'><strong>καὶ</strong></span> <span class='ocrx_word' id='word_1_183' title='bbox 888 2287 987 2352; x_wconf 77' lang='grc' dir='ltr'>τὴν</span> <span class='ocrx_word' id='word_1_184' title='bbox 1055 2285 1268 2342; x_wconf 79' lang='grc' dir='ltr'>ἐκείνων</span> <span class='ocrx_word' id='word_1_185' title='bbox 1335 2285 1579 2343; x_wconf 79' lang='grc' dir='ltr'>ἀσέϐειαν</span> <span class='ocrx_word' id='word_1_186' title='bbox 1651 2287 1704 2343; x_wconf 79' lang='grc' dir='ltr'>ἐν</span> <span class='ocrx_word' id='word_1_187' title='bbox 1777 2285 1962 2362; x_wconf 77' lang='grc' dir='ltr'>μηδενὶ</span> 
     </span>
    </p>
   </div>
   <div class='ocr_carea' id='block_1_26' title="bbox 305 2373 1960 2456">
    <p class='ocr_par' dir='ltr' id='par_1_26' title="bbox 305 2373 1960 2456">
     <span class='ocr_line' id='line_1_26' title="bbox 305 2373 1960 2456; baseline 0.001 -24"><span class='ocrx_word' id='word_1_188' title='bbox 305 2376 542 2432; x_wconf 72' lang='grc' dir='ltr'>τίθεσθαι</span> <span class='ocrx_word' id='word_1_189' title='bbox 596 2376 662 2430; x_wconf 76' lang='grc' dir='ltr'><strong>τὸ</strong></span> <span class='ocrx_word' id='word_1_190' title='bbox 715 2374 966 2452; x_wconf 59' lang='grc' dir='ltr'>παράπαν</span> <span class='ocrx_word' id='word_1_191' title='bbox 1022 2373 1354 2441; x_wconf 66' lang='grc' dir='ltr'><strong>διδάσκοντες</strong></span> <span class='ocrx_word' id='word_1_192' title='bbox 1414 2378 1552 2434; x_wconf 82' lang='grc' dir='ltr'>κατὰ</span> <span class='ocrx_word' id='word_1_193' title='bbox 1605 2379 1666 2434; x_wconf 83' lang='grc' dir='ltr'>τὸ</span> <span class='ocrx_word' id='word_1_194' title='bbox 1720 2398 1960 2456; x_wconf 76' lang='grc' dir='ltr'>γεγραμο</span> 
     </span>
    </p>
   </div>
   <div class='ocr_carea' id='block_1_27' title="bbox 310 2463 1964 2546">
    <p class='ocr_par' dir='ltr' id='par_1_27' title="bbox 310 2463 1964 2546">
     <span class='ocr_line' id='line_1_27' title="bbox 310 2463 1964 2546; baseline 0.001 -26"><span class='ocrx_word' id='word_1_195' title='bbox 310 2464 494 2542; x_wconf 75' lang='grc' dir='ltr'>μένον.</span> <span class='ocrx_word' id='word_1_196' title='bbox 537 2487 567 2519; x_wconf 72' lang='grc' dir='ltr'>ι</span> <span class='ocrx_word' id='word_1_197' title='bbox 601 2465 694 2531; x_wconf 67' lang='grc' dir='ltr'><strong>Μὴ</strong></span> <span class='ocrx_word' id='word_1_198' title='bbox 725 2465 1002 2521; x_wconf 71' lang='grc' dir='ltr'>πεποίθετε</span> <span class='ocrx_word' id='word_1_199' title='bbox 1061 2463 1147 2521; x_wconf 74' lang='grc' dir='ltr'>ἐπὶ</span> <span class='ocrx_word' id='word_1_200' title='bbox 1202 2467 1338 2528; x_wconf 78' lang='grc' dir='ltr'>υἱοὺς</span> <span class='ocrx_word' id='word_1_201' title='bbox 1400 2466 1691 2546; x_wconf 82' lang='grc' dir='ltr'>ἀνθρώπων</span> <span class='ocrx_word' id='word_1_202' title='bbox 1730 2467 1822 2531; x_wconf 81' lang='grc' dir='ltr'>σῖς</span> <span class='ocrx_word' id='word_1_203' title='bbox 1870 2471 1964 2525; x_wconf 75' lang='grc' dir='ltr'><strong>οὐκ</strong></span> 
     </span>
    </p>
   </div>
   <div class='ocr_carea' id='block_1_28' title="bbox 313 2553 1963 2634">
    <p class='ocr_par' dir='ltr' id='par_1_28' title="bbox 313 2553 1963 2634">
     <span class='ocr_line' id='line_1_28' title="bbox 313 2553 1963 2634; baseline -0.001 -22"><span class='ocrx_word' id='word_1_204' title='bbox 313 2557 424 2612; x_wconf 74' lang='grc' dir='ltr'>ἴστι</span> <span class='ocrx_word' id='word_1_205' title='bbox 449 2554 716 2633; x_wconf 84' lang='grc' dir='ltr'>σωτηρία.</span> <span class='ocrx_word' id='word_1_206' title='bbox 753 2574 786 2611; x_wconf 73' lang='grc' dir='ltr'><strong><em>ι</em></strong></span> <span class='ocrx_word' id='word_1_207' title='bbox 821 2557 920 2618; x_wconf 87' lang='grc' dir='ltr'>Οἷς</span> <span class='ocrx_word' id='word_1_208' title='bbox 951 2553 1038 2612; x_wconf 75' lang='grc' dir='ltr'><strong>ἐπὶ</strong></span> <span class='ocrx_word' id='word_1_209' title='bbox 1067 2556 1204 2613; x_wconf 82' lang='grc' dir='ltr'>πολὺ</span> <span class='ocrx_word' id='word_1_210' title='bbox 1249 2557 1348 2624; x_wconf 77' lang='grc' dir='ltr'><strong>τὴν</strong></span> <span class='ocrx_word' id='word_1_211' title='bbox 1397 2559 1588 2633; x_wconf 72' lang='grc' dir='ltr'>μανίαν</span> <span class='ocrx_word' id='word_1_212' title='bbox 1648 2555 1963 2634; x_wconf 76' lang='grc' dir='ltr'>ἀναφλεγεὶς</span> 
     </span>
    </p>
   </div>
   <div class='ocr_carea' id='block_1_29' title="bbox 313 2639 1961 2726">
    <p class='ocr_par' dir='ltr' id='par_1_29' title="bbox 313 2639 1961 2726">
     <span class='ocr_line' id='line_1_29' title="bbox 313 2639 1961 2726; baseline 0 -24"><span class='ocrx_word' id='word_1_213' title='bbox 313 2649 340 2702; x_wconf 71' lang='grc' dir='ltr'><strong>ἱ.</strong></span> <span class='ocrx_word' id='word_1_214' title='bbox 370 2643 629 2716; x_wconf 74' lang='grc' dir='ltr'>δικάζων,</span> <span class='ocrx_word' id='word_1_215' title='bbox 659 2639 1121 2708; x_wconf 72' lang='grc' dir='ltr'>κελεύει’πάντας</span> <span class='ocrx_word' id='word_1_216' title='bbox 1179 2643 1293 2702; x_wconf 79' lang='grc' dir='ltr'>ὅσοι</span> <span class='ocrx_word' id='word_1_217' title='bbox 1350 2646 1417 2704; x_wconf 80' lang='grc' dir='ltr'>τὰ</span> <span class='ocrx_word' id='word_1_218' title='bbox 1473 2652 1804 2726; x_wconf 75' lang='grc' dir='ltr'>Χριστιανῶν</span> <span class='ocrx_word' id='word_1_219' title='bbox 1852 2646 1961 2702; x_wconf 80' lang='grc' dir='ltr'>ἐτί-</span> 
     </span>
    </p>
   </div>
   <div class='ocr_carea' id='block_1_30' title="bbox 313 2733 1962 2812">
    <p class='ocr_par' dir='ltr' id='par_1_30' title="bbox 313 2733 1962 2812">
     <span class='ocr_line' id='line_1_30' title="bbox 313 2733 1962 2812; baseline -0.001 -19"><span class='ocrx_word' id='word_1_220' title='bbox 313 2758 454 2812; x_wconf 80' lang='grc' dir='ltr'>μων,</span> <span class='ocrx_word' id='word_1_221' title='bbox 489 2746 617 2797; x_wconf 79' lang='grc' dir='ltr'>ταῖς</span> <span class='ocrx_word' id='word_1_222' title='bbox 657 2733 840 2807; x_wconf 83' lang='grc' dir='ltr'>Γουρία</span> <span class='ocrx_word' id='word_1_223' title='bbox 896 2735 994 2791; x_wconf 74' lang='grc' dir='ltr'><strong>καί</strong></span> <span class='ocrx_word' id='word_1_224' title='bbox 1049 2742 1282 2810; x_wconf 79' lang='grc' dir='ltr'>Σαμωνᾶ</span> <span class='ocrx_word' id='word_1_225' title='bbox 1334 2734 1694 2801; x_wconf 72' lang='grc' dir='ltr'>διδασκαλίαις</span> <span class='ocrx_word' id='word_1_226' title='bbox 1757 2737 1962 2811; x_wconf 77' lang='grc' dir='ltr'>ἑπόμε-</span> 
     </span>
    </p>
   </div>
   <div class='ocr_carea' id='block_1_31' title="bbox 315 2824 1964 2905">
    <p class='ocr_par' dir='ltr' id='par_1_31' title="bbox 315 2824 1964 2905">
     <span class='ocr_line' id='line_1_31' title="bbox 315 2824 1964 2905; baseline -0.002 -20"><span class='ocrx_word' id='word_1_227' title='bbox 315 2849 423 2901; x_wconf 82' lang='grc' dir='ltr'>νοι,</span> <span class='ocrx_word' id='word_1_228' title='bbox 475 2826 596 2901; x_wconf 77' lang='grc' dir='ltr'><strong>ἅμα</strong></span> <span class='ocrx_word' id='word_1_229' title='bbox 654 2835 774 2888; x_wconf 76' lang='grc' dir='ltr'>τοῖς</span> <span class='ocrx_word' id='word_1_230' title='bbox 831 2825 905 2889; x_wconf 81' lang='grc' dir='ltr'>εἷς</span> <span class='ocrx_word' id='word_1_231' title='bbox 960 2831 1117 2882; x_wconf 77' lang='grc' dir='ltr'>τοῦτο</span> <span class='ocrx_word' id='word_1_232' title='bbox 1170 2827 1588 2905; x_wconf 80' lang='grc' dir='ltr'>προηγουγὲνοις</span> <span class='ocrx_word' id='word_1_233' title='bbox 1631 2824 1964 2904; x_wconf 61' lang='grc' dir='ltr'>συλληφθέν-</span> 
     </span>
    </p>
   </div>
   <div class='ocr_carea' id='block_1_32' title="bbox 308 2912 1965 2995">
    <p class='ocr_par' dir='ltr' id='par_1_32' title="bbox 308 2912 1965 2995">
     <span class='ocr_line' id='line_1_32' title="bbox 308 2912 1965 2995; baseline -0.001 -21"><span class='ocrx_word' id='word_1_234' title='bbox 308 2937 406 2980; x_wconf 86' lang='grc' dir='ltr'><strong>τας</strong></span> <span class='ocrx_word' id='word_1_235' title='bbox 467 2912 889 2979; x_wconf 74' lang='grc' dir='ltr'>κστακλείστους</span> <span class='ocrx_word' id='word_1_236' title='bbox 942 2917 1003 2971; x_wconf 63' lang='lat' dir='ltr'><strong>iv</strong></span> <span class='ocrx_word' id='word_1_237' title='bbox 1060 2913 1290 2995; x_wconf 71' lang='grc' dir='ltr'>ἀσφαλεῖ</span> <span class='ocrx_word' id='word_1_238' title='bbox 1339 2917 1580 2994; x_wconf 81' lang='grc' dir='ltr'>γενέσθαι</span> <span class='ocrx_word' id='word_1_239' title='bbox 1613 2922 1832 2995; x_wconf 81' lang='grc' dir='ltr'>φρουρᾷ.</span> <span class='ocrx_word' id='word_1_240' title='bbox 1869 2917 1965 2974; x_wconf 81' lang='grc' dir='ltr'>Καὶ</span> 
     </span>
    </p>
   </div>
   <div class='ocr_carea' id='block_1_33' title="bbox 314 3002 1962 3084">
    <p class='ocr_par' dir='ltr' id='par_1_33' title="bbox 314 3002 1962 3084">
     <span class='ocr_line' id='line_1_33' title="bbox 314 3002 1962 3084; baseline -0.001 -21"><span class='ocrx_word' id='word_1_241' title='bbox 314 3011 344 3077; x_wconf 69' lang='grc' dir='ltr'>ἦ</span> <span class='ocrx_word' id='word_1_242' title='bbox 397 3003 694 3084; x_wconf 78' lang='grc' dir='ltr'>πρόσταξις</span> <span class='ocrx_word' id='word_1_243' title='bbox 751 3003 904 3083; x_wconf 80' lang='grc' dir='ltr'>ἔργον</span> <span class='ocrx_word' id='word_1_244' title='bbox 956 3003 1044 3072; x_wconf 67' lang='grc' dir='ltr'><strong>ἧδ’</strong></span> <span class='ocrx_word' id='word_1_245' title='bbox 1097 3006 1186 3060; x_wconf 80' lang='grc' dir='ltr'><strong>καὶ</strong></span> <span class='ocrx_word' id='word_1_246' title='bbox 1240 3002 1374 3072; x_wconf 80' lang='grc' dir='ltr'>δῆτα</span> <span class='ocrx_word' id='word_1_247' title='bbox 1435 3008 1618 3083; x_wconf 77' lang='grc' dir='ltr'>καιροῦ</span> <span class='ocrx_word' id='word_1_248' title='bbox 1646 3004 1962 3080; x_wconf 73' lang='grc' dir='ltr'>λαϐόμενος,</span> 
     </span>
    </p>
   </div>
   <div class='ocr_carea' id='block_1_34' title="bbox 309 3091 1966 3172">
    <p class='ocr_par' dir='ltr' id='par_1_34' title="bbox 309 3091 1966 3172">
     <span class='ocr_line' id='line_1_34' title="bbox 309 3091 1966 3172; baseline -0.003 -17"><span class='ocrx_word' id='word_1_249' title='bbox 309 3099 394 3155; x_wconf 69' lang='grc' dir='ltr'><strong>καὶ</strong></span> <span class='ocrx_word' id='word_1_250' title='bbox 453 3109 577 3160; x_wconf 73' lang='grc' dir='ltr'>τοῖς</span> <span class='ocrx_word' id='word_1_251' title='bbox 639 3093 740 3168; x_wconf 78' lang='grc' dir='ltr'><strong>μὲν</strong></span> <span class='ocrx_word' id='word_1_252' title='bbox 793 3097 968 3153; x_wconf 76' lang='grc' dir='ltr'>αὐτῶν</span> <span class='ocrx_word' id='word_1_253' title='bbox 1024 3091 1235 3172; x_wconf 72' lang='grc' dir='ltr'>πληγὰς</span> <span class='ocrx_word' id='word_1_254' title='bbox 1290 3093 1508 3170; x_wconf 77' lang='grc' dir='ltr'>ἐπιθεὶς,</span> <span class='ocrx_word' id='word_1_255' title='bbox 1540 3097 1661 3161; x_wconf 84' lang='grc' dir='ltr'>τοὺς</span> <span class='ocrx_word' id='word_1_256' title='bbox 1707 3093 1759 3150; x_wconf 78' lang='grc' dir='ltr'>δὲ</span> <span class='ocrx_word' id='word_1_257' title='bbox 1791 3095 1966 3170; x_wconf 71' lang='grc' dir='ltr'>βασά-</span> 
     </span>
    </p>
   </div>
   <div class='ocr_carea' id='block_1_35' title="bbox 307 3181 1971 3264">
    <p class='ocr_par' dir='ltr' id='par_1_35' title="bbox 307 3181 1971 3264">
     <span class='ocr_line' id='line_1_35' title="bbox 307 3181 1971 3264; baseline -0.001 -21"><span class='ocrx_word' id='word_1_258' title='bbox 307 3209 414 3250; x_wconf 83' lang='grc' dir='ltr'>νοις</span> <span class='ocrx_word' id='word_1_259' title='bbox 475 3185 690 3264; x_wconf 77' lang='grc' dir='ltr'>ἑτέραις</span> <span class='ocrx_word' id='word_1_260' title='bbox 754 3181 1060 3258; x_wconf 72' lang='grc' dir='ltr'>ὑποϐαλὼν,</span> <span class='ocrx_word' id='word_1_261' title='bbox 1136 3185 1222 3240; x_wconf 81' lang='grc' dir='ltr'><strong>καὶ</strong></span> <span class='ocrx_word' id='word_1_262' title='bbox 1291 3191 1368 3260; x_wconf 79' lang='grc' dir='ltr'>τῷ</span> <span class='ocrx_word' id='word_1_263' title='bbox 1421 3193 1516 3243; x_wconf 82' lang='grc' dir='ltr'>τοῦ</span> <span class='ocrx_word' id='word_1_264' title='bbox 1568 3184 1830 3262; x_wconf 79' lang='grc' dir='ltr'>βασιλέως</span> <span class='ocrx_word' id='word_1_265' title='bbox 1887 3182 1971 3241; x_wconf 86' lang='grc' dir='ltr'>δο-</span> 
     </span>
    </p>
   </div>
   <div class='ocr_carea' id='block_1_36' title="bbox 305 3265 1964 3358">
    <p class='ocr_par' dir='ltr' id='par_1_36' title="bbox 305 3265 1964 3358">
     <span class='ocr_line' id='line_1_36' title="bbox 305 3265 1964 3358; baseline -0.003 -25"><span class='ocrx_word' id='word_1_266' title='bbox 305 3299 480 3358; x_wconf 69' lang='grc' dir='ltr'>γμιατι</span> <span class='ocrx_word' id='word_1_267' title='bbox 544 3275 815 3332; x_wconf 79' lang='grc' dir='ltr'>πείθεσθαι</span> <span class='ocrx_word' id='word_1_268' title='bbox 869 3273 1216 3355; x_wconf 75' lang='grc' dir='ltr'>παραινέσας,</span> <span class='ocrx_word' id='word_1_269' title='bbox 1269 3297 1355 3331; x_wconf 91' lang='grc' dir='ltr'><strong>οια</strong></span> <span class='ocrx_word' id='word_1_270' title='bbox 1409 3265 1608 3356; x_wconf 59' lang='grc' dir='ltr'>ἤμερὸν</span> <span class='ocrx_word' id='word_1_271' title='bbox 1675 3298 1726 3332; x_wconf 89' lang='grc' dir='ltr'><strong>τι</strong></span> <span class='ocrx_word' id='word_1_272' title='bbox 1798 3280 1964 3331; x_wconf 79' lang='grc' dir='ltr'>ποιῶν</span> 
     </span>
    </p>
   </div>
   <div class='ocr_carea' id='block_1_37' title="bbox 304 3362 1965 3447">
    <p class='ocr_par' dir='ltr' id='par_1_37' title="bbox 304 3362 1965 3447">
     <span class='ocr_line' id='line_1_37' title="bbox 304 3362 1965 3447; baseline -0.003 -23"><span class='ocrx_word' id='word_1_273' title='bbox 304 3369 392 3424; x_wconf 73' lang='grc' dir='ltr'><strong>καὶ</strong></span> <span class='ocrx_word' id='word_1_274' title='bbox 419 3365 831 3447; x_wconf 64' lang='grc' dir='ltr'>φιλάνθρωπον,</span> <span class='ocrx_word' id='word_1_275' title='bbox 891 3365 1011 3429; x_wconf 81' lang='grc' dir='ltr'>τοὺς</span> <span class='ocrx_word' id='word_1_276' title='bbox 1071 3364 1168 3440; x_wconf 81' lang='grc' dir='ltr'><strong>μὲν</strong></span> <span class='ocrx_word' id='word_1_277' title='bbox 1227 3363 1444 3430; x_wconf 86' lang='grc' dir='ltr'>λοιποὺς</span> <span class='ocrx_word' id='word_1_278' title='bbox 1507 3365 1719 3423; x_wconf 84' lang='grc' dir='ltr'>ἀπιέναι</span> <span class='ocrx_word' id='word_1_279' title='bbox 1779 3362 1965 3422; x_wconf 76' lang='grc' dir='ltr'>οἴκαδε</span> 
     </span>
    </p>
   </div>
   <div class='ocr_carea' id='block_1_38' title="bbox 306 3452 1968 3536">
    <p class='ocr_par' dir='ltr' id='par_1_38' title="bbox 306 3452 1968 3536">
     <span class='ocr_line' id='line_1_38' title="bbox 306 3452 1968 3536; baseline -0.002 -22"><span class='ocrx_word' id='word_1_280' title='bbox 306 3457 557 3526; x_wconf 75' lang='grc' dir='ltr'>ἆπολύει,</span> <span class='ocrx_word' id='word_1_281' title='bbox 619 3457 746 3517; x_wconf 70' lang='grc' dir='ltr'>τοὺς</span> <span class='ocrx_word' id='word_1_282' title='bbox 805 3452 858 3510; x_wconf 78' lang='grc' dir='ltr'>δὲ</span> <span class='ocrx_word' id='word_1_283' title='bbox 916 3455 1098 3533; x_wconf 82' lang='grc' dir='ltr'>ἁγίους</span> <span class='ocrx_word' id='word_1_284' title='bbox 1152 3455 1331 3534; x_wconf 76' lang='grc' dir='ltr'>ὥσπερ</span> <span class='ocrx_word' id='word_1_285' title='bbox 1389 3458 1476 3513; x_wconf 83' lang='grc' dir='ltr'><strong>καὶ</strong></span> <span class='ocrx_word' id='word_1_286' title='bbox 1505 3456 1748 3536; x_wconf 77' lang='grc' dir='ltr'>πρώτους</span> <span class='ocrx_word' id='word_1_287' title='bbox 1781 3458 1840 3512; x_wconf 80' lang='grc' dir='ltr'>τὸ</span> <span class='ocrx_word' id='word_1_288' title='bbox 1873 3455 1968 3522; x_wconf 69' lang='grc' dir='ltr'>τῆς</span> 
     </span>
    </p>
   </div>
   <div class='ocr_carea' id='block_1_39' title="bbox 312 3547 1968 3629">
    <p class='ocr_par' dir='ltr' id='par_1_39' title="bbox 312 3547 1968 3629">
     <span class='ocr_line' id='line_1_39' title="bbox 312 3547 1968 3629; baseline -0.002 -21"><span class='ocrx_word' id='word_1_289' title='bbox 312 3549 564 3619; x_wconf 70' lang='grc' dir='ltr'>ἂληθείας</span> <span class='ocrx_word' id='word_1_290' title='bbox 621 3550 876 3628; x_wconf 72' lang='grc' dir='ltr'>κήρυγμα</span> <span class='ocrx_word' id='word_1_291' title='bbox 933 3549 1271 3629; x_wconf 77' lang='grc' dir='ltr'>σπείροντας,</span> <span class='ocrx_word' id='word_1_292' title='bbox 1332 3551 1418 3606; x_wconf 68' lang='grc' dir='ltr'><strong>καὶ</strong></span> <span class='ocrx_word' id='word_1_293' title='bbox 1470 3563 1590 3614; x_wconf 64' lang='grc' dir='ltr'>τοῖς</span> <span class='ocrx_word' id='word_1_294' title='bbox 1641 3547 1825 3614; x_wconf 73' lang='grc' dir='ltr'>ἄλλοις</span> <span class='ocrx_word' id='word_1_295' title='bbox 1870 3554 1968 3616; x_wconf 78' lang='grc' dir='ltr'><strong>τῆς</strong></span> 
     </span>
    </p>
   </div>
   <div class='ocr_carea' id='block_1_40' title="bbox 322 3636 1968 3717">
    <p class='ocr_par' dir='ltr' id='par_1_40' title="bbox 322 3636 1968 3717">
     <span class='ocr_line' id='line_1_40' title="bbox 322 3636 1968 3717; baseline -0.001 -21"><span class='ocrx_word' id='word_1_296' title='bbox 322 3637 582 3703; x_wconf 49' lang='lat' dir='ltr'><strong>satietatis:</strong></span> <span class='ocrx_word' id='word_1_297' title='bbox 669 3636 1070 3717; x_wconf 75' lang='grc' dir='ltr'>μεταδιδόντας,</span> <span class='ocrx_word' id='word_1_298' title='bbox 1155 3643 1233 3713; x_wconf 78' lang='grc' dir='ltr'>τῷ</span> <span class='ocrx_word' id='word_1_299' title='bbox 1315 3637 1662 3717; x_wconf 69' lang='grc' dir='ltr'>δεσμωτηρίῳ</span> <span class='ocrx_word' id='word_1_300' title='bbox 1735 3643 1823 3697; x_wconf 83' lang='grc' dir='ltr'>καὶ</span> <span class='ocrx_word' id='word_1_301' title='bbox 1893 3639 1968 3696; x_wconf 75' lang='grc' dir='ltr'>ἔτι</span> 
     </span>
    </p>
   </div>
   <div class='ocr_carea' id='block_1_41' title="bbox 329 3727 1969 3809">
    <p class='ocr_par' dir='ltr' id='par_1_41' title="bbox 329 3727 1969 3809">
     <span class='ocr_line' id='line_1_41' title="bbox 329 3727 1969 3809; baseline -0.005 -23"><span class='ocrx_word' id='word_1_302' title='bbox 329 3729 543 3787; x_wconf 58' lang='lat' dir='ltr'><strong>hac»:</strong></span> <span class='ocrx_word' id='word_1_303' title='bbox 597 3727 1125 3808; x_wconf 75' lang='grc' dir='ltr'>προσταλαιπωρεῖν,</span> <span class='ocrx_word' id='word_1_304' title='bbox 1185 3735 1254 3806; x_wconf 81' lang='grc' dir='ltr'><strong>τῇ</strong></span> <span class='ocrx_word' id='word_1_305' title='bbox 1313 3731 1562 3802; x_wconf 79' lang='grc' dir='ltr'>κοινωνίᾳ</span> <span class='ocrx_word' id='word_1_306' title='bbox 1631 3735 1728 3797; x_wconf 80' lang='grc' dir='ltr'>τῆς</span> <span class='ocrx_word' id='word_1_307' title='bbox 1774 3751 1969 3809; x_wconf 79' lang='grc' dir='ltr'>μαρτυ.</span> 
     </span>
    </p>
   </div>
   <div class='ocr_carea' id='block_1_42' title="bbox 325 3816 1968 3900">
    <p class='ocr_par' dir='ltr' id='par_1_42' title="bbox 325 3816 1968 3900">
     <span class='ocr_line' id='line_1_42' title="bbox 325 3816 1968 3900; baseline 0.001 -26"><span class='ocrx_word' id='word_1_308' title='bbox 325 3821 438 3900; x_wconf 81' lang='grc' dir='ltr'>ρίας</span> <span class='ocrx_word' id='word_1_309' title='bbox 474 3816 568 3873; x_wconf 73' lang='grc' dir='ltr'><strong>καί</strong></span> <span class='ocrx_word' id='word_1_310' title='bbox 595 3818 784 3882; x_wconf 67' lang='grc' dir='ltr'>αὐτοὺς</span> <span class='ocrx_word' id='word_1_311' title='bbox 838 3818 1153 3898; x_wconf 80' lang='grc' dir='ltr'>χαίροντας·</span> <span class='ocrx_word' id='word_1_312' title='bbox 1206 3818 1514 3886; x_wconf 72' lang='grc' dir='ltr'>ἠκηκόεσαν</span> <span class='ocrx_word' id='word_1_313' title='bbox 1570 3821 1670 3898; x_wconf 81' lang='grc' dir='ltr'><strong>γὰρ</strong></span> <span class='ocrx_word' id='word_1_314' title='bbox 1719 3820 1813 3877; x_wconf 76' lang='grc' dir='ltr'>κὰν</span> <span class='ocrx_word' id='word_1_315' title='bbox 1844 3832 1968 3884; x_wconf 75' lang='grc' dir='ltr'>ταῖς</span> 
     </span>
    </p>
   </div>
   <div class='ocr_carea' id='block_1_43' title="bbox 320 3906 1973 3988">
    <p class='ocr_par' dir='ltr' id='par_1_43' title="bbox 320 3906 1973 3988">
     <span class='ocr_line' id='line_1_43' title="bbox 320 3906 1973 3988; baseline -0.001 -22"><span class='ocrx_word' id='word_1_316' title='bbox 320 3909 514 3974; x_wconf 75' lang='grc' dir='ltr'>ἄλλαις</span> <span class='ocrx_word' id='word_1_317' title='bbox 581 3909 871 3988; x_wconf 66' lang='grc' dir='ltr'>ἔπαρχίαις</span> <span class='ocrx_word' id='word_1_318' title='bbox 942 3906 1174 3968; x_wconf 80' lang='grc' dir='ltr'>πολλοὺς</span> <span class='ocrx_word' id='word_1_319' title='bbox 1242 3910 1332 3965; x_wconf 79' lang='grc' dir='ltr'><strong>τὸν</strong></span> <span class='ocrx_word' id='word_1_320' title='bbox 1396 3907 1517 3966; x_wconf 76' lang='grc' dir='ltr'>ἴσον</span> <span class='ocrx_word' id='word_1_321' title='bbox 1587 3909 1774 3971; x_wconf 66' lang='grc' dir='ltr'>αὐτοῖς</span> <span class='ocrx_word' id='word_1_322' title='bbox 1837 3908 1973 3965; x_wconf 75' lang='grc' dir='ltr'>θέειν</span> 
     </span>
    </p>
   </div>
   <div class='ocr_carea' id='block_1_44' title="bbox 309 3998 1974 4080">
    <p class='ocr_par' dir='ltr' id='par_1_44' title="bbox 309 3998 1974 4080">
     <span class='ocr_line' id='line_1_44' title="bbox 309 3998 1974 4080; baseline -0.001 -21"><span class='ocrx_word' id='word_1_323' title='bbox 309 4004 504 4080; x_wconf 73' lang='grc' dir='ltr'>ἀγῶνα</span> <span class='ocrx_word' id='word_1_324' title='bbox 539 4015 554 4031; x_wconf 84' lang='grc'><strong>⁸</strong></span> <span class='ocrx_word' id='word_1_325' title='bbox 587 4003 667 4055; x_wconf 79' lang='grc' dir='ltr'>ὧν</span> <span class='ocrx_word' id='word_1_326' title='bbox 697 3999 1007 4078; x_wconf 73' lang='grc' dir='ltr'>Ἐπιτράνιός</span> <span class='ocrx_word' id='word_1_327' title='bbox 1042 4019 1099 4055; x_wconf 82' lang='grc' dir='ltr'><strong>τε</strong></span> <span class='ocrx_word' id='word_1_328' title='bbox 1150 4000 1237 4056; x_wconf 84' lang='grc' dir='ltr'><strong>καὶ</strong></span> <span class='ocrx_word' id='word_1_329' title='bbox 1299 3999 1490 4078; x_wconf 77' lang='grc' dir='ltr'>Πέτρος</span> <span class='ocrx_word' id='word_1_330' title='bbox 1543 4001 1633 4075; x_wconf 77' lang='grc' dir='ltr'><strong>ἧν,</strong></span> <span class='ocrx_word' id='word_1_331' title='bbox 1699 3998 1974 4080; x_wconf 71' lang='grc' dir='ltr'>Παμφιλος</span> 
     </span>
    </p>
   </div>
   <div class='ocr_carea' id='block_1_45' title="bbox 312 4087 1972 4170">
    <p class='ocr_par' dir='ltr' id='par_1_45' title="bbox 312 4087 1972 4170">
     <span class='ocr_line' id='line_1_45' title="bbox 312 4087 1972 4170; baseline -0.002 -21"><span class='ocrx_word' id='word_1_332' title='bbox 312 4099 343 4152; x_wconf 82' lang='grc' dir='ltr'>ὁ</span> <span class='ocrx_word' id='word_1_333' title='bbox 401 4094 549 4170; x_wconf 77' lang='grc' dir='ltr'>ἱερὸς</span> <span class='ocrx_word' id='word_1_334' title='bbox 608 4090 745 4154; x_wconf 76' lang='grc' dir='ltr'>μετὰ</span> <span class='ocrx_word' id='word_1_335' title='bbox 800 4088 1016 4146; x_wconf 85' lang='grc' dir='ltr'>πολλῶν</span> <span class='ocrx_word' id='word_1_336' title='bbox 1069 4090 1158 4146; x_wconf 86' lang='grc' dir='ltr'><strong>καὶ</strong></span> <span class='ocrx_word' id='word_1_337' title='bbox 1215 4087 1374 4146; x_wconf 75' lang='grc' dir='ltr'>ἄλλον</span> <span class='ocrx_word' id='word_1_338' title='bbox 1435 4089 1489 4144; x_wconf 80' lang='grc' dir='ltr'>ἐν</span> <span class='ocrx_word' id='word_1_339' title='bbox 1549 4091 1832 4163; x_wconf 76' lang='grc' dir='ltr'>Καισαρείᾳ</span> <span class='ocrx_word' id='word_1_340' title='bbox 1874 4094 1972 4157; x_wconf 80' lang='grc' dir='ltr'><strong>τῆς</strong></span> 
     </span>
    </p>
   </div>
   <div class='ocr_carea' id='block_1_46' title="bbox 312 4177 1976 4260">
    <p class='ocr_par' dir='ltr' id='par_1_46' title="bbox 312 4177 1976 4260">
     <span class='ocr_line' id='line_1_46' title="bbox 312 4177 1976 4260; baseline -0.003 -19"><span class='ocrx_word' id='word_1_341' title='bbox 312 4181 712 4259; x_wconf 83' lang='grc' dir='ltr'>Παλαιστίνης,</span> <span class='ocrx_word' id='word_1_342' title='bbox 770 4181 1024 4256; x_wconf 79' lang='grc' dir='ltr'>Τιμόθεος</span> <span class='ocrx_word' id='word_1_343' title='bbox 1085 4179 1150 4236; x_wconf 80' lang='grc' dir='ltr'>ἀν</span> <span class='ocrx_word' id='word_1_344' title='bbox 1204 4180 1370 4260; x_wconf 80' lang='grc' dir='ltr'>Γάζῃ,</span> <span class='ocrx_word' id='word_1_345' title='bbox 1419 4183 1473 4236; x_wconf 72' lang='grc' dir='ltr'>ἓν</span> <span class='ocrx_word' id='word_1_346' title='bbox 1517 4177 1880 4254; x_wconf 77' lang='grc' dir='ltr'>Ἀλεξανδρείᾳ</span> <span class='ocrx_word' id='word_1_347' title='bbox 1907 4185 1976 4257; x_wconf 82' lang='grc' dir='ltr'><strong>τῇ</strong></span> 
     </span>
    </p>
   </div>
   <div class='ocr_carea' id='block_1_47' title="bbox 309 4268 1972 4353">
    <p class='ocr_par' dir='ltr' id='par_1_47' title="bbox 309 4268 1972 4353">
     <span class='ocr_line' id='line_1_47' title="bbox 309 4268 1972 4353; baseline -0.002 -23"><span class='ocrx_word' id='word_1_348' title='bbox 309 4273 538 4353; x_wconf 69' lang='grc' dir='ltr'>μεγάλῃ</span> <span class='ocrx_word' id='word_1_349' title='bbox 599 4268 832 4353; x_wconf 69' lang='grc' dir='ltr'>ῌαῦλος,</span> <span class='ocrx_word' id='word_1_350' title='bbox 888 4271 1198 4347; x_wconf 72' lang='grc' dir='ltr'>Ἀγαπητδς</span> <span class='ocrx_word' id='word_1_351' title='bbox 1259 4269 1312 4325; x_wconf 80' lang='grc' dir='ltr'>ὲν</span> <span class='ocrx_word' id='word_1_352' title='bbox 1364 4269 1748 4348; x_wconf 78' lang='grc' dir='ltr'>Θεσσαλονίκῃ,</span> <span class='ocrx_word' id='word_1_353' title='bbox 1783 4269 1838 4324; x_wconf 78' lang='grc' dir='ltr'>ὲν</span> <span class='ocrx_word' id='word_1_354' title='bbox 1871 4279 1972 4328; x_wconf 84' lang='grc' dir='ltr'><strong>Νι-</strong></span> 
     </span>
    </p>
   </div>
   <div class='ocr_carea' id='block_1_48' title="bbox 306 4351 1973 4441">
    <p class='ocr_par' dir='ltr' id='par_1_48' title="bbox 306 4351 1973 4441">
     <span class='ocr_line' id='line_1_48' title="bbox 306 4351 1973 4441; baseline -0.005 -19"><span class='ocrx_word' id='word_1_355' title='bbox 306 4351 891 4441; x_wconf 54' lang='grc' dir='ltr'>κομηδείᾳἮσὺχιος,</span> <span class='ocrx_word' id='word_1_356' title='bbox 935 4358 1204 4425; x_wconf 85' lang='grc' dir='ltr'>Φίλιππος</span> <span class='ocrx_word' id='word_1_357' title='bbox 1263 4361 1318 4416; x_wconf 77' lang='grc' dir='ltr'>ἐν</span> <span class='ocrx_word' id='word_1_358' title='bbox 1373 4357 1652 4438; x_wconf 80' lang='grc' dir='ltr'>Ἀδριανοῦ</span> <span class='ocrx_word' id='word_1_359' title='bbox 1707 4361 1887 4434; x_wconf 82' lang='grc' dir='ltr'>πόλει,</span> <span class='ocrx_word' id='word_1_360' title='bbox 1919 4359 1973 4415; x_wconf 76' lang='grc' dir='ltr'>ἐν</span> 
     </span>
    </p>
   </div>
   <div class='ocr_carea' id='block_1_49' title="bbox 307 4441 1972 4530">
    <p class='ocr_par' dir='ltr' id='par_1_49' title="bbox 307 4441 1972 4530">
     <span class='ocr_line' id='line_1_49' title="bbox 307 4441 1972 4530; baseline -0.002 -21"><span class='ocrx_word' id='word_1_361' title='bbox 307 4453 606 4519; x_wconf 72' lang='grc' dir='ltr'>Μελιτηνῆ</span> <span class='ocrx_word' id='word_1_362' title='bbox 638 4450 854 4530; x_wconf 77' lang='grc' dir='ltr'>Πέτρος,</span> <span class='ocrx_word' id='word_1_363' title='bbox 903 4441 1100 4528; x_wconf 66' lang='grc' dir='ltr'>Ἐρμῆς</span> <span class='ocrx_word' id='word_1_364' title='bbox 1148 4451 1237 4506; x_wconf 84' lang='grc' dir='ltr'><strong>καὶ</strong></span> <span class='ocrx_word' id='word_1_365' title='bbox 1293 4454 1340 4507; x_wconf 77' lang='grc' dir='ltr'>οἱ</span> <span class='ocrx_word' id='word_1_366' title='bbox 1396 4451 1489 4506; x_wconf 79' lang='grc' dir='ltr'>σὺν</span> <span class='ocrx_word' id='word_1_367' title='bbox 1541 4451 1687 4524; x_wconf 72' lang='grc' dir='ltr'>αὐτῷ</span> <span class='ocrx_word' id='word_1_368' title='bbox 1743 4450 1796 4505; x_wconf 79' lang='grc' dir='ltr'>ἐν</span> <span class='ocrx_word' id='word_1_369' title='bbox 1853 4463 1972 4513; x_wconf 77' lang='grc' dir='ltr'>τοῖς</span> 
     </span>
    </p>
   </div>
   <div class='ocr_carea' id='block_1_50' title="bbox 1991 3194 2030 3246">
    <p class='ocr_par' dir='ltr' id='par_1_50' title="bbox 1991 3194 2030 3246">
     <span class='ocr_line' id='line_1_50' title="bbox 1991 3194 2030 3246; baseline 0 -2"><span class='ocrx_word' id='word_1_370' title='bbox 1991 3194 2030 3246; x_wconf 77' lang='lat' dir='ltr'><strong>C</strong></span> 
     </span>
    </p>
   </div>
   <div class='ocr_carea' id='block_1_51' title="bbox 2035 575 3679 658">
    <p class='ocr_par' dir='ltr' id='par_1_51' title="bbox 2035 575 3679 658">
     <span class='ocr_line' id='line_1_51' title="bbox 2035 575 3679 658; baseline 0.004 -24"><span class='ocrx_word' id='word_1_371' title='bbox 2035 575 2276 652; x_wconf 89' lang='lat' dir='ltr'><strong>cigitua,</strong></span> <span class='ocrx_word' id='word_1_372' title='bbox 2313 576 2407 636; x_wconf 88' lang='lat' dir='ltr'><strong>hic</strong></span> <span class='ocrx_word' id='word_1_373' title='bbox 2463 587 2658 638; x_wconf 90' lang='lat' dir='ltr'><strong>autem</strong></span> <span class='ocrx_word' id='word_1_374' title='bbox 2703 594 2775 636; x_wconf 80' lang='lat' dir='ltr'><strong>ex</strong></span> <span class='ocrx_word' id='word_1_375' title='bbox 2833 583 2960 637; x_wconf 89' lang='lat' dir='ltr'><strong>vico</strong></span> <span class='ocrx_word' id='word_1_376' title='bbox 3021 576 3268 640; x_wconf 86' lang='lat' dir='ltr'><strong>Ganade</strong></span> <span class='ocrx_word' id='word_1_377' title='bbox 3299 585 3426 638; x_wconf 85' lang='lat' dir='ltr'><strong>erat</strong></span> <span class='ocrx_word' id='word_1_378' title='bbox 3484 589 3679 658; x_wconf 88' lang='lat' dir='ltr'><strong>ortus,</strong></span> 
     </span>
    </p>
   </div>
   <div class='ocr_carea' id='block_1_52' title="bbox 2034 665 3678 754">
    <p class='ocr_par' dir='ltr' id='par_1_52' title="bbox 2034 665 3678 754">
     <span class='ocr_line' id='line_1_52' title="bbox 2034 665 3678 754; baseline 0.003 -29"><span class='ocrx_word' id='word_1_379' title='bbox 2034 665 2457 727; x_wconf 80' lang='lat' dir='ltr'><strong>amhoeducati</strong></span> <span class='ocrx_word' id='word_1_380' title='bbox 2475 667 2910 747; x_wconf 63' lang='lat' dir='ltr'><strong>Edessaa,qoam</strong></span> <span class='ocrx_word' id='word_1_381' title='bbox 2937 676 3147 728; x_wconf 84' lang='lat' dir='ltr'><strong>vocant</strong></span> <span class='ocrx_word' id='word_1_382' title='bbox 3173 671 3678 754; x_wconf 74' lang='lat' dir='ltr'><strong>Mesopotamiam,</strong></span> 
     </span>
    </p>
   </div>
   <div class='ocr_carea' id='block_1_53' title="bbox 2033 755 3687 839">
    <p class='ocr_par' dir='ltr' id='par_1_53' title="bbox 2033 755 3687 839">
     <span class='ocr_line' id='line_1_53' title="bbox 2033 755 3687 839; baseline 0.001 -23"><span class='ocrx_word' id='word_1_383' title='bbox 2033 755 2190 836; x_wconf 88' lang='lat' dir='ltr'><strong>quod</strong></span> <span class='ocrx_word' id='word_1_384' title='bbox 2225 756 2301 817; x_wconf 90' lang='lat' dir='ltr'><strong>sit</strong></span> <span class='ocrx_word' id='word_1_385' title='bbox 2349 757 2544 818; x_wconf 87' lang='lat' dir='ltr'><strong>media</strong></span> <span class='ocrx_word' id='word_1_386' title='bbox 2575 757 2733 819; x_wconf 90' lang='lat' dir='ltr'><strong>inter</strong></span> <span class='ocrx_word' id='word_1_387' title='bbox 2767 756 3126 837; x_wconf 75' lang='lat' dir='ltr'><strong>Euphratem</strong></span> <span class='ocrx_word' id='word_1_388' title='bbox 3158 766 3214 819; x_wconf 91' lang='lat' dir='ltr'><strong>et</strong></span> <span class='ocrx_word' id='word_1_389' title='bbox 3267 757 3595 839; x_wconf 75' lang='lat' dir='ltr'><strong>Tigridem,</strong></span> <span class='ocrx_word' id='word_1_390' title='bbox 3627 768 3687 820; x_wconf 91' lang='lat' dir='ltr'><strong>et</strong></span> 
     </span>
    </p>
   </div>
   <div class='ocr_carea' id='block_1_54' title="bbox 2032 847 3681 927">
    <p class='ocr_par' dir='ltr' id='par_1_54' title="bbox 2032 847 3681 927">
     <span class='ocr_line' id='line_1_54' title="bbox 2032 847 3681 927; baseline 0.001 -21"><span class='ocrx_word' id='word_1_391' title='bbox 2032 853 2205 907; x_wconf 88' lang='lat' dir='ltr'><strong>antea</strong></span> <span class='ocrx_word' id='word_1_392' title='bbox 2259 847 2498 926; x_wconf 73' lang='lat' dir='ltr'><strong>quidam</strong></span> <span class='ocrx_word' id='word_1_393' title='bbox 2551 847 2682 926; x_wconf 78' lang='lat' dir='ltr'><strong>ejus</strong></span> <span class='ocrx_word' id='word_1_394' title='bbox 2714 847 2868 906; x_wconf 82' lang='lat' dir='ltr'><strong>fama</strong></span> <span class='ocrx_word' id='word_1_395' title='bbox 2919 847 2989 907; x_wconf 88' lang='lat' dir='ltr'><strong>ad</strong></span> <span class='ocrx_word' id='word_1_396' title='bbox 3028 865 3244 926; x_wconf 90' lang='lat' dir='ltr'><strong>paucos</strong></span> <span class='ocrx_word' id='word_1_397' title='bbox 3293 856 3681 927; x_wconf 81' lang='lat' dir='ltr'><strong>pervaserat;</strong></span> 
     </span>
    </p>
   </div>
   <div class='ocr_carea' id='block_1_55' title="bbox 2033 937 3683 1017">
    <p class='ocr_par' dir='ltr' id='par_1_55' title="bbox 2033 937 3683 1017">
     <span class='ocr_line' id='line_1_55' title="bbox 2033 937 3683 1017; baseline 0.001 -21"><span class='ocrx_word' id='word_1_398' title='bbox 2033 944 2494 1017; x_wconf 81' lang='lat' dir='ltr'><strong>postmartyrum</strong></span> <span class='ocrx_word' id='word_1_399' title='bbox 2522 944 2722 998; x_wconf 85' lang='lat' dir='ltr'><strong>autem</strong></span> <span class='ocrx_word' id='word_1_400' title='bbox 2752 937 3080 998; x_wconf 70' lang='lat' dir='ltr'><strong>certamina</strong></span> <span class='ocrx_word' id='word_1_401' title='bbox 3111 945 3237 997; x_wconf 85' lang='lat' dir='ltr'><strong>erat</strong></span> <span class='ocrx_word' id='word_1_402' title='bbox 3259 937 3530 998; x_wconf 91' lang='lat' dir='ltr'><strong>omnium</strong></span> <span class='ocrx_word' id='word_1_403' title='bbox 3551 955 3683 1000; x_wconf 85' lang='lat' dir='ltr'><strong>ser-</strong></span> 
     </span>
    </p>
   </div>
   <div class='ocr_carea' id='block_1_56' title="bbox 2034 1025 3683 1106">
    <p class='ocr_par' dir='ltr' id='par_1_56' title="bbox 2034 1025 3683 1106">
     <span class='ocr_line' id='line_1_56' title="bbox 2034 1025 3683 1106; baseline 0.002 -21"><span class='ocrx_word' id='word_1_404' title='bbox 2034 1043 2210 1086; x_wconf 88' lang='lat' dir='ltr'><strong>mone</strong></span> <span class='ocrx_word' id='word_1_405' title='bbox 2240 1026 2562 1088; x_wconf 82' lang='lat' dir='ltr'><strong>celenrata.</strong></span> <span class='ocrx_word' id='word_1_406' title='bbox 2596 1025 2789 1106; x_wconf 84' lang='lat' dir='ltr'><strong>Atque</strong></span> <span class='ocrx_word' id='word_1_407' title='bbox 2816 1025 3003 1087; x_wconf 89' lang='lat' dir='ltr'><strong>sancti</strong></span> <span class='ocrx_word' id='word_1_408' title='bbox 3030 1026 3275 1106; x_wconf 82' lang='lat' dir='ltr'><strong>quidem</strong></span> <span class='ocrx_word' id='word_1_409' title='bbox 3309 1043 3683 1106; x_wconf 87' lang='lat' dir='ltr'><strong>nequaquam</strong></span> 
     </span>
    </p>
   </div>
   <div class='ocr_carea' id='block_1_57' title="bbox 2032 1115 3683 1196">
    <p class='ocr_par' dir='ltr' id='par_1_57' title="bbox 2032 1115 3683 1196">
     <span class='ocr_line' id='line_1_57' title="bbox 2032 1115 3683 1196; baseline 0.002 -22"><span class='ocrx_word' id='word_1_410' title='bbox 2032 1116 2427 1178; x_wconf 73' lang='lat' dir='ltr'><strong>versabantur</strong></span> <span class='ocrx_word' id='word_1_411' title='bbox 2458 1116 2517 1178; x_wconf 86' lang='lat' dir='ltr'><strong>in</strong></span> <span class='ocrx_word' id='word_1_412' title='bbox 2550 1117 2788 1176; x_wconf 78' lang='lat' dir='ltr'><strong>civitate</strong></span> <span class='ocrx_word' id='word_1_413' title='bbox 2818 1136 2834 1191; x_wconf 86' lang='lat'><strong>;</strong></span> <span class='ocrx_word' id='word_1_414' title='bbox 2865 1115 2968 1176; x_wconf 86' lang='lat' dir='ltr'><strong>sed</strong></span> <span class='ocrx_word' id='word_1_415' title='bbox 3005 1115 3216 1196; x_wconf 82' lang='lat' dir='ltr'><strong>procul</strong></span> <span class='ocrx_word' id='word_1_416' title='bbox 3247 1115 3318 1176; x_wconf 87' lang='lat' dir='ltr'><strong>ab</strong></span> <span class='ocrx_word' id='word_1_417' title='bbox 3345 1133 3412 1177; x_wconf 86' lang='lat' dir='ltr'><strong>ea</strong></span> <span class='ocrx_word' id='word_1_418' title='bbox 3442 1116 3683 1190; x_wconf 90' lang='lat' dir='ltr'><strong>remoti,</strong></span> 
     </span>
    </p>
   </div>
   <div class='ocr_carea' id='block_1_58' title="bbox 2034 1204 3684 1287">
    <p class='ocr_par' dir='ltr' id='par_1_58' title="bbox 2034 1204 3684 1287">
     <span class='ocr_line' id='line_1_58' title="bbox 2034 1204 3684 1287; baseline 0.001 -20"><span class='ocrx_word' id='word_1_419' title='bbox 2034 1214 2098 1267; x_wconf 90' lang='lat' dir='ltr'><strong>ut</strong></span> <span class='ocrx_word' id='word_1_420' title='bbox 2148 1206 2249 1285; x_wconf 90' lang='lat' dir='ltr'><strong>qui</strong></span> <span class='ocrx_word' id='word_1_421' title='bbox 2285 1206 2499 1266; x_wconf 81' lang='lat' dir='ltr'><strong>vellent</strong></span> <span class='ocrx_word' id='word_1_422' title='bbox 2531 1205 2732 1286; x_wconf 86' lang='lat' dir='ltr'><strong>procul</strong></span> <span class='ocrx_word' id='word_1_423' title='bbox 2782 1207 2994 1266; x_wconf 86' lang='lat' dir='ltr'><strong>abesse</strong></span> <span class='ocrx_word' id='word_1_424' title='bbox 3024 1205 3097 1266; x_wconf 88' lang='lat' dir='ltr'><strong>ab</strong></span> <span class='ocrx_word' id='word_1_425' title='bbox 3131 1204 3261 1283; x_wconf 84' lang='lat' dir='ltr'><strong>ejus</strong></span> <span class='ocrx_word' id='word_1_426' title='bbox 3297 1205 3684 1287; x_wconf 79' lang='lat' dir='ltr'><strong>tumultibus,</strong></span> 
     </span>
    </p>
   </div>
   <div class='ocr_carea' id='block_1_59' title="bbox 2035 1292 3684 1375">
    <p class='ocr_par' dir='ltr' id='par_1_59' title="bbox 2035 1292 3684 1375">
     <span class='ocr_line' id='line_1_59' title="bbox 2035 1292 3684 1375; baseline 0.001 -20"><span class='ocrx_word' id='word_1_427' title='bbox 2035 1293 2356 1355; x_wconf 76' lang='lat' dir='ltr'><strong>studebant</strong></span> <span class='ocrx_word' id='word_1_428' title='bbox 2379 1312 2510 1355; x_wconf 82' lang='lat' dir='ltr'><strong>esse</strong></span> <span class='ocrx_word' id='word_1_429' title='bbox 2531 1298 2654 1357; x_wconf 91' lang='lat' dir='ltr'><strong>Deo</strong></span> <span class='ocrx_word' id='word_1_430' title='bbox 2673 1293 2784 1354; x_wconf 89' lang='lat' dir='ltr'><strong>soli</strong></span> <span class='ocrx_word' id='word_1_431' title='bbox 2807 1292 3203 1355; x_wconf 82' lang='lat' dir='ltr'><strong>manifesti.Et</strong></span> <span class='ocrx_word' id='word_1_432' title='bbox 3226 1295 3422 1355; x_wconf 65' lang='lat' dir='ltr'><strong>Guriaa</strong></span> <span class='ocrx_word' id='word_1_433' title='bbox 3443 1295 3684 1375; x_wconf 84' lang='lat' dir='ltr'><strong>quidem</strong></span> 
     </span>
    </p>
   </div>
   <div class='ocr_carea' id='block_1_60' title="bbox 2037 1384 3688 1468">
    <p class='ocr_par' dir='ltr' id='par_1_60' title="bbox 2037 1384 3688 1468">
     <span class='ocr_line' id='line_1_60' title="bbox 2037 1384 3688 1468; baseline 0.001 -21"><span class='ocrx_word' id='word_1_434' title='bbox 2037 1386 2403 1448; x_wconf 84' lang='lat' dir='ltr'><strong>continentia</strong></span> <span class='ocrx_word' id='word_1_435' title='bbox 2435 1396 2497 1447; x_wconf 83' lang='lat' dir='ltr'><strong>et</strong></span> <span class='ocrx_word' id='word_1_436' title='bbox 2527 1387 2787 1448; x_wconf 77' lang='lat' dir='ltr'><strong>Charitas</strong></span> <span class='ocrx_word' id='word_1_437' title='bbox 2825 1393 2954 1447; x_wconf 86' lang='lat' dir='ltr'><strong>erat</strong></span> <span class='ocrx_word' id='word_1_438' title='bbox 2983 1384 3140 1446; x_wconf 87' lang='lat' dir='ltr'><strong>bona</strong></span> <span class='ocrx_word' id='word_1_439' title='bbox 3172 1393 3232 1445; x_wconf 91' lang='lat' dir='ltr'><strong>et</strong></span> <span class='ocrx_word' id='word_1_440' title='bbox 3263 1386 3514 1448; x_wconf 89' lang='lat' dir='ltr'><strong>honesta</strong></span> <span class='ocrx_word' id='word_1_441' title='bbox 3547 1404 3688 1468; x_wconf 90' lang='lat' dir='ltr'><strong>pos-</strong></span> 
     </span>
    </p>
   </div>
   <div class='ocr_carea' id='block_1_61' title="bbox 2039 1475 3689 1556">
    <p class='ocr_par' dir='ltr' id='par_1_61' title="bbox 2039 1475 3689 1556">
     <span class='ocr_line' id='line_1_61' title="bbox 2039 1475 3689 1556; baseline 0 -18"><span class='ocrx_word' id='word_1_442' title='bbox 2039 1477 2252 1552; x_wconf 84' lang='lat' dir='ltr'><strong>sessio,</strong></span> <span class='ocrx_word' id='word_1_443' title='bbox 2277 1486 2336 1536; x_wconf 91' lang='lat' dir='ltr'><strong>et</strong></span> <span class='ocrx_word' id='word_1_444' title='bbox 2365 1494 2434 1536; x_wconf 85' lang='lat' dir='ltr'><strong>ex</strong></span> <span class='ocrx_word' id='word_1_445' title='bbox 2469 1475 2631 1536; x_wconf 88' lang='lat' dir='ltr'><strong>illius</strong></span> <span class='ocrx_word' id='word_1_446' title='bbox 2663 1475 2860 1536; x_wconf 87' lang='lat' dir='ltr'><strong>studio</strong></span> <span class='ocrx_word' id='word_1_447' title='bbox 2885 1493 3219 1552; x_wconf 81' lang='lat' dir='ltr'><strong>cognomen</strong></span> <span class='ocrx_word' id='word_1_448' title='bbox 3243 1483 3333 1536; x_wconf 90' lang='lat' dir='ltr'><strong>est</strong></span> <span class='ocrx_word' id='word_1_449' title='bbox 3360 1476 3415 1536; x_wconf 91' lang='lat' dir='ltr'><strong>ei</strong></span> <span class='ocrx_word' id='word_1_450' title='bbox 3447 1476 3689 1556; x_wconf 89' lang='lat' dir='ltr'><strong>imposi-</strong></span> 
     </span>
    </p>
   </div>
   <div class='ocr_carea' id='block_1_62' title="bbox 2041 1564 3689 1648">
    <p class='ocr_par' dir='ltr' id='par_1_62' title="bbox 2041 1564 3689 1648">
     <span class='ocr_line' id='line_1_62' title="bbox 2041 1564 3689 1648; baseline 0 -22"><span class='ocrx_word' id='word_1_451' title='bbox 2041 1575 2162 1626; x_wconf 94' lang='lat' dir='ltr'><strong>tum</strong></span> <span class='ocrx_word' id='word_1_452' title='bbox 2214 1565 2362 1626; x_wconf 89' lang='lat' dir='ltr'><strong>adeo</strong></span> <span class='ocrx_word' id='word_1_453' title='bbox 2417 1572 2479 1625; x_wconf 92' lang='lat' dir='ltr'><strong>ut</strong></span> <span class='ocrx_word' id='word_1_454' title='bbox 2536 1584 2604 1625; x_wconf 84' lang='lat' dir='ltr'><strong>ex</strong></span> <span class='ocrx_word' id='word_1_455' title='bbox 2646 1564 2891 1626; x_wconf 88' lang='lat' dir='ltr'><strong>nomine</strong></span> <span class='ocrx_word' id='word_1_456' title='bbox 2948 1582 3084 1624; x_wconf 90' lang='lat' dir='ltr'><strong>eum</strong></span> <span class='ocrx_word' id='word_1_457' title='bbox 3147 1581 3268 1624; x_wconf 89' lang='lat' dir='ltr'><strong>non</strong></span> <span class='ocrx_word' id='word_1_458' title='bbox 3315 1565 3689 1648; x_wconf 80' lang='lat' dir='ltr'><strong>cognoveris,</strong></span> 
     </span>
    </p>
   </div>
   <div class='ocr_carea' id='block_1_63' title="bbox 2040 1654 3690 1736">
    <p class='ocr_par' dir='ltr' id='par_1_63' title="bbox 2040 1654 3690 1736">
     <span class='ocr_line' id='line_1_63' title="bbox 2040 1654 3690 1736; baseline 0 -19"><span class='ocrx_word' id='word_1_459' title='bbox 2040 1655 2156 1717; x_wconf 88' lang='lat' dir='ltr'><strong>nisi</strong></span> <span class='ocrx_word' id='word_1_460' title='bbox 2216 1655 2383 1736; x_wconf 88' lang='lat' dir='ltr'><strong>prius</strong></span> <span class='ocrx_word' id='word_1_461' title='bbox 2435 1655 2656 1716; x_wconf 82' lang='lat' dir='ltr'><strong>dixeris</strong></span> <span class='ocrx_word' id='word_1_462' title='bbox 2701 1654 3137 1716; x_wconf 87' lang='lat' dir='ltr'><strong>continentem.</strong></span> <span class='ocrx_word' id='word_1_463' title='bbox 3173 1655 3442 1716; x_wconf 70' lang='lat' dir='ltr'><strong>Samonie</strong></span> <span class='ocrx_word' id='word_1_464' title='bbox 3491 1664 3690 1718; x_wconf 88' lang='lat' dir='ltr'><strong>autem</strong></span> 
     </span>
    </p>
   </div>
   <div class='ocr_carea' id='block_1_64' title="bbox 2043 1743 3688 1824">
    <p class='ocr_par' dir='ltr' id='par_1_64' title="bbox 2043 1743 3688 1824">
     <span class='ocr_line' id='line_1_64' title="bbox 2043 1743 3688 1824; baseline -0.001 -18"><span class='ocrx_word' id='word_1_465' title='bbox 2043 1753 2167 1806; x_wconf 86' lang='lat' dir='ltr'><strong>erat</strong></span> <span class='ocrx_word' id='word_1_466' title='bbox 2193 1744 2252 1805; x_wconf 91' lang='lat' dir='ltr'><strong>in</strong></span> <span class='ocrx_word' id='word_1_467' title='bbox 2284 1746 2470 1807; x_wconf 85' lang='lat' dir='ltr'><strong>Deum</strong></span> <span class='ocrx_word' id='word_1_468' title='bbox 2492 1763 2712 1824; x_wconf 88' lang='lat' dir='ltr'><strong>corpus</strong></span> <span class='ocrx_word' id='word_1_469' title='bbox 2733 1752 2790 1804; x_wconf 82' lang='lat' dir='ltr'><strong>et</strong></span> <span class='ocrx_word' id='word_1_470' title='bbox 2818 1743 3054 1805; x_wconf 89' lang='lat' dir='ltr'><strong>animus</strong></span> <span class='ocrx_word' id='word_1_471' title='bbox 3069 1743 3354 1823; x_wconf 81' lang='lat' dir='ltr'><strong>juvenilis</strong></span> <span class='ocrx_word' id='word_1_472' title='bbox 3367 1753 3423 1804; x_wconf 90' lang='lat' dir='ltr'><strong>et</strong></span> <span class='ocrx_word' id='word_1_473' title='bbox 3452 1745 3688 1820; x_wconf 86' lang='lat' dir='ltr'><strong>alacris,</strong></span> 
     </span>
    </p>
   </div>
   <div class='ocr_carea' id='block_1_65' title="bbox 2045 1832 3691 1914">
    <p class='ocr_par' dir='ltr' id='par_1_65' title="bbox 2045 1832 3691 1914">
     <span class='ocr_line' id='line_1_65' title="bbox 2045 1832 3691 1914; baseline -0.001 -17"><span class='ocrx_word' id='word_1_474' title='bbox 2045 1847 2103 1897; x_wconf 90' lang='lat' dir='ltr'><strong>et</strong></span> <span class='ocrx_word' id='word_1_475' title='bbox 2134 1853 2267 1896; x_wconf 92' lang='lat' dir='ltr'><strong>cum</strong></span> <span class='ocrx_word' id='word_1_476' title='bbox 2302 1832 2485 1897; x_wconf 88' lang='lat' dir='ltr'><strong>Guria</strong></span> <span class='ocrx_word' id='word_1_477' title='bbox 2517 1834 2736 1896; x_wconf 89' lang='lat' dir='ltr'><strong>virtute</strong></span> <span class='ocrx_word' id='word_1_478' title='bbox 2785 1835 3208 1896; x_wconf 85' lang='lat' dir='ltr'><strong>contendebat.</strong></span> <span class='ocrx_word' id='word_1_479' title='bbox 3242 1833 3290 1896; x_wconf 89' lang='lat' dir='ltr'><strong>Ii</strong></span> <span class='ocrx_word' id='word_1_480' title='bbox 3335 1851 3474 1914; x_wconf 83' lang='lat' dir='ltr'><strong>ergo</strong></span> <span class='ocrx_word' id='word_1_481' title='bbox 3505 1852 3691 1896; x_wconf 77' lang='lat' dir='ltr'><strong>accu-</strong></span> 
     </span>
    </p>
   </div>
   <div class='ocr_carea' id='block_1_66' title="bbox 2045 1922 3696 2004">
    <p class='ocr_par' dir='ltr' id='par_1_66' title="bbox 2045 1922 3696 2004">
     <span class='ocr_line' id='line_1_66' title="bbox 2045 1922 3696 2004; baseline -0.001 -18"><span class='ocrx_word' id='word_1_482' title='bbox 2045 1937 2256 1987; x_wconf 80' lang='lat' dir='ltr'><strong>santur</strong></span> <span class='ocrx_word' id='word_1_483' title='bbox 2276 1925 2348 1986; x_wconf 87' lang='lat' dir='ltr'><strong>ad</strong></span> <span class='ocrx_word' id='word_1_484' title='bbox 2367 1924 2662 2004; x_wconf 87' lang='lat' dir='ltr'><strong>judicem,</strong></span> <span class='ocrx_word' id='word_1_485' title='bbox 2689 1925 2845 2000; x_wconf 90' lang='lat' dir='ltr'><strong>quod</strong></span> <span class='ocrx_word' id='word_1_486' title='bbox 2881 1942 2998 1985; x_wconf 90' lang='lat' dir='ltr'><strong>non</strong></span> <span class='ocrx_word' id='word_1_487' title='bbox 3031 1923 3223 1984; x_wconf 91' lang='lat' dir='ltr'><strong>solum</strong></span> <span class='ocrx_word' id='word_1_488' title='bbox 3253 1943 3492 1984; x_wconf 82' lang='lat' dir='ltr'><strong>omnem</strong></span> <span class='ocrx_word' id='word_1_489' title='bbox 3517 1922 3696 1986; x_wconf 81' lang='lat' dir='ltr'><strong>ﬁniti-</strong></span> 
     </span>
    </p>
   </div>
   <div class='ocr_carea' id='block_1_67' title="bbox 2045 2013 3687 2093">
    <p class='ocr_par' dir='ltr' id='par_1_67' title="bbox 2045 2013 3687 2093">
     <span class='ocr_line' id='line_1_67' title="bbox 2045 2013 3687 2093; baseline 0.001 -18"><span class='ocrx_word' id='word_1_490' title='bbox 2045 2033 2201 2076; x_wconf 91' lang='lat' dir='ltr'><strong>mam</strong></span> <span class='ocrx_word' id='word_1_491' title='bbox 2233 2016 2472 2076; x_wconf 68' lang='lat' dir='ltr'><strong>Edessa:</strong></span> <span class='ocrx_word' id='word_1_492' title='bbox 2491 2015 2796 2093; x_wconf 79' lang='lat' dir='ltr'><strong>regionem</strong></span> <span class='ocrx_word' id='word_1_493' title='bbox 2811 2032 2920 2076; x_wconf 86' lang='lat' dir='ltr'><strong>sua</strong></span> <span class='ocrx_word' id='word_1_494' title='bbox 2936 2013 3207 2075; x_wconf 87' lang='lat' dir='ltr'><strong>doctrina</strong></span> <span class='ocrx_word' id='word_1_495' title='bbox 3238 2014 3687 2090; x_wconf 83' lang='lat' dir='ltr'><strong>conﬁrmarent,</strong></span> 
     </span>
    </p>
   </div>
   <div class='ocr_carea' id='block_1_68' title="bbox 2046 2102 3694 2180">
    <p class='ocr_par' dir='ltr' id='par_1_68' title="bbox 2046 2102 3694 2180">
     <span class='ocr_line' id='line_1_68' title="bbox 2046 2102 3694 2180; baseline 0.001 -16"><span class='ocrx_word' id='word_1_496' title='bbox 2046 2113 2104 2165; x_wconf 90' lang='lat' dir='ltr'><strong>et</strong></span> <span class='ocrx_word' id='word_1_497' title='bbox 2122 2111 2184 2164; x_wconf 91' lang='lat' dir='ltr'><strong>ut</strong></span> <span class='ocrx_word' id='word_1_498' title='bbox 2205 2122 2326 2164; x_wconf 66' lang='lat' dir='ltr'><strong>sum</strong></span> <span class='ocrx_word' id='word_1_499' title='bbox 2349 2104 2727 2165; x_wconf 79' lang='lat' dir='ltr'><strong>adluererent</strong></span> <span class='ocrx_word' id='word_1_500' title='bbox 2760 2103 2926 2180; x_wconf 84' lang='lat' dir='ltr'><strong>ﬁdei,</strong></span> <span class='ocrx_word' id='word_1_501' title='bbox 2953 2103 3216 2165; x_wconf 91' lang='lat' dir='ltr'><strong>animum</strong></span> <span class='ocrx_word' id='word_1_502' title='bbox 3248 2103 3560 2178; x_wconf 83' lang='lat' dir='ltr'><strong>adherent,</strong></span> <span class='ocrx_word' id='word_1_503' title='bbox 3584 2102 3694 2165; x_wconf 83' lang='lat' dir='ltr'><strong>sed</strong></span> 
     </span>
    </p>
   </div>
   <div class='ocr_carea' id='block_1_69' title="bbox 2047 2193 3698 2274">
    <p class='ocr_par' dir='ltr' id='par_1_69' title="bbox 2047 2193 3698 2274">
     <span class='ocr_line' id='line_1_69' title="bbox 2047 2193 3698 2274; baseline 0 -20"><span class='ocrx_word' id='word_1_504' title='bbox 2047 2193 2223 2254; x_wconf 87' lang='lat' dir='ltr'><strong>etiam</strong></span> <span class='ocrx_word' id='word_1_505' title='bbox 2277 2194 2604 2273; x_wconf 80' lang='lat' dir='ltr'><strong>efﬁcerent,</strong></span> <span class='ocrx_word' id='word_1_506' title='bbox 2638 2203 2701 2254; x_wconf 91' lang='lat' dir='ltr'><strong>ut</strong></span> <span class='ocrx_word' id='word_1_507' title='bbox 2731 2194 3113 2274; x_wconf 87' lang='lat' dir='ltr'><strong>despicerent</strong></span> <span class='ocrx_word' id='word_1_508' title='bbox 3161 2201 3596 2274; x_wconf 83' lang='lat' dir='ltr'><strong>persecutores,</strong></span> <span class='ocrx_word' id='word_1_509' title='bbox 3637 2199 3698 2255; x_wconf 88' lang='lat' dir='ltr'><strong>et</strong></span> 
     </span>
    </p>
   </div>
   <div class='ocr_carea' id='block_1_70' title="bbox 2049 2281 3692 2363">
    <p class='ocr_par' dir='ltr' id='par_1_70' title="bbox 2049 2281 3692 2363">
     <span class='ocr_line' id='line_1_70' title="bbox 2049 2281 3692 2363; baseline 0.001 -21"><span class='ocrx_word' id='word_1_510' title='bbox 2049 2292 2110 2343; x_wconf 90' lang='lat' dir='ltr'><strong>ut</strong></span> <span class='ocrx_word' id='word_1_511' title='bbox 2140 2283 2378 2344; x_wconf 92' lang='lat' dir='ltr'><strong>illorum</strong></span> <span class='ocrx_word' id='word_1_512' title='bbox 2403 2283 2770 2363; x_wconf 82' lang='lat' dir='ltr'><strong>impietatem</strong></span> <span class='ocrx_word' id='word_1_513' title='bbox 2804 2283 3046 2344; x_wconf 90' lang='lat' dir='ltr'><strong>omnino</strong></span> <span class='ocrx_word' id='word_1_514' title='bbox 3078 2282 3229 2344; x_wconf 88' lang='lat' dir='ltr'><strong>nihil</strong></span> <span class='ocrx_word' id='word_1_515' title='bbox 3259 2281 3545 2358; x_wconf 83' lang='lat' dir='ltr'><strong>facerent,</strong></span> <span class='ocrx_word' id='word_1_516' title='bbox 3578 2282 3692 2344; x_wconf 90' lang='lat' dir='ltr'><strong>do-</strong></span> 
     </span>
    </p>
   </div>
   <div class='ocr_carea' id='block_1_71' title="bbox 2047 2370 3698 2452">
    <p class='ocr_par' dir='ltr' id='par_1_71' title="bbox 2047 2370 3698 2452">
     <span class='ocr_line' id='line_1_71' title="bbox 2047 2370 3698 2452; baseline 0 -18"><span class='ocrx_word' id='word_1_517' title='bbox 2047 2372 2712 2448; x_wconf 88' lang='lat' dir='ltr'><strong>cerent,convenienter</strong></span> <span class='ocrx_word' id='word_1_518' title='bbox 2734 2378 2787 2434; x_wconf 90' lang='lat' dir='ltr'><strong>ei</strong></span> <span class='ocrx_word' id='word_1_519' title='bbox 2814 2374 2972 2449; x_wconf 84' lang='lat' dir='ltr'><strong>quod</strong></span> <span class='ocrx_word' id='word_1_520' title='bbox 2995 2373 3283 2452; x_wconf 88' lang='lat' dir='ltr'><strong>scriptum</strong></span> <span class='ocrx_word' id='word_1_521' title='bbox 3309 2381 3422 2435; x_wconf 90' lang='lat' dir='ltr'><strong>est:</strong></span> <span class='ocrx_word' id='word_1_522' title='bbox 3465 2370 3698 2434; x_wconf 66' lang='lat' dir='ltr'><strong>«Nolite</strong></span> 
     </span>
    </p>
   </div>
   <div class='ocr_carea' id='block_1_72' title="bbox 2046 2461 3698 2543">
    <p class='ocr_par' dir='ltr' id='par_1_72' title="bbox 2046 2461 3698 2543">
     <span class='ocr_line' id='line_1_72' title="bbox 2046 2461 3698 2543; baseline 0.001 -20"><span class='ocrx_word' id='word_1_523' title='bbox 2046 2463 2350 2525; x_wconf 84' lang='lat' dir='ltr'><strong>conﬁdere</strong></span> <span class='ocrx_word' id='word_1_524' title='bbox 2407 2463 2466 2523; x_wconf 93' lang='lat' dir='ltr'><strong>in</strong></span> <span class='ocrx_word' id='word_1_525' title='bbox 2518 2462 2911 2543; x_wconf 82' lang='lat' dir='ltr'><strong>principibus,</strong></span> <span class='ocrx_word' id='word_1_526' title='bbox 2958 2462 3020 2523; x_wconf 92' lang='lat' dir='ltr'><strong>in</strong></span> <span class='ocrx_word' id='word_1_527' title='bbox 3077 2463 3216 2524; x_wconf 84' lang='lat' dir='ltr'><strong>ﬁliis</strong></span> <span class='ocrx_word' id='word_1_528' title='bbox 3263 2463 3598 2538; x_wconf 86' lang='lat' dir='ltr'><strong>hominum,</strong></span> <span class='ocrx_word' id='word_1_529' title='bbox 3631 2461 3698 2524; x_wconf 90' lang='lat' dir='ltr'><strong>in</strong></span> 
     </span>
    </p>
   </div>
   <div class='ocr_carea' id='block_1_73' title="bbox 2048 2552 3695 2632">
    <p class='ocr_par' dir='ltr' id='par_1_73' title="bbox 2048 2552 3695 2632">
     <span class='ocr_line' id='line_1_73' title="bbox 2048 2552 3695 2632; baseline 0.001 -19"><span class='ocrx_word' id='word_1_530' title='bbox 2048 2553 2264 2632; x_wconf 87' lang='lat' dir='ltr'><strong>quibus</strong></span> <span class='ocrx_word' id='word_1_531' title='bbox 2299 2571 2419 2614; x_wconf 92' lang='lat' dir='ltr'><strong>non</strong></span> <span class='ocrx_word' id='word_1_532' title='bbox 2465 2562 2554 2614; x_wconf 87' lang='lat' dir='ltr'><strong>est</strong></span> <span class='ocrx_word' id='word_1_533' title='bbox 2582 2553 2765 2614; x_wconf 89' lang='lat' dir='ltr'><strong>salus.</strong></span> <span class='ocrx_word' id='word_1_534' title='bbox 2793 2578 2820 2609; x_wconf 74' lang='grc' dir='ltr'>ι)</span> <span class='ocrx_word' id='word_1_535' title='bbox 2856 2552 3082 2625; x_wconf 88' lang='lat' dir='ltr'><strong>Quibus</strong></span> <span class='ocrx_word' id='word_1_536' title='bbox 3105 2553 3286 2631; x_wconf 85' lang='lat' dir='ltr'><strong>judex</strong></span> <span class='ocrx_word' id='word_1_537' title='bbox 3313 2553 3387 2614; x_wconf 92' lang='lat' dir='ltr'><strong>ad</strong></span> <span class='ocrx_word' id='word_1_538' title='bbox 3420 2569 3695 2632; x_wconf 77' lang='lat' dir='ltr'><strong>magnam</strong></span> 
     </span>
    </p>
   </div>
   <div class='ocr_carea' id='block_1_74' title="bbox 2047 2641 3694 2724">
    <p class='ocr_par' dir='ltr' id='par_1_74' title="bbox 2047 2641 3694 2724">
     <span class='ocr_line' id='line_1_74' title="bbox 2047 2641 3694 2724; baseline 0 -21"><span class='ocrx_word' id='word_1_539' title='bbox 2047 2660 2336 2704; x_wconf 87' lang='lat' dir='ltr'><strong>accensus</strong></span> <span class='ocrx_word' id='word_1_540' title='bbox 2386 2643 2699 2718; x_wconf 86' lang='lat' dir='ltr'><strong>insaniam,</strong></span> <span class='ocrx_word' id='word_1_541' title='bbox 2728 2642 2902 2722; x_wconf 85' lang='lat' dir='ltr'><strong>jubet</strong></span> <span class='ocrx_word' id='word_1_542' title='bbox 2951 2661 3182 2717; x_wconf 91' lang='lat' dir='ltr'><strong>omnes,</strong></span> <span class='ocrx_word' id='word_1_543' title='bbox 3217 2643 3318 2724; x_wconf 90' lang='lat' dir='ltr'><strong>qui</strong></span> <span class='ocrx_word' id='word_1_544' title='bbox 3361 2643 3584 2704; x_wconf 85' lang='lat' dir='ltr'><strong>habent</strong></span> <span class='ocrx_word' id='word_1_545' title='bbox 3630 2641 3694 2703; x_wconf 93' lang='lat' dir='ltr'><strong>in</strong></span> 
     </span>
    </p>
   </div>
   <div class='ocr_carea' id='block_1_75' title="bbox 2051 2730 3691 2813">
    <p class='ocr_par' dir='ltr' id='par_1_75' title="bbox 2051 2730 3691 2813">
     <span class='ocr_line' id='line_1_75' title="bbox 2051 2730 3691 2813; baseline -0.001 -19"><span class='ocrx_word' id='word_1_546' title='bbox 2051 2734 2280 2794; x_wconf 88' lang='lat' dir='ltr'><strong>honore</strong></span> <span class='ocrx_word' id='word_1_547' title='bbox 2309 2733 2658 2813; x_wconf 80' lang='lat' dir='ltr'><strong>religionem</strong></span> <span class='ocrx_word' id='word_1_548' title='bbox 2681 2733 3096 2808; x_wconf 82' lang='lat' dir='ltr'><strong>Christianam,</strong></span> <span class='ocrx_word' id='word_1_549' title='bbox 3121 2738 3442 2813; x_wconf 84' lang='lat' dir='ltr'><strong>sequentes</strong></span> <span class='ocrx_word' id='word_1_550' title='bbox 3471 2730 3691 2794; x_wconf 85' lang='lat' dir='ltr'><strong>doctri-</strong></span> 
     </span>
    </p>
   </div>
   <div class='ocr_carea' id='block_1_76' title="bbox 2049 2820 3687 2900">
    <p class='ocr_par' dir='ltr' id='par_1_76' title="bbox 2049 2820 3687 2900">
     <span class='ocr_line' id='line_1_76' title="bbox 2049 2820 3687 2900; baseline 0.001 -17"><span class='ocrx_word' id='word_1_551' title='bbox 2049 2841 2185 2884; x_wconf 90' lang='lat' dir='ltr'><strong>nam</strong></span> <span class='ocrx_word' id='word_1_552' title='bbox 2219 2822 2416 2886; x_wconf 71' lang='lat' dir='ltr'><strong>Gurizn</strong></span> <span class='ocrx_word' id='word_1_553' title='bbox 2447 2833 2505 2884; x_wconf 90' lang='lat' dir='ltr'><strong>et</strong></span> <span class='ocrx_word' id='word_1_554' title='bbox 2534 2821 2826 2895; x_wconf 77' lang='lat' dir='ltr'><strong>Samonae,</strong></span> <span class='ocrx_word' id='word_1_555' title='bbox 2859 2823 3036 2884; x_wconf 89' lang='lat' dir='ltr'><strong>simul</strong></span> <span class='ocrx_word' id='word_1_556' title='bbox 3066 2841 3204 2883; x_wconf 91' lang='lat' dir='ltr'><strong>cum</strong></span> <span class='ocrx_word' id='word_1_557' title='bbox 3236 2821 3312 2883; x_wconf 90' lang='lat' dir='ltr'><strong>iis</strong></span> <span class='ocrx_word' id='word_1_558' title='bbox 3345 2821 3445 2900; x_wconf 90' lang='lat' dir='ltr'><strong>qui</strong></span> <span class='ocrx_word' id='word_1_559' title='bbox 3477 2839 3580 2883; x_wconf 89' lang='lat' dir='ltr'><strong>eos</strong></span> <span class='ocrx_word' id='word_1_560' title='bbox 3611 2820 3687 2884; x_wconf 83' lang='lat' dir='ltr'><strong>ad</strong></span> 
     </span>
    </p>
   </div>
   <div class='ocr_carea' id='block_1_77' title="bbox 2050 2910 3688 2992">
    <p class='ocr_par' dir='ltr' id='par_1_77' title="bbox 2050 2910 3688 2992">
     <span class='ocr_line' id='line_1_77' title="bbox 2050 2910 3688 2992; baseline -0.001 -19"><span class='ocrx_word' id='word_1_561' title='bbox 2050 2913 2110 2973; x_wconf 92' lang='lat' dir='ltr'><strong>id</strong></span> <span class='ocrx_word' id='word_1_562' title='bbox 2142 2912 2526 2989; x_wconf 88' lang='lat' dir='ltr'><strong>inducebant,</strong></span> <span class='ocrx_word' id='word_1_563' title='bbox 2563 2913 3050 2992; x_wconf 83' lang='lat' dir='ltr'><strong>comprehensos,</strong></span> <span class='ocrx_word' id='word_1_564' title='bbox 3087 2913 3148 2972; x_wconf 90' lang='lat' dir='ltr'><strong>in</strong></span> <span class='ocrx_word' id='word_1_565' title='bbox 3179 2910 3556 2988; x_wconf 86' lang='lat' dir='ltr'><strong>tntaincludi</strong></span> <span class='ocrx_word' id='word_1_566' title='bbox 3586 2928 3688 2971; x_wconf 89' lang='lat' dir='ltr'><strong>cu-</strong></span> 
     </span>
    </p>
   </div>
   <div class='ocr_carea' id='block_1_78' title="bbox 2052 2999 3693 3073">
    <p class='ocr_par' dir='ltr' id='par_1_78' title="bbox 2052 2999 3693 3073">
     <span class='ocr_line' id='line_1_78' title="bbox 2052 2999 3693 3073; baseline -0.002 -9"><span class='ocrx_word' id='word_1_567' title='bbox 2052 3003 2263 3064; x_wconf 86' lang='lat' dir='ltr'><strong>stodia.</strong></span> <span class='ocrx_word' id='word_1_568' title='bbox 2298 3005 2504 3065; x_wconf 74' lang='lat' dir='ltr'><strong>iussus</strong></span> <span class='ocrx_word' id='word_1_569' title='bbox 2529 3009 2724 3062; x_wconf 89' lang='lat' dir='ltr'><strong>autem</strong></span> <span class='ocrx_word' id='word_1_570' title='bbox 2757 3003 2830 3062; x_wconf 86' lang='lat' dir='ltr'><strong>ad</strong></span> <span class='ocrx_word' id='word_1_571' title='bbox 2859 3002 3131 3062; x_wconf 73' lang='lat' dir='ltr'><strong>effectum</strong></span> <span class='ocrx_word' id='word_1_572' title='bbox 3163 3013 3254 3060; x_wconf 87' lang='lat' dir='ltr'><strong>est</strong></span> <span class='ocrx_word' id='word_1_573' title='bbox 3282 2999 3597 3073; x_wconf 89' lang='lat' dir='ltr'><strong>deductus,</strong></span> <span class='ocrx_word' id='word_1_574' title='bbox 3633 3007 3693 3060; x_wconf 90' lang='lat' dir='ltr'><strong>et</strong></span> 
     </span>
    </p>
   </div>
   <div class='ocr_carea' id='block_1_79' title="bbox 2053 3088 3692 3170">
    <p class='ocr_par' dir='ltr' id='par_1_79' title="bbox 2053 3088 3692 3170">
     <span class='ocr_line' id='line_1_79' title="bbox 2053 3088 3692 3170; baseline -0.002 -16"><span class='ocrx_word' id='word_1_575' title='bbox 2053 3101 2229 3170; x_wconf 86' lang='lat' dir='ltr'><strong>capta</strong></span> <span class='ocrx_word' id='word_1_576' title='bbox 2276 3094 2616 3165; x_wconf 81' lang='lat' dir='ltr'><strong>occasione,</strong></span> <span class='ocrx_word' id='word_1_577' title='bbox 2651 3107 2784 3152; x_wconf 75' lang='lat' dir='ltr'><strong>cu&#39;n</strong></span> <span class='ocrx_word' id='word_1_578' title='bbox 2819 3092 2950 3152; x_wconf 89' lang='lat' dir='ltr'><strong>aliis</strong></span> <span class='ocrx_word' id='word_1_579' title='bbox 2997 3090 3235 3170; x_wconf 84' lang='lat' dir='ltr'><strong>quidem</strong></span> <span class='ocrx_word' id='word_1_580' title='bbox 3269 3108 3337 3150; x_wconf 85' lang='lat' dir='ltr'><strong>ex</strong></span> <span class='ocrx_word' id='word_1_581' title='bbox 3370 3089 3464 3150; x_wconf 83' lang='lat' dir='ltr'><strong>bis</strong></span> <span class='ocrx_word' id='word_1_582' title='bbox 3493 3088 3692 3168; x_wconf 79' lang='lat' dir='ltr'><strong>plagas</strong></span> 
     </span>
    </p>
   </div>
   <div class='ocr_carea' id='block_1_80' title="bbox 2054 3178 3698 3263">
    <p class='ocr_par' dir='ltr' id='par_1_80' title="bbox 2054 3178 3698 3263">
     <span class='ocr_line' id='line_1_80' title="bbox 2054 3178 3698 3263; baseline -0.002 -21"><span class='ocrx_word' id='word_1_583' title='bbox 2054 3183 2461 3263; x_wconf 88' lang='lat' dir='ltr'><strong>imposuisset,</strong></span> <span class='ocrx_word' id='word_1_584' title='bbox 2496 3183 2643 3244; x_wconf 87' lang='lat' dir='ltr'><strong>alios</strong></span> <span class='ocrx_word' id='word_1_585' title='bbox 2671 3191 2865 3242; x_wconf 88' lang='lat' dir='ltr'><strong>autem</strong></span> <span class='ocrx_word' id='word_1_586' title='bbox 2894 3179 3028 3242; x_wconf 78' lang='lat' dir='ltr'><strong>aliis</strong></span> <span class='ocrx_word' id='word_1_587' title='bbox 3058 3180 3374 3241; x_wconf 83' lang='lat' dir='ltr'><strong>tormentis</strong></span> <span class='ocrx_word' id='word_1_588' title='bbox 3403 3178 3698 3258; x_wconf 87' lang='lat' dir='ltr'><strong>subjecis-</strong></span> 
     </span>
    </p>
   </div>
   <div class='ocr_carea' id='block_1_81' title="bbox 2048 3267 3694 3352">
    <p class='ocr_par' dir='ltr' id='par_1_81' title="bbox 2048 3267 3694 3352">
     <span class='ocr_line' id='line_1_81' title="bbox 2048 3267 3694 3352; baseline -0.002 -19"><span class='ocrx_word' id='word_1_589' title='bbox 2048 3281 2163 3348; x_wconf 88' lang='lat' dir='ltr'><strong>set,</strong></span> <span class='ocrx_word' id='word_1_590' title='bbox 2197 3282 2255 3333; x_wconf 90' lang='lat' dir='ltr'><strong>et</strong></span> <span class='ocrx_word' id='word_1_591' title='bbox 2312 3282 2378 3336; x_wconf 90' lang='lat' dir='ltr'><strong>ut</strong></span> <span class='ocrx_word' id='word_1_592' title='bbox 2419 3273 2794 3352; x_wconf 73' lang='lat' dir='ltr'><strong>imperatoris</strong></span> <span class='ocrx_word' id='word_1_593' title='bbox 2845 3271 3083 3332; x_wconf 86' lang='lat' dir='ltr'><strong>decreto</strong></span> <span class='ocrx_word' id='word_1_594' title='bbox 3135 3278 3433 3350; x_wconf 86' lang='lat' dir='ltr'><strong>parerent,</strong></span> <span class='ocrx_word' id='word_1_595' title='bbox 3469 3267 3694 3330; x_wconf 81' lang='lat' dir='ltr'><strong>suasis-</strong></span> 
     </span>
    </p>
   </div>
   <div class='ocr_carea' id='block_1_82' title="bbox 2051 3361 3689 3441">
    <p class='ocr_par' dir='ltr' id='par_1_82' title="bbox 2051 3361 3689 3441">
     <span class='ocr_line' id='line_1_82' title="bbox 2051 3361 3689 3441; baseline -0.001 -19"><span class='ocrx_word' id='word_1_596' title='bbox 2051 3371 2143 3422; x_wconf 86' lang='lat' dir='ltr'><strong>set</strong></span> <span class='ocrx_word' id='word_1_597' title='bbox 2170 3383 2183 3425; x_wconf 89' lang='lat'><strong>:</strong></span> <span class='ocrx_word' id='word_1_598' title='bbox 2222 3371 2501 3440; x_wconf 83' lang='lat' dir='ltr'><strong>tanquam</strong></span> <span class='ocrx_word' id='word_1_599' title='bbox 2535 3361 2636 3441; x_wconf 90' lang='lat' dir='ltr'><strong>qui</strong></span> <span class='ocrx_word' id='word_1_600' title='bbox 2668 3361 2925 3440; x_wconf 68' lang='lat' dir='ltr'><strong>benigne</strong></span> <span class='ocrx_word' id='word_1_601' title='bbox 2957 3368 3015 3422; x_wconf 90' lang='lat' dir='ltr'><strong>et</strong></span> <span class='ocrx_word' id='word_1_602' title='bbox 3057 3361 3388 3422; x_wconf 85' lang='lat' dir='ltr'><strong>clementer</strong></span> <span class='ocrx_word' id='word_1_603' title='bbox 3414 3376 3480 3420; x_wconf 87' lang='lat' dir='ltr'><strong>se</strong></span> <span class='ocrx_word' id='word_1_604' title='bbox 3507 3375 3689 3437; x_wconf 72' lang='lat' dir='ltr'><strong>gere-</strong></span> 
     </span>
    </p>
   </div>
   <div class='ocr_carea' id='block_1_83' title="bbox 2052 3448 3691 3533">
    <p class='ocr_par' dir='ltr' id='par_1_83' title="bbox 2052 3448 3691 3533">
     <span class='ocr_line' id='line_1_83' title="bbox 2052 3448 3691 3533; baseline -0.002 -20"><span class='ocrx_word' id='word_1_605' title='bbox 2052 3459 2165 3532; x_wconf 89' lang='lat' dir='ltr'><strong>ret,</strong></span> <span class='ocrx_word' id='word_1_606' title='bbox 2216 3452 2366 3514; x_wconf 89' lang='lat' dir='ltr'><strong>alios</strong></span> <span class='ocrx_word' id='word_1_607' title='bbox 2421 3454 2660 3533; x_wconf 79' lang='lat' dir='ltr'><strong>quidem</strong></span> <span class='ocrx_word' id='word_1_608' title='bbox 2719 3451 2864 3513; x_wconf 89' lang='lat' dir='ltr'><strong>sinit</strong></span> <span class='ocrx_word' id='word_1_609' title='bbox 2916 3451 3158 3513; x_wconf 91' lang='lat' dir='ltr'><strong>domum</strong></span> <span class='ocrx_word' id='word_1_610' title='bbox 3217 3448 3406 3522; x_wconf 88' lang='lat' dir='ltr'><strong>abire,</strong></span> <span class='ocrx_word' id='word_1_611' title='bbox 3451 3455 3691 3510; x_wconf 87' lang='lat' dir='ltr'><strong>sanctos</strong></span> 
     </span>
    </p>
   </div>
   <div class='ocr_carea' id='block_1_84' title="bbox 2053 3537 3688 3624">
    <p class='ocr_par' dir='ltr' id='par_1_84' title="bbox 2053 3537 3688 3624">
     <span class='ocr_line' id='line_1_84' title="bbox 2053 3537 3688 3624; baseline -0.002 -20"><span class='ocrx_word' id='word_1_612' title='bbox 2053 3552 2252 3604; x_wconf 89' lang='lat' dir='ltr'><strong>autem</strong></span> <span class='ocrx_word' id='word_1_613' title='bbox 2289 3551 2349 3603; x_wconf 90' lang='lat' dir='ltr'><strong>ut</strong></span> <span class='ocrx_word' id='word_1_614' title='bbox 2379 3543 2624 3624; x_wconf 84' lang='lat' dir='ltr'><strong>primos,</strong></span> <span class='ocrx_word' id='word_1_615' title='bbox 2659 3550 2713 3602; x_wconf 90' lang='lat' dir='ltr'><strong>et</strong></span> <span class='ocrx_word' id='word_1_616' title='bbox 2747 3541 2850 3618; x_wconf 90' lang='lat' dir='ltr'><strong>qui</strong></span> <span class='ocrx_word' id='word_1_617' title='bbox 2884 3540 3160 3622; x_wconf 88' lang='lat' dir='ltr'><strong>pietatem</strong></span> <span class='ocrx_word' id='word_1_618' title='bbox 3193 3539 3326 3601; x_wconf 88' lang='lat' dir='ltr'><strong>aliis</strong></span> <span class='ocrx_word' id='word_1_619' title='bbox 3355 3537 3688 3618; x_wconf 89' lang='lat' dir='ltr'><strong>impertiis-</strong></span> 
     </span>
    </p>
   </div>
   <div class='ocr_carea' id='block_1_85' title="bbox 2055 3627 3692 3710">
    <p class='ocr_par' dir='ltr' id='par_1_85' title="bbox 2055 3627 3692 3710">
     <span class='ocr_line' id='line_1_85' title="bbox 2055 3627 3692 3710; baseline -0.002 -18"><span class='ocrx_word' id='word_1_620' title='bbox 2055 3632 2394 3710; x_wconf 86' lang='lat' dir='ltr'><strong>sent,jussit</strong></span> <span class='ocrx_word' id='word_1_621' title='bbox 2414 3632 2606 3694; x_wconf 89' lang='lat' dir='ltr'><strong>adhuc</strong></span> <span class='ocrx_word' id='word_1_622' title='bbox 2629 3631 2810 3710; x_wconf 80' lang='lat' dir='ltr'><strong>aﬂligi</strong></span> <span class='ocrx_word' id='word_1_623' title='bbox 2834 3637 2890 3692; x_wconf 86' lang='lat' dir='ltr'><strong>in</strong></span> <span class='ocrx_word' id='word_1_624' title='bbox 2913 3629 3288 3710; x_wconf 82' lang='lat' dir='ltr'><strong>carcere,qui</strong></span> <span class='ocrx_word' id='word_1_625' title='bbox 3309 3627 3421 3709; x_wconf 89' lang='lat' dir='ltr'><strong>ipsi</strong></span> <span class='ocrx_word' id='word_1_626' title='bbox 3451 3643 3692 3709; x_wconf 87' lang='lat' dir='ltr'><strong>quoque</strong></span> 
     </span>
    </p>
   </div>
   <div class='ocr_carea' id='block_1_86' title="bbox 2054 3718 3691 3802">
    <p class='ocr_par' dir='ltr' id='par_1_86' title="bbox 2054 3718 3691 3802">
     <span class='ocr_line' id='line_1_86' title="bbox 2054 3718 3691 3802; baseline -0.002 -20"><span class='ocrx_word' id='word_1_627' title='bbox 2054 3722 2321 3802; x_wconf 74' lang='lat' dir='ltr'><strong>martyrii</strong></span> <span class='ocrx_word' id='word_1_628' title='bbox 2351 3723 2688 3800; x_wconf 83' lang='lat' dir='ltr'><strong>gaudebant</strong></span> <span class='ocrx_word' id='word_1_629' title='bbox 2716 3722 3020 3783; x_wconf 85' lang='lat' dir='ltr'><strong>societate.</strong></span> <span class='ocrx_word' id='word_1_630' title='bbox 3053 3719 3394 3783; x_wconf 87' lang='lat' dir='ltr'><strong>Audiebant</strong></span> <span class='ocrx_word' id='word_1_631' title='bbox 3435 3718 3596 3780; x_wconf 89' lang='lat' dir='ltr'><strong>enim</strong></span> <span class='ocrx_word' id='word_1_632' title='bbox 3629 3719 3691 3795; x_wconf 87' lang='lat' dir='ltr'><strong>in</strong></span> 
     </span>
    </p>
   </div>
   <div class='ocr_carea' id='block_1_87' title="bbox 2053 3808 3699 3892">
    <p class='ocr_par' dir='ltr' id='par_1_87' title="bbox 2053 3808 3699 3892">
     <span class='ocr_line' id='line_1_87' title="bbox 2053 3808 3699 3892; baseline -0.001 -20"><span class='ocrx_word' id='word_1_633' title='bbox 2053 3812 2188 3872; x_wconf 87' lang='lat' dir='ltr'><strong>aliis</strong></span> <span class='ocrx_word' id='word_1_634' title='bbox 2218 3813 2534 3892; x_wconf 71' lang='lat' dir='ltr'><strong>provinciis</strong></span> <span class='ocrx_word' id='word_1_635' title='bbox 2568 3812 2782 3872; x_wconf 91' lang='lat' dir='ltr'><strong>multos</strong></span> <span class='ocrx_word' id='word_1_636' title='bbox 2813 3810 2995 3886; x_wconf 87' lang='lat' dir='ltr'><strong>idem,</strong></span> <span class='ocrx_word' id='word_1_637' title='bbox 3030 3809 3187 3889; x_wconf 89' lang='lat' dir='ltr'><strong>quod</strong></span> <span class='ocrx_word' id='word_1_638' title='bbox 3219 3808 3356 3889; x_wconf 88' lang='lat' dir='ltr'><strong>ipsi,</strong></span> <span class='ocrx_word' id='word_1_639' title='bbox 3389 3816 3699 3870; x_wconf 84' lang='lat' dir='ltr'><strong>certamen</strong></span> 
     </span>
    </p>
   </div>
   <div class='ocr_carea' id='block_1_88' title="bbox 2057 3901 3694 3982">
    <p class='ocr_par' dir='ltr' id='par_1_88' title="bbox 2057 3901 3694 3982">
     <span class='ocr_line' id='line_1_88' title="bbox 2057 3901 3694 3982; baseline -0.001 -21"><span class='ocrx_word' id='word_1_640' title='bbox 2057 3903 2393 3982; x_wconf 88' lang='lat' dir='ltr'><strong>suscepisse</strong></span> <span class='ocrx_word' id='word_1_641' title='bbox 2427 3919 2440 3964; x_wconf 93' lang='lat'><strong>:</strong></span> <span class='ocrx_word' id='word_1_642' title='bbox 2476 3921 2545 3963; x_wconf 80' lang='lat' dir='ltr'><strong>ex</strong></span> <span class='ocrx_word' id='word_1_643' title='bbox 2576 3902 2791 3978; x_wconf 88' lang='lat' dir='ltr'><strong>quibus</strong></span> <span class='ocrx_word' id='word_1_644' title='bbox 2818 3913 2945 3964; x_wconf 90' lang='lat' dir='ltr'><strong>erat</strong></span> <span class='ocrx_word' id='word_1_645' title='bbox 2975 3901 3342 3981; x_wconf 86' lang='lat' dir='ltr'><strong>Epiphanius</strong></span> <span class='ocrx_word' id='word_1_646' title='bbox 3372 3907 3432 3960; x_wconf 90' lang='lat' dir='ltr'><strong>et</strong></span> <span class='ocrx_word' id='word_1_647' title='bbox 3462 3902 3694 3972; x_wconf 86' lang='lat' dir='ltr'><strong>Petrus,</strong></span> 
     </span>
    </p>
   </div>
   <div class='ocr_carea' id='block_1_89' title="bbox 2059 3988 3700 4070">
    <p class='ocr_par' dir='ltr' id='par_1_89' title="bbox 2059 3988 3700 4070">
     <span class='ocr_line' id='line_1_89' title="bbox 2059 3988 3700 4070; baseline -0.001 -18"><span class='ocrx_word' id='word_1_648' title='bbox 2059 3999 2116 4052; x_wconf 90' lang='lat' dir='ltr'><strong>et</strong></span> <span class='ocrx_word' id='word_1_649' title='bbox 2171 4000 2583 4053; x_wconf 84' lang='lat' dir='ltr'><strong>sacrosanctus</strong></span> <span class='ocrx_word' id='word_1_650' title='bbox 2633 3991 2982 4070; x_wconf 82' lang='lat' dir='ltr'><strong>Pamphilus</strong></span> <span class='ocrx_word' id='word_1_651' title='bbox 3031 4009 3164 4050; x_wconf 92' lang='lat' dir='ltr'><strong>cum</strong></span> <span class='ocrx_word' id='word_1_652' title='bbox 3200 3989 3398 4050; x_wconf 88' lang='lat' dir='ltr'><strong>multis</strong></span> <span class='ocrx_word' id='word_1_653' title='bbox 3453 3988 3587 4050; x_wconf 88' lang='lat' dir='ltr'><strong>aliis</strong></span> <span class='ocrx_word' id='word_1_654' title='bbox 3637 3988 3700 4050; x_wconf 90' lang='lat' dir='ltr'><strong>in</strong></span> 
     </span>
    </p>
   </div>
   <div class='ocr_carea' id='block_1_90' title="bbox 2058 4078 3703 4159">
    <p class='ocr_par' dir='ltr' id='par_1_90' title="bbox 2058 4078 3703 4159">
     <span class='ocr_line' id='line_1_90' title="bbox 2058 4078 3703 4159; baseline -0.002 -14"><span class='ocrx_word' id='word_1_655' title='bbox 2058 4084 2321 4145; x_wconf 84' lang='lat' dir='ltr'><strong>Caesarea</strong></span> <span class='ocrx_word' id='word_1_656' title='bbox 2370 4081 2705 4156; x_wconf 56' lang='lat' dir='ltr'><strong>Palestina,</strong></span> <span class='ocrx_word' id='word_1_657' title='bbox 2739 4080 3126 4143; x_wconf 84' lang='lat' dir='ltr'><strong>Thimotbeus</strong></span> <span class='ocrx_word' id='word_1_658' title='bbox 3177 4080 3368 4159; x_wconf 71' lang='lat' dir='ltr'><strong>Gasae,</strong></span> <span class='ocrx_word' id='word_1_659' title='bbox 3401 4078 3460 4139; x_wconf 92' lang='lat' dir='ltr'><strong>in</strong></span> <span class='ocrx_word' id='word_1_660' title='bbox 3491 4096 3703 4156; x_wconf 77' lang='lat' dir='ltr'><strong>magna</strong></span> 
     </span>
    </p>
   </div>
   <div class='ocr_carea' id='block_1_91' title="bbox 2059 4168 3699 4252">
    <p class='ocr_par' dir='ltr' id='par_1_91' title="bbox 2059 4168 3699 4252">
     <span class='ocr_line' id='line_1_91' title="bbox 2059 4168 3699 4252; baseline -0.002 -18"><span class='ocrx_word' id='word_1_661' title='bbox 2059 4174 2421 4236; x_wconf 86' lang='lat' dir='ltr'><strong>Alexandria</strong></span> <span class='ocrx_word' id='word_1_662' title='bbox 2477 4174 2890 4247; x_wconf 87' lang='lat' dir='ltr'><strong>Thimothens,</strong></span> <span class='ocrx_word' id='word_1_663' title='bbox 2926 4173 3231 4252; x_wconf 79' lang='lat' dir='ltr'><strong>Agapetus</strong></span> <span class='ocrx_word' id='word_1_664' title='bbox 3280 4168 3699 4245; x_wconf 73' lang='lat' dir='ltr'><strong>Tessalonicae,</strong></span> 
     </span>
    </p>
   </div>
   <div class='ocr_carea' id='block_1_92' title="bbox 2056 4257 3702 4345">
    <p class='ocr_par' dir='ltr' id='par_1_92' title="bbox 2056 4257 3702 4345">
     <span class='ocr_line' id='line_1_92' title="bbox 2056 4257 3702 4345; baseline -0.002 -21"><span class='ocrx_word' id='word_1_665' title='bbox 2056 4264 2384 4345; x_wconf 77' lang='lat' dir='ltr'><strong>Hesychius</strong></span> <span class='ocrx_word' id='word_1_666' title='bbox 2402 4265 2784 4339; x_wconf 65' lang='lat' dir='ltr'><strong>Nicomediae,</strong></span> <span class='ocrx_word' id='word_1_667' title='bbox 2810 4262 3117 4342; x_wconf 84' lang='lat' dir='ltr'><strong>Philippus</strong></span> <span class='ocrx_word' id='word_1_668' title='bbox 3145 4257 3702 4338; x_wconf 84' lang='lat' dir='ltr'><strong>Adrianopoli,Me-</strong></span> 
     </span>
    </p>
   </div>
   <div class='ocr_carea' id='block_1_93' title="bbox 2057 4348 3705 4436">
    <p class='ocr_par' dir='ltr' id='par_1_93' title="bbox 2057 4348 3705 4436">
     <span class='ocr_line' id='line_1_93' title="bbox 2057 4348 3705 4436; baseline -0.004 -21"><span class='ocrx_word' id='word_1_669' title='bbox 2057 4354 2239 4416; x_wconf 85' lang='lat' dir='ltr'><strong>litinae</strong></span> <span class='ocrx_word' id='word_1_670' title='bbox 2288 4354 2521 4430; x_wconf 90' lang='lat' dir='ltr'><strong>Petrus,</strong></span> <span class='ocrx_word' id='word_1_671' title='bbox 2553 4353 2826 4436; x_wconf 85' lang='lat' dir='ltr'><strong>Hermes,</strong></span> <span class='ocrx_word' id='word_1_672' title='bbox 2859 4361 2919 4416; x_wconf 91' lang='lat' dir='ltr'><strong>el</strong></span> <span class='ocrx_word' id='word_1_673' title='bbox 2967 4353 3096 4431; x_wconf 86' lang='lat' dir='ltr'><strong>ejus</strong></span> <span class='ocrx_word' id='word_1_674' title='bbox 3125 4349 3272 4411; x_wconf 85' lang='lat' dir='ltr'><strong>socii</strong></span> <span class='ocrx_word' id='word_1_675' title='bbox 3306 4350 3366 4409; x_wconf 92' lang='lat' dir='ltr'><strong>in</strong></span> <span class='ocrx_word' id='word_1_676' title='bbox 3421 4348 3705 4410; x_wconf 84' lang='lat' dir='ltr'><strong>conﬁniis</strong></span> 
     </span>
    </p>
   </div>
   <div class='ocr_carea' id='block_1_94' title="bbox 2062 4438 3705 4525">
    <p class='ocr_par' dir='ltr' id='par_1_94' title="bbox 2062 4438 3705 4525">
     <span class='ocr_line' id='line_1_94' title="bbox 2062 4438 3705 4525; baseline -0.002 -19"><span class='ocrx_word' id='word_1_677' title='bbox 2062 4446 2506 4525; x_wconf 71' lang='lat' dir='ltr'><strong>Martyropolis:</strong></span> <span class='ocrx_word' id='word_1_678' title='bbox 2541 4445 2642 4525; x_wconf 86' lang='lat' dir='ltr'><strong>qui</strong></span> <span class='ocrx_word' id='word_1_679' title='bbox 2675 4445 2914 4506; x_wconf 84' lang='lat' dir='ltr'><strong>fuerunt</strong></span> <span class='ocrx_word' id='word_1_680' title='bbox 2961 4443 3138 4505; x_wconf 77' lang='lat' dir='ltr'><strong>etiam</strong></span> <span class='ocrx_word' id='word_1_681' title='bbox 3172 4438 3435 4502; x_wconf 90' lang='lat' dir='ltr'><strong>redimiti</strong></span> <span class='ocrx_word' id='word_1_682' title='bbox 3486 4456 3705 4502; x_wconf 87' lang='lat' dir='ltr'><strong>corona</strong></span> 
     </span>
    </p>
   </div>
   <div class='ocr_carea' id='block_1_95' title="bbox 305 4529 1965 4620">
    <p class='ocr_par' dir='ltr' id='par_1_95' title="bbox 305 4538 1965 4620">
     <span class='ocr_line' id='line_1_95' title="bbox 305 4538 1965 4620; baseline -0.002 -20"><span class='ocrx_word' id='word_1_683' title='bbox 305 4551 418 4612; x_wconf 72' lang='grc' dir='ltr'>τῆς</span> <span class='ocrx_word' id='word_1_684' title='bbox 448 4538 910 4619; x_wconf 69' lang='grc' dir='ltr'>ὶιαρτυροπόλεως</span> <span class='ocrx_word' id='word_1_685' title='bbox 953 4539 1236 4620; x_wconf 67' lang='grc' dir='ltr'>μεθορίοις,</span> <span class='ocrx_word' id='word_1_686' title='bbox 1298 4539 1353 4596; x_wconf 68' lang='grc' dir='ltr'>οἳ</span> <span class='ocrx_word' id='word_1_687' title='bbox 1413 4540 1502 4597; x_wconf 78' lang='grc' dir='ltr'>καὶ</span> <span class='ocrx_word' id='word_1_688' title='bbox 1557 4542 1649 4596; x_wconf 82' lang='grc' dir='ltr'>τὸν</span> <span class='ocrx_word' id='word_1_689' title='bbox 1692 4548 1785 4598; x_wconf 79' lang='grc' dir='ltr'>τοῦ</span> <span class='ocrx_word' id='word_1_690' title='bbox 1835 4562 1965 4620; x_wconf 76' lang='grc' dir='ltr'>μαρ·</span> 
     </span>
    </p>
   </div>
   <div class='ocr_carea' id='block_1_96' title="bbox 2050 4529 3699 4620">
    <p class='ocr_par' dir='ltr' id='par_1_96' title="bbox 2061 4529 3699 4620">
     <span class='ocr_line' id='line_1_96' title="bbox 2061 4529 3699 4620; baseline -0.002 -25"><span class='ocrx_word' id='word_1_691' title='bbox 2061 4536 2367 4615; x_wconf 87' lang='lat' dir='ltr'><strong>martyriia</strong></span> <span class='ocrx_word' id='word_1_692' title='bbox 2391 4537 2539 4597; x_wconf 88' lang='lat' dir='ltr'><strong>duce</strong></span> <span class='ocrx_word' id='word_1_693' title='bbox 2557 4534 2910 4596; x_wconf 83' lang='lat' dir='ltr'><strong>Heracliano</strong></span> <span class='ocrx_word' id='word_1_694' title='bbox 2932 4551 3069 4595; x_wconf 90' lang='lat' dir='ltr'><strong>cum</strong></span> <span class='ocrx_word' id='word_1_695' title='bbox 3085 4531 3217 4593; x_wconf 87' lang='lat' dir='ltr'><strong>aliis</strong></span> <span class='ocrx_word' id='word_1_696' title='bbox 3230 4529 3699 4620; x_wconf 84' lang='lat' dir='ltr'><strong>coniessoribus,</strong></span> 
     </span>
    </p>
   </div>
   <div class='ocr_carea' id='block_1_97' title="bbox 309 4619 1967 4712">
    <p class='ocr_par' dir='ltr' id='par_1_97' title="bbox 309 4619 1967 4712">
     <span class='ocr_line' id='line_1_97' title="bbox 309 4619 1967 4712; baseline -0.004 -21"><span class='ocrx_word' id='word_1_697' title='bbox 309 4634 499 4712; x_wconf 76' lang='grc' dir='ltr'>τυρίου</span> <span class='ocrx_word' id='word_1_698' title='bbox 560 4629 818 4710; x_wconf 72' lang='grc' dir='ltr'>στέιρανον</span> <span class='ocrx_word' id='word_1_699' title='bbox 872 4628 976 4686; x_wconf 65' lang='grc' dir='ltr'><strong>ὑπὸ</strong></span> <span class='ocrx_word' id='word_1_700' title='bbox 1031 4619 1412 4708; x_wconf 80' lang='grc' dir='ltr'>Ἠρακλειανοῡ</span> <span class='ocrx_word' id='word_1_701' title='bbox 1467 4632 1559 4686; x_wconf 72' lang='grc' dir='ltr'>τοῦ</span> <span class='ocrx_word' id='word_1_702' title='bbox 1613 4627 1801 4694; x_wconf 86' lang='grc' dir='ltr'>δουκός</span> <span class='ocrx_word' id='word_1_703' title='bbox 1856 4619 1967 4704; x_wconf 82' lang='grc' dir='ltr'><strong>μεθ’</strong></span> 
     </span>
    </p>
   </div>
   <div class='ocr_carea' id='block_1_98' title="bbox 309 4717 1982 4803">
    <p class='ocr_par' dir='ltr' id='par_1_98' title="bbox 309 4717 1982 4803">
     <span class='ocr_line' id='line_1_98' title="bbox 309 4717 1982 4803; baseline -0.003 -22"><span class='ocrx_word' id='word_1_704' title='bbox 309 4723 522 4803; x_wconf 74' lang='grc' dir='ltr'>ἑτέρων</span> <span class='ocrx_word' id='word_1_705' title='bbox 549 4718 902 4798; x_wconf 63' lang='grc' dir='ltr'>ὁμολογητιῖη</span> <span class='ocrx_word' id='word_1_706' title='bbox 930 4717 1277 4795; x_wconf 77' lang='grc' dir='ltr'>ἇνεδήσαντο,</span> <span class='ocrx_word' id='word_1_707' title='bbox 1312 4720 1388 4777; x_wconf 81' lang='grc' dir='ltr'>ὧν</span> <span class='ocrx_word' id='word_1_708' title='bbox 1445 4721 1474 4776; x_wconf 85' lang='grc' dir='ltr'><strong>ὁ</strong></span> <span class='ocrx_word' id='word_1_709' title='bbox 1523 4721 1742 4797; x_wconf 79' lang='grc' dir='ltr'>ἀριθμὸς</span> <span class='ocrx_word' id='word_1_710' title='bbox 1801 4721 1982 4799; x_wconf 78' lang='grc' dir='ltr'>κρείτ-ο</span> 
     </span>
    </p>
   </div>
   <div class='ocr_carea' id='block_1_99' title="bbox 310 4807 1978 4890">
    <p class='ocr_par' dir='ltr' id='par_1_99' title="bbox 310 4807 1978 4890">
     <span class='ocr_line' id='line_1_99' title="bbox 310 4807 1978 4890; baseline -0.002 -20"><span class='ocrx_word' id='word_1_711' title='bbox 310 4836 432 4872; x_wconf 83' lang='grc' dir='ltr'><strong>των</strong></span> <span class='ocrx_word' id='word_1_712' title='bbox 491 4811 532 4880; x_wconf 74' lang='grc' dir='ltr'><strong>ἢ</strong></span> <span class='ocrx_word' id='word_1_713' title='bbox 585 4809 724 4867; x_wconf 77' lang='grc' dir='ltr'>κατὰ</span> <span class='ocrx_word' id='word_1_714' title='bbox 768 4810 869 4878; x_wconf 71' lang='grc' dir='ltr'>τὴν</span> <span class='ocrx_word' id='word_1_715' title='bbox 922 4809 1187 4887; x_wconf 75' lang='grc' dir='ltr'>ἡμετέραν</span> <span class='ocrx_word' id='word_1_716' title='bbox 1237 4815 1438 4890; x_wconf 82' lang='grc' dir='ltr'>γνῶσιν</span> <span class='ocrx_word' id='word_1_717' title='bbox 1494 4808 1659 4873; x_wconf 69' lang='grc' dir='ltr'>ἑστιν.</span> <span class='ocrx_word' id='word_1_718' title='bbox 1693 4807 1846 4867; x_wconf 81' lang='grc' dir='ltr'>Ἀλλ’</span> <span class='ocrx_word' id='word_1_719' title='bbox 1877 4811 1978 4867; x_wconf 75' lang='grc' dir='ltr'><strong>ἑπ-</strong></span> 
     </span>
    </p>
   </div>
   <div class='ocr_carea' id='block_1_100' title="bbox 313 4899 1054 4980">
    <p class='ocr_par' dir='ltr' id='par_1_100' title="bbox 313 4899 1054 4980">
     <span class='ocr_line' id='line_1_100' title="bbox 313 4899 1054 4980; baseline -0.003 -19"><span class='ocrx_word' id='word_1_720' title='bbox 313 4902 540 4961; x_wconf 78' lang='grc' dir='ltr'>ανιτὲον</span> <span class='ocrx_word' id='word_1_721' title='bbox 569 4899 657 4957; x_wconf 72' lang='grc' dir='ltr'>ἐπὶ</span> <span class='ocrx_word' id='word_1_722' title='bbox 684 4901 750 4957; x_wconf 81' lang='grc' dir='ltr'><strong>τὰ</strong></span> <span class='ocrx_word' id='word_1_723' title='bbox 777 4900 1054 4980; x_wconf 69' lang='grc' dir='ltr'>πρότερον.</span> 
     </span>
    </p>
   </div>
   <div class='ocr_carea' id='block_1_101' title="bbox 409 4986 1977 5070">
    <p class='ocr_par' dir='ltr' id='par_1_101' title="bbox 409 4986 1977 5070">
     <span class='ocr_line' id='line_1_101' title="bbox 409 4986 1977 5070; baseline -0.005 -19"><span class='ocrx_word' id='word_1_724' title='bbox 409 4993 499 5054; x_wconf 82' lang='grc' dir='ltr'><strong>Γ’.</strong></span> <span class='ocrx_word' id='word_1_725' title='bbox 535 4986 822 5055; x_wconf 73' lang='grc' dir='ltr'>Ἀντώνιος</span> <span class='ocrx_word' id='word_1_726' title='bbox 878 4997 1160 5070; x_wconf 76' lang='grc' dir='ltr'>τοιγαροῦν</span> <span class='ocrx_word' id='word_1_727' title='bbox 1212 4992 1241 5048; x_wconf 81' lang='grc' dir='ltr'>ὁ</span> <span class='ocrx_word' id='word_1_728' title='bbox 1296 4996 1398 5059; x_wconf 78' lang='grc' dir='ltr'><strong>τῆς</strong></span> <span class='ocrx_word' id='word_1_729' title='bbox 1454 4987 1710 5056; x_wconf 85' lang='grc' dir='ltr'>Ἐδέσσης</span> <span class='ocrx_word' id='word_1_730' title='bbox 1765 4989 1977 5067; x_wconf 70' lang='grc' dir='ltr'>ἡγεμο-</span> 
     </span>
    </p>
   </div>
   <div class='ocr_carea' id='block_1_102' title="bbox 314 5077 1980 5164">
    <p class='ocr_par' dir='ltr' id='par_1_102' title="bbox 314 5077 1980 5164">
     <span class='ocr_line' id='line_1_102' title="bbox 314 5077 1980 5164; baseline -0.005 -20"><span class='ocrx_word' id='word_1_731' title='bbox 314 5086 518 5164; x_wconf 67' lang='grc' dir='ltr'>νύων,</span> <span class='ocrx_word' id='word_1_732' title='bbox 555 5079 742 5147; x_wconf 70' lang='grc' dir='ltr'>ἐπειδὴ</span> <span class='ocrx_word' id='word_1_733' title='bbox 765 5093 883 5144; x_wconf 80' lang='grc' dir='ltr'>τοῖς</span> <span class='ocrx_word' id='word_1_734' title='bbox 915 5077 1099 5143; x_wconf 75' lang='grc' dir='ltr'>ἄλλοις</span> <span class='ocrx_word' id='word_1_735' title='bbox 1129 5080 1228 5149; x_wconf 77' lang='grc' dir='ltr'><strong>τὴν</strong></span> <span class='ocrx_word' id='word_1_736' title='bbox 1257 5083 1334 5144; x_wconf 72' lang='grc' dir='ltr'><strong>εἷς</strong></span> <span class='ocrx_word' id='word_1_737' title='bbox 1391 5081 1457 5137; x_wconf 78' lang='grc' dir='ltr'>τὰ</span> <span class='ocrx_word' id='word_1_738' title='bbox 1514 5081 1689 5138; x_wconf 77' lang='grc' dir='ltr'>οἰκεῖα</span> <span class='ocrx_word' id='word_1_739' title='bbox 1721 5077 1980 5138; x_wconf 71' lang='grc' dir='ltr'>ἒπάνοδον</span> 
     </span>
    </p>
   </div>
   <div class='ocr_carea' id='block_1_103' title="bbox 311 5169 1979 5258">
    <p class='ocr_par' dir='ltr' id='par_1_103' title="bbox 311 5169 1979 5258">
     <span class='ocr_line' id='line_1_103' title="bbox 311 5169 1979 5258; baseline -0.005 -24"><span class='ocrx_word' id='word_1_740' title='bbox 311 5176 647 5258; x_wconf 66' lang='grc' dir='ltr'>ἐχαρίσατο,</span> <span class='ocrx_word' id='word_1_741' title='bbox 707 5169 950 5247; x_wconf 65' lang='grc' dir='ltr'>βήματος</span> <span class='ocrx_word' id='word_1_742' title='bbox 1004 5171 1150 5247; x_wconf 75' lang='grc' dir='ltr'><strong>αὒτῷ</strong></span> <span class='ocrx_word' id='word_1_743' title='bbox 1201 5171 1467 5249; x_wconf 79' lang='grc' dir='ltr'>ἀρθέντος,</span> <span class='ocrx_word' id='word_1_744' title='bbox 1521 5169 1825 5249; x_wconf 77' lang='grc' dir='ltr'>ἀγωγίμους</span> <span class='ocrx_word' id='word_1_745' title='bbox 1855 5170 1979 5234; x_wconf 86' lang='grc' dir='ltr'>τοὺς</span> 
     </span>
    </p>
   </div>
   <div class='ocr_carea' id='block_1_104' title="bbox 311 5258 1980 5344">
    <p class='ocr_par' dir='ltr' id='par_1_104' title="bbox 311 5258 1980 5344">
     <span class='ocr_line' id='line_1_104' title="bbox 311 5258 1980 5344; baseline -0.003 -23"><span class='ocrx_word' id='word_1_746' title='bbox 311 5268 596 5344; x_wconf 76' lang='grc' dir='ltr'>μάρτυρας</span> <span class='ocrx_word' id='word_1_747' title='bbox 654 5260 895 5340; x_wconf 76' lang='grc' dir='ltr'>γενέσθαι</span> <span class='ocrx_word' id='word_1_748' title='bbox 951 5262 1291 5340; x_wconf 73' lang='grc' dir='ltr'>προστάττει.</span> <span class='ocrx_word' id='word_1_749' title='bbox 1355 5261 1463 5320; x_wconf 73' lang='grc' dir='ltr'>Καί</span> <span class='ocrx_word' id='word_1_750' title='bbox 1519 5265 1620 5328; x_wconf 75' lang='grc' dir='ltr'><strong>τῆς</strong></span> <span class='ocrx_word' id='word_1_751' title='bbox 1667 5258 1866 5325; x_wconf 79' lang='grc' dir='ltr'>τάξεως</span> <span class='ocrx_word' id='word_1_752' title='bbox 1918 5261 1980 5316; x_wconf 79' lang='grc' dir='ltr'>τὸ</span> 
     </span>
    </p>
   </div>
   <div class='ocr_carea' id='block_1_105' title="bbox 307 5351 1978 5432">
    <p class='ocr_par' dir='ltr' id='par_1_105' title="bbox 307 5351 1978 5432">
     <span class='ocr_line' id='line_1_105' title="bbox 307 5351 1978 5432; baseline -0.005 -18"><span class='ocrx_word' id='word_1_753' title='bbox 307 5354 602 5415; x_wconf 61' lang='grc' dir='ltr'>ηλιῦσθίν</span> <span class='ocrx_word' id='word_1_754' title='bbox 634 5351 968 5432; x_wconf 75' lang='grc' dir='ltr'>ποιησάσης,</span> <span class='ocrx_word' id='word_1_755' title='bbox 1016 5353 1146 5430; x_wconf 72' lang='grc' dir='ltr'>φησὶ</span> <span class='ocrx_word' id='word_1_756' title='bbox 1198 5353 1329 5429; x_wconf 81' lang='grc' dir='ltr'>πρὸς</span> <span class='ocrx_word' id='word_1_757' title='bbox 1358 5351 1481 5416; x_wconf 79' lang='grc' dir='ltr'>τούς</span> <span class='ocrx_word' id='word_1_758' title='bbox 1532 5351 1714 5429; x_wconf 80' lang='grc' dir='ltr'>ἁγίους</span> <span class='ocrx_word' id='word_1_759' title='bbox 1767 5352 1795 5406; x_wconf 83' lang='grc' dir='ltr'><strong>ὁ</strong></span> <span class='ocrx_word' id='word_1_760' title='bbox 1852 5351 1978 5428; x_wconf 73' lang='grc' dir='ltr'>ἡγε-</span> 
     </span>
    </p>
   </div>
   <div class='ocr_carea' id='block_1_106' title="bbox 305 5436 1972 5525">
    <p class='ocr_par' dir='ltr' id='par_1_106' title="bbox 305 5436 1972 5525">
     <span class='ocr_line' id='line_1_106' title="bbox 305 5436 1972 5525; baseline -0.005 -22"><span class='ocrx_word' id='word_1_761' title='bbox 305 5449 458 5525; x_wconf 77' lang='grc' dir='ltr'>μώνο</span> <span class='ocrx_word' id='word_1_762' title='bbox 518 5436 577 5504; x_wconf 73' lang='grc' dir='ltr'>Ὀ</span> <span class='ocrx_word' id='word_1_763' title='bbox 647 5446 924 5508; x_wconf 73' lang='grc' dir='ltr'>θειότατος</span> <span class='ocrx_word' id='word_1_764' title='bbox 1004 5442 1162 5516; x_wconf 78' lang='grc' dir='ltr'>ἡμῶν</span> <span class='ocrx_word' id='word_1_765' title='bbox 1229 5441 1480 5519; x_wconf 82' lang='grc' dir='ltr'>βασιλεὺς</span> <span class='ocrx_word' id='word_1_766' title='bbox 1551 5439 1673 5503; x_wconf 79' lang='grc' dir='ltr'>τάδε</span> <span class='ocrx_word' id='word_1_767' title='bbox 1745 5437 1972 5513; x_wconf 83' lang='grc' dir='ltr'>κελεύει,</span> 
     </span>
    </p>
   </div>
   <div class='ocr_carea' id='block_1_107' title="bbox 299 5529 1974 5614">
    <p class='ocr_par' dir='ltr' id='par_1_107' title="bbox 299 5529 1974 5614">
     <span class='ocr_line' id='line_1_107' title="bbox 299 5529 1974 5614; baseline -0.008 -16"><span class='ocrx_word' id='word_1_768' title='bbox 299 5535 611 5609; x_wconf 66' lang='grc' dir='ltr'>ἀποστῆναί</span> <span class='ocrx_word' id='word_1_769' title='bbox 669 5554 727 5593; x_wconf 78' lang='grc' dir='ltr'><strong>τι</strong></span> <span class='ocrx_word' id='word_1_770' title='bbox 785 5535 850 5594; x_wconf 73' lang='grc' dir='ltr'>οὗ</span> <span class='ocrx_word' id='word_1_771' title='bbox 907 5529 1225 5612; x_wconf 78' lang='grc' dir='ltr'>πρεσϐεύετε</span> <span class='ocrx_word' id='word_1_772' title='bbox 1276 5537 1715 5614; x_wconf 76' lang='grc' dir='ltr'>Χριστιανισμοῦ,</span> <span class='ocrx_word' id='word_1_773' title='bbox 1762 5531 1849 5588; x_wconf 84' lang='grc' dir='ltr'><strong>καὶ</strong></span> <span class='ocrx_word' id='word_1_774' title='bbox 1905 5537 1974 5609; x_wconf 79' lang='grc' dir='ltr'><strong>τῇ</strong></span> 
     </span>
    </p>
   </div>
   <div class='ocr_carea' id='block_1_108' title="bbox 390 5711 909 5796">
    <p class='ocr_par' dir='ltr' id='par_1_108' title="bbox 390 5711 909 5796">
     <span class='ocr_line' id='line_1_108' title="bbox 390 5711 909 5796; baseline -0.023 -7"><span class='ocrx_word' id='word_1_775' title='bbox 390 5716 601 5788; x_wconf 72' lang='grc' dir='ltr'>ίΡσιΙ.</span> <span class='ocrx_word' id='word_1_776' title='bbox 636 5731 815 5796; x_wconf 65' lang='lat' dir='ltr'><strong>cur,</strong></span> <span class='ocrx_word' id='word_1_777' title='bbox 844 5711 909 5778; x_wconf 69' lang='grc'><strong>9.</strong></span> 
     </span>
    </p>
   </div>
   <div class='ocr_carea' id='block_1_109' title="bbox 2063 4619 3705 4706">
    <p class='ocr_par' dir='ltr' id='par_1_109' title="bbox 2063 4619 3705 4706">
     <span class='ocr_line' id='line_1_109' title="bbox 2063 4619 3705 4706; baseline -0.002 -21"><span class='ocrx_word' id='word_1_778' title='bbox 2063 4643 2314 4704; x_wconf 85' lang='lat' dir='ltr'><strong>quorum</strong></span> <span class='ocrx_word' id='word_1_779' title='bbox 2368 4633 2460 4686; x_wconf 91' lang='lat' dir='ltr'><strong>est</strong></span> <span class='ocrx_word' id='word_1_780' title='bbox 2493 4624 2683 4706; x_wconf 83' lang='lat' dir='ltr'><strong>major</strong></span> <span class='ocrx_word' id='word_1_781' title='bbox 2733 4641 3041 4703; x_wconf 87' lang='lat' dir='ltr'><strong>numerus,</strong></span> <span class='ocrx_word' id='word_1_782' title='bbox 3075 4640 3250 4703; x_wconf 89' lang='lat' dir='ltr'><strong>quam</strong></span> <span class='ocrx_word' id='word_1_783' title='bbox 3309 4627 3373 4681; x_wconf 91' lang='lat' dir='ltr'><strong>ut</strong></span> <span class='ocrx_word' id='word_1_784' title='bbox 3402 4619 3588 4700; x_wconf 88' lang='lat' dir='ltr'><strong>possit</strong></span> <span class='ocrx_word' id='word_1_785' title='bbox 3630 4621 3705 4682; x_wconf 85' lang='lat' dir='ltr'><strong>ad</strong></span> 
     </span>
    </p>
   </div>
   <div class='ocr_carea' id='block_1_110' title="bbox 2062 4710 3710 4794">
    <p class='ocr_par' dir='ltr' id='par_1_110' title="bbox 2062 4710 3710 4794">
     <span class='ocr_line' id='line_1_110' title="bbox 2062 4710 3710 4794; baseline -0.001 -20"><span class='ocrx_word' id='word_1_786' title='bbox 2062 4724 2328 4777; x_wconf 83' lang='lat' dir='ltr'><strong>nostram</strong></span> <span class='ocrx_word' id='word_1_787' title='bbox 2362 4714 2568 4777; x_wconf 87' lang='lat' dir='ltr'><strong>venire</strong></span> <span class='ocrx_word' id='word_1_788' title='bbox 2597 4715 3025 4794; x_wconf 82' lang='lat' dir='ltr'><strong>cognitionem.</strong></span> <span class='ocrx_word' id='word_1_789' title='bbox 3059 4713 3175 4774; x_wconf 89' lang='lat' dir='ltr'><strong>Sed</strong></span> <span class='ocrx_word' id='word_1_790' title='bbox 3211 4710 3586 4774; x_wconf 87' lang='lat' dir='ltr'><strong>redeundum</strong></span> <span class='ocrx_word' id='word_1_791' title='bbox 3616 4718 3710 4773; x_wconf 89' lang='lat' dir='ltr'><strong>est</strong></span> 
     </span>
    </p>
   </div>
   <div class='ocr_carea' id='block_1_111' title="bbox 2063 4803 3278 4887">
    <p class='ocr_par' dir='ltr' id='par_1_111' title="bbox 2063 4803 3278 4887">
     <span class='ocr_line' id='line_1_111' title="bbox 2063 4803 3278 4887; baseline -0.006 -19"><span class='ocrx_word' id='word_1_792' title='bbox 2063 4805 2138 4868; x_wconf 89' lang='lat' dir='ltr'><strong>ad</strong></span> <span class='ocrx_word' id='word_1_793' title='bbox 2165 4823 2258 4886; x_wconf 86' lang='lat' dir='ltr'><strong>ea,</strong></span> <span class='ocrx_word' id='word_1_794' title='bbox 2293 4805 2368 4867; x_wconf 93' lang='lat' dir='ltr'><strong>de</strong></span> <span class='ocrx_word' id='word_1_795' title='bbox 2399 4804 2617 4885; x_wconf 90' lang='lat' dir='ltr'><strong>quibus</strong></span> <span class='ocrx_word' id='word_1_796' title='bbox 2649 4806 2876 4887; x_wconf 89' lang='lat' dir='ltr'><strong>primus</strong></span> <span class='ocrx_word' id='word_1_797' title='bbox 2906 4803 3278 4867; x_wconf 80' lang='lat' dir='ltr'><strong>dicebamus.</strong></span> 
     </span>
    </p>
   </div>
   <div class='ocr_carea' id='block_1_112' title="bbox 2146 4982 3708 5065">
    <p class='ocr_par' dir='ltr' id='par_1_112' title="bbox 2146 4982 3708 5065">
     <span class='ocr_line' id='line_1_112' title="bbox 2146 4982 3708 5065; baseline -0.001 -17"><span class='ocrx_word' id='word_1_798' title='bbox 2146 4987 2249 5049; x_wconf 88' lang='lat' dir='ltr'><strong>Ill.</strong></span> <span class='ocrx_word' id='word_1_799' title='bbox 2286 4985 2574 5048; x_wconf 83' lang='lat' dir='ltr'><strong>Antonius</strong></span> <span class='ocrx_word' id='word_1_800' title='bbox 2599 5003 2740 5064; x_wconf 84' lang='lat' dir='ltr'><strong>ergo</strong></span> <span class='ocrx_word' id='word_1_801' title='bbox 2761 5003 2984 5065; x_wconf 67' lang='lat' dir='ltr'><strong>praeses</strong></span> <span class='ocrx_word' id='word_1_802' title='bbox 3000 4982 3258 5058; x_wconf 78' lang='lat' dir='ltr'><strong>Edessae,</strong></span> <span class='ocrx_word' id='word_1_803' title='bbox 3285 5001 3420 5046; x_wconf 90' lang='lat' dir='ltr'><strong>cum</strong></span> <span class='ocrx_word' id='word_1_804' title='bbox 3453 5000 3708 5046; x_wconf 81' lang='lat' dir='ltr'><strong>conces-</strong></span> 
     </span>
    </p>
   </div>
   <div class='ocr_carea' id='block_1_113' title="bbox 2065 5074 3708 5146">
    <p class='ocr_par' dir='ltr' id='par_1_113' title="bbox 2065 5074 3708 5146">
     <span class='ocr_line' id='line_1_113' title="bbox 2065 5074 3708 5146; baseline -0.002 -7"><span class='ocrx_word' id='word_1_805' title='bbox 2065 5082 2237 5139; x_wconf 88' lang='lat' dir='ltr'><strong>sisset</strong></span> <span class='ocrx_word' id='word_1_806' title='bbox 2284 5076 2417 5138; x_wconf 89' lang='lat' dir='ltr'><strong>aliis</strong></span> <span class='ocrx_word' id='word_1_807' title='bbox 2455 5085 2518 5137; x_wconf 92' lang='lat' dir='ltr'><strong>ut</strong></span> <span class='ocrx_word' id='word_1_808' title='bbox 2547 5076 2791 5136; x_wconf 86' lang='lat' dir='ltr'><strong>domum</strong></span> <span class='ocrx_word' id='word_1_809' title='bbox 2837 5083 3300 5146; x_wconf 86' lang='lat' dir='ltr'><strong>reverterentur,</strong></span> <span class='ocrx_word' id='word_1_810' title='bbox 3333 5075 3390 5136; x_wconf 90' lang='lat' dir='ltr'><strong>ei</strong></span> <span class='ocrx_word' id='word_1_811' title='bbox 3420 5075 3479 5135; x_wconf 89' lang='lat' dir='ltr'><strong>in</strong></span> <span class='ocrx_word' id='word_1_812' title='bbox 3525 5074 3708 5136; x_wconf 90' lang='lat' dir='ltr'><strong>altum</strong></span> 
     </span>
    </p>
   </div>
   <div class='ocr_carea' id='block_1_114' title="bbox 2063 5165 3709 5245">
    <p class='ocr_par' dir='ltr' id='par_1_114' title="bbox 2063 5165 3709 5245">
     <span class='ocr_line' id='line_1_114' title="bbox 2063 5165 3709 5245; baseline -0.002 -17"><span class='ocrx_word' id='word_1_813' title='bbox 2063 5175 2264 5229; x_wconf 87' lang='lat' dir='ltr'><strong>erecto</strong></span> <span class='ocrx_word' id='word_1_814' title='bbox 2277 5166 2429 5229; x_wconf 87' lang='lat' dir='ltr'><strong>tribu</strong></span> <span class='ocrx_word' id='word_1_815' title='bbox 2439 5165 2577 5239; x_wconf 89' lang='lat' dir='ltr'><strong>nali,</strong></span> <span class='ocrx_word' id='word_1_816' title='bbox 2579 5165 2752 5245; x_wconf 88' lang='lat' dir='ltr'><strong>jubet</strong></span> <span class='ocrx_word' id='word_1_817' title='bbox 2765 5165 2837 5226; x_wconf 87' lang='lat' dir='ltr'><strong>ad</strong></span> <span class='ocrx_word' id='word_1_818' title='bbox 2852 5184 2918 5227; x_wconf 87' lang='lat' dir='ltr'><strong>se</strong></span> <span class='ocrx_word' id='word_1_819' title='bbox 2933 5165 3148 5226; x_wconf 84' lang='lat' dir='ltr'><strong>adduci</strong></span> <span class='ocrx_word' id='word_1_820' title='bbox 3163 5171 3477 5245; x_wconf 79' lang='lat' dir='ltr'><strong>martyres;</strong></span> <span class='ocrx_word' id='word_1_821' title='bbox 3499 5170 3709 5225; x_wconf 85' lang='lat' dir='ltr'><strong>etcum</strong></span> 
     </span>
    </p>
   </div>
   <div class='ocr_carea' id='block_1_115' title="bbox 2062 5251 3711 5338">
    <p class='ocr_par' dir='ltr' id='par_1_115' title="bbox 2062 5251 3711 5338">
     <span class='ocr_line' id='line_1_115' title="bbox 2062 5251 3711 5338; baseline -0.002 -20"><span class='ocrx_word' id='word_1_822' title='bbox 2062 5258 2368 5338; x_wconf 77' lang='lat' dir='ltr'><strong>fecissent,</strong></span> <span class='ocrx_word' id='word_1_823' title='bbox 2402 5256 2561 5334; x_wconf 88' lang='lat' dir='ltr'><strong>quod</strong></span> <span class='ocrx_word' id='word_1_824' title='bbox 2588 5254 2740 5329; x_wconf 86' lang='lat' dir='ltr'><strong>jussi</strong></span> <span class='ocrx_word' id='word_1_825' title='bbox 2783 5254 3018 5317; x_wconf 80' lang='lat' dir='ltr'><strong>fuerant</strong></span> <span class='ocrx_word' id='word_1_826' title='bbox 3059 5255 3451 5335; x_wconf 87' lang='lat' dir='ltr'><strong>apparitores,</strong></span> <span class='ocrx_word' id='word_1_827' title='bbox 3485 5251 3711 5316; x_wconf 85' lang='lat' dir='ltr'><strong>sanctis</strong></span> 
     </span>
    </p>
   </div>
   <div class='ocr_carea' id='block_1_116' title="bbox 2063 5344 3711 5428">
    <p class='ocr_par' dir='ltr' id='par_1_116' title="bbox 2063 5344 3711 5428">
     <span class='ocr_line' id='line_1_116' title="bbox 2063 5344 3711 5428; baseline -0.002 -18"><span class='ocrx_word' id='word_1_828' title='bbox 2063 5347 2207 5410; x_wconf 86' lang='lat' dir='ltr'><strong>dicit</strong></span> <span class='ocrx_word' id='word_1_829' title='bbox 2241 5363 2501 5428; x_wconf 65' lang='lat' dir='ltr'><strong>praises:</strong></span> <span class='ocrx_word' id='word_1_830' title='bbox 2539 5345 2952 5407; x_wconf 87' lang='lat' dir='ltr'><strong>Divinissimus</strong></span> <span class='ocrx_word' id='word_1_831' title='bbox 2985 5353 3188 5407; x_wconf 90' lang='lat' dir='ltr'><strong>noster</strong></span> <span class='ocrx_word' id='word_1_832' title='bbox 3230 5344 3555 5428; x_wconf 86' lang='lat' dir='ltr'><strong>imperator</strong></span> <span class='ocrx_word' id='word_1_833' title='bbox 3583 5345 3711 5406; x_wconf 67' lang='lat' dir='ltr'><strong>hate</strong></span> 
     </span>
    </p>
   </div>
   <div class='ocr_carea' id='block_1_117' title="bbox 2055 5433 3711 5519">
    <p class='ocr_par' dir='ltr' id='par_1_117' title="bbox 2055 5433 3711 5519">
     <span class='ocr_line' id='line_1_117' title="bbox 2055 5433 3711 5519; baseline -0.003 -21"><span class='ocrx_word' id='word_1_834' title='bbox 2055 5438 2326 5519; x_wconf 85' lang='lat' dir='ltr'><strong>jubet,ut</strong></span> <span class='ocrx_word' id='word_1_835' title='bbox 2347 5451 2404 5498; x_wconf 88' lang='lat' dir='ltr'><strong>et</strong></span> <span class='ocrx_word' id='word_1_836' title='bbox 2427 5433 2929 5498; x_wconf 72' lang='lat' dir='ltr'><strong>aChristianssmo</strong></span> <span class='ocrx_word' id='word_1_837' title='bbox 2949 5434 3262 5510; x_wconf 74' lang='lat' dir='ltr'><strong>deficiatis,</strong></span> <span class='ocrx_word' id='word_1_838' title='bbox 3292 5452 3472 5515; x_wconf 90' lang='lat' dir='ltr'><strong>quem</strong></span> <span class='ocrx_word' id='word_1_839' title='bbox 3497 5433 3711 5510; x_wconf 88' lang='lat' dir='ltr'><strong>sequi-</strong></span> 
     </span>
    </p>
   </div>
   <div class='ocr_carea' id='block_1_118' title="bbox 2063 5521 3708 5607">
    <p class='ocr_par' dir='ltr' id='par_1_118' title="bbox 2063 5521 3708 5607">
     <span class='ocr_line' id='line_1_118' title="bbox 2063 5521 3708 5607; baseline -0.005 -17"><span class='ocrx_word' id='word_1_840' title='bbox 2063 5527 2233 5604; x_wconf 89' lang='lat' dir='ltr'><strong>mini,</strong></span> <span class='ocrx_word' id='word_1_841' title='bbox 2267 5534 2324 5588; x_wconf 91' lang='lat' dir='ltr'><strong>et</strong></span> <span class='ocrx_word' id='word_1_842' title='bbox 2374 5525 2619 5607; x_wconf 82' lang='lat' dir='ltr'><strong>imagini</strong></span> <span class='ocrx_word' id='word_1_843' title='bbox 2648 5523 2807 5589; x_wconf 86' lang='lat' dir='ltr'><strong>Jovis</strong></span> <span class='ocrx_word' id='word_1_844' title='bbox 2837 5525 3062 5588; x_wconf 87' lang='lat' dir='ltr'><strong>cultum</strong></span> <span class='ocrx_word' id='word_1_845' title='bbox 3095 5524 3361 5589; x_wconf 81' lang='lat' dir='ltr'><strong>divinum</strong></span> <span class='ocrx_word' id='word_1_846' title='bbox 3409 5521 3708 5603; x_wconf 86' lang='lat' dir='ltr'><strong>tribuatis,</strong></span> 
     </span>
    </p>
   </div>
  </div>
