4158 6444
524 340 629 410 131
1457 399 1461 402 .
1819 335 2100 408 MENSIS
2142 343 2155 407 ]

2240 333 2586 410 ΝΕΜΒΕΗ.
3769 345 3809 415 't
3825 341 3903 420 32

520 483 656 544 thus
684 479 746 541 in
777 486 879 542 ara
910 467 1334 542 sacrificantes.
1369 472 1457 540 Ad
1481 477 1606 540 haec
1623 479 1943 542 Samonas:
1973 477 2155 552 Absit,

2255 488 2345 537 τοῦ
2405 479 2525 542 Διός
2588 479 2749 536 είιιόνι
2805 481 2865 537 τὸ
2921 475 3076 547 σέϐας
3131 496 3533 564 προσενεγκεῖν,
3607 484 3900 546 λιϐανωτὸν

518 571 738 654 inquit,
760 579 825 631 ut
841 587 982 631 vera
1003 569 1117 630 fide
1148 569 1382 650 relicta,
1399 575 1642 648 propter
1663 587 1834 650 quam
1859 587 2155 649 speramus

2257 573 2334 641 τῷ
2389 570 2558 645 βωμῷ
2620 570 2951 636 ἑπιθύοντας,
3017 572 3152 649 Πρός
3201 580 3366 630 ταῦτα
3411 576 3441 630 6
3492 581 3778 650 Σαμωνᾶς,
3813 580 3900 646 Μὴ

518 664 671 736 fore,
706 669 770 722 ut
809 660 987 721 vitam
1020 657 1853 738 assequamur-immortalem,
1891 676 2155 720 manuun

2257 658 2483 737 γένοιτο,
2517 657 2643 737 ἔφη,
2702 661 2799 726 τὴν
2859 659 3034 728 ἀληθῇ
3092 660 3267 720 πίστιν
3317 662 3794 741 ἐγκαταλιπόντας,
3829 666 3899 724 δι’

521 770 672 833 opus
694 759 754 812 et
775 751 1124 827 ﬁgmentum
1147 751 1438 811 colamus.
1467 750 1696 811 Prasses
1715 758 1910 810 autem
1939 766 1952 810 :
1982 749 2172 826 [mpe-

519 841 758 914 ratoris,
792 839 1010 920 inquit,
1037 839 1205 917 jussa
1237 839 1480 900 omnino
1514 846 1652 899 sunt
1681 837 2005 915 implenda.
2049 837 2170 900 Re-

519 931 760 1013 spondit
795 929 1006 992 Gurias
1036 949 1050 990 :
1088 929 1300 990 Puram
1325 936 1386 989 et
1411 926 1669 988 divinam
1696 937 1957 988 nostram
1990 927 2169 989 fidem

517 1038 820 1101 nunquam
852 1016 1280 1096 inﬁciabimur,
1304 1026 1628 1097 sequentes
1669 1017 2032 1080 voluntatem
2069 1018 2171 1078 ho-

519 1110 772 1183 minum,
806 1108 867 1168 in
901 1124 1054 1186 quos
1084 1104 1244 1167 cadit
1299 1105 1597 1168 interitus.
1658 1105 1960 1168 Habemus
2008 1106 2165 1167 enim

515 1198 750 1262 Patrem
789 1203 849 1257 in
881 1194 1071 1268 caelis,
1105 1195 1278 1275 cujus
1307 1195 1624 1276 sequimur
1655 1195 2038 1275 voluntatem,
2065 1196 2169 1274 qui

516 1289 700 1351 dicit:
743 1312 768 1343 α
805 1286 920 1360 Qui
952 1303 1047 1346 me
1079 1285 1391 1347 confessus
1421 1285 1602 1346 fuerit
1641 1304 1839 1346 coram
1901 1286 2167 1347 homini-

511 1379 643 1455 bus,
677 1395 786 1455 ego
810 1393 1048 1457 quoque
1072 1393 1208 1435 eum
1231 1375 1562 1438 conﬁtebor
1587 1393 1787 1438 coram
1811 1373 1984 1437 Patre
2008 1395 2162 1449 meo,

510 1470 614 1552 qui
645 1477 737 1531 est
767 1470 827 1529 in
857 1465 1043 1529 cmlis.
1079 1464 1188 1537 Qui
1243 1484 1337 1526 me
1369 1475 1564 1528 autem
1614 1466 1924 1543 negaverit
1955 1484 2154 1527 coram

509 1558 878 1632 hominibus,
915 1575 1022 1633 ego
1050 1575 1288 1636 quoque
1319 1575 1453 1618 eum
1490 1555 1717 1634 negabo
1751 1574 1950 1617 coram
1985 1555 2156 1618 Patre

513 1668 672 1721 meo,
708 1657 764 1710 et
791 1646 1016 1726 angelis
1049 1646 1179 1725 ejus
1203 1645 1250 1706 9.
1285 1670 1304 1702 ι
1331 1645 1521 1708 Judex
1553 1655 1750 1708 autem
1780 1669 1793 1705 :
1821 1645 1947 1708 Non
1976 1646 2155 1707 vultis

508 1757 674 1819 ergo,
702 1737 918 1817 inquit,
953 1755 1167 1817 parere
1198 1734 1480 1797 voluntati
1532 1736 1954 1816 imperatoris?
1986 1736 2150 1808 Quo-

509 1829 686 1891 modo
717 1846 856 1890 vero
891 1845 1008 1886 non
1041 1825 1589 1905 fueritabsurdum,
1625 1845 1694 1887 ea
1724 1827 1992 1906 quidem,
2019 1845 2153 1902 quae

508 1921 631 1982 visa
665 1918 882 1979 fuerint
911 1915 1281 1993 hominibus,
1313 1915 1504 1995 iisque
1531 1917 1631 1995 qui
1667 1936 1781 1977 non
1818 1917 2064 1978 multum
2095 1925 2153 1978 et
2179 1916 2194 1938 ‘

505 2020 794 2094 quantum
828 2025 952 2082 vos,
990 2021 1260 2086 possunt,
1285 2005 1486 2086 reipsa
1511 2007 1580 2068 ad
1605 2007 1884 2068 effectum
1911 2006 2146 2083 deduci,

497 2118 706 2164 eorum
737 2106 960 2177 autem,
995 2097 1094 2177 qui
1155 2114 1357 2158 rerum
1423 2097 1753 2177 potiuntur,
1803 2099 1974 2176 jussa
2023 2099 2148 2159 fieri

496 2189 713 2254 irrita?
745 2187 858 2261 Qui
892 2186 1076 2264 Regis
1123 2205 1356 2266 regum,
1384 2186 1659 2266 inquiunt
1685 2189 1901 2266 sancti,
1927 2185 2148 2250 faciunt

500 2280 886 2354 voluntatem,
924 2278 1120 2338 carnis
1149 2277 1512 2338 voluntatem
1558 2284 1848 2357 respuunt
1896 2297 1965 2338 ac
1997 2277 2144 2357 reji-

500 2371 689 2434 ciunt.
724 2367 952 2431 Deinde
973 2384 1109 2427 cum
1138 2385 1357 2446 praeses
1393 2367 1648 2430 minatus
1675 2375 1834 2428 esset
1869 2377 2141 2442 mortem,

500 2461 613 2523 nisi
647 2466 948 2539 parerent,
982 2458 1288 2537 Samonas,
1324 2455 1452 2517 Non
1487 2457 1832 2530 moriemur,
1872 2457 2084 2538 inquit,
2111 2477 2145 2518 ο

499 2558 778 2633 tyranne,
813 2547 863 2608 si
893 2545 1193 2609 Creatoris
1223 2565 1543 2625 sequamur
1582 2546 1970 2620 voluntatem,
2025 2547 2144 2606 imo

497 2659 637 2703 vero
667 2639 932 2700 vivemus
964 2637 1178 2716 potius.
1215 2635 1332 2697 Sed
1364 2638 1410 2696 si
1463 2654 1533 2698 ea
1585 2638 1770 2697 secuti
1833 2635 2143 2709 fuerimus,

496 2748 634 2809 qua:
656 2729 830 2810 jubet
857 2738 1049 2788 vester
1105 2727 1453 2807 imperator,
1505 2727 1682 2800 scias,
1719 2727 1875 2806 quod
1910 2726 2143 2788 etiamsi

496 2828 556 2884 tu
591 2837 698 2882 nos
723 2817 1376 2891 noninteremeris,nos
1395 2823 1594 2879 tamen
1618 2816 1769 2878 male
1789 2815 2136 2897 peribimus.

2254 746 2318 814 ἧς
2397 751 2486 804 καὶ
2572 749 2831 808 ἀθανάτου
2910 749 3288 826 προσδοκῶμεν
3373 751 3658 823 ἀξιωθῆναι
3728 762 3897 831 ζωῆς,

2254 843 2454 916 χειρῶν
2522 838 2660 915 ἔργῳ
2727 841 3074 916 προστεθῆναι
3147 842 3230 898 καὶ
3319 841 3613 919 πλάσματι,
3701 848 3799 904 Καὶ
3871 848 3899 903 6

2253 929 2510 1017 ἡγεμὼν,
2581 929 2686 992 Τὰς
2757 928 3032 1004 βασιλικὰς
3103 929 3306 1017 μᾶλλον
3377 933 3685 1010 προστάξεις
3753 933 3898 1017 δέον,

2254 1022 2400 1090 εἷπε,
2456 1016 2694 1096 πληροῦν
2769 1017 2830 1074 ἐκ
2900 1022 3120 1085 παντός.
3204 1013 3265 1080 Ὀ
3336 1025 3549 1099 Γουρίας
3619 1013 3896 1100 ἡμείϐετολ

2252 1106 2516 1186 ’Ἔξαρνοι
2572 1113 2674 1174 τῆς
2731 1112 2962 1184 καθαρᾶς
3021 1112 3174 1184 ἡμῶν
3229 1113 3317 1169 καὶ
3367 1114 3506 1175 θείας
3548 1115 3643 1172 οὐκ
3672 1113 3734 1170 ἄν
3764 1138 3896 1174 ποτε

2252 1197 2528 1276 γενοίμεθα
2613 1199 2864 1272 πίστεως,
2951 1198 3211 1270 θελήματι
3294 1205 3536 1280 φθαρτῶν
3603 1203 3898 1282 ἀνθρώπων

2249 1287 2678 1350 ἀκολουθοῦντες·
2740 1287 2940 1367 ἔχομεν
3002 1291 3102 1372 γὰρ
3162 1292 3370 1370 Πατέρα
3422 1291 3476 1348 ἐν
3521 1294 3790 1372 οὐρανοῖς,
3836 1298 3899 1353 οὗ

2251 1378 2483 1451 ἑπόμεθα
2511 1382 2586 1450 τῷ
2615 1376 2895 1452 θελήματι,
2936 1402 2962 1433 σ
3001 1371 3194 1444 "Osric
3229 1379 3558 1459 ὁμολογήσει
3585 1371 3645 1439 εν
3675 1385 3822 1465 spei,
3868 1415 3892 1442 ιι

2240 1467 2512 1545 λέγοντος,
2584 1492 2612 1522 ιι
2676 1466 2968 1545 ἔμπροσθεν
3025 1470 3132 1526 τῶν
3190 1471 3504 1547 ἀνθρώπων,
3564 1472 3894 1552 ὁμολογήσω

2238 1559 2389 1634 κάγὼ
2443 1556 2497 1612 ἐν
2558 1561 2698 1630 αὖτῷ
2756 1557 3046 1631 ἔμπροσθεν
3107 1570 3200 1619 τοῦ
3256 1563 3459 1640 ﬂat-pb;
3518 1585 3620 1636 μου
3682 1571 3773 1621 τοῦ
3839 1563 3894 1620 ἐν

2238 1651 2482 1725 οὖρανοϊς
2519 1666 2528 1675 ·
2568 1647 2627 1710 ’ὃς
2655 1644 2702 1701 δ’
2734 1646 2795 1702 ἄν
2827 1648 3125 1724 ἀρνήσηταί
3155 1671 3223 1724 με
3281 1650 3577 1729 ἔμπροσθεν
3630 1660 3736 1710 τῶν
3788 1653 3890 1710 ἐν·-

2235 1740 2483 1815 θρώπων,
2520 1737 2818 1814 ἀρνήσομαι
2880 1739 3030 1815 κάγὼ
3084 1742 3240 1797 αυτὸν
3301 1740 3594 1817 ἔμπροσθεν
3651 1751 3739 1802 τοῦ
3770 1749 3892 1802 Πα-

2234 1829 2358 1904 τρὸς
2391 1849 2493 1902 μου
2521 1830 2611 1883 καὶ
2639 1829 2745 1882 τῶν
2793 1827 3030 1904 ἀγγέλων
3068 1829 3248 1892 αὖτοῦ.
3285 1850 3314 1889 ι
3370 1833 3465 1890 Καὶ
3523 1834 3550 1887 6
3607 1831 3886 1903 δικπτῆς⁸

2237 1919 2345 1976 οὔκ
2373 1919 2462 1973 οὖν
2521 1917 2646 1974 αὖτό
2709 1924 2799 1973 τοῦ
2853 1916 3114 1992 βασιλέως
3173 1923 3404 1996 αἱρεῖσθε
3462 1921 3720 1999 θέλημ²;
3787 1925 3892 1982 Καὶ

2235 2013 2348 2070 πῶς
2386 2009 2479 2065 οὒκ
2509 2005 2570 2062 ἂν
2603 2005 2695 2074 εἴη
2727 2013 2832 2064 to).
2883 2007 3117 2088 ἀτόπων,
3176 2011 3242 2066 τά
3288 2010 3387 2084 μὲν
3443 2011 3764 2092 ἀνθρώποις,
3797 2015 3892 2071 καὶ

2234 2105 2395 2154 ταῦτα
2454 2097 2531 2170 μὴ
2592 2097 2730 2175 μέγα
2786 2119 2835 2154 τι
2885 2098 3002 2154 καθ’
3059 2099 3194 2173 ὑμᾶς
3246 2097 3580 2180 δυναμένοις,
3635 2099 3888 2179 δόξαντα,

2232 2187 2318 2244 ἐπὶ
2375 2187 2480 2242 τῶν
2540 2187 2703 2264 ἔργων
2766 2185 3046 2258 ἐκϐαίνειν,
3105 2189 3198 2252 τὰς
3272 2187 3326 2245 δὲ
3385 2195 3490 2247 τῶν
3547 2192 3890 2270 κρατούντων

2231 2275 2540 2354 προστάξεις
2600 2275 2829 2355 ἀργεῖν;
2889 2279 2948 2334 Oi
3005 2279 3066 2333 τὸ
3125 2278 3218 2335 τοῦ
3262 2277 3525 2354 βασ.λέω;
3568 2285 3675 2336 τῶν
3727 2282 3890 2357 βασι-

2231 2365 2516 2439 λευόντων,
2549 2366 2709 2422 εἷπον
2741 2369 2788 2423 οἱ
2845 2366 3011 2442 ἅγιοι,
3065 2366 3275 2443 θέλημα
3333 2376 3601 2434 ποιοῦντες
3631 2368 3885 2444 θελιιμά-

2231 2478 2336 2512 τιον
2367 2457 2473 2510 τῶν
2501 2460 2597 2522 τῆς
2634 2457 2823 2532 σαρκὸς
2859 2457 3274 2520 καταπτύουσιν,
3338 2458 3472 2515 Εἶτα
3529 2467 3625 2516 τοῦ
3672 2460 3890 2537 ἡγεμό-

2230 2567 2341 2618 νος,
2401 2545 2445 2599 εἰ
2503 2544 2579 2617 μὴ
2612 2545 2906 2618 πεισθεῖεν,
2969 2543 3190 2602 θάνατον
3246 2546 3661 2623 ἀπειλήσαντος,
3695 2551 3723 2605 6
3764 2556 3887 2606 Σα-

2229 2641 2434 2708 μωνᾶς,
2499 2633 2604 2691 Οὔκ
2660 2633 3083 2715 ἀποθανούμεθα,
3141 2636 3320 2712 εἶπεν,
3392 2637 3437 2692 ὦ
3511 2638 3754 2716 τύραννε,
3813 2641 3886 2716 τῇ

2227 2731 2318 2780 τοῦ
2353 2729 2690 2800 Δημιουργοῦ
2733 2723 2947 2794 θελήσει
3007 2725 3259 2799 ἑπόμενοι
3295 2745 3311 2761 ⁸
3372 2726 3576 2802 μαλλον
3635 2728 3736 2802 μὲν
3789 2732 3884 2787 οὖν

3499 2823 3525 2834 ~

2227 2815 2313 2869 οιαὶ
2342 2815 2636 2888 ζησόμεθα.
2675 2815 2730 2870 Εἰ
2761 2811 2815 2869 δὲ
2847 2815 2910 2870 τὰ
2943 2817 3034 2871 τοῦ
3090 2815 3352 2892 βασιλέως
3417 2819 3563 2890 ὐμῶν
3608 2816 3882 2892 ἑλοίμεθα,

2225 2903 2282 2958 εὖ
2314 2904 2421 2959 ἴσθι
2452 2915 2548 2978 ως,
2584 2905 2627 2958 εἷ
2657 2904 2735 2975 μὴ
2762 2904 2848 2959 καὶ
2881 2906 3034 2968 ἀύτὸς
3068 2907 3212 2981 ἡμᾶς
3269 2905 3500 2982 ἀνέλοις,
3562 2904 3682 2964 ἀλλ’
3710 2907 3882 2984 ἡμεῖς

2225 3001 2402 3058 καλῶς
2435 2993 2800 3068 ἀπολούμεθα.

2309 3080 2392 3142 Δ’.
2426 3081 2647 3149 Ἐπειδὴ
2709 3083 2902 3139 τούτων
2960 3087 2986 3140 6
3044 3086 3263 3162 ἡγεμὼν
3312 3084 3559 3161 ἤκουσεν,
3623 3087 3884 3164 Ἀνουίτῳ

572 3087 675 3154 IV.
701 3087 1019 3168 Postquam
1053 3085 1178 3147 haec
1198 3083 1419 3147 audivit
1445 3084 1860 3163 iirmses,jubet
1889 3085 2140 3147 Anovito

3535 3187 3724 3242 αὐτοὺς
3797 3187 3881 3253 τῷ

494 3175 1217 3242 commentariensieosin
1245 3175 1600 3237 tutissimam
1627 3176 1929 3254 conjicere
1951 3185 2141 3236 custo-

2240 3173 2493 3252 erttpimt
2569 3180 2646 3246 τῷ
2719 3176 3120 3252 ιομενταρησίῳ
3195 3175 3447 3256 ἀσφαλῶς

493 3268 676 3332 diam.
715 3267 1038 3329 Veritatem
1074 3265 1232 3326 enim
1268 3284 1423 3343 aegre
1457 3264 1571 3326 fert
1601 3265 1856 3341 animus,
1905 3266 2006 3346 qui
2035 3284 2139 3327 sua

2240 3262 2570 3341 Ξεσμιυτηρίῳ
2626 3261 2918 3338 καθεῖρξαι·
2979 3262 3309 3343 δυσχεραίνει
3381 3267 3481 3344 γάρ
3542 3269 3673 3346 πρὸς
3741 3266 3884 3338 ἀλήσ-

491 3366 706 3439 sponte
739 3367 829 3418 est
856 3355 931 3416 ad
965 3353 1184 3414 malum
1222 3373 1590 3432 propensus:
1625 3361 1688 3414 ut
1717 3355 1817 3434 qui
1858 3363 2142 3432 aegrotant

2240 3361 2362 3409 ιειαν
2421 3352 2802 3410 ἐθελοκακοῦσα
2873 3355 3050 3433 ψυχὴ,
3125 3357 3198 3418 ὡς
3269 3355 3529 3433 ὀφθαλμοὶ
3589 3364 3874 3422 νοσοῦντες

493 3435 676 3520 oculi,
710 3444 1093 3526 splendorem
1120 3444 1282 3504 solis.
1314 3446 1630 3525 Postquam
1654 3455 1848 3505 autem
1877 3445 1977 3504 ille
2006 3445 2141 3507 fecit

2240 3448 2350 3521 περὶ
2382 3444 2478 3510 τὴν
2503 3449 2594 3498 τοῦ
2629 3444 2776 3510 ἡλίου
2808 3441 3185 3520 λαμπρότητα.
3222 3435 3314 3508 Ὠς
3371 3444 3427 3500 δὲ
3485 3447 3546 3502 τὸ
3591 3446 3877 3508 κελευσθὲν

489 3537 650 3616 quod
682 3536 734 3598 ei
768 3536 962 3596 fuerat
991 3533 1369 3613 imperatum,
1404 3545 1462 3594 et
1495 3542 1778 3614 martyres
1810 3535 2046 3595 fuerunt
2080 3534 2139 3594 in

2240 3537 2371 3596 ρῦτος
2399 3533 2563 3590 ἐποίει
2597 3534 2831 3596 καὶτοὺς
2885 3535 3148 3611 μάρτυρας
3211 3533 3417 3615 εἰλήφει
3476 3538 3537 3594 τὸ
3594 3535 3881 3611 δεσμωτή-

489 3643 754 3704 carcere,
785 3626 840 3685 in
872 3641 991 3702 quo
1017 3624 1190 3683 etiam
1214 3623 1383 3683 inulti
1405 3621 1508 3684 alii
1530 3624 1716 3684 sancti
1741 3625 1903 3702 prius
1928 3624 2138 3685 inclusi

2240 3648 2355 3696 nov,
2416 3623 2469 3678 ἐν
2515 3626 2560 3696 ᾧ
2618 3620 2683 3688 δὴ
2740 3629 2827 3678 καί
2880 3621 3082 3690 πληθὺς
3142 3625 3335 3704 ἑτέρων
3377 3625 3539 3702 ἀγίῶν
3572 3627 3671 3683 ὑπὸ
3700 3649 3877 3700 στρα-

487 3717 724 3780 fuerant
751 3733 784 3775 a
816 3712 1127 3791 militibus,
1165 3711 1493 3792 imperator
1522 3713 1763 3793 quidem
1818 3713 2136 3774 Diocletia‘

2240 3725 2437 3776 :tobtatc
2497 3712 2747 3792 ἀσφαλῶς
2804 3718 3212 3794 προκαθεϊρκτο,
3271 3715 3582 3792 ὁβασιλεὺς
3629 3716 3878 3787 Διοκλη-

486 3824 622 3880 nus,
653 3803 944 3866 accersito
977 3800 1248 3865 Musonio
1281 3802 1532 3881 praeside
1583 3803 1935 3878 Antiochiae,
1962 3802 2136 3882 jubet

2240 3807 2419 3880 ῖιανὸς,
2456 3804 2777 3860 Μευσούνιον
2808 3803 2861 3859 ἐν
2898 3803 3202 3883 Ἀντιοχείᾳ
3257 3807 3348 3862 τὸν
3407 3806 3651 3885 ἡγεμόνα
3706 3828 3880 3883 μετα-

486 3913 622 3957 eum
655 3895 860 3955 venire
916 3892 1228 3963 Edessam,
1293 3898 1350 3953 et
1406 3891 1798 3965 Christianos,
1830 3893 1930 3972 qui
1978 3903 2034 3953 in
2066 3911 2134 3954 ea

2240 3893 2590 3972 πτειλάμενος,
2623 3892 2920 3950 ἐντέλλεται
2971 3896 3101 3972 πρὸς
3162 3892 3386 3972 Ἐδέσσῃ
3444 3895 3708 3976 γενέσθαι,
3767 3902 3876 3955 καὶ

485 3991 656 4046 erant
684 3983 922 4063 inclusi,
953 3983 1078 4043 sive
1110 3989 1280 4042 erant
1313 3981 1672 4057 communis,
1733 3982 1857 4043 sive
1916 3983 2131 4044 sacrati

2240 3986 2336 4048 εοῦς
2387 3986 2441 4038 'ev
2503 3983 2637 4058 αὖτῇ
2690 3982 3098 4046 κατακλείστους
3147 3988 3516 4058 Χριστιανοὺς,
3571 3984 3634 4042 ἀν
3686 4007 3744 4043 τε
3778 3995 3879 4045 τοῦ

483 4073 735 4147 ordinis,
773 4073 850 4135 de
882 4091 988 4134 sua
1012 4072 1382 4150 interrogare
1413 4072 1725 4150 religione,
1752 4080 1809 4132 et
1835 4071 1920 4132 eis
1951 4075 2130 4134 finem

2240 4073 2395 4131 ιοινοῦ
2452 4072 2724 4150 τάγματος
2784 4072 2926 4146 εἷεν,
2983 4071 3046 4127 ἄν
3102 4095 3160 4129 τε
3218 4080 3309 4130 τοῦ
3370 4075 3686 4156 ἱερωμένου,
3747 4079 3878 4158 περὶ

483 4163 626 4225 dare
639 4162 1116 4225 convenientem.
1145 4161 1286 4223 Cum
1310 4166 1359 4222 is
1383 4180 1520 4240 ergo
1536 4163 1798 4224 venisset
1819 4160 2124 4235 Edessam,

2243 4162 2492 4242 ρησκείας
2549 4161 2829 4239 ἀνακρῖναι
2887 4166 2984 4230 τῆς
3047 4163 3272 4240 ἑαυτῶν,
3305 4165 3393 4221 καὶ
3424 4167 3484 4222 τὸ
3528 4164 3878 4234 κατάλληλον

481 4262 540 4315 et
569 4255 882 4316 Samonam
912 4260 966 4314 et
999 4250 1242 4314 Guriam
1279 4252 1500 4331 primos
1533 4260 1800 4313 curasset
1830 4251 2130 4314 sistendos

2240 4266 2508 4328 ιπονεῒμαι
2567 4249 2744 4316 τέλος.
2800 4252 2910 4320 Τὴν
2969 4250 3244 4310 ’Ἔδεσσαν
3301 4255 3472 4311 τοίνυν
3513 4257 3662 4321 οὗτος
3706 4278 3882 4314 κατα-

481 4343 554 4405 ad
605 4342 863 4405 tribunal
914 4341 1224 4421 judiciale,
1287 4342 1432 4403 dicit
1489 4343 1612 4404 eis:
1677 4342 1912 4404 Domini
1967 4342 2131 4403 orbis

2240 4339 2414 4416 .αϐών,
2449 4343 2536 4398 καὶ
2569 4347 2834 4416 Σαμωνᾶν
2862 4341 2954 4398 καί
3000 4344 3221 4422 Γουρίαν
3278 4344 3518 4422 πρώτως
3574 4349 3650 4418 τῷ
3709 4343 3879 4404 δικα-

482 4441 656 4496 ιειτω
711 4433 808 4494 hic
868 4445 962 4493 est
1011 4430 1238 4510 jussus,
1301 4441 1364 4491 ut
1430 4449 1532 4494 vos
1579 4450 1696 4492 arm
1738 4432 1900 4493 .lovis
1931 4438 2127 4492 vinum

2240 4439 2379 4506 ’τικῷ
2436 4432 2914 4511 παραστησάμενος
2967 4433 3195 4509 βήματι,
3265 4436 3394 4506 φησὶ
3456 4437 3585 4515 πρὸς
3648 4436 3872 4502 αὐτοὺς

481 4521 701 4596 libetis,
761 4529 820 4583 et
882 4521 1017 4582 thus
1074 4520 1417 4600 imponatis.
1471 4518 1575 4583 Sin
1627 4522 1844 4594 minus,
1894 4540 2002 4600 ego
2030 4540 2129 4583 vos

2240 4525 2318 4580 .‘0'5
2386 4521 2482 4590 τῆς
2550 4521 2863 4597 οἰκουμένης
2929 4522 3273 4595 δεσπόζοντος
3353 4524 3487 4594 αὕτη
3559 4524 3872 4608 πρόσταξις,

481 4611 656 4673 variis
685 4629 1031 4673 consumam
1065 4609 1397 4690 suppliciis.
1433 4611 1662 4691 Corpus
1717 4611 1876 4673 enim
1930 4612 2129 4690 ﬂagris
2151 4669 2155 4718 Ι

2244 4615 2358 4668 ’ἷνον
2389 4619 2466 4686 τῷ
2496 4622 2587 4671 τοῦ
2620 4614 2742 4676 Διὸς
2794 4614 2931 4688 ὑμᾶς
2990 4627 3209 4670 σπεῖσαι
3259 4616 3452 4692 βωμῷ,
3500 4618 3584 4672 καὶ
3629 4613 3876 4673 λιϐανω-

2244 4702 2258 4718 \
2337 4702 2349 4718 9
2423 4705 2446 4718 Α
2498 4715 2506 4718 -
2705 4704 2718 4718 9
2757 4699 2799 4718 NI
2889 4704 2903 4718 Ω
3033 4701 3078 4718 9‘
3095 4701 3113 4718 Ν
3136 4703 3146 4718 ι
3354 4703 3385 4718 Α
3545 4707 3557 4718 ο
3619 4711 3644 4718 .-
3745 4705 3759 4718 ε

478 4699 782 4782 lacerabo,
815 4700 1005 4762 donec
1033 4701 1368 4786 perveniam
1402 4719 1591 4780 usque
1613 4700 1682 4761 ad
1713 4701 1839 4781 ipsa
1873 4704 2121 4764 viscera:
2151 4699 2155 4718 ¹

2243 4702 2299 4758 ὸν
2333 4702 2592 4759 ἐπιθεῖναι
2628 4721 2644 4737 ⁶
2678 4704 2722 4758 εἷ
2753 4699 2799 4756 δ’
2854 4704 2965 4777 οὖν,
3023 4701 3161 4758 ἀλλά
3215 4703 3484 4768 ποικίλαις
3540 4707 3678 4781 ὑμᾶς
3737 4705 3874 4763 ἀνα-

480 4791 792 4876 plumbum
826 4799 1022 4854 autem
1059 4791 1291 4854 fervens
1314 4811 1433 4854 non
1457 4791 1622 4871 prius
1647 4791 1894 4853 cessabo
1918 4792 2126 4854 vestris

2245 4791 2371 4848 ώσω
2427 4791 2702 4869 βασάνοις’
2768 4790 2980 4868 μάστιξι
3033 4792 3134 4871 γὰρ
3203 4796 3264 4850 τὸ
3336 4801 3493 4871 σῶμα
3559 4795 3872 4872 καταξανῶ,

479 4882 650 4945 nxilis
680 4882 1014 4958 infundere,
1076 4899 1256 4959 quam
1317 4880 1374 4942 id
1433 4881 1759 4961 pervaserit
1813 4899 2001 4963 usque
2049 4882 2122 4944 ad

2240 4880 2501 4961 LE'XPI;;&V
2531 4883 2618 4939 καὶ
2647 4882 2755 4938 τῶν
2784 4883 3116 4961 σπλάγχνων
3159 4884 3332 4940 αὐτῶν
3387 4883 3710 4960 καθίκωμαι,
3753 4885 3879 4942 Μό-

459 4973 785 5036 ιίηιοειὶιια.
817 4971 1047 5035 Deinde
1092 4990 1250 5034 nunc
1301 4971 1542 5052 quidem
1604 4970 1900 5047 manibus,
1965 4990 2126 5034 nunc

2242 4969 2394 5029 υϐδον
2445 4970 2500 5028 δὲ
2555 4973 2738 5043 ζέοντα
2795 4974 2857 5030 οὗ
2907 4973 3161 5050 πρότερον
3191 4971 3448 5051 ἀφέξομαι
3483 4986 3608 5038 ταῖς
3641 4974 3874 5054 μασχά-

475 5080 616 5125 vero
646 5061 902 5143 pedibus
930 5061 1320 5143 suspendam,
1354 5067 1415 5124 et
1445 5060 1718 5137 efﬁciam,
1769 5069 1834 5122 ut
1886 5061 2120 5123 solvan-

2243 5084 2324 5128 αις
2382 5064 2532 5138 ὑμῶν
2593 5062 2804 5143 ἐγχέων
2861 5063 2980 5140 πρὶν
3039 5059 3100 5118 ἂν
3151 5064 3239 5119 καὶ
3270 5063 3428 5127 αὐτὸς
3460 5065 3698 5144 χωρήσῇ
3725 5065 3875 5122 κατὰ

477 5161 578 5216 tur
605 5171 920 5235 compages
946 5151 1378 5214 articulorum:
1415 5168 1682 5230 novaque
1742 5159 1800 5213 et
1856 5150 2123 5214 inaudita

2240 5153 2310 5210 ῶν
2369 5151 2666 5216 ὲνδοσθιων.
2732 5152 2870 5210 Εἶτα
2928 5153 3014 5208 νῦν
3083 5151 3182 5228 μὶν
3239 5160 3440 5232 χειρῶν
3475 5154 3548 5219 εἷς
3579 5155 3869 5230 τοσοῦτον,

474 5241 820 5324 excogitabo
870 5241 1183 5324 supplicia,
1244 5259 1376 5323 quae
1433 5260 1546 5305 nec
1601 5239 1846 5304 omnino
1879 5240 2120 5322 quidem

2240 5250 2292 5301 ὗν
2323 5240 2378 5299 δὲ
2435 5240 2611 5299 ποδῶν
2671 5241 2980 5318 ἀναστήσω,
3027 5239 3137 5315 ὅσῳ
3188 5245 3278 5298 καὶ
3323 5243 3418 5306 τὰς
3449 5242 3702 5319 ἀρμονίας
3730 5264 3874 5321 παρ-

471 5333 632 5397 ferre
663 5332 955 5416 poteritis.
1671 5409 1682 5416 _

2240 5335 2388 5401 θῆναι
2417 5337 2524 5389 τῶν
2576 5329 2800 5412 ἄρθρων,
2855 5331 3163 5410 καινοτέρας
3235 5353 3291 5388 τε
3350 5333 3440 5390 καὶ
3485 5332 3701 5409 μείζους
3745 5333 3841 5390 ἐπι

2202 5423 2537 5506 τεχνάσομαι
2573 5422 2856 5502 τιμωρίας,
2919 5421 2980 5486 ἃς
3034 5418 3148 5478 οὐδὲ
3204 5421 3517 5504 ὑπενεγκεῖν
3572 5420 3713 5489 ὅλως
3773 5419 3874 5484 δυ-

2202 5517 2350 5573 νατοὶ
2380 5512 2576 5579 ἔσεσθε,

551 5692 582 5748 2
607 5692 812 5764 Matth.
839 5711 902 5785 ι,
937 5696 1036 5780 32,
1072 5695 1171 5763 33.
