4158 6426
460 326 573 402 135
1763 328 2044 400 MENSIS
2084 327 2532 402 NOVEMBER.
3723 312 3842 393 136

455 482 579 538 toto
609 474 879 556 pondere
918 472 1187 556 corporis
1209 471 1479 549 divulsis,
1511 473 1706 537 adhuc
1736 492 1942 536 eorum
1988 492 2110 553 pes.

2201 497 2289 538 ους
2337 475 2627 552 ἆναρτῆται
2663 474 2868 554 χειρὸς,
2902 476 2990 532 καὶ
3042 470 3152 546 όλῳ
3198 478 3278 544 τῷ
3327 476 3419 528 τοῦ
3468 469 3657 527 λοιπου
3719 469 3841 528 σώ-

451 565 629 628 dibus
669 583 914 646 gravem
972 563 1342 644 suspendere
1392 563 1676 644 lapidem,
1725 565 1796 624 ad
1859 582 2101 625 sensum

2199 588 2356 629 αατος
2406 566 2553 643 βάρει
2606 563 2991 639 διασπωμένωι
3044 566 3239 636 αὐτῶν,
3275 561 3351 618 ἔτι
3399 562 3488 617 καὶ
3540 573 3662 623 τοῖς
3713 560 3844 617 ποσὶ

450 655 696 717 acrioris
716 655 961 717 doloris.
997 656 1190 734 Atque
1213 655 1324 715 hoc
1347 654 1590 734 quidem
1613 654 1692 714 ita
1719 673 1784 714 se
1817 653 2099 729 habebat,

2199 656 2326 711 liam
2381 656 2515 731 βαρύ
2549 677 2591 710 τι
2639 659 3000 731 προταρτῆσαι
3047 658 3239 733 χρῆμα
3289 654 3364 714 εἰς
3395 650 3581 717 ὀδύνης
3626 650 3839 717 αἴσθη-

453 757 515 806 et
536 743 610 807 ab
641 745 786 806 hora
808 745 986 806 tertia
1002 762 1188 824 usque
1209 744 1282 804 ad
1307 753 1572 804 octavam
1599 744 1713 806 tale
1731 752 2097 803 tormentum

2199 766 2265 799 τιν
2314 742 2647 823 δριμυτέρας.
2707 751 2869 801 Τοῦτο
2920 747 3018 817 μὲν
3066 742 3132 809 δὴ
3162 740 3327 803 οὕτως
3383 742 3535 818 εἶχε,
3571 739 3664 797 καί
3723 739 3841 795 ἀπὸ

452 834 586 895 forti
610 835 808 897 animo
830 834 1183 906 tolerabant,
1208 851 1327 893 non
1358 850 1555 894 vocem
1588 834 1954 904 einittentes,
1982 852 2099 893 non

2199 836 2363 912 τρίτης
2421 835 2561 912 ὥρας
2610 834 2805 913 μέχρις
2856 832 3050 910 ὀγδόης
3102 839 3171 908 τῇ
3222 828 3394 903 τοιᾷδε
3446 830 3659 907 βασάνῳ
3703 851 3848 908 κιρ-

453 925 759 1003 gemitum,
811 943 930 985 non
975 922 1198 1003 aliquid
1251 922 1410 982 aliud
1471 922 1880 997 ostendentes,
1940 923 2100 1000 quod

2199 934 2454 1001 εεροῦντες
2506 925 2669 996 ἦσαν,
2726 927 2786 981 οὗ
2842 924 3025 1002 φωνὴν
3074 922 3338 1002 ἀφιέντες,
3401 924 3459 979 οὗ
3515 923 3843 999 στεναγμὸν,

453 1026 611 1076 esset
647 1013 845 1095 pusilli
875 1022 936 1075 et
965 1012 1178 1092 abjecti
1212 1011 1420 1073 animi.
1458 1012 1728 1073 Dixisses
1758 1031 1863 1073 eos
1896 1014 2010 1093 pati
2043 1013 2100 1072 in

2199 1015 2282 1072 r3).
2328 1012 2460 1072 ἄλλο
2490 1036 2539 1069 τι
2588 1020 2693 1069 τῶν
2743 1013 2982 1089 ἀγεννῶν
3034 1010 3412 1074 ἐπιδεικνύντες
3459 1008 3628 1069 οὐδέν’
3689 1010 3849 1075 εἶπες

453 1102 649 1166 alieno
678 1121 954 1183 corpore,
987 1111 1089 1163 aut
1119 1101 1253 1161 aliis
1289 1101 1676 1181 patientibus,
1714 1102 1875 1182 ipsos
1906 1103 2101 1164 solum

454 1209 586 1255 esse
614 1201 980 1274 spectatores
1007 1208 1215 1253 eorum
1246 1210 1379 1271 qua:
1425 1190 1667 1253 ﬁebant.

2187 1105 2250 1162 ἂν
2293 1106 2478 1168 αὖτοὺς
2532 1104 2586 1159 ἐν
2636 1102 2899 1181 ἀλλοτρίῳ
2957 1103 3192 1181 πάσχειν
3239 1105 3316 1173 τῷ
3365 1122 3597 1174 σωματι,
3646 1099 3683 1168 ἢ
3730 1099 3856 1156 ἑτέ-

2187 1219 2292 1274 ρων
2343 1197 2666 1277 πασχόντων
2718 1196 2910 1259 αὖτοὺς
2960 1196 3152 1258 θεατὰς
3199 1195 3360 1269 μόνον
3415 1193 3561 1250 εἶνᾶι
3588 1194 3696 1249 τῶν
3751 1215 3853 1271 γι·-

2188 1288 2425 1362 νομένων
2436 1335 2448 1347 ,

535 1369 660 1435 VII.
687 1369 932 1433 Interim
952 1377 1176 1448 autem,
1203 1370 1345 1432 dum
1382 1369 1420 1431 ii
1446 1370 1777 1449 penderent
1807 1368 2105 1453 manibus,

2273 1376 2349 1437 Ζ’.
2415 1375 2505 1435 Ἐν
2536 1376 2645 1450 ὅσῳ
2687 1374 2742 1432 δὲ
2775 1382 2879 1433 τῶν
2933 1380 3132 1455 χειρῶν
3184 1374 3487 1450 ἀνήρτηντο
3516 1373 3682 1455 οὗτοι,
3712 1376 3855 1447 πρὸς

452 1470 776 1542 occupatus
824 1469 951 1521 erat
976 1477 1199 1539 praeses
1230 1460 1289 1520 in
1343 1460 1474 1521 aliis
1504 1459 1844 1522 audiendis.
1882 1458 2110 1521 Deinde

2199 1467 2374 1543 ἑτέρας
2431 1468 2458 1521 ὁ
2509 1466 2732 1542 ἦγεμὼν
2780 1464 3060 1543 ἀκροάσεις
3104 1463 3407 1543 ἧσχόλητο.
3445 1464 3581 1521 Εἶτα
3636 1463 3859 1543 σχολὴν

451 1540 716 1616 ωιηέιι)
765 1550 855 1612 eis
902 1550 1253 1631 quievisset,
1282 1549 1459 1628 jubet
1503 1550 2107 1611 commentarieusem

2199 1558 2297 1613 απὸ
2353 1558 2554 1613 τούτων
2597 1555 2715 1620 δοὺς
2773 1557 2951 1628 ἑαυτῷ
3006 1556 3322 1633 προστάττει
3378 1561 3456 1628 τῷ
3513 1575 3861 1632 κομενταρη-

450 1641 831 1720 interrogare
861 1648 1121 1712 sanctos,
1152 1658 1227 1699 an
1256 1640 1450 1717 jussui
1484 1638 1863 1718 imperatoris
1893 1639 2110 1700 vellent

2199 1649 2289 1719 σίῳ
2359 1646 2706 1703 πυνθῖίνεσθαι
2773 1652 2880 1701 τῶν
2938 1645 3101 1721 ἀγῖων
3175 1647 3219 1699 εἱ
3289 1648 3367 1716 τῷ
3423 1646 3516 1699 τοῦ
3584 1642 3856 1721 βασιλέως

455 1749 689 1815 parere,
724 1739 787 1793 ut
833 1728 1231 1791 liberarentur
1260 1747 1293 1789 a
1341 1736 1674 1790 tormento:
1726 1736 1784 1789 et
1830 1747 1962 1789 cum
2010 1728 2109 1791 ille

2199 1737 2563 1815 προστάγματι
2621 1734 2878 1807 εἴκουσιν,
2913 1735 3053 1790 ὥστε
3098 1733 3346 1799 ἀνεθῆναι
3399 1734 3488 1791 καὶ
3527 1738 3625 1801 τῆς
3677 1734 3856 1811 βασά-

451 1821 694 1904 quidem
717 1820 1134 1898 interrogaret.
1169 1818 1229 1880 lii
1255 1836 1393 1880 vero
1419 1838 1535 1880 non
1564 1826 1827 1898 possent,
1853 1825 1958 1879 aut
1990 1836 2107 1879 non

2199 1827 2303 1885 νου.
2370 1831 2467 1884 Καὶ
2496 1833 2589 1884 τοῖς
2646 1826 2743 1899 μὲν
2797 1822 3296 1896 διαπυνθανομένου,
3329 1829 3436 1880 τῶν
3466 1822 3521 1879 δὲ
3576 1825 3654 1899 μὴ
3701 1825 3858 1882 ἀπο-

454 1911 682 1973 vellent
708 1908 1099 1990 respondere,
1129 1907 1302 1987 jubet
1336 1926 1441 1970 eos
1471 1909 1698 1970 includi
1728 1908 1789 1969 in
1821 1907 2109 1969 interiore

2199 1917 2459 1995 κρίνασθαι
2529 1914 2856 1990 δυναμένων,
2917 1913 2953 1981 ἢ
3012 1911 3146 1987 μηδὲ
3216 1912 3555 1988 βουλομένων
3624 1935 3861 1973 κατενε-

449 2000 812 2075 custodia,in
836 1999 966 2061 lacu
999 2001 1319 2060 tenebroso
1345 2007 1404 2060 et
1435 1999 1680 2060 nomine
1711 2005 1770 2059 et
1796 2001 2021 2078 reipsa,
2050 2006 2110 2059 et

2199 2006 2418 2084 γθέντας
2494 2012 2561 2081 τῇ
2631 2002 2877 2083 ἐνδοτέρᾳ
2949 2008 3160 2082 φυλακῇ
3233 2002 3681 2071 κατακλειαθῆναι
3749 2026 3861 2063 κε-

451 2089 637 2170 pedes
654 2109 841 2170 usque
872 2090 941 2151 ad
962 2088 1123 2150 diem
1158 2097 1512 2169 sequentem
1527 2089 1734 2151 aﬂixos
1758 2107 1893 2150 esse
1919 2088 2102 2166 ligno.

2199 2095 2328 2168 λεύι,
2376 2101 2633 2168 σκοτεινῷ
2688 2092 2872 2166 λάκκῳ
2928 2095 3017 2149 καὶ
3066 2091 3167 2159 τὴν
3218 2092 3524 2167 ὶπωνυμίαν
3572 2091 3703 2170 οὔσῃ
3762 2101 3865 2158 καὶ

449 2179 558 2244 Die
588 2189 785 2243 autem
811 2179 936 2260 jam
966 2188 1316 2260 apparente,
1341 2197 1377 2240 a
1408 2179 1550 2258 ligni
1575 2180 1816 2259 quidem
1851 2177 2105 2240 vinculis

2199 2186 2288 2252 τὴν
2346 2186 2638 2262 ἐνέργειαν,
2692 2184 2779 2238 καὶ
2836 2184 2958 2247 τοὺς
3017 2180 3184 2245 πόδας
3243 2179 3342 2247 ἕως
3396 2186 3495 2249 τῆς
3537 2182 3866 2263 ἐπιγινομέ-

452 2270 638 2351 pedes
680 2278 818 2331 sunt
864 2268 1154 2332 relaxati:
1207 2269 1466 2330 carceris
1504 2278 1701 2330 autem
1752 2266 1951 2330 aditus
2000 2267 2108 2329 fuit

2199 2297 2287 2343 νης
2344 2273 2787 2354 διασφαλισθῆναι
2848 2278 2925 2345 τῷ
2976 2271 3133 2346 ξύλῳ.
3199 2272 3308 2338 Τῆς
3365 2268 3419 2327 δὲ
3476 2272 3682 2352 ἡμέρας
3735 2273 3864 2353 ἄρτι

452 2359 825 2433 obstructus,
859 2366 921 2420 ut
972 2375 1080 2420 nec
1113 2357 1325 2419 solaris
1374 2356 1617 2437 quidem
1661 2356 1864 2419 radius
1915 2375 2110 2437 posse.

2199 2363 2597 2444 διαφαινούσης,
2669 2368 2778 2420 τῶν
2848 2363 2954 2419 ἀπὸ
3024 2384 3086 2418 το
3155 2360 3306 2427 ξύλου
3376 2367 3474 2436 μὲν
3517 2361 3724 2439 δεσμῶν
3806 2367 3867 2423 οἱ

453 2449 710 2525 subire;
758 2448 1016 2510 edictum
1063 2456 1258 2509 autem
1289 2446 1401 2508 fuit
1427 2446 1803 2522 custodibus,
1840 2465 1958 2508 non
1993 2447 2110 2508 fru.

2199 2453 2355 2519 πόδες
2386 2454 2625 2530 ἀνεῖντο,
2659 2459 2727 2529 τῇ
2755 2452 2810 2508 δὲ
2864 2453 2960 2519 τῆς
2991 2454 3202 2529 εἱρκτῆς
3233 2450 3419 2525 εἰσόδῳ
3461 2456 3699 2533 φραγμὸς
3729 2454 3869 2512 ἐπι-

440 2553 608 2605 stum
636 2538 829 2619 panis,
855 2556 967 2600 nec
990 2556 1227 2617 parvam
1260 2536 1501 2616 quidem
1533 2546 1757 2615 guttam
1790 2555 1958 2617 aquae
1992 2543 2110 2598 tres

2199 2544 2395 2600 τέθειτο
2427 2589 2446 2615 ,
2516 2545 2591 2605 ὡς
2662 2540 2801 2616 μηδὲ⁹
2886 2542 3081 2598 ἀκτῖνα
3152 2540 3386 2608 ἡλιακὴν
3462 2542 3864 2607 ὑπεισδύεσθαι.

443 2638 608 2692 totos
628 2628 762 2690 dies
783 2628 873 2689 eis
896 2625 1591 2709 pmbereﬂuamobrem
1609 2626 1683 2687 de
1706 2634 1921 2687 caitero
1948 2636 2085 2688 tene
2104 2660 2110 2667 -

2199 2632 2546 2711 Παρήγγελτο
2605 2630 2661 2688 δὲ
2707 2633 2795 2688 καὶ
2839 2645 2957 2696 τοῖς
3000 2630 3185 2709 φύλαξι
3245 2628 3378 2705 μηδὲ
3413 2628 3574 2710 ἄρτου
3629 2654 3679 2689 τι
3726 2634 3867 2712 τρύ-

444 2720 666 2783 brosus
713 2735 923 2780 carcer
953 2725 1013 2780 et
1058 2719 1236 2796 longa
1266 2715 1468 2777 inedia
1521 2723 1647 2777 erat
1688 2715 2108 2778 condemnatio

2199 2746 2315 2802 τος,
2354 2723 2432 2797 μὴ
2484 2722 2717 2801 σταγόνα
2748 2723 2942 2800 μικρὰν
2983 2719 3172 2785 ὕδατος
3217 2720 3306 2777 ἐπι
3344 2734 3492 2800 τρεῖς
3528 2721 3656 2788 ὅλας
3709 2722 3868 2795 ἡμέ-

452 2807 832 2891 martyribus.
859 2809 1008 2870 Cum
1030 2815 1226 2869 autem
1255 2805 1496 2867 adesset
1531 2804 1744 2867 tertius
1772 2806 1927 2885 dies,
1950 2804 2109 2866 circa

2199 2834 2285 2891 ρας
2334 2816 2519 2876 αὐτοῖς
2562 2808 2855 2890 ἐπιδοῦναι,
2888 2810 3027 2867 ὥστε
3074 2812 3134 2866 τὸ
3165 2810 3273 2866 ἀπὸ
3335 2808 3488 2866 τοῦδε
3533 2812 3715 2892 εἰρκτὴ
3768 2819 3866 2883 ζο-

455 2897 812 2981 principium
863 2896 1084 2958 mensis
1130 2897 1405 2975 Augusti,
1437 2906 1679 2976 apertus
1708 2895 1951 2972 quidem
1999 2895 2105 2955 fuit

2199 2899 2370 2981 ρώδης
2421 2904 2511 2958 καὶ
2543 2902 2727 2957 ἀσιτία
2785 2902 2963 2979 μακρὰ
3024 2902 3054 2957 ἦ
3115 2900 3372 2967 καταδίκη
3403 2913 3520 2964 τοῖς
3571 2902 3863 2982 μάρτυσιν,

448 2989 649 3051 aditus
678 2987 972 3062 carceris;
1000 2986 1083 3048 illi
1107 2995 1306 3046 autem
1332 2985 1392 3045 in
1419 3003 1489 3046 eo
1515 2985 1732 3047 retenti
1754 2994 1892 3047 sunt
1917 3002 2104 3065 usque

2199 2992 2341 3049 Ἐπεὶ
2392 2990 2447 3047 δὲ
2504 2993 2538 3059 ἡ
2597 2993 2751 3069 τρίτη
2813 2997 3014 3071 παρῆν,
3063 2992 3186 3069 περὶ
3236 3011 3336 3048 που
3393 2992 3487 3053 τὰς
3545 3002 3639 3050 τοῦ
3684 2994 3868 3067 μηνὸς

447 3078 521 3141 ad
571 3078 868 3140 decimum
901 3074 1278 3139 Novembris.
1314 3074 1545 3137 Deinde
1580 3076 1766 3155 judex
1796 3094 1901 3137 eos
1940 3093 2108 3144 curat

2199 3083 2291 3159 Αὖγ
2308 3082 2494 3138 ούσδτου
2528 3082 2700 3161 ἀρχὰς
2753 3083 2787 3148 ἡ
2820 3081 2918 3156 μὲν
2950 3086 3050 3147 τῆς
3113 3078 3353 3159 φυλακῆς
3385 3078 3592 3144 εἴσοδος
3649 3079 3868 3149 διηνοίο

450 3167 754 3231 sistendos
779 3185 884 3247 pro
905 3185 1012 3228 suo
1046 3165 1351 3241 tribunali,
1374 3174 1429 3226 et
1460 3166 1584 3228 Nec
1608 3174 1857 3240 tantum,
1888 3166 2104 3244 inquit,

2199 3192 2341 3247 γετο,
2375 3172 2421 3228 οἱ
2473 3170 2527 3227 δὲ
2586 3172 2813 3249 εἰχοντο
2844 3171 2899 3227 ἐν
2950 3170 3083 3247 οὒτῇ
3133 3168 3234 3232 ἕως
3284 3168 3512 3238 δεκάτης
3544 3176 3638 3227 τοῦ
3686 3180 3874 3248 Νοεμ-

448 3264 691 3338 tempus
722 3256 888 3317 vobis
920 3255 1193 3335 praebuit,
1235 3263 1301 3317 ut
1334 3254 1541 3317 mutati
1572 3255 1811 3334 aliquod
1854 3254 2110 3317 salutare

2199 3259 2363 3339 ϐρίου,
2420 3261 2557 3319 Εἶτα
2608 3268 2685 3335 τῷ
2735 3261 2924 3318 ἑαυτοῦ
2967 3261 3170 3337 βήματι
3225 3266 3517 3339 παρίστησι
3573 3261 3788 3326 τούτους
3831 3264 3869 3319 δ

445 3349 740 3428 caperetis
774 3344 1137 3407 consilium?
1166 3344 1258 3405 Illi
1290 3352 1487 3406 autem
1520 3344 1907 3425 respondent:
1940 3344 2110 3418 Quod

2199 3349 2473 3421 δικαστήςο
2534 3352 2645 3426 καὶ,
2680 3348 2808 3409 Οὐδὲ
2867 3353 2896 3407 ὁ
2947 3358 3223 3431 τοσοῦτος,
3272 3353 3424 3430 φησὶ,
3474 3352 3667 3431 χρόνος
3724 3372 3874 3430 παρ-

449 3436 626 3501 nobis
669 3434 926 3514 videtur,
975 3432 1080 3495 tibi
1126 3435 1248 3513 jam
1303 3434 1520 3513 saepius
1571 3433 1997 3509 ostendimus;
2047 3444 2110 3495 tu

2199 3440 2357 3522 έτχεν
2415 3444 2545 3517 ὑμῖν
2611 3437 3129 3516 μεταϐουλεύσασθαί
3178 3464 3227 3497 τι
3278 3442 3603 3519 σωτήριονς
3653 3443 3713 3498 Οἱ
3774 3438 3867 3517 δὲ,

446 3537 647 3590 autem
694 3525 786 3586 fac
817 3543 887 3587 ea
916 3542 1050 3602 quas
1083 3524 1188 3585 tibi
1240 3523 1478 3585 fuerunt
1511 3524 1823 3604 imperata.
1879 3526 2110 3586 Praeses

2199 3533 2268 3588 Τὸ
2317 3532 2413 3607 μὲν
2472 3529 2657 3588 δοκοῦν
2710 3532 2874 3607 ἡμῖν,
2914 3529 3234 3607 εἶπον,ἣδη
3292 3529 3553 3595 πολλάκις
3583 3551 3666 3588 σοι
3722 3551 3871 3608 παρα

447 3625 646 3679 autem
682 3614 875 3676 statim
902 3614 1078 3693 jubet
1103 3612 1421 3675 Samonam
1457 3611 1647 3673 altero
1679 3613 1831 3693 pede
1865 3612 1922 3674 in
1957 3632 2110 3691 genu

2199 3624 2521 3698 εστήσαμεν·
2559 3624 2621 3679 σὺ
2676 3620 2731 3677 δὲ
2781 3622 2848 3677 τὰ
2904 3621 3348 3701 προστεταγμένα
3406 3642 3489 3677 σοι
3533 3622 3697 3682 ποίει.
3760 3614 3871 3678 Καὶ

442 3706 747 3780 incliuari,
779 3713 838 3766 et
871 3706 1132 3766 ferreum
1194 3704 1491 3764 vinculum
1529 3703 1694 3783 injici
1740 3703 1871 3782 ejus
1905 3704 2108 3782 genui.

2199 3714 2229 3770 ὅ
2282 3714 2498 3790 ἡγεμὼν
2529 3711 2729 3788 θατέρῳ
2782 3724 2902 3769 τοῖν
2954 3710 3146 3770 ποδοῖν
3200 3713 3345 3774 εὐθὺς
3396 3711 3534 3767 κατὰ
3578 3711 3705 3789 γόνυ
3759 3712 3865 3767 τὸν

444 3796 615 3870 Quod
670 3814 803 3857 cum
840 3794 1057 3857 factum
1114 3804 1292 3868 esset,
1327 3813 1460 3856 cum
1522 3794 1766 3874 quidem
1799 3794 2110 3873 suspendit

2199 3807 2459 3876 Σαμωνᾶν
2517 3801 2760 3870 κλιθῆναι
2822 3804 3171 3881 προστάττει,
3226 3801 3314 3857 καὶ
3363 3798 3608 3878 σιδηροῦν
3663 3797 3868 3876 δεσμὸν

446 3887 843 3968 Ρτωοίρίιθιη,
876 3904 910 3946 a
962 3886 1134 3965 pede,
1170 3903 1347 3965 quem
1407 3883 1818 3956 inclinaverat,
1852 3884 2109 3945 alterum

2199 3889 2524 3967 ἒμϐληθῆναι
2577 3894 2654 3965 τῷ
2712 3891 2922 3969 γόνατι·
2986 3898 3046 3949 οὐ
3088 3889 3144 3947 δὲ
3195 3890 3476 3969 γεγονότος
3524 3897 3707 3947 τοῦτον
3757 3890 3870 3965 μὲν

449 3977 731 4039 deorsum
784 3975 1028 4037 trahens
1059 3976 1326 4055 pondere
1356 3974 1522 4051 ferri,
1556 3973 1710 4054 quod
1765 3973 1959 4035 verbis
1989 3993 2108 4037 non

2199 3983 2334 4039 κατὰ
2393 3980 2633 4057 κεφαλῆς
2689 3984 2784 4038 τοῦ
2837 3980 3153 4056 κεκλιμένου
3209 3978 3370 4043 ποδὸς
3430 3980 3651 4058 ἀναρτᾷ,
3701 3978 3869 4059 ἄχθει

449 4073 646 4148 potest
672 4065 959 4147 explicari
993 4086 1007 4128 :
1045 4073 1106 4128 et
1154 4066 1241 4126 sic
1272 4065 1553 4127 athletam
1607 4064 1859 4125 moliens
1890 4064 2110 4126 discer-

2199 4079 2285 4129 τὸν
2356 4071 2534 4151 ἕτερον
2594 4072 2867 4147 ἀμυθήτου
2938 4071 3152 4149 σιδήρου
3223 4068 3520 4146 καθέλκων,
3584 4070 3672 4128 καὶ
3741 4069 3867 4126 δια-

447 4175 612 4239 pere.
652 4156 780 4231 Quo
803 4156 1046 4237 quidem
1085 4165 1353 4235 tempore
1377 4175 1510 4217 cum
1546 4172 1707 4217 coxae
1735 4153 2107 4215 acetabulum

2199 4161 2454 4241 σπαράξαι
2506 4163 2673 4238 ταύτῃ
2725 4163 2816 4218 τὸν
2873 4161 3111 4231 ἀθλητὴν
3161 4160 3554 4241 μηχανώμεος³
3613 4159 3701 4216 ὅτε
3758 4162 3855 4217 καὶ

450 4266 559 4328 per
587 4247 701 4309 vim
734 4248 937 4310 sedem
971 4266 1137 4309 suam
1180 4246 1545 4327 reliquisset,
1581 4245 1862 4308 effectum
1898 4254 2007 4321 est,
2047 4254 2110 4305 ut

2199 4259 2290 4320 τῆς
2341 4253 2569 4319 κοτύνης
2626 4259 2694 4329 τῇ
2739 4253 2828 4328 βίᾳ
2871 4254 3065 4320 ἑαυτῆς
3116 4250 3269 4331 ἕδραν
3312 4251 3677 4319 ἀπολιπούσης
3733 4274 3859 4330 χω-

449 4340 750 4403 Damonas
780 4336 1187 4399 claudicaret:
1221 4335 1460 4400 Guriam
1493 4347 1718 4409 autem,
1751 4334 1908 4415 quod
1952 4343 2110 4396 esset

2199 4343 2385 4417 λεύειν,
2414 4340 2554 4399 οὕτω
2603 4348 2680 4417 τῷ
2728 4348 2944 4419 Σαμονᾷ
2989 4343 3318 4421 περιίστατο,
3376 4343 3480 4399 Τὸν
3529 4339 3585 4396 δὲ
3629 4341 3857 4420 Γουρίαν

450 4427 795 4490 imbecillus
818 4435 878 4488 et
896 4425 1273 4507 subpallidus
1326 4425 1555 4487 sinebat
1582 4425 1964 4505 impunitum,
1990 4443 2110 4485 non

2199 4431 2278 4489 διὰ
2337 4436 2399 4489 τὸ
2461 4433 2734 4489 ἀσθενικὸν
2806 4438 2946 4490 εἶναι
3020 4436 3107 4490 καὶ
3178 4432 3457 4512 ὕπωχρον,
3510 4430 3860 4512 ἀτιμώρητον

450 4517 609 4597 quod
644 4534 781 4579 eum
813 4515 1091 4592 benignis
1136 4516 1468 4596 aspexisset
1521 4516 1731 4596 oculis,
1781 4533 1898 4576 non
1951 4514 2111 4596 quod

451 4615 615 4669 esset
666 4606 945 4668 misertus
995 4607 1125 4687 ejus
1176 4606 1661 4678 imbecillitatis;
1713 4607 1819 4667 sed
1866 4614 1933 4668 ut
1982 4606 2109 4685 qui,

451 4695 610 4777 quod
640 4713 778 4759 eum
810 4695 1024 4775 punire
1053 4706 1320 4776 cuperet,
1357 4696 1554 4778 potius
1585 4695 1975 4776 pepercisset.
2027 4695 2114 4758 Ne

449 4794 629 4864 forte,
659 4785 878 4865 aiebat,
913 4786 1091 4849 nobis
1121 4785 1607 4868 imprudentibus
1651 4793 2116 4849 consumeretur

447 4886 589 4941 ante
620 4877 925 4942 cruciatus
960 4878 1065 4960 (2).

536 4967 691 5033 VIII.
748 4966 821 5031 Et
845 4970 966 5049 jam
1000 4977 1170 5033 erant
1201 4969 1443 5051 quidem
1496 4969 1631 5032 duae
1659 4970 1822 5032 horas
1865 4969 2009 5046 diei,
2044 4988 2115 5033 ex

449 5077 569 5141 quo
600 5076 928 5140 suspensus
960 5067 1088 5122 erat
1116 5063 1451 5135 Samonas;
1495 5060 1648 5122 hora
1676 5068 1877 5123 autem
1909 5066 2117 5141 quinta

442 5150 568 5231 jam
600 5148 833 5225 aderat,
858 5157 920 5212 et
948 5149 1217 5212 isadhuc
1249 5149 1551 5231 pendebat
1576 5150 1838 5217 sublime
1866 5172 1878 5213 :
1916 5160 1976 5213 et
2007 5151 2108 5233 qui

451 5237 977 5302 circumsistebant
991 5239 1238 5322 milites,
1255 5238 1652 5303 movebantur
1668 5241 2105 5318 misericordia,

448 5328 914 5392 ethortabantur
930 5336 997 5392 ut
1016 5329 1398 5410 imperatoris
1419 5340 1659 5411 pareret
1675 5331 1953 5413 imperio.
1989 5331 2110 5396 Sed

450 5428 831 5503 peccatorum
852 5419 1263 5483 misericrodia
1283 5430 1461 5503 caput
1496 5424 1686 5484 sancti
1710 5440 1833 5485 non
1855 5424 2107 5505 pingue-

532 5536 971 5621 (2)1‘ormento
997 5537 1275 5602 occidere
1318 5541 1661 5621 quempiam
1707 5541 1839 5620 lege
1868 5544 2109 5608 vetitum

449 5617 643 5707 fuisse
672 5625 765 5680 est
790 5618 834 5683 l.
861 5623 983 5707 A_ut
1009 5617 1390 5707 damnum,'§
1420 5617 1544 5707 Nec
1566 5639 1666 5707 eq,
1690 5624 1737 5685 tl‘
1760 5617 1847 5688 De
1879 5628 2107 5707 poenis:

447 5697 596 5764 hinc
629 5714 853 5785 praeses
883 5697 1150 5779 Curiam,
1182 5697 1329 5766 cum
1364 5697 1779 5771 imbecilli’oris
1808 5697 1966 5771 esset
2009 5727 2112 5773 na.

2195 4522 2308 4603 εἴα,
2341 4522 2436 4580 οὒκ
2489 4524 2706 4599 εὔμενὲς
2751 4522 3120 4601 προσϐλέψας,
3156 4527 3251 4583 οὒκ
3312 4522 3503 4579 οἶκτον
3530 4526 3630 4589 τῆς
3686 4521 3856 4578 ἀσθε-

2193 4614 2336 4678 νείας
2393 4611 2593 4688 λαϐὼν,
2657 4612 2794 4672 ἀλλὰ
2847 4616 3102 4693 τιμωρίας
3178 4611 3383 4689 μᾶλλον
3443 4611 3691 4688 ἐπιθυμιᾷ
3748 4611 3863 4679 τὴν

2197 4702 2359 4784 φειδὼ
2399 4705 2786 4780 ποιησάμενος·
2846 4705 2924 4782 μὴ
2979 4704 3114 4781 λάθῃ
3173 4705 3295 4784 γὰρ,
3357 4704 3510 4781 φησὶ,
3543 4700 3863 4783 προαναλω-

2196 4798 2301 4861 Osi:
2330 4799 2437 4853 τῶν
2463 4793 2753 4856 κολάσεων.

2278 4974 2376 5037 H'.
2433 4958 2571 5051 “Ωρα
2628 4975 2725 5053 μὲν
2782 4975 2849 5045 δὴ
2906 4981 3006 5044 τῆς
3062 4975 3268 5056 ἡμέρας
3316 4975 3675 5053 ὰναρτωμένῳ
3731 4974 3865 5037 δευ-

2194 5066 2319 5144 τέρα
2368 5070 2445 5143 τῷ
2495 5073 2752 5143 Σαμωνᾷ·
2811 5066 3037 5143 πέμπτι,
3087 5065 3141 5122 δὲ
3195 5064 3298 5135 ἤδη
3356 5072 3560 5147 παρῆν,
3606 5068 3697 5125 καί
3752 5087 3868 5142 μει-

2193 5156 2390 5235 τέωρος
2453 5156 2605 5220 οὗτος
2664 5156 2755 5223 ἦν,
2817 5155 2885 5214 οἵ
2957 5177 3018 5214 τε
3078 5156 3484 5235 περιεστηκότες
3535 5161 3864 5235 στρατιῶται

2194 5246 2489 5323 συμπαθείᾳ
2554 5246 2622 5302 τὰ
2692 5245 2985 5326 σπλάγχνα
3044 5242 3337 5305 ἐϐάλλοντο
3411 5247 3505 5304 καὶ
3573 5246 3862 5314 πεισθῆναι

2192 5342 2271 5411 τῷ
2339 5343 2433 5395 τοῦ
2503 5335 2767 5414 βααιλέως
2838 5336 3212 5417 προστάγματι
3274 5335 3633 5411 παρεκάλουν.
3701 5333 3862 5395 Ἀλλ’

2194 5431 2223 5485 ὁ
2278 5433 2385 5484 τῶν
2435 5425 2768 5506 ἁμαρτωλῶν
2828 5426 2979 5492 ἕλεος
3030 5429 3128 5497 τὴν
3179 5428 3420 5510 κεφαλὴν
3463 5431 3559 5488 οὒκ
3620 5426 3864 5485 ὶλίπαινε

2195 5552 2365 5628 ωηο,
2412 5541 2786 5628 gravioribus
2835 5544 3148 5628 tormentis
3200 5545 3444 5628 aggredi
3503 5563 3685 5610 ausus
3735 5562 3865 5614 non

2193 5626 2328 5705 fuit,
2365 5642 2441 5689 ne
2472 5625 2535 5687 in
2580 5626 2894 5691 tormentis
2928 5627 3154 5693 etilaret
3182 5625 3467 5692 animam.
