4158 6486
377 319 492 398 137

1319 327 1790 400 MARTYRIUM
1835 333 1896 412 8.
1944 333 2208 399 GURL‘E
2253 334 2350 398 ET
2393 335 2800 403 SOCIORUM.

3654 318 3766 408 138

369 481 460 532 τοῦ
515 469 667 548 ἆγίου
698 488 710 503 ⁶
765 468 976 535 ἐκεῖνος
1039 470 1166 547 γὰρ,
1227 471 1396 532 καίτοι
1451 477 1656 552 πικρῶς
1713 474 2024 549 πιεζόμενος

2111 471 2247 534 fecit
2277 472 2331 535 8.
2389 470 2496 534 Ille
2527 473 2686 535 enim
2746 472 2858 536 etsi
2889 473 3107 537 acerbe
3141 482 3530 556 praemeretur
3580 495 3615 539 a
3645 487 3769 540 tor-

367 560 466 618 ὑπὸ
514 564 616 628 τῆς
664 557 908 634 βασάνου,
959 557 1090 615 ἄλλ’
1135 561 1222 615 οὖν
1273 559 1460 624 αὐτούς
1519 561 1619 636 μὲν
1647 561 1764 619 οὐδὲ
1803 563 2026 642 ἀποκρίο

367 671 500 716 σεως
563 649 708 717 ἠξίου
757 649 925 730 τινὸς³
984 649 1236 725 οἰμώζειν
1287 649 1412 730 ἐῶν,
1456 650 1542 708 καὶ
1573 651 1790 717 ἑαυτοὺς
1823 651 2026 728 μᾶλλον

369 739 572 821 ἐλέους,
605 741 702 797 οὒκ
747 737 953 795 ἐκεῖνον
1009 740 1270 818 ἡγεῖσθαι
1329 738 1472 806 ἄξιον
1503 760 1521 777 θ
1583 742 1657 805 εἷς
1714 742 1932 822 οὐρανὸν
1971 743 2026 799 δὲ

365 832 420 886 τὸ
489 827 647 906 ὄμμα
704 825 908 909 ιῗισῖρπις³
962 835 1042 902 τῷ
1101 832 1218 904 Θεῷ
1275 828 1335 886 ἐκ
1389 829 1581 907 βάθους
1642 836 1742 900 τῆς
1811 830 2025 910 καρδίας

362 918 732 1000 προσηύχετο,
792 921 883 982 καί
941 925 1049 975 τῶν
1111 917 1163 984 ἐξ
1234 917 1425 982 αἰῶνος
1499 921 1653 980 αὗτὸν
1728 920 2025 997 ἑμίμνησκε

357 1011 694 1087 θαυμασίων,
759 1009 912 1089 Κύριε
971 1010 999 1064 6
1059 1008 1215 1082 Θεὸς,
1276 1006 1475 1086 λέγων,
1523 1009 1582 1065 οὗ
1626 1008 1839 1088 καρδίαν
1883 1009 2024 1068 πλα-

356 1101 512 1163 diva;
591 1098 672 1174 τῷ
745 1094 916 1153 Δαυῖὂ
988 1095 1043 1153 ἐν
1113 1111 1234 1163 ταῖς
1276 1096 1538 1174 θλίψεσιν,
1587 1101 1614 1156 6
1657 1105 1735 1174 τῷ
1778 1099 2025 1182 προφήτῃ

360 1190 566 1257 Δανιὴλ
650 1187 792 1244 κατᾶ
877 1187 1108 1243 λεόντων
1189 1183 1700 1270 ἱσχὺνηὶδεδωκὼς,
1787 1190 1816 1246 ὁ
1906 1190 2027 1247 τοὺς

357 1275 747 1357 Ἀδραμιαίους
809 1273 1008 1339 παῖδές
1071 1276 1318 1352 τυράννου
1381 1278 1601 1345 νικητὶις
1671 1278 1758 1335 καὶ
1830 1275 2027 1358 φλογὸς

362 1365 662 1440 ἂναδείξας,
736 1367 892 1431 αὺτὸς
962 1367 1052 1423 καὶ
1122 1372 1232 1440 νῦν,
1304 1365 1482 1444 Κύριε,
1544 1367 1634 1424 τὸν
1697 1367 1814 1424 καθ’
1871 1369 2027 1442 ἡμῶν

363 1457 508 1515 ἔπιδε
570 1457 834 1534 πόλεμον,
896 1456 924 1512 6
973 1461 1075 1523 τῆς
1129 1455 1397 1536 ἡμετέρας
1457 1453 1604 1522 εἰδὼς
1667 1459 1870 1538 φύσεως
1926 1459 2028 1526 τὴν

366 1549 642 1605 ἀσθένειαν
676 1564 692 1578 ⁶
773 1551 1018 1624 πειρᾶται
1090 1547 1191 1625 γὰρ
1264 1548 1291 1602 6
1361 1546 1554 1627 ἐχθρὸς
1624 1549 1685 1603 τὸ
1757 1553 1855 1617 τῆς
1927 1554 2027 1616 σῆς

366 1637 592 1712 πλάσμα
666 1637 853 1717 χειρὸς
925 1633 1079 1703 δόξης
1158 1636 1457 1704 ἆποστῆσαι
1529 1636 1623 1705 τῆς
1694 1639 1837 1716 παρὰ
1921 1639 2026 1698 σοί.

367 1726 520 1784 Ἀλλ’
584 1727 764 1807 αὐτὸς,
811 1724 1166 1805 φιλανθρώπῳ
1221 1749 1313 1783 σο)
1369 1723 1571 1802 ὄμματι
1623 1729 1839 1802 εὐμενὲς
1893 1729 2028 1804 ἡμῖν

2110 568 2334 642 mento,
2362 559 2524 642 ipsos
2543 580 2620 624 ne
2645 562 2765 625 ullo
2795 562 3036 645 quidem
3062 562 3422 643 dignabatur
3450 584 3764 647 responso,

2109 649 2315 712 sinens
2346 668 2453 712 eos
2484 650 2710 732 lugere,
2745 662 2808 715 et
2838 671 2904 714 se
2932 658 3154 734 potius,
3178 672 3296 716 non
3329 653 3496 716 illum
3522 655 3766 735 dignum

2108 755 2359 801 censere
2391 738 2776 806 misecordia.
2805 741 2870 804 In
2902 741 3119 803 ccelum
3145 752 3348 804 autem
3385 741 3600 805 tollens
3619 761 3767 805 ocu-

2109 827 2198 888 los
2247 828 2600 908 precabatur
2637 828 2828 892 Deum
2884 849 2955 892 ex
3004 829 3297 910 profundo
3346 831 3568 909 cordis,
3605 844 3664 894 et
3714 832 3771 895 ei

2109 915 2424 981 revocabat
2469 916 2531 979 in
2564 925 2915 982 memoriam
2963 920 3272 994 miracula,
3307 940 3439 1002 qua:
3469 940 3503 983 a
3550 920 3767 984 saeculo

2107 1005 2258 1068 facta
2288 1015 2466 1089 sunt;
2533 1008 2784 1071 Domine
2819 1005 3000 1085 Deus,
3034 1009 3266 1085 dicens,
3297 1011 3428 1072 sine
3484 1031 3603 1088 quo
3657 1029 3771 1073 nec

2110 1098 2485 1175 passerculus
2509 1096 2753 1177 quidem
2779 1098 2951 1161 cadet
2973 1097 3034 1160 in
3059 1099 3335 1180 laqueum
3356 1101 3409 1162 9:
3438 1101 3534 1181 qui
3559 1099 3770 1162 Uavidi

2112 1183 2368 1247 dilatasti
2417 1187 2606 1249 corin
2656 1187 3079 1250 atllictionibus
3112 1191 3217 1264 t0;
3277 1190 3378 1271 qui
3432 1191 3762 1272 prophetae,

2109 1273 2340 1336 Danieli
2370 1275 2484 1336 vim
2537 1275 2753 1340 dedisti
2787 1278 2963 1339 etiam
3018 1286 3228 1340 contra
3281 1279 3487 1342 leones
3517 1280 3610 1342 “z
3664 1281 3768 1362 qui

2112 1382 2331 1449 pueros
2359 1363 2724 1428 Abramiaeos
2768 1374 2827 1427 et
2859 1368 3091 1447 tyranni
3140 1377 3198 1430 et
3229 1369 3482 1431 flammae
3514 1370 3768 1433 victores

2113 1453 2365 1516 effecisti
2403 1454 2458 1506 ιθ
2489 1472 2506 1530 ;
2553 1463 2616 1517 tu
2648 1474 2884 1536 quoque
2937 1477 3121 1532 nunc,
3155 1457 3430 1530 Domine,
3465 1459 3664 1540 aspice
3692 1460 3768 1522 ad

2115 1542 2361 1626 bellum,
2427 1545 2583 1626 quod
2638 1555 2846 1609 contra
2914 1566 3024 1609 nos
3081 1547 3332 1628 geritur,
3395 1551 3495 1630 qui
3551 1557 3768 1612 nostra)

2113 1643 2338 1696 natura;
2396 1636 2555 1697 nosti
2588 1633 3082 1700 imbecillitatem.
3133 1636 3398 1701 Conatur
3445 1638 3602 1700 enim
3647 1638 3768 1702 ini-

2114 1723 2305 1786 micus
2330 1725 2678 1804 ﬁgmentum
2714 1736 2826 1788 tuae
2855 1725 3114 1790 dextera:
3143 1735 3410 1790 avertere
3438 1727 3510 1789 ab
3535 1747 3604 1791 ea
3636 1746 3770 1807 qute

374 1816 690 1893 ἱπιὸλέψας,
722 1813 980 1873 ἄσϐεστον
1010 1815 1112 1891 μὲν
1144 1817 1236 1872 τὸν
1264 1814 1462 1894 λύχνον
1507 1823 1613 1872 τῶν
1659 1823 1765 1873 σῶν
1799 1816 2024 1874 ἐντολῶν

2114 1825 2204 1877 est
2253 1816 2410 1898 apud
2445 1826 2505 1879 te
2535 1816 2744 1897 gloria.
2780 1817 2900 1880 Sed
2955 1825 3014 1879 tu
3047 1818 3324 1898 benignis
3373 1819 3485 1880 tuis
3515 1838 3624 1882 nos
3669 1820 3765 1881 in-

382 1908 432 1965 ἓν
488 1910 619 1980 ἡμῖν
673 1904 1023 1986 διατήρησον,
1083 1909 1160 1979 τῷ
1214 1907 1292 1980 σῷ
1349 1901 1405 1960 δὲ
1473 1907 1606 1986 φωτὶ
1665 1906 1759 1970 τὰς
1818 1905 2022 1987 τρίϐους

374 2001 530 2072 ἡμῶν
585 1996 913 2076 κατεύθυνον,
970 1996 1059 2052 καὶ
1114 1999 1213 2064 τῆς
1271 1994 1326 2050 ἐν
1380 1995 1461 2051 σοί
1507 1994 1806 2053 ἆπολαύσαι
1837 2019 2020 2072 μακα-

358 2088 614 2164 ριότητος
664 2084 996 2151 καταξίωσον
1031 2105 1042 2118 ·
1121 2083 1203 2140 ὅτι
1262 2083 1555 2162 εὐλογητὸς
1629 2089 1683 2142 εἴ
1753 2087 1828 2152 εἰς
1899 2087 2020 2150 τοὺς

355 2179 576 2239 αἰῶνας.
611 2176 822 2242 Ταύτην
853 2175 953 2250 μὲν
1007 2173 1093 2231 οὖν
1150 2174 1356 2240 ἐκεῖνος
1409 2173 1489 2248 τῷ
1545 2174 1852 2253 ἆγωνοθέτῃ
1904 2177 2022 2251 Θεῷ

354 2268 454 2335 τὴν
485 2266 832 2347 εὐχαριστίαν
889 2265 1186 2340 ἀνέπεμπε.
1253 2269 1367 2322 Τῶν
1423 2263 1772 2344 ὕπογραιρέων
1826 2263 1881 2322 δέ
1939 2287 2019 2332 τις

357 2357 640 2438 παρεστὼς
670 2353 992 2436 διεχᾶραττε
1023 2355 1089 2412 τὰ
1121 2353 1407 2432 λεγόμενα.

441 2626 525 2689 Θ’.
569 2628 668 2686 Καὶ
717 2626 746 2682 6
773 2625 998 2703 ἡγεμὼν
1029 2623 1234 2682 ἀνεῖναι
1290 2630 1388 2694 τῆς
1418 2629 1676 2701 τιμωρίας
1736 2625 1895 2684 αὗτὸν
1951 2635 2027 2703 τῷ

359 2715 782 2795 κομενταρησίῳ
850 2713 1113 2774 ἐκέλευεν.
1191 2705 1250 2772 Ὀ
1321 2713 1375 2771 δὲ
1462 2715 1600 2774 οὕτω
1681 2718 2026 2798 πεποιηκὼς,

359 2811 446 2866 καὶ
519 2807 663 2884 μετᾶ
734 2826 839 2861 των
913 2806 1180 2860 συνόντων
1260 2802 1616 2871 διιαϐαστάσας
1687 2805 2024 2886 ἀπειρηκότα

359 2898 460 2966 ἤδη
491 2910 620 2958 ταῖς
682 2891 996 2974 ἀλγηδόσιν,
1057 2894 1112 2950 ἐν
1167 2896 1236 2970 τῇ
1293 2893 1520 2973 προτέρᾳ
1580 2894 2022 2977 φυλακῇῖφέρον’

359 3011 461 3062 τες,
494 2993 579 3060 τῷ
606 2986 737 3060 ἱερῷ
783 2985 968 3063 Γουρίᾳ
1024 2989 1381 3064 παρατιθετσι.
1447 2983 1557 3044 Καὶ
1612 2984 1677 3055 δὴ
1735 3007 2023 3043 πεντεκαι-

361 3077 587 3143 δεκέτην
648 3072 1025 3138 ἆναϐαίνοντος
1081 3080 1175 3131 τοῦ
1234 3073 1526 3156 Νοεμϐρίου
1599 3077 1786 3140 νυκτὸς
1861 3074 2022 3145 όῧσης

357 3171 468 3247 περὶ
500 3165 879 3240 ἀλεκτρυόνων
909 3161 1075 3244 ᾠδὰς,
1105 3164 1302 3231 ἀνέστη
1364 3168 1393 3221 6
1456 3165 1696 3243 ἡγεμών·
1748 3164 2026 3244 λαμπάδες

351 3280 407 3315 τε
463 3258 558 3315 καὶ
618 3253 900 3333 δορυφόροι
959 3255 1148 3311 τούτου
1205 3255 1500 3332 προῄεσαν.
1564 3255 1662 3312 Καὶ
1718 3255 1816 3323 τὴν
1873 3257 2029 3333 βασι-

349 3347 510 3415 λικὴν
569 3344 881 3423 λεγομένην
943 3339 1261 3400 καταλαϐὼν
1321 3343 1546 3423 ὅποιπερ
1607 3344 1750 3418 αὖτῷ
1809 3347 1868 3402 τὸ
1942 3343 2026 3402 δι-

2113 1914 2288 1967 tuens
2341 1906 2556 1986 oculis,
2613 1926 2905 1970 conserva
2958 1909 3022 1970 in
3082 1909 3280 1984 nobis,
3323 1927 3456 1986 quae
3510 1911 3770 1988 extingui

2107 2013 2227 2056 non
2289 2005 2480 2076 potest
2511 1995 2818 2060 lucernam
2881 2006 3120 2065 tuorum
3179 1998 3634 2060 mandatorum:
3672 2009 3773 2062 tua

2105 2092 2301 2148 autem
2337 2086 2470 2148 luce
2502 2086 2691 2166 dirige
2723 2095 2956 2150 uestras
2989 2087 3256 2167 semitas,
3283 2099 3344 2150 et
3378 2087 3626 2166 dignare
3657 2107 3768 2152 nos

2105 2174 2221 2236 frui
2254 2193 2343 2250 ea,
2381 2194 2512 2257 quae
2566 2185 2658 2238 est
2689 2176 2752 2239 in
2813 2184 2892 2250 te,
2927 2175 3340 2241 beatitudine:
3393 2178 3672 2258 quoniam
3707 2197 3771 2240 es

2103 2262 2460 2327 benedictus
2481 2271 2538 2327 in
2559 2266 2779 2329 saecula
2801 2267 3378 2348 saeculorumAtque
3402 2267 3502 2330 ille
3524 2267 3770 2346 quidem

2101 2354 2471 2434 agonothetze
2501 2354 2625 2418 Deo
2659 2357 2973 2418 emittebat
3016 2357 3172 2418 hanc
3222 2356 3542 2437 gratiarum
3587 2356 3770 2419 aetio.

2102 2463 2287 2507 nem:
2341 2443 2580 2525 quidam
2642 2455 2842 2509 autem
2896 2445 3112 2528 scriba,
3147 2451 3244 2528 qui
3290 2446 3519 2524 aderat,
3552 2445 3770 2509 litteris

2114 2534 2412 2597 mandavit
2445 2555 2575 2617 quae
2604 2535 2762 2599 dicta
2805 2544 2965 2618 sunt.

2193 2623 2292 2688 1X.
2338 2621 2524 2688 Jussit
2567 2635 2765 2688 autem
2801 2645 3022 2708 praeses
3051 2623 3585 2691 commentariensi
3631 2644 3770 2689 eum

2112 2713 2346 2776 solvere
2377 2732 2411 2776 a
2443 2714 2766 2798 supplicio.
2800 2715 2907 2779 Ille
2941 2736 3079 2780 vero
3111 2735 3247 2780 cum
3297 2717 3382 2780 sic
3411 2716 3675 2793 fecisset,
3709 2726 3771 2780 et

2113 2811 2407 2887 portasset
2455 2824 2588 2866 cum
2622 2805 2697 2868 iis
2727 2806 2829 2887 qui
2874 2806 3124 2870 aderant
3147 2807 3269 2886 jam
3303 2805 3611 2869 doloribus
3656 2805 3769 2868 de-

2108 2895 2328 2956 fessum
2366 2899 2426 2956 et
2455 2895 2824 2977 confectum,
2859 2896 2919 2958 in
2958 2897 3215 2976 priorem
3263 2895 3528 2958 ferentes
3559 2903 3768 2958 custo-

2109 2982 2782 3066 diam,deponuntjuxta
2806 2992 3072 3049 sanctum
3095 2985 3363 3051 Guriam.
3394 2985 3542 3048 Cum
3567 2995 3765 3047 autem

2111 3080 2271 3135 esset
2315 3072 2665 3137 Novembris
2695 3075 2962 3137 decimus
3007 3075 3269 3157 quintus,
3305 3082 3484 3137 noctu
3529 3073 3770 3137 circiter

2112 3162 2247 3241 galli
2282 3173 2517 3226 cantum
2552 3165 2808 3227 surrexit
2830 3164 3015 3246 judex
3045 3184 3058 3227 :
3095 3182 3229 3227 eum
3267 3181 3404 3226 vero
3458 3161 3767 3244 prmcede-

2112 3251 2255 3316 bant
2302 3253 2606 3336 lampades
2639 3264 2700 3317 et
2726 3255 3014 3318 satellites
3048 3275 3062 3316 :
3100 3263 3155 3317 et
3187 3271 3323 3316 cum
3354 3252 3427 3315 ad
3459 3251 3765 3316 basilicam

2116 3348 2395 3424 venisset,
2428 3362 2559 3425 quae
2582 3343 2826 3420 dicitur,
2855 3343 2959 3406 ubi
2985 3341 3445 3424 eratjudicium,
3472 3360 3606 3404 cum
3635 3359 3768 3404 ma-

349 3439 647 3515 καστήριον
722 3435 1145 3511 συγκεκρότητο,
1222 3432 1310 3491 ἐπὶ
1375 3440 1468 3490 τοῦ
1542 3434 1789 3510 βήματος
1859 3433 2024 3492 σοϐα-

2111 3452 2228 3515 gno
2261 3433 2414 3496 fastu
2460 3433 2630 3496 sedet
2661 3454 2768 3516 pro
2804 3433 3104 3511 tribunali,
3141 3442 3199 3496 et
3227 3433 3482 3496 accersit
3510 3431 3769 3495 athletas

358 3532 460 3604 ρῶς
520 3523 909 3604 προκαθέζεται
944 3539 959 3555 ⁶
1023 3523 1112 3578 καὶ
1167 3524 1287 3588 τοὺς
1343 3522 1577 3592 ἀθλητὰς
1653 3523 1868 3602 Γουρίαν
1939 3525 2027 3582 καὶ

368 3621 626 3690 Σαμωνᾶν
698 3609 1144 3688 μεταστέλλεται,
1223 3611 1328 3670 Καὶ
1401 3616 1430 3670 6
1498 3614 1598 3690 μὲν
1673 3612 1794 3680 ἥκει
1863 3613 2024 3690 μέσος

377 3702 524 3759 δυοῖν
555 3706 900 3779 πορευόμενος
931 3703 1021 3758 καὶ
1052 3715 1175 3766 ταῖς
1231 3701 1481 3781 ἑκατέρου
1540 3703 1729 3784 χερσὶν
1781 3705 2026 3772 ὑποστη-

377 3792 644 3868 ριζόμενος
817 3814 875 3848 τε
932 3789 1034 3870 γάρ
1091 3790 1269 3848 ἀσιτία
1325 3791 1522 3867 ἐπίεζε,
1587 3793 1686 3849 καὶ
1743 3794 1804 3850 τὸ
1854 3795 2026 3872 γῆρας

369 3879 604 3959 ἔϐἇρυνε,
666 3885 836 3957 μόνης
893 3883 1056 3939 αὐτὸν
1111 3881 1212 3948 τῆς
1269 3881 1473 3960 ἀγαθῆς
1533 3879 1744 3945 ἐλπίδος
1814 3882 2026 3958 ἀναψυ-

357 3973 598 4052 χοόσης,
663 3965 725 4030 ⁸ο
781 3969 838 4026 δὲ
894 3971 1116 4046 Γουρίας
1186 3971 1274 4028 καὶ
1345 3973 1502 4036 αὐτὸς
1523 3968 2026 4048 βιαϐασταζόμενος

351 4062 574 4141 ἄγεται,
610 4057 748 4138 μηδὲ
779 4058 1006 4137 βαδίζειν
1051 4058 1191 4124 ὅλως
1243 4059 1556 4138 δυνάμενος,
1617 4061 1709 4118 ἅτε
1767 4060 2026 4142 χαλεπῶς

349 4151 508 4225 αὗτῷ
581 4157 676 4209 τοῦ
746 4150 908 4215 ποδός
967 4151 1068 4208 ὑπὸ
1116 4156 1208 4208 τοῦ
1264 4148 1462 4230 δεσμοῦ
1530 4150 1852 4232 πληγέντος.
1894 4155 2030 4233 Πρὸς

336 4243 438 4307 οὓς
485 4244 516 4298 b
574 4245 677 4308 τῆς
741 4236 983 4305 ἀσεϐείας
1040 4242 1408 4317 ὑπασπιστὴς,
1479 4239 1710 4318 Ἀδείας,
1764 4241 1892 4322 ἔφη,
1925 4240 2028 4299 λα-

333 4328 600 4407 ϐόμενοι,
664 4331 784 4409 περὶ
840 4329 932 4387 τοῦ
1003 4327 1310 4396 λυσιτελοῦς
1382 4331 1512 4406 ὑμῖν
1585 4329 2028 4408 συνδιεσκὲψασθε

333 4421 409 4477 ἄν
449 4435 466 4454 ⁸
531 4420 768 4502 φράσατε
824 4420 912 4477 οὖν
977 4418 1032 4477 εἴ
1088 4441 1138 4478 τι
1197 4419 1503 4500 καινότερον
1557 4421 1688 4498 ὑμῖν
1735 4420 2016 4495 ἔσκεπται,

329 4512 441 4570 καὶ
493 4511 543 4568 εἰ
602 4509 859 4586 μετάνοιά
912 4531 996 4574 τις
1053 4508 1301 4578 εἰσῆλθεν
1361 4512 1500 4586 ὑμᾶς
1554 4510 1641 4568 ἐπὶ
1670 4524 1789 4576 τοῖς
1821 4511 2020 4592 προτέ-

331 4623 494 4675 ροις,
574 4600 664 4655 καὶ
733 4604 804 4674 τῇ
873 4608 967 4658 τοῦ
1041 4599 1317 4657 θειοτάτου
1389 4598 1656 4677 βασιλέως
1742 4599 2022 4680 προστάξει

330 4691 596 4749 πείθεσθε
631 4703 648 4718 ⁶
708 4688 846 4746 οὕτω
899 4690 1002 4768 γὰρ
1066 4691 1127 4746 ἂν
1185 4693 1291 4746 τῶν
1348 4710 1406 4746 τε
1468 4690 1674 4747 οἰκείων
1730 4690 2026 4765 κτημάτων

2111 3523 2353 3588 Guriam
2386 3531 2446 3586 et
2475 3523 2818 3588 Samonam.
2852 3523 2920 3586 Et
2951 3525 3048 3587 hic
3091 3523 3334 3605 quidem
3368 3526 3525 3584 venit
3553 3521 3767 3584 ambu-

2109 3614 2238 3676 lans
2269 3614 2329 3676 in
2355 3615 2549 3677 medio
2575 3615 2826 3677 duorum
2849 3622 2905 3677 et
2927 3614 3104 3677 fultus
3123 3613 3434 3694 utriusque
3460 3611 3760 3676 manibus.

2110 3705 2261 3768 Nam
2317 3712 2375 3765 et
2407 3703 2714 3786 premebat
2763 3704 2984 3782 inedia,
3021 3713 3078 3767 et
3127 3704 3413 3785 gravabat
3456 3709 3762 3782 senectus,

2111 3792 2264 3856 bona
2288 3812 2394 3874 spe
2417 3793 2792 3857 solummodo
2811 3813 2947 3856 eum
2981 3794 3388 3872 refrigerante.
3412 3791 3625 3855 Gurias
3654 3809 3768 3852 au-

2111 3891 2230 3946 tem
2259 3883 2385 3963 ipse
2409 3902 2651 3962 quoque
2678 3892 2940 3964 portatus
2971 3883 3238 3956 ducitur,
3265 3889 3328 3944 ut
3349 3881 3450 3959 qui
3480 3898 3593 3942 nec
3623 3898 3767 3962 pos-

2113 3981 2202 4035 set
2253 3973 2496 4035 omnino
2537 3973 2793 4053 ingredi,
2827 3983 3035 4057 utpote
3093 3974 3251 4056 quod
3311 3990 3418 4053 pes
3448 3970 3502 4033 ei
3557 3971 3771 4033 fuisset

2111 4063 2366 4144 graviter
2392 4081 2424 4124 a
2448 4062 2686 4124 vinculo
2714 4063 3034 4128 sauciatus.
3055 4063 3146 4126 Ad
3180 4080 3327 4142 quos
3349 4059 3629 4124 defensor
3654 4061 3773 4121 im-

2111 4154 2349 4236 pietatis
2383 4171 2396 4216 :
2455 4155 2604 4215 Cum
2640 4151 2799 4229 data,
2833 4153 3047 4234 inquit,
3080 4153 3258 4215 fuerit
3286 4149 3453 4211 vobis
3484 4157 3765 4229 potestas,

2111 4244 2187 4306 de
2239 4261 2308 4305 eo
2341 4244 2499 4324 quod
2544 4249 2632 4306 est
2664 4242 2828 4305 vobis
2875 4241 3274 4322 conducibile,
3305 4238 3484 4301 simul
3533 4237 3768 4299 delibe-

2108 4334 2308 4397 rastis.
2339 4331 2530 4394 Dicite
2554 4349 2717 4412 ergo,
2744 4350 2819 4394 an
2843 4332 2979 4396 novi
3002 4329 3228 4413 aliquid
3254 4329 3382 4390 sita
3410 4327 3576 4389 vobis
3611 4345 3762 4390 con-

2109 4422 2464 4498 sideratum,
2503 4434 2564 4485 et
2592 4442 2668 4484 an
2699 4422 2964 4504 priorum
2996 4441 3097 4485 vos
3117 4419 3314 4499 aliqua
3343 4416 3596 4480 subierit
3626 4433 3765 4498 pce-

2108 4512 2403 4575 nitentia:
2462 4520 2520 4574 et
2551 4522 2754 4594 parete
2779 4512 2975 4594 jussui
3028 4507 3408 4574 divinissimi.
3455 4507 3552 4569 Sic
3605 4504 3766 4568 enim

2107 4601 2325 4666 vestris
2357 4600 2572 4684 opibus
2605 4610 2664 4666 et
2719 4599 3224 4684 possessionibus,
3259 4597 3406 4681 quin
3447 4596 3622 4659 etiam
3658 4596 3770 4657 hac

2115 4691 2468 4754 suavissima
2523 4710 2767 4774 quoque
2797 4692 2931 4754 luce
2980 4689 3292 4754 fruemini.
3325 4688 3416 4754 Ad
3449 4688 3577 4750 haec
3621 4701 3775 4748 mar-

337 4782 492 4856 ὁμοῦ
522 4777 617 4836 καὶ
641 4778 967 4858 χρημάτων,
1028 4777 1171 4835 ἀλλὰ
1227 4782 1318 4836 καὶ
1371 4787 1465 4837 τοῦ
1517 4777 1845 4858 γλυκυτάτου
1881 4777 2024 4837 τοῦδε

2114 4790 2318 4864 tyres:
2373 4782 2592 4857 Nemo,
2626 4782 2927 4862 inquiunt,
2975 4781 3076 4863 qui
3123 4785 3299 4862 sapit,
3357 4775 3775 4857 magnifecerit

340 4869 536 4951 ιρωτδς
594 4867 961 4936 ἆπολαύσητε.
1023 4870 1162 4948 Πρὸς
1190 4875 1358 4926 ταῦτα
1402 4869 1450 4925 οἱ
1494 4867 1772 4950 μάρτυρες,
1821 4868 2021 4946 Οὐδεὶς,

343 4959 548 5033 εἶπον,
626 4957 734 5016 τῶν
805 4957 1194 5038 εὖφρονοόντων
1261 4958 1567 5017 ἀσπάσαιτο
1635 4964 1742 5015 τῶν
1798 4959 2026 5037 ῥεόντων

339 5049 460 5118 τήν
519 5047 576 5106 ἰν
637 5045 806 5125 ὄλίγῳ
862 5049 1203 5128 παραμονὴν.
1270 5039 1471 5114 ’Ῑκανδς
1531 5047 1631 5128 γὰρ
1688 5050 1826 5127 ἡμῖν
1883 5049 1969 5106 καὶ
1997 5051 2026 5105 ὁ

339 5135 647 5217 προλαϐὼν
675 5137 875 5219 χρόνος
909 5138 1040 5216 πρὸς
1088 5138 1187 5205 τὴν
1241 5142 1444 5218 χρῆσιν
1500 5137 1672 5195 αὐτῶν
1704 5139 1820 5219 *καὶ
1876 5138 2023 5218 θέαν,

342 5210 450 5285 καὶ
509 5210 734 5293 οὖῦεοδξ
776 5210 984 5284 τούτων
1040 5227 1200 5304 ὶσμὲν
1369 5227 1643 5302 ὶπιθομίᾳ.
1704 5210 1800 5286 "Ov
1848 5226 1904 5284 δὲ
1937 5210 2023 5285 νῦν

347 5319 502 5396 ἡμῖν
580 5317 807 5378 θάνατον
897 5315 1177 5394 ιπισείεις,
1279 5319 1409 5399 πρὸς
1495 5316 1786 5381 ἀθανάτους
1871 5318 2023 5383 οὗτος

351 5409 504 5484 ἡμᾶς
536 5406 830 5469 διαϐιϐάσει
868 5405 1105 5482 σκηνὰς,
1163 5407 1251 5464 καὶ
1303 5412 1403 5476 τῆς
1460 5405 1666 5466 δυιετθεν
1722 5417 2026 5487 μετασχεῖν

353 5499 743 5582 παρασκευάσει
769 5495 1218 5580 μακαριότητος.

415 5668 630 5739 8Psal.
665 5681 814 5736 an.
852 5663 922 5727 5.
1018 5657 1055 5709 9
1083 5653 1288 5730 Matth.
1323 5673 1385 5736 ιι,
1421 5656 1524 5722 29.

647 5797 958 5864 PATROL.
1016 5781 1141 5844 Gn.
1183 5779 1384 5847 CXVI.

2110 4889 2314 4955 parum
2361 4889 2607 4934 manere
2637 4871 2699 4934 in
2754 4871 2853 4948 iis,
2890 4888 3020 4952 quae
3071 4871 3285 4931 ﬂuunt.
3333 4865 3560 4931 Suﬂicit
3612 4865 3776 4927 enim

2107 4960 2283 5025 nobis
2343 4970 2601 5042 tempus,
2638 4961 2795 5042 quod
2831 4959 3162 5042 praecessit,
3197 4957 3270 5019 ad
3301 4973 3445 5020 usus
3478 4972 3684 5018 eorum
3719 4961 3779 5016 et

2109 5057 2443 5130 aspectum:
2469 5068 2583 5115 nec
2608 5068 2816 5113 eorum
2847 5049 3072 5130 aliquid
3105 5048 3546 5112 desideramus.
3582 5043 3771 5118 Quam

2109 5149 2312 5204 autem
2374 5147 2627 5204 mortem
2679 5159 2838 5202 nunc
2895 5139 3072 5201 nobis
3118 5138 3401 5214 intentas,
3436 5154 3506 5199 ea
3537 5152 3647 5198 nos
3699 5132 3775 5196 ad

2109 5231 2472 5294 immortalia
2503 5229 2864 5294 transmittat
2892 5229 3294 5303 tabernacula,
3329 5235 3389 5290 et
3439 5225 3674 5300 efficiet,
3707 5235 3775 5288 ut

2107 5321 2297 5386 simus
2357 5320 2678 5404 participes
2743 5320 2899 5400 ejus,
2955 5337 3092 5399 quae
3139 5326 3229 5382 est
3297 5317 3444 5399 illic,
3507 5315 3774 5378 beatitu-

2111 5410 2295 5477 diuis.

1623 5657 1683 5713 ιθ
1711 5658 1870 5725 Psal.
1903 5675 1986 5744 tv,
2017 5661 2078 5754 ξ.
2164 5662 2214 5710 ιι
2246 5661 2400 5729 Dan.
2423 5680 2480 5729 v1
2512 5671 2570 5728 et
2597 5680 2720 5732 xiv.
2807 5663 2861 5710 19
2893 5664 3046 5727 Dan.
3073 5678 3161 5742 ιιι,
3195 5662 3219 5725 1
3261 5677 3438 5740 seqq.

3311 5783 3348 5849 5
