  <div class='ocr_page' id='page_1' title='image "/cluster/home/n/w/nwhite01/storage/ocr_20150623/116:no.3/coo.31924054870203/080.png"; bbox 0 0 4158 6424; ppageno 0'>
   <div class='ocr_carea' id='block_1_1' title="bbox 285 413 3673 496">
    <p class='ocr_par' dir='ltr' id='par_1_1' title="bbox 285 413 3673 496">
     <span class='ocr_line' id='line_1_1' title="bbox 285 413 3673 496; baseline 0.005 -16"><span class='ocrx_word' id='word_1_1' title='bbox 285 413 389 480; x_wconf 77' lang='grc'><strong>145</strong></span> <span class='ocrx_word' id='word_1_2' title='bbox 1219 414 1693 481; x_wconf 78' lang='lat' dir='ltr'><strong>MABTYBIUM</strong></span> <span class='ocrx_word' id='word_1_3' title='bbox 1738 415 1796 480; x_wconf 88' lang='lat' dir='ltr'><strong>S.</strong></span> <span class='ocrx_word' id='word_1_4' title='bbox 1861 415 2122 482; x_wconf 66' lang='lat' dir='ltr'><strong>GURIIE</strong></span> <span class='ocrx_word' id='word_1_5' title='bbox 2169 418 2265 484; x_wconf 91' lang='lat' dir='ltr'><strong>ET</strong></span> <span class='ocrx_word' id='word_1_6' title='bbox 2325 419 2728 490; x_wconf 87' lang='lat' dir='ltr'><strong>SOCIORUM.</strong></span> <span class='ocrx_word' id='word_1_7' title='bbox 3559 419 3673 496; x_wconf 79' lang='grc'><strong>146</strong></span> 
     </span>
    </p>
   </div>
   <div class='ocr_carea' id='block_1_2' title="bbox 278 549 1930 640">
    <p class='ocr_par' dir='ltr' id='par_1_2' title="bbox 278 549 1930 634">
     <span class='ocr_line' id='line_1_2' title="bbox 278 549 1930 634; baseline -0.002 -24"><span class='ocrx_word' id='word_1_8' title='bbox 278 549 689 634; x_wconf 68' lang='grc' dir='ltr'>έπηγγελμέντ.ν</span> <span class='ocrx_word' id='word_1_9' title='bbox 759 551 906 626; x_wconf 73' lang='grc' dir='ltr'>ἡμῖν</span> <span class='ocrx_word' id='word_1_10' title='bbox 978 550 1239 612; x_wconf 74' lang='grc' dir='ltr'>ἀντίδοσιν</span> <span class='ocrx_word' id='word_1_11' title='bbox 1308 551 1520 610; x_wconf 70' lang='grc' dir='ltr'>ἀπιδεῖν</span> <span class='ocrx_word' id='word_1_12' title='bbox 1589 551 1930 632; x_wconf 85' lang='grc' dir='ltr'>βουληθείης,</span> 
     </span>
    </p>
   </div>
   <div class='ocr_carea' id='block_1_3' title="bbox 2014 549 3674 640">
    <p class='ocr_par' dir='ltr' id='par_1_3' title="bbox 2018 555 3674 640">
     <span class='ocr_line' id='line_1_3' title="bbox 2018 555 3674 640; baseline 0.008 -25"><span class='ocrx_word' id='word_1_13' title='bbox 2018 571 2184 634; x_wconf 87' lang='lat' dir='ltr'><strong>spem</strong></span> <span class='ocrx_word' id='word_1_14' title='bbox 2219 563 2278 618; x_wconf 90' lang='lat' dir='ltr'><strong>et</strong></span> <span class='ocrx_word' id='word_1_15' title='bbox 2308 560 2667 638; x_wconf 82' lang='lat' dir='ltr'><strong>promissam</strong></span> <span class='ocrx_word' id='word_1_16' title='bbox 2704 559 2876 623; x_wconf 92' lang='lat' dir='ltr'><strong>nobis</strong></span> <span class='ocrx_word' id='word_1_17' title='bbox 2903 555 3479 640; x_wconf 80' lang='lat' dir='ltr'><strong>remunerationem,</strong></span> <span class='ocrx_word' id='word_1_18' title='bbox 3518 565 3674 630; x_wconf 87' lang='lat' dir='ltr'><strong>forte</strong></span> 
     </span>
    </p>
   </div>
   <div class='ocr_carea' id='block_1_4' title="bbox 279 641 1930 736">
    <p class='ocr_par' dir='ltr' id='par_1_4' title="bbox 279 641 1930 724">
     <span class='ocr_line' id='line_1_4' title="bbox 279 641 1930 724; baseline -0.002 -23"><span class='ocrx_word' id='word_1_19' title='bbox 279 644 416 724; x_wconf 73' lang='grc' dir='ltr'><strong>τεὶχα</strong></span> <span class='ocrx_word' id='word_1_20' title='bbox 446 641 506 699; x_wconf 73' lang='grc' dir='ltr'>ἂν</span> <span class='ocrx_word' id='word_1_21' title='bbox 540 641 686 718; x_wconf 83' lang='grc' dir='ltr'>μετά</span> <span class='ocrx_word' id='word_1_22' title='bbox 715 642 931 702; x_wconf 73' lang='grc' dir='ltr'>Παύλου</span> <span class='ocrx_word' id='word_1_23' title='bbox 957 645 1128 721; x_wconf 69' lang='grc' dir='ltr'>ἱερεῖς,</span> <span class='ocrx_word' id='word_1_24' title='bbox 1167 642 1245 700; x_wconf 68' lang='grc' dir='ltr'><strong>ὅτι</strong></span> <span class='ocrx_word' id='word_1_25' title='bbox 1282 663 1305 697; x_wconf 77' lang='grc' dir='ltr'><strong>ε</strong></span> <span class='ocrx_word' id='word_1_26' title='bbox 1345 648 1452 701; x_wconf 70' lang='grc' dir='ltr'><strong>Οὔκ</strong></span> <span class='ocrx_word' id='word_1_27' title='bbox 1485 643 1598 709; x_wconf 70' lang='grc' dir='ltr'>ἄξια</span> <span class='ocrx_word' id='word_1_28' title='bbox 1640 643 1705 699; x_wconf 75' lang='grc' dir='ltr'>τὰ</span> <span class='ocrx_word' id='word_1_29' title='bbox 1759 644 1930 713; x_wconf 80' lang='grc' dir='ltr'>παθῆ-</span> 
     </span>
    </p>
   </div>
   <div class='ocr_carea' id='block_1_5' title="bbox 2014 641 3672 736">
    <p class='ocr_par' dir='ltr' id='par_1_5' title="bbox 2027 645 3672 736">
     <span class='ocr_line' id='line_1_5' title="bbox 2027 645 3672 736; baseline 0.007 -30"><span class='ocrx_word' id='word_1_30' title='bbox 2027 645 2202 736; x_wconf 85' lang='lat' dir='ltr'><strong>etiam</strong></span> <span class='ocrx_word' id='word_1_31' title='bbox 2229 646 2398 710; x_wconf 84' lang='lat' dir='ltr'><strong>dices</strong></span> <span class='ocrx_word' id='word_1_32' title='bbox 2418 667 2552 710; x_wconf 90' lang='lat' dir='ltr'><strong>cum</strong></span> <span class='ocrx_word' id='word_1_33' title='bbox 2582 651 2796 715; x_wconf 89' lang='lat' dir='ltr'><strong>Paulo:</strong></span> <span class='ocrx_word' id='word_1_34' title='bbox 2830 676 2857 708; x_wconf 77' lang='grc' dir='ltr'><strong><em>α</em></strong></span> <span class='ocrx_word' id='word_1_35' title='bbox 2886 650 3014 714; x_wconf 85' lang='grc' dir='ltr'><strong>Νοη</strong></span> <span class='ocrx_word' id='word_1_36' title='bbox 3033 661 3172 715; x_wconf 84' lang='lat' dir='ltr'><strong>sunt</strong></span> <span class='ocrx_word' id='word_1_37' title='bbox 3197 654 3509 734; x_wconf 63' lang='lat' dir='ltr'><strong>condignae</strong></span> <span class='ocrx_word' id='word_1_38' title='bbox 3532 674 3672 736; x_wconf 87' lang='lat' dir='ltr'><strong>pas-</strong></span> 
     </span>
    </p>
   </div>
   <div class='ocr_carea' id='block_1_6' title="bbox 284 731 1930 826">
    <p class='ocr_par' dir='ltr' id='par_1_6' title="bbox 284 731 1930 812">
     <span class='ocr_line' id='line_1_6' title="bbox 284 731 1930 812; baseline -0.001 -23"><span class='ocrx_word' id='word_1_39' title='bbox 284 755 412 808; x_wconf 74' lang='grc' dir='ltr'>ματα</span> <span class='ocrx_word' id='word_1_40' title='bbox 484 743 579 792; x_wconf 71' lang='grc' dir='ltr'><strong>του</strong></span> <span class='ocrx_word' id='word_1_41' title='bbox 653 741 744 789; x_wconf 73' lang='grc' dir='ltr'>νῦν</span> <span class='ocrx_word' id='word_1_42' title='bbox 812 741 1002 812; x_wconf 77' lang='grc' dir='ltr'>καιροῦ</span> <span class='ocrx_word' id='word_1_43' title='bbox 1074 734 1201 802; x_wconf 65' lang='grc' dir='ltr'>πρὸς</span> <span class='ocrx_word' id='word_1_44' title='bbox 1271 733 1370 800; x_wconf 76' lang='grc' dir='ltr'>τὴν</span> <span class='ocrx_word' id='word_1_45' title='bbox 1429 731 1726 809; x_wconf 72' lang='grc' dir='ltr'>μέλλουσαν</span> <span class='ocrx_word' id='word_1_46' title='bbox 1787 731 1930 798; x_wconf 70' lang='grc' dir='ltr'>δόξαι</span> 
     </span>
    </p>
   </div>
   <div class='ocr_carea' id='block_1_7' title="bbox 2014 731 3672 826">
    <p class='ocr_par' dir='ltr' id='par_1_7' title="bbox 2023 731 3672 826">
     <span class='ocr_line' id='line_1_7' title="bbox 2023 731 3672 826; baseline 0.008 -30"><span class='ocrx_word' id='word_1_47' title='bbox 2023 734 2432 826; x_wconf 78' lang='lat' dir='ltr'><strong>sioneshujus</strong></span> <span class='ocrx_word' id='word_1_48' title='bbox 2466 742 2750 819; x_wconf 88' lang='lat' dir='ltr'><strong>temporis</strong></span> <span class='ocrx_word' id='word_1_49' title='bbox 2778 741 2852 803; x_wconf 90' lang='lat' dir='ltr'><strong>ad</strong></span> <span class='ocrx_word' id='word_1_50' title='bbox 2884 744 3162 822; x_wconf 83' lang='lat' dir='ltr'><strong>gloriam,</strong></span> <span class='ocrx_word' id='word_1_51' title='bbox 3203 762 3335 826; x_wconf 67' lang='lat' dir='ltr'><strong>quae</strong></span> <span class='ocrx_word' id='word_1_52' title='bbox 3364 731 3454 807; x_wconf 83' lang='lat' dir='ltr'><strong>est</strong></span> <span class='ocrx_word' id='word_1_53' title='bbox 3497 731 3672 809; x_wconf 84' lang='lat' dir='ltr'><strong>reve-</strong></span> 
     </span>
    </p>
   </div>
   <div class='ocr_carea' id='block_1_8' title="bbox 284 820 1930 916">
    <p class='ocr_par' dir='ltr' id='par_1_8' title="bbox 284 820 1930 902">
     <span class='ocr_line' id='line_1_8' title="bbox 284 820 1930 902; baseline 0.001 -26"><span class='ocrx_word' id='word_1_54' title='bbox 284 821 716 902; x_wconf 70' lang='grc' dir='ltr'>ἀποκαλυφθῆναι</span> <span class='ocrx_word' id='word_1_55' title='bbox 754 825 828 887; x_wconf 72' lang='grc' dir='ltr'>εἷς</span> <span class='ocrx_word' id='word_1_56' title='bbox 859 825 1031 898; x_wconf 78' lang='grc' dir='ltr'>ἡμᾶς.</span> <span class='ocrx_word' id='word_1_57' title='bbox 1067 843 1098 882; x_wconf 67' lang='grc' dir='ltr'><strong><em>ι</em></strong></span> <span class='ocrx_word' id='word_1_58' title='bbox 1134 823 1282 881; x_wconf 83' lang='grc' dir='ltr'>Ἐπεὶ</span> <span class='ocrx_word' id='word_1_59' title='bbox 1327 820 1382 880; x_wconf 73' lang='grc' dir='ltr'>δὲ</span> <span class='ocrx_word' id='word_1_60' title='bbox 1413 823 1614 902; x_wconf 84' lang='grc' dir='ltr'>μωρίαν</span> <span class='ocrx_word' id='word_1_61' title='bbox 1663 824 1769 880; x_wconf 74' lang='grc' dir='ltr'><strong>τῶν</strong></span> <span class='ocrx_word' id='word_1_62' title='bbox 1813 823 1930 900; x_wconf 70' lang='grc' dir='ltr'><strong>παιρ1</strong></span> 
     </span>
    </p>
   </div>
   <div class='ocr_carea' id='block_1_9' title="bbox 2014 820 3673 916">
    <p class='ocr_par' dir='ltr' id='par_1_9' title="bbox 2025 820 3673 916">
     <span class='ocr_line' id='line_1_9' title="bbox 2025 820 3673 916; baseline 0.008 -32"><span class='ocrx_word' id='word_1_63' title='bbox 2025 823 2201 916; x_wconf 72' lang='lat' dir='ltr'><strong>lauda</strong></span> <span class='ocrx_word' id='word_1_64' title='bbox 2231 825 2288 886; x_wconf 92' lang='lat' dir='ltr'><strong>in</strong></span> <span class='ocrx_word' id='word_1_65' title='bbox 2321 826 2497 890; x_wconf 85' lang='lat' dir='ltr'><strong>nobis</strong></span> <span class='ocrx_word' id='word_1_66' title='bbox 2520 829 2596 888; x_wconf 74' lang='grc'><strong>17.</strong></span> <span class='ocrx_word' id='word_1_67' title='bbox 2636 854 2663 886; x_wconf 77' lang='grc'>»</span> <span class='ocrx_word' id='word_1_68' title='bbox 2701 831 2847 892; x_wconf 91' lang='lat' dir='ltr'><strong>Cum</strong></span> <span class='ocrx_word' id='word_1_69' title='bbox 2880 820 3079 893; x_wconf 82' lang='lat' dir='ltr'><strong>autem</strong></span> <span class='ocrx_word' id='word_1_70' title='bbox 3133 820 3354 912; x_wconf 75' lang='lat' dir='ltr'><strong>praeses</strong></span> <span class='ocrx_word' id='word_1_71' title='bbox 3409 852 3479 896; x_wconf 87' lang='lat' dir='ltr'><strong>ea</strong></span> <span class='ocrx_word' id='word_1_72' title='bbox 3540 853 3673 916; x_wconf 72' lang='lat' dir='ltr'><strong>quae</strong></span> 
     </span>
    </p>
   </div>
   <div class='ocr_carea' id='block_1_10' title="bbox 278 911 1930 1005">
    <p class='ocr_par' dir='ltr' id='par_1_10' title="bbox 278 912 1930 992">
     <span class='ocr_line' id='line_1_10' title="bbox 278 912 1930 992; baseline -0.004 -18"><span class='ocrx_word' id='word_1_73' title='bbox 278 917 432 974; x_wconf 72' lang='grc' dir='ltr'>αὐτοῦ</span> <span class='ocrx_word' id='word_1_74' title='bbox 500 912 815 992; x_wconf 64' lang='grc' dir='ltr'>λεγομένων</span> <span class='ocrx_word' id='word_1_75' title='bbox 885 915 916 970; x_wconf 83' lang='grc' dir='ltr'>ὁ</span> <span class='ocrx_word' id='word_1_76' title='bbox 987 913 1205 991; x_wconf 79' lang='grc' dir='ltr'>ἡγεμὼν</span> <span class='ocrx_word' id='word_1_77' title='bbox 1261 916 1639 991; x_wconf 76' lang='grc' dir='ltr'><strong>κατεγίνωσκε,</strong></span> <span class='ocrx_word' id='word_1_78' title='bbox 1706 915 1794 970; x_wconf 81' lang='grc' dir='ltr'>καὶ</span> <span class='ocrx_word' id='word_1_79' title='bbox 1850 920 1930 972; x_wconf 73' lang='grc' dir='ltr'><strong>νῦν</strong></span> 
     </span>
    </p>
   </div>
   <div class='ocr_carea' id='block_1_11' title="bbox 2014 911 3668 1005">
    <p class='ocr_par' dir='ltr' id='par_1_11' title="bbox 2022 911 3668 1005">
     <span class='ocr_line' id='line_1_11' title="bbox 2022 911 3668 1005; baseline 0.007 -31"><span class='ocrx_word' id='word_1_80' title='bbox 2022 911 2377 1005; x_wconf 81' lang='lat' dir='ltr'><strong>dicebantur</strong></span> <span class='ocrx_word' id='word_1_81' title='bbox 2407 917 2718 982; x_wconf 86' lang='lat' dir='ltr'><strong>damnaret</strong></span> <span class='ocrx_word' id='word_1_82' title='bbox 2745 920 3032 992; x_wconf 77' lang='lat' dir='ltr'><strong>stultitiae,</strong></span> <span class='ocrx_word' id='word_1_83' title='bbox 3090 911 3150 984; x_wconf 81' lang='lat' dir='ltr'><strong>et</strong></span> <span class='ocrx_word' id='word_1_84' title='bbox 3207 941 3365 984; x_wconf 88' lang='lat' dir='ltr'><strong>nunc</strong></span> <span class='ocrx_word' id='word_1_85' title='bbox 3422 911 3668 1005; x_wconf 78' lang='lat' dir='ltr'><strong>quidem</strong></span> 
     </span>
    </p>
   </div>
   <div class='ocr_carea' id='block_1_12' title="bbox 274 1002 1934 1081">
    <p class='ocr_par' dir='ltr' id='par_1_12' title="bbox 274 1002 1934 1081">
     <span class='ocr_line' id='line_1_12' title="bbox 274 1002 1934 1081; baseline 0.001 -22"><span class='ocrx_word' id='word_1_86' title='bbox 274 1002 366 1078; x_wconf 74' lang='grc' dir='ltr'><strong>μὲν</strong></span> <span class='ocrx_word' id='word_1_87' title='bbox 438 1003 699 1060; x_wconf 77' lang='grc' dir='ltr'>θωπεύων</span> <span class='ocrx_word' id='word_1_88' title='bbox 770 1003 861 1060; x_wconf 80' lang='grc' dir='ltr'>καὶ</span> <span class='ocrx_word' id='word_1_89' title='bbox 933 1002 1299 1081; x_wconf 80' lang='grc' dir='ltr'>μακροθυμίας</span> <span class='ocrx_word' id='word_1_90' title='bbox 1369 1016 1718 1080; x_wconf 74' lang='grc' dir='ltr'>προσωπεῖον</span> <span class='ocrx_word' id='word_1_91' title='bbox 1796 1005 1934 1060; x_wconf 69' lang='grc' dir='ltr'>ὃπο-</span> 
     </span>
    </p>
   </div>
   <div class='ocr_carea' id='block_1_13' title="bbox 271 1090 1934 1170">
    <p class='ocr_par' dir='ltr' id='par_1_13' title="bbox 271 1090 1934 1170">
     <span class='ocr_line' id='line_1_13' title="bbox 271 1090 1934 1170; baseline 0 -22"><span class='ocrx_word' id='word_1_92' title='bbox 271 1091 552 1168; x_wconf 82' lang='grc' dir='ltr'>δυόμενος,</span> <span class='ocrx_word' id='word_1_93' title='bbox 616 1101 705 1152; x_wconf 79' lang='grc' dir='ltr'><strong>νῦν</strong></span> <span class='ocrx_word' id='word_1_94' title='bbox 763 1090 820 1148; x_wconf 75' lang='grc' dir='ltr'>δὲ</span> <span class='ocrx_word' id='word_1_95' title='bbox 867 1090 1103 1149; x_wconf 80' lang='grc' dir='ltr'>ἂπειλῶν</span> <span class='ocrx_word' id='word_1_96' title='bbox 1148 1092 1238 1148; x_wconf 79' lang='grc' dir='ltr'><strong>καὶ</strong></span> <span class='ocrx_word' id='word_1_97' title='bbox 1285 1093 1470 1170; x_wconf 78' lang='grc' dir='ltr'>πικρὸν</span> <span class='ocrx_word' id='word_1_98' title='bbox 1520 1090 1664 1168; x_wconf 76' lang='grc' dir='ltr'><strong>αὖτῷ</strong></span> <span class='ocrx_word' id='word_1_99' title='bbox 1711 1093 1934 1150; x_wconf 85' lang='grc' dir='ltr'>θάνατον</span> 
     </span>
    </p>
   </div>
   <div class='ocr_carea' id='block_1_14' title="bbox 272 1179 1934 1263">
    <p class='ocr_par' dir='ltr' id='par_1_14' title="bbox 272 1179 1934 1263">
     <span class='ocr_line' id='line_1_14' title="bbox 272 1179 1934 1263; baseline 0.001 -23"><span class='ocrx_word' id='word_1_100' title='bbox 272 1182 526 1240; x_wconf 75' lang='grc' dir='ltr'>ἐπισείων</span> <span class='ocrx_word' id='word_1_101' title='bbox 554 1231 572 1263; x_wconf 84' lang='grc'><strong>,</strong></span> <span class='ocrx_word' id='word_1_102' title='bbox 683 1184 816 1259; x_wconf 82' lang='grc' dir='ltr'>πρὸς</span> <span class='ocrx_word' id='word_1_103' title='bbox 931 1179 1201 1261; x_wconf 73' lang='grc' dir='ltr'>οὒδέτερον</span> <span class='ocrx_word' id='word_1_104' title='bbox 1307 1181 1510 1239; x_wconf 82' lang='grc' dir='ltr'>τούτων</span> <span class='ocrx_word' id='word_1_105' title='bbox 1620 1179 1934 1241; x_wconf 68' lang='grc' dir='ltr'><strong>ὑποδιδόντα</strong></span> 
     </span>
    </p>
   </div>
   <div class='ocr_carea' id='block_1_15' title="bbox 274 1270 1934 1352">
    <p class='ocr_par' dir='ltr' id='par_1_15' title="bbox 274 1270 1934 1352">
     <span class='ocr_line' id='line_1_15' title="bbox 274 1270 1934 1352; baseline 0 -22"><span class='ocrx_word' id='word_1_106' title='bbox 274 1273 416 1350; x_wconf 81' lang='grc' dir='ltr'>ἑώρα</span> <span class='ocrx_word' id='word_1_107' title='bbox 453 1292 469 1307; x_wconf 91' lang='grc'><strong>·</strong></span> <span class='ocrx_word' id='word_1_108' title='bbox 545 1272 656 1330; x_wconf 65' lang='lat' dir='ltr'><strong>05x</strong></span> <span class='ocrx_word' id='word_1_109' title='bbox 721 1271 912 1351; x_wconf 77' lang='grc' dir='ltr'>ἀθρόον</span> <span class='ocrx_word' id='word_1_110' title='bbox 981 1294 1063 1330; x_wconf 87' lang='grc' dir='ltr'><strong>σοι</strong></span> <span class='ocrx_word' id='word_1_111' title='bbox 1129 1272 1191 1329; x_wconf 81' lang='grc' dir='ltr'><strong>τὸ</strong></span> <span class='ocrx_word' id='word_1_112' title='bbox 1275 1270 1428 1336; x_wconf 80' lang='grc' dir='ltr'>τέλος</span> <span class='ocrx_word' id='word_1_113' title='bbox 1512 1271 1714 1346; x_wconf 69' lang='grc' dir='ltr'>ὶπάξω,</span> <span class='ocrx_word' id='word_1_114' title='bbox 1803 1274 1934 1352; x_wconf 73' lang='grc' dir='ltr'>πρὸς</span> 
     </span>
    </p>
   </div>
   <div class='ocr_carea' id='block_1_16' title="bbox 275 1359 1934 1444">
    <p class='ocr_par' dir='ltr' id='par_1_16' title="bbox 275 1359 1934 1444">
     <span class='ocr_line' id='line_1_16' title="bbox 275 1359 1934 1444; baseline -0.001 -24"><span class='ocrx_word' id='word_1_115' title='bbox 275 1362 433 1420; x_wconf 67' lang='grc' dir='ltr'>ὠτὸν</span> <span class='ocrx_word' id='word_1_116' title='bbox 491 1361 828 1444; x_wconf 74' lang='grc' dir='ltr'>ἀπεφήνατο,</span> <span class='ocrx_word' id='word_1_117' title='bbox 891 1359 1030 1418; x_wconf 77' lang='grc' dir='ltr'>ἀλλὰ</span> <span class='ocrx_word' id='word_1_118' title='bbox 1088 1359 1346 1436; x_wconf 78' lang='grc' dir='ltr'>μαλθακῷ</span> <span class='ocrx_word' id='word_1_119' title='bbox 1406 1362 1530 1441; x_wconf 85' lang='grc' dir='ltr'>πυρὶ</span> <span class='ocrx_word' id='word_1_120' title='bbox 1583 1363 1720 1419; x_wconf 79' lang='grc' dir='ltr'>κατὰ</span> <span class='ocrx_word' id='word_1_121' title='bbox 1757 1363 1934 1443; x_wconf 83' lang='grc' dir='ltr'>βραχὺ</span> 
     </span>
    </p>
   </div>
   <div class='ocr_carea' id='block_1_17' title="bbox 273 1449 1931 1530">
    <p class='ocr_par' dir='ltr' id='par_1_17' title="bbox 273 1449 1931 1530">
     <span class='ocr_line' id='line_1_17' title="bbox 273 1449 1931 1530; baseline -0.001 -21"><span class='ocrx_word' id='word_1_122' title='bbox 273 1474 330 1510; x_wconf 85' lang='grc' dir='ltr'><strong>σε</strong></span> <span class='ocrx_word' id='word_1_123' title='bbox 385 1450 710 1510; x_wconf 76' lang='grc' dir='ltr'>ὃιατακέντα</span> <span class='ocrx_word' id='word_1_124' title='bbox 765 1452 864 1519; x_wconf 74' lang='grc' dir='ltr'>τὴν</span> <span class='ocrx_word' id='word_1_125' title='bbox 923 1449 1229 1527; x_wconf 75' lang='grc' dir='ltr'><strong>ἀμείλικτον</strong></span> <span class='ocrx_word' id='word_1_126' title='bbox 1283 1450 1568 1509; x_wconf 80' lang='grc' dir='ltr'>ἀποθέσθαι</span> <span class='ocrx_word' id='word_1_127' title='bbox 1622 1473 1931 1530; x_wconf 82' lang='grc' dir='ltr'>παρασκευ-</span> 
     </span>
    </p>
   </div>
   <div class='ocr_carea' id='block_1_18' title="bbox 273 1539 1934 1622">
    <p class='ocr_par' dir='ltr' id='par_1_18' title="bbox 273 1539 1934 1622">
     <span class='ocr_line' id='line_1_18' title="bbox 273 1539 1934 1622; baseline -0.001 -23"><span class='ocrx_word' id='word_1_128' title='bbox 273 1543 390 1600; x_wconf 76' lang='grc' dir='ltr'><strong>άσω</strong></span> <span class='ocrx_word' id='word_1_129' title='bbox 450 1542 664 1622; x_wconf 68' lang='grc' dir='ltr'>ψυχὴν,</span> <span class='ocrx_word' id='word_1_130' title='bbox 729 1541 893 1615; x_wconf 60' lang='lat' dir='ltr'><strong>Eine,</strong></span> <span class='ocrx_word' id='word_1_131' title='bbox 952 1541 1049 1598; x_wconf 78' lang='grc' dir='ltr'>καῗ</span> <span class='ocrx_word' id='word_1_132' title='bbox 1107 1539 1172 1608; x_wconf 77' lang='grc' dir='ltr'><strong>δὴ</strong></span> <span class='ocrx_word' id='word_1_133' title='bbox 1225 1541 1362 1597; x_wconf 81' lang='grc' dir='ltr'>κατὰ</span> <span class='ocrx_word' id='word_1_134' title='bbox 1417 1547 1478 1598; x_wconf 89' lang='grc' dir='ltr'>τὸ</span> <span class='ocrx_word' id='word_1_135' title='bbox 1533 1540 1772 1620; x_wconf 78' lang='grc' dir='ltr'>ἀρκτῷον</span> <span class='ocrx_word' id='word_1_136' title='bbox 1835 1541 1934 1608; x_wconf 76' lang='grc' dir='ltr'><strong>ἔξω</strong></span> 
     </span>
    </p>
   </div>
   <div class='ocr_carea' id='block_1_19' title="bbox 271 1629 1933 1712">
    <p class='ocr_par' dir='ltr' id='par_1_19' title="bbox 271 1629 1933 1712">
     <span class='ocr_line' id='line_1_19' title="bbox 271 1629 1933 1712; baseline -0.001 -22"><span class='ocrx_word' id='word_1_137' title='bbox 271 1641 365 1690; x_wconf 76' lang='grc' dir='ltr'>τοῦ</span> <span class='ocrx_word' id='word_1_138' title='bbox 428 1631 638 1694; x_wconf 76' lang='grc' dir='ltr'>ἄστεως</span> <span class='ocrx_word' id='word_1_139' title='bbox 695 1637 796 1699; x_wconf 79' lang='grc' dir='ltr'>τῆς</span> <span class='ocrx_word' id='word_1_140' title='bbox 852 1629 986 1699; x_wconf 81' lang='grc' dir='ltr'>ὓλης</span> <span class='ocrx_word' id='word_1_141' title='bbox 1047 1629 1420 1710; x_wconf 76' lang='grc' dir='ltr'>συλλεγείσης,</span> <span class='ocrx_word' id='word_1_142' title='bbox 1480 1631 1566 1688; x_wconf 76' lang='grc' dir='ltr'>ἐπὶ</span> <span class='ocrx_word' id='word_1_143' title='bbox 1618 1632 1717 1700; x_wconf 75' lang='grc' dir='ltr'>τὴν</span> <span class='ocrx_word' id='word_1_144' title='bbox 1765 1637 1933 1712; x_wconf 77' lang='grc' dir='ltr'>πυρὰν</span> 
     </span>
    </p>
   </div>
   <div class='ocr_carea' id='block_1_20' title="bbox 271 1719 1930 1800">
    <p class='ocr_par' dir='ltr' id='par_1_20' title="bbox 271 1719 1930 1800">
     <span class='ocr_line' id='line_1_20' title="bbox 271 1719 1930 1800; baseline -0.001 -20"><span class='ocrx_word' id='word_1_145' title='bbox 271 1722 464 1800; x_wconf 72' lang='grc' dir='ltr'>ἤγετο,</span> <span class='ocrx_word' id='word_1_146' title='bbox 517 1721 789 1796; x_wconf 77' lang='grc' dir='ltr'><strong>ἑπομένης</strong></span> <span class='ocrx_word' id='word_1_147' title='bbox 844 1720 944 1797; x_wconf 80' lang='grc' dir='ltr'>μὲν</span> <span class='ocrx_word' id='word_1_148' title='bbox 1000 1719 1100 1788; x_wconf 76' lang='grc' dir='ltr'><strong>τῆς</strong></span> <span class='ocrx_word' id='word_1_149' title='bbox 1153 1721 1380 1798; x_wconf 74' lang='grc' dir='ltr'>μητρὸς,</span> <span class='ocrx_word' id='word_1_150' title='bbox 1415 1719 1693 1796; x_wconf 78' lang='grc' dir='ltr'>ἑπομένων</span> <span class='ocrx_word' id='word_1_151' title='bbox 1743 1719 1798 1777; x_wconf 80' lang='grc' dir='ltr'>δὲ</span> <span class='ocrx_word' id='word_1_152' title='bbox 1844 1724 1930 1780; x_wconf 81' lang='grc' dir='ltr'>καὶ</span> 
     </span>
    </p>
   </div>
   <div class='ocr_carea' id='block_1_21' title="bbox 280 1804 1929 1891">
    <p class='ocr_par' dir='ltr' id='par_1_21' title="bbox 280 1804 1929 1891">
     <span class='ocr_line' id='line_1_21' title="bbox 280 1804 1929 1891; baseline 0.001 -23"><span class='ocrx_word' id='word_1_153' title='bbox 280 1814 382 1870; x_wconf 73' lang='grc' dir='ltr'><strong>τῶν</strong></span> <span class='ocrx_word' id='word_1_154' title='bbox 440 1811 621 1878; x_wconf 76' lang='grc' dir='ltr'>ἄλλως</span> <span class='ocrx_word' id='word_1_155' title='bbox 676 1811 821 1887; x_wconf 68' lang='grc' dir='ltr'>αὐτῷ</span> <span class='ocrx_word' id='word_1_156' title='bbox 877 1809 1257 1891; x_wconf 77' lang='grc' dir='ltr'><strong>προσηκόντων</strong></span> <span class='ocrx_word' id='word_1_157' title='bbox 1311 1811 1444 1868; x_wconf 76' lang='grc' dir='ltr'>κατὰ</span> <span class='ocrx_word' id='word_1_158' title='bbox 1491 1810 1824 1890; x_wconf 73' lang='grc' dir='ltr'>συγγένειαν.</span> <span class='ocrx_word' id='word_1_159' title='bbox 1873 1804 1929 1869; x_wconf 68' lang='grc' dir='ltr'><strong>Ὀ</strong></span> 
     </span>
    </p>
   </div>
   <div class='ocr_carea' id='block_1_22' title="bbox 286 1887 1994 1980">
    <p class='ocr_par' dir='ltr' id='par_1_22' title="bbox 286 1887 1994 1980">
     <span class='ocr_line' id='line_1_22' title="bbox 286 1887 1994 1980; baseline -0.002 -20"><span class='ocrx_word' id='word_1_160' title='bbox 286 1901 342 1960; x_wconf 67' lang='grc' dir='ltr'>δὲ</span> <span class='ocrx_word' id='word_1_161' title='bbox 411 1904 544 1979; x_wconf 79' lang='grc' dir='ltr'>μετᾶ</span> <span class='ocrx_word' id='word_1_162' title='bbox 611 1904 672 1958; x_wconf 79' lang='grc' dir='ltr'><strong>τὸ</strong></span> <span class='ocrx_word' id='word_1_163' title='bbox 744 1887 1128 1980; x_wconf 78' lang='grc' dir='ltr'>προσεόξασθαι</span> <span class='ocrx_word' id='word_1_164' title='bbox 1193 1901 1280 1956; x_wconf 81' lang='grc' dir='ltr'><strong>καὶ</strong></span> <span class='ocrx_word' id='word_1_165' title='bbox 1351 1900 1554 1964; x_wconf 82' lang='grc' dir='ltr'>πάντας</span> <span class='ocrx_word' id='word_1_166' title='bbox 1614 1899 1928 1980; x_wconf 66' lang='grc' dir='ltr'>εὐλογῆσαι,</span> <span class='ocrx_word' id='word_1_167' title='bbox 1956 1887 1994 1938; x_wconf 75' lang='grc' dir='ltr'><strong><em>Β</em></strong></span> 
     </span>
    </p>
   </div>
   <div class='ocr_carea' id='block_1_23' title="bbox 279 1988 1936 2070">
    <p class='ocr_par' dir='ltr' id='par_1_23' title="bbox 279 1988 1936 2070">
     <span class='ocr_line' id='line_1_23' title="bbox 279 1988 1936 2070; baseline -0.001 -21"><span class='ocrx_word' id='word_1_168' title='bbox 279 1990 595 2069; x_wconf 78' lang='grc' dir='ltr'>μεταδοῦναι</span> <span class='ocrx_word' id='word_1_169' title='bbox 651 1990 707 2048; x_wconf 74' lang='grc' dir='ltr'>δὲ</span> <span class='ocrx_word' id='word_1_170' title='bbox 763 1992 850 2049; x_wconf 82' lang='grc' dir='ltr'>καὶ</span> <span class='ocrx_word' id='word_1_171' title='bbox 900 1998 993 2048; x_wconf 75' lang='grc' dir='ltr'>τοῦ</span> <span class='ocrx_word' id='word_1_172' title='bbox 1041 1991 1096 2047; x_wconf 72' lang='grc' dir='ltr'>ἒν</span> <span class='ocrx_word' id='word_1_173' title='bbox 1140 1991 1310 2068; x_wconf 77' lang='grc' dir='ltr'>Κυρίῳ</span> <span class='ocrx_word' id='word_1_174' title='bbox 1354 1988 1677 2070; x_wconf 77' lang='grc' dir='ltr'>φιλὴματος,</span> <span class='ocrx_word' id='word_1_175' title='bbox 1753 1990 1936 2061; x_wconf 73' lang='grc' dir='ltr'>ἐπειδὴ</span> 
     </span>
    </p>
   </div>
   <div class='ocr_carea' id='block_1_24' title="bbox 271 2080 1930 2161">
    <p class='ocr_par' dir='ltr' id='par_1_24' title="bbox 271 2080 1930 2161">
     <span class='ocr_line' id='line_1_24' title="bbox 271 2080 1930 2161; baseline -0.001 -24"><span class='ocrx_word' id='word_1_176' title='bbox 271 2083 373 2151; x_wconf 79' lang='grc' dir='ltr'>τήν</span> <span class='ocrx_word' id='word_1_177' title='bbox 402 2081 536 2148; x_wconf 68' lang='grc' dir='ltr'>ὅλην</span> <span class='ocrx_word' id='word_1_178' title='bbox 567 2084 614 2140; x_wconf 71' lang='grc' dir='ltr'>οἱ</span> <span class='ocrx_word' id='word_1_179' title='bbox 659 2082 794 2161; x_wconf 79' lang='grc' dir='ltr'>πρὸς</span> <span class='ocrx_word' id='word_1_180' title='bbox 843 2081 912 2138; x_wconf 81' lang='grc' dir='ltr'><strong>τὰ</strong></span> <span class='ocrx_word' id='word_1_181' title='bbox 968 2089 1194 2140; x_wconf 76' lang='grc' dir='ltr'>τοιαῦτα</span> <span class='ocrx_word' id='word_1_182' title='bbox 1249 2081 1635 2158; x_wconf 78' lang='grc' dir='ltr'>ὑπηρετοῦντες</span> <span class='ocrx_word' id='word_1_183' title='bbox 1694 2080 1930 2156; x_wconf 75' lang='grc' dir='ltr'>ἀνῆψαν,</span> 
     </span>
    </p>
   </div>
   <div class='ocr_carea' id='block_1_25' title="bbox 267 2168 1926 2250">
    <p class='ocr_par' dir='ltr' id='par_1_25' title="bbox 267 2168 1926 2250">
     <span class='ocr_line' id='line_1_25' title="bbox 267 2168 1926 2250; baseline -0.003 -20"><span class='ocrx_word' id='word_1_184' title='bbox 267 2171 601 2250; x_wconf 67' lang='grc' dir='ltr'>ἐμϐάλλεται</span> <span class='ocrx_word' id='word_1_185' title='bbox 659 2178 737 2247; x_wconf 83' lang='grc' dir='ltr'><strong>τῷ</strong></span> <span class='ocrx_word' id='word_1_186' title='bbox 793 2171 938 2246; x_wconf 75' lang='grc' dir='ltr'>πυρὶ,</span> <span class='ocrx_word' id='word_1_187' title='bbox 987 2168 1170 2249; x_wconf 76' lang='grc' dir='ltr'>διάρας</span> <span class='ocrx_word' id='word_1_188' title='bbox 1227 2191 1286 2227; x_wconf 90' lang='grc' dir='ltr'><strong>τε</strong></span> <span class='ocrx_word' id='word_1_189' title='bbox 1343 2171 1402 2227; x_wconf 82' lang='grc' dir='ltr'><strong>τὸ</strong></span> <span class='ocrx_word' id='word_1_190' title='bbox 1458 2168 1633 2246; x_wconf 81' lang='grc' dir='ltr'><strong>στόμα</strong></span> <span class='ocrx_word' id='word_1_191' title='bbox 1685 2171 1772 2227; x_wconf 83' lang='grc' dir='ltr'>καὶ</span> <span class='ocrx_word' id='word_1_192' title='bbox 1828 2171 1926 2238; x_wconf 78' lang='grc' dir='ltr'><strong>τὴν</strong></span> 
     </span>
    </p>
   </div>
   <div class='ocr_carea' id='block_1_26' title="bbox 264 2258 1924 2343">
    <p class='ocr_par' dir='ltr' id='par_1_26' title="bbox 264 2258 1924 2343">
     <span class='ocr_line' id='line_1_26' title="bbox 264 2258 1924 2343; baseline -0.002 -24"><span class='ocrx_word' id='word_1_193' title='bbox 264 2265 443 2343; x_wconf 62' lang='grc' dir='ltr'>φλόγα</span> <span class='ocrx_word' id='word_1_194' title='bbox 471 2260 758 2337; x_wconf 67' lang='grc' dir='ltr'>δεξέμενος</span> <span class='ocrx_word' id='word_1_195' title='bbox 817 2268 895 2335; x_wconf 81' lang='grc' dir='ltr'>τῷ</span> <span class='ocrx_word' id='word_1_196' title='bbox 951 2258 1200 2318; x_wconf 79' lang='grc' dir='ltr'><strong>δεδωκότι</strong></span> <span class='ocrx_word' id='word_1_197' title='bbox 1262 2261 1323 2318; x_wconf 81' lang='grc' dir='ltr'>τὸ</span> <span class='ocrx_word' id='word_1_198' title='bbox 1382 2268 1588 2337; x_wconf 84' lang='grc' dir='ltr'>πνεῦμα</span> <span class='ocrx_word' id='word_1_199' title='bbox 1645 2259 1924 2340; x_wconf 75' lang='grc' dir='ltr'><strong>παρέθετο,</strong></span> 
     </span>
    </p>
   </div>
   <div class='ocr_carea' id='block_1_27' title="bbox 266 2351 1928 2431">
    <p class='ocr_par' dir='ltr' id='par_1_27' title="bbox 266 2351 1928 2431">
     <span class='ocr_line' id='line_1_27' title="bbox 266 2351 1928 2431; baseline -0.002 -20"><span class='ocrx_word' id='word_1_200' title='bbox 266 2357 403 2411; x_wconf 79' lang='grc' dir='ltr'>Εἶτα</span> <span class='ocrx_word' id='word_1_201' title='bbox 461 2362 558 2412; x_wconf 78' lang='grc' dir='ltr'>τοῦ</span> <span class='ocrx_word' id='word_1_202' title='bbox 627 2354 790 2431; x_wconf 83' lang='grc' dir='ltr'>πυρὸς</span> <span class='ocrx_word' id='word_1_203' title='bbox 859 2355 977 2408; x_wconf 78' lang='grc' dir='ltr'>οἷον</span> <span class='ocrx_word' id='word_1_204' title='bbox 1047 2351 1357 2431; x_wconf 71' lang='grc' dir='ltr'>ῥαΐσαντος,</span> <span class='ocrx_word' id='word_1_205' title='bbox 1445 2353 1493 2407; x_wconf 74' lang='grc' dir='ltr'>οἱ</span> <span class='ocrx_word' id='word_1_206' title='bbox 1564 2353 1928 2429; x_wconf 77' lang='grc' dir='ltr'>προσήκοντες</span> 
     </span>
    </p>
   </div>
   <div class='ocr_carea' id='block_1_28' title="bbox 266 2439 1926 2520">
    <p class='ocr_par' dir='ltr' id='par_1_28' title="bbox 266 2439 1926 2520">
     <span class='ocr_line' id='line_1_28' title="bbox 266 2439 1926 2520; baseline -0.002 -20"><span class='ocrx_word' id='word_1_207' title='bbox 266 2444 461 2511; x_wconf 69' lang='grc' dir='ltr'>ὀθόνην</span> <span class='ocrx_word' id='word_1_208' title='bbox 493 2444 641 2516; x_wconf 79' lang='grc' dir='ltr'><strong>αὖτῷ</strong></span> <span class='ocrx_word' id='word_1_209' title='bbox 693 2440 963 2510; x_wconf 72' lang='grc' dir='ltr'>πολυτελῆ</span> <span class='ocrx_word' id='word_1_210' title='bbox 1019 2439 1355 2520; x_wconf 85' lang='grc' dir='ltr'>περιέϐαλον,</span> <span class='ocrx_word' id='word_1_211' title='bbox 1416 2441 1602 2520; x_wconf 77' lang='grc' dir='ltr'>μύροις</span> <span class='ocrx_word' id='word_1_212' title='bbox 1657 2462 1714 2499; x_wconf 92' lang='grc' dir='ltr'><strong>τε</strong></span> <span class='ocrx_word' id='word_1_213' title='bbox 1772 2439 1926 2509; x_wconf 71' lang='grc' dir='ltr'>ἤλει-</span> 
     </span>
    </p>
   </div>
   <div class='ocr_carea' id='block_1_29' title="bbox 265 2529 1927 2610">
    <p class='ocr_par' dir='ltr' id='par_1_29' title="bbox 265 2529 1927 2610">
     <span class='ocr_line' id='line_1_29' title="bbox 265 2529 1927 2610; baseline -0.002 -20"><span class='ocrx_word' id='word_1_214' title='bbox 265 2539 369 2610; x_wconf 67' lang='grc' dir='ltr'>ψαν</span> <span class='ocrx_word' id='word_1_215' title='bbox 400 2532 496 2590; x_wconf 76' lang='grc' dir='ltr'><strong>καὶ</strong></span> <span class='ocrx_word' id='word_1_216' title='bbox 522 2530 772 2608; x_wconf 80' lang='grc' dir='ltr'>ψαλμοὺς</span> <span class='ocrx_word' id='word_1_217' title='bbox 803 2532 890 2589; x_wconf 78' lang='grc' dir='ltr'>καὶ</span> <span class='ocrx_word' id='word_1_218' title='bbox 917 2531 1114 2606; x_wconf 75' lang='grc' dir='ltr'>ὕμνους</span> <span class='ocrx_word' id='word_1_219' title='bbox 1173 2532 1247 2595; x_wconf 81' lang='grc' dir='ltr'>ὡς</span> <span class='ocrx_word' id='word_1_220' title='bbox 1304 2531 1577 2610; x_wconf 71' lang='grc' dir='ltr'>προσῆκον</span> <span class='ocrx_word' id='word_1_221' title='bbox 1635 2531 1704 2600; x_wconf 76' lang='grc' dir='ltr'><strong>ἦν</strong></span> <span class='ocrx_word' id='word_1_222' title='bbox 1757 2529 1927 2604; x_wconf 68' lang='grc' dir='ltr'>ᾅσαν-</span> 
     </span>
    </p>
   </div>
   <div class='ocr_carea' id='block_1_30' title="bbox 267 2619 1929 2700">
    <p class='ocr_par' dir='ltr' id='par_1_30' title="bbox 267 2619 1929 2700">
     <span class='ocr_line' id='line_1_30' title="bbox 267 2619 1929 2700; baseline -0.001 -21"><span class='ocrx_word' id='word_1_223' title='bbox 267 2646 346 2688; x_wconf 85' lang='grc' dir='ltr'><strong>τες</strong></span> <span class='ocrx_word' id='word_1_224' title='bbox 433 2623 586 2698; x_wconf 75' lang='grc' dir='ltr'>παρὰ</span> <span class='ocrx_word' id='word_1_225' title='bbox 658 2627 922 2697; x_wconf 85' lang='grc' dir='ltr'>Σαμωνᾶν</span> <span class='ocrx_word' id='word_1_226' title='bbox 993 2619 1089 2678; x_wconf 77' lang='grc' dir='ltr'>καί</span> <span class='ocrx_word' id='word_1_227' title='bbox 1159 2626 1375 2700; x_wconf 80' lang='grc' dir='ltr'>Γουρίαν</span> <span class='ocrx_word' id='word_1_228' title='bbox 1463 2619 1769 2697; x_wconf 65' lang='grc' dir='ltr'>κατέθεντο,</span> <span class='ocrx_word' id='word_1_229' title='bbox 1856 2623 1929 2687; x_wconf 76' lang='grc' dir='ltr'>εἷς</span> 
     </span>
    </p>
   </div>
   <div class='ocr_carea' id='block_1_31' title="bbox 267 2710 1927 2792">
    <p class='ocr_par' dir='ltr' id='par_1_31' title="bbox 267 2710 1927 2792">
     <span class='ocr_line' id='line_1_31' title="bbox 267 2710 1927 2792; baseline -0.001 -22"><span class='ocrx_word' id='word_1_230' title='bbox 267 2711 416 2779; x_wconf 76' lang='grc' dir='ltr'>δόξαν</span> <span class='ocrx_word' id='word_1_231' title='bbox 505 2712 741 2791; x_wconf 79' lang='grc' dir='ltr'>Πατρὸς,</span> <span class='ocrx_word' id='word_1_232' title='bbox 823 2712 956 2770; x_wconf 80' lang='grc' dir='ltr'><strong>ι’ίοῦ</strong></span> <span class='ocrx_word' id='word_1_233' title='bbox 1039 2710 1136 2768; x_wconf 73' lang='grc' dir='ltr'>καί</span> <span class='ocrx_word' id='word_1_234' title='bbox 1205 2711 1355 2790; x_wconf 82' lang='grc' dir='ltr'>ἁγίου</span> <span class='ocrx_word' id='word_1_235' title='bbox 1426 2711 1756 2792; x_wconf 80' lang='grc' dir='ltr'>Πνεόματος,</span> <span class='ocrx_word' id='word_1_236' title='bbox 1829 2712 1927 2780; x_wconf 72' lang='grc' dir='ltr'><strong>τῆς</strong></span> 
     </span>
    </p>
   </div>
   <div class='ocr_carea' id='block_1_32' title="bbox 266 2794 1929 2882">
    <p class='ocr_par' dir='ltr' id='par_1_32' title="bbox 266 2794 1929 2882">
     <span class='ocr_line' id='line_1_32' title="bbox 266 2794 1929 2882; baseline -0.001 -23"><span class='ocrx_word' id='word_1_237' title='bbox 266 2804 405 2867; x_wconf 79' lang='grc' dir='ltr'>θείας</span> <span class='ocrx_word' id='word_1_238' title='bbox 469 2802 561 2859; x_wconf 77' lang='grc' dir='ltr'>καὶ</span> <span class='ocrx_word' id='word_1_239' title='bbox 621 2798 1217 2882; x_wconf 47' lang='grc' dir='ltr'>ἀδιαιρέτου-Τριάδος,</span> <span class='ocrx_word' id='word_1_240' title='bbox 1277 2803 1314 2878; x_wconf 74' lang='grc' dir='ltr'><strong>ᾗ</strong></span> <span class='ocrx_word' id='word_1_241' title='bbox 1376 2800 1563 2872; x_wconf 84' lang='grc' dir='ltr'>πρέπει</span> <span class='ocrx_word' id='word_1_242' title='bbox 1636 2801 1770 2877; x_wconf 65' lang='grc' dir='ltr'>τιμὴ</span> <span class='ocrx_word' id='word_1_243' title='bbox 1840 2794 1929 2858; x_wconf 75' lang='grc' dir='ltr'>καὶ</span> 
     </span>
    </p>
   </div>
   <div class='ocr_carea' id='block_1_33' title="bbox 266 2890 1926 2968">
    <p class='ocr_par' dir='ltr' id='par_1_33' title="bbox 266 2890 1926 2968">
     <span class='ocr_line' id='line_1_33' title="bbox 266 2890 1926 2968; baseline -0.001 -18"><span class='ocrx_word' id='word_1_244' title='bbox 266 2892 636 2968; x_wconf 72' lang='grc' dir='ltr'>πρωκύνησις</span> <span class='ocrx_word' id='word_1_245' title='bbox 691 2898 780 2947; x_wconf 77' lang='grc' dir='ltr'>νῦν</span> <span class='ocrx_word' id='word_1_246' title='bbox 834 2890 922 2947; x_wconf 80' lang='grc' dir='ltr'>καὶ</span> <span class='ocrx_word' id='word_1_247' title='bbox 980 2892 1053 2955; x_wconf 83' lang='grc' dir='ltr'>εἷς</span> <span class='ocrx_word' id='word_1_248' title='bbox 1111 2890 1232 2954; x_wconf 79' lang='grc' dir='ltr'>τοὺς</span> <span class='ocrx_word' id='word_1_249' title='bbox 1293 2891 1484 2957; x_wconf 70' lang='grc' dir='ltr'>αἰῶνας</span> <span class='ocrx_word' id='word_1_250' title='bbox 1541 2895 1648 2947; x_wconf 83' lang='grc' dir='ltr'>τῶν</span> <span class='ocrx_word' id='word_1_251' title='bbox 1698 2890 1926 2948; x_wconf 70' lang='grc' dir='ltr'><strong>αἰώνων.</strong></span> 
     </span>
    </p>
   </div>
   <div class='ocr_carea' id='block_1_34' title="bbox 261 2979 1926 3062">
    <p class='ocr_par' dir='ltr' id='par_1_34' title="bbox 261 2979 1926 3062">
     <span class='ocr_line' id='line_1_34' title="bbox 261 2979 1926 3062; baseline -0.001 -20"><span class='ocrx_word' id='word_1_252' title='bbox 261 2983 466 3060; x_wconf 70' lang='grc' dir='ltr'>Ἀμὴν.</span> <span class='ocrx_word' id='word_1_253' title='bbox 537 2980 645 3062; x_wconf 72' lang='grc'><strong>[(1)</strong></span> <span class='ocrx_word' id='word_1_254' title='bbox 705 2981 778 3040; x_wconf 81' lang='grc' dir='ltr'><strong>Τὸ</strong></span> <span class='ocrx_word' id='word_1_255' title='bbox 834 2981 954 3059; x_wconf 84' lang='grc' dir='ltr'>περὶ</span> <span class='ocrx_word' id='word_1_256' title='bbox 1002 2981 1101 3049; x_wconf 76' lang='grc' dir='ltr'>τὴν</span> <span class='ocrx_word' id='word_1_257' title='bbox 1134 2979 1330 3060; x_wconf 81' lang='grc' dir='ltr'>Κέρνη,</span> <span class='ocrx_word' id='word_1_258' title='bbox 1363 2983 1536 3055; x_wconf 76' lang='grc' dir='ltr'>θαῦμα</span> <span class='ocrx_word' id='word_1_259' title='bbox 1565 2980 1672 3037; x_wconf 83' lang='grc' dir='ltr'><strong>τῶν</strong></span> <span class='ocrx_word' id='word_1_260' title='bbox 1703 2980 1926 3061; x_wconf 79' lang='grc' dir='ltr'>ἁγιων.]</span> 
     </span>
    </p>
   </div>
   <div class='ocr_carea' id='block_1_35' title="bbox 259 3068 1929 3148">
    <p class='ocr_par' dir='ltr' id='par_1_35' title="bbox 259 3068 1929 3148">
     <span class='ocr_line' id='line_1_35' title="bbox 259 3068 1929 3148; baseline -0.003 -17"><span class='ocrx_word' id='word_1_261' title='bbox 259 3081 522 3134; x_wconf 74' lang='grc' dir='ltr'>Τοιοῦτον</span> <span class='ocrx_word' id='word_1_262' title='bbox 580 3071 680 3148; x_wconf 76' lang='grc' dir='ltr'>μὲν</span> <span class='ocrx_word' id='word_1_263' title='bbox 749 3069 814 3139; x_wconf 77' lang='grc' dir='ltr'>δὴ</span> <span class='ocrx_word' id='word_1_264' title='bbox 845 3073 934 3128; x_wconf 75' lang='grc' dir='ltr'><strong>καὶ</strong></span> <span class='ocrx_word' id='word_1_265' title='bbox 998 3071 1027 3128; x_wconf 79' lang='grc' dir='ltr'><strong>δ</strong></span> <span class='ocrx_word' id='word_1_266' title='bbox 1099 3069 1295 3147; x_wconf 78' lang='grc' dir='ltr'>μάρτυς</span> <span class='ocrx_word' id='word_1_267' title='bbox 1368 3068 1605 3131; x_wconf 85' lang='grc' dir='ltr'>’¹Αϐιϐος</span> <span class='ocrx_word' id='word_1_268' title='bbox 1677 3072 1764 3127; x_wconf 69' lang='grc' dir='ltr'>ἒπὶ</span> <span class='ocrx_word' id='word_1_269' title='bbox 1821 3076 1929 3126; x_wconf 84' lang='grc' dir='ltr'>τῶν</span> 
     </span>
    </p>
   </div>
   <div class='ocr_carea' id='block_1_36' title="bbox 2021 1000 3672 1093">
    <p class='ocr_par' dir='ltr' id='par_1_36' title="bbox 2021 1000 3672 1093">
     <span class='ocr_line' id='line_1_36' title="bbox 2021 1000 3672 1093; baseline 0.008 -30"><span class='ocrx_word' id='word_1_270' title='bbox 2021 1000 2336 1067; x_wconf 84' lang='lat' dir='ltr'><strong>blandiens</strong></span> <span class='ocrx_word' id='word_1_271' title='bbox 2366 1019 2426 1069; x_wconf 87' lang='lat' dir='ltr'><strong>et</strong></span> <span class='ocrx_word' id='word_1_272' title='bbox 2453 1008 2696 1071; x_wconf 91' lang='lat' dir='ltr'><strong>subiens</strong></span> <span class='ocrx_word' id='word_1_273' title='bbox 2750 1028 3064 1090; x_wconf 85' lang='lat' dir='ltr'><strong>personam</strong></span> <span class='ocrx_word' id='word_1_274' title='bbox 3127 1000 3458 1093; x_wconf 55' lang='lat' dir='ltr'><strong>patientiae;</strong></span> <span class='ocrx_word' id='word_1_275' title='bbox 3509 1033 3672 1077; x_wconf 90' lang='lat' dir='ltr'><strong>nunc</strong></span> 
     </span>
    </p>
   </div>
   <div class='ocr_carea' id='block_1_37' title="bbox 2016 1094 3669 1181">
    <p class='ocr_par' dir='ltr' id='par_1_37' title="bbox 2016 1094 3669 1181">
     <span class='ocr_line' id='line_1_37' title="bbox 2016 1094 3669 1181; baseline 0.008 -29"><span class='ocrx_word' id='word_1_276' title='bbox 2016 1109 2157 1154; x_wconf 88' lang='lat' dir='ltr'><strong>vero</strong></span> <span class='ocrx_word' id='word_1_277' title='bbox 2191 1094 2422 1156; x_wconf 84' lang='lat' dir='ltr'><strong>minans</strong></span> <span class='ocrx_word' id='word_1_278' title='bbox 2471 1103 2528 1158; x_wconf 84' lang='lat' dir='ltr'><strong>et</strong></span> <span class='ocrx_word' id='word_1_279' title='bbox 2574 1097 2851 1161; x_wconf 84' lang='lat' dir='ltr'><strong>acerbam</strong></span> <span class='ocrx_word' id='word_1_280' title='bbox 2912 1100 2966 1162; x_wconf 94' lang='lat' dir='ltr'><strong>ei</strong></span> <span class='ocrx_word' id='word_1_281' title='bbox 3025 1108 3279 1164; x_wconf 88' lang='lat' dir='ltr'><strong>mortem</strong></span> <span class='ocrx_word' id='word_1_282' title='bbox 3340 1102 3669 1181; x_wconf 74' lang='lat' dir='ltr'><strong>intentans,</strong></span> 
     </span>
    </p>
   </div>
   <div class='ocr_carea' id='block_1_38' title="bbox 2019 1182 3670 1257">
    <p class='ocr_par' dir='ltr' id='par_1_38' title="bbox 2019 1182 3670 1257">
     <span class='ocr_line' id='line_1_38' title="bbox 2019 1182 3670 1257; baseline 0.008 -15"><span class='ocrx_word' id='word_1_283' title='bbox 2019 1182 2216 1244; x_wconf 88' lang='lat' dir='ltr'><strong>neutri</strong></span> <span class='ocrx_word' id='word_1_284' title='bbox 2276 1202 2484 1246; x_wconf 87' lang='lat' dir='ltr'><strong>eorum</strong></span> <span class='ocrx_word' id='word_1_285' title='bbox 2550 1205 2685 1248; x_wconf 91' lang='lat' dir='ltr'><strong>eum</strong></span> <span class='ocrx_word' id='word_1_286' title='bbox 2749 1188 2978 1251; x_wconf 85' lang='lat' dir='ltr'><strong>videret</strong></span> <span class='ocrx_word' id='word_1_287' title='bbox 3034 1189 3290 1255; x_wconf 77' lang='lat' dir='ltr'><strong>cedere:</strong></span> <span class='ocrx_word' id='word_1_288' title='bbox 3355 1196 3492 1257; x_wconf 92' lang='lat' dir='ltr'><strong>Non</strong></span> <span class='ocrx_word' id='word_1_289' title='bbox 3565 1194 3670 1256; x_wconf 88' lang='lat' dir='ltr'><strong>tibi</strong></span> 
     </span>
    </p>
   </div>
   <div class='ocr_carea' id='block_1_39' title="bbox 2018 1271 3668 1360">
    <p class='ocr_par' dir='ltr' id='par_1_39' title="bbox 2018 1271 3668 1360">
     <span class='ocr_line' id='line_1_39' title="bbox 2018 1271 3668 1360; baseline 0.007 -29"><span class='ocrx_word' id='word_1_290' title='bbox 2018 1271 2398 1352; x_wconf 88' lang='lat' dir='ltr'><strong>repentinum</strong></span> <span class='ocrx_word' id='word_1_291' title='bbox 2428 1284 2488 1338; x_wconf 91' lang='lat' dir='ltr'><strong>et</strong></span> <span class='ocrx_word' id='word_1_292' title='bbox 2519 1284 2702 1338; x_wconf 93' lang='lat' dir='ltr'><strong>totum</strong></span> <span class='ocrx_word' id='word_1_293' title='bbox 2749 1277 2925 1340; x_wconf 89' lang='lat' dir='ltr'><strong>simul</strong></span> <span class='ocrx_word' id='word_1_294' title='bbox 2981 1279 3113 1341; x_wconf 63' lang='lat' dir='ltr'><strong>vitae</strong></span> <span class='ocrx_word' id='word_1_295' title='bbox 3163 1280 3345 1343; x_wconf 84' lang='lat' dir='ltr'><strong>tinem</strong></span> <span class='ocrx_word' id='word_1_296' title='bbox 3395 1283 3668 1360; x_wconf 79' lang='lat' dir='ltr'><strong>aﬂ‘eram,</strong></span> 
     </span>
    </p>
   </div>
   <div class='ocr_carea' id='block_1_40' title="bbox 2017 1362 3667 1452">
    <p class='ocr_par' dir='ltr' id='par_1_40' title="bbox 2017 1362 3667 1452">
     <span class='ocr_line' id='line_1_40' title="bbox 2017 1362 3667 1452; baseline 0.008 -30"><span class='ocrx_word' id='word_1_297' title='bbox 2017 1362 2375 1424; x_wconf 83' lang='lat' dir='ltr'><strong>sententiam</strong></span> <span class='ocrx_word' id='word_1_298' title='bbox 2405 1365 2458 1426; x_wconf 91' lang='lat' dir='ltr'><strong>ei</strong></span> <span class='ocrx_word' id='word_1_299' title='bbox 2483 1368 2922 1446; x_wconf 89' lang='lat' dir='ltr'><strong>pronuntiavit:</strong></span> <span class='ocrx_word' id='word_1_300' title='bbox 2949 1369 3056 1430; x_wconf 88' lang='lat' dir='ltr'><strong>sed</strong></span> <span class='ocrx_word' id='word_1_301' title='bbox 3087 1378 3144 1432; x_wconf 88' lang='lat' dir='ltr'><strong>te</strong></span> <span class='ocrx_word' id='word_1_302' title='bbox 3167 1370 3330 1433; x_wconf 90' lang='lat' dir='ltr'><strong>lento</strong></span> <span class='ocrx_word' id='word_1_303' title='bbox 3353 1371 3489 1452; x_wconf 84' lang='lat' dir='ltr'><strong>igne</strong></span> <span class='ocrx_word' id='word_1_304' title='bbox 3519 1392 3667 1452; x_wconf 87' lang='lat' dir='ltr'><strong>pau-</strong></span> 
     </span>
    </p>
   </div>
   <div class='ocr_carea' id='block_1_41' title="bbox 2017 1452 3674 1545">
    <p class='ocr_par' dir='ltr' id='par_1_41' title="bbox 2017 1452 3674 1545">
     <span class='ocr_line' id='line_1_41' title="bbox 2017 1452 3674 1545; baseline 0.008 -31"><span class='ocrx_word' id='word_1_305' title='bbox 2017 1452 2182 1545; x_wconf 78' lang='lat' dir='ltr'><strong>latim</strong></span> <span class='ocrx_word' id='word_1_306' title='bbox 2216 1454 2626 1539; x_wconf 88' lang='lat' dir='ltr'><strong>liquefactum,</strong></span> <span class='ocrx_word' id='word_1_307' title='bbox 2659 1459 2913 1522; x_wconf 86' lang='lat' dir='ltr'><strong>efficiam</strong></span> <span class='ocrx_word' id='word_1_308' title='bbox 2938 1461 3230 1524; x_wconf 89' lang='lat' dir='ltr'><strong>immitem</strong></span> <span class='ocrx_word' id='word_1_309' title='bbox 3248 1471 3307 1523; x_wconf 86' lang='lat' dir='ltr'><strong>et</strong></span> <span class='ocrx_word' id='word_1_310' title='bbox 3328 1463 3674 1545; x_wconf 83' lang='lat' dir='ltr'><strong>implacabi-</strong></span> 
     </span>
    </p>
   </div>
   <div class='ocr_carea' id='block_1_42' title="bbox 2015 1543 3672 1636">
    <p class='ocr_par' dir='ltr' id='par_1_42' title="bbox 2015 1543 3672 1636">
     <span class='ocr_line' id='line_1_42' title="bbox 2015 1543 3672 1636; baseline 0.007 -31"><span class='ocrx_word' id='word_1_311' title='bbox 2015 1543 2134 1605; x_wconf 86' lang='lat' dir='ltr'><strong>lem</strong></span> <span class='ocrx_word' id='word_1_312' title='bbox 2164 1546 2423 1607; x_wconf 89' lang='lat' dir='ltr'><strong>animam</strong></span> <span class='ocrx_word' id='word_1_313' title='bbox 2456 1548 2779 1628; x_wconf 82' lang='lat' dir='ltr'><strong>deponere.</strong></span> <span class='ocrx_word' id='word_1_314' title='bbox 2817 1550 2994 1626; x_wconf 88' lang='lat' dir='ltr'><strong>Dixit,</strong></span> <span class='ocrx_word' id='word_1_315' title='bbox 3029 1560 3087 1612; x_wconf 91' lang='lat' dir='ltr'><strong>et</strong></span> <span class='ocrx_word' id='word_1_316' title='bbox 3118 1570 3254 1614; x_wconf 91' lang='lat' dir='ltr'><strong>cum</strong></span> <span class='ocrx_word' id='word_1_317' title='bbox 3292 1543 3498 1615; x_wconf 82' lang='lat' dir='ltr'><strong>versus</strong></span> <span class='ocrx_word' id='word_1_318' title='bbox 3527 1573 3672 1636; x_wconf 87' lang='lat' dir='ltr'><strong>sep-</strong></span> 
     </span>
    </p>
   </div>
   <div class='ocr_carea' id='block_1_43' title="bbox 2015 1634 3670 1720">
    <p class='ocr_par' dir='ltr' id='par_1_43' title="bbox 2015 1634 3670 1720">
     <span class='ocr_line' id='line_1_43' title="bbox 2015 1634 3670 1720; baseline 0.008 -26"><span class='ocrx_word' id='word_1_319' title='bbox 2015 1634 2379 1696; x_wconf 87' lang='lat' dir='ltr'><strong>tentrionem</strong></span> <span class='ocrx_word' id='word_1_320' title='bbox 2399 1645 2565 1698; x_wconf 82' lang='lat' dir='ltr'><strong>extra</strong></span> <span class='ocrx_word' id='word_1_321' title='bbox 2589 1637 2886 1700; x_wconf 89' lang='lat' dir='ltr'><strong>civitatem</strong></span> <span class='ocrx_word' id='word_1_322' title='bbox 2903 1641 3152 1703; x_wconf 87' lang='lat' dir='ltr'><strong>collecta</strong></span> <span class='ocrx_word' id='word_1_323' title='bbox 3171 1641 3378 1702; x_wconf 80' lang='lat' dir='ltr'><strong>fuisset</strong></span> <span class='ocrx_word' id='word_1_324' title='bbox 3393 1634 3670 1720; x_wconf 84' lang='lat' dir='ltr'><strong>materia,</strong></span> 
     </span>
    </p>
   </div>
   <div class='ocr_carea' id='block_1_44' title="bbox 2016 1723 3672 1814">
    <p class='ocr_par' dir='ltr' id='par_1_44' title="bbox 2016 1723 3672 1814">
     <span class='ocr_line' id='line_1_44' title="bbox 2016 1723 3672 1814; baseline 0.007 -29"><span class='ocrx_word' id='word_1_325' title='bbox 2016 1723 2344 1814; x_wconf 85' lang='lat' dir='ltr'><strong>ducebatur</strong></span> <span class='ocrx_word' id='word_1_326' title='bbox 2367 1726 2444 1788; x_wconf 90' lang='lat' dir='ltr'><strong>ad</strong></span> <span class='ocrx_word' id='word_1_327' title='bbox 2471 1746 2703 1811; x_wconf 89' lang='lat' dir='ltr'><strong>rogum,</strong></span> <span class='ocrx_word' id='word_1_328' title='bbox 2732 1739 3021 1812; x_wconf 89' lang='lat' dir='ltr'><strong>sequente</strong></span> <span class='ocrx_word' id='word_1_329' title='bbox 3045 1731 3288 1814; x_wconf 89' lang='lat' dir='ltr'><strong>quidem</strong></span> <span class='ocrx_word' id='word_1_330' title='bbox 3317 1745 3531 1807; x_wconf 87' lang='lat' dir='ltr'><strong>matre,</strong></span> <span class='ocrx_word' id='word_1_331' title='bbox 3568 1753 3672 1797; x_wconf 88' lang='lat' dir='ltr'><strong>se-</strong></span> 
     </span>
    </p>
   </div>
   <div class='ocr_carea' id='block_1_45' title="bbox 2017 1813 3674 1902">
    <p class='ocr_par' dir='ltr' id='par_1_45' title="bbox 2017 1813 3674 1902">
     <span class='ocr_line' id='line_1_45' title="bbox 2017 1813 3674 1902; baseline 0.008 -28"><span class='ocrx_word' id='word_1_332' title='bbox 2017 1813 2339 1894; x_wconf 86' lang='lat' dir='ltr'><strong>quentibus</strong></span> <span class='ocrx_word' id='word_1_333' title='bbox 2370 1829 2567 1879; x_wconf 86' lang='lat' dir='ltr'><strong>autem</strong></span> <span class='ocrx_word' id='word_1_334' title='bbox 2601 1818 2677 1880; x_wconf 89' lang='lat' dir='ltr'><strong>iis</strong></span> <span class='ocrx_word' id='word_1_335' title='bbox 2707 1838 2976 1900; x_wconf 87' lang='lat' dir='ltr'><strong>quoque,</strong></span> <span class='ocrx_word' id='word_1_336' title='bbox 3011 1813 3108 1900; x_wconf 89' lang='lat' dir='ltr'><strong>qui</strong></span> <span class='ocrx_word' id='word_1_337' title='bbox 3141 1821 3287 1884; x_wconf 89' lang='lat' dir='ltr'><strong>alias</strong></span> <span class='ocrx_word' id='word_1_338' title='bbox 3316 1823 3674 1902; x_wconf 83' lang='lat' dir='ltr'><strong>cognatione</strong></span> 
     </span>
    </p>
   </div>
   <div class='ocr_carea' id='block_1_46' title="bbox 2019 1903 3673 1994">
    <p class='ocr_par' dir='ltr' id='par_1_46' title="bbox 2019 1903 3673 1994">
     <span class='ocr_line' id='line_1_46' title="bbox 2019 1903 3673 1994; baseline 0.008 -30"><span class='ocrx_word' id='word_1_339' title='bbox 2019 1903 2092 1965; x_wconf 90' lang='lat' dir='ltr'><strong>ad</strong></span> <span class='ocrx_word' id='word_1_340' title='bbox 2127 1922 2261 1966; x_wconf 92' lang='lat' dir='ltr'><strong>eum</strong></span> <span class='ocrx_word' id='word_1_341' title='bbox 2293 1907 2647 1970; x_wconf 78' lang='lat' dir='ltr'><strong>attinebant.</strong></span> <span class='ocrx_word' id='word_1_342' title='bbox 2681 1908 2789 1970; x_wconf 90' lang='lat' dir='ltr'><strong>llle</strong></span> <span class='ocrx_word' id='word_1_343' title='bbox 2821 1928 2959 1971; x_wconf 92' lang='lat' dir='ltr'><strong>vero</strong></span> <span class='ocrx_word' id='word_1_344' title='bbox 2996 1920 3304 1992; x_wconf 82' lang='lat' dir='ltr'><strong>postquam</strong></span> <span class='ocrx_word' id='word_1_345' title='bbox 3341 1921 3498 1974; x_wconf 88' lang='lat' dir='ltr'><strong>esset</strong></span> <span class='ocrx_word' id='word_1_346' title='bbox 3529 1932 3673 1994; x_wconf 89' lang='lat' dir='ltr'><strong>pre-</strong></span> 
     </span>
    </p>
   </div>
   <div class='ocr_carea' id='block_1_47' title="bbox 2019 1996 3672 2077">
    <p class='ocr_par' dir='ltr' id='par_1_47' title="bbox 2019 1996 3672 2077">
     <span class='ocr_line' id='line_1_47' title="bbox 2019 1996 3672 2077; baseline 0.005 -19"><span class='ocrx_word' id='word_1_347' title='bbox 2019 2002 2206 2070; x_wconf 89' lang='lat' dir='ltr'><strong>catus,</strong></span> <span class='ocrx_word' id='word_1_348' title='bbox 2266 2003 2324 2058; x_wconf 91' lang='lat' dir='ltr'><strong>et</strong></span> <span class='ocrx_word' id='word_1_349' title='bbox 2373 1996 2780 2060; x_wconf 84' lang='lat' dir='ltr'><strong>benedixisset</strong></span> <span class='ocrx_word' id='word_1_350' title='bbox 2830 2000 3134 2077; x_wconf 83' lang='lat' dir='ltr'><strong>omnibus,</strong></span> <span class='ocrx_word' id='word_1_351' title='bbox 3187 2009 3244 2063; x_wconf 91' lang='lat' dir='ltr'><strong>et</strong></span> <span class='ocrx_word' id='word_1_352' title='bbox 3277 2001 3366 2064; x_wconf 90' lang='lat' dir='ltr'><strong>eis</strong></span> <span class='ocrx_word' id='word_1_353' title='bbox 3395 2003 3672 2066; x_wconf 87' lang='lat' dir='ltr'><strong>osculum</strong></span> 
     </span>
    </p>
   </div>
   <div class='ocr_carea' id='block_1_48' title="bbox 2017 2083 3673 2160">
    <p class='ocr_par' dir='ltr' id='par_1_48' title="bbox 2017 2083 3673 2160">
     <span class='ocr_line' id='line_1_48' title="bbox 2017 2083 3673 2160; baseline 0.005 -14"><span class='ocrx_word' id='word_1_354' title='bbox 2017 2083 2287 2147; x_wconf 87' lang='lat' dir='ltr'><strong>dedisset</strong></span> <span class='ocrx_word' id='word_1_355' title='bbox 2319 2085 2382 2148; x_wconf 85' lang='lat' dir='ltr'><strong>in</strong></span> <span class='ocrx_word' id='word_1_356' title='bbox 2414 2085 2691 2160; x_wconf 85' lang='lat' dir='ltr'><strong>Domino,</strong></span> <span class='ocrx_word' id='word_1_357' title='bbox 2726 2107 2979 2152; x_wconf 87' lang='lat' dir='ltr'><strong>accensa</strong></span> <span class='ocrx_word' id='word_1_358' title='bbox 3007 2099 3204 2152; x_wconf 86' lang='lat' dir='ltr'><strong>autem</strong></span> <span class='ocrx_word' id='word_1_359' title='bbox 3236 2099 3396 2153; x_wconf 89' lang='lat' dir='ltr'><strong>esset</strong></span> <span class='ocrx_word' id='word_1_360' title='bbox 3424 2094 3673 2156; x_wconf 87' lang='lat' dir='ltr'><strong>materia</strong></span> 
     </span>
    </p>
   </div>
   <div class='ocr_carea' id='block_1_49' title="bbox 2017 2173 3665 2262">
    <p class='ocr_par' dir='ltr' id='par_1_49' title="bbox 2017 2173 3665 2262">
     <span class='ocr_line' id='line_1_49' title="bbox 2017 2173 3665 2262; baseline 0.007 -27"><span class='ocrx_word' id='word_1_361' title='bbox 2017 2173 2090 2236; x_wconf 89' lang='lat' dir='ltr'><strong>ab</strong></span> <span class='ocrx_word' id='word_1_362' title='bbox 2121 2173 2197 2236; x_wconf 93' lang='lat' dir='ltr'><strong>iis</strong></span> <span class='ocrx_word' id='word_1_363' title='bbox 2227 2175 2328 2257; x_wconf 88' lang='lat' dir='ltr'><strong>qui</strong></span> <span class='ocrx_word' id='word_1_364' title='bbox 2357 2176 2432 2237; x_wconf 90' lang='lat' dir='ltr'><strong>ad</strong></span> <span class='ocrx_word' id='word_1_365' title='bbox 2467 2176 2525 2239; x_wconf 93' lang='lat' dir='ltr'><strong>id</strong></span> <span class='ocrx_word' id='word_1_366' title='bbox 2562 2179 2926 2261; x_wconf 73' lang='lat' dir='ltr'><strong>serviebant,</strong></span> <span class='ocrx_word' id='word_1_367' title='bbox 2982 2179 3042 2241; x_wconf 90' lang='lat' dir='ltr'><strong>in</strong></span> <span class='ocrx_word' id='word_1_368' title='bbox 3101 2179 3300 2258; x_wconf 81' lang='lat' dir='ltr'><strong>ignem</strong></span> <span class='ocrx_word' id='word_1_369' title='bbox 3359 2181 3665 2262; x_wconf 89' lang='lat' dir='ltr'><strong>injicitur:</strong></span> 
     </span>
    </p>
   </div>
   <div class='ocr_carea' id='block_1_50' title="bbox 2011 2268 3668 2354">
    <p class='ocr_par' dir='ltr' id='par_1_50' title="bbox 2011 2268 3668 2354">
     <span class='ocr_line' id='line_1_50' title="bbox 2011 2268 3668 2354; baseline 0.006 -30"><span class='ocrx_word' id='word_1_370' title='bbox 2011 2270 2070 2325; x_wconf 88' lang='lat' dir='ltr'><strong>et</strong></span> <span class='ocrx_word' id='word_1_371' title='bbox 2101 2273 2476 2354; x_wconf 5' lang='lat' dir='ltr'><strong>cumgaperto</strong></span> <span class='ocrx_word' id='word_1_372' title='bbox 2502 2285 2606 2328; x_wconf 89' lang='lat' dir='ltr'><strong>ore</strong></span> <span class='ocrx_word' id='word_1_373' title='bbox 2633 2269 2671 2328; x_wconf 88' lang='lat' dir='ltr'><strong>tl</strong></span> <span class='ocrx_word' id='word_1_374' title='bbox 2693 2287 2934 2330; x_wconf 63' lang='lat' dir='ltr'><strong>immam</strong></span> <span class='ocrx_word' id='word_1_375' title='bbox 2959 2268 3477 2352; x_wconf 82' lang='lat' dir='ltr'><strong>accepisset,apud</strong></span> <span class='ocrx_word' id='word_1_376' title='bbox 3503 2290 3668 2354; x_wconf 81' lang='lat' dir='ltr'><strong>eum,</strong></span> 
     </span>
    </p>
   </div>
   <div class='ocr_carea' id='block_1_51' title="bbox 2011 2352 3668 2438">
    <p class='ocr_par' dir='ltr' id='par_1_51' title="bbox 2011 2352 3668 2438">
     <span class='ocr_line' id='line_1_51' title="bbox 2011 2352 3668 2438; baseline 0.007 -25"><span class='ocrx_word' id='word_1_377' title='bbox 2011 2352 2113 2434; x_wconf 90' lang='lat' dir='ltr'><strong>qui</strong></span> <span class='ocrx_word' id='word_1_378' title='bbox 2148 2352 2416 2430; x_wconf 83' lang='lat' dir='ltr'><strong>dederat,</strong></span> <span class='ocrx_word' id='word_1_379' title='bbox 2449 2356 2722 2438; x_wconf 90' lang='lat' dir='ltr'><strong>spiritum</strong></span> <span class='ocrx_word' id='word_1_380' title='bbox 2751 2357 3053 2438; x_wconf 88' lang='lat' dir='ltr'><strong>deposuit.</strong></span> <span class='ocrx_word' id='word_1_381' title='bbox 3083 2359 3313 2422; x_wconf 91' lang='lat' dir='ltr'><strong>Deinde</strong></span> <span class='ocrx_word' id='word_1_382' title='bbox 3342 2379 3476 2422; x_wconf 90' lang='lat' dir='ltr'><strong>cum</strong></span> <span class='ocrx_word' id='word_1_383' title='bbox 3507 2352 3668 2438; x_wconf 82' lang='lat' dir='ltr'><strong>ignis</strong></span> 
     </span>
    </p>
   </div>
   <div class='ocr_carea' id='block_1_52' title="bbox 2013 2443 3662 2531">
    <p class='ocr_par' dir='ltr' id='par_1_52' title="bbox 2013 2443 3662 2531">
     <span class='ocr_line' id='line_1_52' title="bbox 2013 2443 3662 2531; baseline 0.007 -28"><span class='ocrx_word' id='word_1_384' title='bbox 2013 2449 2172 2504; x_wconf 88' lang='lat' dir='ltr'><strong>esset</strong></span> <span class='ocrx_word' id='word_1_385' title='bbox 2203 2443 2467 2516; x_wconf 86' lang='lat' dir='ltr'><strong>sedatus,</strong></span> <span class='ocrx_word' id='word_1_386' title='bbox 2502 2446 2604 2526; x_wconf 90' lang='lat' dir='ltr'><strong>qui</strong></span> <span class='ocrx_word' id='word_1_387' title='bbox 2660 2447 2735 2508; x_wconf 91' lang='lat' dir='ltr'><strong>ad</strong></span> <span class='ocrx_word' id='word_1_388' title='bbox 2787 2466 2922 2508; x_wconf 89' lang='lat' dir='ltr'><strong>eum</strong></span> <span class='ocrx_word' id='word_1_389' title='bbox 2983 2448 3335 2523; x_wconf 86' lang='lat' dir='ltr'><strong>attinebant,</strong></span> <span class='ocrx_word' id='word_1_390' title='bbox 3396 2451 3662 2531; x_wconf 88' lang='lat' dir='ltr'><strong>pretioso</strong></span> 
     </span>
    </p>
   </div>
   <div class='ocr_carea' id='block_1_53' title="bbox 2014 2531 3664 2618">
    <p class='ocr_par' dir='ltr' id='par_1_53' title="bbox 2014 2531 3664 2618">
     <span class='ocr_line' id='line_1_53' title="bbox 2014 2531 3664 2618; baseline 0.007 -26"><span class='ocrx_word' id='word_1_391' title='bbox 2014 2531 2196 2595; x_wconf 87' lang='lat' dir='ltr'><strong>linteo</strong></span> <span class='ocrx_word' id='word_1_392' title='bbox 2218 2551 2354 2596; x_wconf 90' lang='lat' dir='ltr'><strong>eum</strong></span> <span class='ocrx_word' id='word_1_393' title='bbox 2370 2533 2916 2614; x_wconf 88' lang='lat' dir='ltr'><strong>circumdederunt,</strong></span> <span class='ocrx_word' id='word_1_394' title='bbox 2937 2546 2995 2600; x_wconf 92' lang='lat' dir='ltr'><strong>et</strong></span> <span class='ocrx_word' id='word_1_395' title='bbox 3013 2538 3328 2618; x_wconf 75' lang='lat' dir='ltr'><strong>unguentis</strong></span> <span class='ocrx_word' id='word_1_396' title='bbox 3342 2551 3664 2606; x_wconf 80' lang='lat' dir='ltr'><strong>unxerunt:</strong></span> 
     </span>
    </p>
   </div>
   <div class='ocr_carea' id='block_1_54' title="bbox 2014 2624 3671 2708">
    <p class='ocr_par' dir='ltr' id='par_1_54' title="bbox 2014 2624 3671 2708">
     <span class='ocr_line' id='line_1_54' title="bbox 2014 2624 3671 2708; baseline 0.006 -25"><span class='ocrx_word' id='word_1_397' title='bbox 2014 2640 2268 2704; x_wconf 86' lang='lat' dir='ltr'><strong>cumque</strong></span> <span class='ocrx_word' id='word_1_398' title='bbox 2300 2624 2563 2706; x_wconf 89' lang='lat' dir='ltr'><strong>psalmos</strong></span> <span class='ocrx_word' id='word_1_399' title='bbox 2595 2635 2654 2688; x_wconf 89' lang='lat' dir='ltr'><strong>et</strong></span> <span class='ocrx_word' id='word_1_400' title='bbox 2686 2627 2964 2708; x_wconf 82' lang='lat' dir='ltr'><strong>hymnos,</strong></span> <span class='ocrx_word' id='word_1_401' title='bbox 2998 2637 3063 2690; x_wconf 91' lang='lat' dir='ltr'><strong>ut</strong></span> <span class='ocrx_word' id='word_1_402' title='bbox 3093 2646 3197 2708; x_wconf 87' lang='lat' dir='ltr'><strong>par</strong></span> <span class='ocrx_word' id='word_1_403' title='bbox 3225 2641 3378 2705; x_wconf 89' lang='lat' dir='ltr'><strong>erat,</strong></span> <span class='ocrx_word' id='word_1_404' title='bbox 3411 2631 3671 2693; x_wconf 83' lang='lat' dir='ltr'><strong>cecinis-</strong></span> 
     </span>
    </p>
   </div>
   <div class='ocr_carea' id='block_1_55' title="bbox 2014 2716 3664 2802">
    <p class='ocr_par' dir='ltr' id='par_1_55' title="bbox 2014 2716 3664 2802">
     <span class='ocr_line' id='line_1_55' title="bbox 2014 2716 3664 2802; baseline 0.007 -31"><span class='ocrx_word' id='word_1_405' title='bbox 2014 2721 2363 2802; x_wconf 82' lang='lat' dir='ltr'><strong>sent,prope</strong></span> <span class='ocrx_word' id='word_1_406' title='bbox 2380 2717 2698 2776; x_wconf 86' lang='lat' dir='ltr'><strong>Samonam</strong></span> <span class='ocrx_word' id='word_1_407' title='bbox 2730 2724 2789 2777; x_wconf 91' lang='lat' dir='ltr'><strong>et</strong></span> <span class='ocrx_word' id='word_1_408' title='bbox 2811 2716 3052 2780; x_wconf 89' lang='lat' dir='ltr'><strong>Gnriam</strong></span> <span class='ocrx_word' id='word_1_409' title='bbox 3080 2736 3213 2779; x_wconf 89' lang='lat' dir='ltr'><strong>eum</strong></span> <span class='ocrx_word' id='word_1_410' title='bbox 3233 2718 3664 2802; x_wconf 86' lang='lat' dir='ltr'><strong>deposuerunt,</strong></span> 
     </span>
    </p>
   </div>
   <div class='ocr_carea' id='block_1_56' title="bbox 2012 2799 3670 2891">
    <p class='ocr_par' dir='ltr' id='par_1_56' title="bbox 2012 2799 3670 2891">
     <span class='ocr_line' id='line_1_56' title="bbox 2012 2799 3670 2891; baseline 0.007 -31"><span class='ocrx_word' id='word_1_411' title='bbox 2012 2799 2084 2860; x_wconf 87' lang='lat' dir='ltr'><strong>ad</strong></span> <span class='ocrx_word' id='word_1_412' title='bbox 2119 2801 2367 2879; x_wconf 87' lang='lat' dir='ltr'><strong>gloriam</strong></span> <span class='ocrx_word' id='word_1_413' title='bbox 2402 2802 2591 2866; x_wconf 77' lang='lat' dir='ltr'><strong>Patris</strong></span> <span class='ocrx_word' id='word_1_414' title='bbox 2614 2815 2673 2867; x_wconf 92' lang='lat' dir='ltr'><strong>et</strong></span> <span class='ocrx_word' id='word_1_415' title='bbox 2718 2804 2856 2867; x_wconf 87' lang='lat' dir='ltr'><strong>Filii</strong></span> <span class='ocrx_word' id='word_1_416' title='bbox 2912 2814 2968 2868; x_wconf 94' lang='lat' dir='ltr'><strong>et</strong></span> <span class='ocrx_word' id='word_1_417' title='bbox 2999 2805 3257 2888; x_wconf 85' lang='lat' dir='ltr'><strong>Spiritus</strong></span> <span class='ocrx_word' id='word_1_418' title='bbox 3287 2808 3501 2884; x_wconf 87' lang='lat' dir='ltr'><strong>sancti,</strong></span> <span class='ocrx_word' id='word_1_419' title='bbox 3533 2799 3670 2891; x_wconf 59' lang='lat' dir='ltr'><strong>quae</strong></span> 
     </span>
    </p>
   </div>
   <div class='ocr_carea' id='block_1_57' title="bbox 2014 2891 3661 2976">
    <p class='ocr_par' dir='ltr' id='par_1_57' title="bbox 2014 2891 3661 2976">
     <span class='ocr_line' id='line_1_57' title="bbox 2014 2891 3661 2976; baseline 0.007 -26"><span class='ocrx_word' id='word_1_420' title='bbox 2014 2899 2102 2951; x_wconf 90' lang='lat' dir='ltr'><strong>est</strong></span> <span class='ocrx_word' id='word_1_421' title='bbox 2132 2891 2335 2953; x_wconf 88' lang='lat' dir='ltr'><strong>divina</strong></span> <span class='ocrx_word' id='word_1_422' title='bbox 2366 2891 2648 2969; x_wconf 88' lang='lat' dir='ltr'><strong>Trinitas,</strong></span> <span class='ocrx_word' id='word_1_423' title='bbox 2683 2903 2742 2956; x_wconf 91' lang='lat' dir='ltr'><strong>et</strong></span> <span class='ocrx_word' id='word_1_424' title='bbox 2773 2895 2831 2956; x_wconf 90' lang='lat' dir='ltr'><strong>in</strong></span> <span class='ocrx_word' id='word_1_425' title='bbox 2865 2914 3040 2976; x_wconf 88' lang='lat' dir='ltr'><strong>quam</strong></span> <span class='ocrx_word' id='word_1_426' title='bbox 3089 2914 3206 2957; x_wconf 91' lang='lat' dir='ltr'><strong>non</strong></span> <span class='ocrx_word' id='word_1_427' title='bbox 3237 2897 3396 2958; x_wconf 87' lang='lat' dir='ltr'><strong>cadit</strong></span> <span class='ocrx_word' id='word_1_428' title='bbox 3425 2898 3661 2962; x_wconf 88' lang='lat' dir='ltr'><strong>divisio.</strong></span> 
     </span>
    </p>
   </div>
   <div class='ocr_carea' id='block_1_58' title="bbox 2014 2979 3666 3068">
    <p class='ocr_par' dir='ltr' id='par_1_58' title="bbox 2014 2979 3666 3068">
     <span class='ocr_line' id='line_1_58' title="bbox 2014 2979 3666 3068; baseline 0.008 -29"><span class='ocrx_word' id='word_1_429' title='bbox 2014 2979 2200 3068; x_wconf 79' lang='lat' dir='ltr'><strong>Quam</strong></span> <span class='ocrx_word' id='word_1_430' title='bbox 2228 2980 2402 3044; x_wconf 90' lang='lat' dir='ltr'><strong>decet</strong></span> <span class='ocrx_word' id='word_1_431' title='bbox 2435 2981 2625 3044; x_wconf 89' lang='lat' dir='ltr'><strong>honor</strong></span> <span class='ocrx_word' id='word_1_432' title='bbox 2655 2991 2714 3045; x_wconf 88' lang='lat' dir='ltr'><strong>et</strong></span> <span class='ocrx_word' id='word_1_433' title='bbox 2743 2985 3009 3046; x_wconf 88' lang='lat' dir='ltr'><strong>adoratio</strong></span> <span class='ocrx_word' id='word_1_434' title='bbox 3043 3002 3202 3046; x_wconf 88' lang='lat' dir='ltr'><strong>nunc</strong></span> <span class='ocrx_word' id='word_1_435' title='bbox 3236 2994 3294 3047; x_wconf 89' lang='lat' dir='ltr'><strong>et</strong></span> <span class='ocrx_word' id='word_1_436' title='bbox 3323 3004 3582 3068; x_wconf 86' lang='lat' dir='ltr'><strong>semper,</strong></span> <span class='ocrx_word' id='word_1_437' title='bbox 3604 2999 3666 3054; x_wconf 85' lang='lat' dir='ltr'><strong>et</strong></span> 
     </span>
    </p>
   </div>
   <div class='ocr_carea' id='block_1_59' title="bbox 2011 3066 3666 3157">
    <p class='ocr_par' dir='ltr' id='par_1_59' title="bbox 2011 3066 3666 3157">
     <span class='ocr_line' id='line_1_59' title="bbox 2011 3066 3666 3157; baseline 0.007 -29"><span class='ocrx_word' id='word_1_438' title='bbox 2011 3066 2072 3128; x_wconf 93' lang='lat' dir='ltr'><strong>in</strong></span> <span class='ocrx_word' id='word_1_439' title='bbox 2105 3069 2321 3132; x_wconf 65' lang='lat' dir='ltr'><strong>saecula</strong></span> <span class='ocrx_word' id='word_1_440' title='bbox 2349 3073 2727 3134; x_wconf 60' lang='lat' dir='ltr'><strong>saeculorum.</strong></span> <span class='ocrx_word' id='word_1_441' title='bbox 2757 3075 2979 3136; x_wconf 87' lang='lat' dir='ltr'><strong>Amen.</strong></span> <span class='ocrx_word' id='word_1_442' title='bbox 3014 3073 3218 3136; x_wconf 88' lang='lat' dir='ltr'><strong>Talem</strong></span> <span class='ocrx_word' id='word_1_443' title='bbox 3261 3066 3500 3157; x_wconf 81' lang='lat' dir='ltr'><strong>quidem</strong></span> <span class='ocrx_word' id='word_1_444' title='bbox 3531 3080 3666 3140; x_wconf 66' lang='lat' dir='ltr'><strong>vita;</strong></span> 
     </span>
    </p>
   </div>
   <div class='ocr_carea' id='block_1_60' title="bbox 261 3157 1930 3245">
    <p class='ocr_par' dir='ltr' id='par_1_60' title="bbox 261 3159 1924 3242">
     <span class='ocr_line' id='line_1_60' title="bbox 261 3159 1924 3242; baseline -0.002 -22"><span class='ocrx_word' id='word_1_445' title='bbox 261 3163 536 3220; x_wconf 75' lang='grc' dir='ltr'>Λικιννίου</span> <span class='ocrx_word' id='word_1_446' title='bbox 595 3166 794 3238; x_wconf 79' lang='grc' dir='ltr'>καιρῶν</span> <span class='ocrx_word' id='word_1_447' title='bbox 855 3163 969 3233; x_wconf 83' lang='grc' dir='ltr'>εὗρε</span> <span class='ocrx_word' id='word_1_448' title='bbox 1025 3161 1088 3217; x_wconf 80' lang='grc' dir='ltr'>τὸ</span> <span class='ocrx_word' id='word_1_449' title='bbox 1141 3159 1320 3242; x_wconf 84' lang='grc' dir='ltr'>τέλος,</span> <span class='ocrx_word' id='word_1_450' title='bbox 1387 3161 1470 3217; x_wconf 67' lang='grc' dir='ltr'>οιαὶ</span> <span class='ocrx_word' id='word_1_451' title='bbox 1523 3160 1774 3228; x_wconf 80' lang='grc' dir='ltr'>τοιαύτης</span> <span class='ocrx_word' id='word_1_452' title='bbox 1827 3160 1924 3228; x_wconf 83' lang='grc' dir='ltr'>τῆς</span> 
     </span>
    </p>
   </div>
   <div class='ocr_carea' id='block_1_61' title="bbox 2014 3157 3664 3245">
    <p class='ocr_par' dir='ltr' id='par_1_61' title="bbox 2014 3157 3664 3245">
     <span class='ocr_line' id='line_1_61' title="bbox 2014 3157 3664 3245; baseline 0.007 -27"><span class='ocrx_word' id='word_1_453' title='bbox 2014 3157 2191 3219; x_wconf 84' lang='lat' dir='ltr'><strong>linem</strong></span> <span class='ocrx_word' id='word_1_454' title='bbox 2224 3158 2456 3223; x_wconf 90' lang='lat' dir='ltr'><strong>invenit</strong></span> <span class='ocrx_word' id='word_1_455' title='bbox 2489 3170 2710 3242; x_wconf 76' lang='lat' dir='ltr'><strong>martyr</strong></span> <span class='ocrx_word' id='word_1_456' title='bbox 2738 3161 2969 3226; x_wconf 86' lang='lat' dir='ltr'><strong>Abibus</strong></span> <span class='ocrx_word' id='word_1_457' title='bbox 3003 3171 3272 3245; x_wconf 87' lang='lat' dir='ltr'><strong>tempore</strong></span> <span class='ocrx_word' id='word_1_458' title='bbox 3321 3163 3551 3241; x_wconf 89' lang='lat' dir='ltr'><strong>Licinii,</strong></span> <span class='ocrx_word' id='word_1_459' title='bbox 3603 3177 3664 3229; x_wconf 86' lang='lat' dir='ltr'><strong>et</strong></span> 
     </span>
    </p>
   </div>
   <div class='ocr_carea' id='block_1_62' title="bbox 258 3247 1923 3330">
    <p class='ocr_par' dir='ltr' id='par_1_62' title="bbox 258 3247 1923 3330">
     <span class='ocr_line' id='line_1_62' title="bbox 258 3247 1923 3330; baseline -0.004 -19"><span class='ocrx_word' id='word_1_460' title='bbox 258 3255 399 3330; x_wconf 68' lang='grc' dir='ltr'>μετὰ</span> <span class='ocrx_word' id='word_1_461' title='bbox 430 3259 543 3308; x_wconf 78' lang='grc' dir='ltr'><strong>τῶν</strong></span> <span class='ocrx_word' id='word_1_462' title='bbox 574 3251 744 3329; x_wconf 78' lang='grc' dir='ltr'>ἁγίων</span> <span class='ocrx_word' id='word_1_463' title='bbox 797 3249 960 3330; x_wconf 72' lang='grc' dir='ltr'>ἔτυχε</span> <span class='ocrx_word' id='word_1_464' title='bbox 1017 3248 1370 3328; x_wconf 77' lang='grc' dir='ltr'>καταθέσεως,</span> <span class='ocrx_word' id='word_1_465' title='bbox 1432 3251 1520 3307; x_wconf 78' lang='grc' dir='ltr'><strong>καὶ</strong></span> <span class='ocrx_word' id='word_1_466' title='bbox 1576 3247 1714 3306; x_wconf 67' lang='grc' dir='ltr'>οὕτω</span> <span class='ocrx_word' id='word_1_467' title='bbox 1751 3251 1923 3307; x_wconf 78' lang='grc' dir='ltr'>κατά-</span> 
     </span>
    </p>
   </div>
   <div class='ocr_carea' id='block_1_63' title="bbox 258 3337 1926 3420">
    <p class='ocr_par' dir='ltr' id='par_1_63' title="bbox 258 3337 1926 3420">
     <span class='ocr_line' id='line_1_63' title="bbox 258 3337 1926 3420; baseline -0.005 -18"><span class='ocrx_word' id='word_1_468' title='bbox 258 3365 458 3402; x_wconf 80' lang='grc' dir='ltr'>παυσιν</span> <span class='ocrx_word' id='word_1_469' title='bbox 489 3343 600 3397; x_wconf 79' lang='grc' dir='ltr'>τῶν</span> <span class='ocrx_word' id='word_1_470' title='bbox 652 3339 908 3420; x_wconf 77' lang='grc' dir='ltr'>διωγμῶν</span> <span class='ocrx_word' id='word_1_471' title='bbox 961 3353 1082 3404; x_wconf 78' lang='grc' dir='ltr'>τοῖς</span> <span class='ocrx_word' id='word_1_472' title='bbox 1139 3337 1371 3396; x_wconf 78' lang='grc' dir='ltr'>εὐσεϐέσι</span> <span class='ocrx_word' id='word_1_473' title='bbox 1430 3337 1655 3400; x_wconf 87' lang='grc' dir='ltr'>διέθετο.</span> <span class='ocrx_word' id='word_1_474' title='bbox 1707 3341 1779 3398; x_wconf 82' lang='grc' dir='ltr'>Τὸ</span> <span class='ocrx_word' id='word_1_475' title='bbox 1826 3340 1926 3418; x_wconf 79' lang='grc' dir='ltr'><strong>γὰρ</strong></span> 
     </span>
    </p>
   </div>
   <div class='ocr_carea' id='block_1_64' title="bbox 266 3426 1920 3508">
    <p class='ocr_par' dir='ltr' id='par_1_64' title="bbox 266 3426 1920 3508">
     <span class='ocr_line' id='line_1_64' title="bbox 266 3426 1920 3508; baseline -0.004 -19"><span class='ocrx_word' id='word_1_476' title='bbox 266 3435 369 3490; x_wconf 70' lang='grc' dir='ltr'><strong>ἐπὸ</strong></span> <span class='ocrx_word' id='word_1_477' title='bbox 431 3428 586 3489; x_wconf 72' lang='grc' dir='ltr'>τοῦδε</span> <span class='ocrx_word' id='word_1_478' title='bbox 651 3432 912 3494; x_wconf 79' lang='grc' dir='ltr'>Λικίννιος</span> <span class='ocrx_word' id='word_1_479' title='bbox 983 3431 1083 3506; x_wconf 77' lang='grc' dir='ltr'><strong>μὲν</strong></span> <span class='ocrx_word' id='word_1_480' title='bbox 1153 3427 1411 3505; x_wconf 77' lang='grc' dir='ltr'>ἐλικμᾶτο</span> <span class='ocrx_word' id='word_1_481' title='bbox 1487 3429 1588 3496; x_wconf 76' lang='grc' dir='ltr'>τὴν</span> <span class='ocrx_word' id='word_1_482' title='bbox 1657 3426 1920 3508; x_wconf 71' lang='grc' dir='ltr'>ἓξουσίαν,</span> 
     </span>
    </p>
   </div>
   <div class='ocr_carea' id='block_1_65' title="bbox 271 3509 1924 3599">
    <p class='ocr_par' dir='ltr' id='par_1_65' title="bbox 271 3509 1924 3599">
     <span class='ocr_line' id='line_1_65' title="bbox 271 3509 1924 3599; baseline -0.003 -19"><span class='ocrx_word' id='word_1_483' title='bbox 271 3522 660 3596; x_wconf 70' lang='grc' dir='ltr'>ἰωνσταντίνῳ</span> <span class='ocrx_word' id='word_1_484' title='bbox 713 3517 768 3578; x_wconf 77' lang='grc' dir='ltr'>δὲ</span> <span class='ocrx_word' id='word_1_485' title='bbox 830 3521 893 3576; x_wconf 81' lang='grc' dir='ltr'>τὸ</span> <span class='ocrx_word' id='word_1_486' title='bbox 953 3520 1144 3596; x_wconf 76' lang='grc' dir='ltr'>κράτος</span> <span class='ocrx_word' id='word_1_487' title='bbox 1200 3518 1440 3599; x_wconf 75' lang='grc' dir='ltr'>ἐπήνθει,</span> <span class='ocrx_word' id='word_1_488' title='bbox 1503 3519 1590 3576; x_wconf 80' lang='grc' dir='ltr'>καὶ</span> <span class='ocrx_word' id='word_1_489' title='bbox 1647 3519 1714 3576; x_wconf 73' lang='grc' dir='ltr'><strong>τὰ</strong></span> <span class='ocrx_word' id='word_1_490' title='bbox 1787 3509 1924 3576; x_wconf 77' lang='grc' dir='ltr'><strong>Ῥω-</strong></span> 
     </span>
    </p>
   </div>
   <div class='ocr_carea' id='block_1_66' title="bbox 275 3608 1920 3689">
    <p class='ocr_par' dir='ltr' id='par_1_66' title="bbox 275 3608 1920 3689">
     <span class='ocr_line' id='line_1_66' title="bbox 275 3608 1920 3689; baseline -0.002 -22"><span class='ocrx_word' id='word_1_491' title='bbox 275 3611 450 3687; x_wconf 73' lang='grc' dir='ltr'>μαίων</span> <span class='ocrx_word' id='word_1_492' title='bbox 491 3611 633 3685; x_wconf 68' lang='grc' dir='ltr'><strong>αὖτῷ</strong></span> <span class='ocrx_word' id='word_1_493' title='bbox 688 3615 939 3689; x_wconf 75' lang='grc' dir='ltr'>σκῆπτρα</span> <span class='ocrx_word' id='word_1_494' title='bbox 992 3608 1268 3683; x_wconf 66' lang='grc' dir='ltr'>ηοδξᾶνετο,</span> <span class='ocrx_word' id='word_1_495' title='bbox 1331 3609 1386 3674; x_wconf 81' lang='grc' dir='ltr'>ὃς</span> <span class='ocrx_word' id='word_1_496' title='bbox 1449 3613 1656 3689; x_wconf 85' lang='grc' dir='ltr'>πρῶτος</span> <span class='ocrx_word' id='word_1_497' title='bbox 1713 3609 1768 3665; x_wconf 83' lang='grc' dir='ltr'>ἐν</span> <span class='ocrx_word' id='word_1_498' title='bbox 1821 3609 1920 3686; x_wconf 70' lang='grc' dir='ltr'><strong>βαι</strong></span> 
     </span>
    </p>
   </div>
   <div class='ocr_carea' id='block_1_67' title="bbox 280 3696 1926 3780">
    <p class='ocr_par' dir='ltr' id='par_1_67' title="bbox 280 3696 1926 3780">
     <span class='ocr_line' id='line_1_67' title="bbox 280 3696 1926 3780; baseline -0.001 -24"><span class='ocrx_word' id='word_1_499' title='bbox 280 3699 522 3756; x_wconf 78' lang='grc' dir='ltr'>σιλεῦσιν</span> <span class='ocrx_word' id='word_1_500' title='bbox 585 3700 1005 3780; x_wconf 65' lang='grc' dir='ltr'>ἱπαρῤησιέσατο</span> <span class='ocrx_word' id='word_1_501' title='bbox 1077 3699 1175 3767; x_wconf 72' lang='grc' dir='ltr'><strong>τὴν</strong></span> <span class='ocrx_word' id='word_1_502' title='bbox 1263 3696 1552 3778; x_wconf 66' lang='grc' dir='ltr'>εὐσέϐειαν,</span> <span class='ocrx_word' id='word_1_503' title='bbox 1632 3699 1720 3756; x_wconf 73' lang='grc' dir='ltr'><strong>καὶ</strong></span> <span class='ocrx_word' id='word_1_504' title='bbox 1790 3707 1926 3778; x_wconf 79' lang='grc' dir='ltr'>Χρι-</span> 
     </span>
    </p>
   </div>
   <div class='ocr_carea' id='block_1_68' title="bbox 283 3785 1931 3868">
    <p class='ocr_par' dir='ltr' id='par_1_68' title="bbox 283 3785 1931 3868">
     <span class='ocr_line' id='line_1_68' title="bbox 283 3785 1931 3868; baseline -0.003 -19"><span class='ocrx_word' id='word_1_505' title='bbox 283 3804 533 3856; x_wconf 78' lang='grc' dir='ltr'>στιανοϊς</span> <span class='ocrx_word' id='word_1_506' title='bbox 590 3792 644 3848; x_wconf 78' lang='grc' dir='ltr'><strong>τὸ</strong></span> <span class='ocrx_word' id='word_1_507' title='bbox 695 3797 791 3868; x_wconf 76' lang='grc' dir='ltr'>ζῇν</span> <span class='ocrx_word' id='word_1_508' title='bbox 861 3792 937 3853; x_wconf 84' lang='grc' dir='ltr'><strong>ὡς</strong></span> <span class='ocrx_word' id='word_1_509' title='bbox 1012 3789 1321 3860; x_wconf 75' lang='grc' dir='ltr'>Χριστιανὸς</span> <span class='ocrx_word' id='word_1_510' title='bbox 1396 3787 1709 3868; x_wconf 67' lang='grc' dir='ltr'>ἐχαρίσατο.</span> <span class='ocrx_word' id='word_1_511' title='bbox 1777 3785 1931 3846; x_wconf 62' lang='grc' dir='ltr'>Ἀλλ’</span> 
     </span>
    </p>
   </div>
   <div class='ocr_carea' id='block_1_69' title="bbox 272 3876 1924 3961">
    <p class='ocr_par' dir='ltr' id='par_1_69' title="bbox 272 3876 1924 3961">
     <span class='ocr_line' id='line_1_69' title="bbox 272 3876 1924 3961; baseline -0.002 -23"><span class='ocrx_word' id='word_1_512' title='bbox 272 3882 426 3944; x_wconf 78' lang='grc' dir='ltr'>ὅπως</span> <span class='ocrx_word' id='word_1_513' title='bbox 481 3880 544 3936; x_wconf 69' lang='grc' dir='ltr'><strong>ἂν</strong></span> <span class='ocrx_word' id='word_1_514' title='bbox 599 3880 780 3961; x_wconf 70' lang='grc' dir='ltr'>ἔχοιτε</span> <span class='ocrx_word' id='word_1_515' title='bbox 839 3885 1037 3959; x_wconf 81' lang='grc' dir='ltr'>γνῶναι</span> <span class='ocrx_word' id='word_1_516' title='bbox 1089 3877 1208 3944; x_wconf 71' lang='grc' dir='ltr'>οἵας</span> <span class='ocrx_word' id='word_1_517' title='bbox 1261 3876 1357 3946; x_wconf 69' lang='grc' dir='ltr'>τξς</span> <span class='ocrx_word' id='word_1_518' title='bbox 1387 3879 1611 3958; x_wconf 77' lang='grc' dir='ltr'>χάριτος</span> <span class='ocrx_word' id='word_1_519' title='bbox 1641 3880 1688 3934; x_wconf 80' lang='grc' dir='ltr'>οἱ</span> <span class='ocrx_word' id='word_1_520' title='bbox 1718 3878 1924 3956; x_wconf 81' lang='grc' dir='ltr'>μάρτυ-</span> 
     </span>
    </p>
   </div>
   <div class='ocr_carea' id='block_1_70' title="bbox 261 3966 1918 4051">
    <p class='ocr_par' dir='ltr' id='par_1_70' title="bbox 261 3966 1918 4051">
     <span class='ocr_line' id='line_1_70' title="bbox 261 3966 1918 4051; baseline -0.004 -22"><span class='ocrx_word' id='word_1_521' title='bbox 261 3995 356 4051; x_wconf 81' lang='grc' dir='ltr'><strong>ρες</strong></span> <span class='ocrx_word' id='word_1_522' title='bbox 415 3973 564 4050; x_wconf 73' lang='grc' dir='ltr'>παρὰ</span> <span class='ocrx_word' id='word_1_523' title='bbox 620 3978 752 4029; x_wconf 80' lang='grc' dir='ltr'>Θεοῦ</span> <span class='ocrx_word' id='word_1_524' title='bbox 797 3969 1017 4050; x_wconf 49' lang='lat' dir='ltr'><strong>Era-Low,</strong></span> <span class='ocrx_word' id='word_1_525' title='bbox 1066 3966 1349 4035; x_wconf 78' lang='grc' dir='ltr'>διεξελθεῖν</span> <span class='ocrx_word' id='word_1_526' title='bbox 1381 3967 1576 4030; x_wconf 69' lang='grc' dir='ltr'>ἄνωθεν</span> <span class='ocrx_word' id='word_1_527' title='bbox 1600 3967 1918 4046; x_wconf 79' lang='grc' dir='ltr'>ἀναγκαῖον,</span> 
     </span>
    </p>
   </div>
   <div class='ocr_carea' id='block_1_71' title="bbox 348 4144 1926 4229">
    <p class='ocr_par' dir='ltr' id='par_1_71' title="bbox 348 4144 1926 4229">
     <span class='ocr_line' id='line_1_71' title="bbox 348 4144 1926 4229; baseline -0.006 -17"><span class='ocrx_word' id='word_1_528' title='bbox 348 4151 480 4227; x_wconf 76' lang='grc' dir='ltr'>ις’.</span> <span class='ocrx_word' id='word_1_529' title='bbox 556 4150 742 4209; x_wconf 80' lang='grc' dir='ltr'>Οὖννοι</span> <span class='ocrx_word' id='word_1_530' title='bbox 799 4150 898 4224; x_wconf 77' lang='grc' dir='ltr'><strong>μὲν</strong></span> <span class='ocrx_word' id='word_1_531' title='bbox 955 4149 1003 4205; x_wconf 79' lang='grc' dir='ltr'>οἰ</span> <span class='ocrx_word' id='word_1_532' title='bbox 1063 4145 1377 4229; x_wconf 73' lang='grc' dir='ltr'>Ἐφθαλϊται</span> <span class='ocrx_word' id='word_1_533' title='bbox 1436 4151 1653 4225; x_wconf 79' lang='grc' dir='ltr'>Περσῶν</span> <span class='ocrx_word' id='word_1_534' title='bbox 1716 4144 1926 4226; x_wconf 71' lang='grc' dir='ltr'>ὅμοροι,</span> 
     </span>
    </p>
   </div>
   <div class='ocr_carea' id='block_1_72' title="bbox 261 4236 1930 4320">
    <p class='ocr_par' dir='ltr' id='par_1_72' title="bbox 261 4236 1930 4320">
     <span class='ocr_line' id='line_1_72' title="bbox 261 4236 1930 4320; baseline -0.006 -19"><span class='ocrx_word' id='word_1_535' title='bbox 261 4245 358 4301; x_wconf 72' lang='grc' dir='ltr'><strong>καὶ</strong></span> <span class='ocrx_word' id='word_1_536' title='bbox 436 4244 571 4320; x_wconf 78' lang='grc' dir='ltr'>πρὸς</span> <span class='ocrx_word' id='word_1_537' title='bbox 648 4240 938 4320; x_wconf 75' lang='grc' dir='ltr'>ἀνίσχοντα</span> <span class='ocrx_word' id='word_1_538' title='bbox 1020 4236 1176 4305; x_wconf 77' lang='grc' dir='ltr'>ἥλιον</span> <span class='ocrx_word' id='word_1_539' title='bbox 1241 4238 1533 4300; x_wconf 57' lang='lat' dir='ltr'><strong>einunc:</strong></span> <span class='ocrx_word' id='word_1_540' title='bbox 1612 4236 1673 4293; x_wconf 75' lang='grc' dir='ltr'>τὸ</span> <span class='ocrx_word' id='word_1_541' title='bbox 1746 4238 1930 4292; x_wconf 83' lang='grc' dir='ltr'>σκαιὸν</span> 
     </span>
    </p>
   </div>
   <div class='ocr_carea' id='block_1_73' title="bbox 260 4323 1928 4408">
    <p class='ocr_par' dir='ltr' id='par_1_73' title="bbox 260 4323 1928 4408">
     <span class='ocr_line' id='line_1_73' title="bbox 260 4323 1928 4408; baseline -0.005 -18"><span class='ocrx_word' id='word_1_542' title='bbox 260 4334 421 4396; x_wconf 73' lang='grc' dir='ltr'>ἕἿνος</span> <span class='ocrx_word' id='word_1_543' title='bbox 482 4331 631 4388; x_wconf 83' lang='grc' dir='ltr'>τουτί</span> <span class='ocrx_word' id='word_1_544' title='bbox 689 4329 783 4387; x_wconf 78' lang='grc' dir='ltr'>καί</span> <span class='ocrx_word' id='word_1_545' title='bbox 840 4327 1100 4408; x_wconf 78' lang='grc' dir='ltr'>βάρϐαρον</span> <span class='ocrx_word' id='word_1_546' title='bbox 1154 4328 1372 4408; x_wconf 81' lang='grc' dir='ltr'>χρόνοις</span> <span class='ocrx_word' id='word_1_547' title='bbox 1416 4330 1511 4386; x_wconf 66' lang='grc' dir='ltr'>οὒοι</span> <span class='ocrx_word' id='word_1_548' title='bbox 1540 4323 1738 4404; x_wconf 81' lang='grc' dir='ltr'>6).ίγοις</span> <span class='ocrx_word' id='word_1_549' title='bbox 1768 4325 1928 4382; x_wconf 73' lang='grc' dir='ltr'>ὕστε-</span> 
     </span>
    </p>
   </div>
   <div class='ocr_carea' id='block_1_74' title="bbox 262 4415 1930 4499">
    <p class='ocr_par' dir='ltr' id='par_1_74' title="bbox 262 4415 1930 4499">
     <span class='ocr_line' id='line_1_74' title="bbox 262 4415 1930 4499; baseline -0.006 -20"><span class='ocrx_word' id='word_1_550' title='bbox 262 4447 360 4499; x_wconf 78' lang='grc' dir='ltr'><strong>ρον</strong></span> <span class='ocrx_word' id='word_1_551' title='bbox 395 4421 540 4496; x_wconf 73' lang='grc' dir='ltr'>μετὰ</span> <span class='ocrx_word' id='word_1_552' title='bbox 577 4428 674 4488; x_wconf 80' lang='grc' dir='ltr'><strong>τὴν</strong></span> <span class='ocrx_word' id='word_1_553' title='bbox 722 4423 826 4474; x_wconf 79' lang='grc' dir='ltr'>τῶν</span> <span class='ocrx_word' id='word_1_554' title='bbox 885 4418 1164 4497; x_wconf 71' lang='grc' dir='ltr'>μαρτύρων</span> <span class='ocrx_word' id='word_1_555' title='bbox 1219 4415 1491 4475; x_wconf 77' lang='grc' dir='ltr'>τελείωσιν</span> <span class='ocrx_word' id='word_1_556' title='bbox 1550 4417 1624 4480; x_wconf 84' lang='grc' dir='ltr'>εἷς</span> <span class='ocrx_word' id='word_1_557' title='bbox 1677 4423 1930 4474; x_wconf 78' lang='grc' dir='ltr'>τοσοῦτον</span> 
     </span>
    </p>
   </div>
   <div class='ocr_carea' id='block_1_75' title="bbox 264 4501 1927 4588">
    <p class='ocr_par' dir='ltr' id='par_1_75' title="bbox 264 4501 1927 4588">
     <span class='ocr_line' id='line_1_75' title="bbox 264 4501 1927 4588; baseline -0.005 -18"><span class='ocrx_word' id='word_1_558' title='bbox 264 4515 528 4570; x_wconf 79' lang='grc' dir='ltr'>ἐπέθεντο</span> <span class='ocrx_word' id='word_1_559' title='bbox 561 4501 866 4584; x_wconf 79' lang='grc' dir='ltr'>Ῥωμαίοις,</span> <span class='ocrx_word' id='word_1_560' title='bbox 923 4510 995 4573; x_wconf 88' lang='grc' dir='ltr'>ὡς</span> <span class='ocrx_word' id='word_1_561' title='bbox 1053 4506 1149 4564; x_wconf 78' lang='grc' dir='ltr'><strong>καὶ</strong></span> <span class='ocrx_word' id='word_1_562' title='bbox 1209 4506 1410 4588; x_wconf 81' lang='grc' dir='ltr'>μέχρις</span> <span class='ocrx_word' id='word_1_563' title='bbox 1454 4507 1619 4574; x_wconf 64' lang='grc' dir='ltr'>αὐτῆς</span> <span class='ocrx_word' id='word_1_564' title='bbox 1673 4503 1927 4571; x_wconf 81' lang='grc' dir='ltr'>Ἐδέσσης</span> 
     </span>
    </p>
   </div>
   <div class='ocr_carea' id='block_1_76' title="bbox 264 4592 1932 4680">
    <p class='ocr_par' dir='ltr' id='par_1_76' title="bbox 264 4592 1932 4680">
     <span class='ocr_line' id='line_1_76' title="bbox 264 4592 1932 4680; baseline -0.007 -20"><span class='ocrx_word' id='word_1_565' title='bbox 264 4603 492 4680; x_wconf 62' lang='grc' dir='ltr'>ἐλάσαι,</span> <span class='ocrx_word' id='word_1_566' title='bbox 555 4598 649 4656; x_wconf 76' lang='grc' dir='ltr'>καί</span> <span class='ocrx_word' id='word_1_567' title='bbox 709 4599 774 4655; x_wconf 76' lang='grc' dir='ltr'><strong>τὰ</strong></span> <span class='ocrx_word' id='word_1_568' title='bbox 830 4597 980 4676; x_wconf 78' lang='grc' dir='ltr'>πέριξ</span> <span class='ocrx_word' id='word_1_569' title='bbox 1035 4595 1352 4664; x_wconf 73' lang='grc' dir='ltr'>ληΐσασθαι.</span> <span class='ocrx_word' id='word_1_570' title='bbox 1420 4597 1480 4654; x_wconf 76' lang='grc' dir='ltr'>υἱ</span> <span class='ocrx_word' id='word_1_571' title='bbox 1537 4592 1591 4651; x_wconf 73' lang='grc' dir='ltr'>δὲ</span> <span class='ocrx_word' id='word_1_572' title='bbox 1652 4594 1932 4670; x_wconf 82' lang='grc' dir='ltr'>Ῥωμαίων</span> 
     </span>
    </p>
   </div>
   <div class='ocr_carea' id='block_1_77' title="bbox 264 4684 1931 4771">
    <p class='ocr_par' dir='ltr' id='par_1_77' title="bbox 264 4684 1931 4771">
     <span class='ocr_line' id='line_1_77' title="bbox 264 4684 1931 4771; baseline -0.006 -22"><span class='ocrx_word' id='word_1_573' title='bbox 264 4691 531 4771; x_wconf 77' lang='grc' dir='ltr'>βασιλεῖς</span> <span class='ocrx_word' id='word_1_574' title='bbox 565 4687 763 4770; x_wconf 68' lang='grc' dir='ltr'>σφόδρα</span> <span class='ocrx_word' id='word_1_575' title='bbox 792 4709 850 4744; x_wconf 88' lang='grc' dir='ltr'><strong>τε</strong></span> <span class='ocrx_word' id='word_1_576' title='bbox 880 4685 1081 4763; x_wconf 75' lang='grc' dir='ltr'>ἤμυνον</span> <span class='ocrx_word' id='word_1_577' title='bbox 1129 4686 1196 4762; x_wconf 72' lang='grc' dir='ltr'><strong>τῇ</strong></span> <span class='ocrx_word' id='word_1_578' title='bbox 1231 4684 1410 4760; x_wconf 88' lang='grc' dir='ltr'>πόλει,</span> <span class='ocrx_word' id='word_1_579' title='bbox 1468 4686 1553 4741; x_wconf 81' lang='grc' dir='ltr'>καὶ</span> <span class='ocrx_word' id='word_1_580' title='bbox 1609 4685 1709 4752; x_wconf 72' lang='grc' dir='ltr'>τὴν</span> <span class='ocrx_word' id='word_1_581' title='bbox 1764 4704 1931 4763; x_wconf 86' lang='grc' dir='ltr'>στρα-</span> 
     </span>
    </p>
   </div>
   <div class='ocr_carea' id='block_1_78' title="bbox 268 4773 1932 4858">
    <p class='ocr_par' dir='ltr' id='par_1_78' title="bbox 268 4773 1932 4858">
     <span class='ocr_line' id='line_1_78' title="bbox 268 4773 1932 4858; baseline -0.005 -19"><span class='ocrx_word' id='word_1_582' title='bbox 268 4784 393 4839; x_wconf 78' lang='grc' dir='ltr'>τιῖεν</span> <span class='ocrx_word' id='word_1_583' title='bbox 463 4780 518 4836; x_wconf 77' lang='grc' dir='ltr'><strong>ὲν</strong></span> <span class='ocrx_word' id='word_1_584' title='bbox 577 4780 779 4858; x_wconf 78' lang='grc' dir='ltr'>βραχεῖ</span> <span class='ocrx_word' id='word_1_585' title='bbox 828 4784 1002 4834; x_wconf 81' lang='grc' dir='ltr'>πᾶσαν</span> <span class='ocrx_word' id='word_1_586' title='bbox 1065 4774 1364 4849; x_wconf 79' lang='grc' dir='ltr'>συνέλεξαν,</span> <span class='ocrx_word' id='word_1_587' title='bbox 1420 4774 1557 4832; x_wconf 79' lang='grc' dir='ltr'>ὥστε</span> <span class='ocrx_word' id='word_1_588' title='bbox 1612 4773 1932 4854; x_wconf 77' lang='grc' dir='ltr'>ὑπερμαχέ-</span> 
     </span>
    </p>
   </div>
   <div class='ocr_carea' id='block_1_79' title="bbox 269 4863 1930 4944">
    <p class='ocr_par' dir='ltr' id='par_1_79' title="bbox 269 4863 1930 4944">
     <span class='ocr_line' id='line_1_79' title="bbox 269 4863 1930 4944; baseline -0.006 -16"><span class='ocrx_word' id='word_1_589' title='bbox 269 4875 472 4930; x_wconf 80' lang='grc' dir='ltr'>σασθαι</span> <span class='ocrx_word' id='word_1_590' title='bbox 502 4872 604 4936; x_wconf 73' lang='grc' dir='ltr'>τῆς</span> <span class='ocrx_word' id='word_1_591' title='bbox 645 4865 922 4942; x_wconf 79' lang='grc' dir='ltr'>Ἐδέσσης,</span> <span class='ocrx_word' id='word_1_592' title='bbox 976 4864 1246 4922; x_wconf 66' lang='grc' dir='ltr'>ἀνάλωτον</span> <span class='ocrx_word' id='word_1_593' title='bbox 1302 4864 1469 4932; x_wconf 64' lang='grc' dir='ltr'>αὐτὴν</span> <span class='ocrx_word' id='word_1_594' title='bbox 1523 4863 1743 4944; x_wconf 70' lang='grc' dir='ltr'>φυλάξαι</span> <span class='ocrx_word' id='word_1_595' title='bbox 1796 4864 1930 4940; x_wconf 87' lang='grc' dir='ltr'>βου-</span> 
     </span>
    </p>
   </div>
   <div class='ocr_carea' id='block_1_80' title="bbox 270 4951 1930 5037">
    <p class='ocr_par' dir='ltr' id='par_1_80' title="bbox 270 4951 1930 5037">
     <span class='ocr_line' id='line_1_80' title="bbox 270 4951 1930 5037; baseline -0.005 -20"><span class='ocrx_word' id='word_1_596' title='bbox 270 4961 525 5037; x_wconf 78' lang='grc' dir='ltr'>λόμενοι,</span> <span class='ocrx_word' id='word_1_597' title='bbox 557 4958 646 5015; x_wconf 78' lang='grc' dir='ltr'><strong>καί</strong></span> <span class='ocrx_word' id='word_1_598' title='bbox 673 4954 904 5031; x_wconf 75' lang='grc' dir='ltr'>μάλιστα</span> <span class='ocrx_word' id='word_1_599' title='bbox 956 4968 1075 5021; x_wconf 76' lang='grc' dir='ltr'>τοῖς</span> <span class='ocrx_word' id='word_1_600' title='bbox 1127 4961 1220 5011; x_wconf 77' lang='grc' dir='ltr'><strong>τοῦ</strong></span> <span class='ocrx_word' id='word_1_601' title='bbox 1281 4960 1508 5034; x_wconf 79' lang='grc' dir='ltr'>Χριστοῦ</span> <span class='ocrx_word' id='word_1_602' title='bbox 1564 4951 1744 5032; x_wconf 84' lang='grc' dir='ltr'>λόγοις</span> <span class='ocrx_word' id='word_1_603' title='bbox 1799 4951 1930 5033; x_wconf 72' lang='grc' dir='ltr'>θαρο</span> 
     </span>
    </p>
   </div>
   <div class='ocr_carea' id='block_1_81' title="bbox 269 5040 1928 5130">
    <p class='ocr_par' dir='ltr' id='par_1_81' title="bbox 269 5040 1928 5130">
     <span class='ocr_line' id='line_1_81' title="bbox 269 5040 1928 5130; baseline -0.007 -20"><span class='ocrx_word' id='word_1_604' title='bbox 269 5054 494 5130; x_wconf 73' lang='grc' dir='ltr'>ῥοῦ-ιτες</span> <span class='ocrx_word' id='word_1_605' title='bbox 554 5052 640 5114; x_wconf 86' lang='grc' dir='ltr'>οἷς</span> <span class='ocrx_word' id='word_1_606' title='bbox 699 5044 998 5104; x_wconf 73' lang='grc' dir='ltr'>ἰπέστειλεν</span> <span class='ocrx_word' id='word_1_607' title='bbox 1049 5044 1291 5123; x_wconf 72' lang='grc' dir='ltr'>Λῦγᾶρῳ,</span> <span class='ocrx_word' id='word_1_608' title='bbox 1353 5045 1427 5108; x_wconf 83' lang='grc' dir='ltr'>ὡς</span> <span class='ocrx_word' id='word_1_609' title='bbox 1497 5040 1614 5100; x_wconf 74' lang='grc' dir='ltr'>οὒδὲ</span> <span class='ocrx_word' id='word_1_610' title='bbox 1666 5045 1701 5112; x_wconf 77' lang='grc' dir='ltr'><strong>ἡ</strong></span> <span class='ocrx_word' id='word_1_611' title='bbox 1773 5041 1928 5106; x_wconf 81' lang='grc' dir='ltr'>πόλις</span> 
     </span>
    </p>
   </div>
   <div class='ocr_carea' id='block_1_82' title="bbox 271 5131 1931 5218">
    <p class='ocr_par' dir='ltr' id='par_1_82' title="bbox 271 5131 1931 5218">
     <span class='ocr_line' id='line_1_82' title="bbox 271 5131 1931 5218; baseline -0.007 -20"><span class='ocrx_word' id='word_1_612' title='bbox 271 5142 410 5200; x_wconf 70' lang='grc' dir='ltr'>ποτὶ</span> <span class='ocrx_word' id='word_1_613' title='bbox 469 5135 756 5218; x_wconf 72' lang='grc' dir='ltr'>βαρϐάροις</span> <span class='ocrx_word' id='word_1_614' title='bbox 813 5135 958 5191; x_wconf 75' lang='grc' dir='ltr'>ἔσται</span> <span class='ocrx_word' id='word_1_615' title='bbox 1024 5132 1323 5214; x_wconf 75' lang='grc' dir='ltr'>ἁλώσιμος,</span> <span class='ocrx_word' id='word_1_616' title='bbox 1381 5133 1470 5189; x_wconf 74' lang='grc' dir='ltr'><strong>ναὶ</strong></span> <span class='ocrx_word' id='word_1_617' title='bbox 1526 5132 1603 5208; x_wconf 82' lang='grc' dir='ltr'>τῷ</span> <span class='ocrx_word' id='word_1_618' title='bbox 1671 5135 1724 5188; x_wconf 67' lang='grc' dir='ltr'><strong>ἓν</strong></span> <span class='ocrx_word' id='word_1_619' title='bbox 1798 5131 1931 5200; x_wconf 76' lang='grc' dir='ltr'><strong>αὖτῇ</strong></span> 
     </span>
    </p>
   </div>
   <div class='ocr_carea' id='block_1_83' title="bbox 273 5220 1930 5307">
    <p class='ocr_par' dir='ltr' id='par_1_83' title="bbox 273 5220 1930 5307">
     <span class='ocr_line' id='line_1_83' title="bbox 273 5220 1930 5307; baseline -0.008 -19"><span class='ocrx_word' id='word_1_620' title='bbox 273 5231 472 5307; x_wconf 77' lang='grc' dir='ltr'>πρώτῃ</span> <span class='ocrx_word' id='word_1_621' title='bbox 505 5229 568 5287; x_wconf 72' lang='grc' dir='ltr'>τὸ</span> <span class='ocrx_word' id='word_1_622' title='bbox 611 5234 704 5284; x_wconf 80' lang='grc' dir='ltr'>τοῦ</span> <span class='ocrx_word' id='word_1_623' title='bbox 759 5226 944 5302; x_wconf 81' lang='grc' dir='ltr'>Κυρίου</span> <span class='ocrx_word' id='word_1_624' title='bbox 1000 5224 1155 5298; x_wconf 76' lang='grc' dir='ltr'>ἡμῶν</span> <span class='ocrx_word' id='word_1_625' title='bbox 1211 5224 1302 5280; x_wconf 78' lang='grc' dir='ltr'>καὶ</span> <span class='ocrx_word' id='word_1_626' title='bbox 1358 5226 1585 5301; x_wconf 74' lang='grc' dir='ltr'>Χριστού</span> <span class='ocrx_word' id='word_1_627' title='bbox 1640 5220 1778 5297; x_wconf 58' lang='grc' dir='ltr'>ἔθιμα</span> <span class='ocrx_word' id='word_1_628' title='bbox 1793 5234 1930 5299; x_wconf 76' lang='grc' dir='ltr'>(ετον</span> 
     </span>
    </p>
   </div>
   <div class='ocr_carea' id='block_1_84' title="bbox 273 5289 1932 5396">
    <p class='ocr_par' dir='ltr' id='par_1_84' title="bbox 273 5289 1932 5396">
     <span class='ocr_line' id='line_1_84' title="bbox 273 5289 1932 5396; baseline -0.007 -19"><span class='ocrx_word' id='word_1_629' title='bbox 273 5289 354 5396; x_wconf 48' lang='lat' dir='ltr'><strong>alii</strong></span> <span class='ocrx_word' id='word_1_630' title='bbox 411 5289 639 5396; x_wconf 39' lang='lat' dir='ltr'><strong>X57591»</strong></span> <span class='ocrx_word' id='word_1_631' title='bbox 669 5317 998 5394; x_wconf 60' lang='grc' dir='ltr'>πεμφθῆναι,</span> <span class='ocrx_word' id='word_1_632' title='bbox 1061 5308 1318 5368; x_wconf 83' lang='grc' dir='ltr'>’Ἢλασαν</span> <span class='ocrx_word' id='word_1_633' title='bbox 1378 5311 1477 5388; x_wconf 82' lang='grc' dir='ltr'><strong>μὲν</strong></span> <span class='ocrx_word' id='word_1_634' title='bbox 1534 5309 1624 5367; x_wconf 82' lang='grc' dir='ltr'><strong>οὗν</strong></span> <span class='ocrx_word' id='word_1_635' title='bbox 1665 5312 1806 5388; x_wconf 75' lang='grc' dir='ltr'>παρὰ</span> <span class='ocrx_word' id='word_1_636' title='bbox 1834 5312 1932 5377; x_wconf 77' lang='grc' dir='ltr'><strong>τὴν</strong></span> 
     </span>
    </p>
   </div>
   <div class='ocr_carea' id='block_1_85' title="bbox 273 5399 1930 5480">
    <p class='ocr_par' dir='ltr' id='par_1_85' title="bbox 273 5399 1930 5480">
     <span class='ocr_line' id='line_1_85' title="bbox 273 5399 1930 5480; baseline -0.007 -13"><span class='ocrx_word' id='word_1_637' title='bbox 273 5410 437 5468; x_wconf 81' lang='grc' dir='ltr'>πόλιν</span> <span class='ocrx_word' id='word_1_638' title='bbox 494 5411 558 5465; x_wconf 75' lang='grc' dir='ltr'>τὸ</span> <span class='ocrx_word' id='word_1_639' title='bbox 615 5407 893 5478; x_wconf 67' lang='grc' dir='ltr'>Οὗννικὸν,</span> <span class='ocrx_word' id='word_1_640' title='bbox 969 5401 1114 5459; x_wconf 75' lang='grc' dir='ltr'>ἐλετν</span> <span class='ocrx_word' id='word_1_641' title='bbox 1183 5400 1348 5469; x_wconf 70' lang='grc' dir='ltr'>αὐτὴν</span> <span class='ocrx_word' id='word_1_642' title='bbox 1419 5399 1606 5480; x_wconf 78' lang='grc' dir='ltr'>ῥᾳδίως</span> <span class='ocrx_word' id='word_1_643' title='bbox 1676 5400 1930 5476; x_wconf 76' lang='grc' dir='ltr'><strong>οἰόμενοι⁸</strong></span> 
     </span>
    </p>
   </div>
   <div class='ocr_carea' id='block_1_86' title="bbox 277 5490 1938 5578">
    <p class='ocr_par' dir='ltr' id='par_1_86' title="bbox 277 5490 1938 5578">
     <span class='ocr_line' id='line_1_86' title="bbox 277 5490 1938 5578; baseline -0.009 -17"><span class='ocrx_word' id='word_1_644' title='bbox 277 5499 545 5578; x_wconf 76' lang='grc' dir='ltr'>Ῥωμαῖοι</span> <span class='ocrx_word' id='word_1_645' title='bbox 603 5497 659 5554; x_wconf 76' lang='grc' dir='ltr'>δὲ</span> <span class='ocrx_word' id='word_1_646' title='bbox 717 5493 1034 5574; x_wconf 74' lang='grc' dir='ltr'>συμμαχίιν</span> <span class='ocrx_word' id='word_1_647' title='bbox 1093 5490 1437 5559; x_wconf 73' lang='grc' dir='ltr'>Ἐδεσσηνοϊς</span> <span class='ocrx_word' id='word_1_648' title='bbox 1477 5491 1799 5567; x_wconf 78' lang='grc' dir='ltr'>πέμπουσιν,</span> <span class='ocrx_word' id='word_1_649' title='bbox 1864 5492 1938 5557; x_wconf 81' lang='grc' dir='ltr'>ὡς</span> 
     </span>
    </p>
   </div>
   <div class='ocr_carea' id='block_1_87' title="bbox 359 5639 910 5712">
    <p class='ocr_par' dir='ltr' id='par_1_87' title="bbox 359 5639 910 5712">
     <span class='ocr_line' id='line_1_87' title="bbox 359 5639 910 5712; baseline -0.011 -4"><span class='ocrx_word' id='word_1_650' title='bbox 359 5643 414 5690; x_wconf 67' lang='grc'><strong>1⁷</strong></span> <span class='ocrx_word' id='word_1_651' title='bbox 443 5642 619 5707; x_wconf 76' lang='lat' dir='ltr'><strong>Rom.</strong></span> <span class='ocrx_word' id='word_1_652' title='bbox 655 5655 780 5712; x_wconf 74' lang='lat' dir='ltr'><strong>rm,</strong></span> <span class='ocrx_word' id='word_1_653' title='bbox 809 5639 910 5702; x_wconf 79' lang='grc'><strong>18.</strong></span> 
     </span>
    </p>
   </div>
   <div class='ocr_carea' id='block_1_88' title="bbox 2009 3246 3662 3334">
    <p class='ocr_par' dir='ltr' id='par_1_88' title="bbox 2009 3246 3662 3334">
     <span class='ocr_line' id='line_1_88' title="bbox 2009 3246 3662 3334; baseline 0.007 -26"><span class='ocrx_word' id='word_1_654' title='bbox 2009 3246 2185 3309; x_wconf 85' lang='lat' dir='ltr'><strong>talem</strong></span> <span class='ocrx_word' id='word_1_655' title='bbox 2218 3267 2353 3311; x_wconf 93' lang='lat' dir='ltr'><strong>cum</strong></span> <span class='ocrx_word' id='word_1_656' title='bbox 2385 3251 2608 3313; x_wconf 88' lang='lat' dir='ltr'><strong>sanctis</strong></span> <span class='ocrx_word' id='word_1_657' title='bbox 2641 3261 2847 3314; x_wconf 87' lang='lat' dir='ltr'><strong>nactus</strong></span> <span class='ocrx_word' id='word_1_658' title='bbox 2878 3252 2987 3314; x_wconf 90' lang='lat' dir='ltr'><strong>fuit</strong></span> <span class='ocrx_word' id='word_1_659' title='bbox 3009 3253 3469 3334; x_wconf 88' lang='lat' dir='ltr'><strong>depositionem,</strong></span> <span class='ocrx_word' id='word_1_660' title='bbox 3497 3265 3554 3319; x_wconf 92' lang='lat' dir='ltr'><strong>et</strong></span> <span class='ocrx_word' id='word_1_661' title='bbox 3575 3263 3662 3319; x_wconf 92' lang='lat' dir='ltr'><strong>sic</strong></span> 
     </span>
    </p>
   </div>
   <div class='ocr_carea' id='block_1_89' title="bbox 2010 3340 3662 3424">
    <p class='ocr_par' dir='ltr' id='par_1_89' title="bbox 2010 3340 3662 3424">
     <span class='ocr_line' id='line_1_89' title="bbox 2010 3340 3662 3424; baseline 0.005 -23"><span class='ocrx_word' id='word_1_662' title='bbox 2010 3340 2124 3424; x_wconf 92' lang='lat' dir='ltr'><strong>piis</strong></span> <span class='ocrx_word' id='word_1_663' title='bbox 2154 3340 2354 3404; x_wconf 88' lang='lat' dir='ltr'><strong>attulit</strong></span> <span class='ocrx_word' id='word_1_664' title='bbox 2383 3341 2652 3420; x_wconf 85' lang='lat' dir='ltr'><strong>requiem</strong></span> <span class='ocrx_word' id='word_1_665' title='bbox 2687 3360 2721 3402; x_wconf 90' lang='lat' dir='ltr'><strong>a</strong></span> <span class='ocrx_word' id='word_1_666' title='bbox 2757 3342 3296 3422; x_wconf 87' lang='lat' dir='ltr'><strong>persecutionibus.</strong></span> <span class='ocrx_word' id='word_1_667' title='bbox 3329 3344 3472 3408; x_wconf 89' lang='lat' dir='ltr'><strong>Nam</strong></span> <span class='ocrx_word' id='word_1_668' title='bbox 3498 3347 3662 3410; x_wconf 87' lang='lat' dir='ltr'><strong>dein-</strong></span> 
     </span>
    </p>
   </div>
   <div class='ocr_carea' id='block_1_90' title="bbox 2009 3429 3662 3513">
    <p class='ocr_par' dir='ltr' id='par_1_90' title="bbox 2009 3429 3662 3513">
     <span class='ocr_line' id='line_1_90' title="bbox 2009 3429 3662 3513; baseline 0.003 -20"><span class='ocrx_word' id='word_1_669' title='bbox 2009 3449 2154 3510; x_wconf 85' lang='lat' dir='ltr'><strong>ceps</strong></span> <span class='ocrx_word' id='word_1_670' title='bbox 2179 3429 2423 3511; x_wconf 90' lang='lat' dir='ltr'><strong>quidem</strong></span> <span class='ocrx_word' id='word_1_671' title='bbox 2455 3430 2680 3491; x_wconf 89' lang='lat' dir='ltr'><strong>Licinio</strong></span> <span class='ocrx_word' id='word_1_672' title='bbox 2709 3431 2817 3492; x_wconf 90' lang='lat' dir='ltr'><strong>fuit</strong></span> <span class='ocrx_word' id='word_1_673' title='bbox 2846 3432 3137 3494; x_wconf 87' lang='lat' dir='ltr'><strong>diminuta</strong></span> <span class='ocrx_word' id='word_1_674' title='bbox 3163 3435 3464 3513; x_wconf 88' lang='lat' dir='ltr'><strong>potentia;</strong></span> <span class='ocrx_word' id='word_1_675' title='bbox 3493 3438 3662 3499; x_wconf 48' lang='lat' dir='ltr'><strong>Con-v</strong></span> 
     </span>
    </p>
   </div>
   <div class='ocr_carea' id='block_1_91' title="bbox 2010 3519 3660 3595">
    <p class='ocr_par' dir='ltr' id='par_1_91' title="bbox 2010 3519 3660 3595">
     <span class='ocr_line' id='line_1_91' title="bbox 2010 3519 3660 3595; baseline 0.004 -13"><span class='ocrx_word' id='word_1_676' title='bbox 2010 3519 2269 3582; x_wconf 88' lang='lat' dir='ltr'><strong>stantino</strong></span> <span class='ocrx_word' id='word_1_677' title='bbox 2301 3527 2496 3580; x_wconf 89' lang='lat' dir='ltr'><strong>autem</strong></span> <span class='ocrx_word' id='word_1_678' title='bbox 2529 3520 2725 3582; x_wconf 79' lang='lat' dir='ltr'><strong>ﬂoruit</strong></span> <span class='ocrx_word' id='word_1_679' title='bbox 2756 3521 3105 3595; x_wconf 88' lang='lat' dir='ltr'><strong>dominatio,</strong></span> <span class='ocrx_word' id='word_1_680' title='bbox 3140 3531 3200 3584; x_wconf 89' lang='lat' dir='ltr'><strong>et</strong></span> <span class='ocrx_word' id='word_1_681' title='bbox 3249 3535 3572 3588; x_wconf 89' lang='lat' dir='ltr'><strong>creverunt</strong></span> <span class='ocrx_word' id='word_1_682' title='bbox 3603 3529 3660 3588; x_wconf 93' lang='lat' dir='ltr'><strong>ei</strong></span> 
     </span>
    </p>
   </div>
   <div class='ocr_carea' id='block_1_92' title="bbox 2012 3608 3661 3695">
    <p class='ocr_par' dir='ltr' id='par_1_92' title="bbox 2012 3608 3661 3695">
     <span class='ocr_line' id='line_1_92' title="bbox 2012 3608 3661 3695; baseline 0.003 -23"><span class='ocrx_word' id='word_1_683' title='bbox 2012 3618 2245 3692; x_wconf 88' lang='lat' dir='ltr'><strong>sceptra</strong></span> <span class='ocrx_word' id='word_1_684' title='bbox 2271 3608 2714 3673; x_wconf 83' lang='lat' dir='ltr'><strong>Romanorum:</strong></span> <span class='ocrx_word' id='word_1_685' title='bbox 2751 3611 2852 3691; x_wconf 90' lang='lat' dir='ltr'><strong>qui</strong></span> <span class='ocrx_word' id='word_1_686' title='bbox 2886 3610 3114 3692; x_wconf 88' lang='lat' dir='ltr'><strong>primus</strong></span> <span class='ocrx_word' id='word_1_687' title='bbox 3144 3611 3304 3674; x_wconf 91' lang='lat' dir='ltr'><strong>inter</strong></span> <span class='ocrx_word' id='word_1_688' title='bbox 3331 3615 3661 3695; x_wconf 88' lang='lat' dir='ltr'><strong>imperato-</strong></span> 
     </span>
    </p>
   </div>
   <div class='ocr_carea' id='block_1_93' title="bbox 2012 3698 3661 3780">
    <p class='ocr_par' dir='ltr' id='par_1_93' title="bbox 2012 3698 3661 3780">
     <span class='ocr_line' id='line_1_93' title="bbox 2012 3698 3661 3780; baseline 0.003 -18"><span class='ocrx_word' id='word_1_689' title='bbox 2012 3719 2111 3762; x_wconf 85' lang='lat' dir='ltr'><strong>res</strong></span> <span class='ocrx_word' id='word_1_690' title='bbox 2144 3699 2331 3761; x_wconf 91' lang='lat' dir='ltr'><strong>libere</strong></span> <span class='ocrx_word' id='word_1_691' title='bbox 2365 3698 2672 3778; x_wconf 86' lang='lat' dir='ltr'><strong>professus</strong></span> <span class='ocrx_word' id='word_1_692' title='bbox 2703 3708 2794 3761; x_wconf 91' lang='lat' dir='ltr'><strong>est</strong></span> <span class='ocrx_word' id='word_1_693' title='bbox 2823 3700 3135 3780; x_wconf 85' lang='lat' dir='ltr'><strong>pietatem,</strong></span> <span class='ocrx_word' id='word_1_694' title='bbox 3189 3709 3250 3764; x_wconf 89' lang='lat' dir='ltr'><strong>et</strong></span> <span class='ocrx_word' id='word_1_695' title='bbox 3307 3703 3661 3767; x_wconf 86' lang='lat' dir='ltr'><strong>Christianis</strong></span> 
     </span>
    </p>
   </div>
   <div class='ocr_carea' id='block_1_94' title="bbox 2015 3788 3659 3874">
    <p class='ocr_par' dir='ltr' id='par_1_94' title="bbox 2015 3788 3659 3874">
     <span class='ocr_line' id='line_1_94' title="bbox 2015 3788 3659 3874; baseline 0.003 -24"><span class='ocrx_word' id='word_1_696' title='bbox 2015 3788 2313 3851; x_wconf 88' lang='lat' dir='ltr'><strong>concessit</strong></span> <span class='ocrx_word' id='word_1_697' title='bbox 2363 3788 2562 3851; x_wconf 85' lang='lat' dir='ltr'><strong>vivere</strong></span> <span class='ocrx_word' id='word_1_698' title='bbox 2619 3801 2686 3850; x_wconf 86' lang='lat' dir='ltr'><strong>ut</strong></span> <span class='ocrx_word' id='word_1_699' title='bbox 2741 3789 3136 3853; x_wconf 87' lang='lat' dir='ltr'><strong>Christianos.</strong></span> <span class='ocrx_word' id='word_1_700' title='bbox 3198 3793 3316 3856; x_wconf 89' lang='lat' dir='ltr'><strong>Sed</strong></span> <span class='ocrx_word' id='word_1_701' title='bbox 3368 3802 3430 3854; x_wconf 90' lang='lat' dir='ltr'><strong>ut</strong></span> <span class='ocrx_word' id='word_1_702' title='bbox 3463 3795 3659 3874; x_wconf 88' lang='lat' dir='ltr'><strong>possi-</strong></span> 
     </span>
    </p>
   </div>
   <div class='ocr_carea' id='block_1_95' title="bbox 2015 3879 3658 3963">
    <p class='ocr_par' dir='ltr' id='par_1_95' title="bbox 2015 3879 3658 3963">
     <span class='ocr_line' id='line_1_95' title="bbox 2015 3879 3658 3963; baseline 0.005 -25"><span class='ocrx_word' id='word_1_703' title='bbox 2015 3879 2090 3940; x_wconf 85' lang='lat' dir='ltr'><strong>tis</strong></span> <span class='ocrx_word' id='word_1_704' title='bbox 2121 3895 2509 3958; x_wconf 87' lang='lat' dir='ltr'><strong>cognoscere,</strong></span> <span class='ocrx_word' id='word_1_705' title='bbox 2561 3879 2803 3958; x_wconf 85' lang='lat' dir='ltr'><strong>qualem</strong></span> <span class='ocrx_word' id='word_1_706' title='bbox 2856 3881 3101 3958; x_wconf 81' lang='lat' dir='ltr'><strong>gratiam</strong></span> <span class='ocrx_word' id='word_1_707' title='bbox 3159 3890 3444 3963; x_wconf 72' lang='lat' dir='ltr'><strong>martyres</strong></span> <span class='ocrx_word' id='word_1_708' title='bbox 3501 3885 3658 3962; x_wconf 86' lang='lat' dir='ltr'><strong>apud</strong></span> 
     </span>
    </p>
   </div>
   <div class='ocr_carea' id='block_1_96' title="bbox 2010 3971 3659 4047">
    <p class='ocr_par' dir='ltr' id='par_1_96' title="bbox 2010 3971 3659 4047">
     <span class='ocr_line' id='line_1_96' title="bbox 2010 3971 3659 4047; baseline 0.003 -16"><span class='ocrx_word' id='word_1_709' title='bbox 2010 3971 2196 4032; x_wconf 91' lang='lat' dir='ltr'><strong>Deum</strong></span> <span class='ocrx_word' id='word_1_710' title='bbox 2258 3976 2393 4029; x_wconf 89' lang='lat' dir='ltr'><strong>sunt</strong></span> <span class='ocrx_word' id='word_1_711' title='bbox 2451 3971 2733 4047; x_wconf 80' lang='lat' dir='ltr'><strong>assecuti,</strong></span> <span class='ocrx_word' id='word_1_712' title='bbox 2800 3987 3051 4032; x_wconf 87' lang='lat' dir='ltr'><strong>necesse</strong></span> <span class='ocrx_word' id='word_1_713' title='bbox 3111 3981 3205 4033; x_wconf 84' lang='lat' dir='ltr'><strong>est</strong></span> <span class='ocrx_word' id='word_1_714' title='bbox 3250 3990 3376 4034; x_wconf 87' lang='lat' dir='ltr'><strong>rem</strong></span> <span class='ocrx_word' id='word_1_715' title='bbox 3426 3973 3499 4035; x_wconf 91' lang='lat' dir='ltr'><strong>ab</strong></span> <span class='ocrx_word' id='word_1_716' title='bbox 3543 3975 3659 4037; x_wconf 90' lang='lat' dir='ltr'><strong>alto</strong></span> 
     </span>
    </p>
   </div>
   <div class='ocr_carea' id='block_1_97' title="bbox 2005 4067 2310 4138">
    <p class='ocr_par' dir='ltr' id='par_1_97' title="bbox 2005 4067 2310 4138">
     <span class='ocr_line' id='line_1_97' title="bbox 2005 4067 2310 4138; baseline -0.007 -18"><span class='ocrx_word' id='word_1_717' title='bbox 2005 4067 2310 4138; x_wconf 83' lang='lat' dir='ltr'><strong>repetere.</strong></span> 
     </span>
    </p>
   </div>
   <div class='ocr_carea' id='block_1_98' title="bbox 2081 4153 3660 4232">
    <p class='ocr_par' dir='ltr' id='par_1_98' title="bbox 2081 4153 3660 4232">
     <span class='ocr_line' id='line_1_98' title="bbox 2081 4153 3660 4232; baseline 0.003 -19"><span class='ocrx_word' id='word_1_718' title='bbox 2081 4153 2198 4213; x_wconf 85' lang='lat' dir='ltr'><strong>XVI</strong></span> <span class='ocrx_word' id='word_1_719' title='bbox 2250 4154 2699 4232; x_wconf 71' lang='lat' dir='ltr'><strong>ilunpiquidem</strong></span> <span class='ocrx_word' id='word_1_720' title='bbox 2729 4155 3363 4226; x_wconf 73' lang='lat' dir='ltr'><strong>Ephtalitm,Persarum</strong></span> <span class='ocrx_word' id='word_1_721' title='bbox 3410 4159 3660 4232; x_wconf 80' lang='lat' dir='ltr'><strong>finitimi,</strong></span> 
     </span>
    </p>
   </div>
   <div class='ocr_carea' id='block_1_99' title="bbox 2012 4229 3655 4319">
    <p class='ocr_par' dir='ltr' id='par_1_99' title="bbox 2012 4229 3655 4319">
     <span class='ocr_line' id='line_1_99' title="bbox 2012 4229 3655 4319; baseline 0.002 -21"><span class='ocrx_word' id='word_1_722' title='bbox 2012 4245 2071 4299; x_wconf 91' lang='lat' dir='ltr'><strong>et</strong></span> <span class='ocrx_word' id='word_1_723' title='bbox 2105 4237 2207 4312; x_wconf 86' lang='lat' dir='ltr'><strong>qui</strong></span> <span class='ocrx_word' id='word_1_724' title='bbox 2238 4237 2310 4297; x_wconf 87' lang='lat' dir='ltr'><strong>ad</strong></span> <span class='ocrx_word' id='word_1_725' title='bbox 2342 4229 2530 4298; x_wconf 85' lang='lat' dir='ltr'><strong>solem</strong></span> <span class='ocrx_word' id='word_1_726' title='bbox 2582 4235 2928 4297; x_wconf 83' lang='lat' dir='ltr'><strong>habitabant</strong></span> <span class='ocrx_word' id='word_1_727' title='bbox 2956 4235 3248 4298; x_wconf 89' lang='lat' dir='ltr'><strong>orientem</strong></span> <span class='ocrx_word' id='word_1_728' title='bbox 3283 4259 3296 4300; x_wconf 94' lang='lat'><strong>:</strong></span> <span class='ocrx_word' id='word_1_729' title='bbox 3334 4238 3454 4300; x_wconf 63' lang='lat' dir='ltr'><strong>haec</strong></span> <span class='ocrx_word' id='word_1_730' title='bbox 3485 4229 3655 4319; x_wconf 77' lang='lat' dir='ltr'><strong>gens,</strong></span> 
     </span>
    </p>
   </div>
   <div class='ocr_carea' id='block_1_100' title="bbox 2011 4325 3662 4408">
    <p class='ocr_par' dir='ltr' id='par_1_100' title="bbox 2011 4325 3662 4408">
     <span class='ocr_line' id='line_1_100' title="bbox 2011 4325 3662 4408; baseline 0.001 -20"><span class='ocrx_word' id='word_1_731' title='bbox 2011 4329 2283 4406; x_wconf 79' lang='lat' dir='ltr'><strong>inquam,</strong></span> <span class='ocrx_word' id='word_1_732' title='bbox 2321 4325 2659 4407; x_wconf 84' lang='lat' dir='ltr'><strong>importuna</strong></span> <span class='ocrx_word' id='word_1_733' title='bbox 2692 4334 2750 4388; x_wconf 92' lang='lat' dir='ltr'><strong>et</strong></span> <span class='ocrx_word' id='word_1_734' title='bbox 2781 4325 3054 4401; x_wconf 89' lang='lat' dir='ltr'><strong>barbara,</strong></span> <span class='ocrx_word' id='word_1_735' title='bbox 3090 4345 3206 4388; x_wconf 88' lang='lat' dir='ltr'><strong>non</strong></span> <span class='ocrx_word' id='word_1_736' title='bbox 3242 4328 3450 4408; x_wconf 85' lang='lat' dir='ltr'><strong>paucis</strong></span> <span class='ocrx_word' id='word_1_737' title='bbox 3488 4331 3662 4391; x_wconf 85' lang='lat' dir='ltr'><strong>annis</strong></span> 
     </span>
    </p>
   </div>
   <div class='ocr_carea' id='block_1_101' title="bbox 1955 4417 3661 4505">
    <p class='ocr_par' dir='ltr' id='par_1_101' title="bbox 1955 4417 3661 4505">
     <span class='ocr_line' id='line_1_101' title="bbox 1955 4417 3661 4505; baseline 0.002 -29"><span class='ocrx_word' id='word_1_738' title='bbox 1955 4423 2148 4505; x_wconf 72' lang='lat' dir='ltr'><strong>Dpost</strong></span> <span class='ocrx_word' id='word_1_739' title='bbox 2220 4424 2538 4494; x_wconf 76' lang='lat' dir='ltr'><strong>martyrum</strong></span> <span class='ocrx_word' id='word_1_740' title='bbox 2595 4417 3194 4491; x_wconf 80' lang='lat' dir='ltr'><strong>consummationem,</strong></span> <span class='ocrx_word' id='word_1_741' title='bbox 3259 4435 3447 4498; x_wconf 89' lang='lat' dir='ltr'><strong>usque</strong></span> <span class='ocrx_word' id='word_1_742' title='bbox 3508 4418 3661 4479; x_wconf 88' lang='lat' dir='ltr'><strong>adeo</strong></span> 
     </span>
    </p>
   </div>
   <div class='ocr_carea' id='block_1_102' title="bbox 2012 4503 3662 4588">
    <p class='ocr_par' dir='ltr' id='par_1_102' title="bbox 2012 4503 3662 4588">
     <span class='ocr_line' id='line_1_102' title="bbox 2012 4503 3662 4588; baseline 0.002 -22"><span class='ocrx_word' id='word_1_743' title='bbox 2012 4505 2363 4566; x_wconf 80' lang='lat' dir='ltr'><strong>invaserunt</strong></span> <span class='ocrx_word' id='word_1_744' title='bbox 2380 4505 2777 4584; x_wconf 81' lang='lat' dir='ltr'><strong>Romanos,ut</strong></span> <span class='ocrx_word' id='word_1_745' title='bbox 2799 4503 3445 4568; x_wconf 81' lang='lat' dir='ltr'><strong>facerentincursiones</strong></span> <span class='ocrx_word' id='word_1_746' title='bbox 3468 4526 3662 4588; x_wconf 89' lang='lat' dir='ltr'><strong>usque</strong></span> 
     </span>
    </p>
   </div>
   <div class='ocr_carea' id='block_1_103' title="bbox 2017 4591 3665 4678">
    <p class='ocr_par' dir='ltr' id='par_1_103' title="bbox 2017 4591 3665 4678">
     <span class='ocr_line' id='line_1_103' title="bbox 2017 4591 3665 4678; baseline 0.004 -24"><span class='ocrx_word' id='word_1_747' title='bbox 2017 4595 2088 4654; x_wconf 86' lang='lat' dir='ltr'><strong>ad</strong></span> <span class='ocrx_word' id='word_1_748' title='bbox 2125 4593 2313 4672; x_wconf 88' lang='lat' dir='ltr'><strong>ipsam</strong></span> <span class='ocrx_word' id='word_1_749' title='bbox 2347 4591 2726 4671; x_wconf 84' lang='lat' dir='ltr'><strong>Edessam,et</strong></span> <span class='ocrx_word' id='word_1_750' title='bbox 2749 4593 2978 4673; x_wconf 75' lang='lat' dir='ltr'><strong>prmdas</strong></span> <span class='ocrx_word' id='word_1_751' title='bbox 2999 4603 3242 4674; x_wconf 86' lang='lat' dir='ltr'><strong>agerent</strong></span> <span class='ocrx_word' id='word_1_752' title='bbox 3273 4613 3341 4656; x_wconf 85' lang='lat' dir='ltr'><strong>ex</strong></span> <span class='ocrx_word' id='word_1_753' title='bbox 3372 4597 3665 4678; x_wconf 82' lang='lat' dir='ltr'><strong>agris,qui</strong></span> 
     </span>
    </p>
   </div>
   <div class='ocr_carea' id='block_1_104' title="bbox 2014 4680 3662 4767">
    <p class='ocr_par' dir='ltr' id='par_1_104' title="bbox 2014 4680 3662 4767">
     <span class='ocr_line' id='line_1_104' title="bbox 2014 4680 3662 4767; baseline 0.002 -23"><span class='ocrx_word' id='word_1_754' title='bbox 2014 4682 2175 4744; x_wconf 82' lang='lat' dir='ltr'><strong>circa</strong></span> <span class='ocrx_word' id='word_1_755' title='bbox 2206 4682 2392 4762; x_wconf 85' lang='lat' dir='ltr'><strong>ipsam</strong></span> <span class='ocrx_word' id='word_1_756' title='bbox 2428 4681 2523 4743; x_wconf 77' lang='lat' dir='ltr'><strong>siti</strong></span> <span class='ocrx_word' id='word_1_757' title='bbox 2556 4690 2718 4745; x_wconf 89' lang='lat' dir='ltr'><strong>sunt.</strong></span> <span class='ocrx_word' id='word_1_758' title='bbox 2755 4680 3152 4744; x_wconf 82' lang='lat' dir='ltr'><strong>Romanorum</strong></span> <span class='ocrx_word' id='word_1_759' title='bbox 3177 4691 3375 4746; x_wconf 88' lang='lat' dir='ltr'><strong>autem</strong></span> <span class='ocrx_word' id='word_1_760' title='bbox 3399 4685 3662 4767; x_wconf 84' lang='lat' dir='ltr'><strong>impera-</strong></span> 
     </span>
    </p>
   </div>
   <div class='ocr_carea' id='block_1_105' title="bbox 2017 4770 3662 4844">
    <p class='ocr_par' dir='ltr' id='par_1_105' title="bbox 2017 4770 3662 4844">
     <span class='ocr_line' id='line_1_105' title="bbox 2017 4770 3662 4844; baseline 0.002 -11"><span class='ocrx_word' id='word_1_761' title='bbox 2017 4779 2176 4834; x_wconf 85' lang='lat' dir='ltr'><strong>tores</strong></span> <span class='ocrx_word' id='word_1_762' title='bbox 2207 4771 2426 4832; x_wconf 89' lang='lat' dir='ltr'><strong>acriter</strong></span> <span class='ocrx_word' id='word_1_763' title='bbox 2455 4770 2860 4834; x_wconf 80' lang='lat' dir='ltr'><strong>defenderunt</strong></span> <span class='ocrx_word' id='word_1_764' title='bbox 2886 4771 3208 4844; x_wconf 85' lang='lat' dir='ltr'><strong>civitatem,</strong></span> <span class='ocrx_word' id='word_1_765' title='bbox 3262 4778 3323 4836; x_wconf 85' lang='lat' dir='ltr'><strong>et</strong></span> <span class='ocrx_word' id='word_1_766' title='bbox 3373 4773 3536 4837; x_wconf 83' lang='lat' dir='ltr'><strong>brevi</strong></span> <span class='ocrx_word' id='word_1_767' title='bbox 3570 4782 3662 4836; x_wconf 81' lang='lat' dir='ltr'><strong>to-</strong></span> 
     </span>
    </p>
   </div>
   <div class='ocr_carea' id='block_1_106' title="bbox 2018 4860 3660 4944">
    <p class='ocr_par' dir='ltr' id='par_1_106' title="bbox 2018 4860 3660 4944">
     <span class='ocr_line' id='line_1_106' title="bbox 2018 4860 3660 4944; baseline 0.004 -22"><span class='ocrx_word' id='word_1_768' title='bbox 2018 4871 2141 4923; x_wconf 88' lang='lat' dir='ltr'><strong>tum</strong></span> <span class='ocrx_word' id='word_1_769' title='bbox 2161 4860 2519 4940; x_wconf 87' lang='lat' dir='ltr'><strong>colligerunt</strong></span> <span class='ocrx_word' id='word_1_770' title='bbox 2535 4861 2958 4936; x_wconf 78' lang='lat' dir='ltr'><strong>exercitum,ut</strong></span> <span class='ocrx_word' id='word_1_771' title='bbox 2974 4881 3147 4944; x_wconf 88' lang='lat' dir='ltr'><strong>opem</strong></span> <span class='ocrx_word' id='word_1_772' title='bbox 3163 4862 3660 4940; x_wconf 73' lang='lat' dir='ltr'><strong>ferrentEdessm,</strong></span> 
     </span>
    </p>
   </div>
   <div class='ocr_carea' id='block_1_107' title="bbox 2015 4949 3663 5031">
    <p class='ocr_par' dir='ltr' id='par_1_107' title="bbox 2015 4949 3663 5031">
     <span class='ocr_line' id='line_1_107' title="bbox 2015 4949 3663 5031; baseline 0.004 -21"><span class='ocrx_word' id='word_1_773' title='bbox 2015 4952 2281 5012; x_wconf 86' lang='lat' dir='ltr'><strong>volentes</strong></span> <span class='ocrx_word' id='word_1_774' title='bbox 2330 4949 2593 5025; x_wconf 81' lang='lat' dir='ltr'><strong>efﬁcere,</strong></span> <span class='ocrx_word' id='word_1_775' title='bbox 2646 4969 2722 5011; x_wconf 91' lang='lat' dir='ltr'><strong>ne</strong></span> <span class='ocrx_word' id='word_1_776' title='bbox 2760 4969 2829 5011; x_wconf 88' lang='lat' dir='ltr'><strong>ea</strong></span> <span class='ocrx_word' id='word_1_777' title='bbox 2880 4963 3232 5031; x_wconf 77' lang='lat' dir='ltr'><strong>caperetur:</strong></span> <span class='ocrx_word' id='word_1_778' title='bbox 3295 4959 3354 5013; x_wconf 89' lang='lat' dir='ltr'><strong>et</strong></span> <span class='ocrx_word' id='word_1_779' title='bbox 3408 4953 3663 5016; x_wconf 80' lang='lat' dir='ltr'><strong>maxime</strong></span> 
     </span>
    </p>
   </div>
   <div class='ocr_carea' id='block_1_108' title="bbox 2012 5039 3661 5122">
    <p class='ocr_par' dir='ltr' id='par_1_108' title="bbox 2012 5039 3661 5122">
     <span class='ocr_line' id='line_1_108' title="bbox 2012 5039 3661 5122; baseline 0.003 -21"><span class='ocrx_word' id='word_1_780' title='bbox 2012 5040 2210 5102; x_wconf 80' lang='lat' dir='ltr'><strong>verbis</strong></span> <span class='ocrx_word' id='word_1_781' title='bbox 2243 5039 2459 5102; x_wconf 83' lang='lat' dir='ltr'><strong>Christi</strong></span> <span class='ocrx_word' id='word_1_782' title='bbox 2489 5039 2880 5115; x_wconf 84' lang='lat' dir='ltr'><strong>conﬁdentes,</strong></span> <span class='ocrx_word' id='word_1_783' title='bbox 2916 5059 3049 5122; x_wconf 68' lang='lat' dir='ltr'><strong>quas</strong></span> <span class='ocrx_word' id='word_1_784' title='bbox 3073 5039 3395 5121; x_wconf 81' lang='lat' dir='ltr'><strong>scripserat</strong></span> <span class='ocrx_word' id='word_1_785' title='bbox 3426 5042 3499 5103; x_wconf 89' lang='lat' dir='ltr'><strong>ad</strong></span> <span class='ocrx_word' id='word_1_786' title='bbox 3531 5043 3661 5106; x_wconf 86' lang='lat' dir='ltr'><strong>Au-</strong></span> 
     </span>
    </p>
   </div>
   <div class='ocr_carea' id='block_1_109' title="bbox 2015 5129 3664 5212">
    <p class='ocr_par' dir='ltr' id='par_1_109' title="bbox 2015 5129 3664 5212">
     <span class='ocr_line' id='line_1_109' title="bbox 2015 5129 3664 5212; baseline 0.002 -20"><span class='ocrx_word' id='word_1_787' title='bbox 2015 5148 2245 5210; x_wconf 86' lang='lat' dir='ltr'><strong>garum,</strong></span> <span class='ocrx_word' id='word_1_788' title='bbox 2279 5129 2435 5209; x_wconf 90' lang='lat' dir='ltr'><strong>quod</strong></span> <span class='ocrx_word' id='word_1_789' title='bbox 2477 5129 2683 5191; x_wconf 66' lang='lat' dir='ltr'><strong>civitas</strong></span> <span class='ocrx_word' id='word_1_790' title='bbox 2725 5148 3029 5211; x_wconf 84' lang='lat' dir='ltr'><strong>nunquam</strong></span> <span class='ocrx_word' id='word_1_791' title='bbox 3089 5137 3250 5191; x_wconf 83' lang='lat' dir='ltr'><strong>esset</strong></span> <span class='ocrx_word' id='word_1_792' title='bbox 3296 5130 3589 5212; x_wconf 88' lang='lat' dir='ltr'><strong>capienda</strong></span> <span class='ocrx_word' id='word_1_793' title='bbox 3629 5153 3664 5195; x_wconf 76' lang='grc' dir='ltr'><strong>ιι</strong></span> 
     </span>
    </p>
   </div>
   <div class='ocr_carea' id='block_1_110' title="bbox 2019 5217 3668 5299">
    <p class='ocr_par' dir='ltr' id='par_1_110' title="bbox 2019 5217 3668 5299">
     <span class='ocr_line' id='line_1_110' title="bbox 2019 5217 3668 5299; baseline 0.002 -18"><span class='ocrx_word' id='word_1_794' title='bbox 2019 5219 2316 5281; x_wconf 80' lang='lat' dir='ltr'><strong>barbaris:</strong></span> <span class='ocrx_word' id='word_1_795' title='bbox 2346 5225 2407 5281; x_wconf 87' lang='lat' dir='ltr'><strong>et</strong></span> <span class='ocrx_word' id='word_1_796' title='bbox 2430 5218 2587 5299; x_wconf 90' lang='lat' dir='ltr'><strong>quod</strong></span> <span class='ocrx_word' id='word_1_797' title='bbox 2614 5219 2672 5279; x_wconf 92' lang='lat' dir='ltr'><strong>in</strong></span> <span class='ocrx_word' id='word_1_798' title='bbox 2697 5237 2830 5280; x_wconf 89' lang='lat' dir='ltr'><strong>eam</strong></span> <span class='ocrx_word' id='word_1_799' title='bbox 2862 5217 3110 5298; x_wconf 80' lang='lat' dir='ltr'><strong>primam</strong></span> <span class='ocrx_word' id='word_1_800' title='bbox 3140 5217 3373 5280; x_wconf 77' lang='lat' dir='ltr'><strong>Domini</strong></span> <span class='ocrx_word' id='word_1_801' title='bbox 3393 5222 3580 5282; x_wconf 88' lang='lat' dir='ltr'><strong>nostri</strong></span> <span class='ocrx_word' id='word_1_802' title='bbox 3606 5233 3668 5286; x_wconf 88' lang='lat' dir='ltr'><strong>et</strong></span> 
     </span>
    </p>
   </div>
   <div class='ocr_carea' id='block_1_111' title="bbox 2017 5307 3663 5390">
    <p class='ocr_par' dir='ltr' id='par_1_111' title="bbox 2017 5307 3663 5390">
     <span class='ocr_line' id='line_1_111' title="bbox 2017 5307 3663 5390; baseline -0.001 -18"><span class='ocrx_word' id='word_1_803' title='bbox 2017 5308 2235 5372; x_wconf 86' lang='lat' dir='ltr'><strong>Christi</strong></span> <span class='ocrx_word' id='word_1_804' title='bbox 2267 5307 2496 5386; x_wconf 74' lang='lat' dir='ltr'><strong>effigies</strong></span> <span class='ocrx_word' id='word_1_805' title='bbox 2529 5307 2707 5368; x_wconf 90' lang='lat' dir='ltr'><strong>missa</strong></span> <span class='ocrx_word' id='word_1_806' title='bbox 2735 5307 2811 5368; x_wconf 87' lang='lat' dir='ltr'><strong>sit</strong></span> <span class='ocrx_word' id='word_1_807' title='bbox 2839 5307 2922 5371; x_wconf 92' lang='lat' dir='ltr'><strong>Ad</strong></span> <span class='ocrx_word' id='word_1_808' title='bbox 2975 5310 3294 5385; x_wconf 87' lang='lat' dir='ltr'><strong>Augarum.</strong></span> <span class='ocrx_word' id='word_1_809' title='bbox 3338 5310 3544 5390; x_wconf 86' lang='lat' dir='ltr'><strong>Itaque</strong></span> <span class='ocrx_word' id='word_1_810' title='bbox 3589 5310 3663 5371; x_wconf 88' lang='lat' dir='ltr'><strong>ad</strong></span> 
     </span>
    </p>
   </div>
   <div class='ocr_carea' id='block_1_112' title="bbox 2019 5394 3667 5477">
    <p class='ocr_par' dir='ltr' id='par_1_112' title="bbox 2019 5394 3667 5477">
     <span class='ocr_line' id='line_1_112' title="bbox 2019 5394 3667 5477; baseline -0.002 -17"><span class='ocrx_word' id='word_1_811' title='bbox 2019 5397 2312 5460; x_wconf 89' lang='lat' dir='ltr'><strong>civitatem</strong></span> <span class='ocrx_word' id='word_1_812' title='bbox 2345 5403 2540 5458; x_wconf 89' lang='lat' dir='ltr'><strong>castra</strong></span> <span class='ocrx_word' id='word_1_813' title='bbox 2572 5402 2888 5458; x_wconf 82' lang='lat' dir='ltr'><strong>moverunt</strong></span> <span class='ocrx_word' id='word_1_814' title='bbox 2918 5394 3140 5472; x_wconf 85' lang='lat' dir='ltr'><strong>Hunni,</strong></span> <span class='ocrx_word' id='word_1_815' title='bbox 3181 5405 3458 5477; x_wconf 80' lang='lat' dir='ltr'><strong>putantes</strong></span> <span class='ocrx_word' id='word_1_816' title='bbox 3489 5415 3554 5458; x_wconf 92' lang='lat' dir='ltr'><strong>se</strong></span> <span class='ocrx_word' id='word_1_817' title='bbox 3580 5397 3667 5458; x_wconf 86' lang='lat' dir='ltr'><strong>fa-</strong></span> 
     </span>
    </p>
   </div>
   <div class='ocr_carea' id='block_1_113' title="bbox 2019 5487 3666 5568">
    <p class='ocr_par' dir='ltr' id='par_1_113' title="bbox 2019 5487 3666 5568">
     <span class='ocr_line' id='line_1_113' title="bbox 2019 5487 3666 5568; baseline -0.001 -20"><span class='ocrx_word' id='word_1_818' title='bbox 2019 5487 2133 5548; x_wconf 87' lang='lat' dir='ltr'><strong>cile</strong></span> <span class='ocrx_word' id='word_1_819' title='bbox 2158 5503 2287 5547; x_wconf 91' lang='lat' dir='ltr'><strong>eam</strong></span> <span class='ocrx_word' id='word_1_820' title='bbox 2313 5505 2445 5550; x_wconf 85' lang='lat' dir='ltr'><strong>esse</strong></span> <span class='ocrx_word' id='word_1_821' title='bbox 2466 5494 2780 5568; x_wconf 71' lang='lat' dir='ltr'><strong>capturos;</strong></span> <span class='ocrx_word' id='word_1_822' title='bbox 2809 5489 3056 5549; x_wconf 81' lang='lat' dir='ltr'><strong>Romani</strong></span> <span class='ocrx_word' id='word_1_823' title='bbox 3079 5493 3278 5548; x_wconf 85' lang='lat' dir='ltr'><strong>autem</strong></span> <span class='ocrx_word' id='word_1_824' title='bbox 3305 5487 3542 5549; x_wconf 90' lang='lat' dir='ltr'><strong>mittunt</strong></span> <span class='ocrx_word' id='word_1_825' title='bbox 3562 5505 3666 5548; x_wconf 91' lang='lat' dir='ltr'><strong>au-</strong></span> 
     </span>
    </p>
   </div>
   <div class='ocr_carea' id='block_1_114' title="bbox 356 5733 3442 5839">
    <p class='ocr_par' dir='ltr' id='par_1_114' title="bbox 356 5733 3442 5839">
     <span class='ocr_line' id='line_1_114' title="bbox 356 5733 3442 5839; baseline -0.008 -22"><span class='ocrx_word' id='word_1_826' title='bbox 356 5755 441 5839; x_wconf 77' lang='lat' dir='ltr'><strong>(t)</strong></span> <span class='ocrx_word' id='word_1_827' title='bbox 475 5752 722 5821; x_wconf 80' lang='lat' dir='ltr'><strong>inclusa</strong></span> <span class='ocrx_word' id='word_1_828' title='bbox 743 5746 962 5812; x_wconf 81' lang='lat' dir='ltr'><strong>rubris</strong></span> <span class='ocrx_word' id='word_1_829' title='bbox 993 5744 1210 5808; x_wconf 90' lang='lat' dir='ltr'><strong>litteris</strong></span> <span class='ocrx_word' id='word_1_830' title='bbox 1239 5749 1482 5808; x_wconf 84' lang='lat' dir='ltr'><strong>exarata</strong></span> <span class='ocrx_word' id='word_1_831' title='bbox 1509 5746 1645 5806; x_wconf 83' lang='lat' dir='ltr'><strong>sunt</strong></span> <span class='ocrx_word' id='word_1_832' title='bbox 1678 5739 1741 5803; x_wconf 93' lang='lat' dir='ltr'><strong>in</strong></span> <span class='ocrx_word' id='word_1_833' title='bbox 1773 5755 1916 5803; x_wconf 88' lang='lat' dir='ltr'><strong>mss.</strong></span> <span class='ocrx_word' id='word_1_834' title='bbox 1953 5738 2110 5802; x_wconf 64' lang='grc' dir='ltr'><strong>15Ξὲ</strong></span> <span class='ocrx_word' id='word_1_835' title='bbox 2145 5745 2202 5799; x_wconf 90' lang='lat' dir='ltr'><strong>et</strong></span> <span class='ocrx_word' id='word_1_836' title='bbox 2242 5737 2386 5802; x_wconf 60' lang='grc'><strong>1549</strong></span> <span class='ocrx_word' id='word_1_837' title='bbox 2415 5744 2474 5800; x_wconf 90' lang='lat' dir='ltr'><strong>et</strong></span> <span class='ocrx_word' id='word_1_838' title='bbox 2503 5738 2562 5799; x_wconf 90' lang='lat' dir='ltr'><strong>in</strong></span> <span class='ocrx_word' id='word_1_839' title='bbox 2595 5737 2791 5820; x_wconf 89' lang='lat' dir='ltr'><strong>capite</strong></span> <span class='ocrx_word' id='word_1_840' title='bbox 2823 5737 3198 5822; x_wconf 78' lang='lat' dir='ltr'><strong>sequentium</strong></span> <span class='ocrx_word' id='word_1_841' title='bbox 3233 5733 3442 5820; x_wconf 76' lang='lat' dir='ltr'><strong>posita.</strong></span> 
     </span>
    </p>
   </div>
  </div>
