  <div class='ocr_page' id='page_1' title='image "/cluster/home/n/w/nwhite01/storage/ocr_20150623/116:no.3/coo.31924054870203/081.png"; bbox 0 0 4158 6424; ppageno 0'>
   <div class='ocr_carea' id='block_1_1' title="bbox 505 361 616 433">
    <p class='ocr_par' dir='ltr' id='par_1_1' title="bbox 505 361 616 433">
     <span class='ocr_line' id='line_1_1' title="bbox 505 361 616 433; baseline -0.018 0"><span class='ocrx_word' id='word_1_1' title='bbox 505 361 616 433; x_wconf 83' lang='grc'><strong>147</strong></span> 
     </span>
    </p>
   </div>
   <div class='ocr_carea' id='block_1_2' title="bbox 1809 361 2585 429">
    <p class='ocr_par' dir='ltr' id='par_1_2' title="bbox 1809 361 2585 429">
     <span class='ocr_line' id='line_1_2' title="bbox 1809 361 2585 429; baseline -0.004 0"><span class='ocrx_word' id='word_1_2' title='bbox 1809 362 2095 429; x_wconf 87' lang='lat' dir='ltr'><strong>MENSlS</strong></span> <span class='ocrx_word' id='word_1_3' title='bbox 2138 361 2585 428; x_wconf 82' lang='lat' dir='ltr'><strong>NOVEMBER.</strong></span> 
     </span>
    </p>
   </div>
   <div class='ocr_carea' id='block_1_3' title="bbox 3771 348 3888 422">
    <p class='ocr_par' dir='ltr' id='par_1_3' title="bbox 3771 348 3888 422">
     <span class='ocr_line' id='line_1_3' title="bbox 3771 348 3888 422; baseline -0.034 0"><span class='ocrx_word' id='word_1_4' title='bbox 3771 348 3888 422; x_wconf 77' lang='grc'><strong>148</strong></span> 
     </span>
    </p>
   </div>
   <div class='ocr_carea' id='block_1_4' title="bbox 495 491 2156 585">
    <p class='ocr_par' dir='ltr' id='par_1_4' title="bbox 495 500 2150 580">
     <span class='ocr_line' id='line_1_4' title="bbox 495 500 2150 580; baseline -0.003 -14"><span class='ocrx_word' id='word_1_5' title='bbox 495 503 706 566; x_wconf 78' lang='lat' dir='ltr'><strong>xilium</strong></span> <span class='ocrx_word' id='word_1_6' title='bbox 741 500 1090 580; x_wconf 88' lang='lat' dir='ltr'><strong>Edessenis,</strong></span> <span class='ocrx_word' id='word_1_7' title='bbox 1119 522 1192 566; x_wconf 90' lang='lat' dir='ltr'><strong>ne</strong></span> <span class='ocrx_word' id='word_1_8' title='bbox 1216 500 1274 566; x_wconf 90' lang='lat' dir='ltr'><strong>in</strong></span> <span class='ocrx_word' id='word_1_9' title='bbox 1300 521 1510 566; x_wconf 89' lang='lat' dir='ltr'><strong>manus</strong></span> <span class='ocrx_word' id='word_1_10' title='bbox 1537 502 1889 566; x_wconf 85' lang='lat' dir='ltr'><strong>Hunnorum</strong></span> <span class='ocrx_word' id='word_1_11' title='bbox 1915 501 2150 563; x_wconf 81' lang='lat' dir='ltr'><strong>veniret</strong></span> 
     </span>
    </p>
   </div>
   <div class='ocr_carea' id='block_1_5' title="bbox 2244 491 3889 585">
    <p class='ocr_par' dir='ltr' id='par_1_5' title="bbox 2244 491 3889 585">
     <span class='ocr_line' id='line_1_5' title="bbox 2244 491 3889 585; baseline -0.003 -29"><span class='ocrx_word' id='word_1_12' title='bbox 2244 501 2310 568; x_wconf 68' lang='lat' dir='ltr'><strong>ri;</strong></span> <span class='ocrx_word' id='word_1_13' title='bbox 2339 503 2442 560; x_wconf 72' lang='grc' dir='ltr'>ὑπὸ</span> <span class='ocrx_word' id='word_1_14' title='bbox 2473 501 2682 561; x_wconf 71' lang='grc' dir='ltr'>Οῧννων</span> <span class='ocrx_word' id='word_1_15' title='bbox 2738 503 3060 585; x_wconf 80' lang='grc' dir='ltr'>χὲιρωθῆναι</span> <span class='ocrx_word' id='word_1_16' title='bbox 3116 495 3218 567; x_wconf 73' lang='grc' dir='ltr'><strong>τὴν</strong></span> <span class='ocrx_word' id='word_1_17' title='bbox 3274 493 3452 562; x_wconf 89' lang='grc' dir='ltr'>πόλιν,</span> <span class='ocrx_word' id='word_1_18' title='bbox 3514 493 3668 556; x_wconf 70' lang='grc' dir='ltr'>Ἐπεὶ</span> <span class='ocrx_word' id='word_1_19' title='bbox 3721 491 3778 554; x_wconf 62' lang='grc' dir='ltr'><strong>δέ</strong></span> <span class='ocrx_word' id='word_1_20' title='bbox 3837 493 3889 552; x_wconf 76' lang='grc' dir='ltr'>οι</span> 
     </span>
    </p>
   </div>
   <div class='ocr_carea' id='block_1_6' title="bbox 505 591 2151 676">
    <p class='ocr_par' dir='ltr' id='par_1_6' title="bbox 505 591 2151 676">
     <span class='ocr_line' id='line_1_6' title="bbox 505 591 2151 676; baseline -0.002 -22"><span class='ocrx_word' id='word_1_21' title='bbox 505 592 730 657; x_wconf 92' lang='lat' dir='ltr'><strong>civitas.</strong></span> <span class='ocrx_word' id='word_1_22' title='bbox 764 596 912 656; x_wconf 90' lang='lat' dir='ltr'><strong>Cum</strong></span> <span class='ocrx_word' id='word_1_23' title='bbox 945 611 1109 668; x_wconf 88' lang='lat' dir='ltr'><strong>vero,</strong></span> <span class='ocrx_word' id='word_1_24' title='bbox 1146 595 1244 676; x_wconf 87' lang='lat' dir='ltr'><strong>qui</strong></span> <span class='ocrx_word' id='word_1_25' title='bbox 1277 595 1439 656; x_wconf 87' lang='lat' dir='ltr'><strong>missi</strong></span> <span class='ocrx_word' id='word_1_26' title='bbox 1473 596 1713 656; x_wconf 79' lang='lat' dir='ltr'><strong>fuerant</strong></span> <span class='ocrx_word' id='word_1_27' title='bbox 1755 611 1788 653; x_wconf 92' lang='lat' dir='ltr'><strong>a</strong></span> <span class='ocrx_word' id='word_1_28' title='bbox 1841 591 2151 666; x_wconf 81' lang='lat' dir='ltr'><strong>Romanis,</strong></span> 
     </span>
    </p>
   </div>
   <div class='ocr_carea' id='block_1_7' title="bbox 501 681 2158 764">
    <p class='ocr_par' dir='ltr' id='par_1_7' title="bbox 501 681 2158 764">
     <span class='ocr_line' id='line_1_7' title="bbox 501 681 2158 764; baseline -0.002 -20"><span class='ocrx_word' id='word_1_29' title='bbox 501 685 624 763; x_wconf 90' lang='lat' dir='ltr'><strong>jam</strong></span> <span class='ocrx_word' id='word_1_30' title='bbox 651 683 954 746; x_wconf 79' lang='lat' dir='ltr'><strong>venissent</strong></span> <span class='ocrx_word' id='word_1_31' title='bbox 975 684 1282 757; x_wconf 82' lang='lat' dir='ltr'><strong>Edessam,</strong></span> <span class='ocrx_word' id='word_1_32' title='bbox 1315 684 1531 745; x_wconf 83' lang='lat' dir='ltr'><strong>accidit</strong></span> <span class='ocrx_word' id='word_1_33' title='bbox 1552 682 1874 764; x_wconf 88' lang='lat' dir='ltr'><strong>utquidam</strong></span> <span class='ocrx_word' id='word_1_34' title='bbox 1902 681 2158 744; x_wconf 86' lang='lat' dir='ltr'><strong>Gotthus</strong></span> 
     </span>
    </p>
   </div>
   <div class='ocr_carea' id='block_1_8' title="bbox 507 771 2155 853">
    <p class='ocr_par' dir='ltr' id='par_1_8' title="bbox 507 771 2155 853">
     <span class='ocr_line' id='line_1_8' title="bbox 507 771 2155 853; baseline -0.003 -18"><span class='ocrx_word' id='word_1_35' title='bbox 507 775 662 835; x_wconf 78' lang='lat' dir='ltr'><strong>inter</strong></span> <span class='ocrx_word' id='word_1_36' title='bbox 692 792 816 846; x_wconf 88' lang='lat' dir='ltr'><strong>eos,</strong></span> <span class='ocrx_word' id='word_1_37' title='bbox 852 784 910 835; x_wconf 89' lang='lat' dir='ltr'><strong>et</strong></span> <span class='ocrx_word' id='word_1_38' title='bbox 938 774 1203 834; x_wconf 88' lang='lat' dir='ltr'><strong>moribus</strong></span> <span class='ocrx_word' id='word_1_39' title='bbox 1237 773 1547 853; x_wconf 90' lang='lat' dir='ltr'><strong>barbarus,</strong></span> <span class='ocrx_word' id='word_1_40' title='bbox 1607 783 1663 835; x_wconf 92' lang='lat' dir='ltr'><strong>et</strong></span> <span class='ocrx_word' id='word_1_41' title='bbox 1695 780 1894 834; x_wconf 88' lang='lat' dir='ltr'><strong>mente</strong></span> <span class='ocrx_word' id='word_1_42' title='bbox 1950 771 2155 851; x_wconf 89' lang='lat' dir='ltr'><strong>perni-</strong></span> 
     </span>
    </p>
   </div>
   <div class='ocr_carea' id='block_1_9' title="bbox 506 861 2153 944">
    <p class='ocr_par' dir='ltr' id='par_1_9' title="bbox 506 861 2153 944">
     <span class='ocr_line' id='line_1_9' title="bbox 506 861 2153 944; baseline -0.001 -22"><span class='ocrx_word' id='word_1_43' title='bbox 506 863 728 944; x_wconf 84' lang='lat' dir='ltr'><strong>ciosus,</strong></span> <span class='ocrx_word' id='word_1_44' title='bbox 759 864 1160 923; x_wconf 84' lang='lat' dir='ltr'><strong>diversaretur</strong></span> <span class='ocrx_word' id='word_1_45' title='bbox 1190 869 1248 922; x_wconf 90' lang='lat' dir='ltr'><strong>in</strong></span> <span class='ocrx_word' id='word_1_46' title='bbox 1282 864 1460 922; x_wconf 90' lang='lat' dir='ltr'><strong>domo</strong></span> <span class='ocrx_word' id='word_1_47' title='bbox 1492 862 1803 942; x_wconf 86' lang='lat' dir='ltr'><strong>cujusdam</strong></span> <span class='ocrx_word' id='word_1_48' title='bbox 1861 861 2153 940; x_wconf 81' lang='lat' dir='ltr'><strong>mulieris,</strong></span> 
     </span>
    </p>
   </div>
   <div class='ocr_carea' id='block_1_10' title="bbox 505 950 2154 1032">
    <p class='ocr_par' dir='ltr' id='par_1_10' title="bbox 505 950 2154 1032">
     <span class='ocr_line' id='line_1_10' title="bbox 505 950 2154 1032; baseline -0.001 -21"><span class='ocrx_word' id='word_1_49' title='bbox 505 951 745 1012; x_wconf 90' lang='lat' dir='ltr'><strong>nomine</strong></span> <span class='ocrx_word' id='word_1_50' title='bbox 772 951 1025 1032; x_wconf 76' lang='lat' dir='ltr'><strong>Sophize.</strong></span> <span class='ocrx_word' id='word_1_51' title='bbox 1055 950 1119 1012; x_wconf 90' lang='lat' dir='ltr'><strong>Ei</strong></span> <span class='ocrx_word' id='word_1_52' title='bbox 1151 959 1349 1012; x_wconf 84' lang='lat' dir='ltr'><strong>autem</strong></span> <span class='ocrx_word' id='word_1_53' title='bbox 1383 963 1508 1013; x_wconf 88' lang='lat' dir='ltr'><strong>erat</strong></span> <span class='ocrx_word' id='word_1_54' title='bbox 1541 957 1714 1012; x_wconf 77' lang='lat' dir='ltr'><strong>unica</strong></span> <span class='ocrx_word' id='word_1_55' title='bbox 1741 951 1882 1024; x_wconf 76' lang='lat' dir='ltr'><strong>ﬁlia,</strong></span> <span class='ocrx_word' id='word_1_56' title='bbox 1914 952 2154 1010; x_wconf 86' lang='lat' dir='ltr'><strong>nomine</strong></span> 
     </span>
    </p>
   </div>
   <div class='ocr_carea' id='block_1_11' title="bbox 504 1037 2154 1121">
    <p class='ocr_par' dir='ltr' id='par_1_11' title="bbox 504 1037 2154 1121">
     <span class='ocr_line' id='line_1_11' title="bbox 504 1037 2154 1121; baseline -0.001 -21"><span class='ocrx_word' id='word_1_57' title='bbox 504 1039 857 1121; x_wconf 87' lang='lat' dir='ltr'><strong>Euphemia,</strong></span> <span class='ocrx_word' id='word_1_58' title='bbox 881 1041 1093 1103; x_wconf 85' lang='lat' dir='ltr'><strong>viventi</strong></span> <span class='ocrx_word' id='word_1_59' title='bbox 1121 1041 1179 1101; x_wconf 91' lang='lat' dir='ltr'><strong>in</strong></span> <span class='ocrx_word' id='word_1_60' title='bbox 1214 1040 1525 1111; x_wconf 81' lang='lat' dir='ltr'><strong>viduitate,</strong></span> <span class='ocrx_word' id='word_1_61' title='bbox 1555 1052 1614 1102; x_wconf 92' lang='lat' dir='ltr'><strong>et</strong></span> <span class='ocrx_word' id='word_1_62' title='bbox 1639 1041 1714 1102; x_wconf 91' lang='lat' dir='ltr'><strong>de</strong></span> <span class='ocrx_word' id='word_1_63' title='bbox 1742 1042 1864 1102; x_wconf 86' lang='lat' dir='ltr'><strong>sola</strong></span> <span class='ocrx_word' id='word_1_64' title='bbox 1889 1040 2008 1100; x_wconf 92' lang='lat' dir='ltr'><strong>ﬁlia</strong></span> <span class='ocrx_word' id='word_1_65' title='bbox 2029 1037 2154 1099; x_wconf 88' lang='lat' dir='ltr'><strong>sol-</strong></span> 
     </span>
    </p>
   </div>
   <div class='ocr_carea' id='block_1_12' title="bbox 507 1129 2152 1211">
    <p class='ocr_par' dir='ltr' id='par_1_12' title="bbox 507 1129 2152 1211">
     <span class='ocr_line' id='line_1_12' title="bbox 507 1129 2152 1211; baseline 0.001 -22"><span class='ocrx_word' id='word_1_66' title='bbox 507 1129 706 1192; x_wconf 75' lang='lat' dir='ltr'><strong>licitae.</strong></span> <span class='ocrx_word' id='word_1_67' title='bbox 741 1129 1128 1192; x_wconf 84' lang='lat' dir='ltr'><strong>Educabatur</strong></span> <span class='ocrx_word' id='word_1_68' title='bbox 1159 1149 1297 1210; x_wconf 83' lang='lat' dir='ltr'><strong>ergo</strong></span> <span class='ocrx_word' id='word_1_69' title='bbox 1326 1133 1496 1192; x_wconf 86' lang='lat' dir='ltr'><strong>matri</strong></span> <span class='ocrx_word' id='word_1_70' title='bbox 1522 1131 1663 1200; x_wconf 87' lang='lat' dir='ltr'><strong>ﬁlia,</strong></span> <span class='ocrx_word' id='word_1_71' title='bbox 1702 1140 1978 1211; x_wconf 84' lang='lat' dir='ltr'><strong>tanquam</strong></span> <span class='ocrx_word' id='word_1_72' title='bbox 2014 1149 2152 1208; x_wconf 78' lang='lat' dir='ltr'><strong>ger-</strong></span> 
     </span>
    </p>
   </div>
   <div class='ocr_carea' id='block_1_13' title="bbox 510 1221 2158 1302">
    <p class='ocr_par' dir='ltr' id='par_1_13' title="bbox 510 1221 2158 1302">
     <span class='ocr_line' id='line_1_13' title="bbox 510 1221 2158 1302; baseline 0.001 -24"><span class='ocrx_word' id='word_1_73' title='bbox 510 1236 645 1280; x_wconf 90' lang='lat' dir='ltr'><strong>men</strong></span> <span class='ocrx_word' id='word_1_74' title='bbox 677 1238 892 1282; x_wconf 80' lang='lat' dir='ltr'><strong>recens</strong></span> <span class='ocrx_word' id='word_1_75' title='bbox 925 1221 1246 1302; x_wconf 84' lang='lat' dir='ltr'><strong>pullulans,</strong></span> <span class='ocrx_word' id='word_1_76' title='bbox 1285 1223 1738 1302; x_wconf 85' lang='lat' dir='ltr'><strong>temperantiam</strong></span> <span class='ocrx_word' id='word_1_77' title='bbox 1781 1238 2068 1283; x_wconf 76' lang='lat' dir='ltr'><strong>exercens</strong></span> <span class='ocrx_word' id='word_1_78' title='bbox 2102 1229 2158 1280; x_wconf 93' lang='lat' dir='ltr'><strong>et</strong></span> 
     </span>
    </p>
   </div>
   <div class='ocr_carea' id='block_1_14' title="bbox 502 1308 2158 1389">
    <p class='ocr_par' dir='ltr' id='par_1_14' title="bbox 502 1308 2158 1389">
     <span class='ocr_line' id='line_1_14' title="bbox 502 1308 2158 1389; baseline 0.001 -21"><span class='ocrx_word' id='word_1_79' title='bbox 502 1308 926 1389; x_wconf 81' lang='lat' dir='ltr'><strong>virginitatem,</strong></span> <span class='ocrx_word' id='word_1_80' title='bbox 965 1319 1022 1371; x_wconf 90' lang='lat' dir='ltr'><strong>el</strong></span> <span class='ocrx_word' id='word_1_81' title='bbox 1051 1310 1312 1372; x_wconf 88' lang='lat' dir='ltr'><strong>studium</strong></span> <span class='ocrx_word' id='word_1_82' title='bbox 1347 1311 1665 1385; x_wconf 82' lang='lat' dir='ltr'><strong>adhibens,</strong></span> <span class='ocrx_word' id='word_1_83' title='bbox 1702 1330 1777 1372; x_wconf 91' lang='lat' dir='ltr'><strong>ne</strong></span> <span class='ocrx_word' id='word_1_84' title='bbox 1810 1318 2158 1372; x_wconf 82' lang='lat' dir='ltr'><strong>cerneretur</strong></span> 
     </span>
    </p>
   </div>
   <div class='ocr_carea' id='block_1_15' title="bbox 507 1399 2152 1481">
    <p class='ocr_par' dir='ltr' id='par_1_15' title="bbox 507 1399 2152 1481">
     <span class='ocr_line' id='line_1_15' title="bbox 507 1399 2152 1481; baseline 0 -22"><span class='ocrx_word' id='word_1_85' title='bbox 507 1416 541 1459; x_wconf 89' lang='lat' dir='ltr'><strong>a</strong></span> <span class='ocrx_word' id='word_1_86' title='bbox 573 1399 972 1460; x_wconf 89' lang='lat' dir='ltr'><strong>masculorum</strong></span> <span class='ocrx_word' id='word_1_87' title='bbox 999 1401 1212 1463; x_wconf 89' lang='lat' dir='ltr'><strong>oculis.</strong></span> <span class='ocrx_word' id='word_1_88' title='bbox 1245 1399 1380 1460; x_wconf 89' lang='lat' dir='ltr'><strong>Erat</strong></span> <span class='ocrx_word' id='word_1_89' title='bbox 1407 1414 1604 1461; x_wconf 84' lang='lat' dir='ltr'><strong>autem</strong></span> <span class='ocrx_word' id='word_1_90' title='bbox 1643 1400 1841 1481; x_wconf 86' lang='lat' dir='ltr'><strong>puella</strong></span> <span class='ocrx_word' id='word_1_91' title='bbox 1875 1401 2020 1462; x_wconf 83' lang='lat' dir='ltr'><strong>facie</strong></span> <span class='ocrx_word' id='word_1_92' title='bbox 2045 1399 2152 1459; x_wconf 81' lang='lat' dir='ltr'><strong>de-</strong></span> 
     </span>
    </p>
   </div>
   <div class='ocr_carea' id='block_1_16' title="bbox 505 1488 2152 1571">
    <p class='ocr_par' dir='ltr' id='par_1_16' title="bbox 505 1488 2152 1571">
     <span class='ocr_line' id='line_1_16' title="bbox 505 1488 2152 1571; baseline 0 -23"><span class='ocrx_word' id='word_1_93' title='bbox 505 1505 670 1560; x_wconf 85' lang='lat' dir='ltr'><strong>cora,</strong></span> <span class='ocrx_word' id='word_1_94' title='bbox 702 1496 760 1549; x_wconf 86' lang='lat' dir='ltr'><strong>et</strong></span> <span class='ocrx_word' id='word_1_95' title='bbox 789 1489 1007 1566; x_wconf 80' lang='lat' dir='ltr'><strong>insigni</strong></span> <span class='ocrx_word' id='word_1_96' title='bbox 1035 1489 1502 1571; x_wconf 87' lang='lat' dir='ltr'><strong>pulchritudine.</strong></span> <span class='ocrx_word' id='word_1_97' title='bbox 1531 1488 1674 1552; x_wconf 88' lang='lat' dir='ltr'><strong>Cum</strong></span> <span class='ocrx_word' id='word_1_98' title='bbox 1702 1508 1840 1567; x_wconf 80' lang='lat' dir='ltr'><strong>ergo</strong></span> <span class='ocrx_word' id='word_1_99' title='bbox 1866 1489 1922 1549; x_wconf 92' lang='lat' dir='ltr'><strong>in</strong></span> <span class='ocrx_word' id='word_1_100' title='bbox 1949 1507 2017 1550; x_wconf 88' lang='lat' dir='ltr'><strong>ea</strong></span> <span class='ocrx_word' id='word_1_101' title='bbox 2043 1489 2152 1549; x_wconf 77' lang='lat' dir='ltr'><strong>lia-</strong></span> 
     </span>
    </p>
   </div>
   <div class='ocr_carea' id='block_1_17' title="bbox 505 1576 2151 1655">
    <p class='ocr_par' dir='ltr' id='par_1_17' title="bbox 505 1576 2151 1655">
     <span class='ocr_line' id='line_1_17' title="bbox 505 1576 2151 1655; baseline 0.001 -17"><span class='ocrx_word' id='word_1_102' title='bbox 505 1576 792 1640; x_wconf 75' lang='lat' dir='ltr'><strong>bitatione</strong></span> <span class='ocrx_word' id='word_1_103' title='bbox 825 1577 925 1638; x_wconf 87' lang='lat' dir='ltr'><strong>diu</strong></span> <span class='ocrx_word' id='word_1_104' title='bbox 958 1590 1221 1640; x_wconf 86' lang='lat' dir='ltr'><strong>versatus</strong></span> <span class='ocrx_word' id='word_1_105' title='bbox 1254 1589 1410 1640; x_wconf 88' lang='lat' dir='ltr'><strong>esset</strong></span> <span class='ocrx_word' id='word_1_106' title='bbox 1441 1580 1716 1652; x_wconf 81' lang='lat' dir='ltr'><strong>Gotthus,</strong></span> <span class='ocrx_word' id='word_1_107' title='bbox 1762 1578 1964 1639; x_wconf 73' lang='lat' dir='ltr'><strong>nescio</strong></span> <span class='ocrx_word' id='word_1_108' title='bbox 1997 1598 2151 1655; x_wconf 89' lang='lat' dir='ltr'><strong>quo-</strong></span> 
     </span>
    </p>
   </div>
   <div class='ocr_carea' id='block_1_18' title="bbox 509 1666 2151 1750">
    <p class='ocr_par' dir='ltr' id='par_1_18' title="bbox 509 1666 2151 1750">
     <span class='ocr_line' id='line_1_18' title="bbox 509 1666 2151 1750; baseline 0 -22"><span class='ocrx_word' id='word_1_109' title='bbox 509 1666 928 1748; x_wconf 86' lang='lat' dir='ltr'><strong>modoaspexit</strong></span> <span class='ocrx_word' id='word_1_110' title='bbox 947 1668 1297 1748; x_wconf 84' lang='lat' dir='ltr'><strong>puellam,et</strong></span> <span class='ocrx_word' id='word_1_111' title='bbox 1317 1669 1397 1730; x_wconf 88' lang='lat' dir='ltr'><strong>ita</strong></span> <span class='ocrx_word' id='word_1_112' title='bbox 1417 1679 1622 1750; x_wconf 79' lang='lat' dir='ltr'><strong>captus</strong></span> <span class='ocrx_word' id='word_1_113' title='bbox 1647 1670 1752 1730; x_wconf 81' lang='lat' dir='ltr'><strong>fuit</strong></span> <span class='ocrx_word' id='word_1_114' title='bbox 1777 1671 1908 1748; x_wconf 87' lang='lat' dir='ltr'><strong>ejus</strong></span> <span class='ocrx_word' id='word_1_115' title='bbox 1925 1687 2151 1743; x_wconf 86' lang='lat' dir='ltr'><strong>amore,</strong></span> 
     </span>
    </p>
   </div>
   <div class='ocr_carea' id='block_1_19' title="bbox 506 1757 2156 1841">
    <p class='ocr_par' dir='ltr' id='par_1_19' title="bbox 506 1758 2150 1838">
     <span class='ocr_line' id='line_1_19' title="bbox 506 1758 2150 1838; baseline 0 -20"><span class='ocrx_word' id='word_1_116' title='bbox 506 1765 570 1818; x_wconf 84' lang='lat' dir='ltr'><strong>ut</strong></span> <span class='ocrx_word' id='word_1_117' title='bbox 599 1776 896 1836; x_wconf 89' lang='lat' dir='ltr'><strong>nusquam</strong></span> <span class='ocrx_word' id='word_1_118' title='bbox 932 1767 1190 1820; x_wconf 86' lang='lat' dir='ltr'><strong>mentem</strong></span> <span class='ocrx_word' id='word_1_119' title='bbox 1240 1758 1353 1820; x_wconf 91' lang='lat' dir='ltr'><strong>alio</strong></span> <span class='ocrx_word' id='word_1_120' title='bbox 1409 1767 1803 1830; x_wconf 86' lang='lat' dir='ltr'><strong>converteret,</strong></span> <span class='ocrx_word' id='word_1_121' title='bbox 1859 1777 2033 1838; x_wconf 88' lang='lat' dir='ltr'><strong>quam</strong></span> <span class='ocrx_word' id='word_1_122' title='bbox 2080 1758 2150 1820; x_wconf 87' lang='lat' dir='ltr'><strong>ad</strong></span> 
     </span>
    </p>
   </div>
   <div class='ocr_carea' id='block_1_20' title="bbox 2244 1757 3101 1841">
    <p class='ocr_par' dir='ltr' id='par_1_20' title="bbox 2244 1757 3101 1841">
     <span class='ocr_line' id='line_1_20' title="bbox 2244 1757 3101 1841; baseline -0.005 -24"><span class='ocrx_word' id='word_1_123' title='bbox 2244 1760 2483 1841; x_wconf 71' lang='grc' dir='ltr'>στρέφειν</span> <span class='ocrx_word' id='word_1_124' title='bbox 2543 1759 2576 1827; x_wconf 65' lang='grc' dir='ltr'><strong>ἦ</strong></span> <span class='ocrx_word' id='word_1_125' title='bbox 2646 1761 2745 1824; x_wconf 63' lang='grc' dir='ltr'>τὴν</span> <span class='ocrx_word' id='word_1_126' title='bbox 2819 1757 3101 1838; x_wconf 77' lang='grc' dir='ltr'>παρθένον,</span> 
     </span>
    </p>
   </div>
   <div class='ocr_carea' id='block_1_21' title="bbox 503 1847 2159 1928">
    <p class='ocr_par' dir='ltr' id='par_1_21' title="bbox 503 1847 2159 1928">
     <span class='ocr_line' id='line_1_21' title="bbox 503 1847 2159 1928; baseline 0.002 -23"><span class='ocrx_word' id='word_1_127' title='bbox 503 1847 817 1925; x_wconf 75' lang='lat' dir='ltr'><strong>virginem.</strong></span> <span class='ocrx_word' id='word_1_128' title='bbox 856 1851 1182 1910; x_wconf 84' lang='lat' dir='ltr'><strong>Personam</strong></span> <span class='ocrx_word' id='word_1_129' title='bbox 1217 1849 1417 1928; x_wconf 85' lang='lat' dir='ltr'><strong>itaque</strong></span> <span class='ocrx_word' id='word_1_130' title='bbox 1473 1849 1728 1910; x_wconf 89' lang='lat' dir='ltr'><strong>induens</strong></span> <span class='ocrx_word' id='word_1_131' title='bbox 1759 1847 2064 1921; x_wconf 87' lang='lat' dir='ltr'><strong>bonitatis,</strong></span> <span class='ocrx_word' id='word_1_132' title='bbox 2103 1856 2159 1908; x_wconf 88' lang='lat' dir='ltr'><strong>et</strong></span> 
     </span>
    </p>
   </div>
   <div class='ocr_carea' id='block_1_22' title="bbox 507 1936 2157 2018">
    <p class='ocr_par' dir='ltr' id='par_1_22' title="bbox 507 1936 2157 2018">
     <span class='ocr_line' id='line_1_22' title="bbox 507 1936 2157 2018; baseline -0.001 -19"><span class='ocrx_word' id='word_1_133' title='bbox 507 1955 574 2000; x_wconf 86' lang='lat' dir='ltr'><strong>se</strong></span> <span class='ocrx_word' id='word_1_134' title='bbox 603 1938 860 2000; x_wconf 89' lang='lat' dir='ltr'><strong>amicum</strong></span> <span class='ocrx_word' id='word_1_135' title='bbox 897 1955 1029 1998; x_wconf 90' lang='lat' dir='ltr'><strong>esse</strong></span> <span class='ocrx_word' id='word_1_136' title='bbox 1061 1937 1369 2018; x_wconf 88' lang='lat' dir='ltr'><strong>simulans,</strong></span> <span class='ocrx_word' id='word_1_137' title='bbox 1397 1936 1544 1999; x_wconf 88' lang='lat' dir='ltr'><strong>abiit</strong></span> <span class='ocrx_word' id='word_1_138' title='bbox 1575 1937 1645 1999; x_wconf 90' lang='lat' dir='ltr'><strong>ad</strong></span> <span class='ocrx_word' id='word_1_139' title='bbox 1683 1953 1955 2009; x_wconf 74' lang='lat' dir='ltr'><strong>matrem,</strong></span> <span class='ocrx_word' id='word_1_140' title='bbox 1979 1947 2036 1999; x_wconf 90' lang='lat' dir='ltr'><strong>et</strong></span> <span class='ocrx_word' id='word_1_141' title='bbox 2060 1955 2157 1998; x_wconf 92' lang='lat' dir='ltr'><strong>as-</strong></span> 
     </span>
    </p>
   </div>
   <div class='ocr_carea' id='block_1_23' title="bbox 509 2025 2155 2107">
    <p class='ocr_par' dir='ltr' id='par_1_23' title="bbox 509 2025 2155 2107">
     <span class='ocr_line' id='line_1_23' title="bbox 509 2025 2155 2107; baseline 0.001 -20"><span class='ocrx_word' id='word_1_142' title='bbox 509 2026 948 2089; x_wconf 86' lang='lat' dir='ltr'><strong>sentationibus</strong></span> <span class='ocrx_word' id='word_1_143' title='bbox 979 2045 1201 2088; x_wconf 90' lang='lat' dir='ltr'><strong>conans</strong></span> <span class='ocrx_word' id='word_1_144' title='bbox 1233 2026 1289 2088; x_wconf 89' lang='lat' dir='ltr'><strong>ei</strong></span> <span class='ocrx_word' id='word_1_145' title='bbox 1323 2027 1712 2107; x_wconf 80' lang='lat' dir='ltr'><strong>persuadere,</strong></span> <span class='ocrx_word' id='word_1_146' title='bbox 1753 2036 1811 2089; x_wconf 88' lang='lat' dir='ltr'><strong>et</strong></span> <span class='ocrx_word' id='word_1_147' title='bbox 1862 2025 2155 2088; x_wconf 89' lang='lat' dir='ltr'><strong>bonorum</strong></span> 
     </span>
    </p>
   </div>
   <div class='ocr_carea' id='block_1_24' title="bbox 507 2115 2152 2194">
    <p class='ocr_par' dir='ltr' id='par_1_24' title="bbox 507 2115 2152 2194">
     <span class='ocr_line' id='line_1_24' title="bbox 507 2115 2152 2194; baseline -0.002 -17"><span class='ocrx_word' id='word_1_148' title='bbox 507 2115 842 2194; x_wconf 88' lang='lat' dir='ltr'><strong>promissis,</strong></span> <span class='ocrx_word' id='word_1_149' title='bbox 878 2124 940 2176; x_wconf 88' lang='lat' dir='ltr'><strong>ut</strong></span> <span class='ocrx_word' id='word_1_150' title='bbox 973 2117 1028 2178; x_wconf 89' lang='lat' dir='ltr'><strong>ei</strong></span> <span class='ocrx_word' id='word_1_151' title='bbox 1061 2117 1228 2178; x_wconf 83' lang='lat' dir='ltr'><strong>daret</strong></span> <span class='ocrx_word' id='word_1_152' title='bbox 1258 2116 1438 2179; x_wconf 86' lang='lat' dir='ltr'><strong>ﬁliam</strong></span> <span class='ocrx_word' id='word_1_153' title='bbox 1476 2117 1534 2177; x_wconf 87' lang='lat' dir='ltr'><strong>in</strong></span> <span class='ocrx_word' id='word_1_154' title='bbox 1572 2117 2152 2180; x_wconf 79' lang='lat' dir='ltr'><strong>matrimoniumJlla</strong></span> 
     </span>
    </p>
   </div>
   <div class='ocr_carea' id='block_1_25' title="bbox 503 2205 2154 2285">
    <p class='ocr_par' dir='ltr' id='par_1_25' title="bbox 503 2205 2154 2285">
     <span class='ocr_line' id='line_1_25' title="bbox 503 2205 2154 2285; baseline -0.003 -14"><span class='ocrx_word' id='word_1_155' title='bbox 503 2213 705 2271; x_wconf 81' lang='lat' dir='ltr'><strong>autem</strong></span> <span class='ocrx_word' id='word_1_156' title='bbox 737 2207 990 2285; x_wconf 77' lang='lat' dir='ltr'><strong>graviter</strong></span> <span class='ocrx_word' id='word_1_157' title='bbox 1014 2205 1263 2282; x_wconf 78' lang='lat' dir='ltr'><strong>ferebat,</strong></span> <span class='ocrx_word' id='word_1_158' title='bbox 1300 2215 1357 2268; x_wconf 90' lang='lat' dir='ltr'><strong>et</strong></span> <span class='ocrx_word' id='word_1_159' title='bbox 1386 2207 1654 2270; x_wconf 87' lang='lat' dir='ltr'><strong>animum</strong></span> <span class='ocrx_word' id='word_1_160' title='bbox 1685 2226 1803 2268; x_wconf 91' lang='lat' dir='ltr'><strong>non</strong></span> <span class='ocrx_word' id='word_1_161' title='bbox 1830 2207 2154 2270; x_wconf 78' lang='lat' dir='ltr'><strong>adhibebat</strong></span> 
     </span>
    </p>
   </div>
   <div class='ocr_carea' id='block_1_26' title="bbox 504 2295 2155 2377">
    <p class='ocr_par' dir='ltr' id='par_1_26' title="bbox 504 2295 2155 2377">
     <span class='ocr_line' id='line_1_26' title="bbox 504 2295 2155 2377; baseline 0.001 -21"><span class='ocrx_word' id='word_1_162' title='bbox 504 2295 580 2356; x_wconf 88' lang='lat' dir='ltr'><strong>iis</strong></span> <span class='ocrx_word' id='word_1_163' title='bbox 609 2313 738 2376; x_wconf 64' lang='lat' dir='ltr'><strong>qua</strong></span> <span class='ocrx_word' id='word_1_164' title='bbox 767 2295 843 2357; x_wconf 88' lang='lat' dir='ltr'><strong>ab</strong></span> <span class='ocrx_word' id='word_1_165' title='bbox 875 2295 1004 2377; x_wconf 87' lang='lat' dir='ltr'><strong>ipso</strong></span> <span class='ocrx_word' id='word_1_166' title='bbox 1037 2295 1408 2358; x_wconf 89' lang='lat' dir='ltr'><strong>dicebantur.</strong></span> <span class='ocrx_word' id='word_1_167' title='bbox 1447 2295 1529 2358; x_wconf 89' lang='lat' dir='ltr'><strong>Eo</strong></span> <span class='ocrx_word' id='word_1_168' title='bbox 1563 2314 1701 2358; x_wconf 90' lang='lat' dir='ltr'><strong>vero</strong></span> <span class='ocrx_word' id='word_1_169' title='bbox 1727 2315 1792 2356; x_wconf 92' lang='lat' dir='ltr'><strong>se</strong></span> <span class='ocrx_word' id='word_1_170' title='bbox 1825 2297 2155 2358; x_wconf 87' lang='lat' dir='ltr'><strong>insolenter</strong></span> 
     </span>
    </p>
   </div>
   <div class='ocr_carea' id='block_1_27' title="bbox 499 2384 2150 2466">
    <p class='ocr_par' dir='ltr' id='par_1_27' title="bbox 499 2384 2150 2466">
     <span class='ocr_line' id='line_1_27' title="bbox 499 2384 2150 2466; baseline -0.001 -21"><span class='ocrx_word' id='word_1_171' title='bbox 499 2387 796 2464; x_wconf 82' lang='lat' dir='ltr'><strong>jactante,</strong></span> <span class='ocrx_word' id='word_1_172' title='bbox 829 2394 886 2446; x_wconf 90' lang='lat' dir='ltr'><strong>et</strong></span> <span class='ocrx_word' id='word_1_173' title='bbox 915 2384 1084 2446; x_wconf 86' lang='lat' dir='ltr'><strong>valde</strong></span> <span class='ocrx_word' id='word_1_174' title='bbox 1113 2385 1452 2464; x_wconf 84' lang='lat' dir='ltr'><strong>minitante,</strong></span> <span class='ocrx_word' id='word_1_175' title='bbox 1481 2384 1582 2447; x_wconf 89' lang='lat' dir='ltr'><strong>iila</strong></span> <span class='ocrx_word' id='word_1_176' title='bbox 1611 2406 1622 2448; x_wconf 95' lang='lat'>:</span> <span class='ocrx_word' id='word_1_177' title='bbox 1653 2384 2150 2466; x_wconf 89' lang='lat' dir='ltr'><strong>Unicam,inquit,</strong></span> 
     </span>
    </p>
   </div>
   <div class='ocr_carea' id='block_1_28' title="bbox 511 2474 2155 2555">
    <p class='ocr_par' dir='ltr' id='par_1_28' title="bbox 511 2474 2155 2555">
     <span class='ocr_line' id='line_1_28' title="bbox 511 2474 2155 2555; baseline -0.001 -19"><span class='ocrx_word' id='word_1_178' title='bbox 511 2492 644 2555; x_wconf 62' lang='lat' dir='ltr'><strong>quas</strong></span> <span class='ocrx_word' id='word_1_179' title='bbox 667 2475 812 2536; x_wconf 91' lang='lat' dir='ltr'><strong>mihi</strong></span> <span class='ocrx_word' id='word_1_180' title='bbox 835 2482 946 2550; x_wconf 86' lang='lat' dir='ltr'><strong>est,</strong></span> <span class='ocrx_word' id='word_1_181' title='bbox 974 2475 1154 2536; x_wconf 88' lang='lat' dir='ltr'><strong>ﬁliam</strong></span> <span class='ocrx_word' id='word_1_182' title='bbox 1179 2477 1308 2536; x_wconf 84' lang='lat' dir='ltr'><strong>viro</strong></span> <span class='ocrx_word' id='word_1_183' title='bbox 1336 2474 1704 2555; x_wconf 81' lang='lat' dir='ltr'><strong>conjungere</strong></span> <span class='ocrx_word' id='word_1_184' title='bbox 1729 2474 1979 2537; x_wconf 88' lang='lat' dir='ltr'><strong>barbaro</strong></span> <span class='ocrx_word' id='word_1_185' title='bbox 2006 2495 2155 2535; x_wconf 89' lang='lat' dir='ltr'><strong>nun-</strong></span> 
     </span>
    </p>
   </div>
   <div class='ocr_carea' id='block_1_29' title="bbox 507 2562 2154 2645">
    <p class='ocr_par' dir='ltr' id='par_1_29' title="bbox 507 2562 2154 2645">
     <span class='ocr_line' id='line_1_29' title="bbox 507 2562 2154 2645; baseline -0.001 -19"><span class='ocrx_word' id='word_1_186' title='bbox 507 2583 686 2645; x_wconf 88' lang='lat' dir='ltr'><strong>quam</strong></span> <span class='ocrx_word' id='word_1_187' title='bbox 718 2565 1128 2628; x_wconf 82' lang='lat' dir='ltr'><strong>sustinuerim.</strong></span> <span class='ocrx_word' id='word_1_188' title='bbox 1163 2562 1249 2625; x_wconf 87' lang='lat' dir='ltr'><strong>Ne</strong></span> <span class='ocrx_word' id='word_1_189' title='bbox 1283 2583 1422 2643; x_wconf 77' lang='lat' dir='ltr'><strong>ergo</strong></span> <span class='ocrx_word' id='word_1_190' title='bbox 1474 2565 1820 2638; x_wconf 85' lang='lat' dir='ltr'><strong>assenteris,</strong></span> <span class='ocrx_word' id='word_1_191' title='bbox 1877 2583 1984 2626; x_wconf 90' lang='lat' dir='ltr'><strong>nec</strong></span> <span class='ocrx_word' id='word_1_192' title='bbox 2041 2566 2154 2627; x_wconf 87' lang='lat' dir='ltr'><strong>mi-</strong></span> 
     </span>
    </p>
   </div>
   <div class='ocr_carea' id='block_1_30' title="bbox 507 2653 2156 2734">
    <p class='ocr_par' dir='ltr' id='par_1_30' title="bbox 507 2653 2156 2734">
     <span class='ocr_line' id='line_1_30' title="bbox 507 2653 2156 2734; baseline 0.001 -20"><span class='ocrx_word' id='word_1_193' title='bbox 507 2654 697 2716; x_wconf 89' lang='lat' dir='ltr'><strong>neris.</strong></span> <span class='ocrx_word' id='word_1_194' title='bbox 728 2655 878 2718; x_wconf 89' lang='lat' dir='ltr'><strong>Nam</strong></span> <span class='ocrx_word' id='word_1_195' title='bbox 915 2673 1022 2716; x_wconf 83' lang='lat' dir='ltr'><strong>nec</strong></span> <span class='ocrx_word' id='word_1_196' title='bbox 1047 2672 1142 2715; x_wconf 90' lang='lat' dir='ltr'><strong>me</strong></span> <span class='ocrx_word' id='word_1_197' title='bbox 1165 2655 1437 2716; x_wconf 85' lang='lat' dir='ltr'><strong>emollies</strong></span> <span class='ocrx_word' id='word_1_198' title='bbox 1462 2653 1923 2728; x_wconf 83' lang='lat' dir='ltr'><strong>adulationibus,</strong></span> <span class='ocrx_word' id='word_1_199' title='bbox 1961 2673 2156 2734; x_wconf 89' lang='lat' dir='ltr'><strong>neque</strong></span> 
     </span>
    </p>
   </div>
   <div class='ocr_carea' id='block_1_31' title="bbox 511 2743 2154 2824">
    <p class='ocr_par' dir='ltr' id='par_1_31' title="bbox 511 2743 2154 2824">
     <span class='ocr_line' id='line_1_31' title="bbox 511 2743 2154 2824; baseline 0 -19"><span class='ocrx_word' id='word_1_200' title='bbox 511 2743 692 2805; x_wconf 88' lang='lat' dir='ltr'><strong>minis</strong></span> <span class='ocrx_word' id='word_1_201' title='bbox 727 2743 1002 2806; x_wconf 89' lang='lat' dir='ltr'><strong>terrebis.</strong></span> <span class='ocrx_word' id='word_1_202' title='bbox 1040 2744 1144 2807; x_wconf 91' lang='lat' dir='ltr'><strong>llle</strong></span> <span class='ocrx_word' id='word_1_203' title='bbox 1173 2753 1372 2805; x_wconf 89' lang='lat' dir='ltr'><strong>autem</strong></span> <span class='ocrx_word' id='word_1_204' title='bbox 1429 2743 1717 2824; x_wconf 79' lang='lat' dir='ltr'><strong>pergebat</strong></span> <span class='ocrx_word' id='word_1_205' title='bbox 1765 2743 1974 2805; x_wconf 88' lang='lat' dir='ltr'><strong>eadem</strong></span> <span class='ocrx_word' id='word_1_206' title='bbox 2011 2761 2154 2805; x_wconf 89' lang='lat' dir='ltr'><strong>rur-</strong></span> 
     </span>
    </p>
   </div>
   <div class='ocr_carea' id='block_1_32' title="bbox 505 2833 2161 2915">
    <p class='ocr_par' dir='ltr' id='par_1_32' title="bbox 505 2833 2161 2915">
     <span class='ocr_line' id='line_1_32' title="bbox 505 2833 2161 2915; baseline -0.001 -19"><span class='ocrx_word' id='word_1_207' title='bbox 505 2852 610 2896; x_wconf 87' lang='lat' dir='ltr'><strong>sus</strong></span> <span class='ocrx_word' id='word_1_208' title='bbox 645 2835 871 2915; x_wconf 85' lang='lat' dir='ltr'><strong>facere,</strong></span> <span class='ocrx_word' id='word_1_209' title='bbox 909 2842 965 2896; x_wconf 89' lang='lat' dir='ltr'><strong>et</strong></span> <span class='ocrx_word' id='word_1_210' title='bbox 997 2851 1205 2895; x_wconf 86' lang='lat' dir='ltr'><strong>rursus</strong></span> <span class='ocrx_word' id='word_1_211' title='bbox 1237 2853 1400 2895; x_wconf 88' lang='lat' dir='ltr'><strong>suam</strong></span> <span class='ocrx_word' id='word_1_212' title='bbox 1453 2833 1806 2896; x_wconf 85' lang='lat' dir='ltr'><strong>ostendebat</strong></span> <span class='ocrx_word' id='word_1_213' title='bbox 1837 2833 2161 2914; x_wconf 73' lang='lat' dir='ltr'><strong>impudent-</strong></span> 
     </span>
    </p>
   </div>
   <div class='ocr_carea' id='block_1_33' title="bbox 509 2923 2159 3005">
    <p class='ocr_par' dir='ltr' id='par_1_33' title="bbox 509 2923 2159 3005">
     <span class='ocr_line' id='line_1_33' title="bbox 509 2923 2159 3005; baseline -0.001 -20"><span class='ocrx_word' id='word_1_214' title='bbox 509 2925 680 2998; x_wconf 84' lang='lat' dir='ltr'><strong>tiam,</strong></span> <span class='ocrx_word' id='word_1_215' title='bbox 715 2933 773 2987; x_wconf 82' lang='lat' dir='ltr'><strong>et</strong></span> <span class='ocrx_word' id='word_1_216' title='bbox 803 2925 878 2986; x_wconf 91' lang='lat' dir='ltr'><strong>de</strong></span> <span class='ocrx_word' id='word_1_217' title='bbox 910 2924 1121 2986; x_wconf 88' lang='lat' dir='ltr'><strong>iisdem</strong></span> <span class='ocrx_word' id='word_1_218' title='bbox 1146 2923 1384 2986; x_wconf 86' lang='lat' dir='ltr'><strong>assidue</strong></span> <span class='ocrx_word' id='word_1_219' title='bbox 1411 2943 1546 2985; x_wconf 86' lang='lat' dir='ltr'><strong>cum</strong></span> <span class='ocrx_word' id='word_1_220' title='bbox 1575 2932 1766 2986; x_wconf 88' lang='lat' dir='ltr'><strong>matre</strong></span> <span class='ocrx_word' id='word_1_221' title='bbox 1784 2923 2159 3005; x_wconf 75' lang='lat' dir='ltr'><strong>loquebatur,</strong></span> 
     </span>
    </p>
   </div>
   <div class='ocr_carea' id='block_1_34' title="bbox 509 3013 2155 3094">
    <p class='ocr_par' dir='ltr' id='par_1_34' title="bbox 509 3013 2155 3094">
     <span class='ocr_line' id='line_1_34' title="bbox 509 3013 2155 3094; baseline 0.001 -18"><span class='ocrx_word' id='word_1_222' title='bbox 509 3013 743 3077; x_wconf 90' lang='lat' dir='ltr'><strong>Deinde</strong></span> <span class='ocrx_word' id='word_1_223' title='bbox 768 3015 943 3077; x_wconf 89' lang='lat' dir='ltr'><strong>etiam</strong></span> <span class='ocrx_word' id='word_1_224' title='bbox 971 3015 1228 3094; x_wconf 84' lang='lat' dir='ltr'><strong>pretiosa</strong></span> <span class='ocrx_word' id='word_1_225' title='bbox 1241 3014 1524 3077; x_wconf 74' lang='lat' dir='ltr'><strong>atlerebat</strong></span> <span class='ocrx_word' id='word_1_226' title='bbox 1543 3014 1614 3076; x_wconf 89' lang='lat' dir='ltr'><strong>ad</strong></span> <span class='ocrx_word' id='word_1_227' title='bbox 1635 3033 1764 3077; x_wconf 89' lang='lat' dir='ltr'><strong>eam</strong></span> <span class='ocrx_word' id='word_1_228' title='bbox 1782 3024 2155 3094; x_wconf 88' lang='lat' dir='ltr'><strong>ornamenta,</strong></span> 
     </span>
    </p>
   </div>
   <div class='ocr_carea' id='block_1_35' title="bbox 2238 586 3888 670">
    <p class='ocr_par' dir='ltr' id='par_1_35' title="bbox 2238 586 3888 670">
     <span class='ocr_line' id='line_1_35' title="bbox 2238 586 3888 670; baseline -0.003 -22"><span class='ocrx_word' id='word_1_229' title='bbox 2238 594 2369 670; x_wconf 78' lang='grc' dir='ltr'>πρὸς</span> <span class='ocrx_word' id='word_1_230' title='bbox 2433 594 2693 668; x_wconf 78' lang='grc' dir='ltr'><strong>Ρωμαίων</strong></span> <span class='ocrx_word' id='word_1_231' title='bbox 2744 589 3048 670; x_wconf 86' lang='grc' dir='ltr'>σταλέντες,</span> <span class='ocrx_word' id='word_1_232' title='bbox 3107 590 3208 657; x_wconf 74' lang='grc' dir='ltr'>τὴν</span> <span class='ocrx_word' id='word_1_233' title='bbox 3265 586 3536 647; x_wconf 78' lang='grc' dir='ltr'>’Ἔδεσσαν</span> <span class='ocrx_word' id='word_1_234' title='bbox 3587 586 3690 655; x_wconf 73' lang='grc' dir='ltr'>ἤδη</span> <span class='ocrx_word' id='word_1_235' title='bbox 3749 607 3888 644; x_wconf 84' lang='grc' dir='ltr'>κατ-</span> 
     </span>
    </p>
   </div>
   <div class='ocr_carea' id='block_1_36' title="bbox 2241 675 3890 764">
    <p class='ocr_par' dir='ltr' id='par_1_36' title="bbox 2241 675 3890 764">
     <span class='ocr_line' id='line_1_36' title="bbox 2241 675 3890 764; baseline -0.004 -26"><span class='ocrx_word' id='word_1_236' title='bbox 2241 680 2451 752; x_wconf 78' lang='grc' dir='ltr'>έλαϐον,</span> <span class='ocrx_word' id='word_1_237' title='bbox 2512 681 2673 764; x_wconf 75' lang='grc' dir='ltr'>ἔτυχέ</span> <span class='ocrx_word' id='word_1_238' title='bbox 2725 705 2844 739; x_wconf 82' lang='grc' dir='ltr'>τινα</span> <span class='ocrx_word' id='word_1_239' title='bbox 2901 684 3094 738; x_wconf 84' lang='grc' dir='ltr'>Γότθον</span> <span class='ocrx_word' id='word_1_240' title='bbox 3153 683 3208 736; x_wconf 70' lang='grc' dir='ltr'>ἓν</span> <span class='ocrx_word' id='word_1_241' title='bbox 3259 679 3465 751; x_wconf 78' lang='grc' dir='ltr'>αῦτοτς,</span> <span class='ocrx_word' id='word_1_242' title='bbox 3520 675 3781 758; x_wconf 75' lang='grc' dir='ltr'>βάρϐαρόν</span> <span class='ocrx_word' id='word_1_243' title='bbox 3827 696 3890 732; x_wconf 88' lang='grc' dir='ltr'><strong>τε</strong></span> 
     </span>
    </p>
   </div>
   <div class='ocr_carea' id='block_1_37' title="bbox 2240 766 3893 851">
    <p class='ocr_par' dir='ltr' id='par_1_37' title="bbox 2240 766 3893 851">
     <span class='ocr_line' id='line_1_37' title="bbox 2240 766 3893 851; baseline -0.004 -22"><span class='ocrx_word' id='word_1_244' title='bbox 2240 775 2330 829; x_wconf 78' lang='grc' dir='ltr'>τὸν</span> <span class='ocrx_word' id='word_1_245' title='bbox 2359 774 2554 851; x_wconf 83' lang='grc' dir='ltr'>τρόπον</span> <span class='ocrx_word' id='word_1_246' title='bbox 2584 774 2670 829; x_wconf 84' lang='grc' dir='ltr'><strong>καὶ</strong></span> <span class='ocrx_word' id='word_1_247' title='bbox 2699 773 2799 840; x_wconf 74' lang='grc' dir='ltr'>τὴν</span> <span class='ocrx_word' id='word_1_248' title='bbox 2841 772 3062 849; x_wconf 82' lang='grc' dir='ltr'>γνώμην</span> <span class='ocrx_word' id='word_1_249' title='bbox 3109 768 3368 850; x_wconf 81' lang='grc' dir='ltr'>ὀλέθριον,</span> <span class='ocrx_word' id='word_1_250' title='bbox 3433 768 3487 825; x_wconf 77' lang='grc' dir='ltr'>ἓν</span> <span class='ocrx_word' id='word_1_251' title='bbox 3551 791 3692 832; x_wconf 90' lang='grc' dir='ltr'>τινος</span> <span class='ocrx_word' id='word_1_252' title='bbox 3751 766 3893 840; x_wconf 79' lang='grc' dir='ltr'>οἴκῳ</span> 
     </span>
    </p>
   </div>
   <div class='ocr_carea' id='block_1_38' title="bbox 2242 856 3892 941">
    <p class='ocr_par' dir='ltr' id='par_1_38' title="bbox 2242 856 3892 941">
     <span class='ocr_line' id='line_1_38' title="bbox 2242 856 3892 941; baseline -0.001 -23"><span class='ocrx_word' id='word_1_253' title='bbox 2242 862 2534 918; x_wconf 72' lang='grc' dir='ltr'>καταλῦσαι</span> <span class='ocrx_word' id='word_1_254' title='bbox 2594 863 2791 941; x_wconf 57' lang='grc' dir='ltr'>Σοῳίας</span> <span class='ocrx_word' id='word_1_255' title='bbox 2855 860 3024 936; x_wconf 80' lang='grc' dir='ltr'>ὄνομα</span> <span class='ocrx_word' id='word_1_256' title='bbox 3087 860 3357 938; x_wconf 64' lang='grc' dir='ltr'>γυναικός.</span> <span class='ocrx_word' id='word_1_257' title='bbox 3419 865 3497 936; x_wconf 77' lang='grc' dir='ltr'><strong>Τῇ</strong></span> <span class='ocrx_word' id='word_1_258' title='bbox 3545 856 3598 915; x_wconf 85' lang='grc' dir='ltr'><strong>δέ</strong></span> <span class='ocrx_word' id='word_1_259' title='bbox 3629 859 3694 928; x_wconf 76' lang='grc' dir='ltr'>ἧν</span> <span class='ocrx_word' id='word_1_260' title='bbox 3720 858 3892 936; x_wconf 78' lang='grc' dir='ltr'>θυγά-</span> 
     </span>
    </p>
   </div>
   <div class='ocr_carea' id='block_1_39' title="bbox 2240 946 3894 1030">
    <p class='ocr_par' dir='ltr' id='par_1_39' title="bbox 2240 946 3894 1030">
     <span class='ocr_line' id='line_1_39' title="bbox 2240 946 3894 1030; baseline -0.002 -24"><span class='ocrx_word' id='word_1_261' title='bbox 2240 973 2341 1028; x_wconf 87' lang='grc' dir='ltr'><strong>τηρ</strong></span> <span class='ocrx_word' id='word_1_262' title='bbox 2399 953 2698 1029; x_wconf 70' lang='grc' dir='ltr'>μονογενὴς</span> <span class='ocrx_word' id='word_1_263' title='bbox 2763 951 3033 1030; x_wconf 69' lang='grc' dir='ltr'>Εῦιρημία,</span> <span class='ocrx_word' id='word_1_264' title='bbox 3103 951 3299 1029; x_wconf 76' lang='grc' dir='ltr'>χηρείᾳ</span> <span class='ocrx_word' id='word_1_265' title='bbox 3365 971 3422 1006; x_wconf 86' lang='grc' dir='ltr'><strong>τε</strong></span> <span class='ocrx_word' id='word_1_266' title='bbox 3491 947 3727 1020; x_wconf 83' lang='grc' dir='ltr'>συζώση,</span> <span class='ocrx_word' id='word_1_267' title='bbox 3800 946 3894 1003; x_wconf 81' lang='grc' dir='ltr'><strong>καὶ</strong></span> 
     </span>
    </p>
   </div>
   <div class='ocr_carea' id='block_1_40' title="bbox 2240 1035 3892 1120">
    <p class='ocr_par' dir='ltr' id='par_1_40' title="bbox 2240 1035 3892 1120">
     <span class='ocr_line' id='line_1_40' title="bbox 2240 1035 3892 1120; baseline -0.003 -24"><span class='ocrx_word' id='word_1_268' title='bbox 2240 1041 2324 1097; x_wconf 85' lang='grc' dir='ltr'><strong>ἐπὶ</strong></span> <span class='ocrx_word' id='word_1_269' title='bbox 2378 1041 2515 1117; x_wconf 74' lang='grc' dir='ltr'>μόνῃ</span> <span class='ocrx_word' id='word_1_270' title='bbox 2567 1047 2635 1117; x_wconf 78' lang='grc' dir='ltr'>τῇ</span> <span class='ocrx_word' id='word_1_271' title='bbox 2682 1043 2903 1120; x_wconf 62' lang='grc' dir='ltr'>θυγατρὶ</span> <span class='ocrx_word' id='word_1_272' title='bbox 2966 1037 3284 1114; x_wconf 78' lang='grc' dir='ltr'>σαλευούσῃ,</span> <span class='ocrx_word' id='word_1_273' title='bbox 3338 1037 3600 1118; x_wconf 78' lang='grc' dir='ltr'>Ἀνήγετο</span> <span class='ocrx_word' id='word_1_274' title='bbox 3653 1037 3762 1118; x_wconf 77' lang='grc' dir='ltr'>οὖν,</span> <span class='ocrx_word' id='word_1_275' title='bbox 3811 1035 3892 1099; x_wconf 80' lang='grc' dir='ltr'>ὣς</span> 
     </span>
    </p>
   </div>
   <div class='ocr_carea' id='block_1_41' title="bbox 2239 1129 3896 1210">
    <p class='ocr_par' dir='ltr' id='par_1_41' title="bbox 2239 1129 3896 1210">
     <span class='ocr_line' id='line_1_41' title="bbox 2239 1129 3896 1210; baseline -0.003 -24"><span class='ocrx_word' id='word_1_276' title='bbox 2239 1154 2287 1187; x_wconf 86' lang='grc' dir='ltr'><strong>τι</strong></span> <span class='ocrx_word' id='word_1_277' title='bbox 2315 1129 2559 1194; x_wconf 76' lang='grc' dir='ltr'>νεοθαλὲς</span> <span class='ocrx_word' id='word_1_278' title='bbox 2608 1130 2752 1208; x_wconf 79' lang='grc' dir='ltr'>ἔρνος</span> <span class='ocrx_word' id='word_1_279' title='bbox 2803 1132 2838 1198; x_wconf 79' lang='grc' dir='ltr'><strong>ἡ</strong></span> <span class='ocrx_word' id='word_1_280' title='bbox 2891 1143 3023 1193; x_wconf 72' lang='grc' dir='ltr'>παῖς</span> <span class='ocrx_word' id='word_1_281' title='bbox 3083 1135 3151 1206; x_wconf 78' lang='grc' dir='ltr'><strong>τῇ</strong></span> <span class='ocrx_word' id='word_1_282' title='bbox 3209 1129 3394 1207; x_wconf 76' lang='grc' dir='ltr'>μητρὶ,</span> <span class='ocrx_word' id='word_1_283' title='bbox 3456 1129 3797 1210; x_wconf 75' lang='grc' dir='ltr'><strong>σωφροσύνην</strong></span> <span class='ocrx_word' id='word_1_284' title='bbox 3833 1146 3896 1182; x_wconf 88' lang='grc' dir='ltr'><strong>τε</strong></span> 
     </span>
    </p>
   </div>
   <div class='ocr_carea' id='block_1_42' title="bbox 2242 1215 3893 1298">
    <p class='ocr_par' dir='ltr' id='par_1_42' title="bbox 2242 1215 3893 1298">
     <span class='ocr_line' id='line_1_42' title="bbox 2242 1215 3893 1298; baseline -0.002 -20"><span class='ocrx_word' id='word_1_285' title='bbox 2242 1221 2472 1279; x_wconf 73' lang='grc' dir='ltr'>ἂσκοῦτα</span> <span class='ocrx_word' id='word_1_286' title='bbox 2513 1223 2598 1278; x_wconf 79' lang='grc' dir='ltr'>καὶ</span> <span class='ocrx_word' id='word_1_287' title='bbox 2643 1221 2945 1298; x_wconf 73' lang='grc' dir='ltr'><strong>παρθενίαν,</strong></span> <span class='ocrx_word' id='word_1_288' title='bbox 3001 1220 3088 1276; x_wconf 80' lang='grc' dir='ltr'><strong>καὶ</strong></span> <span class='ocrx_word' id='word_1_289' title='bbox 3143 1221 3206 1275; x_wconf 78' lang='grc' dir='ltr'>τὸ</span> <span class='ocrx_word' id='word_1_290' title='bbox 3262 1220 3339 1291; x_wconf 69' lang='grc' dir='ltr'><strong>μή</strong></span> <span class='ocrx_word' id='word_1_291' title='bbox 3398 1219 3624 1298; x_wconf 74' lang='grc' dir='ltr'>ἆρῤένων</span> <span class='ocrx_word' id='word_1_292' title='bbox 3683 1215 3893 1293; x_wconf 79' lang='grc' dir='ltr'>ὄμμασι</span> 
     </span>
    </p>
   </div>
   <div class='ocr_carea' id='block_1_43' title="bbox 2239 1300 3896 1388">
    <p class='ocr_par' dir='ltr' id='par_1_43' title="bbox 2239 1300 3896 1388">
     <span class='ocr_line' id='line_1_43' title="bbox 2239 1300 3896 1388; baseline -0.002 -20"><span class='ocrx_word' id='word_1_293' title='bbox 2239 1312 2486 1380; x_wconf 76' lang='grc' dir='ltr'>θεαθῆναι</span> <span class='ocrx_word' id='word_1_294' title='bbox 2543 1307 2634 1367; x_wconf 77' lang='grc' dir='ltr'><strong>διὰ</strong></span> <span class='ocrx_word' id='word_1_295' title='bbox 2691 1308 2926 1376; x_wconf 69' lang='grc' dir='ltr'>σπουδῆς</span> <span class='ocrx_word' id='word_1_296' title='bbox 2986 1309 3207 1388; x_wconf 75' lang='grc' dir='ltr'>ἔχουσα.</span> <span class='ocrx_word' id='word_1_297' title='bbox 3257 1300 3356 1367; x_wconf 73' lang='grc' dir='ltr'>Ἠν</span> <span class='ocrx_word' id='word_1_298' title='bbox 3411 1308 3465 1365; x_wconf 78' lang='grc' dir='ltr'><strong>δὶ</strong></span> <span class='ocrx_word' id='word_1_299' title='bbox 3520 1312 3551 1378; x_wconf 71' lang='grc' dir='ltr'>ἡ</span> <span class='ocrx_word' id='word_1_300' title='bbox 3601 1321 3732 1371; x_wconf 74' lang='grc' dir='ltr'>παῖς</span> <span class='ocrx_word' id='word_1_301' title='bbox 3786 1307 3896 1386; x_wconf 70' lang='grc' dir='ltr'><strong>ἄρα</strong></span> 
     </span>
    </p>
   </div>
   <div class='ocr_carea' id='block_1_44' title="bbox 2238 1396 3893 1480">
    <p class='ocr_par' dir='ltr' id='par_1_44' title="bbox 2238 1396 3893 1480">
     <span class='ocr_line' id='line_1_44' title="bbox 2238 1396 3893 1480; baseline -0.002 -23"><span class='ocrx_word' id='word_1_302' title='bbox 2238 1402 2335 1469; x_wconf 77' lang='grc' dir='ltr'><strong>τὴν</strong></span> <span class='ocrx_word' id='word_1_303' title='bbox 2367 1401 2492 1477; x_wconf 73' lang='grc' dir='ltr'>ὄψιν</span> <span class='ocrx_word' id='word_1_304' title='bbox 2523 1400 2790 1480; x_wconf 70' lang='grc' dir='ltr'>εὖπρεπὴς</span> <span class='ocrx_word' id='word_1_305' title='bbox 2822 1400 2906 1456; x_wconf 78' lang='grc' dir='ltr'><strong>καὶ</strong></span> <span class='ocrx_word' id='word_1_306' title='bbox 2949 1401 3010 1456; x_wconf 78' lang='grc' dir='ltr'>τὸ</span> <span class='ocrx_word' id='word_1_307' title='bbox 3062 1398 3260 1464; x_wconf 86' lang='grc' dir='ltr'>κάλλος</span> <span class='ocrx_word' id='word_1_308' title='bbox 3297 1401 3607 1480; x_wconf 76' lang='grc' dir='ltr'>ἀμήχανος.</span> <span class='ocrx_word' id='word_1_309' title='bbox 3662 1396 3893 1466; x_wconf 79' lang='grc' dir='ltr'>Ἐπειδή</span> 
     </span>
    </p>
   </div>
   <div class='ocr_carea' id='block_1_45' title="bbox 2238 1489 3896 1569">
    <p class='ocr_par' dir='ltr' id='par_1_45' title="bbox 2238 1489 3896 1569">
     <span class='ocr_line' id='line_1_45' title="bbox 2238 1489 3896 1569; baseline -0.002 -23"><span class='ocrx_word' id='word_1_310' title='bbox 2238 1493 2408 1550; x_wconf 77' lang='grc' dir='ltr'>τοίνυν</span> <span class='ocrx_word' id='word_1_311' title='bbox 2469 1491 2662 1569; x_wconf 71' lang='grc' dir='ltr'>συχνὸς</span> <span class='ocrx_word' id='word_1_312' title='bbox 2733 1489 2787 1545; x_wconf 91' lang='grc' dir='ltr'><strong>ἐν</strong></span> <span class='ocrx_word' id='word_1_313' title='bbox 2855 1496 2925 1567; x_wconf 78' lang='grc' dir='ltr'><strong>τῇ</strong></span> <span class='ocrx_word' id='word_1_314' title='bbox 2978 1496 3273 1568; x_wconf 77' lang='grc' dir='ltr'>καταγωγῇ</span> <span class='ocrx_word' id='word_1_315' title='bbox 3325 1497 3402 1564; x_wconf 84' lang='grc' dir='ltr'><strong>τῷ</strong></span> <span class='ocrx_word' id='word_1_316' title='bbox 3460 1491 3636 1564; x_wconf 81' lang='grc' dir='ltr'>Γότθῳ</span> <span class='ocrx_word' id='word_1_317' title='bbox 3693 1489 3896 1569; x_wconf 81' lang='grc' dir='ltr'>χρόνος</span> 
     </span>
    </p>
   </div>
   <div class='ocr_carea' id='block_1_46' title="bbox 2239 1577 3893 1660">
    <p class='ocr_par' dir='ltr' id='par_1_46' title="bbox 2239 1577 3893 1660">
     <span class='ocr_line' id='line_1_46' title="bbox 2239 1577 3893 1660; baseline -0.001 -24"><span class='ocrx_word' id='word_1_318' title='bbox 2239 1578 2496 1660; x_wconf 81' lang='grc' dir='ltr'>ἐτρίϐετο,</span> <span class='ocrx_word' id='word_1_319' title='bbox 2529 1583 2624 1638; x_wconf 72' lang='grc' dir='ltr'><strong>οῦκ</strong></span> <span class='ocrx_word' id='word_1_320' title='bbox 2653 1577 2760 1636; x_wconf 84' lang='grc' dir='ltr'>οἶδ’</span> <span class='ocrx_word' id='word_1_321' title='bbox 2794 1578 2942 1642; x_wconf 84' lang='grc' dir='ltr'>ὅπως</span> <span class='ocrx_word' id='word_1_322' title='bbox 2972 1582 3153 1635; x_wconf 76' lang='grc' dir='ltr'>θεᾶται</span> <span class='ocrx_word' id='word_1_323' title='bbox 3194 1581 3288 1647; x_wconf 76' lang='grc' dir='ltr'><strong>την</strong></span> <span class='ocrx_word' id='word_1_324' title='bbox 3335 1580 3522 1656; x_wconf 88' lang='grc' dir='ltr'>κόρην,</span> <span class='ocrx_word' id='word_1_325' title='bbox 3583 1580 3669 1635; x_wconf 77' lang='grc' dir='ltr'><strong>καὶ</strong></span> <span class='ocrx_word' id='word_1_326' title='bbox 3719 1578 3893 1642; x_wconf 71' lang='grc' dir='ltr'>οὕτως</span> 
     </span>
    </p>
   </div>
   <div class='ocr_carea' id='block_1_47' title="bbox 2239 1667 3895 1747">
    <p class='ocr_par' dir='ltr' id='par_1_47' title="bbox 2239 1667 3895 1747">
     <span class='ocr_line' id='line_1_47' title="bbox 2239 1667 3895 1747; baseline -0.002 -21"><span class='ocrx_word' id='word_1_327' title='bbox 2239 1674 2400 1739; x_wconf 73' lang='grc' dir='ltr'>αὐτῆς</span> <span class='ocrx_word' id='word_1_328' title='bbox 2465 1668 2607 1727; x_wconf 78' lang='grc' dir='ltr'>ἑάλω</span> <span class='ocrx_word' id='word_1_329' title='bbox 2663 1675 2740 1741; x_wconf 80' lang='grc' dir='ltr'>τῷ</span> <span class='ocrx_word' id='word_1_330' title='bbox 2790 1668 2966 1746; x_wconf 78' lang='grc' dir='ltr'>ἔρωτι,</span> <span class='ocrx_word' id='word_1_331' title='bbox 3017 1670 3089 1731; x_wconf 82' lang='grc' dir='ltr'>ὡς</span> <span class='ocrx_word' id='word_1_332' title='bbox 3141 1667 3307 1745; x_wconf 76' lang='grc' dir='ltr'>μηδὲν</span> <span class='ocrx_word' id='word_1_333' title='bbox 3359 1670 3494 1726; x_wconf 82' lang='grc' dir='ltr'>κατᾶ</span> <span class='ocrx_word' id='word_1_334' title='bbox 3543 1675 3662 1726; x_wconf 82' lang='grc' dir='ltr'>νοῦν</span> <span class='ocrx_word' id='word_1_335' title='bbox 3709 1667 3895 1747; x_wconf 77' lang='grc' dir='ltr'>ἕτερον</span> 
     </span>
    </p>
   </div>
   <div class='ocr_carea' id='block_1_48' title="bbox 3190 1764 3899 1838">
    <p class='ocr_par' dir='ltr' id='par_1_48' title="bbox 3190 1764 3899 1838">
     <span class='ocr_line' id='line_1_48' title="bbox 3190 1764 3899 1838; baseline -0.007 -23"><span class='ocrx_word' id='word_1_336' title='bbox 3190 1765 3541 1838; x_wconf 77' lang='grc' dir='ltr'>Προσωπεῐον</span> <span class='ocrx_word' id='word_1_337' title='bbox 3612 1764 3899 1837; x_wconf 70' lang='grc' dir='ltr'>τοιγαροῦν</span> 
     </span>
    </p>
   </div>
   <div class='ocr_carea' id='block_1_49' title="bbox 2242 1848 3897 1931">
    <p class='ocr_par' dir='ltr' id='par_1_49' title="bbox 2242 1848 3897 1931">
     <span class='ocr_line' id='line_1_49' title="bbox 2242 1848 3897 1931; baseline 0.001 -27"><span class='ocrx_word' id='word_1_338' title='bbox 2242 1849 2617 1931; x_wconf 75' lang='grc' dir='ltr'>χρηστότητος</span> <span class='ocrx_word' id='word_1_339' title='bbox 2648 1848 2884 1906; x_wconf 79' lang='grc' dir='ltr'>ὑπελθὼν</span> <span class='ocrx_word' id='word_1_340' title='bbox 2917 1850 3005 1904; x_wconf 88' lang='grc' dir='ltr'><strong>καὶ</strong></span> <span class='ocrx_word' id='word_1_341' title='bbox 3061 1848 3211 1928; x_wconf 75' lang='grc' dir='ltr'>φίλος</span> <span class='ocrx_word' id='word_1_342' title='bbox 3245 1850 3387 1906; x_wconf 77' lang='grc' dir='ltr'>εἶναι</span> <span class='ocrx_word' id='word_1_343' title='bbox 3445 1849 3897 1926; x_wconf 69' lang='grc' dir='ltr'>ὑποκρινάμενος,</span> 
     </span>
    </p>
   </div>
   <div class='ocr_carea' id='block_1_50' title="bbox 2243 1937 3903 2017">
    <p class='ocr_par' dir='ltr' id='par_1_50' title="bbox 2243 1937 3903 2017">
     <span class='ocr_line' id='line_1_50' title="bbox 2243 1937 3903 2017; baseline -0.002 -20"><span class='ocrx_word' id='word_1_344' title='bbox 2243 1941 2420 1997; x_wconf 81' lang='grc' dir='ltr'>ἄπεισι</span> <span class='ocrx_word' id='word_1_345' title='bbox 2508 1941 2649 2017; x_wconf 76' lang='grc' dir='ltr'>παρὰ</span> <span class='ocrx_word' id='word_1_346' title='bbox 2717 1940 2818 2006; x_wconf 79' lang='grc' dir='ltr'>τὴν</span> <span class='ocrx_word' id='word_1_347' title='bbox 2904 1937 3137 2015; x_wconf 84' lang='grc' dir='ltr'>μητέρα,</span> <span class='ocrx_word' id='word_1_348' title='bbox 3225 1937 3527 2002; x_wconf 87' lang='grc' dir='ltr'>κολακείαις</span> <span class='ocrx_word' id='word_1_349' title='bbox 3602 1961 3659 1995; x_wconf 84' lang='grc' dir='ltr'><strong>τε</strong></span> <span class='ocrx_word' id='word_1_350' title='bbox 3730 1939 3903 2006; x_wconf 74' lang='grc' dir='ltr'>αῦτῆν</span> 
     </span>
    </p>
   </div>
   <div class='ocr_carea' id='block_1_51' title="bbox 2243 2027 3902 2110">
    <p class='ocr_par' dir='ltr' id='par_1_51' title="bbox 2243 2027 3902 2110">
     <span class='ocr_line' id='line_1_51' title="bbox 2243 2027 3902 2110; baseline -0.001 -24"><span class='ocrx_word' id='word_1_351' title='bbox 2243 2030 2533 2110; x_wconf 78' lang='grc' dir='ltr'>ἐπιχειρῶν</span> <span class='ocrx_word' id='word_1_352' title='bbox 2619 2043 2830 2104; x_wconf 74' lang='grc' dir='ltr'>πεῖσαι,</span> <span class='ocrx_word' id='word_1_353' title='bbox 2906 2031 2991 2085; x_wconf 82' lang='grc' dir='ltr'><strong>καὶ</strong></span> <span class='ocrx_word' id='word_1_354' title='bbox 3064 2029 3272 2107; x_wconf 72' lang='grc' dir='ltr'>ἀγαθῶν</span> <span class='ocrx_word' id='word_1_355' title='bbox 3344 2027 3688 2107; x_wconf 74' lang='grc' dir='ltr'>ἐπαγγελίαις</span> <span class='ocrx_word' id='word_1_356' title='bbox 3759 2030 3902 2106; x_wconf 81' lang='grc' dir='ltr'>πρὸς</span> 
     </span>
    </p>
   </div>
   <div class='ocr_carea' id='block_1_52' title="bbox 2243 2116 3901 2199">
    <p class='ocr_par' dir='ltr' id='par_1_52' title="bbox 2243 2116 3901 2199">
     <span class='ocr_line' id='line_1_52' title="bbox 2243 2116 3901 2199; baseline 0.01 -31"><span class='ocrx_word' id='word_1_357' title='bbox 2243 2123 2417 2198; x_wconf 75' lang='grc' dir='ltr'>γάμον</span> <span class='ocrx_word' id='word_1_358' title='bbox 2475 2121 2618 2195; x_wconf 78' lang='grc' dir='ltr'><strong>αὐτῷ</strong></span> <span class='ocrx_word' id='word_1_359' title='bbox 2677 2118 2913 2176; x_wconf 77' lang='grc' dir='ltr'>ἐκδοῦναι</span> <span class='ocrx_word' id='word_1_360' title='bbox 2971 2120 3070 2186; x_wconf 77' lang='grc' dir='ltr'><strong>τὴν</strong></span> <span class='ocrx_word' id='word_1_361' title='bbox 3130 2119 3408 2199; x_wconf 84' lang='grc' dir='ltr'>θυγατέρα.</span> <span class='ocrx_word' id='word_1_362' title='bbox 3468 2118 3533 2176; x_wconf 85' lang='grc' dir='ltr'><strong><em>Ἥ</em></strong></span> <span class='ocrx_word' id='word_1_363' title='bbox 3589 2116 3643 2175; x_wconf 74' lang='grc' dir='ltr'>δὲ</span> <span class='ocrx_word' id='word_1_364' title='bbox 3688 2119 3901 2196; x_wconf 73' lang='grc' dir='ltr'>βαρέως</span> 
     </span>
    </p>
   </div>
   <div class='ocr_carea' id='block_1_53' title="bbox 2237 2207 3901 2289">
    <p class='ocr_par' dir='ltr' id='par_1_53' title="bbox 2237 2207 3901 2289">
     <span class='ocr_line' id='line_1_53' title="bbox 2237 2207 3901 2289; baseline -0.001 -24"><span class='ocrx_word' id='word_1_365' title='bbox 2237 2231 2294 2266; x_wconf 87' lang='grc' dir='ltr'><strong>τε</strong></span> <span class='ocrx_word' id='word_1_366' title='bbox 2353 2209 2524 2289; x_wconf 80' lang='grc' dir='ltr'>ἔφερε,</span> <span class='ocrx_word' id='word_1_367' title='bbox 2587 2210 2675 2265; x_wconf 81' lang='grc' dir='ltr'><strong>καὶ</strong></span> <span class='ocrx_word' id='word_1_368' title='bbox 2727 2222 2847 2273; x_wconf 78' lang='grc' dir='ltr'>τοῖς</span> <span class='ocrx_word' id='word_1_369' title='bbox 2905 2207 3030 2288; x_wconf 84' lang='grc' dir='ltr'>παρ’</span> <span class='ocrx_word' id='word_1_370' title='bbox 3088 2209 3246 2265; x_wconf 76' lang='grc' dir='ltr'>αὒτοῦ</span> <span class='ocrx_word' id='word_1_371' title='bbox 3314 2207 3622 2285; x_wconf 79' lang='grc' dir='ltr'>λεγομένοις</span> <span class='ocrx_word' id='word_1_372' title='bbox 3700 2207 3901 2275; x_wconf 70' lang='grc' dir='ltr'>ἥκιστα</span> 
     </span>
    </p>
   </div>
   <div class='ocr_carea' id='block_1_54' title="bbox 2239 2296 3901 2379">
    <p class='ocr_par' dir='ltr' id='par_1_54' title="bbox 2239 2296 3901 2379">
     <span class='ocr_line' id='line_1_54' title="bbox 2239 2296 3901 2379; baseline -0.001 -23"><span class='ocrx_word' id='word_1_373' title='bbox 2239 2312 2504 2379; x_wconf 77' lang='grc' dir='ltr'>προσεῖχε</span> <span class='ocrx_word' id='word_1_374' title='bbox 2534 2301 2625 2355; x_wconf 76' lang='grc' dir='ltr'><strong>τὸν</strong></span> <span class='ocrx_word' id='word_1_375' title='bbox 2682 2305 2827 2360; x_wconf 88' lang='grc' dir='ltr'>νοῦν.</span> <span class='ocrx_word' id='word_1_376' title='bbox 2854 2307 2956 2358; x_wconf 87' lang='grc' dir='ltr'>Τοῦ</span> <span class='ocrx_word' id='word_1_377' title='bbox 2995 2297 3048 2354; x_wconf 72' lang='grc' dir='ltr'>δὲ</span> <span class='ocrx_word' id='word_1_378' title='bbox 3093 2298 3480 2378; x_wconf 76' lang='grc' dir='ltr'>θρασυνομένου</span> <span class='ocrx_word' id='word_1_379' title='bbox 3533 2300 3620 2355; x_wconf 84' lang='grc' dir='ltr'><strong>καὶ</strong></span> <span class='ocrx_word' id='word_1_380' title='bbox 3676 2296 3901 2376; x_wconf 74' lang='grc' dir='ltr'>μεγάλα</span> 
     </span>
    </p>
   </div>
   <div class='ocr_carea' id='block_1_55' title="bbox 2238 2387 3896 2467">
    <p class='ocr_par' dir='ltr' id='par_1_55' title="bbox 2238 2387 3896 2467">
     <span class='ocr_line' id='line_1_55' title="bbox 2238 2387 3896 2467; baseline 0 -23"><span class='ocrx_word' id='word_1_381' title='bbox 2238 2388 2666 2461; x_wconf 69' lang='grc' dir='ltr'>διαπειλοῦντος,</span> <span class='ocrx_word' id='word_1_382' title='bbox 2728 2388 2932 2460; x_wconf 68' lang='grc' dir='ltr'>ἐκείνη,</span> <span class='ocrx_word' id='word_1_383' title='bbox 2992 2391 3100 2454; x_wconf 71' lang='grc' dir='ltr'><strong>Τὴν</strong></span> <span class='ocrx_word' id='word_1_384' title='bbox 3160 2388 3331 2462; x_wconf 84' lang='grc' dir='ltr'>μόνην</span> <span class='ocrx_word' id='word_1_385' title='bbox 3398 2387 3515 2465; x_wconf 76' lang='grc' dir='ltr'>ἐμοὶ</span> <span class='ocrx_word' id='word_1_386' title='bbox 3602 2387 3896 2467; x_wconf 78' lang='grc' dir='ltr'>θυγατέρα,</span> 
     </span>
    </p>
   </div>
   <div class='ocr_carea' id='block_1_56' title="bbox 2241 2475 3897 2558">
    <p class='ocr_par' dir='ltr' id='par_1_56' title="bbox 2241 2475 3897 2558">
     <span class='ocr_line' id='line_1_56' title="bbox 2241 2475 3897 2558; baseline 0 -24"><span class='ocrx_word' id='word_1_387' title='bbox 2241 2478 2368 2558; x_wconf 75' lang='grc' dir='ltr'>ἔφη,</span> <span class='ocrx_word' id='word_1_388' title='bbox 2445 2475 2694 2556; x_wconf 75' lang='grc' dir='ltr'>βαρϐάρῳ</span> <span class='ocrx_word' id='word_1_389' title='bbox 2760 2477 2998 2548; x_wconf 79' lang='grc' dir='ltr'>συζεῦξαι</span> <span class='ocrx_word' id='word_1_390' title='bbox 3068 2475 3210 2556; x_wconf 72' lang='grc' dir='ltr'>ἀνδρὶ</span> <span class='ocrx_word' id='word_1_391' title='bbox 3281 2478 3375 2534; x_wconf 74' lang='grc' dir='ltr'>οὺιι</span> <span class='ocrx_word' id='word_1_392' title='bbox 3430 2477 3490 2534; x_wconf 77' lang='grc' dir='ltr'><strong>ἂν</strong></span> <span class='ocrx_word' id='word_1_393' title='bbox 3546 2477 3897 2558; x_wconf 75' lang='grc' dir='ltr'>ἀνασχοίμην</span> 
     </span>
    </p>
   </div>
   <div class='ocr_carea' id='block_1_57' title="bbox 2241 2564 3899 2649">
    <p class='ocr_par' dir='ltr' id='par_1_57' title="bbox 2241 2564 3899 2649">
     <span class='ocr_line' id='line_1_57' title="bbox 2241 2564 3899 2649; baseline 0 -24"><span class='ocrx_word' id='word_1_394' title='bbox 2241 2570 2392 2626; x_wconf 84' lang='grc' dir='ltr'>ποτέ·</span> <span class='ocrx_word' id='word_1_395' title='bbox 2441 2568 2518 2642; x_wconf 75' lang='grc' dir='ltr'>μὴ</span> <span class='ocrx_word' id='word_1_396' title='bbox 2568 2565 2823 2623; x_wconf 81' lang='grc' dir='ltr'>κολάκευε</span> <span class='ocrx_word' id='word_1_397' title='bbox 2881 2568 3074 2640; x_wconf 85' lang='grc' dir='ltr'>τοίνυν,</span> <span class='ocrx_word' id='word_1_398' title='bbox 3135 2564 3272 2642; x_wconf 82' lang='grc' dir='ltr'>μηδὲ</span> <span class='ocrx_word' id='word_1_399' title='bbox 3329 2567 3556 2625; x_wconf 82' lang='grc' dir='ltr'>ἀπείλει·</span> <span class='ocrx_word' id='word_1_400' title='bbox 3614 2568 3730 2625; x_wconf 69' lang='grc' dir='ltr'>οὔτε</span> <span class='ocrx_word' id='word_1_401' title='bbox 3787 2570 3899 2649; x_wconf 74' lang='grc' dir='ltr'>γὰρ</span> 
     </span>
    </p>
   </div>
   <div class='ocr_carea' id='block_1_58' title="bbox 2241 2654 3898 2738">
    <p class='ocr_par' dir='ltr' id='par_1_58' title="bbox 2241 2654 3898 2738">
     <span class='ocr_line' id='line_1_58' title="bbox 2241 2654 3898 2738; baseline 0.001 -24"><span class='ocrx_word' id='word_1_402' title='bbox 2241 2656 2540 2738; x_wconf 77' lang='grc' dir='ltr'>χαυνώσεις</span> <span class='ocrx_word' id='word_1_403' title='bbox 2611 2655 2738 2720; x_wconf 83' lang='grc' dir='ltr'>ταῖς</span> <span class='ocrx_word' id='word_1_404' title='bbox 2815 2654 3145 2727; x_wconf 84' lang='grc' dir='ltr'>κολακείαις,</span> <span class='ocrx_word' id='word_1_405' title='bbox 3229 2655 3344 2714; x_wconf 76' lang='grc' dir='ltr'>οὔτε</span> <span class='ocrx_word' id='word_1_406' title='bbox 3429 2655 3681 2738; x_wconf 76' lang='grc' dir='ltr'>φοϐήσεις</span> <span class='ocrx_word' id='word_1_407' title='bbox 3763 2671 3898 2722; x_wconf 76' lang='grc' dir='ltr'>ταῖς</span> 
     </span>
    </p>
   </div>
   <div class='ocr_carea' id='block_1_59' title="bbox 2241 2743 3899 2828">
    <p class='ocr_par' dir='ltr' id='par_1_59' title="bbox 2241 2743 3899 2828">
     <span class='ocr_line' id='line_1_59' title="bbox 2241 2743 3899 2828; baseline 0 -24"><span class='ocrx_word' id='word_1_408' title='bbox 2241 2747 2519 2808; x_wconf 79' lang='grc' dir='ltr'>ἀπειλαῖς.</span> <span class='ocrx_word' id='word_1_409' title='bbox 2555 2743 2614 2804; x_wconf 86' lang='grc' dir='ltr'>Ὀ</span> <span class='ocrx_word' id='word_1_410' title='bbox 2673 2744 2726 2801; x_wconf 79' lang='grc' dir='ltr'>δὲ</span> <span class='ocrx_word' id='word_1_411' title='bbox 2779 2751 2884 2803; x_wconf 86' lang='grc' dir='ltr'><strong>τῶν</strong></span> <span class='ocrx_word' id='word_1_412' title='bbox 2943 2747 3142 2820; x_wconf 80' lang='grc' dir='ltr'>ὁμοίων</span> <span class='ocrx_word' id='word_1_413' title='bbox 3195 2751 3282 2804; x_wconf 80' lang='grc' dir='ltr'>καὶ</span> <span class='ocrx_word' id='word_1_414' title='bbox 3340 2746 3494 2805; x_wconf 81' lang='grc' dir='ltr'>πάλιν</span> <span class='ocrx_word' id='word_1_415' title='bbox 3557 2747 3741 2828; x_wconf 82' lang='grc' dir='ltr'>ἴχετο,</span> <span class='ocrx_word' id='word_1_416' title='bbox 3800 2749 3899 2804; x_wconf 78' lang='grc' dir='ltr'><strong>καὶ</strong></span> 
     </span>
    </p>
   </div>
   <div class='ocr_carea' id='block_1_60' title="bbox 2246 2834 3898 2917">
    <p class='ocr_par' dir='ltr' id='par_1_60' title="bbox 2246 2834 3898 2917">
     <span class='ocr_line' id='line_1_60' title="bbox 2246 2834 3898 2917; baseline -0.001 -23"><span class='ocrx_word' id='word_1_417' title='bbox 2246 2836 2406 2894; x_wconf 76' lang='grc' dir='ltr'>πάλιν</span> <span class='ocrx_word' id='word_1_418' title='bbox 2455 2837 2517 2892; x_wconf 77' lang='grc' dir='ltr'>τὸ</span> <span class='ocrx_word' id='word_1_419' title='bbox 2565 2834 2780 2900; x_wconf 79' lang='grc' dir='ltr'>ἀναιδὲς</span> <span class='ocrx_word' id='word_1_420' title='bbox 2832 2834 3184 2912; x_wconf 77' lang='grc' dir='ltr'>ἐπεδείκνυτο,</span> <span class='ocrx_word' id='word_1_421' title='bbox 3232 2837 3335 2894; x_wconf 69' lang='grc' dir='ltr'><strong>καὶ</strong></span> <span class='ocrx_word' id='word_1_422' title='bbox 3383 2839 3503 2917; x_wconf 81' lang='grc' dir='ltr'>περὶ</span> <span class='ocrx_word' id='word_1_423' title='bbox 3559 2843 3664 2894; x_wconf 79' lang='grc' dir='ltr'>τῶν</span> <span class='ocrx_word' id='word_1_424' title='bbox 3721 2837 3898 2894; x_wconf 76' lang='grc' dir='ltr'>αὐτῶν</span> 
     </span>
    </p>
   </div>
   <div class='ocr_carea' id='block_1_61' title="bbox 2247 2923 3901 3004">
    <p class='ocr_par' dir='ltr' id='par_1_61' title="bbox 2247 2923 3901 3004">
     <span class='ocr_line' id='line_1_61' title="bbox 2247 2923 3901 3004; baseline -0.001 -21"><span class='ocrx_word' id='word_1_425' title='bbox 2247 2927 2438 2983; x_wconf 67' lang='grc' dir='ltr'>ὁπόσαι</span> <span class='ocrx_word' id='word_1_426' title='bbox 2493 2926 2624 3002; x_wconf 80' lang='grc' dir='ltr'>ὧραι</span> <span class='ocrx_word' id='word_1_427' title='bbox 2676 2931 2744 3001; x_wconf 81' lang='grc' dir='ltr'><strong>τῇ</strong></span> <span class='ocrx_word' id='word_1_428' title='bbox 2792 2925 2957 3001; x_wconf 81' lang='grc' dir='ltr'>μητρὶ</span> <span class='ocrx_word' id='word_1_429' title='bbox 3009 2923 3293 3004; x_wconf 73' lang='grc' dir='ltr'>διελέγετο,</span> <span class='ocrx_word' id='word_1_430' title='bbox 3354 2929 3476 2985; x_wconf 84' lang='grc' dir='ltr'>εἶτα</span> <span class='ocrx_word' id='word_1_431' title='bbox 3523 2927 3611 2983; x_wconf 82' lang='grc' dir='ltr'><strong>καὶ</strong></span> <span class='ocrx_word' id='word_1_432' title='bbox 3659 2926 3901 2999; x_wconf 81' lang='grc' dir='ltr'>κόσμους</span> 
     </span>
    </p>
   </div>
   <div class='ocr_carea' id='block_1_62' title="bbox 2249 3013 3902 3093">
    <p class='ocr_par' dir='ltr' id='par_1_62' title="bbox 2249 3013 3902 3093">
     <span class='ocr_line' id='line_1_62' title="bbox 2249 3013 3902 3093; baseline -0.001 -19"><span class='ocrx_word' id='word_1_433' title='bbox 2249 3021 2380 3093; x_wconf 71' lang='grc' dir='ltr'>αὐτῇ</span> <span class='ocrx_word' id='word_1_434' title='bbox 2437 3013 2750 3077; x_wconf 79' lang='grc' dir='ltr'>πολυτελεῖς</span> <span class='ocrx_word' id='word_1_435' title='bbox 2815 3014 3197 3092; x_wconf 78' lang='grc' dir='ltr'>προσεκόμτζε,</span> <span class='ocrx_word' id='word_1_436' title='bbox 3273 3017 3362 3072; x_wconf 79' lang='grc' dir='ltr'>καὶ</span> <span class='ocrx_word' id='word_1_437' title='bbox 3429 3015 3645 3074; x_wconf 87' lang='grc' dir='ltr'>πολλῶν</span> <span class='ocrx_word' id='word_1_438' title='bbox 3712 3014 3902 3074; x_wconf 73' lang='grc' dir='ltr'>ἄλλων</span> 
     </span>
    </p>
   </div>
   <div class='ocr_carea' id='block_1_63' title="bbox 507 3084 2156 3185">
    <p class='ocr_par' dir='ltr' id='par_1_63' title="bbox 507 3084 2156 3166">
     <span class='ocr_line' id='line_1_63' title="bbox 507 3084 2156 3166; baseline 0 -2"><span class='ocrx_word' id='word_1_439' title='bbox 507 3111 567 3165; x_wconf 89' lang='lat' dir='ltr'><strong>et</strong></span> <span class='ocrx_word' id='word_1_440' title='bbox 595 3103 930 3166; x_wconf 79' lang='lat' dir='ltr'><strong>afﬁrmabat</strong></span> <span class='ocrx_word' id='word_1_441' title='bbox 960 3084 1088 3166; x_wconf 77' lang='lat' dir='ltr'><strong>eam</strong></span> <span class='ocrx_word' id='word_1_442' title='bbox 1122 3105 1249 3166; x_wconf 81' lang='lat' dir='ltr'><strong>fore</strong></span> <span class='ocrx_word' id='word_1_443' title='bbox 1281 3104 1582 3166; x_wconf 87' lang='lat' dir='ltr'><strong>dominam</strong></span> <span class='ocrx_word' id='word_1_444' title='bbox 1639 3106 1958 3166; x_wconf 89' lang='lat' dir='ltr'><strong>multorum</strong></span> <span class='ocrx_word' id='word_1_445' title='bbox 2013 3084 2156 3165; x_wconf 53' lang='lat' dir='ltr'><strong>alio:</strong></span> 
     </span>
    </p>
   </div>
   <div class='ocr_carea' id='block_1_64' title="bbox 2244 3084 3901 3185">
    <p class='ocr_par' dir='ltr' id='par_1_64' title="bbox 2244 3084 3901 3185">
     <span class='ocr_line' id='line_1_64' title="bbox 2244 3084 3901 3185; baseline 0 -22"><span class='ocrx_word' id='word_1_446' title='bbox 2244 3084 2448 3163; x_wconf 66' lang='grc' dir='ltr'>ἔσεσθαι</span> <span class='ocrx_word' id='word_1_447' title='bbox 2482 3104 2659 3181; x_wconf 70' lang='grc' dir='ltr'>κυρίαν</span> <span class='ocrx_word' id='word_1_448' title='bbox 2709 3084 3019 3164; x_wconf 60' lang='grc' dir='ltr'>διεϐεϐαίου.</span> <span class='ocrx_word' id='word_1_449' title='bbox 3051 3084 3145 3161; x_wconf 36' lang='lat' dir='ltr'><strong>&quot;H-</strong></span> <span class='ocrx_word' id='word_1_450' title='bbox 3180 3084 3249 3161; x_wconf 45' lang='grc' dir='ltr'><strong>’δὲ</strong></span> <span class='ocrx_word' id='word_1_451' title='bbox 3307 3111 3407 3173; x_wconf 80' lang='grc' dir='ltr'>τῆς</span> <span class='ocrx_word' id='word_1_452' title='bbox 3464 3103 3652 3171; x_wconf 74' lang='grc' dir='ltr'>παιδὸς</span> <span class='ocrx_word' id='word_1_453' title='bbox 3708 3105 3901 3185; x_wconf 77' lang='grc' dir='ltr'>μήτηρ</span> 
     </span>
    </p>
   </div>
   <div class='ocr_carea' id='block_1_65' title="bbox 503 3193 2159 3276">
    <p class='ocr_par' dir='ltr' id='par_1_65' title="bbox 503 3193 2159 3276">
     <span class='ocr_line' id='line_1_65' title="bbox 503 3193 2159 3276; baseline -0.001 -20"><span class='ocrx_word' id='word_1_454' title='bbox 503 3195 867 3259; x_wconf 81' lang='lat' dir='ltr'><strong>rum.Mater</strong></span> <span class='ocrx_word' id='word_1_455' title='bbox 891 3204 1089 3256; x_wconf 90' lang='lat' dir='ltr'><strong>autem</strong></span> <span class='ocrx_word' id='word_1_456' title='bbox 1119 3194 1333 3274; x_wconf 76' lang='lat' dir='ltr'><strong>puellze</strong></span> <span class='ocrx_word' id='word_1_457' title='bbox 1365 3213 1440 3256; x_wconf 90' lang='lat' dir='ltr'><strong>ne</strong></span> <span class='ocrx_word' id='word_1_458' title='bbox 1473 3194 1559 3255; x_wconf 89' lang='lat' dir='ltr'><strong>sic</strong></span> <span class='ocrx_word' id='word_1_459' title='bbox 1591 3194 1828 3274; x_wconf 88' lang='lat' dir='ltr'><strong>quidem</strong></span> <span class='ocrx_word' id='word_1_460' title='bbox 1856 3193 2159 3276; x_wconf 58' lang='lat' dir='ltr'><strong>praebebat</strong></span> 
     </span>
    </p>
   </div>
   <div class='ocr_carea' id='block_1_66' title="bbox 505 3283 1651 3363">
    <p class='ocr_par' dir='ltr' id='par_1_66' title="bbox 505 3283 1651 3363">
     <span class='ocr_line' id='line_1_66' title="bbox 505 3283 1651 3363; baseline -0.001 -18"><span class='ocrx_word' id='word_1_461' title='bbox 505 3301 710 3346; x_wconf 83' lang='lat' dir='ltr'><strong>aurem</strong></span> <span class='ocrx_word' id='word_1_462' title='bbox 747 3285 820 3345; x_wconf 91' lang='lat' dir='ltr'><strong>iis</strong></span> <span class='ocrx_word' id='word_1_463' title='bbox 850 3301 982 3360; x_wconf 76' lang='lat' dir='ltr'><strong>quae</strong></span> <span class='ocrx_word' id='word_1_464' title='bbox 1011 3283 1084 3344; x_wconf 91' lang='lat' dir='ltr'><strong>ab</strong></span> <span class='ocrx_word' id='word_1_465' title='bbox 1117 3284 1246 3363; x_wconf 88' lang='lat' dir='ltr'><strong>ipso</strong></span> <span class='ocrx_word' id='word_1_466' title='bbox 1275 3283 1651 3345; x_wconf 88' lang='lat' dir='ltr'><strong>dicebantur.</strong></span> 
     </span>
    </p>
   </div>
   <div class='ocr_carea' id='block_1_67' title="bbox 587 3371 2160 3455">
    <p class='ocr_par' dir='ltr' id='par_1_67' title="bbox 587 3371 2160 3455">
     <span class='ocr_line' id='line_1_67' title="bbox 587 3371 2160 3455; baseline 0.001 -21"><span class='ocrx_word' id='word_1_467' title='bbox 587 3372 764 3434; x_wconf 82' lang='lat' dir='ltr'><strong>XVII.</strong></span> <span class='ocrx_word' id='word_1_468' title='bbox 803 3371 1031 3435; x_wconf 87' lang='lat' dir='ltr'><strong>Deinde</strong></span> <span class='ocrx_word' id='word_1_469' title='bbox 1063 3373 1164 3434; x_wconf 91' lang='lat' dir='ltr'><strong>illo</strong></span> <span class='ocrx_word' id='word_1_470' title='bbox 1197 3381 1645 3453; x_wconf 82' lang='lat' dir='ltr'><strong>perseverante,</strong></span> <span class='ocrx_word' id='word_1_471' title='bbox 1698 3391 1906 3435; x_wconf 89' lang='lat' dir='ltr'><strong>rursus</strong></span> <span class='ocrx_word' id='word_1_472' title='bbox 1939 3373 2160 3455; x_wconf 86' lang='lat' dir='ltr'><strong>Suphia</strong></span> 
     </span>
    </p>
   </div>
   <div class='ocr_carea' id='block_1_68' title="bbox 513 3461 2157 3544">
    <p class='ocr_par' dir='ltr' id='par_1_68' title="bbox 513 3461 2157 3544">
     <span class='ocr_line' id='line_1_68' title="bbox 513 3461 2157 3544; baseline -0.001 -20"><span class='ocrx_word' id='word_1_473' title='bbox 513 3463 674 3544; x_wconf 92' lang='lat' dir='ltr'><strong>(cum</strong></span> <span class='ocrx_word' id='word_1_474' title='bbox 708 3461 912 3523; x_wconf 85' lang='lat' dir='ltr'><strong>nescio</strong></span> <span class='ocrx_word' id='word_1_475' title='bbox 942 3461 1101 3523; x_wconf 90' lang='lat' dir='ltr'><strong>unde</strong></span> <span class='ocrx_word' id='word_1_476' title='bbox 1134 3462 1466 3530; x_wconf 84' lang='lat' dir='ltr'><strong>didicisset)</strong></span> <span class='ocrx_word' id='word_1_477' title='bbox 1497 3483 1508 3524; x_wconf 95' lang='lat'><strong>:</strong></span> <span class='ocrx_word' id='word_1_478' title='bbox 1560 3465 1710 3524; x_wconf 90' lang='lat' dir='ltr'><strong>Sunt</strong></span> <span class='ocrx_word' id='word_1_479' title='bbox 1742 3463 1846 3524; x_wconf 91' lang='lat' dir='ltr'><strong>tibi</strong></span> <span class='ocrx_word' id='word_1_480' title='bbox 1879 3471 1937 3525; x_wconf 91' lang='lat' dir='ltr'><strong>et</strong></span> <span class='ocrx_word' id='word_1_481' title='bbox 1967 3463 2071 3525; x_wconf 88' lang='lat' dir='ltr'><strong>ﬁlii</strong></span> <span class='ocrx_word' id='word_1_482' title='bbox 2101 3477 2157 3524; x_wconf 88' lang='lat' dir='ltr'><strong>et</strong></span> 
     </span>
    </p>
   </div>
   <div class='ocr_carea' id='block_1_69' title="bbox 509 3551 2156 3632">
    <p class='ocr_par' dir='ltr' id='par_1_69' title="bbox 509 3551 2156 3632">
     <span class='ocr_line' id='line_1_69' title="bbox 509 3551 2156 3632; baseline 0.001 -18"><span class='ocrx_word' id='word_1_483' title='bbox 509 3570 682 3632; x_wconf 84' lang='lat' dir='ltr'><strong>uxor,</strong></span> <span class='ocrx_word' id='word_1_484' title='bbox 713 3551 768 3614; x_wconf 86' lang='lat' dir='ltr'><strong>ei</strong></span> <span class='ocrx_word' id='word_1_485' title='bbox 799 3551 1148 3632; x_wconf 87' lang='lat' dir='ltr'><strong>respondit:</strong></span> <span class='ocrx_word' id='word_1_486' title='bbox 1215 3571 1327 3614; x_wconf 91' lang='lat' dir='ltr'><strong>nec</strong></span> <span class='ocrx_word' id='word_1_487' title='bbox 1386 3571 1494 3630; x_wconf 82' lang='lat' dir='ltr'><strong>ego</strong></span> <span class='ocrx_word' id='word_1_488' title='bbox 1553 3551 1660 3613; x_wconf 89' lang='lat' dir='ltr'><strong>tibi</strong></span> <span class='ocrx_word' id='word_1_489' title='bbox 1715 3570 1909 3615; x_wconf 84' lang='lat' dir='ltr'><strong>meam</strong></span> <span class='ocrx_word' id='word_1_490' title='bbox 1977 3554 2156 3615; x_wconf 87' lang='lat' dir='ltr'><strong>ﬁliam</strong></span> 
     </span>
    </p>
   </div>
   <div class='ocr_carea' id='block_1_70' title="bbox 510 3641 2157 3725">
    <p class='ocr_par' dir='ltr' id='par_1_70' title="bbox 510 3641 2157 3725">
     <span class='ocr_line' id='line_1_70' title="bbox 510 3641 2157 3725; baseline -0.001 -21"><span class='ocrx_word' id='word_1_491' title='bbox 510 3641 858 3704; x_wconf 84' lang='lat' dir='ltr'><strong>dederimin</strong></span> <span class='ocrx_word' id='word_1_492' title='bbox 885 3642 1356 3703; x_wconf 87' lang='lat' dir='ltr'><strong>matrimonium.</strong></span> <span class='ocrx_word' id='word_1_493' title='bbox 1384 3643 1490 3706; x_wconf 91' lang='lat' dir='ltr'><strong>llle</strong></span> <span class='ocrx_word' id='word_1_494' title='bbox 1513 3661 1651 3704; x_wconf 89' lang='lat' dir='ltr'><strong>vero</strong></span> <span class='ocrx_word' id='word_1_495' title='bbox 1677 3642 1890 3725; x_wconf 87' lang='lat' dir='ltr'><strong>partim</strong></span> <span class='ocrx_word' id='word_1_496' title='bbox 1915 3642 2157 3724; x_wconf 88' lang='lat' dir='ltr'><strong>quidem</strong></span> 
     </span>
    </p>
   </div>
   <div class='ocr_carea' id='block_1_71' title="bbox 507 3730 2161 3813">
    <p class='ocr_par' dir='ltr' id='par_1_71' title="bbox 507 3730 2161 3813">
     <span class='ocr_line' id='line_1_71' title="bbox 507 3730 2161 3813; baseline 0.001 -21"><span class='ocrx_word' id='word_1_497' title='bbox 507 3749 712 3794; x_wconf 88' lang='lat' dir='ltr'><strong>amore</strong></span> <span class='ocrx_word' id='word_1_498' title='bbox 747 3730 957 3812; x_wconf 72' lang='lat' dir='ltr'><strong>puellae</strong></span> <span class='ocrx_word' id='word_1_499' title='bbox 986 3732 1200 3807; x_wconf 90' lang='lat' dir='ltr'><strong>victus,</strong></span> <span class='ocrx_word' id='word_1_500' title='bbox 1236 3733 1452 3813; x_wconf 88' lang='lat' dir='ltr'><strong>partim</strong></span> <span class='ocrx_word' id='word_1_501' title='bbox 1513 3741 1711 3794; x_wconf 90' lang='lat' dir='ltr'><strong>autem</strong></span> <span class='ocrx_word' id='word_1_502' title='bbox 1769 3732 1999 3795; x_wconf 90' lang='lat' dir='ltr'><strong>timoris</strong></span> <span class='ocrx_word' id='word_1_503' title='bbox 2053 3733 2161 3796; x_wconf 90' lang='lat' dir='ltr'><strong>Dei</strong></span> 
     </span>
    </p>
   </div>
   <div class='ocr_carea' id='block_1_72' title="bbox 508 3820 2158 3897">
    <p class='ocr_par' dir='ltr' id='par_1_72' title="bbox 508 3820 2158 3897">
     <span class='ocr_line' id='line_1_72' title="bbox 508 3820 2158 3897; baseline 0 -15"><span class='ocrx_word' id='word_1_504' title='bbox 508 3821 730 3882; x_wconf 90' lang='lat' dir='ltr'><strong>nullam</strong></span> <span class='ocrx_word' id='word_1_505' title='bbox 763 3820 989 3882; x_wconf 90' lang='lat' dir='ltr'><strong>ducens</strong></span> <span class='ocrx_word' id='word_1_506' title='bbox 1018 3821 1342 3897; x_wconf 87' lang='lat' dir='ltr'><strong>rationem,</strong></span> <span class='ocrx_word' id='word_1_507' title='bbox 1375 3821 1563 3883; x_wconf 88' lang='lat' dir='ltr'><strong>Deum</strong></span> <span class='ocrx_word' id='word_1_508' title='bbox 1599 3830 1849 3883; x_wconf 90' lang='lat' dir='ltr'><strong>testatur</strong></span> <span class='ocrx_word' id='word_1_509' title='bbox 1905 3840 1970 3885; x_wconf 84' lang='lat' dir='ltr'><strong>se</strong></span> <span class='ocrx_word' id='word_1_510' title='bbox 2002 3842 2158 3883; x_wconf 89' lang='lat' dir='ltr'><strong>nun-</strong></span> 
     </span>
    </p>
   </div>
   <div class='ocr_carea' id='block_1_73' title="bbox 510 3909 2160 3992">
    <p class='ocr_par' dir='ltr' id='par_1_73' title="bbox 510 3909 2160 3992">
     <span class='ocr_line' id='line_1_73' title="bbox 510 3909 2160 3992; baseline 0.001 -20"><span class='ocrx_word' id='word_1_511' title='bbox 510 3929 687 3992; x_wconf 87' lang='lat' dir='ltr'><strong>quam</strong></span> <span class='ocrx_word' id='word_1_512' title='bbox 721 3909 1004 3973; x_wconf 85' lang='lat' dir='ltr'><strong>habuisse</strong></span> <span class='ocrx_word' id='word_1_513' title='bbox 1036 3929 1305 3984; x_wconf 84' lang='lat' dir='ltr'><strong>uxorem,</strong></span> <span class='ocrx_word' id='word_1_514' title='bbox 1340 3930 1451 3972; x_wconf 85' lang='lat' dir='ltr'><strong>nec</strong></span> <span class='ocrx_word' id='word_1_515' title='bbox 1506 3910 1685 3992; x_wconf 88' lang='lat' dir='ltr'><strong>ﬁlios,</strong></span> <span class='ocrx_word' id='word_1_516' title='bbox 1743 3911 1849 3973; x_wconf 88' lang='lat' dir='ltr'><strong>sed</strong></span> <span class='ocrx_word' id='word_1_517' title='bbox 1910 3930 1975 3974; x_wconf 91' lang='lat' dir='ltr'><strong>se</strong></span> <span class='ocrx_word' id='word_1_518' title='bbox 2028 3914 2160 3992; x_wconf 85' lang='lat' dir='ltr'><strong>ejus</strong></span> 
     </span>
    </p>
   </div>
   <div class='ocr_carea' id='block_1_74' title="bbox 508 3998 2156 4079">
    <p class='ocr_par' dir='ltr' id='par_1_74' title="bbox 508 3998 2156 4079">
     <span class='ocr_line' id='line_1_74' title="bbox 508 3998 2156 4079; baseline 0.001 -17"><span class='ocrx_word' id='word_1_519' title='bbox 508 4000 692 4062; x_wconf 88' lang='lat' dir='ltr'><strong>ﬁliam</strong></span> <span class='ocrx_word' id='word_1_520' title='bbox 727 3998 879 4062; x_wconf 88' lang='lat' dir='ltr'><strong>velle</strong></span> <span class='ocrx_word' id='word_1_521' title='bbox 911 3999 1135 4062; x_wconf 87' lang='lat' dir='ltr'><strong>ducere</strong></span> <span class='ocrx_word' id='word_1_522' title='bbox 1164 4017 1438 4079; x_wconf 81' lang='lat' dir='ltr'><strong>uxorem,</strong></span> <span class='ocrx_word' id='word_1_523' title='bbox 1474 4009 1533 4062; x_wconf 91' lang='lat' dir='ltr'><strong>et</strong></span> <span class='ocrx_word' id='word_1_524' title='bbox 1591 4000 1857 4062; x_wconf 89' lang='lat' dir='ltr'><strong>omnium</strong></span> <span class='ocrx_word' id='word_1_525' title='bbox 1915 4019 2156 4063; x_wconf 90' lang='lat' dir='ltr'><strong>suorum</strong></span> 
     </span>
    </p>
   </div>
   <div class='ocr_carea' id='block_1_75' title="bbox 511 4087 2158 4172">
    <p class='ocr_par' dir='ltr' id='par_1_75' title="bbox 511 4087 2158 4172">
     <span class='ocr_line' id='line_1_75' title="bbox 511 4087 2158 4172; baseline 0.001 -22"><span class='ocrx_word' id='word_1_526' title='bbox 511 4089 804 4152; x_wconf 90' lang='lat' dir='ltr'><strong>bonorum</strong></span> <span class='ocrx_word' id='word_1_527' title='bbox 840 4107 968 4150; x_wconf 89' lang='lat' dir='ltr'><strong>eam</strong></span> <span class='ocrx_word' id='word_1_528' title='bbox 1002 4087 1200 4152; x_wconf 81' lang='lat' dir='ltr'><strong>facere</strong></span> <span class='ocrx_word' id='word_1_529' title='bbox 1253 4090 1585 4153; x_wconf 87' lang='lat' dir='ltr'><strong>dominam.</strong></span> <span class='ocrx_word' id='word_1_530' title='bbox 1637 4090 1913 4154; x_wconf 84' lang='lat' dir='ltr'><strong>Vincitur</strong></span> <span class='ocrx_word' id='word_1_531' title='bbox 1965 4091 2158 4172; x_wconf 87' lang='lat' dir='ltr'><strong>itaque</strong></span> 
     </span>
    </p>
   </div>
   <div class='ocr_carea' id='block_1_76' title="bbox 511 4178 2161 4260">
    <p class='ocr_par' dir='ltr' id='par_1_76' title="bbox 511 4178 2161 4260">
     <span class='ocr_line' id='line_1_76' title="bbox 511 4178 2161 4260; baseline -0.001 -19"><span class='ocrx_word' id='word_1_532' title='bbox 511 4186 703 4241; x_wconf 86' lang='lat' dir='ltr'><strong>mater</strong></span> <span class='ocrx_word' id='word_1_533' title='bbox 731 4178 1006 4260; x_wconf 73' lang='lat' dir='ltr'><strong>puellaaa</strong></span> <span class='ocrx_word' id='word_1_534' title='bbox 1063 4178 1266 4242; x_wconf 86' lang='lat' dir='ltr'><strong>Gotthi</strong></span> <span class='ocrx_word' id='word_1_535' title='bbox 1325 4179 1542 4241; x_wconf 89' lang='lat' dir='ltr'><strong>verbis.</strong></span> <span class='ocrx_word' id='word_1_536' title='bbox 1600 4179 1752 4252; x_wconf 89' lang='lat' dir='ltr'><strong>Quid</strong></span> <span class='ocrx_word' id='word_1_537' title='bbox 1803 4180 1970 4242; x_wconf 84' lang='lat' dir='ltr'><strong>enim</strong></span> <span class='ocrx_word' id='word_1_538' title='bbox 2033 4190 2161 4242; x_wconf 85' lang='lat' dir='ltr'><strong>erat</strong></span> 
     </span>
    </p>
   </div>
   <div class='ocr_carea' id='block_1_77' title="bbox 510 4268 2154 4349">
    <p class='ocr_par' dir='ltr' id='par_1_77' title="bbox 510 4268 2154 4349">
     <span class='ocr_line' id='line_1_77' title="bbox 510 4268 2154 4349; baseline 0 -20"><span class='ocrx_word' id='word_1_539' title='bbox 510 4269 756 4340; x_wconf 85' lang='lat' dir='ltr'><strong>factura,</strong></span> <span class='ocrx_word' id='word_1_540' title='bbox 787 4285 921 4329; x_wconf 91' lang='lat' dir='ltr'><strong>cum</strong></span> <span class='ocrx_word' id='word_1_541' title='bbox 961 4275 1118 4329; x_wconf 85' lang='lat' dir='ltr'><strong>esset</strong></span> <span class='ocrx_word' id='word_1_542' title='bbox 1149 4268 1390 4345; x_wconf 79' lang='lat' dir='ltr'><strong>femina,</strong></span> <span class='ocrx_word' id='word_1_543' title='bbox 1427 4286 1556 4347; x_wconf 63' lang='lat' dir='ltr'><strong>quae</strong></span> <span class='ocrx_word' id='word_1_544' title='bbox 1609 4268 1778 4330; x_wconf 81' lang='lat' dir='ltr'><strong>facile</strong></span> <span class='ocrx_word' id='word_1_545' title='bbox 1831 4269 2154 4349; x_wconf 90' lang='lat' dir='ltr'><strong>decipitur,</strong></span> 
     </span>
    </p>
   </div>
   <div class='ocr_carea' id='block_1_78' title="bbox 2243 3192 2936 3272">
    <p class='ocr_par' dir='ltr' id='par_1_78' title="bbox 2243 3192 2936 3272">
     <span class='ocr_line' id='line_1_78' title="bbox 2243 3192 2936 3272; baseline -0.007 -18"><span class='ocrx_word' id='word_1_546' title='bbox 2243 3196 2358 3254; x_wconf 76' lang='grc' dir='ltr'>οῦδὲ</span> <span class='ocrx_word' id='word_1_547' title='bbox 2413 3194 2550 3252; x_wconf 75' lang='grc' dir='ltr'>οὕτω</span> <span class='ocrx_word' id='word_1_548' title='bbox 2621 3207 2740 3258; x_wconf 73' lang='grc' dir='ltr'>τοῖς</span> <span class='ocrx_word' id='word_1_549' title='bbox 2809 3192 2936 3272; x_wconf 86' lang='grc' dir='ltr'>παρ’</span> 
     </span>
    </p>
   </div>
   <div class='ocr_carea' id='block_1_79' title="bbox 2242 3288 2447 3350">
    <p class='ocr_par' dir='ltr' id='par_1_79' title="bbox 2242 3288 2447 3350">
     <span class='ocr_line' id='line_1_79' title="bbox 2242 3288 2447 3350; baseline -0.01 -6"><span class='ocrx_word' id='word_1_550' title='bbox 2242 3289 2303 3344; x_wconf 82' lang='grc' dir='ltr'>τὸ</span> <span class='ocrx_word' id='word_1_551' title='bbox 2333 3288 2447 3350; x_wconf 85' lang='grc' dir='ltr'>οῦς,</span> 
     </span>
    </p>
   </div>
   <div class='ocr_carea' id='block_1_80' title="bbox 2327 3373 3895 3454">
    <p class='ocr_par' dir='ltr' id='par_1_80' title="bbox 2327 3373 3895 3454">
     <span class='ocr_line' id='line_1_80' title="bbox 2327 3373 3895 3454; baseline -0.001 -20"><span class='ocrx_word' id='word_1_552' title='bbox 2327 3373 2428 3437; x_wconf 81' lang='grc' dir='ltr'><strong>ΙΖ’,</strong></span> <span class='ocrx_word' id='word_1_553' title='bbox 2503 3374 2667 3454; x_wconf 75' lang='grc' dir='ltr'>Εἶτα,</span> <span class='ocrx_word' id='word_1_554' title='bbox 2737 3373 2933 3431; x_wconf 79' lang='grc' dir='ltr'>ἐκείνου</span> <span class='ocrx_word' id='word_1_555' title='bbox 3016 3389 3134 3436; x_wconf 75' lang='grc' dir='ltr'>τοῖς</span> <span class='ocrx_word' id='word_1_556' title='bbox 3207 3374 3482 3453; x_wconf 84' lang='grc' dir='ltr'>προτέροις</span> <span class='ocrx_word' id='word_1_557' title='bbox 3543 3375 3895 3452; x_wconf 78' lang='grc' dir='ltr'>ἐμμένοντος,</span> 
     </span>
    </p>
   </div>
   <div class='ocr_carea' id='block_1_81' title="bbox 2245 3462 3902 3542">
    <p class='ocr_par' dir='ltr' id='par_1_81' title="bbox 2245 3462 3902 3542">
     <span class='ocr_line' id='line_1_81' title="bbox 2245 3462 3902 3542; baseline 0 -18"><span class='ocrx_word' id='word_1_558' title='bbox 2245 3466 2387 3530; x_wconf 73' lang='grc' dir='ltr'>αὖθις</span> <span class='ocrx_word' id='word_1_559' title='bbox 2447 3467 2482 3533; x_wconf 77' lang='grc' dir='ltr'><strong>ἡ</strong></span> <span class='ocrx_word' id='word_1_560' title='bbox 2545 3471 2739 3542; x_wconf 81' lang='grc' dir='ltr'>Σοφια,</span> <span class='ocrx_word' id='word_1_561' title='bbox 2796 3462 2904 3524; x_wconf 71' lang='grc' dir='ltr'>οὔδ’</span> <span class='ocrx_word' id='word_1_562' title='bbox 2962 3462 3070 3522; x_wconf 74' lang='grc' dir='ltr'>οἶδ’</span> <span class='ocrx_word' id='word_1_563' title='bbox 3121 3463 3237 3522; x_wconf 78' lang='grc' dir='ltr'>ὅθεν</span> <span class='ocrx_word' id='word_1_564' title='bbox 3289 3469 3546 3542; x_wconf 83' lang='grc' dir='ltr'>μαθοῦσα,</span> <span class='ocrx_word' id='word_1_565' title='bbox 3583 3464 3746 3525; x_wconf 83' lang='grc' dir='ltr'>’Ἐστι</span> <span class='ocrx_word' id='word_1_566' title='bbox 3807 3487 3902 3524; x_wconf 86' lang='grc' dir='ltr'><strong>σοι</strong></span> 
     </span>
    </p>
   </div>
   <div class='ocr_carea' id='block_1_82' title="bbox 2246 3554 3901 3636">
    <p class='ocr_par' dir='ltr' id='par_1_82' title="bbox 2246 3554 3901 3636">
     <span class='ocr_line' id='line_1_82' title="bbox 2246 3554 3901 3636; baseline 0 -22"><span class='ocrx_word' id='word_1_567' title='bbox 2246 3559 2329 3614; x_wconf 84' lang='grc' dir='ltr'><strong>καὶ</strong></span> <span class='ocrx_word' id='word_1_568' title='bbox 2386 3554 2543 3612; x_wconf 88' lang='grc' dir='ltr'>τέκνα</span> <span class='ocrx_word' id='word_1_569' title='bbox 2599 3556 2685 3611; x_wconf 86' lang='grc' dir='ltr'><strong>καὶ</strong></span> <span class='ocrx_word' id='word_1_570' title='bbox 2743 3556 2898 3634; x_wconf 81' lang='grc' dir='ltr'>γυνὴ,</span> <span class='ocrx_word' id='word_1_571' title='bbox 2973 3556 3104 3634; x_wconf 81' lang='grc' dir='ltr'>πρὸς</span> <span class='ocrx_word' id='word_1_572' title='bbox 3173 3557 3329 3614; x_wconf 77' lang='grc' dir='ltr'>αὐτὸν</span> <span class='ocrx_word' id='word_1_573' title='bbox 3398 3556 3739 3636; x_wconf 68' lang='grc' dir='ltr'>ἀπεκρίνατο,</span> <span class='ocrx_word' id='word_1_574' title='bbox 3800 3559 3901 3614; x_wconf 82' lang='grc' dir='ltr'><strong>καὶ</strong></span> 
     </span>
    </p>
   </div>
   <div class='ocr_carea' id='block_1_83' title="bbox 2245 3643 3897 3725">
    <p class='ocr_par' dir='ltr' id='par_1_83' title="bbox 2245 3643 3897 3725">
     <span class='ocr_line' id='line_1_83' title="bbox 2245 3643 3897 3725; baseline 0.001 -23"><span class='ocrx_word' id='word_1_575' title='bbox 2245 3645 2339 3702; x_wconf 73' lang='grc' dir='ltr'><strong>οῦκ</strong></span> <span class='ocrx_word' id='word_1_576' title='bbox 2400 3647 2461 3700; x_wconf 80' lang='grc' dir='ltr'><strong>ἃν</strong></span> <span class='ocrx_word' id='word_1_577' title='bbox 2519 3643 2626 3723; x_wconf 80' lang='grc' dir='ltr'><strong>ἐγώ</strong></span> <span class='ocrx_word' id='word_1_578' title='bbox 2685 3665 2767 3700; x_wconf 92' lang='grc' dir='ltr'><strong>σοι</strong></span> <span class='ocrx_word' id='word_1_579' title='bbox 2824 3645 2957 3725; x_wconf 85' lang='grc' dir='ltr'>πρὸς</span> <span class='ocrx_word' id='word_1_580' title='bbox 3014 3645 3188 3724; x_wconf 74' lang='grc' dir='ltr'>γάμον</span> <span class='ocrx_word' id='word_1_581' title='bbox 3229 3646 3327 3713; x_wconf 78' lang='grc' dir='ltr'>τὴν</span> <span class='ocrx_word' id='word_1_582' title='bbox 3381 3646 3519 3721; x_wconf 72' lang='grc' dir='ltr'>ἐμὴν</span> <span class='ocrx_word' id='word_1_583' title='bbox 3571 3644 3737 3704; x_wconf 78' lang='grc' dir='ltr'>παῖδα</span> <span class='ocrx_word' id='word_1_584' title='bbox 3791 3646 3897 3704; x_wconf 84' lang='grc' dir='ltr'>ἐκ-</span> 
     </span>
    </p>
   </div>
   <div class='ocr_carea' id='block_1_84' title="bbox 2245 3731 3901 3816">
    <p class='ocr_par' dir='ltr' id='par_1_84' title="bbox 2245 3731 3901 3816">
     <span class='ocr_line' id='line_1_84' title="bbox 2245 3731 3901 3816; baseline 0.001 -24"><span class='ocrx_word' id='word_1_585' title='bbox 2245 3735 2416 3802; x_wconf 86' lang='grc' dir='ltr'>δοίην,</span> <span class='ocrx_word' id='word_1_586' title='bbox 2478 3731 2538 3792; x_wconf 86' lang='grc'><strong>’0</strong></span> <span class='ocrx_word' id='word_1_587' title='bbox 2589 3732 2644 3790; x_wconf 76' lang='grc' dir='ltr'>δὲ</span> <span class='ocrx_word' id='word_1_588' title='bbox 2705 3743 2856 3794; x_wconf 86' lang='grc' dir='ltr'>τοῦτο</span> <span class='ocrx_word' id='word_1_589' title='bbox 2916 3734 3014 3803; x_wconf 80' lang='grc' dir='ltr'>μὲν</span> <span class='ocrx_word' id='word_1_590' title='bbox 3071 3742 3150 3796; x_wconf 83' lang='grc' dir='ltr'>τῶ</span> <span class='ocrx_word' id='word_1_591' title='bbox 3193 3732 3348 3816; x_wconf 79' lang='grc' dir='ltr'>ἔρωτι</span> <span class='ocrx_word' id='word_1_592' title='bbox 3391 3739 3490 3805; x_wconf 75' lang='grc' dir='ltr'><strong>τῆς</strong></span> <span class='ocrx_word' id='word_1_593' title='bbox 3524 3737 3689 3813; x_wconf 86' lang='grc' dir='ltr'>κόρης</span> <span class='ocrx_word' id='word_1_594' title='bbox 3720 3737 3901 3794; x_wconf 77' lang='grc' dir='ltr'>νικώ-</span> 
     </span>
    </p>
   </div>
   <div class='ocr_carea' id='block_1_85' title="bbox 2245 3820 3904 3905">
    <p class='ocr_par' dir='ltr' id='par_1_85' title="bbox 2245 3820 3904 3905">
     <span class='ocr_line' id='line_1_85' title="bbox 2245 3820 3904 3905; baseline 0.002 -24"><span class='ocrx_word' id='word_1_595' title='bbox 2245 3847 2428 3905; x_wconf 84' lang='grc' dir='ltr'>μενος,</span> <span class='ocrx_word' id='word_1_596' title='bbox 2463 3830 2617 3882; x_wconf 85' lang='grc' dir='ltr'>τοῦτο</span> <span class='ocrx_word' id='word_1_597' title='bbox 2648 3820 2702 3879; x_wconf 82' lang='grc' dir='ltr'>δὲ</span> <span class='ocrx_word' id='word_1_598' title='bbox 2737 3824 2822 3880; x_wconf 71' lang='grc' dir='ltr'><strong>καὶ</strong></span> <span class='ocrx_word' id='word_1_599' title='bbox 2870 3825 3010 3881; x_wconf 77' lang='grc' dir='ltr'>θείου</span> <span class='ocrx_word' id='word_1_600' title='bbox 3044 3821 3208 3904; x_wconf 76' lang='grc' dir='ltr'>φόϐου</span> <span class='ocrx_word' id='word_1_601' title='bbox 3265 3825 3345 3901; x_wconf 79' lang='grc' dir='ltr'><strong>μὴ</strong></span> <span class='ocrx_word' id='word_1_602' title='bbox 3400 3825 3642 3905; x_wconf 77' lang='grc' dir='ltr'>φροντίδα</span> <span class='ocrx_word' id='word_1_603' title='bbox 3696 3829 3904 3884; x_wconf 79' lang='grc' dir='ltr'>ποιού-</span> 
     </span>
    </p>
   </div>
   <div class='ocr_carea' id='block_1_86' title="bbox 2245 3913 3907 3996">
    <p class='ocr_par' dir='ltr' id='par_1_86' title="bbox 2245 3913 3907 3996">
     <span class='ocr_line' id='line_1_86' title="bbox 2245 3913 3907 3996; baseline 0.004 -26"><span class='ocrx_word' id='word_1_604' title='bbox 2245 3936 2428 3993; x_wconf 86' lang='grc' dir='ltr'>μενος,</span> <span class='ocrx_word' id='word_1_605' title='bbox 2517 3913 2836 3993; x_wconf 71' lang='grc' dir='ltr'>ἐμαρτύρετο</span> <span class='ocrx_word' id='word_1_606' title='bbox 2893 3915 2984 3970; x_wconf 80' lang='grc' dir='ltr'>τὸν</span> <span class='ocrx_word' id='word_1_607' title='bbox 3055 3916 3186 3971; x_wconf 84' lang='grc' dir='ltr'>Θεὸν</span> <span class='ocrx_word' id='word_1_608' title='bbox 3250 3913 3387 3990; x_wconf 79' lang='grc' dir='ltr'>μηδὲ</span> <span class='ocrx_word' id='word_1_609' title='bbox 3459 3937 3587 3974; x_wconf 82' lang='grc' dir='ltr'>ποτε</span> <span class='ocrx_word' id='word_1_610' title='bbox 3658 3930 3907 3996; x_wconf 75' lang='grc' dir='ltr'>γυναῖκα</span> 
     </span>
    </p>
   </div>
   <div class='ocr_carea' id='block_1_87' title="bbox 2245 4001 3906 4086">
    <p class='ocr_par' dir='ltr' id='par_1_87' title="bbox 2245 4001 3906 4086">
     <span class='ocr_line' id='line_1_87' title="bbox 2245 4001 3906 4086; baseline 0.004 -26"><span class='ocrx_word' id='word_1_611' title='bbox 2245 4002 2381 4080; x_wconf 81' lang='grc' dir='ltr'><strong>μηδέ</strong></span> <span class='ocrx_word' id='word_1_612' title='bbox 2438 4005 2596 4061; x_wconf 85' lang='grc' dir='ltr'>τέκνα</span> <span class='ocrx_word' id='word_1_613' title='bbox 2652 4017 2841 4083; x_wconf 80' lang='grc' dir='ltr'>σχεῖν,</span> <span class='ocrx_word' id='word_1_614' title='bbox 2901 4001 3038 4060; x_wconf 75' lang='grc' dir='ltr'>ἀλλὰ</span> <span class='ocrx_word' id='word_1_615' title='bbox 3085 4005 3173 4060; x_wconf 78' lang='grc' dir='ltr'>καὶ</span> <span class='ocrx_word' id='word_1_616' title='bbox 3221 4006 3295 4069; x_wconf 88' lang='grc' dir='ltr'><strong>είς</strong></span> <span class='ocrx_word' id='word_1_617' title='bbox 3345 4006 3569 4084; x_wconf 78' lang='grc' dir='ltr'>σύζυγον</span> <span class='ocrx_word' id='word_1_618' title='bbox 3597 4006 3906 4086; x_wconf 75' lang='grc' dir='ltr'>ἀγαγέσθαι</span> 
     </span>
    </p>
   </div>
   <div class='ocr_carea' id='block_1_88' title="bbox 2242 4092 3906 4172">
    <p class='ocr_par' dir='ltr' id='par_1_88' title="bbox 2242 4092 3906 4172">
     <span class='ocr_line' id='line_1_88' title="bbox 2242 4092 3906 4172; baseline 0.003 -22"><span class='ocrx_word' id='word_1_619' title='bbox 2242 4095 2342 4163; x_wconf 74' lang='grc' dir='ltr'>τὴν</span> <span class='ocrx_word' id='word_1_620' title='bbox 2400 4095 2566 4172; x_wconf 83' lang='grc' dir='ltr'>κόρην</span> <span class='ocrx_word' id='word_1_621' title='bbox 2619 4092 2919 4170; x_wconf 85' lang='grc' dir='ltr'>βούλεσθαι,</span> <span class='ocrx_word' id='word_1_622' title='bbox 2980 4096 3067 4150; x_wconf 75' lang='grc' dir='ltr'>καὶ</span> <span class='ocrx_word' id='word_1_623' title='bbox 3119 4099 3226 4150; x_wconf 84' lang='grc' dir='ltr'>τῶν</span> <span class='ocrx_word' id='word_1_624' title='bbox 3285 4094 3445 4154; x_wconf 76' lang='grc' dir='ltr'>αὐτοῦ</span> <span class='ocrx_word' id='word_1_625' title='bbox 3504 4097 3718 4154; x_wconf 84' lang='grc' dir='ltr'>πάντων</span> <span class='ocrx_word' id='word_1_626' title='bbox 3789 4121 3906 4155; x_wconf 83' lang='grc' dir='ltr'>κυ-</span> 
     </span>
    </p>
   </div>
   <div class='ocr_carea' id='block_1_89' title="bbox 2243 4182 3907 4267">
    <p class='ocr_par' dir='ltr' id='par_1_89' title="bbox 2243 4182 3907 4267">
     <span class='ocr_line' id='line_1_89' title="bbox 2243 4182 3907 4267; baseline 0.004 -28"><span class='ocrx_word' id='word_1_627' title='bbox 2243 4185 2357 4262; x_wconf 84' lang='grc' dir='ltr'>ρίαν</span> <span class='ocrx_word' id='word_1_628' title='bbox 2413 4184 2578 4250; x_wconf 77' lang='grc' dir='ltr'>αὒτὴν</span> <span class='ocrx_word' id='word_1_629' title='bbox 2634 4183 2986 4252; x_wconf 74' lang='grc' dir='ltr'>ποιήσασθαι.</span> <span class='ocrx_word' id='word_1_630' title='bbox 3046 4182 3300 4243; x_wconf 82' lang='grc' dir='ltr'>Ἠττᾰται</span> <span class='ocrx_word' id='word_1_631' title='bbox 3357 4195 3639 4267; x_wconf 79' lang='grc' dir='ltr'>τοιγαροῦν</span> <span class='ocrx_word' id='word_1_632' title='bbox 3696 4190 3731 4257; x_wconf 77' lang='grc' dir='ltr'>ἠ</span> <span class='ocrx_word' id='word_1_633' title='bbox 3788 4195 3907 4258; x_wconf 78' lang='grc' dir='ltr'>τῆς</span> 
     </span>
    </p>
   </div>
   <div class='ocr_carea' id='block_1_90' title="bbox 2244 4270 3912 4355">
    <p class='ocr_par' dir='ltr' id='par_1_90' title="bbox 2244 4270 3912 4355">
     <span class='ocr_line' id='line_1_90' title="bbox 2244 4270 3912 4355; baseline 0.005 -26"><span class='ocrx_word' id='word_1_634' title='bbox 2244 4270 2429 4336; x_wconf 82' lang='grc' dir='ltr'>παιδὸς</span> <span class='ocrx_word' id='word_1_635' title='bbox 2488 4272 2670 4350; x_wconf 73' lang='grc' dir='ltr'>μήτηρ</span> <span class='ocrx_word' id='word_1_636' title='bbox 2734 4278 2839 4328; x_wconf 85' lang='grc' dir='ltr'><strong>τῶν</strong></span> <span class='ocrx_word' id='word_1_637' title='bbox 2893 4283 2986 4332; x_wconf 83' lang='grc' dir='ltr'><strong>τοῦ</strong></span> <span class='ocrx_word' id='word_1_638' title='bbox 3053 4274 3246 4333; x_wconf 87' lang='grc' dir='ltr'>Γότθου</span> <span class='ocrx_word' id='word_1_639' title='bbox 3319 4273 3596 4355; x_wconf 77' lang='grc' dir='ltr'>ῥημάτων.</span> <span class='ocrx_word' id='word_1_640' title='bbox 3675 4281 3772 4336; x_wconf 80' lang='grc' dir='ltr'>Καὶ</span> <span class='ocrx_word' id='word_1_641' title='bbox 3841 4283 3912 4338; x_wconf 78' lang='grc' dir='ltr'><strong>τί</strong></span> 
     </span>
    </p>
   </div>
   <div class='ocr_carea' id='block_1_91' title="bbox 3020 3194 3896 3277">
    <p class='ocr_par' dir='ltr' id='par_1_91' title="bbox 3020 3194 3896 3277">
     <span class='ocr_line' id='line_1_91' title="bbox 3020 3194 3896 3277; baseline 0.003 -26"><span class='ocrx_word' id='word_1_642' title='bbox 3020 3195 3178 3254; x_wconf 68' lang='grc' dir='ltr'>αὐτοῦ</span> <span class='ocrx_word' id='word_1_643' title='bbox 3260 3194 3568 3273; x_wconf 83' lang='grc' dir='ltr'>λεγομένοις</span> <span class='ocrx_word' id='word_1_644' title='bbox 3653 3210 3896 3277; x_wconf 71' lang='grc' dir='ltr'>παρεῖχε</span> 
     </span>
    </p>
   </div>
   <div class='ocr_carea' id='block_1_92' title="bbox 509 4356 2156 4443">
    <p class='ocr_par' dir='ltr' id='par_1_92' title="bbox 509 4356 2156 4433">
     <span class='ocr_line' id='line_1_92' title="bbox 509 4356 2156 4433; baseline -0.001 -12"><span class='ocrx_word' id='word_1_645' title='bbox 509 4366 568 4421; x_wconf 87' lang='lat' dir='ltr'><strong>et</strong></span> <span class='ocrx_word' id='word_1_646' title='bbox 597 4365 1103 4420; x_wconf 85' lang='lat' dir='ltr'><strong>sacramentorum</strong></span> <span class='ocrx_word' id='word_1_647' title='bbox 1135 4357 1369 4419; x_wconf 89' lang='lat' dir='ltr'><strong>audiret</strong></span> <span class='ocrx_word' id='word_1_648' title='bbox 1415 4356 1709 4433; x_wconf 79' lang='lat' dir='ltr'><strong>examina,</strong></span> <span class='ocrx_word' id='word_1_649' title='bbox 1772 4365 1830 4418; x_wconf 92' lang='lat' dir='ltr'><strong>et</strong></span> <span class='ocrx_word' id='word_1_650' title='bbox 1884 4360 1938 4420; x_wconf 87' lang='lat' dir='ltr'><strong>ei</strong></span> <span class='ocrx_word' id='word_1_651' title='bbox 1999 4368 2156 4420; x_wconf 92' lang='lat' dir='ltr'><strong>metu</strong></span> 
     </span>
    </p>
   </div>
   <div class='ocr_carea' id='block_1_93' title="bbox 2244 4356 3906 4443">
    <p class='ocr_par' dir='ltr' id='par_1_93' title="bbox 2245 4359 3906 4443">
     <span class='ocr_line' id='line_1_93' title="bbox 2245 4359 3906 4443; baseline 0.005 -26"><span class='ocrx_word' id='word_1_652' title='bbox 2245 4362 2342 4439; x_wconf 79' lang='grc' dir='ltr'><strong>γὰρ</strong></span> <span class='ocrx_word' id='word_1_653' title='bbox 2399 4359 2590 4439; x_wconf 71' lang='grc' dir='ltr'>ἔμελλε</span> <span class='ocrx_word' id='word_1_654' title='bbox 2649 4359 2772 4440; x_wconf 82' lang='grc' dir='ltr'>δρᾷν</span> <span class='ocrx_word' id='word_1_655' title='bbox 2841 4363 2924 4420; x_wconf 71' lang='grc' dir='ltr'>καὶ</span> <span class='ocrx_word' id='word_1_656' title='bbox 2995 4364 3127 4443; x_wconf 79' lang='grc' dir='ltr'>γυνὴ</span> <span class='ocrx_word' id='word_1_657' title='bbox 3200 4365 3327 4422; x_wconf 78' lang='grc' dir='ltr'>οὖσα</span> <span class='ocrx_word' id='word_1_658' title='bbox 3397 4367 3460 4424; x_wconf 80' lang='grc' dir='ltr'><strong>τὸ</strong></span> <span class='ocrx_word' id='word_1_659' title='bbox 3529 4365 3745 4425; x_wconf 70' lang='grc' dir='ltr'>εὔκολον</span> <span class='ocrx_word' id='word_1_660' title='bbox 3815 4371 3906 4436; x_wconf 76' lang='grc' dir='ltr'>εἷς</span> 
     </span>
    </p>
   </div>
   <div class='ocr_carea' id='block_1_94' title="bbox 514 4445 2156 4539">
    <p class='ocr_par' dir='ltr' id='par_1_94' title="bbox 514 4445 2156 4528">
     <span class='ocr_line' id='line_1_94' title="bbox 514 4445 2156 4528; baseline 0.001 -21"><span class='ocrx_word' id='word_1_661' title='bbox 514 4454 859 4528; x_wconf 88' lang='lat' dir='ltr'><strong>quaterctur</strong></span> <span class='ocrx_word' id='word_1_662' title='bbox 887 4445 1167 4508; x_wconf 84' lang='lat' dir='ltr'><strong>animus?</strong></span> <span class='ocrx_word' id='word_1_663' title='bbox 1201 4448 1402 4527; x_wconf 82' lang='lat' dir='ltr'><strong>Itaque</strong></span> <span class='ocrx_word' id='word_1_664' title='bbox 1452 4465 1661 4509; x_wconf 90' lang='lat' dir='ltr'><strong>manus</strong></span> <span class='ocrx_word' id='word_1_665' title='bbox 1703 4447 1762 4507; x_wconf 89' lang='lat' dir='ltr'><strong>in</strong></span> <span class='ocrx_word' id='word_1_666' title='bbox 1795 4447 2010 4510; x_wconf 66' lang='lat' dir='ltr'><strong>caelum</strong></span> <span class='ocrx_word' id='word_1_667' title='bbox 2047 4449 2156 4509; x_wconf 88' lang='lat' dir='ltr'><strong>tol-</strong></span> 
     </span>
    </p>
   </div>
   <div class='ocr_carea' id='block_1_95' title="bbox 2244 4445 3909 4539">
    <p class='ocr_par' dir='ltr' id='par_1_95' title="bbox 2249 4451 3909 4539">
     <span class='ocr_line' id='line_1_95' title="bbox 2249 4451 3909 4539; baseline 0.007 -33"><span class='ocrx_word' id='word_1_668' title='bbox 2249 4451 2482 4526; x_wconf 73' lang='grc' dir='ltr'>ἀπάτην,</span> <span class='ocrx_word' id='word_1_669' title='bbox 2556 4452 2642 4508; x_wconf 86' lang='grc' dir='ltr'><strong>καὶ</strong></span> <span class='ocrx_word' id='word_1_670' title='bbox 2715 4451 2886 4529; x_wconf 80' lang='grc' dir='ltr'>ὅρκων</span> <span class='ocrx_word' id='word_1_671' title='bbox 2953 4451 3147 4529; x_wconf 72' lang='grc' dir='ltr'>ἐσμοὺς</span> <span class='ocrx_word' id='word_1_672' title='bbox 3221 4454 3510 4534; x_wconf 78' lang='grc' dir='ltr'>ἀκούουσα,</span> <span class='ocrx_word' id='word_1_673' title='bbox 3586 4459 3674 4516; x_wconf 74' lang='grc' dir='ltr'>καὶ</span> <span class='ocrx_word' id='word_1_674' title='bbox 3742 4457 3909 4539; x_wconf 73' lang='grc' dir='ltr'>φόϐῳ</span> 
     </span>
    </p>
   </div>
   <div class='ocr_carea' id='block_1_96' title="bbox 510 4535 2156 4628">
    <p class='ocr_par' dir='ltr' id='par_1_96' title="bbox 510 4535 2156 4617">
     <span class='ocr_line' id='line_1_96' title="bbox 510 4535 2156 4617; baseline 0 -19"><span class='ocrx_word' id='word_1_675' title='bbox 510 4539 644 4600; x_wconf 91' lang='lat' dir='ltr'><strong>lens</strong></span> <span class='ocrx_word' id='word_1_676' title='bbox 675 4557 689 4596; x_wconf 90' lang='lat'><strong>:</strong></span> <span class='ocrx_word' id='word_1_677' title='bbox 721 4540 894 4597; x_wconf 80' lang='lat' dir='ltr'><strong>Fater</strong></span> <span class='ocrx_word' id='word_1_678' title='bbox 923 4535 1350 4615; x_wconf 81' lang='lat' dir='ltr'><strong>orphanorum,</strong></span> <span class='ocrx_word' id='word_1_679' title='bbox 1407 4544 1464 4596; x_wconf 92' lang='lat' dir='ltr'><strong>et</strong></span> <span class='ocrx_word' id='word_1_680' title='bbox 1517 4535 1795 4597; x_wconf 81' lang='lat' dir='ltr'><strong>defensor</strong></span> <span class='ocrx_word' id='word_1_681' title='bbox 1825 4537 2156 4617; x_wconf 84' lang='lat' dir='ltr'><strong>viduarum,</strong></span> 
     </span>
    </p>
   </div>
   <div class='ocr_carea' id='block_1_97' title="bbox 2244 4535 3906 4628">
    <p class='ocr_par' dir='ltr' id='par_1_97' title="bbox 2245 4535 3906 4628">
     <span class='ocr_line' id='line_1_97' title="bbox 2245 4535 3906 4628; baseline 0.005 -33"><span class='ocrx_word' id='word_1_682' title='bbox 2245 4539 2342 4608; x_wconf 69' lang='grc' dir='ltr'>τὴν</span> <span class='ocrx_word' id='word_1_683' title='bbox 2374 4541 2557 4621; x_wconf 69' lang='grc' dir='ltr'>ψυχήν</span> <span class='ocrx_word' id='word_1_684' title='bbox 2587 4539 2895 4618; x_wconf 82' lang='grc' dir='ltr'>βαλλομένη</span> <span class='ocrx_word' id='word_1_685' title='bbox 2926 4565 2942 4620; x_wconf 85' lang='grc'>;</span> <span class='ocrx_word' id='word_1_686' title='bbox 2990 4545 3095 4608; x_wconf 76' lang='grc' dir='ltr'><strong>Τὰς</strong></span> <span class='ocrx_word' id='word_1_687' title='bbox 3123 4557 3318 4625; x_wconf 78' lang='grc' dir='ltr'>χεῖρας</span> <span class='ocrx_word' id='word_1_688' title='bbox 3373 4545 3465 4603; x_wconf 82' lang='grc' dir='ltr'>οὖν</span> <span class='ocrx_word' id='word_1_689' title='bbox 3517 4548 3590 4614; x_wconf 79' lang='grc' dir='ltr'>εἷς</span> <span class='ocrx_word' id='word_1_690' title='bbox 3640 4535 3906 4628; x_wconf 67' lang='grc' dir='ltr'>ούρανοὺξ</span> 
     </span>
    </p>
   </div>
   <div class='ocr_carea' id='block_1_98' title="bbox 514 4625 2157 4710">
    <p class='ocr_par' dir='ltr' id='par_1_98' title="bbox 514 4625 2157 4710">
     <span class='ocr_line' id='line_1_98' title="bbox 514 4625 2157 4710; baseline -0.001 -20"><span class='ocrx_word' id='word_1_691' title='bbox 514 4626 770 4690; x_wconf 91' lang='lat' dir='ltr'><strong>Domine</strong></span> <span class='ocrx_word' id='word_1_692' title='bbox 799 4634 856 4687; x_wconf 90' lang='lat' dir='ltr'><strong>et</strong></span> <span class='ocrx_word' id='word_1_693' title='bbox 877 4626 1061 4699; x_wconf 86' lang='lat' dir='ltr'><strong>Deus,</strong></span> <span class='ocrx_word' id='word_1_694' title='bbox 1089 4627 1298 4706; x_wconf 88' lang='lat' dir='ltr'><strong>inquit,</strong></span> <span class='ocrx_word' id='word_1_695' title='bbox 1325 4644 1400 4687; x_wconf 91' lang='lat' dir='ltr'><strong>ne</strong></span> <span class='ocrx_word' id='word_1_696' title='bbox 1425 4625 1778 4707; x_wconf 81' lang='lat' dir='ltr'><strong>dexpexeris</strong></span> <span class='ocrx_word' id='word_1_697' title='bbox 1807 4627 1960 4690; x_wconf 87' lang='lat' dir='ltr'><strong>hanc</strong></span> <span class='ocrx_word' id='word_1_698' title='bbox 1983 4628 2157 4710; x_wconf 70' lang='lat' dir='ltr'><strong>puel-</strong></span> 
     </span>
    </p>
   </div>
   <div class='ocr_carea' id='block_1_99' title="bbox 516 4714 2160 4797">
    <p class='ocr_par' dir='ltr' id='par_1_99' title="bbox 516 4714 2160 4797">
     <span class='ocr_line' id='line_1_99' title="bbox 516 4714 2160 4797; baseline 0.001 -21"><span class='ocrx_word' id='word_1_699' title='bbox 516 4716 658 4790; x_wconf 90' lang='lat' dir='ltr'><strong>lam,</strong></span> <span class='ocrx_word' id='word_1_700' title='bbox 696 4733 827 4796; x_wconf 70' lang='lat' dir='ltr'><strong>qum</strong></span> <span class='ocrx_word' id='word_1_701' title='bbox 855 4715 979 4776; x_wconf 90' lang='lat' dir='ltr'><strong>viro</strong></span> <span class='ocrx_word' id='word_1_702' title='bbox 1011 4714 1210 4791; x_wconf 80' lang='lat' dir='ltr'><strong>ignoto</strong></span> <span class='ocrx_word' id='word_1_703' title='bbox 1245 4715 1649 4795; x_wconf 84' lang='lat' dir='ltr'><strong>conjungitur.</strong></span> <span class='ocrx_word' id='word_1_704' title='bbox 1683 4715 1766 4778; x_wconf 90' lang='lat' dir='ltr'><strong>Te</strong></span> <span class='ocrx_word' id='word_1_705' title='bbox 1825 4716 1984 4778; x_wconf 90' lang='lat' dir='ltr'><strong>enim</strong></span> <span class='ocrx_word' id='word_1_706' title='bbox 2032 4717 2160 4797; x_wconf 90' lang='lat' dir='ltr'><strong>ejus</strong></span> 
     </span>
    </p>
   </div>
   <div class='ocr_carea' id='block_1_100' title="bbox 517 4805 2154 4889">
    <p class='ocr_par' dir='ltr' id='par_1_100' title="bbox 517 4805 2154 4889">
     <span class='ocr_line' id='line_1_100' title="bbox 517 4805 2154 4889; baseline 0.001 -23"><span class='ocrx_word' id='word_1_707' title='bbox 517 4805 946 4889; x_wconf 86' lang='lat' dir='ltr'><strong>promissorum</strong></span> <span class='ocrx_word' id='word_1_708' title='bbox 994 4805 1220 4885; x_wconf 84' lang='lat' dir='ltr'><strong>accipio</strong></span> <span class='ocrx_word' id='word_1_709' title='bbox 1270 4807 1666 4885; x_wconf 85' lang='lat' dir='ltr'><strong>inspectorem</strong></span> <span class='ocrx_word' id='word_1_710' title='bbox 1709 4823 1723 4880; x_wconf 90' lang='lat'>;</span> <span class='ocrx_word' id='word_1_711' title='bbox 1773 4815 1831 4867; x_wconf 91' lang='lat' dir='ltr'><strong>et</strong></span> <span class='ocrx_word' id='word_1_712' title='bbox 1877 4815 1932 4868; x_wconf 92' lang='lat' dir='ltr'><strong>te</strong></span> <span class='ocrx_word' id='word_1_713' title='bbox 1981 4807 2154 4882; x_wconf 80' lang='lat' dir='ltr'><strong>freta,</strong></span> 
     </span>
    </p>
   </div>
   <div class='ocr_carea' id='block_1_101' title="bbox 517 4893 2163 4975">
    <p class='ocr_par' dir='ltr' id='par_1_101' title="bbox 517 4893 2163 4975">
     <span class='ocr_line' id='line_1_101' title="bbox 517 4893 2163 4975; baseline 0.001 -18"><span class='ocrx_word' id='word_1_714' title='bbox 517 4893 754 4957; x_wconf 90' lang='lat' dir='ltr'><strong>unicam</strong></span> <span class='ocrx_word' id='word_1_715' title='bbox 789 4912 979 4955; x_wconf 90' lang='lat' dir='ltr'><strong>meam</strong></span> <span class='ocrx_word' id='word_1_716' title='bbox 1013 4895 1192 4956; x_wconf 90' lang='lat' dir='ltr'><strong>ﬁliam</strong></span> <span class='ocrx_word' id='word_1_717' title='bbox 1229 4895 1394 4956; x_wconf 89' lang='lat' dir='ltr'><strong>trado</strong></span> <span class='ocrx_word' id='word_1_718' title='bbox 1428 4895 1566 4956; x_wconf 85' lang='lat' dir='ltr'><strong>huic</strong></span> <span class='ocrx_word' id='word_1_719' title='bbox 1600 4895 1935 4975; x_wconf 85' lang='lat' dir='ltr'><strong>peregrino.</strong></span> <span class='ocrx_word' id='word_1_720' title='bbox 1977 4896 2045 4958; x_wconf 89' lang='lat' dir='ltr'><strong>Et</strong></span> <span class='ocrx_word' id='word_1_721' title='bbox 2075 4897 2163 4959; x_wconf 89' lang='lat' dir='ltr'><strong>in-</strong></span> 
     </span>
    </p>
   </div>
   <div class='ocr_carea' id='block_1_102' title="bbox 517 4981 2156 5063">
    <p class='ocr_par' dir='ltr' id='par_1_102' title="bbox 517 4981 2156 5063">
     <span class='ocr_line' id='line_1_102' title="bbox 517 4981 2156 5063; baseline 0.001 -18"><span class='ocrx_word' id='word_1_722' title='bbox 517 4984 694 5047; x_wconf 82' lang='lat' dir='ltr'><strong>terim</strong></span> <span class='ocrx_word' id='word_1_723' title='bbox 747 4981 1028 5045; x_wconf 89' lang='lat' dir='ltr'><strong>scribitur</strong></span> <span class='ocrx_word' id='word_1_724' title='bbox 1082 4992 1416 5047; x_wconf 86' lang='lat' dir='ltr'><strong>contractus</strong></span> <span class='ocrx_word' id='word_1_725' title='bbox 1463 4984 1848 5063; x_wconf 88' lang='lat' dir='ltr'><strong>matrimonii,</strong></span> <span class='ocrx_word' id='word_1_726' title='bbox 1911 4995 1970 5048; x_wconf 91' lang='lat' dir='ltr'><strong>et</strong></span> <span class='ocrx_word' id='word_1_727' title='bbox 2023 5006 2156 5049; x_wconf 90' lang='lat' dir='ltr'><strong>cum</strong></span> 
     </span>
    </p>
   </div>
   <div class='ocr_carea' id='block_1_103' title="bbox 519 5071 2161 5154">
    <p class='ocr_par' dir='ltr' id='par_1_103' title="bbox 519 5071 2161 5154">
     <span class='ocr_line' id='line_1_103' title="bbox 519 5071 2161 5154; baseline 0.002 -19"><span class='ocrx_word' id='word_1_728' title='bbox 519 5073 882 5154; x_wconf 89' lang='lat' dir='ltr'><strong>aliquantum</strong></span> <span class='ocrx_word' id='word_1_729' title='bbox 914 5074 1199 5152; x_wconf 89' lang='lat' dir='ltr'><strong>temporis</strong></span> <span class='ocrx_word' id='word_1_730' title='bbox 1257 5072 1457 5134; x_wconf 82' lang='lat' dir='ltr'><strong>Hunni</strong></span> <span class='ocrx_word' id='word_1_731' title='bbox 1506 5071 1785 5135; x_wconf 88' lang='lat' dir='ltr'><strong>Edessam</strong></span> <span class='ocrx_word' id='word_1_732' title='bbox 1827 5076 2161 5138; x_wconf 79' lang='lat' dir='ltr'><strong>circumse—</strong></span> 
     </span>
    </p>
   </div>
   <div class='ocr_carea' id='block_1_104' title="bbox 523 5160 2162 5242">
    <p class='ocr_par' dir='ltr' id='par_1_104' title="bbox 523 5160 2162 5242">
     <span class='ocr_line' id='line_1_104' title="bbox 523 5160 2162 5242; baseline 0.002 -19"><span class='ocrx_word' id='word_1_733' title='bbox 523 5162 773 5233; x_wconf 89' lang='lat' dir='ltr'><strong>dissent,</strong></span> <span class='ocrx_word' id='word_1_734' title='bbox 807 5160 952 5222; x_wconf 83' lang='lat' dir='ltr'><strong>socii</strong></span> <span class='ocrx_word' id='word_1_735' title='bbox 985 5172 1179 5223; x_wconf 89' lang='lat' dir='ltr'><strong>autem</strong></span> <span class='ocrx_word' id='word_1_736' title='bbox 1201 5173 1261 5224; x_wconf 87' lang='lat' dir='ltr'><strong>et</strong></span> <span class='ocrx_word' id='word_1_737' title='bbox 1291 5162 1594 5242; x_wconf 76' lang='lat' dir='ltr'><strong>adjutores</strong></span> <span class='ocrx_word' id='word_1_738' title='bbox 1621 5163 1826 5223; x_wconf 70' lang='lat' dir='ltr'><strong>urbem</strong></span> <span class='ocrx_word' id='word_1_739' title='bbox 1862 5165 2162 5226; x_wconf 78' lang='lat' dir='ltr'><strong>defendis-</strong></span> 
     </span>
    </p>
   </div>
   <div class='ocr_carea' id='block_1_105' title="bbox 527 5251 2162 5335">
    <p class='ocr_par' dir='ltr' id='par_1_105' title="bbox 527 5251 2162 5335">
     <span class='ocr_line' id='line_1_105' title="bbox 527 5251 2162 5335; baseline 0.004 -24"><span class='ocrx_word' id='word_1_740' title='bbox 527 5263 680 5311; x_wconf 81' lang='lat' dir='ltr'><strong>sent.</strong></span> <span class='ocrx_word' id='word_1_741' title='bbox 701 5251 1376 5328; x_wconf 73' lang='lat' dir='ltr'><strong>hostiumqueimpetum</strong></span> <span class='ocrx_word' id='word_1_742' title='bbox 1411 5254 1943 5328; x_wconf 56' lang='lat' dir='ltr'><strong>turrqmlsassentﬁt</strong></span> <span class='ocrx_word' id='word_1_743' title='bbox 1971 5257 2162 5335; x_wconf 88' lang='lat' dir='ltr'><strong>puella</strong></span> 
     </span>
    </p>
   </div>
   <div class='ocr_carea' id='block_1_106' title="bbox 527 5343 2158 5418">
    <p class='ocr_par' dir='ltr' id='par_1_106' title="bbox 527 5343 2158 5418">
     <span class='ocr_line' id='line_1_106' title="bbox 527 5343 2158 5418; baseline 0.006 -23"><span class='ocrx_word' id='word_1_744' title='bbox 527 5361 646 5418; x_wconf 71' lang='lat' dir='ltr'><strong>prw</strong></span> <span class='ocrx_word' id='word_1_745' title='bbox 675 5361 833 5396; x_wconf 60' lang='lat' dir='ltr'><strong>nam</strong></span> <span class='ocrx_word' id='word_1_746' title='bbox 873 5361 934 5397; x_wconf 74' lang='lat' dir='ltr'><strong>m</strong></span> <span class='ocrx_word' id='word_1_747' title='bbox 974 5343 1163 5398; x_wconf 59' lang='lat' dir='ltr'><strong>tit-l&#39;ltl</strong></span> <span class='ocrx_word' id='word_1_748' title='bbox 1223 5343 1350 5417; x_wconf 53' lang='grc' dir='ltr'>ηιμ]</span> <span class='ocrx_word' id='word_1_749' title='bbox 1384 5365 1391 5394; x_wconf 88' lang='grc' dir='ltr'><strong>ι</strong></span> <span class='ocrx_word' id='word_1_750' title='bbox 1447 5344 1658 5403; x_wconf 65' lang='lat' dir='ltr'><strong>etinm&#39;.</strong></span> <span class='ocrx_word' id='word_1_751' title='bbox 1720 5343 1984 5402; x_wconf 56' lang='lat' dir='ltr'><strong>Vm&#39;dum</strong></span> <span class='ocrx_word' id='word_1_752' title='bbox 2024 5367 2158 5404; x_wconf 52' lang='lat' dir='ltr'><strong>HW.</strong></span> 
     </span>
    </p>
   </div>
   <div class='ocr_carea' id='block_1_107' title="bbox 523 5436 1844 5492">
    <p class='ocr_par' dir='ltr' id='par_1_107' title="bbox 523 5436 1844 5492">
     <span class='ocr_line' id='line_1_107' title="bbox 523 5436 1844 5492; baseline -0.001 -5"><span class='ocrx_word' id='word_1_753' title='bbox 523 5441 576 5487; x_wconf 60' lang='lat' dir='ltr'><strong>tv</strong></span> <span class='ocrx_word' id='word_1_754' title='bbox 859 5455 865 5461; x_wconf 94' lang='grc'><strong>·</strong></span> <span class='ocrx_word' id='word_1_755' title='bbox 1449 5436 1570 5492; x_wconf 70' lang='grc' dir='ltr'>ι’ῗί</span> <span class='ocrx_word' id='word_1_756' title='bbox 1772 5439 1844 5489; x_wconf 54' lang='grc' dir='ltr'><strong>’.Α</strong></span> 
     </span>
    </p>
   </div>
   <div class='ocr_carea' id='block_1_108' title="bbox 530 5540 1874 5598">
    <p class='ocr_par' dir='ltr' id='par_1_108' title="bbox 530 5540 1874 5598">
     <span class='ocr_line' id='line_1_108' title="bbox 530 5540 1874 5598; baseline 0.007 -26"><span class='ocrx_word' id='word_1_757' title='bbox 530 5540 602 5578; x_wconf 81' lang='lat' dir='ltr'><strong>t&#39;._</strong></span> <span class='ocrx_word' id='word_1_758' title='bbox 661 5558 667 5574; x_wconf 84' lang='lat'><strong>.</strong></span> <span class='ocrx_word' id='word_1_759' title='bbox 1354 5549 1358 5554; x_wconf 82' lang='lat'><strong>&#39;</strong></span> <span class='ocrx_word' id='word_1_760' title='bbox 1485 5543 1536 5581; x_wconf 80' lang='lat' dir='ltr'><strong>III</strong></span> <span class='ocrx_word' id='word_1_761' title='bbox 1685 5551 1713 5582; x_wconf 70' lang='lat' dir='ltr'><strong>te</strong></span> <span class='ocrx_word' id='word_1_762' title='bbox 1793 5549 1874 5598; x_wconf 70' lang='grc' dir='ltr'>,ι’-</span> 
     </span>
    </p>
   </div>
   <div class='ocr_carea' id='block_1_109' title="bbox 524 5610 2158 5685">
    <p class='ocr_par' dir='ltr' id='par_1_109' title="bbox 524 5610 2158 5685">
     <span class='ocr_line' id='line_1_109' title="bbox 524 5610 2158 5685; baseline 0.006 -22"><span class='ocrx_word' id='word_1_763' title='bbox 524 5610 692 5684; x_wconf 71' lang='lat' dir='ltr'><strong>jutni</strong></span> <span class='ocrx_word' id='word_1_764' title='bbox 771 5631 924 5666; x_wconf 74' lang='lat' dir='ltr'><strong>.tHlltl</strong></span> <span class='ocrx_word' id='word_1_765' title='bbox 1007 5627 1069 5665; x_wconf 73' lang='lat' dir='ltr'><strong>Im</strong></span> <span class='ocrx_word' id='word_1_766' title='bbox 1166 5633 1270 5665; x_wconf 49' lang='lat' dir='ltr'><strong>nm</strong></span> <span class='ocrx_word' id='word_1_767' title='bbox 1325 5617 1606 5680; x_wconf 59' lang='lat' dir='ltr'><strong>,.II&#39;“&quot;l§Si</strong></span> <span class='ocrx_word' id='word_1_768' title='bbox 1647 5615 1698 5668; x_wconf 82' lang='lat' dir='ltr'><strong>in</strong></span> <span class='ocrx_word' id='word_1_769' title='bbox 1741 5643 1802 5685; x_wconf 54' lang='grc' dir='ltr'>,ιι</span> <span class='ocrx_word' id='word_1_770' title='bbox 1838 5616 1979 5673; x_wconf 75' lang='lat' dir='ltr'><strong>ritm</strong></span> <span class='ocrx_word' id='word_1_771' title='bbox 2033 5640 2077 5668; x_wconf 76' lang='lat' dir='ltr'><strong>.u</strong></span> <span class='ocrx_word' id='word_1_772' title='bbox 2126 5639 2158 5672; x_wconf 82' lang='grc' dir='ltr'>ι.</span> 
     </span>
    </p>
   </div>
   <div class='ocr_carea' id='block_1_110' title="bbox 529 5697 2160 5774">
    <p class='ocr_par' dir='ltr' id='par_1_110' title="bbox 529 5697 2160 5774">
     <span class='ocr_line' id='line_1_110' title="bbox 529 5697 2160 5774; baseline 0.006 -19"><span class='ocrx_word' id='word_1_773' title='bbox 529 5704 724 5755; x_wconf 85' lang='lat' dir='ltr'><strong>autem</strong></span> <span class='ocrx_word' id='word_1_774' title='bbox 757 5705 812 5754; x_wconf 75' lang='grc' dir='ltr'>υι</span> <span class='ocrx_word' id='word_1_775' title='bbox 841 5697 1142 5774; x_wconf 71' lang='lat' dir='ltr'><strong>adjutores</strong></span> <span class='ocrx_word' id='word_1_776' title='bbox 1175 5700 1448 5762; x_wconf 69' lang='lat' dir='ltr'><strong>traici-atii.</strong></span> <span class='ocrx_word' id='word_1_777' title='bbox 1480 5701 1673 5762; x_wconf 80' lang='lat' dir='ltr'><strong>redire</strong></span> <span class='ocrx_word' id='word_1_778' title='bbox 1712 5711 1954 5762; x_wconf 60' lang='lat' dir='ltr'><strong>iiutnatlt</strong></span> <span class='ocrx_word' id='word_1_779' title='bbox 2016 5703 2160 5766; x_wconf 79' lang='lat' dir='ltr'><strong>Cum</strong></span> 
     </span>
    </p>
   </div>
   <div class='ocr_carea' id='block_1_111' title="bbox 1916 5548 2154 5588">
    <p class='ocr_par' dir='ltr' id='par_1_111' title="bbox 1916 5548 2154 5588">
     <span class='ocr_line' id='line_1_111' title="bbox 1916 5548 2154 5588; baseline 0.008 -12"><span class='ocrx_word' id='word_1_780' title='bbox 1916 5548 2154 5588; x_wconf 69' lang='lat' dir='ltr'><strong>.\I&#39;I&#39;|-_</strong></span> 
     </span>
    </p>
   </div>
   <div class='ocr_carea' id='block_1_112' title="bbox 2244 4629 3906 4718">
    <p class='ocr_par' dir='ltr' id='par_1_112' title="bbox 2244 4629 3906 4718">
     <span class='ocr_line' id='line_1_112' title="bbox 2244 4629 3906 4718; baseline 0.007 -34"><span class='ocrx_word' id='word_1_781' title='bbox 2244 4629 2584 4690; x_wconf 85' lang='grc' dir='ltr'>ἇνατείνασα.</span> <span class='ocrx_word' id='word_1_782' title='bbox 2619 4631 2678 4689; x_wconf 88' lang='grc' dir='ltr'><strong>Ὀ</strong></span> <span class='ocrx_word' id='word_1_783' title='bbox 2711 4632 2892 4712; x_wconf 76' lang='grc' dir='ltr'>Πατὴρ</span> <span class='ocrx_word' id='word_1_784' title='bbox 2945 4638 3052 4690; x_wconf 82' lang='grc' dir='ltr'><strong>τῶν</strong></span> <span class='ocrx_word' id='word_1_785' title='bbox 3111 4635 3373 4714; x_wconf 79' lang='grc' dir='ltr'>ὀρφανῶν,</span> <span class='ocrx_word' id='word_1_786' title='bbox 3437 4638 3526 4694; x_wconf 87' lang='grc' dir='ltr'><strong>καὶ</strong></span> <span class='ocrx_word' id='word_1_787' title='bbox 3585 4644 3906 4718; x_wconf 76' lang='grc' dir='ltr'>προστάτης</span> 
     </span>
    </p>
   </div>
   <div class='ocr_carea' id='block_1_113' title="bbox 2243 4721 3906 4808">
    <p class='ocr_par' dir='ltr' id='par_1_113' title="bbox 2243 4721 3906 4808">
     <span class='ocr_line' id='line_1_113' title="bbox 2243 4721 3906 4808; baseline 0.005 -31"><span class='ocrx_word' id='word_1_788' title='bbox 2243 4721 2350 4777; x_wconf 80' lang='grc' dir='ltr'><strong>τῶν</strong></span> <span class='ocrx_word' id='word_1_789' title='bbox 2381 4726 2594 4800; x_wconf 80' lang='grc' dir='ltr'>χηρῶν,</span> <span class='ocrx_word' id='word_1_790' title='bbox 2633 4721 2879 4779; x_wconf 84' lang='grc' dir='ltr'>Δέσποτα</span> <span class='ocrx_word' id='word_1_791' title='bbox 2908 4724 2997 4781; x_wconf 81' lang='grc' dir='ltr'>καὶ</span> <span class='ocrx_word' id='word_1_792' title='bbox 3026 4724 3146 4799; x_wconf 82' lang='grc' dir='ltr'><strong>Θεέ,</strong></span> <span class='ocrx_word' id='word_1_793' title='bbox 3189 4723 3315 4804; x_wconf 77' lang='grc' dir='ltr'>ἔφη,</span> <span class='ocrx_word' id='word_1_794' title='bbox 3367 4726 3444 4802; x_wconf 81' lang='grc' dir='ltr'>μὴ</span> <span class='ocrx_word' id='word_1_795' title='bbox 3495 4728 3594 4796; x_wconf 70' lang='grc' dir='ltr'>τὴν</span> <span class='ocrx_word' id='word_1_796' title='bbox 3653 4727 3906 4808; x_wconf 68' lang='grc' dir='ltr'>ὀρφανὴν</span> 
     </span>
    </p>
   </div>
   <div class='ocr_carea' id='block_1_114' title="bbox 2242 4808 3904 4893">
    <p class='ocr_par' dir='ltr' id='par_1_114' title="bbox 2242 4808 3904 4893">
     <span class='ocr_line' id='line_1_114' title="bbox 2242 4808 3904 4893; baseline 0.005 -27"><span class='ocrx_word' id='word_1_797' title='bbox 2242 4808 2397 4878; x_wconf 78' lang='grc' dir='ltr'>τήνδε</span> <span class='ocrx_word' id='word_1_798' title='bbox 2468 4809 2706 4888; x_wconf 62' lang='grc' dir='ltr'>περιίδῃς</span> <span class='ocrx_word' id='word_1_799' title='bbox 2778 4811 3038 4890; x_wconf 80' lang='grc' dir='ltr'>ἀγνώστῳ</span> <span class='ocrx_word' id='word_1_800' title='bbox 3105 4816 3520 4891; x_wconf 74' lang='grc' dir='ltr'>συζευθνυμένην</span> <span class='ocrx_word' id='word_1_801' title='bbox 3586 4815 3750 4893; x_wconf 80' lang='grc' dir='ltr'>ἀνδρί.</span> <span class='ocrx_word' id='word_1_802' title='bbox 3816 4821 3904 4878; x_wconf 75' lang='grc' dir='ltr'>Σὲ</span> 
     </span>
    </p>
   </div>
   <div class='ocr_carea' id='block_1_115' title="bbox 2242 4901 3907 4988">
    <p class='ocr_par' dir='ltr' id='par_1_115' title="bbox 2242 4901 3907 4988">
     <span class='ocr_line' id='line_1_115' title="bbox 2242 4901 3907 4988; baseline 0.007 -34"><span class='ocrx_word' id='word_1_803' title='bbox 2242 4901 2341 4977; x_wconf 71' lang='grc' dir='ltr'><strong>γὰρ</strong></span> <span class='ocrx_word' id='word_1_804' title='bbox 2410 4905 2515 4955; x_wconf 86' lang='grc' dir='ltr'>τῶν</span> <span class='ocrx_word' id='word_1_805' title='bbox 2584 4902 2742 4958; x_wconf 75' lang='grc' dir='ltr'>αὐτοῦ</span> <span class='ocrx_word' id='word_1_806' title='bbox 2809 4902 3154 4984; x_wconf 78' lang='grc' dir='ltr'>ὑποσχέσεων</span> <span class='ocrx_word' id='word_1_807' title='bbox 3227 4904 3413 4985; x_wconf 76' lang='grc' dir='ltr'>ἔφορον</span> <span class='ocrx_word' id='word_1_808' title='bbox 3471 4904 3724 4988; x_wconf 83' lang='grc' dir='ltr'>δέχομαι,</span> <span class='ocrx_word' id='word_1_809' title='bbox 3799 4912 3907 4967; x_wconf 74' lang='grc' dir='ltr'>καὶ</span> 
     </span>
    </p>
   </div>
   <div class='ocr_carea' id='block_1_116' title="bbox 2244 4991 3909 5074">
    <p class='ocr_par' dir='ltr' id='par_1_116' title="bbox 2244 4991 3909 5074">
     <span class='ocr_line' id='line_1_116' title="bbox 2244 4991 3909 5074; baseline 0.005 -29"><span class='ocrx_word' id='word_1_810' title='bbox 2244 5009 2324 5046; x_wconf 89' lang='grc' dir='ltr'><strong>σοι</strong></span> <span class='ocrx_word' id='word_1_811' title='bbox 2386 4993 2694 5068; x_wconf 80' lang='grc' dir='ltr'>πεποιθυῖα,</span> <span class='ocrx_word' id='word_1_812' title='bbox 2778 4991 2870 5058; x_wconf 77' lang='grc' dir='ltr'>τὴν</span> <span class='ocrx_word' id='word_1_813' title='bbox 2942 4993 3114 5068; x_wconf 87' lang='grc' dir='ltr'>μόνην</span> <span class='ocrx_word' id='word_1_814' title='bbox 3183 4993 3302 5072; x_wconf 79' lang='grc' dir='ltr'>ἐμοὶ</span> <span class='ocrx_word' id='word_1_815' title='bbox 3373 4993 3542 5054; x_wconf 82' lang='grc' dir='ltr'>παῖδα</span> <span class='ocrx_word' id='word_1_816' title='bbox 3611 4997 3690 5072; x_wconf 82' lang='grc' dir='ltr'>τῷ</span> <span class='ocrx_word' id='word_1_817' title='bbox 3759 4995 3909 5074; x_wconf 77' lang='grc' dir='ltr'>ξένῳ</span> 
     </span>
    </p>
   </div>
   <div class='ocr_carea' id='block_1_117' title="bbox 2243 5078 3908 5166">
    <p class='ocr_par' dir='ltr' id='par_1_117' title="bbox 2243 5078 3908 5166">
     <span class='ocr_line' id='line_1_117' title="bbox 2243 5078 3908 5166; baseline 0.004 -29"><span class='ocrx_word' id='word_1_818' title='bbox 2243 5081 2415 5166; x_wconf 78' lang='grc' dir='ltr'>τούτῳ</span> <span class='ocrx_word' id='word_1_819' title='bbox 2483 5078 2755 5152; x_wconf 83' lang='grc' dir='ltr'>ἐκδίδωμι.</span> <span class='ocrx_word' id='word_1_820' title='bbox 2819 5080 3000 5146; x_wconf 71' lang='grc' dir='ltr'>Οὕτως</span> <span class='ocrx_word' id='word_1_821' title='bbox 3065 5082 3190 5164; x_wconf 77' lang='grc' dir='ltr'>ἔφη,</span> <span class='ocrx_word' id='word_1_822' title='bbox 3259 5089 3348 5143; x_wconf 86' lang='grc' dir='ltr'><strong>καὶ</strong></span> <span class='ocrx_word' id='word_1_823' title='bbox 3418 5085 3612 5162; x_wconf 75' lang='grc' dir='ltr'>μεταξὺ</span> <span class='ocrx_word' id='word_1_824' title='bbox 3683 5090 3908 5166; x_wconf 73' lang='grc' dir='ltr'>γαμικὰ</span> 
     </span>
    </p>
   </div>
   <div class='ocr_carea' id='block_1_118' title="bbox 2245 5165 3907 5258">
    <p class='ocr_par' dir='ltr' id='par_1_118' title="bbox 2245 5165 3907 5258">
     <span class='ocr_line' id='line_1_118' title="bbox 2245 5165 3907 5258; baseline 0.006 -34"><span class='ocrx_word' id='word_1_825' title='bbox 2245 5165 2539 5242; x_wconf 70' lang='grc' dir='ltr'>συμϐόλαια</span> <span class='ocrx_word' id='word_1_826' title='bbox 2601 5169 2913 5258; x_wconf 73' lang='grc' dir='ltr'>γράφονται.</span> <span class='ocrx_word' id='word_1_827' title='bbox 2992 5175 3093 5230; x_wconf 80' lang='grc' dir='ltr'><strong>Καὶ</strong></span> <span class='ocrx_word' id='word_1_828' title='bbox 3169 5173 3234 5242; x_wconf 78' lang='grc' dir='ltr'>δὴ</span> <span class='ocrx_word' id='word_1_829' title='bbox 3310 5197 3427 5233; x_wconf 90' lang='grc' dir='ltr'>τινα</span> <span class='ocrx_word' id='word_1_830' title='bbox 3500 5165 3704 5258; x_wconf 84' lang='grc' dir='ltr'>χρόνον</span> <span class='ocrx_word' id='word_1_831' title='bbox 3769 5190 3907 5243; x_wconf 79' lang='grc' dir='ltr'>τοῖς</span> 
     </span>
    </p>
   </div>
   <div class='ocr_carea' id='block_1_119' title="bbox 2245 5257 3907 5344">
    <p class='ocr_par' dir='ltr' id='par_1_119' title="bbox 2245 5257 3907 5344">
     <span class='ocr_line' id='line_1_119' title="bbox 2245 5257 3907 5344; baseline 0.007 -30"><span class='ocrx_word' id='word_1_832' title='bbox 2245 5261 2385 5335; x_wconf 58' lang='grc' dir='ltr'>ποιρᾶ</span> <span class='ocrx_word' id='word_1_833' title='bbox 2442 5261 2538 5326; x_wconf 78' lang='grc' dir='ltr'>τὴν</span> <span class='ocrx_word' id='word_1_834' title='bbox 2601 5257 2869 5318; x_wconf 68' lang='grc' dir='ltr'>’Ἒέεσῖκν</span> <span class='ocrx_word' id='word_1_835' title='bbox 2932 5264 3114 5329; x_wconf 86' lang='grc' dir='ltr'>τόποις</span> <span class='ocrx_word' id='word_1_836' title='bbox 3169 5273 3274 5322; x_wconf 81' lang='grc' dir='ltr'>τῶν</span> <span class='ocrx_word' id='word_1_837' title='bbox 3327 5257 3538 5324; x_wconf 16' lang='grc' dir='ltr'>Οῦ-ινωνί</span> <span class='ocrx_word' id='word_1_838' title='bbox 3591 5288 3907 5344; x_wconf 61' lang='grc' dir='ltr'>στρατοπε-</span> 
     </span>
    </p>
   </div>
   <div class='ocr_carea' id='block_1_120' title="bbox 2244 5348 3909 5435">
    <p class='ocr_par' dir='ltr' id='par_1_120' title="bbox 2244 5348 3909 5435">
     <span class='ocr_line' id='line_1_120' title="bbox 2244 5348 3909 5435; baseline 0.008 -34"><span class='ocrx_word' id='word_1_839' title='bbox 2244 5348 2293 5401; x_wconf 70' lang='grc' dir='ltr'><strong>δε</strong></span> <span class='ocrx_word' id='word_1_840' title='bbox 2337 5350 2597 5410; x_wconf 53' lang='lat' dir='ltr'><strong>nmina&quot;,</strong></span> <span class='ocrx_word' id='word_1_841' title='bbox 2664 5351 2744 5402; x_wconf 68' lang='grc' dir='ltr'><strong>κεῖ</strong></span> <span class='ocrx_word' id='word_1_842' title='bbox 2805 5358 2908 5405; x_wconf 75' lang='grc' dir='ltr'>τοῦ-ι</span> <span class='ocrx_word' id='word_1_843' title='bbox 2972 5358 3272 5428; x_wconf 58' lang='lat' dir='ltr'><strong>frtri/nov</strong></span> <span class='ocrx_word' id='word_1_844' title='bbox 3349 5363 3416 5426; x_wconf 79' lang='grc' dir='ltr'>τῆ</span> <span class='ocrx_word' id='word_1_845' title='bbox 3467 5357 3620 5414; x_wconf 76' lang='grc' dir='ltr'>πόλει</span> <span class='ocrx_word' id='word_1_846' title='bbox 3689 5379 3909 5435; x_wconf 81' lang='grc' dir='ltr'>πριοσε-</span> 
     </span>
    </p>
   </div>
   <div class='ocr_carea' id='block_1_121' title="bbox 2698 5442 3908 5524">
    <p class='ocr_par' dir='ltr' id='par_1_121' title="bbox 2698 5442 3908 5524">
     <span class='ocr_line' id='line_1_121' title="bbox 2698 5442 3908 5524; baseline 0.012 -33"><span class='ocrx_word' id='word_1_847' title='bbox 2698 5442 2710 5491; x_wconf 78' lang='grc' dir='ltr'><strong>ἶ</strong></span> <span class='ocrx_word' id='word_1_848' title='bbox 2787 5444 2877 5506; x_wconf 69' lang='grc' dir='ltr'>τὴι</span> <span class='ocrx_word' id='word_1_849' title='bbox 2967 5466 2990 5497; x_wconf 80' lang='grc' dir='ltr'><strong>τ</strong></span> <span class='ocrx_word' id='word_1_850' title='bbox 3059 5480 3066 5490; x_wconf 73' lang='grc' dir='ltr'><strong>ι</strong></span> <span class='ocrx_word' id='word_1_851' title='bbox 3142 5446 3406 5515; x_wconf 43' lang='lat' dir='ltr'><strong>adspires</strong></span> <span class='ocrx_word' id='word_1_852' title='bbox 3495 5446 3680 5524; x_wconf 62' lang='grc' dir='ltr'>ἔφοδον</span> <span class='ocrx_word' id='word_1_853' title='bbox 3749 5448 3908 5504; x_wconf 80' lang='grc' dir='ltr'>ἀπο-</span> 
     </span>
    </p>
   </div>
   <div class='ocr_carea' id='block_1_122' title="bbox 2537 5552 2901 5602">
    <p class='ocr_par' dir='ltr' id='par_1_122' title="bbox 2537 5552 2901 5602">
     <span class='ocr_line' id='line_1_122' title="bbox 2537 5552 2901 5602; baseline 0 -24"><span class='ocrx_word' id='word_1_854' title='bbox 2537 5557 2601 5602; x_wconf 60' lang='grc' dir='ltr'><strong>,θ’</strong></span> <span class='ocrx_word' id='word_1_855' title='bbox 2667 5552 2754 5601; x_wconf 64' lang='grc' dir='ltr'>ῗγκ,</span> <span class='ocrx_word' id='word_1_856' title='bbox 2793 5555 2901 5583; x_wconf 70' lang='grc' dir='ltr'><strong>ἰΊΙι</strong></span> 
     </span>
    </p>
   </div>
   <div class='ocr_carea' id='block_1_123' title="bbox 2263 5639 2653 5676">
    <p class='ocr_par' dir='ltr' id='par_1_123' title="bbox 2263 5639 2653 5676">
     <span class='ocr_line' id='line_1_123' title="bbox 2263 5639 2653 5676; baseline 0.008 -9"><span class='ocrx_word' id='word_1_857' title='bbox 2263 5639 2329 5671; x_wconf 68' lang='grc' dir='ltr'><strong>,λι</strong></span> <span class='ocrx_word' id='word_1_858' title='bbox 2391 5639 2472 5669; x_wconf 72' lang='grc' dir='ltr'>τυ·</span> <span class='ocrx_word' id='word_1_859' title='bbox 2529 5639 2575 5672; x_wconf 63' lang='grc' dir='ltr'>δε</span> <span class='ocrx_word' id='word_1_860' title='bbox 2614 5643 2653 5676; x_wconf 77' lang='grc' dir='ltr'><strong>ι,</strong></span> 
     </span>
    </p>
   </div>
   <div class='ocr_carea' id='block_1_124' title="bbox 2985 5538 3908 5612">
    <p class='ocr_par' dir='ltr' id='par_1_124' title="bbox 2985 5538 3908 5612">
     <span class='ocr_line' id='line_1_124' title="bbox 2985 5538 3908 5612; baseline -0.009 -12"><span class='ocrx_word' id='word_1_861' title='bbox 2985 5577 2994 5599; x_wconf 83' lang='lat'><em>.</em></span> <span class='ocrx_word' id='word_1_862' title='bbox 3060 5540 3188 5611; x_wconf 61' lang='grc' dir='ltr'>άῖρη</span> <span class='ocrx_word' id='word_1_863' title='bbox 3250 5543 3315 5610; x_wconf 79' lang='grc' dir='ltr'>τῇ</span> <span class='ocrx_word' id='word_1_864' title='bbox 3365 5548 3454 5594; x_wconf 72' lang='grc' dir='ltr'><strong>τοῦ</strong></span> <span class='ocrx_word' id='word_1_865' title='bbox 3502 5539 3696 5595; x_wconf 83' lang='grc' dir='ltr'>Γό-θου</span> <span class='ocrx_word' id='word_1_866' title='bbox 3743 5538 3908 5612; x_wconf 78' lang='grc' dir='ltr'>γίνε-</span> 
     </span>
    </p>
   </div>
   <div class='ocr_carea' id='block_1_125' title="bbox 2741 5619 3904 5704">
    <p class='ocr_par' dir='ltr' id='par_1_125' title="bbox 2741 5619 3904 5704">
     <span class='ocr_line' id='line_1_125' title="bbox 2741 5619 3904 5704; baseline 0.008 -30"><span class='ocrx_word' id='word_1_867' title='bbox 2741 5619 2873 5674; x_wconf 62' lang='grc' dir='ltr'>ἦίπιι</span> <span class='ocrx_word' id='word_1_868' title='bbox 2932 5626 3016 5676; x_wconf 45' lang='lat' dir='ltr'><strong>In</strong></span> <span class='ocrx_word' id='word_1_869' title='bbox 3073 5628 3100 5680; x_wconf 78' lang='grc' dir='ltr'>ὁ</span> <span class='ocrx_word' id='word_1_870' title='bbox 3163 5629 3335 5701; x_wconf 60' lang='lat' dir='ltr'><strong>nugo:</strong></span> <span class='ocrx_word' id='word_1_871' title='bbox 3393 5631 3523 5704; x_wconf 75' lang='grc' dir='ltr'><strong>αὖτῇ</strong></span> <span class='ocrx_word' id='word_1_872' title='bbox 3554 5633 3658 5684; x_wconf 79' lang='grc' dir='ltr'>τῶν</span> <span class='ocrx_word' id='word_1_873' title='bbox 3685 5625 3904 5685; x_wconf 75' lang='grc' dir='ltr'>ὠδίνων</span> 
     </span>
    </p>
   </div>
   <div class='ocr_carea' id='block_1_126' title="bbox 2247 5705 3904 5795">
    <p class='ocr_par' dir='ltr' id='par_1_126' title="bbox 2247 5705 3904 5795">
     <span class='ocr_line' id='line_1_126' title="bbox 2247 5705 3904 5795; baseline 0.008 -34"><span class='ocrx_word' id='word_1_874' title='bbox 2247 5705 2471 5782; x_wconf 66' lang='grc' dir='ltr'>ἐπέστη,</span> <span class='ocrx_word' id='word_1_875' title='bbox 2544 5709 2624 5764; x_wconf 67' lang='lat' dir='ltr'><strong>ui</strong></span> <span class='ocrx_word' id='word_1_876' title='bbox 2700 5712 2759 5767; x_wconf 85' lang='grc' dir='ltr'>τὸ</span> <span class='ocrx_word' id='word_1_877' title='bbox 2828 5711 2927 5777; x_wconf 72' lang='grc' dir='ltr'>μὲν</span> <span class='ocrx_word' id='word_1_878' title='bbox 2999 5717 3274 5795; x_wconf 74' lang='grc' dir='ltr'>Οὺννικὸν,</span> <span class='ocrx_word' id='word_1_879' title='bbox 3333 5714 3480 5778; x_wconf 73' lang='grc' dir='ltr'>οὐδέν</span> <span class='ocrx_word' id='word_1_880' title='bbox 3533 5720 3612 5776; x_wconf 78' lang='grc' dir='ltr'>ὧν</span> <span class='ocrx_word' id='word_1_881' title='bbox 3663 5716 3904 5792; x_wconf 69' lang='grc' dir='ltr'>ἤλπισαν</span> 
     </span>
    </p>
   </div>
  </div>
