4158 6426
434 381 547 467 151'

1734 396 2017 464 MENSIS
2057 393 2510 462 NOVEMBER.

3708 392 3823 461 152

430 538 584 613 quod
609 550 743 597 cum
765 550 876 597 nos
899 549 1098 611 posses
1118 533 1316 596 tollere
1337 533 1406 595 de
1427 534 1636 599 medio,
1652 535 1763 594 hoc
1783 536 1908 592 solo
1933 530 2084 591 {uistl

2173 532 2324 612 φησὶ,
2381 532 2611 612 γένοιτο,
2645 507 2884 588 ὅτι¹καῖ⁸
2929 526 3217 606 δυνάμενος
3267 529 3410 606 ἡμᾶς
3455 527 3667 589 ἀνελεῖν
3716 531 3823 611 ἧρ-

431 637 758 693 contentus.
776 635 837 688 ut
858 643 948 686 me
963 642 1186 685 servam
1208 629 1423 685 faceres
1454 641 1558 698 pro
1580 625 1778 684 libera.
1806 623 2090 682 Promissa

432 721 637 801 reipsa
662 719 1018 800 praestitisti;
1041 716 1460 798 jusjurandum
1479 735 1684 778 revera
1700 714 2086 777 conﬁrmasti.

433 810 584 883 Quid
612 825 755 889 ergo
776 817 960 870 restat
982 808 1165 884 aliud,
1199 805 1651 868 nisiutomnino
1677 806 1942 866 invocem
1961 823 2083 886 eos,

433 900 533 980 qui
561 917 781 980 eaquae
808 898 1031 959 ﬁebant
1054 896 1621 976 inspexerunt,quos
1646 904 1707 958 tu
1731 903 1870 956 tunc
1892 893 2086 956 addu-

431 988 573 1050 xisti
599 987 864 1049 testesiis
889 1003 1018 1068 qua:
1043 993 1155 1047 ate
1173 983 1558 1047 dicebantur?
1583 983 1682 1046 Eis
1701 983 1952 1055 enim,et
1973 1001 2091 1045 non

431 1077 958 1154 alii,conﬁsa,mea
977 1082 1187 1156 sponte
1201 1074 1478 1136 constitui
1493 1073 1756 1154 disjungi
1771 1093 1801 1134 a
1819 1092 1883 1152 pa
1896 1082 2089 1142 rente,

433 1185 562 1228 eam
585 1185 715 1248 qua:
740 1183 848 1227 nos
872 1165 1110 1238 tulerat,
1135 1167 1500 1244 relinquere,
1527 1172 1583 1224 et
1606 1173 1662 1225 te
1682 1163 1873 1224 solum
1895 1162 2089 1243 sequi,

430 1255 567 1320 Haec
582 1274 714 1316 cum
731 1253 1217 1334 dixisset,animze
1236 1253 1442 1314 oculos
1463 1253 1534 1314 ad
1553 1254 1768 1315 coelum
1786 1252 1997 1314 tollens
2013 1251 2090 1311 si-

431 1345 553 1407 mul
577 1363 711 1406 cum
729 1343 1240 1406 sensilibuszDeus
1260 1352 1491 1424 patrum
1510 1359 1947 1417 meorum,cum
1967 1341 2094 1420 eju-

432 1435 553 1497 latu
575 1433 809 1496 dicebat
836 1442 894 1496 et
915 1433 1384 1515 lacrymis,adsis
1409 1431 1554 1494 mihi
1581 1432 1907 1493 miseraazet
1932 1431 2087 1510 vide,

431 1523 574 1596 quid
599 1526 702 1582 iste
726 1525 957 1596 quidem
992 1533 1045 1580 te
1071 1531 1211 1580 teste
1242 1529 1297 1580 et
1319 1522 1432 1579 tuis
1463 1523 1681 1578 sanctis
1712 1530 1763 1578 et
1796 1521 2093 1577 confesso-

431 1615 596 1672 ribus
613 1623 699 1671 ost
732 1614 1049 1686 pollicitus,
1071 1611 1210 1686 quid
1242 1620 1428 1670 autem
1464 1627 1616 1669 nunc
1641 1611 1824 1682 reipsa
1855 1611 2003 1674 facit,
2032 1618 2092 1666 ut

433 1724 543 1768 nos
574 1705 764 1766 libera
788 1704 948 1767 abiis
974 1705 1279 1786 malis,pro
1304 1703 1478 1767 nobis
1503 1704 1938 1766 intercessores
1962 1711 2092 1764 tuos

435 1802 676 1857 sanctos
718 1796 1022 1876 accipiens
1057 1814 1070 1858 :
1108 1795 1387 1876 quoniam
1441 1795 1534 1856 his
1566 1803 1697 1875 post
1756 1801 1811 1853 te
1845 1793 2086 1860 conﬁsa,

2172 621 2368 689 κέσθης
2419 621 2591 696 τούτῳ
2623 618 2794 700 μόνῳ,
2825 627 2904 695 τῷ
2939 617 3133 686 δούλην
3176 619 3294 677 ἀντ’
3325 619 3596 699 ἐλευθέρας
3654 623 3827 692 ποιή-

2173 715 2385 775 σασθαι,
2448 712 2554 776 Τὰς
2614 708 2936 787 ἐπαγγελίας
2984 709 3070 767 ἐπὶ
3122 715 3228 767 τῶν
3286 710 3456 790 ἔργων
3513 710 3827 792 ὲξῇνεγκαςο

2171 803 2292 864 τοὺς
2341 801 2529 880 ὅρκους
2588 801 2876 858 ἐπιστώσω
2918 813 3038 864 τοῖς
3091 801 3391 881 πράγμασι.
3425 801 3486 861 Τί
3528 799 3662 870 δῆτα
3709 803 3833 860 λοι-

2177 892 2277 948 πὸν
2334 891 2474 971 ἐμοὶ,
2509 890 2544 959 ἢ
2605 889 2832 954 ἐκείνους
2885 889 3101 955 πάντως
3159 892 3378 970 ἐφόρους
3409 892 3531 956 τοῖς
3589 914 3829 969 πραττο-

2176 982 2357 1056 μένοις
2430 978 2733 1052 ἐπικαλεῖν,
2795 987 2884 1044 οῦς
2954 979 3075 1038 τότε
3145 981 3413 1058 μάρτυρας
3483 983 3638 1046 αὖτὸς
3709 995 3828 1047 τοῖς

2176 1070 2317 1148 παρά
2350 1077 2446 1127 σοῦ
2498 1069 2805 1148 λεγομένοις
2864 1069 3097 1149 inflate;
3160 1071 3358 1136 Αῦτοῖς
3417 1073 3542 1153 γὰρ,
3588 1073 3675 1130 καὶ
3732 1075 3828 1130 οῦκ

2177 1160 2347 1242 ἄλλῳ,
2421 1159 2726 1239 θαῤῥήσασα
2755 1209 2771 1240 ,
2841 1165 2942 1228 τῆς
3013 1160 3272 1227 τεκούσης
3347 1158 3656 1240 διαζυγῆναι
3725 1163 3831 1231 τήν

2175 1249 2538 1328 ἐνεγκαμένην
2595 1248 2910 1330 ἀπολιπεῖν,
2941 1250 3039 1307 καί
3094 1252 3176 1307 σοὶ
3228 1250 3376 1326 μόνῳ
3406 1251 3630 1328 εἱλόμην
3686 1253 3826 1310 ἀκο-

2174 1338 2409 1402 λουθεῖν.
2471 1339 2646 1398 Ταῦτα
2677 1340 2896 1396 εἰποῦσα
2952 1340 3072 1401 τοὺς
3130 1345 3230 1407 τῆς
3275 1345 3461 1421 ψυχῆς
3521 1341 3828 1420 ὀφθαλμοὺς

2173 1429 2286 1504 ἅμα
2346 1442 2464 1494 τοῖς
2497 1430 2798 1505 [αἰσθητοῖς
2851 1429 2981 1508 πρὸς
3039 1431 3256 1508 οὐρανὸν
3314 1428 3507 1508 ἄρασα,
3573 1430 3632 1490 Ὀ
3692 1431 3828 1496 Θεὸς

2174 1526 2278 1576 τῶν
2337 1517 2581 1598 πατέρων
2639 1541 2761 1594 μου,
2796 1519 2889 1574 σὺν
2941 1521 3205 1598 οἰμωγαῖς
3256 1518 3352 1576 καί
3397 1517 3644 1598 δάκρυσιν
3697 1521 3829 1577 ἕλε-

2175 1632 2261 1690 γε,
2307 1610 2604 1688 παράστηθί
2665 1632 2753 1685 μοι
2812 1613 2880 1685 τῇ
2941 1607 3128 1682 ἀθλίῳ,
3161 1612 3254 1666 καί
3299 1607 3382 1666 ἴδε
3435 1612 3483 1666 τὶ
3528 1610 3625 1686 μὲν
3678 1620 3834 1674 οὗτος

2175 1702 2274 1757 ὕπὸ
2305 1699 2392 1756 σοί
2443 1700 2665 1778 μάρτυρι
2720 1700 2807 1756 καὶ
2866 1711 2985 1762 τοῖς
3046 1712 3160 1764 σοῖς
3205 1700 3376 1778 ἁγίοις
3431 1700 3519 1756 καὶ
3550 1698 3836 1779 ὁμολογη-

2173 1802 2295 1855 ταῖς
2354 1789 2738 1868 ἐπηγγείλατο,
2774 1791 2825 1845 τί
2880 1787 2935 1844 δὲ
2996 1795 3083 1846 νῦν
3134 1789 3218 1846 ἐπῖ
3279 1788 3386 1845 τῶν
3443 1789 3613 1869 ’έργων
3657 1802 3833 1848 ποιεῖ·

437 1885 752 1964 praesentia
776 1873 900 1947 haic
925 1885 1078 1947 mala
1099 1873 1386 1946 sustineo.
1413 1873 1673 1947 Cum'sic
1697 1883 1894 1963 puella
1921 1883 2084 1943 tacite

2176 1881 2271 1937 καί
2316 1880 2421 1937 τῶν
2473 1877 2657 1936 δεινῶν
2709 1880 2907 1936 τούτων
2966 1881 3110 1954 ἡμᾶς
3160 1878 3363 1953 ἐξελου,
3415 1877 3661 1959 πρέσϐεις
3705 1881 3840 1959 ὑπὲρ

433 1974 624 2037 Deum
671 1983 962 2054 rogasset,
996 1975 1056 2035 in
1090 1973 1291 2038 Gotthi
1321 1982 1517 2034 autem
1577 1973 1734 2034 aedes
1769 1980 1970 2034 essent
2005 1972 2092 2031 in-

431 2065 646 2144 gressi,
683 2065 1014 2146 aspexisset
1064 2082 1204 2126 vero
1253 2064 1381 2144 ejus
1439 2063 1660 2142 conjux
1711 2061 1998 2143 puellam,
2033 2068 2092 2121 et

431 2153 952 2218 animadvertisset
1009 2155 1139 2235 ejus
1202 2153 1739 2236 pulchritudinem,
1802 2150 2089 2232 zelotypia

433 2253 491 2305 et
539 2245 879 2324 suspicione
932 2244 994 2306 in
1049 2246 1248 2306 animo
1309 2243 1504 2304 statim
1556 2243 1844 2323 repletur.
1896 2242 2087 2320 Rogat

432 2334 632 2412 itaque
656 2335 952 2409 maritum,
981 2353 1255 2414 quamam
1284 2334 1412 2414 ipsa
1444 2342 1626 2406 esset,
1665 2340 1723 2392 et
1754 2331 1912 2394 unde
1929 2337 2088 2390 esset

433 2429 650 2498 orta,et
673 2440 857 2503 quare
884 2442 1012 2485 eam
1047 2442 1248 2486 secum
1272 2441 1427 2484 nunc
1455 2422 1720 2484 duceret.
1759 2420 1862 2482 Ille
1885 2427 2081 2481 autem

433 2530 564 2574 eam
601 2531 731 2575 esse
760 2513 1074 2595 captivam,
1102 2512 1176 2574 ab
1207 2512 1432 2574 Edessa
1468 2512 1812 2589 abductam,
1847 2511 2082 2570 ductam

431 2621 569 2664 vero
621 2621 777 2677 esse,
814 2615 879 2664 ut
928 2603 984 2666 ei
1031 2603 1301 2677 serviret,
1335 2601 1671 2683 respondit.
1732 2599 1838 2662 Illa
1888 2607 2082 2660 autem

430 2692 682 2754 formam
716 2693 900 2773 magis
929 2692 1269 2766 attendens,
1307 2711 1481 2772 quam
1515 2692 1643 2771 ejus
1672 2689 1871 2754 verba:
1915 2690 2082 2769 Ejus,

428 2781 647 2864 inquit,
681 2781 873 2844 vultus
903 2800 1276 2863 nequaquam
1323 2800 1452 2843 eam
1501 2781 1691 2860 arguit
1722 2797 1856 2843 esse
1887 2796 2082 2840 serva.

431 2869 686 2933 Gotthus
715 2879 908 2933 autem
936 2888 950 2933 :
1012 2871 1086 2932 At
1116 2878 1176 2930 tu
1207 2888 1276 2931 ea
1305 2877 1474 2932 utere
1502 2877 1786 2951 tanquam
1845 2866 2083 2929 ancilla.

431 2959 593 3020 αῦτοῦ
647 2959 825 3038 λόγοις
881 2961 1244 3041 προσέχουσα,
1295 2961 1353 3018 Ὀ
1413 2963 1512 3028 τῆς
1571 2959 1772 3035 ὅψεως,

432 3053 643 3130 Γότθος,
678 3050 750 3106 Σὺ
777 3050 829 3106 δὲ
874 3049 1010 3107 ἀλλά
1041 3055 1243 3130 χρῆσαι
1289 3053 1422 3127 αὒτῇ
1454 3050 1554 3108 ὅσα
1590 3051 1673 3106 καὶ
1705 3047 1945 3107 οἷκέτιδι.

2172 1971 2330 2044 ἡμῶν
2387 1969 2508 2033 τοὺς
2582 1969 2848 2048 μάρτυράς
2924 1990 3018 2024 σου
3087 1967 3408 2050 δεχόμενος,
3471 1969 3549 2026 δτι
3628 1971 3839 2037 τούτοις

2172 2057 2474 2137 θαῤῥήσασα
2526 2059 2752 2133 μετάσέ
2810 2058 2874 2114 τά
2931 2059 3169 2137 παρόντα
3227 2060 3534 2138 ὑφίσταμαι.
3601 2062 3830 2118 Τοιαῦτα

2171 2147 2269 2215 τῆς
2325 2147 2490 2224 κόρης
2548 2148 2736 2226 ἡσυχῆ
2796 2153 2889 2202 τοῦ
2950 2153 3081 2202 Θεοῦ
3138 2144 3437 2220 δεηθείσῆς,
3495 2147 3679 2216 ἐπειδὴ
3735 2149 3833 2204 τὸν

2171 2238 2262 2294 τοῦ
2320 2236 2511 2294 Γότθου
2569 2236 2724 2294 οἶκον
2790 2236 3062 2316 εἶσῂεσαν,
3125 2237 3159 2305 ἡ
3219 2235 3311 2293 τοῦ
3359 2235 3546 2316 ἀνδρὸς
3607 2239 3832 2315 σύζυγος

2169 2327 2269 2394 τὴν
2326 2327 2493 2393 κόρην
2549 2325 2875 2406 θεασαμένη,
2908 2328 2996 2382 καὶ
3047 2327 3108 2382 τὸ
3140 2323 3334 2392 κάλλος
3381 2327 3503 2384 οἷον
3552 2326 3606 2382 ἐν
3648 2327 3818 2400 ταύτῃ

2168 2417 2568 2488 κατανοήσασα,
2643 2415 2808 2486 ζήλου
2878 2416 2964 2471 καὶ
3027 2417 3272 2480 ὑπονοίας
3345 2411 3646 2480 πίμπλαται
3716 2416 3816 2484 τήν

2169 2503 2374 2584 ψυχήν.
2438 2503 2594 2562 Ὀθεν
2664 2504 2752 2560 καὶ
2825 2504 3137 2561 ἐπυνθάνετο
3207 2511 3300 2562 τοῦ
3371 2503 3552 2585 ἀνδρὸς
3608 2529 3686 2572 τις
3767 2528 3818 2561 τε

2168 2595 2304 2662 αὕτη
2337 2593 2427 2660 εἴη
2485 2596 2572 2650 καὶ
2602 2592 2719 2650 ὅθεν
2770 2595 3020 2673 ὁρμᾶται,
3059 2596 3147 2650 καὶ
3191 2594 3273 2675 ἐφ’
3304 2593 3411 2668 ὅτῳ
3465 2595 3583 2670 μεθ’
3633 2597 3821 2654 ἑαυτοῦ

2173 2686 2369 2753 ταύτην
2428 2685 2647 2763 ἀγάγει.
2690 2683 2751 2743 Ὀ
2813 2683 2865 2740 δὲ
2898 2683 3248 2764 αίχμάλωτόν
3302 2707 3360 2742 τε
3406 2698 3546 2742 εῖναι
3596 2688 3690 2742 καί
3719 2687 3820 2754 τῆς

2169 2773 2427 2841 Ἐδέσσης
2485 2773 2776 2854 ἀχθεῖσαν,
2839 2774 3076 2855 ἀχθῆναι
3134 2772 3188 2830 δὲ
3248 2773 3332 2854 ἐφ’
3395 2779 3439 2850 ᾧ
3497 2772 3828 2832 δουλεύσειεν

2172 2864 2692 2946 αῦνῇ,ἀπεκρίνατο.
2757 2863 2823 2920 Ἠ
2879 2863 2956 2944 δὲ,
2990 2870 3059 2941 τῇ
3120 2869 3298 2945 μορφῇ
3357 2863 3560 2940 μᾶλλον
3610 2864 3646 2934 ἢ
3705 2871 3830 2932 τοῖς

1835 2961 1989 3039 φησὶ,
2057 2956 2342 3037 χαρακτὴρ
2388 2956 2446 3012 οῦ
2507 2952 2744 3011 δουλείαν
2803 2954 3103 3035 κατηγορεῖ
3152 2955 3253 3021 τῆς
3306 2955 3577 3033 γυναικός.
3643 2956 3738 3014 Καὶ
3801 2959 3832 3013 ὁ

512 3137 631 3202 ΧΧ.
659 3139 888 3202 Exhinc
910 3139 1108 3221 itaque
1133 3139 1333 3221 puella
1353 3148 1512 3200 metu
1528 3137 2082 3220 agebatsilentiutn,

2254 3134 2341 3200 κ’.
2402 3136 2673 3193 Ἐντεῦθεν
2721 3135 2756 3202 ἡ
2808 3133 2941 3212 κόρη
2992 3133 3202 3203 σιωπῆν
3245 3155 3301 3192 τε
3349 3131 3502 3201 ἤσκει
3548 3141 3624 3210 τῷ
3676 3133 3834 3215 φόϐῳ

432 3235 491 3291 et
514 3247 647 3311 quae
666 3227 1142 3310 imperabantur,
1170 3228 1426 3292 faciebat
1448 3229 1743 3291 ocissime.
1771 3225 2090 3288 Nesciebat

433 3317 618 3400 enim,
653 3319 937 3400 quidnam
971 3325 1171 3399 posset
1198 3319 1418 3394 facere,
1456 3317 1612 3399 quod
1645 3336 1776 3380 eam
1810 3317 2092 3380 liberaret

429 3424 466 3468 ι
515 3405 686 3470 malis
717 3406 1130 3488 praesentibus.
1187 3406 1421 3470 Sanctis
1473 3414 1670 3468 autem
1701 3408 1942 3468 assidue
2002 3405 2090 3468 di-

432 3495 608 3560 cebat
640 3497 699 3558 in
724 3495 906 3559 corde
928 3515 1034 3558 suo
1066 3517 1080 3557 :
1114 3495 1412 3558 Festinate
1441 3496 1513 3558 ad
1547 3496 1831 3558 auxilium
1857 3496 2087 3557 ancilla:

430 3594 652 3660 vestre,
685 3607 719 3646 υ
776 3586 988 3662 sancti,
1023 3586 1320 3667 festinate,
1355 3604 1564 3667 nequaa
1630 3585 1900 3648 fraudem
1938 3584 2086 3647 mihi

429 3675 645 3738 factam
673 3673 1218 3756 despicite.Puellaa
1237 3694 1377 3737 vero
1400 3675 1641 3738 domina
1657 3693 1774 3738 non
1797 3675 2082 3754 legitima,

428 3766 488 3827 in
521 3783 652 3826 eam
704 3775 863 3828 mota
892 3765 1206 3848 zelotypia,
1239 3765 1440 3846 puella
1488 3767 1746 3845 graviter
1779 3765 2081 3841 utebatur,

429 3864 491 3917 et
514 3854 568 3918 ei
590 3860 858 3935 graviora
879 3873 1061 3938 opera
1082 3854 1436 3937 imperabat,
1467 3855 1722 3936 perinde
1752 3873 1818 3918 ac
1843 3855 1892 3917 si
1925 3855 2086 3917 illius

427 3944 685 4022 labores,
721 3945 956 4008 invidia:
988 3964 1103 4027 qua
1135 3944 1438 4020 utebatur,
1478 3945 1610 4026 ipsa
1642 3945 1945 4026 proprium
1975 3947 2086 4007 ha-

427 4035 601 4097 beret
651 4037 947 4098 solatium.
981 4034 1148 4109 Quod
1196 4045 1388 4098 autem
1425 4045 1552 4098 erat
1603 4037 1869 4097 omnium
1904 4035 2086 4098 maxi-

429 4143 618 4202 mum,
653 4145 730 4190 ne
785 4143 913 4188 eam
947 4123 1188 4208 quidem
1225 4123 1460 4187 volebat
1490 4125 1734 4207 alloqui.
1772 4129 2085 4206 Postquam

2172 3226 2260 3283 καὶ
2317 3225 2455 3282 κατά
2513 3225 2684 3304 τάχος
2741 3223 2905 3280 ἐποίει
2965 3225 3031 3279 τὰ
3086 3226 3542 3304 προσταττόμενα⁸
3606 3224 3664 3280 οῦ
3723 3226 3829 3304 γάρ

2172 3315 2333 3394 εἶχεν
2389 3312 2418 3370 δ
2447 3335 2498 3370 τι
2559 3324 2645 3369 καί
2694 3310 2924 3391 δράσειε,
2957 3321 3064 3369 τῶν
3105 3313 3378 3394 παρόντων
3431 3315 3595 3383 αὐτὴν
3643 3315 3828 3371 κακῶν

2172 3401 2460 3479 δυνάμενον
2517 3400 2838 3467 ἀπαλλάξαι.
2895 3403 3029 3480 Πρὸς
3085 3399 3140 3457 δὲ
3199 3403 3320 3466 τοὺς
3363 3403 3544 3480 ἀγίοδς
3593 3400 3826 3459 διαπανι-

2171 3495 2264 3557 τὸς
2320 3492 2375 3549 ἐν
2423 3493 2491 3568 τῇ
2537 3489 2714 3570 κορδία
2765 3491 2926 3559 αὐτῆς
2976 3488 3146 3570 ἔλεγε·
3216 3491 3485 3548 Σπεύσατε
3533 3494 3665 3568 πρὸς
3717 3493 3826 3560 τὴν

2169 3583 2418 3660 βοήθειαν
2476 3579 2572 3650 τῆς
2630 3579 2824 3648 δούλης
2880 3582 3050 3656 ὑμῶν,
3101 3581 3270 3661 ἅγιοι,
3332 3583 3614 3639 σπεύσατε·
3676 3580 3826 3658 μῆδὲ

2168 3675 2260 3730 τὸν
2315 3670 2437 3729 κατ’
2468 3671 2598 3748 ἐμοῦ
2653 3669 2907 3750 παρίδητε
2951 3669 3128 3731 δόλον.
3190 3668 3255 3727 Ἦ
3285 3668 3340 3726 δὲ
3393 3676 3492 3739 τῆς
3524 3675 3688 3751 κόρης
3739 3673 3827 3741 μὴ

2168 3762 2304 3820 κατά
2360 3762 2553 3838 νόμους
2612 3761 2762 3838 κῦρία
2818 3759 3130 3833 ζηλοτύπως
3188 3759 3390 3840 ἔχουσα
3447 3761 3580 3841 πρὸς
3651 3763 3825 3830 αὐτὴν

2167 3854 2370 3933 βαρέως
2417 3873 2473 3909 τε
2519 3858 2586 3924 τῇ
2643 3852 2777 3930 κόρῃ
2825 3854 3053 3930 εχρῆτο,
3087 3849 3182 3907 καί
3227 3851 3514 3930 βαρυτέρας
3547 3853 3680 3929 αὐτῇ
3720 3853 3828 3918 τὰς

2167 3945 2415 4024 ἐργασίας
2501 3940 2807 4014 ἐπέταττεν,
2874 3940 3055 4017 ὥσπερ
3136 3940 3254 4003 τοὺς
3341 3940 3552 4009 ἐκείνης
3629 3942 3831 4009 πόνους

2167 4041 2260 4091 τοῦ
2313 4034 2513 4100 ταύτήν
2559 4029 2889 4093 διακαίοντος
2946 4032 3136 4109 φθόνου
3182 4027 3323 4086 ἴδιαν
3376 4035 3510 4108 αὐτῇ
3568 4033 3832 4110 παραμύ-

2168 4129 2281 4182 θιον
2331 4123 2559 4204 ἔχουσα.
2595 4121 2666 4178 Τὸ
2725 4117 2780 4174 δὲ
2811 4141 2872 4198 γε
2903 4122 3089 4195 μεῖζον
3150 4116 3325 4176 δεινὸν
3358 4119 3438 4176 ὅτι
3469 4119 3604 4196 μηδὲ
3663 4120 3836 4200 λόγου

427 4223 625 4278 autem
678 4206 1043 4295 procedente
1078 4223 1346 4295 tempore
1396 4206 1651 4294 puellam
1684 4213 1925 4277 rescivit
1956 4232 2084 4276 esse

2171 4216 2305 4291 αὒτῇ
2366 4222 2644 4269 κοινωνεῖν
2699 4206 2870 4277 ἠξίου.
2919 4208 3072 4266 Ἐπεὶ
3127 4207 3182 4266 δὲ
3232 4210 3320 4266 καὶ
3375 4209 3692 4289 ἐγκυμονεῖν
3747 4220 3839 4288 τῷ

425 4304 1058 4386 gravidam,zelotypiaz
1081 4305 1320 4365 ﬂamma
1348 4304 1534 4381 magis
1555 4321 1829 4378 accensa,
1865 4303 2084 4382 gravis-

2172 4301 2358 4385 χρόνῳ
2427 4301 2525 4368 τὴν
2587 4297 3090 4386 κόρηνῗέμάνθανε,
3157 4300 3253 4367 τὴν
3325 4305 3423 4366 τῆς
3493 4299 3839 4372 ζηλοτυπίας

423 4395 643 4458 simum
704 4413 856 4474 opus
887 4385 960 4456 ab
994 4412 1064 4456 ea
1119 4394 1419 4472 exigebat.
1454 4392 1570 4456 Cur
1619 4394 1733 4455 hoc
1756 4400 1786 4456 ?
1831 4392 2084 4456 Studens

2171 4391 2346 4474 φλόγα
2429 4388 2684 4447 ἐπιπλέον
2770 4385 3071 4444 ἐκκαύσασα
3153 4388 3452 4467 βαρυτάτην
3539 4387 3592 4454 ἐξ
3661 4390 3834 4464 αῦτῇς

423 4483 626 4546 videre
657 4492 908 4546 mortem
947 4483 1186 4563 puellm,
1213 4483 1364 4545 fetus
1396 4484 1550 4545 facta
1599 4483 1930 4546 abortione.
1967 4481 2084 4545 Sed

2174 4482 2367 4559 ἀπῄτει
2415 4480 2512 4548 τὴν
2559 4477 2832 4558 ἐργασίαν.
2889 4479 2951 4536 Τί
2979 4484 3182 4553 τοῦτο;
3241 4475 3603 4550 σπουδάζουσα
3655 4479 3834 4538 θάνα-

423 4573 663 4636 invictaa
691 4583 868 4635 erant
895 4571 1115 4636 Christi
1161 4573 1339 4654 vires,
1379 4581 1438 4636 et
1468 4591 1673 4636 eorum
1709 4577 1806 4655 qui
1842 4580 2084 4654 propter

2168 4594 2258 4631 του
2317 4571 2414 4638 τῆς
2489 4567 2652 4650 κόρης
2709 4565 2858 4655 ἰδεῖν,
2914 4567 3263 4655 ἐκτρωθέντος
3341 4571 3475 4644 αὖτῇ
3532 4569 3611 4644 μὴ
3685 4569 3833 4626 κατὰ

425 4661 720 4725 Christum
755 4663 912 4746 passi
940 4671 1078 4724 sunt
1110 4685 1123 4728 :
1161 4681 1268 4744 per
1299 4681 1447 4745 quas
1473 4663 1670 4744 puella
1701 4671 1758 4725 et
1781 4661 2084 4744 superavit

425 4751 752 4825 molestias,
787 4761 846 4815 et
876 4753 1090 4815 mansit
1149 4753 1397 4815 minime
1429 4753 1565 4814 laesa
1612 4771 1645 4813 a
1677 4752 1870 4814 malis.
1920 4754 2086 4816 Post-

422 4860 601 4923 quam
632 4849 830 4905 autem
861 4843 1116 4904 accessit
1147 4850 1384 4925 tempus
1436 4851 1665 4924 partus,
1701 4843 1859 4924 parit
1888 4842 2078 4903 ﬁlium

424 4933 779 5014 masculum,
810 4933 911 5013 qui
963 4931 1145 5014 patris
1176 4932 1432 5012 etiigiem
1487 4931 1549 4993 in
1581 4932 1777 5012 seipse
1825 4949 2078 4994 conser-

421 5021 596 5086 vabat
646 5029 705 5084 et
736 5030 862 5084 erat
890 5022 1110 5085 Gottho
1142 5021 1307 5083 omni
1358 5039 1428 5084 ex
1464 5026 1632 5102 parte
1662 5019 1900 5084 similis.
1957 5020 2081 5083 Hoc

423 5130 558 5174 cum
587 5113 922 5194 aSpexisset
950 5109 1150 5175 Gotthi
1201 5110 1446 5191 conjux,
1477 5120 1535 5173 et
1566 5110 2082 5174 animadvertisset

421 5220 600 5281 quam
653 5209 812 5264 esset
842 5219 1124 5282 expressa
1153 5201 1507 5280 similitudo,
1543 5200 1691 5263 nihil
1750 5201 1910 5264 aliud
1945 5220 2079 5263 ver-

421 5291 586 5352 sabat
630 5291 691 5353 in
724 5292 950 5366 animo,
983 5310 1159 5371 quam
1205 5291 1507 5370 quomodo
1565 5310 1816 5372 puerum
1868 5291 2083 5352 interi-

419 5388 634 5458 meret;
662 5381 874 5442 marito
901 5388 1099 5442 autem
1133 5379 1392 5442 dicebat:
1426 5381 1551 5459 Ego
1588 5380 1698 5442 tibi
1730 5399 1846 5441 non
1879 5381 2078 5443 credi-

418 5470 635 5545 derim,
671 5471 827 5552 quod
855 5489 992 5533 cum
1027 5471 1230 5552 puella
1262 5489 1380 5532 non
1412 5469 1685 5534 coiveris.
1721 5474 1870 5535 Nam
1917 5472 2073 5551 quod

417 5577 489 5621 ex
521 5577 591 5620 ea
621 5567 824 5621 natum
855 5569 965 5633 est,
993 5569 1220 5639 patrem
1255 5567 1462 5638 aperte
1506 5560 1844 5635 conﬁtetur,
1879 5559 2074 5622 forma

417 5647 670 5728 perinde
700 5656 896 5722 utens,
931 5668 1002 5710 ac
1028 5649 1250 5728 lingua.
1279 5647 1387 5711 Ille
1409 5666 1547 5710 vero
1577 5648 1907 5711 afﬁrmabat
1938 5668 2072 5710 eam

422 5751 541 5803 non
572 5754 774 5805 verum
797 5737 1039 5818 dicere;
1067 5738 1320 5824 jubebat
1348 5747 1544 5808 autem
1574 5755 1646 5803 ea
1679 5739 1764 5804 uti
1789 5748 2070 5820 tanquam

2163 4668 2346 4741 καιρὸν
2399 4666 2491 4716 τοῦ
2535 4656 2782 4735 ἐμϐρύού.
2845 4654 2998 4714 Ἀλλ’
3048 4658 3080 4724 ἡ
3132 4664 3226 4714 τοῦ
3283 4659 3534 4736 Χριστοῦ,
3574 4659 3662 4715 καὶ
3714 4662 3830 4715 τῶν

2164 4751 2249 4809 διὰ
2315 4750 2539 4830 Χριστὸν
2624 4747 2899 4805 παθόντων
2959 4747 3119 4826 ἰσχὺς
3195 4744 3414 4828 ἄμαχος
3485 4747 3577 4822 ἦν,
3634 4744 3695 4804 δι’
3749 4748 3826 4814 ἧς

2164 4841 2415 4922 κρείττων
2471 4859 2529 4895 τε
2559 4839 2594 4906 ἡ
2649 4837 2781 4916 κόρη
2841 4836 2947 4893 τῶν
3005 4836 3290 4916 ἀλγεινῶν,
3325 4837 3414 4892 καὶ
3446 4835 3656 4904 ἀπαθὴς
3712 4858 3827 4893 κα-

2165 4935 2272 4990 κῶν
2329 4929 2537 5007 ἔμενεν.
2596 4924 2749 4984 Ἐπεὶ
2806 4924 2861 4983 δὲ
2915 4927 2944 4983 ὁ
3001 4926 3110 4982 τῶν
3157 4923 3355 4983 ὠδίνων
3423 4924 3558 5002 αῦτῇ
3614 4925 3834 4994 ἐπέστη

2163 5020 2364 5095 καίρδς,
2419 5018 2584 5076 τίκτει
2638 5014 2844 5073 παιδίον
2901 5012 3081 5094 ἔῤῥεν,
3114 5015 3206 5072 τὸν
3258 5016 3573 5095 χαρακτῇρά
3613 5034 3672 5072 τε
3729 5024 3830 5074 τοῦ

2163 5111 2362 5188 πατρὸς
2408 5107 2494 5190 ἐφ’
2525 5108 2713 5165 ἑαυτοῦ
2768 5103 3024 5175 διασῶζον
3082 5103 3172 5162 καὶ
3201 5109 3279 5179 τῷ
3328 5105 3506 5181 Γότθῳ
3535 5104 3602 5162 τὰ
3650 5105 3830 5163 πάντα

2162 5200 2503 5278 προσεοικός.
2582 5197 2750 5257 Τοῦτο
2805 5196 2842 5263 ἡ
2893 5200 2988 5251 τοῦ
3063 5194 3258 5253 Γότθου
3336 5195 3554 5271 σύζυγος
3625 5197 3832 5250 θεασα-

2163 5290 2326 5369 μένη,
2380 5289 2470 5344 καὶ
2539 5285 2708 5354 αῦτὴν
2784 5283 3082 5353 ἐννοήσασα
3153 5288 3254 5350 τῆς
3325 5283 3648 5359 ὁμοιότητος
3725 5285 3834 5352 τὴν

2162 5376 2458 5460 ἀκρίϐειαν,
2507 5375 2654 5434 οῦδὲν
2709 5375 2777 5442 ἦν
2832 5371 3014 5452 ἕτερον
3072 5372 3367 5452 στρέφουσα
3406 5374 3558 5460 κατὰ
3614 5380 3734 5431 νοῦν
3791 5376 3834 5444 ἢ

2161 5458 2306 5536 ὅπως
2349 5469 2411 5524 τὸ
2456 5465 2664 5524 παιδίον
2709 5460 2898 5540 ἀνέλῃ,
2954 5463 3092 5539 Πρὸς
3139 5461 3196 5518 δὲ
3246 5464 3340 5519 τὸν
3381 5458 3562 5542 ἄνδρα,
3598 5466 3708 5522 Οὔκ
3761 5462 3830 5518 ἂν

2159 5558 2268 5636 ἐγώ
2320 5579 2406 5613 σοι
2466 5555 2850 5628 πιστεύσαιμι,
2916 5551 3043 5632 ἔφη,
3077 5556 3146 5629 τῇ
3200 5551 3336 5630 κόρῃ
3384 5575 3464 5628 μη
3523 5551 3824 5611 συνελθεῖν·

2155 5651 2218 5706 τδ
2273 5649 2374 5729 γὰρ
2403 5645 2455 5713 ἐξ
2513 5645 2679 5712 αὐτῆς
2739 5640 2931 5722 τεχθὲν
2985 5641 3168 5722 σαφῶς
3227 5639 3534 5723 διομολογετ
3561 5644 3651 5701 τὸν
3709 5665 3827 5701 πα-

2153 5737 2303 5822 τέρα,
2369 5735 2604 5816 καθάπερ
2664 5731 2912 5816 γλώττῃ,
2967 5737 3036 5810 τῇ
3097 5738 3279 5815 μορφῇ
3325 5733 3636 5816 χρώμενον,
3682 5733 3742 5793 Ὀ
3782 5731 3817 5792 δ
