4158 6416
302 350 447 448 ιςθι

1290 383 1766 495 mmmam
1811 384 1875 453 s.
1919 380 2185 452 etiam
2226 382 2327 451 ET
2370 378 2778 451 SOCIORUM.

3610 356 3745 450 154‘

312 520 386 600 μὴ
431 518 671 592 amcis
696 492 897 604 λέγειν
951 522 1119 594 αῦτὴν
1165 492 1491 609 ἰσχυρίζετοο
1527 526 1884 609 προετρέπετο
1933 523 1986 583 δὲ

2072 520 2318 600 ancilla,
2378 521 2587 586 dicens
2621 543 2637 588 :
2692 521 2819 586 Hoc
2849 519 3029 587 ﬁdem
3062 517 3261 597 faciat,
3291 537 3388 586 me
3416 502 3757 609 nunquam'

317 616 385 680 ὣς
434 612 603 695 Mn
663 620 1003 699 κεχρῆσθαι,
1056 620 1221 679 Τοῦτό
1268 642 1328 677 σε
1377 619 1728 702 πιστώσεται,
1784 618 1980 703 λέγων,

322 704 590 785 μηδέποτε
663 709 841 787 ταύτῃ
904 707 1175 769 συνελθεῖν
1246 709 1367 786 ἐμέ.
1422 708 1552 770 Οῦδὲ
1614 711 1715 790 γὰρ
1786 707 1850 767 ἅν
1900 732 1979 767 σοι

324 796 533 863 πάντως
596 798 673 863 εὶς
734 796 979 864 ἔξουσίαν
1048 799 1218 867 οὕτως
1285 798 1519 859 ἓδὲδοτω
1592 806 1817 880 κιρδῶσι
1884 800 1984 880 γὰρ

319 886 522 968 φιλίας,
557 887 618 946 οῦ
648 885 935 947 δειστῶσιν
960 892 1007 948 οἱ
1036 888 1254 968 ἔρωτες.

403 977 549 1042 KA'.
610 981 745 1037 τότε
773 980 951 1037 τοίνυν
1011 983 1039 1038 6
1069 979 1130 1037 Ξκ
1171 979 1376 1040 πολλοῦ
1427 988 1504 1056 τῷ
1535 981 1841 1061 ἀνθρωπείῳ
1887 980 1983 1059 γέ-

315 1091 394 1126 νει
451 1067 743 1145 πολέμιος,
780 1069 881 1138 τὴν
929 1077 1024 1128 τοῦ
1079 1070 1272 1128 Γότθου
1331 1072 1549 1149 σύζυγον
1601 1070 1863 1152 ὑπελθὼν,
1896 1069 1983 1137 ἐξ·

315 1160 491 1235 ἔμηνε
544 1161 687 1215 κατὰ
714 1167 810 1216 τοῦ
855 1159 1070 1236 παιδὸς,
1103 1162 1192 1218 καὶ
1241 1160 1325 1220 διὰ
1373 1168 1526 1220 τοῦτο
1556 1162 1719 1221 πόνον
1768 1182 1825 1219 τε
1856 1182 1983 1220 συν-

312 1247 619 1326 ἀάμεανὲ,
649 1251 739 1307 καὶ
791 1251 1017 1327 ἀνομίαν
1074 1251 1347 1328 ἀπέτικτε,
1404 1254 1491 1310 καὶ
1542 1275 1593 1308 τι
1654 1250 1983 1330 δηλητήριον

310 1341 418 1396 ὑπὸ
475 1336 686 1398 κόλπον
715 1341 877 1412 αὐτῆς
928 1340 1182 1419 ἐνθεμένη
1211 1342 1312 1410 τὴν
1357 1343 1455 1417 μὲν
1506 1342 1599 1399 τοῦ
1628 1340 1811 1403 παιδὸς
1865 1364 1982 1417 μη-

312 1429 445 1509 τέρα
502 1429 645 1487 κατά
674 1452 791 1486 τινα
851 1428 1007 1498 δῆθεν
1064 1431 1249 1512 χρείαν
1308 1432 1408 1501 τῆς
1459 1431 1624 1494 οἰκίας
1681 1430 1976 1507 ἐμπέμπει.

317 1520 423 1579 Καὶ
477 1522 516 1591 ἦ
564 1519 665 1594 μὲν
721 1516 908 1585 ἔξεισιν
956 1522 1142 1578 ἀνῦσαι
1192 1522 1253 1578 τὸ
1311 1521 1670 1601 προσταχθέν
1729 1522 1764 1590 ἡ
1795 1519 1851 1577 δὲ
1907 1527 1983 1596 τῷ

316 1617 413 1667 τοῦ
471 1607 669 1674 παιδὸς
740 1610 967 1686 στόματι
1039 1609 1291 1687 ἐμϐάλλει
1352 1611 1413 1669 τὸ
1485 1610 1835 1691 δηλητήριον,
1895 1612 1984 1668 καὶ

319 1706 401 1773 τῷ
460 1697 779 1780 δηλητηρίῳ
840 1700 1066 1765 θάνατος
1128 1703 1276 1766 εὐθὺς
1349 1700 1646 1770 ἠκολούθει,
1712 1701 1981 1760 Ἐπανελ-

325 1794 489 1847 θοῦσα
536 1790 710 1847 τοίνυν
767 1788 887 1865 μετ’
944 1791 1126 1868 ὀλίγον
1182 1794 1210 1860 ἡ
1260 1792 1465 1872 μήτηρ,
1499 1792 1590 1849 καί
1641 1793 1825 1872 νεκρὸν
1884 1792 1984 1867 μὲν

332 1882 396 1938 16
449 1879 652 1938 παιδίον
704 1882 945 1959 εὑροῦσα,
986 1883 1409 1963 περικεχυμένον
1464 1882 1518 1939 δὲ
1567 1896 1686 1947 τοῖς
1740 1882 1985 1964 χείλεσιν

331 1970 535 2028 ἐκείνου
580 1973 638 2029 τὸ
686 1969 1046 2054 δηλητήριον,
1078 1972 1374 2042 πλήτλεται
1435 1974 1544 2047 μὴν
1594 1975 1693 2042 τὴν
1740 1972 1978 2051 καρδίαν,

322 2061 417 2118 καὶ
475 2061 675 2141 πάσχει
731 2063 835 2129 τὴν
894 2063 1081 2142 ψυχὴν
1142 2067 1398 2144 ἰσχυρῶς·
1462 2064 1683 2143 κρύπτει
1741 2061 1799 2119 δέ
1837 2062 1983 2128 ὅμως

317 2151 383 2206 16
434 2150 601 2214 πάθος
649 2153 707 2207 ἓν
764 2150 1074 2229 ἀπορῤήτῳ,
1107 2154 1169 2209 το
1226 2153 1323 2227 μὲν
1374 2154 1446 2216 ὡς
1493 2154 1675 2230 μῄτηρ
1719 2156 1980 2233 παθοῦσα,

316 2240 382 2295 16
441 2238 497 2296 δὲ
555 2242 631 2307 ὡς
686 2242 947 2320 νουνεχὴς
1004 2240 1296 2320 φυλάξασα.
1374 2242 1511 2300 Εἶτα
1578 2241 1770 2300 κώδιον
1828 2241 1983 2322 ἐρέας

318 2324 589 2403 λαϐοῦσα,
622 2329 712 2384 καὶ
769 2329 827 2384 τὸ
877 2330 1056 2405 στόμα
1113 2336 1206 2387 τοῦ
1262 2329 1486 2411 βρέφους
1536 2329 1805 2406 ἐκμαξασα
1854 2325 1983 2408 παρ’

318 2419 492 2486 ἑαυτῆ
546 2430 779 2497 κατεῖχε
824 2419 884 2474 τὸ
932 2416 1097 2500 ἔριον,
1128 2425 1325 2498 γνῶναι
1369 2418 1455 2476 διὰ
1507 2425 1609 2487 τῆς
1641 2421 1827 2499 πείρας
1881 2420 1981 2477 τά-

316 2507 486 2574 ληθὲς
547 2504 879 2585 βουλαμένη.
954 2510 1102 2565 Μετὰ
1160 2518 1285 2588 γοῦν
1351 2508 1556 2588 ἡμέρας
1624 2509 1806 2588 ὀλίγας
1876 2514 1983 2565 τῶν

318 2596 495 2678 φίλων
558 2599 649 2654 καὶ
704 2603 973 2675 συγγενῶν
1031 2620 1177 2664 τινας
1233 2599 1319 2655 ἐπὶ
1375 2597 1592 2656 δεῖπνον
1643 2607 1732 2656 τοῦ
1792 2599 1985 2657 Γότθου

318 2684 759 2766 παραλαϐόντος,
820 2687 1041 2766 ἁρπάζει
1099 2691 1189 2748 τὸν
1248 2692 1431 2769 καιρὸν
1485 2692 1520 2758 ἡ
1581 2692 1716 2769 κόρη
1776 2692 1864 2746 καὶ
1920 2695 1986 2767 νῇ

317 2772 502 2831 κῦλικι
562 2772 915 2831 ἔναποπλόνει
946 2777 1010 2831 τὸ
1068 2775 1231 2852 ἔριον,
1276 2788 1369 2838 τοῦ
1411 2779 1605 2838 Γότθου
1649 2780 1712 2836 16
1761 2785 1830 2847 τῆ
1883 2800 1983 2858 γυ-

320 2864 467 2921 ναικὶ
551 2861 835 2921 ἀναδίδωσι
866 2911 886 2934 ,
959 2863 1212 2941 τάληθὲς,
1285 2866 1467 2945 ὥσπερ
1538 2866 1674 2947 ἔφην
1700 2914 1716 2939 ,
1793 2870 1988 2942 μαθεῖν

318 2953 634 3033 βόυλομένη
694 2953 811 3012 εἴτε
863 2956 1131 3033 φαρμάκῳ
1182 2957 1272 3012 τὸν
1315 2955 1486 3013 παῖδα
1537 2955 1837 3032 ἐζημιώθη,
1872 2954 1987 3013 εἴτε

317 3045 411 3102 καὶ
461 3045 659 3125 καιρίῳ
686 3043 897 3117 θανάτῳ
949 3054 1135 3104 τοῦτον
1186 3042 1476 3108 ἀπέϐαλεν,
1529 3034 1711 3127 ’ᾯετο
1741 3045 1839 3122 μὲν
1889 3046 1991 3124 γὰρ

317 3138 422 3208 ὣς,
492 3136 540 3192 εἰ
612 3132 814 3191 πιοῦσα
876 3144 970 3193 τοῦ
1027 3133 1307 3215 φαρμάκου
1376 3137 1555 3209 ζήσοι,
1615 3134 1838 3203 εὔδηλον
1909 3133 1991 3191 ὅτι

2068 630 2203 675 cum
2235 629 2306 676 ea
2336 630 2471 676 esse
2497 630 2910 693 congressum.
2963 613 3177 697 Neque
3207 613 3367 676 enim
3396 630 3431 675 a
3476 603 3577 674 me
3601 603 3750 674 un-V

2068 720 2244 783 quam
2275 703 2526 764 omnino
2556 703 2620 765 in
2652 712 2811 764 tuam
2846 702 3062 765 tradita
3094 703 3308 766 fuisset
3336 709 3719 784 potestatem.

2068 791 2376 855 Amicitias
2407 792 2568 855 enim
2603 793 2975 875 conjungunt
3030 811 3289 869 amores,
3330 811 3451 855 non
3481 789 3723 872 disjun-

2067 891 2235 962 gunt.

2140 970 2304 1036 XXI.
2363 971 2532 1036 Tunc
2563 978 2760 1036 autem
2806 975 2906 1055 qui
2955 972 3138 1054 longo
3179 972 3401 1037 abhinc
3447 981 3722 1055 tempore

2069 1060 2332 1124 humano
2362 1064 2567 1142 generi
2598 1071 2688 1124 est
2717 1063 3019 1146 inimicus,
3053 1061 3251 1128 Gotthi
3295 1081 3539 1129 uxorem
3569 1060 3721 1124 sub-

2068 1150 2223 1227 iens,
2248 1169 2378 1214 eam
2415 1152 2703 1215 adversus
2734 1152 3024 1216 infantem
3056 1153 3257 1217 furore
3286 1151 3629 1228 concitavit,
3661 1159 3723 1214 et

2068 1252 2383 1323 propterea
2402 1243 2678 1321 concepit
2699 1241 3054 1324 laborem,et
3082 1242 3718 1326 peperitiniquitatem,

2069 1338 2126 1391 et
2157 1349 2291 1393 cum
2343 1331 2645 1413 quoddam
2679 1346 2974 1394 venenum
3011 1332 3070 1394 in
3116 1333 3314 1395 sinum
3347 1333 3716 1409 immisisset,

2069 1421 2237 1501 pueri
2269 1420 2514 1499 quidem
2573 1431 2821 1485 matrem
2855 1423 3073 1485 emittit
3102 1425 3175 1486 ad
3211 1422 3543 1486 faciendum
3602 1422 3720 1485 ali-

2067 1511 2237 1591 quid,
2271 1510 2428 1591 quod
2481 1521 2608 1573 erat
2660 1531 2835 1592 opus.
2894 1515 2963 1574 Et
3011 1533 3083 1575 ea
3126 1512 3367 1595 quidem
3416 1512 3726 1592 egreditur

2066 1600 2141 1662 ad
2195 1600 2642 1681 exsequendum
2679 1603 2736 1664 id
2772 1602 2927 1683 qucd
2963 1603 3152 1665 fuerat
3180 1603 3535 1685 imperatum
3571 1619 3590 1675 ;
3621 1602 3725 1664 illa

2068 1699 2263 1754 autem
2298 1710 2591 1754 venenum
2624 1692 2892 1755 immittit
2920 1694 2978 1755 in
3013 1713 3078 1756 os
3107 1694 3302 1775 pueri,
3336 1701 3395 1755 et
3423 1706 3719 1754 venenum

2070 1800 2231 1843 mors
2253 1782 2447 1843 statim
2466 1791 2554 1845 est
2585 1794 2934 1847 consecuta.
2962 1785 3143 1847 Paulo
3169 1792 3300 1866 post
3321 1802 3462 1862 ergo
3484 1800 3725 1845 reversa

2009 1912 2046 1964 Β
2072 1880 2283 1964 mater,
2307 1891 2443 1964 cum
2466 1873 2757 1964 infantem
2786 1874 3027 1956 quidem
3053 1875 3378 1937 invenisset
3398 1880 3720 1947 mortuum,

2066 1961 2229 2023 illius
2261 1980 2398 2023 vero
2429 1962 2615 2024 labris
2645 1964 2903 2026 infusum
2940 1982 3255 2039 venenum,
3291 1964 3354 2026 in
3381 1962 3563 2025 corde
3582 1961 3722 2042 qui-

2066 2052 2204 2113 dem
2236 2053 2618 2125 sauciatur,et
2647 2054 2810 2131 gravi
2825 2053 3012 2115 animi
3034 2053 3242 2116 dolore
3267 2053 3545 2127 afﬁcitur,
3580 2069 3718 2115 eum

2070 2149 2266 2204 tamen
2321 2142 2492 2218 celat,
2530 2152 2590 2205 et
2620 2152 2786 2205 tenet
2839 2143 2900 2206 in
2931 2143 3132 2205 abdito
3172 2163 3188 2205 :
3233 2143 3440 2206 dolore
3470 2140 3717 2221 quidem

2066 2232 2297 2310 atl‘ecta,
2332 2240 2397 2294 ut
2420 2240 2632 2303 mater,
2672 2240 2973 2294 secretum
3005 2243 3203 2294 autem
3237 2239 3540 2312 tenens,ut
3569 2247 3722 2311 pru-

2068 2320 2220 2385 dens
2252 2331 2312 2384 et
2340 2321 2609 2385 cordata.
2628 2322 2864 2385 Deinde
2878 2341 3012 2384 cum
3039 2323 3227 2385 vellus
3251 2320 3632 2402 sumpsisset,
3663 2325 3724 2382 et

2069 2429 2137 2472 os
2184 2409 2431 2474 infantis
2457 2411 2862 2486 abstersisset,
2896 2411 3091 2474 lanam
3135 2412 3290 2493 apud
3321 2427 3390 2475 se
3433 2409 3718 2485 detinuit,

2068 2501 2443 2582 experientia
2496 2502 2706 2565 volens
2736 2503 2894 2565 scire
2949 2502 3281 2563 veritatem.
3317 2499 3527 2563 Paucis
3557 2507 3727 2564 certe

2069 2598 2202 2669 post
2247 2590 2484 2666 diebus,
2516 2609 2653 2655 cum
2705 2610 2774 2654 ex
2806 2591 3018 2655 amicis
3069 2600 3128 2653 et
3157 2589 3420 2671 cognatis
3471 2590 3727 2654 Gotthus

2069 2679 2383 2743 invitasset
2423 2681 2678 2764 aliquos,
2718 2681 2915 2763 puella
2972 2680 3182 2763 arripit
3231 2680 3628 2754 occasionem,
3662 2690 3724 2745 et

2069 2769 2264 2831 lanam
2301 2771 2538 2852 intingit
2590 2772 2651 2833 in
2703 2770 2921 2852 calice,
2955 2779 3015 2833 et
3056 2770 3259 2836 Gotthi
3304 2768 3481 2833 tradit
3527 2770 3722 2843 uxori,

2071 2859 2296 2935 volens,
2330 2870 2397 2923 ut
2428 2861 2574 2935 dixi,
2610 2880 2815 2923 verum
2848 2861 3028 2943 scire,
3063 2877 3375 2922 venenone
3406 2855 3627 2939 privata
3647 2857 3726 2923 sit

2070 2948 2318 3021 infante,
2350 2969 2424 3012 an
2475 2950 2782 3013 communi
2816 2958 3009 3012 morte
3058 2968 3193 3012 eum
3224 2947 3519 3011 amiserit.
3572 2945 3719 3010 Nam

2074 3038 2455 3102 existimabat
2487 3040 2758 3121 quidem,
2794 3038 2952 3120 quod
2996 3038 3046 3100 si
3077 3046 3255 3120 epoto
3287 3037 3726 3100 medicamento

2075 3131 2335 3205 vixisset,
2361 3129 2615 3193 evidens
2646 3127 2997 3210 esset,quod
3030 3147 3142 3190 nec
3173 3128 3326 3191 ﬁlius
3351 3127 3483 3207 ejus
3514 3126 3728 3189 fuisset

318 3224 466 3301 μηδὲ
497 3226 530 3281 6
559 3236 698 3297 παῖς
753 3224 1020 3303 φαρμάκῳ
1042 3213 1306 3302 ψάνήρητο³
1368 3225 1413 3284 εί
1470 3224 1526 3282 δὲ
1555 3223 1644 3283 καί
1684 3232 1841 3283 τοῦτο
1892 3225 1986 3281 αῦ-

2076 3228 2327 3281 necatus
2349 3236 2602 3281 veneno.
2634 3217 2804 3292 Quod
2829 3219 2880 3279 si
2901 3217 2961 3279 id
2989 3236 3121 3279 eam
3148 3213 3726 3289 iuterfecisset,illud

319 3316 423 3383 τὴν
479 3313 687 3387 ἀνέλοι,
739 3315 921 3371 tutuo
968 3315 1205 3371 πείσεται
1253 3315 1493 3396 πάντως,
1524 3314 1656 3392 ὅπερ
1714 3315 1848 3384 αῦτη
1897 3313 1987 3372 δὲ-

322 3402 541 3484 ὃρακεν,
604 3400 759 3461 Ἐπεὶ
812 3402 901 3460 οὖν
946 3405 982 3472 ἡ
1044 3411 1135 3461 τοῦ
1175 3406 1371 3462 Γοτθου
1421 3405 1557 3483 φυνὴ
1613 3403 1781 3481 μηδὲν
1812 3427 1988 3472 πονη-

325 3495 420 3571 ρὸν
489 3493 703 3574 ὕφεώρα
772 3489 914 3567 μηδὲ
975 3494 1255 3550 ὑπώπτευε
1327 3492 1609 3568 δεξαμένη,
1683 3495 1819 3551 πίνει
1891 3497 1989 3561 τὴν

331 3583 553 3656 κύλικα,
582 3585 669 3640 καὶ
722 3584 870 3648 εὐθὺς
899 3582 1256 3663 ἐπέστηρεφεν
1309 3584 1337 3640 6
1386 3585 1550 3648 πόνος
1604 3585 1677 3647 εἰς
1727 3583 1987 3664 κεφαλὴν,

338 3673 432 3730 καὶ
482 3671 571 3727 ἰπὶ
631 3674 861 3754 κορυφὴν
931 3675 968 3741 ἢ
1038 3671 1211 3729 ἀδικία
1283 3672 1446 3741 αὐτῆς
1520 3672 1853 3751 κατέϐαινεν,
1916 3675 1988 3739 εἰς

339 3764 534 3841 βόθρον
588 3782 640 3817 τε
690 3762 973 3819 ἐνέπιπτεν
1044 3763 1106 3819 ὃν
1163 3762 1469 3843 εἰργάσατο,
1530 3765 1619 3819 καὶ
1678 3762 1734 3819 ἐν
1805 3762 1986 3842 παγίδι

334 3852 369 3920 ἧ
432 3851 624 3931 ἔκρυψε
670 3851 888 3917 δικαίως
951 3849 1402 3927 συνελαμϐάνετο.
1463 3851 1697 3910 ’Ἕκειτο
1751 3854 1849 3928 μὲν
1902 3853 1990 3910 οὗν

2073 3308 2319 3371 omnino
2352 3326 2603 3391 passura
2634 3318 2813 3382 esset,
2845 3307 3002 3390 quod
3050 3307 3178 3389 ipsa
3206 3307 3370 3370 fecit.
3406 3306 3554 3370 Cum
3587 3321 3728 3384 ergo

2075 3400 2277 3463 Gotthi
2341 3419 2488 3463 uxor
2542 3399 2691 3461 nihil
2750 3398 2890 3460 mali
2948 3405 3374 3479 suspicaretur,
3426 3394 3730 3477 accipiens

2075 3488 2261 3552 ebibit
2307 3491 2584 3570 calicem,
2618 3489 2937 3571 statimque
2965 3488 3137 3550 labor
3193 3504 3514 3551 conversus
3545 3494 3637 3548 est
3665 3484 3728 3546 in

2075 3589 2278 3662 caput,
2314 3589 2376 3643 et
2429 3581 2488 3641 in
2520 3581 2651 3661 ejus
2681 3579 2967 3642 verticem
3001 3577 3310 3641 descendit
3337 3576 3637 3657 iniquitas,
3671 3579 3733 3635 ct

2074 3669 2297 3732 cecidit
2338 3670 2398 3731 in
2433 3671 2659 3733 foveam
2707 3688 2882 3751 quam
2914 3668 3052 3732 fecit
3091 3684 3106 3731 :
3157 3675 3217 3729 et
3242 3667 3402 3747 juste
3445 3681 3731 3746 compre-

2076 3760 2263 3822 hensa
2316 3758 2517 3822 fuitin
2577 3763 2812 3838 laqueo,
2847 3777 3023 3840 quem
3057 3757 3479 3821 absconderat.
3532 3757 3734 3835 Atque

2072 3848 2174 3910 illa
2205 3849 2448 3930 quidem
2476 3848 2719 3929 jacebat
2749 3859 3004 3921 mortua,
3032 3858 3277 3910 extenso
3307 3861 3582 3927 corpore,
3600 3843 3729 3906 fru-

324 3940 563 4010 ἕκτάδην
636 3942 822 4022 νεγρᾶ,
886 3943 1007 4008 τοὺς
1080 3944 1312 4019 mpm);
1381 3942 1554 4008 ἀξίους
1624 3943 1731 4000 τῶν
1815 3943 1986 4001 πόνων

2075 3947 2204 4001 ctus
2234 3938 2436 4001 ferens
2467 3939 2683 4018 dignos
2731 3938 3065 4001 laboribus."
3088 3935 3292 4001 Animi
3323 3943 3522 3997 autem
3555 3933 3730 4014 aegri-

317 4031 703 4109 κομισαμένη’
763 4032 954 4106 ἀθυμία
1010 4029 1067 4087 δέ
1115 4034 1207 4089 τὸν
1257 4033 1472 4103 Γότθον,
1506 4033 1628 4097 τοὺς
1685 4034 1986 4110 προσήκον-

2077 4028 2219 4092 tudo
2266 4028 2561 4089 invaserat
2609 4028 2916 4102 Gotthum,
2951 4030 3200 4106 ejusque
3244 4024 3634 4095 nesessarios,
3664 4031 3727 4086 et

320 4145 454 4202 τας,
516 4123 644 4187 τοὺς
704 4119 1036 4188 ἐπιτηδείοῦς
1087 4134 1370 4202 κατεῖχενο
1434 4120 1576 4177 ὅλων
1633 4120 1869 4201 ἐπλήρου
1903 4123 1986 4177 τὸν

2077 4119 2176 4199 qui
2234 4135 2455 4197 genere
2483 4116 2556 4178 ad
2610 4136 2746 4179 eum
2777 4115 3154 4179 attinebant:
3218 4122 3398 4177 totam
3442 4112 3730 4202 implebat

324 4215 490 4269 οἷκον
561 4209 762 4285 ἀηδία,
826 4210 1144 4291 στυγνότης,
1215 4201 1482 4289 κατήφεια
1546 4210 1631 4267 ἐπὶ
1700 4217 1769 4288 τῇ
1837 4210 1986 4289 ἀώρῳ

2078 4207 2321 4269 domum
2379 4224 2600 4269 maeror
2647 4216 2708 4269 et
2758 4205 2996 4267 tristitia
3050 4203 3127 4266 ob
3156 4204 3539 4265 immaturam
3599 4201 3731 4283 ejus

320 4299 502 4376 ταύτῃ
553 4302 656 4368 τῆς
699 4302 946 4378 γυναικὸς
1004 4298 1247 4369 τελευτῆ.
1310 4298 1464 4357 Ἀλλ’
1508 4300 1656 4376 ὅμως
1713 4303 1803 4357 καὶ
1856 4303 1986 4377 θρη-

2078 4296 2279 4359 uxoris
2331 4305 2608 4360 mortem.
2662 4294 2757 4359 Ab
2809 4295 2899 4357 eis
2946 4303 3146 4357 tamen
3193 4291 3452 4373 lugetur,
3485 4298 3548 4352 ut
3600 4298 3730 4353 erat

322 4402 511 4447 νεῖται
570 4388 697 4468 παρ’
770 4389 943 4447 αὐτῶν
1005 4391 1073 4448 τὰ
1130 4390 1332 4471 εἰκότα,
1391 4396 1565 4469 ταφῆς
1636 4412 1693 4448 τε
1744 4389 1986 4469 λαμπρᾶς

2078 4395 2573 4460 consentaneum,
2609 4394 2670 4447 et
2713 4384 3055 4468 praeclaram
3116 4381 3498 4465 consequitur
3527 4378 3727 4461 sepul-

324 4479 599 4554 ἀξιοῦται,
641 4481 728 4537 ita!
756 4479 1064 4543 πολυτελῶς
1094 4479 1460 4542 κατατίθεται,

2079 4485 2299 4579 turam,
2325 4486 2385 4538 et
2416 4475 2729 4555 magniﬁce
2757 4474 3102 4579 deponitur.

415 4567 555 4631 ΚΝ.
615 4569 769 4627 Ἐπεὶ
824 4568 879 4626 δὲ
934 4570 1070 4645 μετὰ
1139 4570 1239 4637 τὴν
1294 4575 1470 4650 ταφὴν
1529 4569 1664 4627 ἑπτὰ
1720 4568 1986 4649 παρῆλθον

2159 4564 2504 4631 XXll.Cum
2525 4575 2724 4628 autem
2741 4572 2972 4646 septem
2993 4563 3125 4626 dies
3153 4561 3581 4646 praeteriissent
3599 4565 3733 4650 post

327 4660 559 4737 ἠμὲραι,
618 4662 708 4718 καὶ
757 4663 950 4727 ἵκανῶς
1002 4661 1119 4738 περὶ
1176 4661 1238 4716 τὸ
1267 4647 1432 4723 πάθος
1504 4647 1842 4739 ἠσχόληντο,
1902 4657 1986 4714 ἔν-

2078 4656 2478 4736 sepulturam,
2510 4665 2570 4716 et
2600 4654 2744 4717 satis
2803 4652 3092 4734 temporis
3122 4654 3640 4734 consumpsissent
3668 4647 3732 4713 in

326 4749 456 4808 νοιᾶ
514 4771 596 4816 τις
652 4755 837 4814 αὐτοῖς
893 4752 1093 4829 γίνεται
1151 4756 1221 4827 τῇ
1266 4748 1364 4817 τῆς
1425 4747 1828 4830 αἶχμαλώτιδος
1880 4747 1986 4805 ἐπι·

2079 4743 2532 4821 moerore,venit
2562 4744 2651 4807 eis
2676 4744 2736 4805 in
2756 4741 3298 4822 mentem,captivm
3315 4739 3552 4804 insidiis
3571 4756 3734 4801 mor-

326 4837 506 4916 ϐουλῇ
582 4839 825 4898 τεθνάναι
902 4842 1108 4904 τούτοις
1193 4839 1292 4908 τήν
1375 4840 1632 4919 συγγενῆ.
1724 4835 1986 4897 Ἐντεῦθεν

2077 4842 2239 4898 tuam
2271 4853 2405 4897 esse
2435 4852 2642 4897 eorum
2676 4841 3012 4914 cognatam.
3068 4830 3221 4895 llinc
3250 4831 3469 4894 factum
3518 4835 3733 4919 est,_ut

327 4929 621 4987 ὶδούλοντο
675 4929 776 5004 μὲν
832 4929 1001 4996 αῦτην
1058 4927 1379 5007 παραδοῦναι
1412 4916 1501 5002 τῷή
1546 4926 1800 5004 ἡγεμόνι,
1847 4925 1986 4991 ὅπως

2079 4943 2211 4989 eam
2259 4923 2505 5003 quidem
2536 4923 2763 4986 vellent
2815 4922 3053 4985 tradere
3099 4920 3361 5002 praesidi,
3392 4927 3456 4981 ut
3500 4917 3576 4980 ab
3623 4916 3731 4979 illo

328 5016 430 5076 ὑπ’
488 5018 692 5076 ἐκείνου
747 5018 1069 5096 ἀναιρεθείη·
1123 5018 1185 5075 οὒ
1236 5019 1338 5097 γὰρ
1397 5018 1519 5085 ὶξῆν
1547 5018 1732 5080 αὐτοῖς
1790 5015 1997 5095 ἀνθρώ-

328 5130 424 5183 πῳ
502 5105 721 5188 σίδηρον
788 5108 1114 5187 επιτρέπεινυ
1170 5107 1287 5165 ἐπεὶ
1364 5105 1420 5164 δὲ
1488 5105 1784 5183 ἀποδημῶν
1843 5109 1995 5171 οὗτος

323 5198 553 5280 ἒτῦχεν,
628 5200 775 5257 αὐτοὶ
841 5196 958 5256 καθ’
1037 5198 1252 5262 ἔαυτοῦς
1327 5195 1865 5274 συνδιασκεψάμενοι,
1936 5199 1994 5253 ἓν

325 5293 483 5368 ᾧπερ
540 5289 577 5357 ἡ
607 5297 701 5348 τοῦ
759 5287 954 5346 Γότθου
1009 5288 1230 5367 σύζυγος
1290 5286 1580 5345 ἑντέθαπτο
1638 5285 1876 5363 μνάμοτι
1932 5288 1994 5343 τό

324 5400 392 5457 γε
446 5385 538 5435 νῦν
606 5378 741 5460 ἔχον
801 5378 968 5445 αῦτήν
1022 5377 1418 5451 κατακλείουσι,
1478 5375 1607 5451 λίθῳ
1660 5397 1719 5433 τε
1795 5388 1996 5456 τραχεῖ

325 5471 429 5526 τὸν
481 5468 655 5549 τάφον
698 5464 1159 5548 διασφαλίζονται,
1222 5468 1311 5524 καὶ
1364 5464 1607 5546 ⁴φύλακας
1676 5466 1820 5540 αὒτῷ
1868 5468 1994 5545 ἔφι-

324 5565 510 5621 στᾶσι.
572 5555 997 5639 Προσϐαλούσης
1023 5553 1079 5612 δὲ
1126 5556 1263 5633 αῦτῇ
1309 5561 1409 5623 τῆς
1466 5562 1559 5613 τοῦ
1586 5562 1772 5636 νεκροῦ
1818 5553 1994 5612 δυσω-

325 5647 466 5724 δίας,
531 5649 747 5716 πολλῆς
805 5644 1218 5713 ἀναπλησθεϊσα
1285 5646 1385 5713 τῆς
1458 5644 1673 5713 ἀηδίας’
1748 5645 1901 5724 Κύριε
1970 5647 1999 5702 6

327 5742 463 5809 Θεὸς
516 5741 626 5799 τῶν
657 5738 974 5822 δυνάμεων,
1004 5737 1040 5805 ἡ
1095 5747 1230 5803 παῖς
1288 5734 1496 5823 ἔλεγεν,
1540 5737 1570 5793 6
1618 5736 1684 5795 τὰ
1730 5740 1840 5796 τῶν
1890 5741 1998 5794 σῶν

2080 5016 2393 5077 tolleretur
2438 5013 2516 5076 de
2547 5012 2755 5076 medio
2788 5034 2807 5087 ε
2863 5031 2983 5074 non
3014 5010 3175 5073 enim
3208 5007 3429 5073 licebat
3458 5007 3543 5072 eis
3571 5007 3731 5070 ferro

2076 5104 2237 5167 illam
2272 5102 2578 5166 invadere.
2637 5103 2783 5167 Cum
2816 5110 3015 5165 autem
3047 5100 3099 5164 is
3155 5100 3415 5173 abesset,
3447 5095 3563 5180 ipsi
3592 5113 3730 5159 cum

2077 5194 2238 5257 inter
2266 5212 2333 5255 se
2364 5191 2900 5272 consultassent,in
2922 5189 3395 5265 mouumentojn
3414 5185 3736 5270 quofuerat

2075 5283 2304 5365 sepulta
2335 5300 2481 5344 uxor
2513 5281 2738 5357 Gotthi,
2775 5298 2908 5344 eam
2940 5280 3255 5343 includunt
3295 5276 3357 5341 in
3391 5274 3729 5365 praesentia,

2077 5381 2136 5435 et
2150 5364 2496 5457 sepulcrum
2521 5371 3020 5451 muniuntaspero
3040 5369 3267 5451 lapide,
3289 5376 3347 5431 et
3363 5367 3420 5431 ei
3440 5364 3735 5457 adhibent

2076 5452 2375 5527 custodes.
2404 5463 2555 5524 Cum
2587 5477 2732 5523 vero
2771 5461 2845 5524 ad
2872 5478 3003 5523 eam
3024 5458 3254 5522 veniret
3279 5458 3434 5520 odor
3485 5452 3734 5519 cadave-

2080 5553 2184 5625 ris,
2223 5568 2440 5629 magna
2460 5549 2690 5631 repleta
2738 5550 3009 5613 molestia
3037 5571 3050 5613 :
3084 5548 3342 5614 Domine
3367 5550 3525 5612 Deus
3554 5545 3743 5605 virtu-.

2084 5651 2233 5722 tum,
2285 5639 2530 5703 dicebat
2584 5639 2809 5722 puella,
2844 5641 2945 5720 qui
3000 5648 3234 5702 tuorum
3294 5645 3613 5718 martyrum
3672 5636 3736 5692 et

2084 5730 2494 5797 confessorum
2548 5748 2654 5816 pro
2689 5737 2747 5793 te
2792 5729 2988 5795 fusum
3035 5727 3411 5811 sanguinem,
3448 5732 3728 5805 tanquam
