4158 6420
419 345 527 420 155
1711 349 1994 422 ΗΕΝΒΙΞ
2035 356 2063 419 b

2153 352 2481 419 VEMBER.
3676 349 3793 425 ιω

407 488 602 560 vivum
653 486 940 577 accepisti
969 489 1353 574 sccriﬁcium,
1386 488 1463 557 ad
1518 510 1614 558 me
1667 491 1892 575 aspice,
1925 509 2060 574 quae

2153 487 2419 568 μαρτύρων
2470 489 2556 547 καὶ
2587 483 2942 569 δμολογητῶν
2990 485 3123 570 ὑπὲρ
3167 496 3264 551 σοῦ
3316 483 3522 565 αἵματα
3552 486 3627 556 ὣς
3685 487 3791 558 EE»-

412 594 658 669 propter
686 593 850 649 tuum
880 595 939 649 et
964 603 1171 648 eorum
1201 585 1303 666 qui
1347 595 1592 667 propter
1621 591 1679 646 te
1709 582 1860 662 passi
1892 592 2056 656 sunt,

2153 602 2240 637 παν
2294 578 2710 660 προσδεξάμενος
2763 581 2968 660 θυσίαν,
3029 578 3315 657 ὶπίϐλεψον
3370 577 3456 638 ἐπ’
3513 580 3633 662 lysi,
3690 581 3792 649 τὴν

413 685 752 739 sanctorum
786 695 1033 756 nomen,
1060 675 1182 737 viro
1226 675 1426 754 ignoto
1458 683 1515 737 et
1543 673 1895 752 alienigenae
1927 691 2060 734 me-

2153 671 2227 727 ἐπὶ
2283 676 2361 746 τῷ
2418 675 2498 743 σῷ
2523 691 2580 726 τε
2637 671 2726 726 καὶ
2785 675 2863 744 τῷ
2917 670 3024 726 τῶν
3067 669 3150 728 διὰ
3179 671 3238 726 σὶ
3291 670 3566 741 παθόντων
3627 671 3793 749 ἁγίων

411 764 601 847 ipsam
634 765 888 839 credidi,
918 775 976 827 et
1007 784 1138 827 sum
1173 774 1492 844 propterea
1539 763 1815 826 damnata
1843 761 1916 824 ad
1948 762 2061 823 hoc

2153 760 2394 836 ὄνόματι,
2427 759 2684 838 ἀγνώστῳ
2739 759 2880 838 ἀνδρὶ
2927 759 3024 818 καί
3078 759 3351 841 ἆλλοφῡλῃ
3381 761 3571 830 ἑαυτὴν
3622 761 3792 838 ἇμπι-

413 865 870 928 tormentum;tu
897 855 1038 916 mihi
1065 863 1227 916 tuum
1255 854 1328 916 da
1357 853 1735 921 auxilium.et
1759 872 1853 913 me
1875 851 2062 914 libera

2153 850 2465 924 στεύσασαν,
2544 851 2630 908 καὶ
2721 849 2805 907 διὰ
2887 859 3042 908 τοῦτο
3115 853 3314 919 ταύτην
3385 853 3794 930 κατακριθετσαν

411 964 446 1009 a
477 946 757 1027 pra‘senti
796 945 1085 1026 periculo.
1120 947 1242 1008 Vos
1295 961 1555 1024 quoque,
1586 943 1775 1004 sancti
1815 942 2054 1017 Christi,

2153 942 2241 1008 τὴν
2302 941 2553 1016 βάσανον,
2607 939 2762 1004 αὒτός
2834 963 2924 1015 μοι
2995 941 3096 1009 τὴν
3153 941 3294 1019 παρὰ
3357 947 3450 997 σοῦ
3508 940 3793 1024 παράσχου

413 1037 512 1117 qui
547 1036 644 1099 illa
695 1034 1159 1097 innumerabilia
1213 1033 1540 1096 certamina
1571 1041 1814 1114 propter
1861 1032 2055 1112 ipsum

2153 1031 2414 1117 Βοήθειαν,
2487 1030 2575 1086 καὶ
2647 1037 2740 1087 τοῦ
2808 1032 3070 1109 παρόντος
3122 1029 3296 1097 ἐξελοῦ
3373 1027 3629 1089 κινδύνου.
3693 1030 3794 1090 Καὶ

414 1116 796 1202 sustinuistis,
823 1134 879 1187 et
903 1143 1037 1186 eum
1072 1143 1207 1186 esse
1230 1123 1420 1185 vivum
1458 1125 1645 1187 Deum
1671 1142 1866 1185 coram
1897 1121 2055 1202 regi-

2153 1121 2302 1193 ips'tc
2351 1116 2430 1192 δὲ,
2465 1121 2512 1176 οἱ
2564 1126 2653 1176 τοῦ
2686 1127 2914 1196 Χριστοῦ
2942 1119 3108 1200 ἅγιοι,
3139 1121 3186 1177 οἱ
3241 1120 3363 1184 τοὺς
3393 1119 3607 1198 μυρίους
3650 1117 3795 1175 ἐκεί-

415 1215 524 1278 bus
541 1213 800 1276 confessi
827 1214 1150 1295 estis,quos
1169 1213 1340 1274 matri
1367 1233 1515 1274 meae
1539 1211 1790 1294 prmbuit
1806 1211 2059 1276 Gotthus

2153 1230 2260 1273 νους
2311 1207 2498 1271 ἄθλους
2527 1205 2593 1263 δι’
2654 1210 2812 1267 αὺτὸν
2860 1209 3185 1275 ὑποστάντες
3243 1210 3330 1266 καὶ
3382 1211 3565 1265 τοῦτον
3623 1215 3800 1280 ζῶντα

413 1313 657 1388 propter
689 1323 782 1367 me
816 1305 1220 1383 ﬁdeiussores,
1256 1303 1369 1383 ipsi
1403 1322 1558 1382 nunc
1588 1303 1791 1365 adeste
1825 1302 1969 1364 mihi
1999 1303 2057 1362 in

2153 1299 2275 1354 θεὸν
2328 1297 2559 1354 ἐναντίοι
2615 1296 2880 1374 βασιλέων
2937 1297 3392 1377 ὁμολογήσαντες,
3441 1297 3528 1361 06:
3583 1319 3641 1355 τε
3689 1296 3802 1372 ὶμῇ

411 1395 583 1457 malis
603 1395 942 1476 adjutores:
979 1412 1086 1455 nec
1108 1411 1237 1454 eam
1266 1393 1631 1473 despiciatis,
1661 1411 1792 1474 quae
1809 1411 1872 1453 se
1897 1391 2062 1453 vobis

410 1483 723 1548 dedicavit.
781 1486 928 1548 Cum
964 1486 1039 1545 ita
1073 1493 1232 1546 esset
1281 1493 1558 1562 praecata,
1597 1501 1712 1543 non
1757 1481 2064 1544 tardarunt

411 1574 820 1655 ﬁdejussores,
857 1593 1056 1651 neque
1087 1573 1447 1636 distulerunt
1484 1573 1539 1634 ei
1572 1572 1725 1633 ferre
1750 1571 2058 1634 auxilium.

410 1664 529 1727 Sed
557 1665 716 1728 videt
733 1673 852 1728 tres
877 1665 1033 1726 viros
1056 1663 1190 1725 luce
1205 1662 1617 1737 circumdatos,
1649 1662 1718 1722 ad
1745 1681 1918 1742 quam
1943 1681 2060 1722 non

2146 1389 2306 1462 μητρὶ
2365 1387 2639 1467 παρέσχεν
2688 1391 2715 1443 ὁ
2765 1388 2956 1450 Γότθος
3016 1388 3280 1466 ἐγγυητὰς
3341 1386 3426 1444 ἑπ⁹
3472 1388 3614 1464 ὶμοὶ,
3651 1389 3803 1444 αὒτοί

2147 1500 2237 1552 μοι
2271 1483 2357 1531 νυν
2414 1479 2544 1552 μρὸς
2603 1477 2669 1532 τὰ
2725 1475 2868 1533 δεινὰ
2926 1479 3233 1556 παράστητε
3293 1479 3501 1555 βοηθοὶ,
3537 1475 3672 1552 μηδέ
3727 1475 3803 1544 tri

2147 1569 2269 1642 ὅμϊε
2336 1567 2665 1640 ἀναθεμένην
2721 1568 2785 1624 τὰ
2839 1568 2960 1623 κατ’
3019 1569 3180 1636 αὐτὴν
3238 1569 3576 1646 περιόψεσθε.
3623 1573 3804 1626 Ταῦτα

2146 1655 2598 1728 προσευξαιαένης,
2636 1659 2730 1712 οὒκ
2780 1656 3006 1730 ἔμελλον
3064 1661 3110 1714 οἱ
3165 1659 3442 1736 ἔγγυηταὶ,
3493 1655 3609 1713 οὔδε
3665 1657 3804 1733 τρὸς

413 1762 574 1834 patet
626 1755 841 1825 aditus.
875 1766 933 1816 et
970 1755 1145 1818 laetor
1176 1753 1274 1814 ille
1324 1773 1454 1814 mox
1485 1770 1807 1814 conversus
1839 1751 1942 1812 fuit
2002 1751 2061 1811 in

2153 1746 2243 1812 ιὴν
2303 1748 2465 1808 αὐτῆς
2523 1745 2773 1822 βοήθειαν
2805 1745 3180 1828 ἀνεϐαλλοντο,
3213 1746 3351 1804 ἄλλα
3406 1760 3552 1822 τρεῖς
3612 1745 3805 1824 ἄνδρας

414 1833 636 1906 bonum
651 1845 919 1919 odorem,
944 1844 1092 1905 adeo
1125 1852 1189 1902 ut
1211 1841 1497 1903 mirabilis
1516 1840 1750 1923 quidam
1778 1849 1836 1902 et
1866 1841 2063 1901 suavis

2153 1840 2256 1913 φῶς
2322 1836 2606 1896 ἀπρόσιτον
2656 1837 3056 1913 περικειμένους
3117 1840 3212 1912 6ρᾷ
3268 1837 3464 1893 καὶτὰ
3511 1837 3609 1902 τῆς
3667 1833 3804 1890 δυσ-

414 1933 566 1995 odor
592 1934 664 1995 ad
718 1953 843 1996 eam
881 1933 1216 1997 accederet.
1250 1931 1343 2002 Et,
1378 1930 1541 1992 Bono
1590 1931 1791 1991 animo
1823 1939 1972 2003 esto,
2009 1929 2062 1990 ei

411 2022 680 2096 dicunt,o
704 2022 1062 2097 mulier,nec
1090 2023 1261 2100 time;
1290 2019 1411 2082 cito
1434 2019 1594 2080 enim
1621 2019 1870 2080 salutem
1894 2036 2061 2079 asse-

414 2112 639 2192 queris,
673 2113 820 2175 nihil
859 2113 1102 2174 omnino
1133 2127 1308 2188 grave
1363 2128 1558 2190 passa,
1596 2127 1705 2170 nec
1736 2107 2055 2185 ingratum.

413 2201 622 2282 Neque
654 2203 812 2266 enim
845 2202 1118 2264 t‘allemus
1173 2199 1644 2281 ﬁdejussionem,
1683 2215 1878 2280 neque
1906 2197 2058 2260 dila-

417 2291 577 2354 tione
606 2299 843 2355 utemur
869 2293 926 2355 in
961 2290 1173 2354 salute.

496 2559 706 2626 XXIII.
731 2561 873 2625 Cum
899 2561 1022 2624 haec
1051 2579 1191 2641 ergo
1217 2561 1404 2623 sancti
1433 2558 1485 2623 ei
1503 2559 1812 2628 dixissent,
1842 2575 1910 2622 ea
1939 2566 2062 2619 sta-

2145 1924 2300 1991 ωδέας
2358 1926 2502 1990 εὐθὺς
2563 1927 2634 1989 είς
2711 1925 2928 1982 εὖωδίαν
2995 1925 3341 2006 μετέϐαλλεν,
3403 1926 3539 1982 ὥστε
3589 1929 3802 1998 θαυμα-

2145 2018 2275 2085 στήν
2336 2039 2448 2072 τινα
2502 2018 2588 2072 καὶ
2641 2015 2828 2084 ἡδεῖαν
2861 2016 3215 2094 προσϐάλλειν
3271 2018 3402 2093 αὒτῇ
3449 2016 3548 2084 τὴν
3597 2015 3805 2091 ὀσμήν.

2148 2109 2243 2165 Καὶ
2310 2107 2512 2186 θάρσει,
2572 2108 2748 2186 γύναι,
2812 2109 2938 2185 φασὶ
2991 2111 3122 2183 πρὸς
3201 2108 3363 2175 αὗτὴν
3429 2106 3654 2186 ἒκεῐνοι,
3714 2108 3811 2163 aui

2147 2199 2223 2272 μὴ
2257 2194 2438 2278 φοϐοῦ·
2498 2198 2722 2277 ταχείας
2781 2199 2880 2274 γὰρ
2939 2194 3104 2261 τεύξει
3165 2197 3260 2266 τῆς
3311 2197 3598 2276 σωτηρίας,
3632 2194 3813 2252 δεινὸν

2146 2285 2312 2360 οὒδέν,
2347 2284 2461 2344 οὐδὲ
2515 2287 2678 2364 ἄχαρι
2729 2287 3082 2360 ὑπομείνασα·
3136 2286 3254 2343 οὕτε
3305 2286 3404 2363 γὰρ
3457 2286 3551 2353 τὴν
3603 2285 3812 2364 ἐγγύην

2146 2376 2470 2452 ψευσόμεθα,
2529 2376 2645 2433 οὔτε
2707 2374 2945 2453 ἀναϐολῇ
3007 2378 3122 2454 περὶ
3179 2377 3277 2444 τὴν
3337 2375 3604 2453 σωτηρίαν
3654 2397 3815 2456 χρη-

2145 2467 2365 2542 σόμεθα.

2232 2555 2357 2618 Kl".
2419 2565 2592 2615 Ταῦτα
2624 2558 2796 2612 τοίκυν
2844 2562 2951 2612 τῶν
3009 2556 3170 2634 ἁγίων
3199 2557 3332 2631 αἷιτῇ
3387 2553 3806 2635 διαλεχθέντων,

415 2650 518 2715 tim
547 2663 824 2732 tanquam
858 2670 890 2713 a
913 2669 979 2713 se
1009 2650 1408 2718 discessisset,
1443 2649 1764 2711 resolvitur
1795 2649 1852 2710 in
1885 2665 2063 2727 sopo-

2153 2647 2332 2702 αἱτίκα
2391 2646 2572 2722 ὥσπερ
2629 2645 2684 2701 ὲν
2745 2646 2991 2702 ἐκστάσει
3047 2645 3309 2725 γενομένη
3366 2646 3531 2702 ὑπνοῖ
3594 2652 3662 2722 τῇ
3713 2651 3814 2702 τοῦ

415 2731 806 2822 rem,Deique
829 2741 1069 2809 invicta.
1100 2759 1423 2818 eorumque
1449 2737 1551 2818 qui
1583 2738 1775 2818 ipsum
1809 2736 2063 2799 confessi

2153 2744 2282 2793 Θεοῦ
2339 2757 2393 2792 τε
2444 2737 2646 2815 ἀμάχῳ
2697 2737 2782 2792 καὶ
2833 2742 2940 2790 τῶν
2987 2735 3140 2792 αὑτὸν
3200 2734 3656 2813 ὁμολογησάντων
3710 2731 3815 2789 δυ-

414 2831 986 2904 fuerant,virtute,(o
1016 2830 1368 2892 miraculum
1394 2830 1644 2909 dignum
1669 2828 1770 2891 Dei
1800 2826 2063 2906 benigni-

2153 2840 2331 2902 ναμει,
2363 2825 2408 2883 ὢ
2453 2829 2720 2900 θαύματος
2768 2825 2912 2891 ἀξίου
2965 2831 3064 2891 τῆς
3111 2833 3202 2882 τοῦ
3241 2827 3373 2881 Θεοῦ
3422 2825 3814 2904 χρηστότητός

411 2929 532 2985 tate
554 2929 612 2984 et
642 2920 970 3002 potentia!)
1008 2919 1310 3001 quomodo
1345 2919 1498 2980 alius
1522 2919 1757 3000 quidam
1793 2917 2063 2980 Habacuc

2153 2939 2208 2972 τε
2280 2917 2366 2971 καὶ
2424 2914 2749 2990 δυνάμεωςί
2811 2916 3047 2993 καθάπερ
3123 2937 3200 2978 τις
3256 2912 3419 2977 ἄλλος
3493 2910 3816 2989 Ἀμϐακοὺμ

414 3001 702 3092 propheta
722 3019 1027 3072 momento
1047 3009 1333 3090 temporis
1358 3007 1786 3088 Hierosolymis
1813 3005 2063 3068 transla-

2155 3008 2432 3086 προφήτης
2498 3005 2552 3060 ἂν
2603 3013 2701 3080 μιᾷ
2758 3015 2943 3084 καιροῦ
2989 3005 3128 3082 ῥοπῇ
3185 3006 3292 3060 ἄπο
3346 3004 3454 3059 τῶν
3511 3001 3818 3083 Ἰεροσολύ-

415 3091 509 3163 tus
532 3099 637 3162 fuit
660 3098 1021 3180 Babylonem
1038 3099 1095 3150 18
1113 3121 1128 3160 :
1149 3108 1248 3160 aut
1269 3109 1331 3159 ut
1354 3098 1682 3178 discipulus
1699 3097 2006 3178 Philippus
2033 3114 2063 3156 a

2153 3119 2265 3170 μων
2312 3097 2443 3175 πρὸς
2495 3097 2594 3161 τὴν
2625 3091 2912 3154 Βαϐυλῶνα
2952 3095 3229 3170 μετε-έθη·
3264 3095 3300 3163 ἢ
3353 3096 3424 3157 ὡς
3483 3095 3510 3150 ὁ
3561 3093 3817 3167 μαθητὴς

415 3190 568 3254 facie
591 3189 851 3252 eunuchi
878 3189 1176 3266 [Ethiopis
1195 3198 1398 3269 raptus
1421 3207 1452 3249 a
1472 3187 1694 3268 Spiritu
1724 3187 1781 3237 19
1809 3208 1821 3250 :
1853 3187 2064 3249 eodem

417 3279 596 3342 modo
627 3278 755 3360 ipsa
785 3299 1024 3359 quoque
1054 3279 1360 3341 dormiens
1394 3277 1746 3340 transfertur
1797 3295 1828 3340 a
1863 3295 2068 3338 monu-

417 3379 619 3432 mento
643 3379 701 3431 et
723 3369 1130 3431 restituituriu
1155 3368 1441 3448 templum
1460 3367 1872 3428 confessorum
1893 3365 2070 3430 simul

418 3467 478 3522 et
501 3459 1115 3538 martyrum.Beddita
1141 3476 1278 3536 ergo
1301 3456 1438 3518 huic
1470 3458 1690 3534 templo
1723 3463 2068 3535 martyrum,

415 3568 550 3611 cum
581 3566 754 3610 mane
778 3567 906 3610 eam
952 3567 1197 3610 somnus
1219 3547 1572 3614 remisisset.
1597 3545 1759 3608 videt
1780 3544 1836 3607 ei
1864 3562 2071 3606 rursus

416 3645 678 3700 astantes
699 3636 917 3700 Christi
957 3637 1431 3710 confessores,et
1461 3635 1762 3696 dicentes:
1798 3632 2065 3696 Scisnam

418 3728 596 3792 modo
627 3725 728 3788 ubi
759 3726 841 3788 sis
872 3733 899 3788 ?
931 3727 1076 3789 Cum
1114 3727 1227 3786 huc
1261 3743 1402 3803 ergo
1437 3735 1495 3785 et
1527 3725 1670 3786 illuc
1703 3729 2069 3804 circumspe-

413 3817 688 3890 xisset,et
717 3815 894 3878 veluti
917 3816 987 3876 ad
1013 3835 1079 3878 se
1109 3814 1414 3893 rediisset,
1441 3819 1503 3876 et
1520 3814 1706 3876 aadem
1733 3818 2070 3892 agnovisset

414 3905 760 3978 oratoriam,
795 3904 1037 3984 impleta
1094 3904 1198 3967 fuit
1249 3903 1412 3966 omni
1455 3903 1694 3984 gaudio,
1732 3913 1794 3966 et
1855 3921 2068 3981 magna

412 3995 622 4057 affecta
643 3993 1170 4056 fuitadmiratione.
1199 3992 1532 4056 Laetabatur
1555 3992 2069 4072 videns,stupebat

412 4085 613 4146 animo
644 4082 1393 4164 cogitans,sihiditlidebat.
1419 4082 1726 4144 nesciebat
1745 4081 1886 4163 quid
1914 4100 2062 4160 age-

412 4182 530 4237 ret:
563 4183 864 4256 postremo
891 4172 1145 4254 procidit
1173 4172 1244 4234 ad
1275 4172 1458 4252 pedes
1492 4181 1858 4246 sanctorum,
1889 4180 1948 4233 et
1981 4171 2069 4233 eis

412 4263 532 4342 agit
561 4263 778 4343 gratias
829 4263 914 4326 Illi
949 4272 1145 4324 autem
1175 4269 1226 4325 ei
1253 4261 1550 4324 dixerunt:
1581 4261 1799 4324 Nostra
1823 4262 2070 4342 impleta

2150 3185 2414 3250 Φίλιππος
2477 3185 2583 3241 ἀπὸ
2637 3185 2925 3264 προσώπου
2980 3193 3072 3242 τοῦ
3127 3185 3383 3264 εὐνούχου
3429 3184 3650 3262 ἡρπάγη
3707 3183 3816 3238 ὑπὸ

2152 3283 2244 3331 τοῦ
2308 3276 2632 3350 Πνεύματος,
2686 3277 2779 3330 τὸν
2837 3275 2995 3330 αὑτὸν
3053 3273 3224 3344 δήπου
3281 3274 3368 3329 καὶ
3424 3276 3558 3349 αὐτῇ
3614 3291 3814 3350 τροπον

2153 3371 2246 3421 τοῦ
2307 3366 2588 3439 μνήματος
2653 3361 2972 3420 καθεύδουσα
3027 3363 3385 3442 μετατίθεται,
3426 3363 3514 3419 καὶ
3563 3366 3642 3435 τῷ
3701 3362 3820 3435 ναῷ

2154 3461 2261 3510 τῶν
2321 3452 2674 3531 ὁμολογητῶν
2750 3456 2884 3527 ὁμοῦ
2944 3455 3039 3510 καί
3113 3454 3389 3531 μαρτύρων
3448 3451 3819 3508 ἀποκαθίστα-

2154 3567 2262 3604 ται.
2323 3550 2409 3615 Τῷ
2479 3541 2665 3616 τοιῷδε
2723 3545 2810 3599 06v
2867 3543 3285 3600 ἀποκαταστᾶσα
3367 3543 3473 3598 τῶν
3533 3541 3819 3618 μαρτύρων

2155 3639 2279 3707 νεῷ,
2313 3634 2446 3689 κατὰ
2505 3635 2566 3688 τὸ
2624 3634 2925 3710 περίορθρον
2987 3633 3078 3688 τοῦ
3135 3631 3299 3688 ὕπνου
3366 3633 3528 3698 αυτὴν
3578 3627 3821 3686 ὑπανέν-

2155 3744 2266 3793 τος,
2313 3728 2655 3800 παρεστῶτας
2715 3722 2849 3797 αὒτῇ
2909 3723 3030 3786 τοὺς
3099 3729 3192 3777 τοῦ
3258 3728 3490 3800 Χριστοῦ
3545 3720 3823 3798 μάρτυρας

2147 3815 2235 3870 καὶ
2297 3812 2439 3877 αὖθις
2490 3813 2608 3889 ὁρᾷ,
2644 3812 2760 3884 καί,
2799 3813 2972 3870 Οἶσθα
3031 3819 3131 3868 ποῦ
3189 3811 3303 3889 ἄρτι
3363 3811 3476 3886 εἷς
3530 3809 3818 3889 λέγοντας.

2149 3901 2588 3982 Περὶὸλεψαμένη
2667 3906 2756 3958 06v
2843 3900 2970 3978 τῇδε
3057 3902 3278 3958 κάκεῖσε
3357 3902 3444 3957 καὶ
3503 3901 3682 3977 ὥσπερ
3754 3898 3820 3956 ἂν

2148 3993 2312 4057 ἑαυτῆ
2376 3991 2641 4070 γενομένη
2716 3993 2802 4048 καὶ
2861 3993 2952 4047 τὸν
3024 3991 3302 4069 εὖκτήριον
3373 3995 3478 4046 τῶν
3537 3989 3822 4068 μαρτύρων

2149 4081 2304 4140 οἶκον
2369 4081 2800 4158 ἀναγνωρίσασα,
2859 4079 3034 4147 πάσης
3089 4102 3144 4136 τε
3215 4078 3411 4148 ἡδονῆς
3459 4078 3820 4157 πεπλήρωτο,

2149 4175 2235 4228 καὶ
2295 4169 2480 4244 πολλῷ
2542 4177 2613 4226 τῶ
2668 4171 2897 4244 θαύματι
2927 4170 3358 4246 κατεπλήττετο,
3393 4168 3616 4250 ἔχαιρεν
3668 4170 3823 4242 ὁρῶ-

2151 4283 2240 4334 σα,
2303 4259 2539 4324 ἐξίστατο
2609 4258 2849 4333 ἒννοῧσα,
2914 4261 3075 4328 ἑαυτῆ
3148 4257 3440 4333 διηπίστει,
3501 4262 3596 4318 οὒκ
3651 4258 3826 4337 εἶχεν

414 4361 506 4426 est
535 4353 870 4434 tidejussio.
932 4351 1094 4415 Vade
1127 4352 1188 4414 in
1222 4370 1366 4432 pace
1397 4350 1470 4413 ad
1505 4359 1752 4414 matrem
1788 4358 1970 4412 tuam.
2002 4349 2063 4412 Et

2153 4349 2181 4406 ὅ
2214 4372 2263 4406 τι
2296 4351 2383 4406 καὶ
2436 4349 2665 4426 γένοιτο,
2721 4349 2912 4429 Τέλος,
2941 4363 3061 4415 τοῖς
3105 4351 3214 4407 τῶν
3265 4350 3432 4427 ἁγίων
3494 4349 3827 4428 προσπίπτει

415 4442 501 4504 illi
524 4441 768 4520 quidem
794 4460 862 4504 ex
885 4443 1075 4504 oculis
1098 4442 1296 4503 statim
1330 4448 1716 4503 evanuerunt.
1755 4439 1858 4503 llla
1873 4448 2068 4501 autem

416 4532 488 4594 ad
507 4550 713 4595 eorum
735 4550 968 4612 capsam
981 4531 1355 4599 accedens.et
1369 4529 2057 4611 ardenteramplectens,

416 4631 476 4684 et
497 4621 785 4703 lacrymas
807 4620 1100 4701 voluptate
1121 4630 1178 4682 et
1203 4621 1416 4684 timore
1435 4619 1614 4683 simul
1641 4626 1847 4680 mtstas
1878 4619 2063 4681 etl‘un-

417 4711 606 4773 dens:
644 4712 801 4773 Deus
834 4722 1058 4782 noster,
1095 4710 1352 4785 dicebat,
1390 4712 1449 4772 in
1473 4710 1625 4773 cmlo
1675 4709 1825 4772 etin
1879 4718 2058 4783 terra,

417 4799 618 4864 omnia
649 4819 1022 4882 quaecunque
1051 4801 1259 4881 voluit,
1294 4801 1428 4864 fecit
1460 4821 1474 4860 :
1510 4799 1710 4862 emisit
1739 4818 1773 4861 e
1804 4799 1976 4873 caelo,
2006 4810 2063 4860 et

417 4909 515 4953 me
543 4890 1182 4954 servavitBenedictus
1216 4889 1697 4973 es,Domine,qui
1727 4907 1928 4950 servas
1959 4908 2062 4951 eos

414 4979 517 5062 qui
536 4991 780 5062 sperant
803 4979 862 5042 in
887 4991 962 5044 te.
989 4979 1256 5061 Vespere
1279 4979 1556 5043 habitavit
1581 4997 1814 5042 mecum
1841 4980 2060 5054 luctus,

416 5080 476 5135 et
510 5089 684 5134 mane
713 5071 1025 5133 exsultatio
1054 5071 1137 5129 90.

2155 4441 2300 4513 ποσὶ,
2353 4440 2440 4495 καὶ
2497 4441 2590 4501 τὰς
2641 4439 3083 4518 εὐχαριστηρίους
3135 4441 3302 4520 εὐχὰς
3355 4437 3694 4500 ἀποδίδωσιν.
3753 4441 3830 4497 Οἱ

2147 4528 2201 4586 δὲ
2257 4529 2386 4606 πρὸς
2443 4529 2630 4602 αυτὴν,
2678 4531 2754 4586 Τὰ
2813 4529 2910 4596 τῆς
2967 4530 3236 4609 ἡμετέρας
3297 4527 3431 4602 ἰδοὺ,
3483 4526 3671 4609 φασίν,
3716 4524 3828 4604 ἰγ-

2145 4621 2276 4697 γύης
2336 4617 2705 4695 πεπλήρωται.
2785 4620 3013 4694 Πορεύου
3068 4621 3214 4697 παρὰ
3289 4621 3388 4686 τὴν
3445 4617 3653 4697 μητέρα
3716 4619 3828 4686 τὴν

2145 4710 2243 4776 σὴν
2315 4708 2368 4764 ἐν
2429 4709 2634 4785 εἰρήνῃ.
2701 4711 2796 4767 καὶ
2853 4710 2900 4764 οἱ
2968 4710 3068 4784 μὲν
3141 4708 3287 4772 εὖθὺς
3347 4714 3453 4765 τῶν
3527 4709 3825 4781 ὀφθαλμῶν

2145 4800 2351 4865 ἐκείνης
2422 4795 2728 4865 διέστησανο
2792 4799 2823 4866 ἡ
2910 4797 2965 4854 δὲ
3023 4806 3090 4873 τῇ
3170 4799 3372 4856 τούτων
3442 4796 3828 4875 προσελθοῦσα

2145 4895 2310 4967 σορῷ,
2370 4889 2577 4966 θερμῶς
2635 4909 2691 4944 τε
2772 4888 3205 4966 περιπτυξαμένη
3263 4890 3350 4946 οιαὶ
3419 4886 3617 4966 δάκρυα
3677 4885 3826 4954 ἡδο-

2147 4984 2242 5044 νῆς
2299 4981 2433 5052 ὁμοῦ
2483 4978 2578 5035 καί
2641 4978 2804 5056 φόϐου
2860 4977 3106 5057 συμμιγῆ
3164 4977 3509 5059 καταχέασα,
3561 4967 3618 5035 ’0
3681 4977 3826 5040 Θεὸς

2149 5070 2328 5146 ἡμῶν,
2385 5067 2587 5144 ἔλεγεν,
2648 5071 2706 5125 ιν
2760 5074 2838 5143 τῷ
2890 5072 3092 5144 οὗρανῷ
3137 5070 3222 5124 καὶ
3265 5068 3319 5124 ἐν
3375 5067 3444 5136 τῆ
3501 5072 3573 5145 γῇ
3629 5066 3818 5125 πάντα

413 5161 512 5218 ὅσα
560 5161 819 5230 ἠθέλησεν
876 5161 1146 5234 ἑποῖηαεν,
1207 5160 1594 5228 ὶξαπέστειλειν
1652 5160 1702 5226 ἒξ
1770 5163 1987 5237 οὖρανοῦ
2049 5160 2137 5216 καὶ
2195 5155 2366 5214 ’έσωτέ
2427 5178 2517 5233 με.
2598 5156 2902 5235 Εὖλογητός
2961 5157 3041 5232 εἷ,
3113 5158 3294 5236 Κύριε,
3353 5160 3382 5215 ὁ
3449 5157 3636 5228 σώζων
3691 5155 3829 5216 τοὺς

415 5251 719 5323 ὶλπέζοντας
749 5250 964 5312 Eni-1m.
1002 5255 1071 5309 Τὸ
1103 5251 1327 5322 ἑσπέρας
1359 5251 1586 5328 unum.
1619 5274 1708 5327 μοι
1743 5250 2036 5324 κλατθμὸς,
2072 5249 2167 5304 καὶ
2201 5249 2274 5311 εἷς
2319 5265 2380 5304 το
2415 5252 2560 5325 πρωϊ
2595 5245 2936 5323 ἀγαλλίασις.

499 5339 872 5404 XXIV.Cum
893 5359 1032 5420 ergo
1048 5339 1190 5401 satis
1205 5339 1380 5419 longo
1397 5349 1665 5420 tempore
1687 5357 2053 5420 praacescum

2225 5335 2359 5398 ΚΥ.
2393 5335 2517 5416 Ἐφ’
2569 5339 2753 5394 ἱκανὸν
2807 5337 2895 5394 06v
2925 5341 3022 5404 τῆς
3073 5336 3213 5405 ὥρας
3259 5338 3354 5403 τὰς
3385 5336 3550 5413 ευψὰς
3608 5332 3816 5414 δάκρυ-

417 5430 695 5512 lacrymis
743 5429 1169 5510 producentem
1204 5432 1458 5511 puellam
1490 5429 1716 5493 videret
1751 5427 2054 5502 sacerdos,

2153 5451 2223 5484 τιν
2281 5425 2672 5506 παρατείνασαν
2705 5474 2721 5501 ,
2753 5428 2780 5483 6
2835 5427 2891 5483 ὲν
2945 5433 3022 5500 τῷ
3088 5432 3200 5497 ναῷ
3257 5429 3429 5505 ἱερεὺς
3487 5426 3588 5492 τὴν
3641 5425 3817 5502 κόρῆν

415 5519 516 5605 qui
547 5527 676 5583 erat
694 5518 756 5582 in
783 5520 1026 5600 templo,
1050 5528 1110 5582 et
1139 5519 1369 5584 audiret
1395 5521 1718 5600 gratiarum
1734 5519 2055 5598 actionem,

2143 5521 2302 5598 δρῶν,
2374 5518 2462 5573 καὶ
2533 5519 2636 5572 τῶν
2721 5518 3192 5600 εὖχαρίστηριων,
3262 5517 3458 5575 ἆκούον
3533 5513 3804 5598 διοπορῶν

457 5771 466 5778 .
500 5705 554 5752 ¹⁸
582 5705 732 5772 Dan.
765 5724 887 5788 ειν,
917 5708 1019 5772 35.
1105 5705 1157 5752 ‘9
1185 5712 1313 5776 Act.
1351 5726 1470 5785 ml,
1497 5709 1593 5774 39.
1681 5708 1739 5761 ⁸ο
1773 5707 1926 5774 Psal.
1962 5721 2203 5790 cxxnv,
2236 5703 2298 5768 6.
