4158 6428
382 378 501 457 157
1338 390 1813 461 MARTYRIUM
1857 396 1919 461 s.
1967 392 2231 461 suam
2273 394 2372 461 ET
2413 394 2814 462 sacrorum.
3658 380 3777 462 ιει

378 524 476 597 ἦν.
508 523 646 586 Εἶτα
673 520 837 605 ἤρετο
890 523 1205 607 προσελθὼν
1259 527 1359 599 την
1412 530 1605 607 αἰτίαν,
1666 530 1738 589 δι’
1792 530 1859 601 ἥν
1901 534 2032 592 οὕτω

2121 531 2451 598 dubitabat.
2488 531 2718 596 Deinde
2745 529 3064 606 accedens,
3097 524 3344 612 rogabat
3371 530 3636 613 causam,
3660 546 3777 595 our

381 640 444 676 τε
501 619 922 698 προσευχομένη
984 619 1234 699 ὠδύρετο,
1298 624 1385 679 ναὶ
1452 633 1687 682 τοσαῦτα
1739 622 1923 705 ξκχὲοι
1981 637 2032 681 τὸ

2129 623 2218 685 sic
2247 643 2425 687 orans
2454 624 2904 696 lamentaretur,
2941 632 3001 686 et
3040 633 3157 687 tam
3191 623 3408 686 multas
3438 622 3774 687 eﬁ'underet

382 708 609 795 ξάκρυα,
669 711 756 766 καὶ
811 711 947 787 ὑπὲρ
1006 709 1132 768 ὅτου
1183 713 1278 775 τὰς
1336 711 1676 792 εὖχαριστίας
1733 713 2032 795 προσφέροι.

2130 713 2445 795 lacrymas,
2481 724 2545 777 et
2574 733 2686 795 pro
2717 733 2834 795 quo
2866 714 3078 777 oﬁ‘eret
3100 717 3423 794 gratiarum
3449 716 3770 777 actionem.

385 792 452 858 Ἠ
485 799 541 858 δὲ
571 803 717 876 αιτιτῷ
745 799 922 858 πάντα
978 799 1179 879 διεξῄει
1238 804 1305 860 τὰ
1362 804 1481 860 κατ’
1541 805 1729 879 αὐτὴν,
1778 792 1938 870 ὅπως
1987 828 2032 862 τι

2127 803 2234 865 Illa
2250 792 2447 866 autem
2474 806 2527 867 ei
2563 792 3245 879 narravttremomnem,
3266 803 3768 885 quemadmodum

2129 903 2187 957 et
2217 896 2433 958 Gottho
2463 913 2497 955 a
2528 904 2716 957 matre
2738 896 2948 975 juncta
3000 895 3213 956 fuisset
3261 894 3664 971 matrimonio,
3712 902 3774 954 et

378 896 465 964 τῷ
530 890 711 962 Γότθῳ
771 892 916 969 παρὰ
984 896 1087 959 τῆς
1160 894 1363 969 μητρὸς
1435 895 1741 974 συναφθείη,
1813 898 1902 953 καὶ
1971 897 2046 960 ὡς

378 981 562 1053 τοὺτῳ
590 979 1041 1055 συναποδημῆσαι
1094 996 1209 1048 τοῖς
1252 983 1430 1061 ὅρκοις
1489 985 1836 1055 πιστεύσασα,
1898 984 2044 1048 ὅπως

379 1091 442 1127 τε
475 1071 540 1128 τὸ
572 1070 765 1150 τεχθὲν
796 1075 931 1147 αὐτῇ
982 1074 1086 1129 ὑπὸ
1140 1079 1217 1146 τῷ
1274 1073 1452 1147 Γότθῳ
1506 1074 1770 1151 φαρμάκῳ
1826 1082 2042 1149 ζημιω-

379 1160 528 1232 θείη,
593 1161 680 1218 καὶ
737 1160 882 1226 ὅπως
939 1169 1018 1235 τῷ
1073 1164 1222 1241 τάφῳ
1276 1164 1706 1238 κατακλεισθείη,
1774 1167 1865 1221 καὶ
1917 1167 2040 1228 οἳας

377 1254 485 1318 τῆς
553 1251 726 1331 τύχης
794 1252 1129 1329 πιιρᾶσαιτο,
1198 1254 1284 1309 καὶ
1356 1253 1479 1315 οἵας
1548 1257 1648 1321 τῆς
1718 1253 2039 1333 ἀπαλλαγῆς

378 1342 531 1409 παρὰ
587 1347 695 1397 τῶν
746 1341 910 1419 ἁγίων
967 1342 1150 1421 τύχοι.
1211 1344 1421 1401 Τούτων
1480 1346 1508 1399 6
1565 1346 1731 1420 ἱερεὺς
1784 1345 2035 1416 ἀκούσας,

380 1429 632 1496 ἒξιστατο
702 1431 914 1504 ἑᾶυτοῦ,
989 1430 1303 1509 διηπορεῖτο
1360 1440 1437 1507 τῷ
1490 1434 1701 1512 μεγέθει
1760 1442 1853 1492 τοῦ
1907 1436 2038 1491 θαύ-

2126 984 2627 1066 quemadmodum
2652 1004 2787 1047 cum
2804 1003 2874 1045 eo
2889 984 3152 1054 abiisset,
3182 985 3358 1046 ﬁdem
3380 983 3611 1047 habens
3630 982 3773 1045 dato

2123 1073 2198 1135 ab
2230 1093 2301 1135 eo
2328 1074 2724 1155 jurejurando
2753 1094 2768 1135 :
2822 1083 2882 1135 et
2913 1075 3420 1154 quemadmodum
3453 1074 3633 1147 fetus,
3668 1072 3772 1153 qui

2124 1163 2338 1226 Gottho
2373 1183 2442 1226 ex
2476 1183 2545 1225 ea
2573 1177 2701 1226 erat
2724 1172 3155 1237 natus,veneno
3178 1163 3770 1246 periissetzetquem-

2121 1253 2439 1315 admodum
2478 1255 2684 1316 fuisset
2714 1254 2943 1317 inclusa
2978 1256 3038 1316 in
3071 1254 3371 1334 sepulcro,
3421 1262 3480 1316 et
3526 1252 3765 1335 qualem

2123 1353 2367 1425 experta
2396 1351 2559 1408 esset
2590 1345 2909 1418 fortunam,
2948 1354 3008 1406 et
3039 1347 3274 1425 qualem
3297 1364 3327 1406 a
3352 1346 3571 1406 sanctis
3600 1361 3769 1405 asse-

2122 1443 2258 1496 cuta
2280 1444 2437 1496 esset
2459 1435 2899 1498 liberationem.
2924 1435 3062 1497 Haec
3088 1453 3222 1497 cum
3257 1435 3549 1497 audiisset
3571 1450 3770 1495 sacer-

385 1542 586 1596 ματος,
620 1522 751 1597 πρὸς
782 1521 1032 1577 ἀπιστίαν
1092 1522 1186 1578 καί
1229 1523 1405 1580 πίστιν
1457 1522 1560 1590 τὴν
1614 1525 1801 1603 ψυχὴν
1856 1527 2032 1601 ἐμερί-

2124 1523 2254 1599 dos,
2290 1542 2324 1585 a
2354 1542 2421 1585 se
2446 1524 2620 1603 plane
2642 1524 3010 1598 discedebat,
3037 1523 3345 1587 dubitabat
3370 1532 3612 1605 propter
3632 1540 3766 1583 ma-

382 1617 526 1683 ζετο.
582 1610 742 1669 Ὀθεν
792 1614 876 1668 καὶ
926 1609 1254 1691 τελειότερον
1309 1614 1375 1670 τὰ
1431 1612 1551 1670 κατ’
1608 1614 1773 1682 αὐτὴν
1830 1637 2032 1671 πιστω-

2123 1614 2494 1693 gnitudinem
2527 1615 2677 1694 ejus,
2711 1616 2865 1695 quod
2928 1615 3311 1678 narrabatur:
3349 1611 3767 1676 incredulitate

380 1704 540 1765 θῆναι
569 1699 895 1777 βουλόμενος
952 1704 1032 1765 τίς
1088 1724 1146 1758 τε
1196 1704 1228 1770 ἡ
1291 1705 1473 1780 μήτηρ
1521 1708 1621 1771 τῆς
1678 1705 1841 1782 κόρης
1874 1704 2032 1761 ἐπυν-

2126 1713 2183 1765 et
2199 1704 2316 1765 ﬁde
2339 1705 2469 1784 ejus
2492 1704 2865 1768 dividebatur
2885 1706 3142 1769 animus.
3169 1704 3344 1769 Unde
3365 1706 3540 1767 etiam
3558 1703 3769 1765 volens

383 1791 598 1869 θάνετο,
660 1792 748 1847 καὶ
804 1795 1021 1859 ἧστινος
1091 1794 1313 1869 ὥρμητο
1376 1798 1478 1859 τῆς
1550 1794 1739 1858 οἰκίας,
1821 1799 1923 1862 Τῆς
1986 1792 2032 1850 δὲ

2124 1794 2202 1855 de
2233 1812 2303 1856 ea
2331 1794 2558 1856 certior
2590 1795 2746 1874 ﬁeri,
2779 1796 3025 1875 rogabat
3054 1815 3326 1877 quaenam
3360 1802 3519 1857 esset
3576 1800 3768 1854 mater

394 1885 551 1938 ταῦθα
604 1887 683 1954 τῷ
741 1883 877 1957 ἱερεῖ
926 1881 1356 1961 ἀποκριναμένης
1403 1883 1500 1949 τὴν
1548 1884 1644 1958 μὲν
1675 1885 1842 1961 κόρην
1874 1884 2032 1950 αὕτως

2123 1884 2359 1966 puellae,
2392 1894 2449 1946 et
2479 1903 2511 1945 e
2542 1904 2659 1963 qua
2710 1872 2887 1946 domo
2918 1872 3256 1947 esset-orta.
3292 1885 3436 1949 Cum
3471 1902 3541 1946 ea
3566 1890 3766 1944 autem

399 1971 455 2028 ἓν
507 1978 583 2045 τῷ
620 1973 733 2045 ναῷ
789 1972 1043 2052 κατέχει,
1110 1972 1523 2046 μεταστέλλεται
1581 1972 1635 2029 δὲ
1688 1974 1788 2040 τὴν
1833 1973 2032 2050 μητέρα

2121 1975 2541 2057 respondisset
2564 1974 2949 2049 sacerdotii:
2966 1976 3205 2057 quidem
3236 1976 3497 2057 puellam
3523 1981 3582 2034 tn
3608 1982 3766 2035 tem-

391 2062 521 2138 πρὸς
577 2062 787 2123 ἑαυτόν,
854 2054 917 2118 Ἠ
975 2060 1031 2118 δὲ
1087 2064 1178 2119 τὸν
1236 2063 1512 2139 εὖκτήριον
1570 2065 1724 2121 οἷκον
1795 2063 2032 2121 καταλα-

2124 2054 2498 2145 ριοθθιίηεῐ,
2538 2076 2784 2128 matrem
2819 2054 3012 2127 autem
3073 2067 3145 2128 ad
3204 2054 3268 2128 se
3328 2063 3600 2127 accersit.
3658 2062 3769 2124 Illa

385 2150 579 2222 ϐοὖσα,
656 2154 747 2208 καὶ
816 2155 916 2219 τὴν
987 2152 1267 2231 θυγατέρα,
1342 2160 1420 2223 τῷ
1488 2156 1623 2230 ἱερεῖ
1691 2161 2032 2233 παρεστῶσαν

2120 2172 2258 2216 vero
2290 2174 2424 2216 cum
2456 2154 2529 2217 ad
2560 2154 2746 2217 aedem
2800 2156 3063 2217 venisset
3096 2156 3435 2226 oratoriam,
3489 2163 3549 2217 et
3579 2152 3763 2215 filiam

384 2238 637 2321 ἒξαίφνης
696 2244 1023 2320 θεασαμένη,
1086 2245 1268 2321 πρῶτα
1327 2244 1425 2319 μὲν
1483 2242 1789 2321 περιϐάλλει
1839 2244 2032 2311 ταύτην

2122 2244 2416 2306 sacerdoti
2440 2246 2815 2307 assistentem
2853 2255 3100 2325 repente
3122 2247 3471 2327 aspexisset,
3502 2242 3759 2325 primum

374 2332 468 2389 καὶ
540 2335 748 2409 θερμῶς
818 2333 1264 2411 προσπτύσσεται,
1349 2341 1444 2390 τοῦ
1524 2334 1739 2413 φίλτρου
1828 2336 2032 2397 πάντως

2122 2335 2364 2416 quidem
2396 2354 2525 2397 eam
2559 2335 2841 2397 ardenter
2864 2336 3269 2416 amplectitur,
3294 2352 3497 2397 amore
3521 2332 3764 2394 omnino

376 2421 571 2483 ἁπλῶς
603 2423 883 2485 ποιοῦντος
916 2424 978 2479 τὸ
1010 2421 1144 2479 ἴδιον
1186 2443 1203 2459 ·
1255 2424 1379 2481 εἶτα
1430 2425 1525 2481 επὶ
1579 2426 1711 2482 πολὺ
1741 2428 1827 2481 καὶ
1856 2423 2032 2494 ἀλλή-

2119 2442 2226 2485 suo
2258 2424 2543 2502 fungente
2573 2425 2789 2487 ofﬁcio.
2826 2425 3058 2489 Deinde
3093 2426 3196 2488 diu
3232 2426 3390 2488 inter
3439 2442 3505 2486 se
3557 2421 3761 2494 silent,

377 2510 507 2575 λαις
536 2512 995 2592 ἐφησυχᾶζουσαι,
1056 2518 1154 2580 τῆς
1215 2516 1456 2593 οἰμωγῆς
1514 2518 1704 2581 αὖτατς
1758 2515 1859 2583 τὴν
1915 2538 2032 2595 φω-

2119 2514 2287 2577 luctu
2318 2533 2523 2577 vocem
2556 2516 2945 2595 reprimente,
2978 2524 3037 2578 et
3086 2516 3362 2598 lacrymis
3418 2528 3763 2577 sermonem

382 2602 486 2669 νῆν
517 2600 850 2682 ἔπεχώσης,
904 2604 991 2659 καὶ
1039 2606 1148 2659 τῶν
1203 2601 1438 2681 δακρύων
1497 2605 1593 2673 τὴν
1649 2603 1862 2680 ὁμιλίαν
1918 2604 2032 2661 δια-

2120 2604 2717 2685 interrumpentibus.
2770 2604 2914 2667 Nam
2953 2605 3157 2668 matris
3184 2606 3429 2688 quidem
3454 2600 3770 2681 frangebat

378 2691 717 2748 κοπτόντων
783 2698 882 2759 τῆς
939 2693 1036 2759 μὲν
1096 2694 1197 2773 γὰρ
1252 2694 1535 2770 ὕπέθρᾶττε
1602 2695 1700 2762 τὴν
1759 2695 1945 2776 ψυχὴν
2000 2697 2032 2762 ἠ

2120 2695 2387 2755 animum
2428 2694 2569 2763 ﬁlia.
2606 2712 2735 2775 quas
2763 2696 3123 2758 cernebatur
3151 2696 3212 2756 in
3241 2694 3441 2757 servili
3469 2691 3685 2755 vestitu
3710 2697 3772 2753 et

374 2795 515 2844 παῖς
576 2782 821 2855 ὁρωμένη
882 2785 937 2838 ἓν
996 2781 1266 2847 δουλικοῖς
1324 2784 1569 2857 ἐνδύμασι
1636 2786 1724 2842 καὶ
1778 2784 2032 2864 προσχή-

2122 2782 2350 2846 habitu.
2404 2784 2557 2847 Filia
2610 2797 2808 2848 autem
2860 2804 3068 2847 rursus
3116 2785 3314 2846 animo
3368 2782 3767 2860 sauciabatur,

376 2894 542 2952 μασι,
602 2874 638 2941 ἦ
694 2873 929 2951 θυγάτηρ
986 2871 1040 2929 δὲ
1097 2872 1260 2933 πάλιν
1313 2871 1611 2945 ἐπλήττετο
1662 2876 1763 2941 τὴν
1820 2873 2032 2951 καρδίαν

2120 2873 2277 2954 quod
2311 2874 2469 2937 bona
2500 2892 2631 2955 spe,
2664 2894 2697 2938 a
2730 2885 2921 2938 matre
2967 2876 3290 2955 disjuncta,
3350 2881 3467 2935 tam
3520 2870 3773 2951 turpiter

375 2960 464 3018 ὅτι
539 2961 628 3018 ἐπὶ
703 2975 980 3042 χρησταῖς
1051 2962 1223 3020 ἐλπίσι
1284 2969 1382 3031 τῆς
1440 2965 1643 3040 μητρὸς
1701 2962 2029 3043 διαζυγετσα,

2117 2964 2419 3033 rediisset,
2452 2972 2515 3025 ut
2543 2965 2633 3026 vel
2666 2965 2793 3026 solo
2822 2974 3066 3045 aspectu
3102 2971 3447 3046 provocarat
3471 2963 3541 3023 ad
3580 2961 3767 3023 mise-

377 3052 561 3117 οὕτως
617 3051 885 3120 ἐπανῆκεν
943 3054 1175 3130 ἀτίμως,
1233 3056 1306 3121 ὡς
1369 3053 1710 3113 ἐκκαλεῖσθαι
1771 3055 1859 3112 καὶ
1927 3056 2032 3111 ἀπὸ

2114 3052 2460 3115 ricordiam.
2486 3051 2631 3115 Cum
2661 3070 2802 3131 ergo
2832 3054 2925 3116 vix
2960 3054 3198 3116 tandem
3233 3060 3423 3114 mater
3472 3070 3541 3112 se
3570 3049 3761 3111 colle-

371 3142 553 3214 μόνης
584 3147 688 3208 τῆς
716 3141 839 3205 θέας
871 3144 958 3199 τὸν
992 3142 1161 3203 ἔλεον.
1225 3142 1394 3207 Μόλις
1453 3154 1577 3222 γοῦν
1629 3146 1665 3212 ἡ
1712 3145 1893 3223 μήτηρ
1935 3148 2031 3213 τῆς

2117 3142 2296 3221 gisset
2329 3141 2403 3202 ab
2430 3142 2643 3204 acerba
2688 3143 2786 3203 illa
2836 3143 3211 3221 confusione,
3269 3139 3498 3221 rogavit
3547 3139 3756 3213 ﬁliam,

368 3228 573 3310 πὶκρᾶς
633 3232 843 3298 ἐκείνης
911 3233 1270 3311 ἀνενεγκοῦσι
1353 3234 1666 3313 συγχύσεως
1749 3233 2035 3291 ἀνεπυνθὰ-

379 3343 497 3380 νετο
522 3325 627 3388 τῆς
660 3320 852 3386 παιδὸς
903 3324 1017 3379 τίνα
1072 3345 1129 3379 τε
1184 3324 1319 3400 αὗτῇ
1375 3324 1442 3381 τὰ
1498 3320 1896 3397 συμϐεϐηκότα,
1938 3324 2033 3380 καῖ

376 3411 527 3475 ὅπως
557 3410 818 3486 ἐπανῆκε,
856 3413 941 3469 καὶ
979 3416 1025 3469 τί
1053 3414 1115 3469 τὸ
1150 3411 1407 3477 δοολικῶς
1464 3413 1632 3479 αὐτὴν
1684 3411 1821 3471 οὕτω
1876 3434 2033 3491 περι-

377 3499 672 3569 ϐεϐλῆσθαι
731 3506 990 3569 ποιῆσαν.
1052 3494 1115 3559 Ἠ
1168 3501 1220 3559 δὲ
1279 3504 1452 3559 πάντα
1504 3504 1570 3559 τὰ
1609 3502 1730 3560 κατ’
1763 3503 1928 3569 αὕτην
1959 3506 2033 3566 ὡς

385 3591 516 3671 εἶχε
572 3597 642 3667 τῇ
688 3594 850 3669 μητρὶ
900 3590 1116 3667 διεξῄει,
1170 3591 1299 3662 ἡδέα
1362 3593 1496 3667 μετὰ
1556 3593 1656 3659 τὴν
1712 3591 2030 3670 ἀπαλλαγὴν

391 3680 523 3736 ὄντα
575 3680 658 3736 καὶ
707 3680 988 3762 λέγεσθαι,
1045 3685 1144 3739 καὶ
1198 3682 1501 3742 ἀκούεσθαι.
1560 3681 1708 3740 Ἐπεὶ
1760 3684 1850 3738 οὖν
1878 3684 1967 3738 καὶ
1994 3683 2030 3749 ἡ

390 3768 596 3848 μάτηρ,
628 3768 689 3826 τέ
712 3778 807 3829 τοῦ
855 3778 989 3829 Θεοῦ
1032 3793 1091 3828 τε
1148 3774 1239 3829 καί
1297 3779 1404 3829 τῶν
1462 3770 1815 3850 ὁμολογητῶν
1873 3772 2032 3829 αὐτοῦ

384 3861 474 3917 καὶ
528 3860 803 3937 μάρτύρων
861 3863 936 3925 είς
996 3862 1097 3929 τὴν
1151 3860 1407 3941 θυγατέρα
1468 3863 1725 3940 γεγονότα
1782 3862 2031 3939 τεράστια

374 3950 601 4007 ἐπύθετο
658 3949 786 4029 παρ’
844 3955 1034 4025 αὐτῆς,
1096 3951 1271 4007 πᾶσαν
1330 3952 1535 4017 ἐκείνην
1591 3953 1690 4019 τὴν
1748 3950 1952 4028 ἡμέραν
2003 3953 2031 4007 6

373 4040 665 4115 εὒκτήριος
690 4046 799 4097 τῶν
827 4039 1107 4119 μαρτύρων
1164 4042 1322 4105 οἶκος
1378 4040 1680 4122 ἀμφοτέρας
1739 4040 1867 4119 εἶχε
1928 4061 2029 4114 με·

369 4128 703 4207 ταλυνούσας
759 4131 851 4186 τὸν
909 4132 1097 4210 Κόριον
1132 4146 1146 4161 ⁸
1207 4129 1435 4210 ἑσπέρας
1498 4128 1553 4185 δέ
1610 4130 1727 4210 ἄρτι
1787 4127 2029 4186 καταλαο

369 4215 578 4283 6οὑτης
636 4217 799 4283 ἐξίασι
855 4226 950 4277 τοῦ
1008 4221 1135 4303 νεὼ,
1189 4222 1277 4279 καὶ
1333 4224 1409 4294 τῷ
1462 4220 1602 4285 οἴκῳ
1659 4221 1758 4296 μὲν
1831 4218 2030 4278 ἑαυτῶν

372 4305 720 4365 ἀποδίδονται
754 4325 770 4339 ⁸
829 4315 899 4386 τῇ
959 4310 1183 4388 Emodon
1240 4309 1297 4365 δὲ
1347 4315 1601 4390 πανταχῆ
1634 4330 1691 4367 τε
1720 4312 1782 4366 τὸ
1810 4311 2032 4388 γεγονὸς

372 4394 659 4477 διεδίδοτο,
692 4399 780 4456 καὶ
809 4400 871 4455 τὸ
903 4398 1104 4468 πλῆθος
1140 4400 1224 4458 ἰπὶ
1254 4400 1354 4467 τὴν
1407 4400 1571 4479 κόρην
1621 4406 1717 4457 καί
1764 4405 1871 4456 τῶν
1932 4398 2034 4455 ἄλ-

2118 3250 2389 3312 ᾳυωηεῐη
2410 3231 2464 3293 ei
2480 3230 3443 3313 accidissent,etquemadmodum
3463 3230 3763 3303 reditsset,

2117 3329 2178 3383 et
2205 3320 2492 3402 quidnam
2525 3320 2734 3383 fecerit
2765 3340 2895 3383 eam
2925 3320 3096 3384 indui
3147 3329 3264 3382 tam
3303 3319 3623 3383 serviliter.
3658 3318 3766 3382 llla

2117 3419 2312 3473 autem
2346 3414 2603 3474 narravit
2631 3410 2833 3473 omnia
2864 3414 3055 3484 matri,
3090 3420 3156 3474 ut
3182 3430 3248 3473 se
3278 3407 3597 3483 habebant,
3629 3427 3766 3486 quas

2121 3510 2251 3580 post
2281 3500 2701 3565 liberationem
2717 3510 2887 3563 erant
2902 3502 3169 3583 jucunda
3190 3508 3250 3563 et
3274 3500 3435 3562 dictu
3463 3496 3763 3561 etauditu.

2118 3589 2262 3652 Cum
2296 3609 2436 3671 ergo
2462 3600 2671 3666 mater,
2706 3610 2839 3672 quas
2868 3610 2902 3654 a
2933 3594 3053 3653 Deo
3077 3598 3136 3653 et
3157 3590 3291 3670 ejus
3319 3586 3762 3651 confessoribus

2118 3688 2175 3742 et
2207 3679 2567 3761 martyribus
2598 3680 2749 3743 facta
2773 3681 3015 3743 fuerunt
3044 3680 3103 3743 in
3137 3680 3319 3742 ﬁliam
3352 3676 3663 3747 miracula,
3686 3675 3763 3739 ab

2117 3788 2186 3831 ea
2215 3770 2558 3843 audivisset,
2624 3779 2813 3832 totum
2863 3770 3030 3833 illum
3095 3769 3255 3831 diem
3314 3766 3572 3829 oratoria
3603 3765 3765 3829 ales

2116 3868 2440 3940 martyrum
2467 3858 2673 3922 ambas
2700 3860 2904 3923 habuit
2930 3859 3249 3924 Dominum
3276 3855 3762 3920 laudantes.Cnm

2115 3950 2376 4012 venisset
2407 3958 2605 4010 autem
2637 3969 2914 4030 vespera,
2970 3949 3365 4029 egrediuntur
3392 3964 3427 4009 ο
3456 3945 3678 4027 templo
3707 3952 3767 4007 et

2116 4038 2358 4100 domum
2395 4048 2798 4100 revertuntur.
2834 4038 2942 4100 Die
2972 4056 3113 4100 vero
3160 4035 3456 4120 sequenti,
3512 4034 3761 4115 etquod

2115 4128 2330 4192 factum
2354 4127 2632 4207 fuerat,in
2648 4146 2886 4189 omnem
2906 4136 3129 4208 partem
3143 4126 3721 4189 fuitdisseminatum
3744 4143 3758 4186 :

2117 4226 2175 4281 et
2198 4217 2512 4279 multitudo
2536 4216 2874 4280 conﬂuebat
2895 4216 2968 4279 ad
2984 4216 3243 4298 puellam
3259 4233 3464 4278 eorum
3487 4212 3591 4292 qui
3606 4212 3760 4276 alio-

2117 4308 2217 4391 qui
2248 4308 2317 4369 ad
2342 4325 2472 4369 eam
2502 4308 2852 4381 attinebant,
2882 4310 3194 4383 Deumque
3215 4305 3393 4367 simul
3414 4322 3551 4368 cum
3583 4321 3678 4381 ea,
3703 4309 3761 4362 et

2119 4416 2246 4472 eos,
2266 4397 2366 4479 qui
2386 4405 2628 4478 propter
2647 4396 2840 4478 ipsum
2870 4396 3023 4477 passi
3049 4394 3304 4469 fuerant,
3334 4393 3756 4475 gloriﬁcantes.

371 4485 486 4551 λως
572 4489 951 4566 προσηκόντων
1038 4488 1325 4569 συνέρρεον,
1399 4491 1492 4545 τὸν
1565 4492 1694 4547 Θεόν
1773 4510 1829 4546 τε
1900 4489 2013 4565 ἅμα
2104 4494 2239 4565 αὒτῇ
2314 4489 2402 4544 καὶ
2471 4492 2589 4553 τοῦς
2672 4485 2737 4544 δι’
2814 4488 2969 4545 αὐτόν
3050 4487 3313 4551 παθόντας
3384 4483 3565 4563 ὰγίοος
3634 4480 3755 4538 ἰδό-

373 4576 559 4648 ξαζον.

463 4663 595 4725 κε’.
660 4667 844 4747 Χρόνῳ
899 4664 956 4723 δὲ
1018 4668 1259 4747 ὕστερον,
1333 4670 1462 4732 Θεὸς
1533 4672 1561 4726 6
1633 4676 1738 4726 τῶν
1808 4668 2028 4739 ἐκδικήσ-

2193 4666 2367 4729 XXV.
2403 4666 2740 4748 Aliquando
2761 4674 2957 4729 autem
2991 4674 3124 4747 post
3155 4673 3424 4747 tempore
3448 4666 3609 4728 Deus
3637 4663 3756 4725 Do-

376 4777 522 4813 σίων
610 4756 830 4835 Κύριος,
914 4755 1366 4836 ἒπαῤῥιὶσιάσατο,
1456 4759 1641 4835 ὑψώθη
1726 4762 1754 4816 6
1838 4758 2028 4836 κρίνων

373 4846 479 4911 τὴν
566 4850 693 4923 γῆν,
772 4844 1045 4905 ἀπέδωκεν
1114 4848 1482 4907 ἀνταπόδωσιν
1553 4862 1668 4913 τοῖς
1751 4850 2027 4928 ὑπερηφά-

374 4955 515 4998 νοις.
580 4934 804 5012 Πέρσαις
861 4937 963 5014 γὰρ
1022 4938 1228 4996 Οὔννων
1285 4938 1682 5017 προσθεμένων,
1756 4938 1845 4994 καὶ
1905 4939 2024 5002 τοὺς

376 5025 502 5101 περὶ
586 5026 688 5091 τὴν
766 5023 1037 5083 ’Ἔδεσσαν
1118 5028 1312 5094 τόπους
1397 5028 1474 5084 ἔτι
1557 5029 2023 5109 κατατρεχόντων,

373 5111 655 5171 στέλλεται
741 5114 841 5189 μὲν
925 5118 1020 5173 καὶ
1098 5117 1241 5180 αὖθις
1312 5114 1641 5179 Ἐδεσσινοτς
1727 5121 1801 5182 εἰς
1885 5141 2026 5193 συμ-

374 5203 593 5283 μαχίαν
659 5206 804 5282 παρὰ
878 5202 1152 5278 Ῥωμαίων
1222 5209 1467 5286 στρατὸς,
1547 5207 1632 5289 ιφ’
1698 5212 1745 5282 ᾧ
1812 5215 1920 5265 τῶν
1974 5207 2030 5265 δὲ

372 5297 460 5357 ﬁ;
519 5293 587 5361 ἧν
642 5295 731 5351 καὶ
792 5296 822 5351 6
878 5295 1048 5360 πολὺς
1102 5298 1204 5364 τὴν
1261 5298 1561 5377 μοχθηρίαν
1595 5300 1810 5368 Γότθος,
1848 5300 1935 5356 καὶ
1963 5305 2032 5375 τῇ

372 5387 477 5449 τῆς
538 5385 789 5459 γυναικὸς
861 5386 1000 5459 οἰκίᾳ
1068 5387 1230 5443 πάλιν
1299 5386 1578 5461 ἐπιδημεῖ*
1649 5387 1909 5462 ἐπιδημεῖ
1973 5387 2029 5445 δὲ

373 5476 711 5536 πεποιθότως
794 5474 891 5531 ὅτε
976 5475 1214 5557 γαμϐρὸς
1311 5478 1457 5551 ἑστίᾳ
1557 5482 1839 5555 πενθερικῇ
1941 5478 2029 5536 καὶ

374 5561 549 5639 μηδὲν
572 5565 649 5619 ὧν
678 5563 735 5620 ἐν
795 5572 874 5638 τῷ
931 5566 1124 5647 ἀφανεῖ
1188 5566 1534 5627 ἐπεϐούλευσε
1594 5571 1817 5649 φανερὸν
1873 5570 2027 5648 γενέ-

372 5656 494 5711 σθαι
546 5654 816 5717 ὑπονοῶν.
874 5661 1083 5715 Γνοῦσα
1137 5657 1313 5714 τοίνυν
1370 5659 1403 5727 ἡ
1460 5664 1559 5727 τῆς
1604 5657 1794 5723 παιδὸς
1845 5660 2028 5738 μήτηρ

368 5743 471 5813 τὴν
528 5744 619 5803 τοό
671 5741 867 5825 ἀνδρὸς
923 5749 1248 5830 παρουσίαν,
1302 5746 1401 5817 τὴν
1472 5750 1571 5826 μὲν
1640 5748 1897 5831 θυγατέρα
1958 5756 2028 5829 τῇ

2114 4756 2311 4818 minus
2341 4757 2635 4819 ultionum
2670 4756 2858 4820 libere
2886 4758 3026 4836 egit,
3060 4756 3121 4818 in
3175 4755 3360 4818 altum
3411 4754 3602 4817 elatus
3658 4759 3756 4814 est

2114 4847 2211 4926 qui
2223 4846 2453 4927 judieat
2473 4847 2991 4927 terram,reddidit
3008 4846 3285 4929 superbis
3310 4841 3755 4908 remuneratio-

2114 4954 2274 4997 nem.
2299 4938 2447 4998 Nam
2475 4956 2609 4999 cum
2634 4937 2831 4998 Hunni
2856 4936 3055 5000 Persis
3077 4954 3141 4998 se
3166 4934 3675 5015 adjunxisaent,et
3692 4932 3752 4993 in

2113 5026 2262 5100 loca,
2290 5045 2421 5106 quae
2444 5035 2614 5090 erant
2636 5026 2798 5089 circa
2821 5027 3136 5107 Edessam,
3162 5027 3357 5088 adhuc
3382 5024 3649 5087 facerent
3666 5022 3758 5084 in-

2111 5120 2657 5199 cursiones,rursus
2673 5119 2916 5198 quidem
2946 5118 3020 5181 ad
3052 5117 3456 5181 Edessenosin
3471 5114 3754 5179 auxilium

2112 5228 2148 5270 a
2180 5210 2461 5273 Romanis
2493 5208 2747 5271 mittitur
2771 5208 3094 5274 exercitus.
3128 5208 3294 5272 Unus
3346 5217 3549 5269 autem
3580 5224 3651 5268 ex
3682 5204 3759 5266 iis

2117 5306 2242 5359 erat
2262 5299 2437 5361 etiam
2461 5299 2968 5361 sceleratissimus
2995 5298 3273 5373 Gotthus;
3291 5306 3350 5359 et
3377 5295 3758 5359 venitrursas

2112 5389 2174 5449 in
2205 5388 2449 5449 domum
2473 5388 2745 5450 mulieris
2795 5387 2969 5449 Venit
2991 5397 3189 5450 autem
3209 5387 3756 5467 conﬁdenter,tan-

2112 5496 2287 5559 quam
2318 5496 2506 5557 gener
2534 5477 2594 5538 in
2628 5479 2871 5540 domum
2904 5494 3135 5551 socrus,
3166 5477 3315 5540 nihil
3358 5494 3593 5556 eorum,
3625 5490 3761 5557 quo

2113 5567 2345 5630 occulte
2356 5575 2748 5649 perpetrarat,
2759 5567 3134 5628 manifestum
3153 5570 3761 5645 evasissesuspieans.

2112 5656 2258 5721 Cum
2293 5675 2433 5736 ergo
2455 5656 2833 5737 cognovisset
2855 5663 3042 5735 mater
3064 5658 3203 5737 ejus,
3217 5658 3536 5721 adventum
3550 5652 3755 5727 ,ﬁliam

2111 5746 2354 5832 quidem
2388 5747 2637 5811 includit
2673 5750 2732 5811 in
2764 5746 2941 5810 domo
2970 5743 3280 5825 interiore,
3322 5746 3587 5826 cogitans
3617 5756 3748 5803 rem
