4158 6434
1745 332 2027 403 MENSIS
2054 330 2501 405 NOVEMBER.
3702 332 3808 403 164

436 337 551 412 163

1424 674 1723 773 VlTA
1805 678 1959 772 ET
2042 678 2800 777 MARTYRIUM

1680 844 1993 911 SANCTAQ
2036 846 2133 910 ET
2177 847 2577 914 GLORIOSE

1026 1035 1583 1146 CHRISTI
1704 1036 2420 1147 MARTYRIS
2538 1036 3203 1166 C/ECILle,
3312 1094 3319 1101 τ

1724 1268 1797 1313 ET
1841 1268 1939 1320 om
1982 1268 2096 1315 CUI
2138 1269 2261 1315 lPSA
2306 1270 2513 1336 stum,

1237 1383 1683 1450 SANCTORUM
1718 1383 2151 1461 V’ALEBIANI,
2188 1384 2521 1449 TlBUliTll
2566 1384 2663 1449 ET
2704 1386 2992 1450 ΜΑΧΙΜΙ.

892 1550 1094 1620 (Latine
1132 1547 1260 1620 apud
1297 1547 1502 1605 Surinm
1550 1546 1610 1603 ad
1650 1547 1780 1602 diem
1819 1546 1888 1603 22
1926 1545 2264 1619 Novembris;
2325 1548 2493 1605 Graece
2535 1563 2638 1606 non
2676 1557 2843 1606 exstat
2886 1550 2935 1605 in
2975 1564 3104 1609 m:s.
3145 1548 3333 1618 Paris.)

506 1838 551 1898 l.
608 1835 945 1899 Servatoris
978 1835 1161 1895 nostri
1213 1842 1271 1896 et
1298 1832 1405 1896 Dei
1436 1851 1469 1894 e
1517 1834 1681 1895 caelis
1737 1833 2064 1896 descensus
2086 1847 2122 1893 Α
2150 1854 2299 1897 nans
2329 1845 2525 1900 autem
2560 1848 2618 1899 et
2665 1856 2864 1911 orans,
2898 1840 3156 1916 seipsam
3189 1833 3648 1900 commendabat
3676 1834 3805 1897 Do-

427 1925 765 1987 conciliavit
813 1941 1023 2003 magna
1074 1922 1230 1984 bona
1271 1922 1484 2002 generi
1531 1921 1863 1985 hominum.
1921 1922 2066 1985 Nam
2153 1928 2314 1987 mino
2344 1927 2681 2007 prmcibns:
2714 1929 2957 2004 angelos
2980 1928 3212 1990 Domint
3246 1927 3580 2001 invocabat,
3614 1926 3811 2003 lacry-

423 2033 558 2077 cnm
587 2021 746 2076 esset
768 2015 927 2076 Deus
956 2031 1026 2074 ex
1051 2011 1195 2086 Deo,
1216 2020 1275 2074 et
1306 2022 1464 2075 esset
1488 2011 1548 2073 in
1578 2012 1767 2076 forma
1800 2014 1931 2092 Dei,
1967 2013 2067 2094 qui
2154 2017 2265 2079 mis
2292 2018 2650 2097 precabatur
2696 2018 3017 2097 apostolos,
3055 2028 3111 2079 et
3140 2018 3345 2079 orabat
3373 2034 3582 2078 omnes
3629 2030 3809 2077 sanc-

422 2105 614 2185 ipsum
664 2102 873 2181 genuit
900 2100 1332 2182 impatibiliter,
1380 2121 1551 2163 «non
1584 2103 1854 2182 rapinam
1901 2104 2065 2164 arbi-
2151 2117 2239 2169 tas
2288 2106 2505 2169 Christi
2562 2108 2831 2180 ancillas,
2894 2114 2957 2167 ut
3015 2124 3146 2167 eam
3199 2106 3622 2169 conﬁrmarent
3677 2107 3807 2169 suis

423 2202 608 2257 tratus
636 2202 726 2255 est
746 2210 813 2254 se
839 2209 971 2253 esse
998 2191 1115 2251 Deo
1146 2190 1431 2271 aequalem
1458 2210 1469 2253 :
1506 2192 1610 2253 sed
1643 2194 1905 2273 seipsum
1937 2193 2066 2255 exi-
2151 2197 2712 2277 supplicationibus,
2769 2196 3095 2259 castitatem
3147 2215 3312 2259 suam
3366 2197 3807 2259 commendans

421 2282 676 2362 nanivit,
713 2280 871 2344 servi
899 2282 1149 2343 formam
1208 2280 1533 2362 accipiens,
1565 2282 1625 2342 in
1682 2281 2068 2345 similitudine

422 2373 727 2436 hominum
749 2372 958 2447 factus,
985 2380 1044 2433 et
1075 2368 1277 2432 habitu
1300 2371 1578 2432 inventus
1607 2379 1671 2431 ut
1694 2372 1870 2432 homo
1900 2390 1916 2445 ;
1952 2372 2066 2433 hu-

424 2460 674 2524 miliavit
707 2460 997 2541 seipsum,
1028 2460 1217 2521 factus
1245 2457 1536 2522 obediens
1575 2478 1767 2541 usque
1795 2460 1868 2521 ad
1902 2479 2065 2522 mor-

421 2560 565 2627 tem,
594 2560 848 2613 mortem
879 2558 1079 2612 autem
1113 2549 1311 2611 crucis
1342 2551 1389 2624 ί,
1420 2557 1483 2611 ut
1507 2568 1644 2611 eum
1675 2550 1926 2631 deleret,
1962 2551 2063 2632 qui

421 2640 625 2703 mortis
656 2637 913 2702 habebat
942 2638 1287 2718 imperium,
1322 2638 1434 2699 hoc
1465 2646 1578 2717 est,
1604 2638 1989 2721 diabolum’;
2038 2670 2060 2695 ι

417 2738 475 2791 et
498 2746 733 2793 omnem
761 2727 1169 2790 mauudncens
1198 2727 1651 2803 humanitatem,
1679 2729 1961 2791 eveheret
1988 2729 2061 2791 ad

417 2820 600 2881 caelos
632 2835 743 2899 per
767 2816 1104 2899 pretiosam
1137 2825 1197 2879 et
1220 2815 1481 2878 divinam
1514 2835 1681 2879 suam
1704 2818 2058 2884 doctrinam.

416 2908 605 2972 Primi
660 2909 862 2985 itaque
919 2907 1186 2969 omnium
1241 2925 1379 2969 eum
1436 2907 1626 2969 secuti
1683 2917 1821 2969 sunt
1874 2910 2065 2971 sancti

406 2997 663 3080 apostoli
700 3017 717 3074 ;
746 3006 877 3079 post
911 2996 1557 3079 apostolos,martyres;
1592 3007 1721 3078 post
1752 3009 2057 3079 martyres,

409 3088 809 3157 confessores;
839 3097 970 3169 post
999 3088 1770 3163 confessores,sacerdotes;
1804 3100 1935 3170 post
1963 3108 2063 3151 sa-

408 3178 706 3243 cerdotes.
738 3178 998 3257 virgines
1026 3199 1043 3253 ;
1077 3188 1207 3258 post
1239 3177 1517 3255 virgines,
1553 3178 1788 3254 viduae;
1823 3188 1953 3260 post
1983 3180 2065 3241 vi-

407 3267 581 3347 duas,
616 3267 1060 3330 misericordes.
1094 3266 1166 3327 Et
1196 3276 1259 3327 ut
1309 3269 1494 3329 semel
1527 3268 1749 3342 dicam,
1782 3268 2062 3329 omnibus

405 3356 831 3420 accedentibus
860 3365 1064 3438 aperta
1083 3356 1188 3417 fuit
1209 3355 1425 3419 Christi
1452 3356 1768 3419 medicinae
1796 3358 2057 3420 ofﬁcina.

406 3446 730 3527 Propterea
755 3446 1023 3528 quotidie
1054 3448 1268 3508 clamat
1298 3464 1406 3526 per
1436 3456 1673 3508 sanctos
1708 3466 1846 3507 suos
1878 3466 2059 3510 evan-

406 3536 649 3615 gelistas
676 3558 689 3595 :
731 3560 753 3592 α
786 3536 1000 3598 Venite
1028 3535 1099 3597 ad
1159 3554 1274 3610 me,
1312 3554 1524 3597 omnes
1552 3537 1653 3616 qui
1686 3536 1967 3599 laboratis
1998 3546 2057 3599 et

406 3628 635 3687 onerati
668 3624 831 3705 estis,
869 3631 929 3686 et
960 3644 1067 3704 ego
1100 3625 1363 3687 reﬁciam
1394 3644 1499 3686 vos
1527 3627 1580 3685 5.
1619 3652 1645 3682 »

488 3713 563 3778 Il.
625 3714 819 3795 Hujus
850 3715 1252 3776 venerandam
1300 3731 1356 3776 et
1384 3717 1796 3778 suavissimam
1851 3736 2051 3780 vocem

407 3820 541 3867 cum
598 3804 1089 3867 audiissetetiam
1141 3806 1373 3866 Cmcilia
1406 3806 1736 3869 clarissima
1785 3808 1945 3887 virgo
1998 3818 2057 3871 et

404 3894 749 3975 gloriosa,et
778 3894 841 3956 in
872 3913 1009 3957 eum
1035 3894 1411 3971 credidisset,
1444 3896 1801 3958 absconsum
1835 3898 2055 3960 Christi

403 3984 789 4064 Evangelium
825 4002 1064 4065 semper
1122 3984 1578 4049 circumferebat
1608 3988 1665 4047 in
1696 3996 1959 4067 pectore,
1994 3996 2053 4050 et

2282 2306 2422 2346 uno.

2282 2306 2319 2346 ll
2413 2334 2422 2344 .

2150 2284 2683 2458 D0lll.nl)’ostquam
2710 2385 2906 2438 autem
2932 2376 3061 2438 haec
3086 2376 3239 2437 facta
3263 2385 3425 2449 sunt,
3453 2394 3565 2438 nox
3599 2377 3803 2444 venit:

2153 2466 2211 2525 in
2243 2483 2357 2547 qua
2387 2484 2522 2527 cum
2556 2485 2660 2527 suo
2689 2485 2910 2546 sponso
2944 2466 3003 2527 in
3027 2476 3301 2546 separato
3335 2465 3613 2528 cubiculo
3639 2473 3810 2548 qute—

2154 2566 2269 2618 tem
2303 2563 2475 2617 nacta
2497 2565 2555 2617 et
2580 2556 2911 2629 silentium,
2936 2556 3023 2617 sic
3054 2573 3190 2616 eum
3213 2565 3301 2617 est
3322 2556 3579 2617 allocuta
3607 2577 3622 2617 :
3657 2556 3809 2619 Dul-

2148 2644 2389 2707 cissime
2436 2645 2807 2725 adolescens,
2840 2654 2932 2706 est
2980 2644 3121 2705 mihi
3151 2664 3457 2724 arcanum,
3488 2645 3646 2727 quod
3692 2645 3809 2708 tibi

2148 2735 2433 2815 aperiam,
2471 2736 2520 2796 si
2570 2745 2629 2796 tu
2675 2735 3070 2815 jurejurando
3128 2735 3272 2796 mibi
3304 2734 3717 2817 afﬁrmaveris,
3748 2746 3811 2799 te

2146 2824 2346 2886 omnia
2394 2825 2749 2887 celaturum.
2784 2823 2851 2885 Ei
2895 2836 3094 2885 autem
3119 2824 3341 2904 juravit
3371 2825 3501 2905 ejus
3545 2842 3811 2906 sponsus

2150 2911 2521 2989 Valerianus,
2552 2933 2618 2976 se
2645 2914 2725 2985 id,
2764 2914 2920 2994 quod
2971 2912 3305 2989 dicebatur,
3344 2914 3523 2976 nullis
3553 2915 3803 2977 omnino

2148 2994 2381 3055 insidiis
2440 2996 2839 3076 proditurum,
2877 3012 3072 3075 neque
3128 2994 3183 3055 id
3243 3013 3376 3056 esse
3426 3004 3800 3074 aperturum,

2149 3102 2500 3166 quacunque
2516 3093 2830 3163 cogeretur
2854 3082 3407 3145 necessitate.Tunc
3426 3085 3525 3145 illa
3542 3102 3801 3165 respono

2149 3172 2256 3247 dit,
2285 3174 2526 3236 dicens:
2557 3172 2705 3236 Volo
2735 3182 2793 3234 te
2820 3174 3000 3247 scire,
3032 3191 3127 3233 me
3144 3172 3418 3251 angelum
3448 3174 3550 3235 Dei
3576 3173 3802 3234 habere

2145 3265 2428 3343 amicum,
2464 3263 2565 3344 qui
2598 3281 2834 3323 summo
2861 3264 2990 3324 selo
3027 3281 3248 3343 corpus
3278 3280 3476 3323 meum
3510 3262 3792 3325 custodit.

2145 3348 2225 3431 Is,
2275 3352 2325 3412 si
2355 3353 2447 3413 vel
2478 3352 2790 3414 minimum
2824 3350 3005 3414 luerit
3033 3352 3391 3432 suspicatus,
3422 3352 3583 3429 quod
3617 3360 3677 3411 tu
3708 3351 3803 3413 in-

2147 3450 2307 3502 cesto
2342 3460 2437 3502 me
2459 3458 2666 3503 amore
2700 3441 2951 3522 polluas,
2990 3442 3139 3501 iram
3162 3459 3327 3502 suam
3359 3442 3631 3521 protinus
3654 3440 3714 3501 in
3740 3450 3802 3503 te

2139 3531 2452 3607 accendet,
2487 3539 2545 3592 et
2574 3532 2862 3611 elegantis
2895 3541 3007 3592 tua:
3030 3531 3358 3609 juventutis
3409 3531 3614 3592 ﬂorem
3651 3549 3801 3611 per-

2140 3621 2263 3684 det.
2295 3618 2397 3683 Sin
2418 3629 2621 3683 autem
2651 3623 3017 3700 cognoverit,
3045 3620 3202 3701 quod
3226 3632 3288 3683 tu
3319 3620 3578 3700 simplici
3598 3621 3800 3682 etim-

2141 3711 2434 3772 maculato
2459 3712 2575 3774 mei
2595 3729 2801 3773 amore
2819 3710 3165 3791 teuearis,et
3180 3710 3580 3790 virginitatem
3596 3727 3798 3773 meam

2142 3802 2429 3880 integram
2484 3811 2543 3863 et
2586 3801 2955 3882 impollutam
3011 3800 3337 3881 custodias,
3375 3808 3433 3861 te
3481 3801 3637 3863 sicut
3694 3816 3799 3861 me

2139 3889 2363 3970 diliget,
2399 3891 2747 3955 etostendet
2770 3891 2873 3952 tibi
2904 3908 3072 3952 suam
3104 3891 3374 3968 gratiam.
3411 3888 3581 3951 Tunc
3610 3887 3799 3952 Vale-

2135 3979 2363 4061 rianus,
2397 3981 2506 4044 Dei
2538 3988 2708 4061 nutu,
2744 3979 2958 4041 timore
3011 3980 3285 4061 allectus,
3317 3980 3484 4043 dicit:
3517 3980 3582 4043 Si
3610 3978 3720 4062 vis,
3755 3998 3795 4042 ο

402 4091 517 4136 nec
533 4083 731 4151 noctu,
761 4074 1154 4137 necinterdiu
1185 4075 1611 4138 intermittebat
1638 4076 1832 4138 divina
1852 4077 2051 4157 legere
2132 4070 2512 4147 charissima,
2544 4082 2607 4133 ut
2634 4070 2875 4133 credam
2908 4070 2983 4130 iis
3006 4088 3141 4151 qum
3170 4068 3345 4149 dicis,
3365 4071 3616 4132 ostende
3643 4070 3799 4132 mihi

400 4163 664 4246 eloquia,
695 4172 754 4226 et
782 4164 967 4227 Deum
1001 4182 1198 4227 orare.
1244 4164 1381 4227 Haec
1413 4184 1553 4245 ergo
1588 4166 1758 4228 beata
1815 4167 2051 4231 Caecilia
2132 4157 2329 4239 ipsum
2358 4160 2633 4239 angelum
2663 4182 2679 4236 ;
2742 4168 2802 4223 et
2829 4160 2877 4220 si
2908 4159 3262 4222 intellexero
3294 4178 3434 4221 eum
3470 4178 3605 4223 esse
3647 4177 3795 4223 vere

401 4253 788 4319 Valerianum
807 4254 1125 4336 quemdam
1153 4254 1708 4335 habebatjuvenem
1734 4276 2044 4336 sponsum:
2131 4251 2433 4328 angelum,
2467 4250 2678 4311 faciam
2710 4268 2844 4330 quae
2871 4250 3128 4312 hortaris
3162 4272 3180 4326 ;
3234 4249 3328 4311 sin
3358 4258 3560 4313 autem
3604 4250 3794 4312 alium

400 4343 503 4424 qui
521 4343 763 4424 quidem
780 4345 1023 4423 juvenis
1041 4362 1329 4406 accensus
1358 4364 1567 4408 amore
1589 4346 1855 4426 virginis,
1885 4347 2045 4410 diem
2130 4341 2320 4400 Virum
2371 4357 2561 4414 amas.
2594 4346 2654 4401 εί
2703 4348 2757 4401 ιθ
2790 4346 2849 4402 ει
2892 4339 3062 4401 illum
3091 4356 3239 4402 0080
3292 4340 3588 4405 OOOidam.
3622 4337 3799 4403 Tunc

400 4441 691 4525 statuerat
715 4434 1086 4525 nuptiarum.
1121 4434 1354 4496 Caecilia
1390 4445 1587 4496 autem
1646 4435 1706 4497 in
1738 4454 1916 4499 carne
1947 4437 2041 4498 in-
2065 4475 2107 4525 ο
2132 4427 2278 4525 dicit
2309 4430 2359 4491 ei
2394 4430 2563 4525 beata
2593 4429 2898 4525 Caecilia:
2930 4430 2995 4491 Si
3025 4429 3114 4491 vis
3153 4427 3543 4525 meisparere
3584 4430 3794 4492 consi-

397 4522 543 4587 duta
572 4522 795 4599 cilicio,
829 4523 1200 4585 extrinsecus
1241 4525 1442 4587 aureis
1471 4525 1676 4587 induta
1704 4536 1831 4588 erat
1859 4527 2047 4589 vesti-
2070 4517 2106 4525 ’
2136 4517 2255 4595 liis,
2290 4538 2323 4580 0
2356 4518 2707 4582 chariSSime
2737 4519 3114 4596 adolescenS,
3142 4527 3202 4580 et
3228 4520 3536 4599 polliceris
3569 4529 3627 4584 te
3654 4538 3795 4582 esse

399 4611 536 4676 bus.
569 4610 717 4674 Nam
748 4629 882 4684 cum
914 4622 1195 4694 parentes
1225 4624 1285 4677 et
1313 4633 1570 4695 sponsus
1598 4616 1733 4695 ejus
1778 4616 1903 4677 hanc
1933 4617 2047 4678 vel.
2134 4608 2508 4688 expiaturnm
2532 4617 2760 4672 aeterno
2785 4610 3015 4672 lavacro
3039 4611 3535 4687 regenerationis,
3558 4619 3619 4671 et
3645 4628 3790 4673 crea-

398 4700 545 4769 lent,
577 4707 703 4784 ipsa
729 4720 981 4783 corpore
1006 4702 1156 4766 adeo
1189 4711 1316 4765 erat
1345 4704 1627 4786 eliquata,
1658 4714 1721 4766 ut
1752 4725 1871 4768 non
1904 4725 2047 4787 pos-
2134 4699 2305 4762 disin
2325 4718 2507 4761 unum
2531 4717 2735 4761 verum
2768 4698 2982 4777 Deum,
3010 4700 3112 4780 qui
3145 4700 3281 4761 vivit
3310 4700 3372 4761 in
3404 4700 3596 4782 cmlis,
3619 4711 3792 4782 potes

397 4800 489 4854 set
539 4792 738 4855 celare
768 4792 966 4855 cordis
1013 4793 1110 4856 sui
1139 4794 1531 4871 desidtrium,
1565 4803 1624 4856 et
1655 4796 1811 4875 qund
1865 4796 2047 4858 solius
2134 4808 2270 4851 eum
2315 4790 2734 4870 contemplari.
2768 4788 2925 4852 Dicit
2974 4791 3030 4852 ei
3077 4789 3479 4854 Valerianus:
3534 4788 3607 4852 Et
3655 4791 3795 4872 quis

398 4881 619 4944 Christi
666 4883 1002 4945 Senatoris
1033 4891 1202 4965 capta
1233 4893 1364 4947 erat
1409 4902 1638 4959 amore,
1670 4884 2047 4963 signiﬁcabat
2130 4888 2243 4955 est,
2277 4880 2379 4961 qui
2417 4898 2514 4941 me
2568 4880 2855 4961 expiabit,
2898 4888 2958 4941 ut
3016 4898 3125 4959 ego
3157 4880 3389 4942 videam
3451 4879 3732 4961 angelum
3768 4881 3796 4945 ἲ

394 4973 637 5055 proprie
667 4972 1105 5051 tenigmatibus.
1128 4976 1263 5038 Non
1287 4974 1471 5035 multo
1497 4989 1629 5055 post
1656 4984 1855 5037 autem
1885 4976 2046 5037 venit
2129 4968 2460 5052 Respondit
2489 4971 2752 5053 Caecilia,
2782 4981 2841 5033 et
2872 4970 3053 5033 dixit:
3089 4968 3193 5031 Est
3222 4988 3402 5032 senex
3437 4970 3497 5032 in
3526 4971 3792 5053 quodam

395 5061 551 5138 dies,
586 5066 643 5126 in
677 5082 797 5141 quo
829 5072 1070 5144 paratus
1092 5073 1222 5126 erat
1250 5064 1541 5127 thalamus
1579 5085 1592 5122 :
1632 5072 1852 5126 etcum
1887 5074 2044 5127 esset
2129 5060 2285 5141 loco,
2322 5066 2420 5141 qui
2468 5060 2715 5141 pulchre
2744 5059 2858 5123 scit
2895 5076 3147 5140 purgare
3194 5058 3494 5137 homines,
3534 5069 3599 5122 ut
3647 5060 3790 5123 efﬁ-

394 5152 747 5234 symphonia
767 5153 1325 5230 instrumentorum,
1354 5154 1455 5215 illa
1485 5153 1545 5214 in
1577 5152 1759 5215 corde
1789 5172 1897 5216 suo
1929 5156 2040 5217 soli
2126 5150 2357 5213 ciantur
2406 5149 2593 5230 digni,
2627 5150 2729 5233 qui
2786 5150 3133 5212 intueantur
3192 5150 3460 5230 angelos.
3514 5149 3673 5214 Dixit
3730 5151 3791 5215 ei

390 5241 517 5305 Deo
548 5241 857 5322 psallebat,
892 5243 1135 5306 dicens:
1176 5268 1201 5300 (ι
1237 5243 1384 5320 Fiat,
1422 5243 1810 5317 Domine,cor
1841 5263 2038 5307 meum
2126 5240 2519 5303 Valerianus:
2572 5239 2641 5302 Et
2699 5240 2802 5302 ubi
2856 5258 3119 5322 quaeram
3175 5257 3286 5320 ego
3342 5259 3480 5304 eum
3523 5240 3792 5305 senem?

392 5344 455 5394 et
482 5348 705 5411 corpus
736 5350 936 5395 meum
967 5334 1405 5395 immaculatum
1442 5334 1503 5394 in
1529 5334 1642 5394 tuis
1664 5332 2043 5413 justiﬁcatio-
2124 5324 2457 5410 Respondit
2512 5327 2748 5392 Cecilia
2782 5348 2796 5393 :
2831 5330 2995 5391 Vade
3043 5329 3118 5389 ad
3167 5330 3407 5391 tertium
3461 5331 3717 5414 lapidem
3750 5348 3789 5394 ι

390 5418 591 5500 nibus,
625 5430 688 5482 ut
719 5439 838 5482 non
891 5421 1119 5503 pudore
1163 5422 1388 5485 alliciar
1412 5423 1461 5482 ι.
1502 5448 1529 5479 ιι
1563 5424 1813 5485 Manens
1842 5432 2039 5486 autem
2126 5418 2362 5483 civitate
2393 5422 2507 5500 via,
2530 5438 2662 5502 quae
2705 5418 2921 5482 dicitur
2945 5419 3175 5501 Appia:
3210 5418 3294 5481 ibi
3326 5420 3597 5485 invenies
3626 5439 3783 5503 pau-

389 5509 620 5591 jejuna,
653 5510 804 5574 duos
833 5524 934 5574 aut
975 5520 1095 5577 tres
1126 5513 1255 5575 dies
1281 5533 1315 5576 a
1344 5513 1476 5576 cibo
1506 5512 1792 5577 abstinuit
1828 5534 1842 5575 :
1875 5514 2040 5594 jeju-
2128 5528 2325 5595 peres,
2362 5509 2466 5590 qui
2515 5518 2730 5574 victum
2766 5522 2981 5590 petunt
3026 5528 3059 5573 a
3088 5511 3565 5599 transeuntibus,
3595 5512 3668 5577 ab
3709 5512 3787 5581 iis

470 5669 491 5716 ¹
524 5668 787 5754 Philipp.
823 5689 885 5755 ιι,
920 5672 979 5756 6,
1010 5676 1072 5738 7.
1158 5676 1185 5718 ε
1216 5672 1366 5741 Heb.
1404 5691 1465 5754 ιι,
1506 5674 1604 5741 14.
1691 5675 1723 5725 5
1748 5674 1958 5743 Matth.
1998 5693 2057 5740 XI

2145 5676 2215 5741 :8.
2305 5675 2335 5725 4
2369 5672 2526 5740 Psal.
2559 5688 2759 5753 cxvttt,
2788 5672 2887 5736 80.
