4136 6422
431 311 557 389 167

1749 306 2030 376 MENSIS
2073 306 2523 377 NOVEMBER.

3715 309 3827 384 168

440 456 499 522 81
535 452 667 518 fieri
691 451 989 535 potest,ut
1011 468 1118 530 ego
1131 461 1370 534 quoque
1396 445 1673 528 angelum
1699 446 1808 509 Dei
1831 448 2087 525 intuear,
2112 456 2150 506 Α
2176 457 2235 511 et
2263 448 2404 509 dum
2437 445 2804 509 divinitatem
2829 442 3170 530 quaerimus,
3198 468 3332 528 quae
3361 450 3504 514 latet
3535 450 3596 513 in
3626 450 3818 522 caelis,

428 562 716 632 quamam
749 549 853 632 est
872 559 1037 632 mora
1063 537 1498 632 purificationis
1521 541 1549 598 ‘I
1572 537 1905 632 Respondit
1926 539 2089 600 vale-

447 627 691 698 rianus:
725 631 901 694 Nulla
935 651 953 704 ;
984 631 1097 693 hoc
1131 638 1325 692 autem
1361 627 1551 690 solum
1602 627 1748 688 mihi
1781 628 2089 707 pollicere,

447 724 605 810 quod
633 722 833 786 omnia
861 721 1224 784 exsecranda
1253 730 1311 780 et
1340 716 1741 779 abominanda
1770 716 2091 778 simulacra

445 806 774 893 abnegans,
807 810 1026 886 credis,
1063 828 1245 871 unum
1280 825 1414 870 esse
1437 807 1624 869 Deum
1653 807 1712 867 in
1740 806 2094 869 ctelis.Dicit

450 902 795 969 Tiburtius:
823 901 955 964 Non
981 896 1271 979 intelligo,
1295 914 1552 978 quonam
1586 914 1766 976 scopo
1798 896 1924 957 ila-BC
1949 896 2093 957 mihi

450 993 760 1080 proponis.

529 1073 654 1148 VII.
715 1079 872 1144 Dicit
923 1085 1126 1140 sancta
1175 1074 1457 1139 Caecilia:
1509 1074 1585 1136 Ut
1634 1073 1931 1154 intelligas
1963 1094 2093 1137 esse

447 1175 668 1237 formas
699 1176 1010 1248 testaceas,
1038 1173 1098 1229 et
1129 1184 1395 1248 gypseas,
1430 1175 1492 1226 et
1517 1163 1764 1240 ligneas,
1795 1173 2091 1244 etteneas,

443 1272 504 1328 et
532 1261 790 1342 cujusvis
821 1257 1079 1334 metalli;
1110 1265 1168 1317 et
1200 1275 1317 1316 non
1349 1254 1514 1315 dicas
1544 1272 1650 1314 eos
1682 1272 1812 1314 esse
1833 1254 2000 1325 deos,
2033 1257 2092 1315 in

442 1351 663 1431 quibus
694 1349 892 1410 vivunt
935 1363 1192 1424 araneae,
1227 1352 1286 1406 et
1315 1344 1589 1405 volucres
1633 1353 1907 1404 stercora
1949 1363 2092 1422 ege-

443 1452 622 1506 runt:
650 1442 709 1504 in
741 1455 994 1520 quorum
1019 1434 1311 1514 capitibus
1355 1433 1551 1494 solent
1576 1432 1883 1494 nidificare
1926 1433 2092 1494 cico-

445 1535 580 1608 nite,
613 1547 762 1609 quos
792 1526 1014 1588 faciunt
1066 1523 1471 1595 condemnati,
1534 1522 1769 1602 quando
1830 1521 2090 1582 damnati

446 1629 690 1704 propter
723 1615 1014 1704 maleficia
1066 1615 1381 1674 mittuntur
1433 1615 1492 1672 in
1551 1611 1878 1672 metallum.
1945 1611 2089 1673 Cum

445 1700 589 1794 ergo
622 1709 854 1770 initium
885 1703 1182 1783 accipiant
1210 1719 1281 1762 ex
1310 1700 1744 1774 condemnatis,
1793 1700 2091 1780 quomodo

2175 537 2508 600 incidemus
2537 535 2597 598 in
2635 535 2963 618 iram,qute
2983 539 3332 602 accenditur
3365 540 3422 601 in
3456 548 3637 602 terra.
3667 540 3826 602 Dicit

2173 627 2227 688 ei
2261 635 2463 688 sancta
2495 626 2730 689 Caecilia
2759 644 2772 689 :
2805 628 2866 689 Si
2900 627 3026 690 haec
3070 629 3184 689 vita
3214 637 3370 690 esset
3414 629 3562 706 sola,
3597 638 3656 692 et
3704 649 3826 692 non

2177 726 2334 800 esset
2363 713 2502 791 alia,
2529 716 2673 794 jure
2704 734 2833 795 qua:
2857 715 2952 778 hic
2977 725 3136 791 sunt,
3168 718 3512 780 timeremus
3543 719 3822 798 perdere.

2175 806 2320 867 Cum
2355 816 2552 868 autem
2581 805 2659 867 sit
2687 806 2803 866 alia
2829 805 2965 886 vita,
2991 825 3123 888 qua:
3148 817 3237 868 est
3264 809 3371 868 hac
3396 808 3581 872 multo
3609 810 3828 872 melior

2177 903 2236 956 et
2267 893 2604 974 sublimior,
2633 903 2690 956 et
2719 914 3018 976 nunquam
3055 905 3249 975 potest
3284 897 3467 979 finiri,
3505 917 3612 960 cur
3643 899 3826 962 tizne-

2180 1002 2312 1046 mus
2342 985 2492 1046 hanc
2519 985 2790 1064 perdere,
2829 985 3063 1064 quando
3097 1005 3201 1066 per
3230 988 3408 1067 hujus
3437 988 3820 1051 amissionem

2176 1073 2248 1136 ad
2283 1073 2443 1135 illam
2477 1074 2823 1136 accedimus
2846 1081 2873 1136 ?
2906 1074 3237 1156 ReSpondit
3265 1075 3567 1140 Tiburtius
3595 1098 3610 1139 :
3656 1081 3826 1142 Nun-

2178 1182 2353 1242 quam
2390 1173 2566 1226 antea
2595 1165 2788 1226 audivi
2823 1183 2954 1226 esse
2977 1166 3150 1226 aliam
3181 1165 3382 1238 vitam,
3409 1178 3624 1248 praeter
3645 1169 3828 1233 hanc.

2178 1254 2332 1316 Dicit
2365 1255 2418 1314 ei
2451 1252 2686 1316 Cmcilia
2712 1274 2724 1313 :
2763 1252 2931 1316 Nunc
2957 1256 3070 1316 hoc
3096 1270 3260 1317 certo
3285 1262 3456 1331 scias,
3486 1277 3519 1317 o
3547 1257 3834 1321 charissi-

2180 1361 2295 1424 me,
2329 1343 2488 1423 quod
2522 1343 2784 1424 quandiu
2817 1343 2876 1404 in
2910 1345 3022 1405 hoc
3071 1346 3290 1406 mundo
3327 1348 3596 1428 vivimus,
3648 1349 3830 1412 vitam

2178 1430 2534 1493 laboriosam
2571 1443 2631 1494 et
2661 1434 2868 1496 dolore
2901 1434 3134 1514 plenam
3167 1437 3421 1514 agimus,
3461 1441 3518 1500 in
3541 1441 3834 1518 angustiis

2179 1521 2702 1584 etafllictionibus:
2727 1526 3208 1606 quandoquidem
3232 1527 3836 1593 inflammanthumo-

2179 1630 2297 1702 res,
2361 1612 2634 1673 minuunt
2693 1613 2950 1686 labores,
3010 1615 3182 1676 valde
3241 1619 3543 1680 exsiccant
3601 1619 3832 1702 febres,

2175 1701 2426 1762 rheuma
2455 1702 2695 1765 assidue
2723 1702 2949 1764 inducit
2980 1723 3103 1779 aer,
3140 1705 3255 1767 cibi
3289 1707 3522 1784 inflant,
3578 1711 3836 1774 molesta

444 1788 770 1867 existimari
807 1810 1054 1876 possunt
1082 1801 1184 1853 aut
1228 1791 1392 1852 credi
1421 1791 1571 1881 dii?
1617 1788 1785 1881 Inter
1825 1789 2152 1881 mortuosB
2177 1799 2312 1881 sunt
2336 1791 2726 1870 jejunia,ludi
2752 1793 3272 1869 dissolvunl,cura3
3291 1798 3830 1881 contrahunt,per-

444 1893 604 1958 enim
638 1897 696 1951 et
725 1885 1047 1948 simulacra
1076 1882 1236 1943 nulla
1258 1890 1347 1941 est
1374 1879 1728 1941 differentia.
1754 1879 2090 1960 Quomodo,

415 1983 604 2064 enim
640 1985 908 2040 mortuus
926 1972 1107 2034 habet
1134 1971 1376 2052 quidem
1417 1970 1617 2030 omnia
1649 1969 1938 2064 membra,
1967 1969 2092 2048 spi-

438 2079 620 2133 ritum
649 2073 843 2128 autem
878 2070 936 2123 et
982 2079 1185 2123 vocem
1243 2077 1364 2120 non
1427 2067 1623 2140 potest
1677 2058 1930 2138 habere,
1981 2076 2092 2118 nec

443 2175 709 2230 sensum,
743 2153 824 2214 ita
857 2151 1030 2214 etiam
1090 2150 1218 2212 haec
1271 2166 1420 2211 vana
1450 2146 1794 2219 simulacra,
1841 2147 2088 2208 deorum

443 2249 684 2332 quidem
708 2241 932 2308 habent
962 2240 1228 2311 nomina,
1255 2247 1697 2316 cognoscuntur
1727 2245 1922 2298 autem
1957 2254 2090 2297 esse

441 2323 727 2413 infelicia,
785 2332 1059 2408 malaque
1113 2338 1173 2389 et
1226 2327 1556 2389 terrestria.
1633 2324 1777 2397 Quae
1844 2323 2084 2407 quidem

438 2425 834 2492 ostenduntur
863 2438 994 2485 esse
1025 2417 1301 2482 homines
1357 2415 1597 2493 mortui,
1635 2417 1914 2496 quoniam
1949 2423 2090 2477 sunt

439 2520 528 2584 eis
554 2517 729 2580 etiam
755 2511 1046 2590 membra,
1070 2508 1226 2570 sicut
1247 2507 1583 2568 hominum.
1621 2504 1896 2578 Quandiu
1927 2504 2087 2566 enim

439 2611 739 2686 vixerunt,
771 2602 960 2665 oculis
991 2605 1375 2680 aspexerant,
1430 2603 1490 2657 et
1538 2595 1787 2657 auribus
1843 2594 2058 2656 audive

438 2707 602 2772 runt,
628 2703 688 2758 et
719 2683 972 2775 pedibus
1001 2686 1405 2762 ambularunt,
1433 2694 1493 2746 et
1520 2702 1623 2775 ore
1644 2683 1837 2775 locuti
1869 2690 2094 2763 sunt,et

441 2773 732 2852 manibus
758 2783 1167 2862 palpaverunt,
1203 2784 1262 2838 et
1291 2775 1538 2837 naribus
1570 2773 1903 2835 olfecerunt
1930 2794 1942 2835 :
1974 2789 2089 2833 coe-

440 2889 656 2964 perunt
685 2875 1191 2947 tamenamorte,
1253 2878 1313 2931 et
1367 2868 1430 2930 in
1489 2873 1741 2928 mortem
1805 2875 2086 2928 aeternam

438 2955 810 3053 permanent,
847 2963 1010 3040 quod
1052 2959 1444 3022 ostendantur
1490 2976 1794 3053 nunquam
1840 2955 2086 3031 vixisse,

437 3044 527 3123 vel
573 3054 835 3137 potuisse
879 3053 1097 3113 vivere.
1157 3049 1323 3111 Tunc
1381 3048 1526 3110 dixit
1587 3044 1893 3108 Tiburtius
1949 3057 2087 3105 cum

437 3151 600 3216 omni
632 3147 1128 3228 compunctione:
1166 3141 1278 3215 Qui
1311 3143 1398 3203 sic
1431 3159 1551 3202 non
1580 3139 1794 3218 credit,
1829 3146 1920 3198 est
1952 3137 2087 3197 bru-

436 3251 588 3316 tum,
622 3249 826 3301 etnon
873 3234 1034 3296 venit
1075 3235 1135 3295 in
1172 3232 1493 3313 judicium.
1543 3229 1948 3303 Quamobrem
1972 3244 2087 3316 ego

435 3346 677 3414 quoque
709 3328 841 3389 dtco
874 3344 1009 3387 cum
1043 3323 1203 3385 omni
1239 3331 1506 3402 veritate,
1546 3337 1665 3380 non
1717 3335 1851 3380 esse
1907 3315 2086 3377 alium

436 3406 656 3500 Deum,
687 3419 803 3479 nisi
837 3419 1024 3480 Deum
1057 3413 1563 3485 Christianorum,
1593 3418 1652 3472 et
1675 3427 1769 3469 me
1800 3406 2089 3486 deinceps

418 3501 572 3573 eum
605 3497 796 3571 solum
835 3506 1032 3568 colere
1065 3514 1122 3564 et
1150 3503 1426 3564 adorare.
1463 3500 1602 3561 Haec
1663 3517 1797 3560 cum
1859 3497 2090 3558 diceret

435 3599 766 3674 Tiburtius,
796 3604 997 3659 sancta
1028 3593 1264 3657 Caecilia
1293 3590 1637 3653 deosculata
1683 3597 1771 3649 est
1817 3587 1945 3666 ejus
1978 3604 2087 3665 pe-

436 3701 590 3766 ctus,
635 3697 692 3752 et
742 3687 927 3750 dixit:
993 3686 1223 3748 Revera
1269 3682 1446 3743 hodie
1494 3680 1784 3741 conﬁteor
1836 3687 1892 3737 te
1956 3693 2088 3736 esse

439 3783 612 3863 plane
644 3797 842 3840 meum
871 3777 1140 3838 fratrem.
1180 3771 1488 3844 Quomodo
1539 3772 1696 3830 enim
1759 3767 1865 3828 Dei
1918 3783 2088 3827 amor

439 3856 602 3933 iuum
666 3869 910 3929 fratrem
970 3864 1108 3926 fecit
1168 3879 1300 3923 esse
1351 3879 1549 3922 meum
1600 3857 1960 3937 conjugem:
2006 3856 2086 3916 ita

437 3958 616 4022 etiam
649 3956 1101 4020 simulacrorum
1148 3950 1517 4031 contemptio
1571 3948 1710 4009 fecit
1768 3957 1824 4009 to
1883 3962 2082 4006 meum

434 4067 571 4111 esse
600 4049 870 4110 fratrem.
933 4042 1337 4117 Quamobrem
1387 4036 1667 4121 quoniam
1722 4053 1788 4097 es
1846 4045 2083 4115 paratus

431 4139 686 4202 credere
715 4137 776 4198 in
804 4137 1125 4196 Dominum
1160 4141 1434 4194 nostrum
1493 4131 1692 4191 Jesum
1752 4125 2074 4202 Christum,

434 4228 584 4292 vade
613 4227 730 4289 cito
761 4243 896 4288 cum
934 4234 1031 4286 tuo
1061 4224 1262 4299 fratre,
1301 4231 1366 4284 ut
1397 4221 1585 4301 ipsam
1623 4215 1882 4296 accipias
1914 4215 2080 4294 puri-

433 4317 771 4382 ficationem
803 4331 911 4396 per
940 4325 1217 4377 sanctum
1267 4313 1678 4392 baptismum:
1737 4323 1852 4396 per
1905 4322 2082 4396 quem

2178 1880 2264 1940 dit
2298 1882 2685 1970 negligentia,
2709 1882 2926 1942 divitia)
2955 1882 3264 1962 objiciunt,
3299 1887 3540 1967 expellit
3564 1880 3833 1970 pauper-

2179 1979 2288 2050 tas,
2342 1970 2529 2031 elatos
2586 1969 2785 2031 reddit
2834 1971 3140 2051 juventus,
3197 1974 3465 2038 incurvat
3513 1969 3826 2055 senectus,

2177 2060 2460 2141 deprimit
2495 2061 2892 2135 imbecillitas,
2925 2064 3226 2142 perturbat
3255 2065 3370 2144 ira,
3420 2077 3480 2129 et
3512 2074 3668 2132 inter
3696 2068 3832 2132 haec

2177 2150 2376 2210 omnia
2409 2167 2566 2240 mors
2598 2151 2891 2212 exscindit
2923 2170 3057 2212 cum
3094 2153 3292 2226 minis,
3325 2166 3383 2217 et
3435 2157 3524 2218 sic
3571 2157 3829 2240 imponit

2177 2240 2353 2300 finem
2388 2239 2666 2301 omnibus
2704 2242 3012 2320 corporeis
3038 2241 3278 2311 laetitiis,
3329 2255 3392 2307 ut
3425 2246 3497 2307 ab
3530 2266 3624 2321 eo,
3661 2239 3828 2329 Quod

2177 2338 2266 2389 est
2297 2347 2455 2407 esse,
2481 2329 2796 2403 recedens,
2831 2349 2906 2393 ne
2937 2329 3119 2393 fuisse
3145 2334 3382 2413 quidem
3421 2344 3660 2416 putetur
3708 2337 3827 2401 Pro

2175 2417 2361 2479 nihilo
2389 2419 2548 2479 enim
2586 2419 2661 2479 de
2691 2431 2907 2481 caetero
2942 2422 3218 2503 habetur,
3243 2423 3535 2504 quidquid
3561 2446 3680 2490 non
3702 2437 3825 2494 est.

2175 2506 2281 2568 llla
2309 2508 2657 2570 autem'vita
2689 2513 3092 2584 mterna,hanc
3124 2513 3297 2574 vitam
3333 2515 3614 2579 caducam
3650 2519 3829 2582 mise-

2173 2614 2422 2672 ramque
2444 2607 2502 2658 et
2527 2597 2768 2658 brevem
2795 2599 3264 2681 excipiens,cum
3293 2605 3532 2667 aeternis
3557 2607 3827 2672 afﬂictio-

2178 2684 2353 2747 nibus
2384 2696 2441 2747 et
2473 2687 2784 2748 tormentis
2815 2688 2991 2749 datur
3025 2690 3196 2751 malis
3219 2701 3278 2753 et
3307 2694 3581 2773 injustis:
3615 2698 3831 2764 laetitia

2175 2791 2318 2836 vero
2350 2785 2572 2838 aeterna
2603 2787 2660 2838 et
2686 2777 2998 2841 exsultatio
3033 2779 3328 2859 prmbetur
3351 2784 3554 2863 justis.

2253 2864 2351 2928 IX.
2387 2865 2476 2928 Ad
2511 2867 2637 2928 haec
2666 2869 2976 2947 respondit
3003 2867 3334 2953 Tiburtius,
3396 2884 3454 2936 et
3509 2875 3697 2942 dixit:
3751 2881 3838 2944 Et

2174 2957 2308 3038 quis
2325 2966 2451 3050 est,
2480 2957 2583 3050 qui
2615 2958 2736 3019 illic
2769 2957 2896 3050 fuit,
2933 2967 2990 3020 et
3021 2961 3190 3022 illinc
3240 2962 3355 3025 huc
3389 2966 3658 3050 veniens,
3694 2972 3832 3036 hac

2176 3047 2367 3128 potuit
2397 3049 2572 3107 nobis
2601 3048 2981 3122 annuntiare,
3044 3061 3105 3111 ut
3165 3053 3288 3114 haec
3341 3047 3653 3134 possimus
3684 3079 3830 3126 vera

2175 3157 2306 3200 esse
2338 3136 2588 3199 credere
2610 3143 2637 3198 ?
2662 3135 2828 3200 Tunc
2852 3156 3102 3218 surgens
3126 3139 3294 3204 beata
3316 3145 3571 3222 Caecilia,
3588 3151 3826 3212 consti-

2176 3229 2265 3301 tit,
2302 3235 2360 3288 et
2390 3245 2522 3288 cum
2557 3245 2767 3306 magna
2793 3228 3317 3294 sicdixitaudacia
3349 3256 3361 3296 :
3397 3235 3539 3298 ϐαειὶ
3564 3245 3820 3302 etterrae

2175 3327 2234 3381 et
2264 3317 2444 3409 maris
2469 3326 2527 3409 et
2553 3317 2822 3377 omnium
2847 3320 3180 3409 volucrum,
3199 3339 3330 3402 quae
3355 3325 3552 3386 volant
3573 3329 3632 3389 in
3653 3348 3819 3409 aere,

2173 3406 2751 3501 quadrupedumque
2790 3412 2862 3501 Aet
2918 3408 3220 3488 reptilium
3271 3415 3534 3496 Creator,
3598 3435 3668 3478 ex
3727 3406 3825 3501 se,

2175 3498 2520 3579 priusquam
2553 3497 2752 3556 omnia
2783 3495 3026 3588 faceret,
3060 3505 3268 3578 genuit
3298 3501 3536 3579 Filium,
3571 3517 3630 3568 et
3671 3495 3830 3588 pro;

2172 3591 2339 3650 duiut
2368 3605 2437 3646 ex
2470 3603 2576 3646 sua
2608 3586 2876 3666 potentia
2905 3586 3191 3668 Spiritum
3223 3602 3496 3655 sanctum
3525 3614 3537 3657 :
3577 3586 3826 3676 Filium,

2174 3689 2238 3741 ut
2270 3677 2492 3738 faceret
2516 3679 2744 3757 omnia;
2779 3677 3068 3758 Spiritum
3094 3690 3385 3760 sanctum,
3413 3694 3474 3746 ut
3496 3685 3834 3754 vivificaret

2171 3768 2488 3854 universa.
2510 3765 2729 3828 Omnia
2757 3774 2952 3828 autem
2986 3786 3118 3849 quae
3149 3771 3298 3832 facta
3321 3778 3836 3854 sunt,construxit

2171 3859 2353 3921 Filius
2374 3874 2445 3916 ex
2476 3853 2650 3916 Patre
2680 3856 3008 3936 genitus,et
3036 3858 3237 3920 omnia
3266 3879 3401 3938 quae
3431 3853 3841 3930 fuerantcon-

2169 3955 2419 4020 structa,
2451 3961 2521 4006 ex
2558 3947 2728 4006 Patre
2762 3947 3095 4024 procedens
3126 3947 3382 4028 Spiritus
3412 3966 3650 4016 sanctus
3679 3958 3832 4019 ani-

2171 4035 2370 4126 mavit.
2403 4033 2558 4095 Dicit
2589 4033 2644 4095 ei
2676 4032 2984 4126 Tiburtius
3011 4056 3024 4097 :
3068 4033 3392 4121 [lucusque
3442 4043 3665 4106 dictum
3699 4055 3830 4126 est,

2169 4125 2630 4205 credioportere
2649 4143 2831 4186 unum
2849 4125 3038 4188 Deum
3060 4145 3194 4189 esse
3215 4131 3274 4191 in
3289 4131 3480 4196 ccelis.
3506 4125 3836 4206 Quomodo

2165 4226 2365 4280 autem
2401 4233 2594 4307 nunc“
2617 4224 2740 4276 tres
2801 4219 3045 4307 testaris
3093 4235 3227 4281 esse
3258 4220 3404 4283 deos
3429 4225 3458 4285 ?
3485 4223 3840 4307 Respondit

2167 4314 2370 4370 sancta
2399 4303 2658 4380 Caecilia,
2694 4310 2755 4366 et
2784 4303 2931 4365 dixit
2958 4322 2971 4368 :
2997 4304 3162 4369 Unus
3187 4318 3278 4370 est
3309 4313 3470 4374 Deus
3492 4315 3552 4376 in
3576 4303 3682 4379 sua
3702 4317 3844 4380 vir-

433 4416 610 4470 etiam
631 4393 1183 4496 dignushabeberis
1203 4401 1503 4482 angelicas
1520 4414 1812 4496 personas
1839 4393 2142 4496 intueri,_
2169 4405 2316 4496 tute,
2351 4413 2529 4496 quem
2561 4397 2657 4496 sic
2678 4395 2982 4496 inosancta
3009 4397 3300 4496 Trinitate
3331 4405 3646 4483 partimur,
3677 4426 3846 4488 quo-

432 4505 494 4560 et
523 4496 790 4558 omnium
823 4493 1175 4556 delictorum
1211 4499 1448 4553 tuorum
1480 4489 1710 4549 veniam
1743 4485 2037 4548 invenire.
2097 4486 2148 4543 D
2169 4486 2344 4548 modo
2373 4489 2434 4546 in
2469 4503 2587 4546 uno
2611 4485 2853 4547 homine
2874 4485 3074 4548 inesse
3091 4485 3836 4576 dicimusartem,memo-

515 4583 672 4650 VIII.
706 4583 877 4646 Tunc
905 4582 1053 4644 dicit
1080 4581 1249 4644 fratri
1283 4600 1391 4643 suo
1425 4577 1764 4641 Tiburtius:
1805 4576 1968 4654 Rogo
2000 4585 2079 4654 te,

433 4675 646 4751 frater,
680 4682 746 4736 ut
779 4671 926 4734 mihi
956 4670 1144 4748 dicas,
1179 4671 1251 4734 ad
1266 4689 1458 4754 quem
1487 4687 1582 4730 me
1606 4685 1670 4730 es
1692 4666 2081 4730 deducturus.

431 4764 791 4828 Valerianus
818 4761 1172 4844 respondit:
1227 4763 1320 4823 Ad
1351 4759 1541 4822 virum
1576 4759 1931 4839 perfectum,
1968 4774 2082 4818 no-

433 4855 600 4920 mine
630 4853 964 4930 Urbanum,
991 4853 1054 4914 in
1078 4870 1195 4933 quo
1219 4860 1310 4914 est
1331 4850 1565 4932 species
1579 4847 2086 4928 angelica,ornata

433 4945 676 5023 canitie,
709 4960 884 5008 verus
915 4960 1141 5018 sermo,
1175 4949 1236 5004 et
1263 4941 1514 5020 insignis
1554 4937 1893 5019 prudentia.
1929 4935 2089 4998 Dicit

429 5035 488 5100 ei
531 5033 884 5098 Tiburtius:
923 5031 1016 5095 Tu
1068 5033 1234 5094 illum
1297 5030 1450 5092 dicis
1510 5027 1840 5109 Urbanum,
1901 5043 2082 5104 quem

430 5123 757 5191 Christiani
782 5122 995 5186 dicunt
1016 5140 1149 5185 esse
1161 5139 1335 5184 suum
1356 5117 1609 5202 papam?
1626 5116 1776 5179 Eum
1795 5116 1971 5179 audio
1995 5115 2086 5177 bis

417 5215 547 5296 jam
580 5215 771 5280 fuisse
801 5213 1295 5288 condemnatum,
1331 5219 1389 5272 et
1419 5226 1635 5271 rursus
1666 5215 1910 5290 propter
1956 5223 2086 5268 eam

416 5309 624 5389 ipsum
656 5306 985 5382 actionem,
1020 5309 1265 5385 propter
1286 5317 1464 5382 quam
1488 5301 1599 5360 fuit
1628 5303 2082 5389 condemnatus,

427 5387 598 5460 suam
629 5395 986 5476 religionem
1018 5411 1157 5456 cum
1216 5402 1378 5454 metu
1426 5390 1683 5452 latenter
1731 5387 2080 5470 praedicare.

424 5484 577 5551 Eum
612 5485 664 5550 si
722 5484 1041 5566 contigerit
1096 5483 1372 5560 inveniri,
1439 5480 1588 5544 citra
1645 5477 2080 5544 dubitationem

415 5578 611 5641 'ullam
644 5575 768 5656 igni
799 5575 1206 5650 mandabitur,
1265 5582 1325 5637 et
1377 5591 1487 5635 nos
1543 5589 1782 5653 quoque
1843 5590 1976 5634 cum
2011 5591 2081 5637 eo

430 5665 835 5755 puniemur,si
855 5665 1084 5731 inventi
1097 5665 1388 5730 fuerimus
1409 5661 1484 5727 ad
1507 5679 1644 5725 eum
1663 5666 2039 5732 ambulantes
2057 5693 2080 5748 ,-

2165 4579 2340 4659 riam,
2378 4589 2436 4641 et
2467 4576 2963 4659 intelligentiam;
2989 4581 3272 4659 quoniam
3303 4591 3430 4648 arto
3451 4585 3837 4666 invenimus,

2166 4671 2226 4731 id
2259 4668 2417 4749 quod
2473 4685 2592 4729 non
2627 4666 2949 4729 didicimus
2975 4715 2991 4744 ,
3047 4677 3336 4735 memoria
3358 4675 3846 4755 etintelligentia

2167 4757 2828 4848 comprehendimus,si
2841 4757 2983 4838 quid
3007 4777 3115 4820 nos
3140 4779 3401 4843 unquam
3430 4767 3846 4848 contemplari

2167 4847 2487 4928 contigerit
2515 4854 2617 4909 aut
2647 4846 2882 4910 audire.
2937 4849 3233 4920 Quidnam
3290 4871 3431 4931 ergo
3485 4846 3847 4921 faciemus?

2166 4936 2318 5000 Num
2337 4939 2464 5000 haec
2489 4938 2598 4999 tria
2621 4938 2681 4998 in
2706 4938 2949 5000 homine
2973 4957 3092 5000 una
3113 4941 3847 5027 possidetintelligentia?

2171 5028 2233 5090 Si
2266 5047 2410 5108 ergo
2440 5029 2619 5091 homo
2652 5027 2714 5088 in
2745 5027 3276 5110 unaintelligentia
3310 5035 3574 5114 possidet
3604 5055 3845 5103 nomen

2176 5118 3202 5202 trium.signiﬁcatorum,quomodo
3226 5143 3345 5186 non
3369 5123 3527 5188 Deus
3557 5127 3851 5208 omnipo-

2173 5217 2336 5286 tens,
2394 5214 2456 5270 in
2514 5228 2630 5271 una
2689 5217 2748 5271 et
2807 5213 3015 5274 eadem
3078 5211 3386 5277 divinitate
3443 5214 3563 5278 vim
3595 5215 3853 5282 obtinet

2173 5299 2478 5363 Trinitatis
2503 5305 2532 5362 ’ξ
2564 5297 2731 5362 Tunc
2761 5298 3092 5376 Tiburtius,
3125 5320 3258 5364 cum
3291 5303 3352 5367 in
3391 5311 3612 5368 terram
3661 5306 3850 5368 ceci-

2171 5392 2382 5468 disset,
2419 5391 2598 5472 erepit
2623 5390 2885 5453 clamare
2917 5400 2977 5454 et
3005 5392 3207 5456 dicere
3234 5412 3248 5456 :
3284 5395 3537 5471 Revera,
3567 5413 3601 5458 ο
3625 5395 3852 5459 chari-

2168 5483 2347 5563 sima,
2404 5501 2527 5546 non
2591 5483 2738 5545 mihi
2794 5481 3030 5545 videtur
3096 5482 3297 5564 lingua
3357 5487 3616 5549 humana
3685 5485 3854 5552 dare

2165 5591 2552 5655 responsum,
2587 5573 2692 5636 sed
2725 5573 2989 5655 conjicio
3012 5571 3122 5638 Dei
3142 5575 3419 5658 angelum
3443 5594 3550 5659 per
3572 5594 3640 5640 os
3663 5583 3852 5644 tuum

2165 5684 2301 5733 esse
2330 5665 2592 5730 locutum
2629 5684 2643 5731 :
2679 5674 2739 5730 et
2767 5683 3012 5750 magnas
3055 5667 3182 5750 egit
3234 5665 3674 5757 gratiam-quod
3712 5667 3854 5735 cito
