4136 6420
467 343 572 408 171

1779 341 2066 408 MENSIS
2109 339 2554 406 NOVEMBER.

3740 344 3850 409 172

457 483 682 553 autem,
709 477 811 558 qui
832 477 893 538 in
912 477 1006 540 his
1025 475 1205 540 rebus
1230 485 1400 540 erant
1430 475 1672 552 initiati,
1702 485 1760 540 et
1791 478 1850 538 in
1876 495 2114 538 omnem
2137 484 2176 534 Α
2202 493 2342 551 ergo
2399 473 2461 536 in
2512 475 2600 536 eis
2647 481 3048 550 versarentur,
3109 473 3405 556 quomodo
3464 475 3658 538 solent
3707 475 3846 539 boni

460 565 753 628 mundum
781 567 945 629 missi
977 566 1049 629 ad
1086 567 1557 648 praedicandum,
1585 567 1768 646 signis
1799 575 1858 628 et
1889 567 2118 644 magnis

463 657 751 737 prodigiis
772 655 1201 718 conﬁrmabant
1225 676 1393 719 suam
1429 656 1933 738 praedicationem.
1970 655 2114 717 Nam

463 753 522 806 et
546 762 754 808 omnes
803 745 1182 808 inﬁrmitates
1240 755 1526 808 curarunt
1574 745 1635 806 in
1666 746 1796 824 ejus
1848 745 2114 821 nomine,

460 833 738 913 fugarunt
770 833 1093 915 daemones,
1122 843 1178 896 et
1208 839 1381 894 vitam
1416 834 1810 896 reddiderunt
1843 833 2112 896 mortuis.

2201 565 2337 627 odio
2398 564 2605 628 haberi
2637 565 2710 627 ab
2762 563 3074 646 improbis,
3109 583 3211 626 eos
3264 565 3403 626 mali
3451 565 3846 628 criminantur

2201 654 2353 735 apud
2401 654 2804 730 Almachinm,
2845 656 3187 736 praefectum
3237 653 3424 735 urbis,
3458 655 3658 717 omnia
3689 656 3842 719 refe-

2201 752 2422 820 rentes,
2457 763 2588 826 qum
2643 762 2750 824 per
2780 745 2940 825 ipsos
2991 743 3277 807 Dominus
3309 743 3563 806 faciebat
3595 745 3653 806 in
3705 764 3849 826 ege-

2200 851 2346 896 nos:
2404 841 2462 896 et
2518 834 2680 911 quod
2735 833 3010 914 improbe
3065 850 3136 894 ac
3189 834 3506 908 malitiose,
3539 854 3689 916 quos
3745 836 3846 900 ille

461 923 697 986 Nullam
719 923 826 984 tibi
851 923 1115 985 arbitror
1138 941 1450 986 remanere
1484 923 2024 1004 quaestionemmisi
2057 931 2121 985 ut
2193 924 2444 1005 jubebat
2472 924 2688 1004 occidi,
2723 924 2820 986 isti
2855 923 3215 987 mandabant
3270 924 3614 1006 sepultum.
3647 923 3844 1008 Itaque

463 1013 619 1075 hanc
673 1013 850 1075 vitam
883 1014 1082 1074 animo
1115 1022 1174 1074 et
1203 1031 1455 1092 corpore
1507 1013 1830 1094 despicias,
1867 1022 1924 1074 et
1956 1013 2116 1075 illam

461 1104 856 1166 vehementer
878 1111 936 1164 et
958 1111 1303 1165 constanter
1320 1103 1769 1182 inquiras.Nam
1795 1105 1897 1183 qui
1927 1103 2119 1165 credit

462 1193 521 1253 in
556 1193 660 1256 Dei
695 1192 936 1269 Filium,
965 1201 1022 1254 et
1055 1192 1186 1272 ejus
1217 1192 1480 1254 adhaeret
1512 1193 1847 1273 praeceptis,
1876 1192 2118 1274 quando

463 1282 776 1360 morietur,
809 1281 938 1360 ejus
969 1298 1188 1359 corpus
1209 1299 1242 1342 a
1276 1289 1467 1343 morte
1499 1282 1659 1343 nulla
1689 1282 1985 1344 afﬁcietur
2022 1284 2117 1344 in—

454 1371 639 1451 juria,
672 1371 778 1432 sed
810 1389 844 1432 a
874 1372 1094 1433 sanctis
1121 1370 1350 1450 angelis
1391 1371 1452 1432 in
1484 1371 1645 1433 ulnis
1676 1372 2024 1452 excipietur,
2061 1381 2120 1434 et

462 1459 523 1520 in
546 1459 742 1522 locum
766 1460 1024 1540 paradisi
1054 1458 1406 1522 abducetur.
1441 1460 1592 1523 Hinc
1618 1481 1778 1523 mors
1815 1482 1950 1522 cum
1985 1461 2117 1523 dia-

463 1549 602 1612 bolo
634 1550 845 1631 efﬁcit,
866 1559 928 1611 ut
957 1550 1208 1612 diversis
1239 1549 1622 1631 pravitatibus
1654 1563 1885 1613 mentes
1917 1551 2116 1613 homi-

465 1659 607 1702 num
665 1641 948 1722 colliget,
1012 1648 1072 1702 et
1132 1639 1193 1702 in
1251 1642 1428 1704 variis
1502 1660 1620 1703 non
1691 1643 2120 1704 animadversis

464 1729 918 1792 necessitatibus
979 1739 1276 1812 occupet:
1314 1739 1372 1793 et
1429 1751 1588 1793 nunc
1618 1732 1856 1813 quidem
1916 1731 2120 1793 damni

2199 1033 2233 1075 a
2282 1014 2527 1078 militari
2572 1015 2818 1076 cohorte
2867 1015 3311 1096 comprehensi,
3347 1013 3721 1076 adducuntur
3772 1016 3844 1078 ad

2200 1103 2577 1166 Almachium
2621 1105 2990 1183 praefectum.
3025 1103 3184 1178 Quos
3214 1104 3456 1186 quidem
3507 1104 3852 1168 Almachius

2205 1194 2299 1255 his
2327 1193 2525 1256 verbis
2555 1201 2645 1254 est
2670 1193 3002 1257 allocutus:
3036 1196 3180 1257 Cum
3207 1213 3307 1255 vos
3342 1195 3657 1256 character
3688 1193 3855 1255 nobi-

2205 1282 2388 1344 litatis
2442 1283 2631 1360 gloria
2688 1283 2953 1362 insignes
3013 1283 3364 1358 reddiderit,
3419 1301 3527 1345 cur
3616 1292 3861 1365 propter

2203 1373 2408 1434 nescio
2440 1392 2613 1454 quam
2647 1373 3022 1450 religionem,
3057 1391 3163 1436 vos
3194 1371 3488 1452 ignobiles
3516 1373 3773 1435 redditis
3799 1382 3858 1436 et

2203 1463 2519 1526 infelices?
2562 1464 2709 1527 Nam
2746 1474 2968 1525 vestras
3016 1463 3325 1525 facultates
3367 1463 3427 1524 in
3460 1466 3664 1525 nescio
3715 1481 3860 1544 quas

2201 1552 2464 1632 abjectas
2511 1571 2796 1633 personas
2849 1553 3026 1615 audio
3078 1571 3181 1614 vos
3212 1560 3524 1630 erogantes
3580 1570 3860 1616 consum-

2204 1643 2416 1723 psisse,
2453 1652 2511 1703 et
2556 1661 2660 1704 eos
2709 1643 2808 1722 qui
2858 1641 3124 1722 castigati
3169 1642 3412 1703 fuerunt
3456 1650 3698 1724 propter
3757 1659 3860 1705 sua

2201 1733 2595 1807 sce'era,cum
2617 1733 2780 1794 omni
2802 1731 2991 1812 gloria
3011 1733 3296 1794 mandare
3316 1732 3656 1812 sepulturae.
3694 1731 3860 1804 Quo-

463 1829 695 1882 terrore
746 1820 946 1902 afﬁcit,
981 1840 1142 1884 nunc
1191 1830 1389 1882 autem
1424 1821 1496 1882 ad
1529 1821 1722 1899 gulam
1773 1822 2009 1895 excitat,
2048 1841 2118 1883 ex
2147 1822 2363 1899 gcirca
2414 1821 2552 1884 licet
2603 1822 2918 1902 suspicari,
2969 1840 3079 1884 vos
3133 1839 3274 1884 esse
3330 1822 3590 1884 initiatos
3643 1821 3858 1883 iisdem

463 1909 714 1970 diversis
745 1908 1099 1973 abstrahens
1129 1909 1368 1990 studiis,
1402 1911 1478 1972 de
1509 1911 1620 1972 hac
1680 1910 1806 1973 sola
1841 1911 1956 1972 vita
1985 1910 2121 1972 facit

463 1999 715 2061 miseros
763 1999 1037 2062 homines
1088 2018 1220 2062 esse
1267 1999 1577 2076 sollicitos,
1633 2009 1696 2062 ut
1743 2019 1814 2062 ex
1865 2018 2121 2081 corpore

461 2089 842 2168 egredientes
895 2090 1161 2153 inveniat
1222 2095 1476 2152 miseros
1507 2099 1566 2152 et
1609 2090 1824 2169 nudos,
1863 2102 1922 2153 et
1971 2091 2120 2154 nihil

459 2196 664 2241 secum
721 2187 1025 2260 portantes
1055 2189 1270 2261 praeter
1300 2188 1564 2261 peccata.
1599 2179 1724 2242 Hoc
1777 2180 1885 2243 tibi
1920 2180 2120 2259 paucis

459 2268 728 2350 exposui,
762 2287 798 2330 o
829 2269 1208 2332 charissime.
1250 2268 1309 2331 Si
1351 2269 1494 2350 quid
1522 2279 1723 2332 autem
1769 2270 1874 2333 tibi
1906 2271 2120 2334 deesse

460 2357 780 2434 existimas,
814 2377 1022 2422 rursus
1061 2377 1288 2436 quaere.

540 2487 698 2550 XIV.
731 2491 899 2551 Tunc
921 2489 1230 2552 Tiburtius
1259 2489 1331 2551 ad
1365 2488 1495 2570 ejus
1528 2491 1712 2572 pedes
1743 2490 2111 2570 provolutus,

460 2577 608 2639 dixit
635 2597 770 2640 cum
803 2579 1128 2658 gemitibus
1159 2581 1420 2661 fletuque
1456 2591 1518 2641 et
1547 2579 1819 2660 lacrymis
1849 2597 1862 2642 :
1899 2583 1985 2643 De
2007 2581 2116 2643 hac

461 2667 576 2729 vita
623 2668 699 2730 de
727 2678 943 2730 caetero
995 2675 1042 2731 si
1076 2670 1164 2730 vel
1213 2670 1564 2750 cogitatione
1617 2671 1989 2747 exquisiero,
2025 2671 2115 2733 vel

459 2757 660 2818 animo
709 2760 1028 2837 agitavero,
1066 2759 1125 2820 in
1185 2759 1284 2820 illa
1315 2759 1428 2820 vita
1473 2778 1776 2840 nunquam
1822 2761 2112 2823 inveniar.

459 2845 728 2908 Habeant
750 2849 1255 2929 ergoinsipientes
1281 2848 1512 2909 lucrum
1535 2851 1843 2930 praesentis
1878 2859 2112 2932 tempo-

459 2936 563 2998 ris.
594 2935 713 3016 Ego
747 2942 1086 3018 autem,qui
1123 2939 1182 2999 in
1211 2938 1571 3000 hodiernum
1595 2957 1785 3019 usque
1815 2940 1973 3001 diem
2003 2941 2114 3002 vixi

460 3025 591 3086 sine
616 3028 870 3102 ratione,
905 3027 1060 3088 absit
1080 3036 1146 3089 ut
1177 3030 1309 3090 sine
1331 3028 1566 3090 ratione
1597 3029 1672 3088 de
1695 3038 1909 3091 caetero
1938 3031 2113 3091 vitam

459 3117 651 3194 agam!
681 3117 751 3181 Et
785 3119 908 3178 haec
932 3137 1064 3180 cum
1097 3117 1366 3192 dixisset,
1395 3119 1466 3179 ad
1492 3136 1664 3180 suum
1699 3118 1937 3181 fratrem
1970 3137 2116 3181 conv

461 3205 690 3286 versus,
755 3206 946 3269 dixit:
1006 3207 1291 3270 Miserere
1351 3207 1491 3281 mei,
1551 3205 1734 3268 frater
1785 3208 2024 3285 dilecte,
2059 3207 2175 3270 etC

461 3293 750 3376 abrumpe
774 3296 1131 3375 tarditatem,
1159 3314 1338 3374 quam
1372 3296 1632 3374 transegi
1663 3295 1721 3356 in
1755 3296 2112 3376 ignorantia.

463 3383 756 3455 Quocirca
779 3402 989 3446 vereor
1020 3403 1240 3462 moras;
1267 3385 1498 3464 pondus
1523 3385 1810 3447 ferrenon
1845 3407 2115 3466 possum;

459 3490 604 3552 rogo
637 3481 717 3549 te,
751 3474 866 3535 duc
900 3493 994 3535 me
1023 3473 1094 3536 ad
1127 3475 1429 3536 hominem
1463 3474 1594 3550 Dei,
1633 3485 1696 3536 ut
1727 3495 1823 3538 me
1855 3477 2116 3557 perfecte

462 3563 862 3643 puriﬁcatum,
898 3564 1056 3625 illius
1105 3567 1239 3627 vitae
1278 3564 1457 3626 faciat
1515 3565 1888 3646 participem.
1944 3566 2114 3630 Tunc

460 3651 814 3714 Valerianus
832 3653 1079 3714 deduxit
1104 3655 1347 3716 fratrem
1373 3673 1546 3716 suum
1569 3655 1642 3716 ad
1667 3658 2110 3720 sanctissimum

462 3759 670 3822 papam
707 3740 1038 3804 Urbanum.
1074 3743 1181 3803 Cui
1233 3751 1538 3824 postquam
1573 3746 1830 3806 narravit
1887 3747 2112 3829 omnia,

459 3849 592 3911 quae
620 3831 778 3893 dicta
808 3842 866 3894 et
895 3832 1046 3894 facta
1077 3832 1333 3905 fuerant,
1370 3833 1626 3913 benigno
1676 3837 1796 3897 Deo
1829 3837 1946 3914 egit
1973 3856 2112 3916 gra-

462 3923 596 3982 tias.
626 3923 952 4001 Acceptum
987 3931 1182 3983 autem
1211 3942 1344 3984 cum
1387 3926 1548 3985 omni
1580 3925 1792 4004 gaudio
1819 3935 1877 3987 et
1907 3927 2110 3989 exsul-

463 4009 680 4072 tatione
711 4009 1072 4088 Tiburtium,
1107 4030 1238 4072 cum
1276 4013 1709 4088 admonuisset,
1747 4017 2111 4080 catechismo

459 4097 832 4173 instituisset,
870 4099 1223 4181 baptizasset
1254 4104 1312 4163 in
1361 4104 1605 4164 nomine
1641 4105 1830 4166 Patris
1875 4114 1932 4167 et
1980 4106 2114 4170 Filii

461 4196 519 4248 et
563 4185 818 4268 Spiritus
862 4191 1070 4265 sancti,
1119 4191 1300 4269 jussit
1353 4210 1558 4253 secum
1609 4212 1763 4267 esse,
1798 4195 1991 4257 donec
2043 4213 2114 4258 ea

461 4277 812 4360 deponeret,
842 4299 973 4360 quas
1002 4281 1264 4343 recentis
1297 4290 1432 4342 sunt
1454 4282 1932 4346 illuminationis.
1971 4287 2114 4358 Qua;

460 4369 702 4449 quidem
746 4389 879 4431 cum
915 4371 1178 4450 perfecta
1234 4371 1442 4435 fuisset
1475 4373 1606 4452 ejus
1656 4373 1947 4450 doctrina,
1985 4385 2115 4455 post

459 4466 689 4538 septem
722 4459 850 4520 dies
874 4459 1094 4523 Christi
1133 4461 1380 4522 militem
1415 4462 1693 4524 restituit.
1728 4461 1975 4526 Tantam
2011 4486 2116 4528 au-

463 4555 580 4608 tem
633 4548 886 4625 gratium
917 4567 950 4608 a
1001 4549 1234 4612 Christo
1266 4558 1355 4613 est
1404 4564 1786 4632 consecutus,
1822 4563 1884 4614 ut
1935 4558 2111 4616 etiam

462 4635 567 4697 Dei
585 4638 829 4716 angelos
850 4637 1076 4700 videret
1097 4640 1364 4720 quotidie
1395 4661 1410 4722 ;
1442 4651 1499 4702 et
1527 4660 1898 4722 quaecunque
1926 4664 1960 4706 a
1990 4647 2114 4708 Deo

465 4726 723 4806 petebat,
758 4728 930 4790 facile
966 4729 1344 4809 impetrabat.
1379 4731 1497 4794 Sed
1555 4733 1836 4812 quoniam
1870 4737 2114 4814 longum

465 4823 624 4906 esset
672 4817 873 4878 omnia
946 4819 1158 4882 ordine
1211 4839 1536 4903 exponere,
1593 4823 1784 4902 qualia
1829 4835 1888 4886 et
1937 4845 2112 4906 quam

465 4905 651 4966 multa
710 4906 852 4969 fecit
909 4910 1196 4972 Dominus
1240 4928 1349 4990 per
1379 4929 1482 4973 eos
1533 4905 2109 4995 admirabilia,con-

463 5003 763 5059 vertamur
782 4997 854 5059 ad
881 4997 1170 5078 gloriosas
1198 5018 1406 5062 eorum
1439 5001 1877 5082 perpessiones.

543 5135 674 5200 XV.
705 5136 985 5220 Turcius,
1021 5141 1124 5219 qui
1166 5140 1342 5202 etiam
1379 5141 1742 5215 Almachius,
1780 5161 1916 5206 cum
1967 5154 2124 5208 esset

461 5227 780 5309 praefectus
801 5227 994 5304 urbis,
1020 5239 1332 5292 etsanctos
1362 5229 1470 5293 Dei
1496 5239 1784 5312 martyres
1818 5235 2120 5309 occideret

460 5315 750 5398 quotidie,
786 5317 1038 5398 jubebat
1087 5337 1295 5380 eorum
1345 5338 1596 5400 corpora
1653 5322 1916 5405 relinqui
1969 5326 2128 5389 inse-

463 5411 652 5486 pulta.
685 5408 990 5471 Tiburtius
1019 5417 1224 5472 autem
1258 5417 1318 5472 et
1351 5409 1712 5472 Valerianus
1743 5415 1815 5475 ad
1847 5415 1960 5478 hoc
1989 5436 2128 5498 ope-

456 5518 584 5593 ram
637 5501 905 5593 quotidie
927 5501 1314 5578 adhibebant,
1349 5511 1414 5564 ut
1463 5512 1810 5568 sanctorum
1879 5528 2130 5593 corpora

455 5591 534 5652 ad
568 5591 988 5671 sepeliendum
1021 5599 1454 5673 componerent
1473 5601 1531 5654 et
1551 5593 1719 5656 humi
1747 5591 2125 5672 mandarent.

2205 1913 2530 1992 mysteriis,
2564 1912 2784 1994 quibus
2816 1912 2879 1986 ii,
2915 1931 3064 1994 quos
3107 1921 3348 1994 propter
3381 1912 3860 1991 conjurationem

2204 2001 2498 2064 mandatis
2517 2002 2862 2082 sepulturae.
2893 2003 3231 2084 Respondit
3258 2002 3590 2077 Tiburtius,
3624 2011 3684 2064 et
3715 2001 3866 2064 dicit

2202 2091 2480 2173 praefecto
2508 2113 2520 2156 :
2559 2091 2791 2154 Utinam
2823 2111 2934 2154 nos
2957 2093 3278 2170 dignentur
3309 2093 3539 2154 referre
3562 2092 3619 2152 in
3653 2109 3862 2153 nume~

2202 2201 2335 2244 rum
2369 2201 2612 2243 suorum
2663 2200 2994 2257 servorum,
3029 2201 3281 2262 quorum
3329 2191 3388 2242 ιιι
3447 2199 3556 2243 nos
3607 2181 3863 2261 conjicls

2202 2290 2334 2334 esse
2363 2271 2584 2352 socios,
2619 2273 2719 2354 qui
2761 2272 3004 2352 quidem
3035 2281 3400 2353 respuerunt
3440 2271 3499 2333 id
3533 2290 3664 2334 esse
3694 2271 3860 2353 quod

2201 2362 2433 2424 videtur
2487 2371 2546 2424 et
2606 2381 2722 2423 non
2782 2371 2894 2444 est,
2945 2371 3003 2423 et
3060 2361 3417 2425 invenerunt
3471 2360 3644 2438 illud,
3697 2361 3858 2443 quod

2203 2452 2437 2517 videtur
2463 2471 2578 2514 non
2611 2471 2742 2514 esse
2778 2461 2838 2515 et
2868 2461 2982 2514 est.

2282 2541 2442 2605 XVI.
2479 2541 2835 2605 Almachius
2877 2543 3198 2622 praefectus
3227 2543 3378 2605 dixit
3413 2564 3427 2606 :
3460 2541 3532 2605 Et
3562 2541 3704 2624 quid
3743 2549 3854 2617 est,

2201 2632 2359 2712 quod
2417 2631 2646 2693 videtur
2677 2649 2810 2693 esse
2845 2643 2938 2693 est
2991 2650 3110 2694 non
3143 2640 3202 2694 et
3231 2631 3256 2694 ?
3291 2631 3446 2694 Dixit
3501 2629 3811 2694 Tiburtius
3841 2651 3853 2693 :

2201 2719 2417 2784 Omnia
2447 2740 2578 2801 quae
2595 2722 2813 2784 suntin
2838 2721 3088 2797 tnundo,
3121 2740 3252 2802 quae
3271 2721 3506 2784 animas
3539 2729 3759 2782 vocant
3787 2721 3856 2783 ad

2203 2819 2457 2873 mortem
2517 2818 2804 2872 teternam
2838 2828 2946 2892 per
3001 2810 3196 2873 brevis
3228 2811 3520 2891 temporis
3558 2809 3850 2873 laetitiam.

2199 2899 2356 2962 Dixit
2405 2900 2752 2964 Almachius
2811 2901 3162 2982 praefectus:
3229 2900 3301 2962 Et
3347 2900 3490 2982 quid
3550 2910 3661 2977 est,
3697 2897 3856 2982 quod

2200 3011 2318 3053 non
2377 2989 2607 3053 videtur
2653 3010 2786 3054 esse
2852 3002 2942 3052 est
2994 2997 3096 3054 et?
3139 2990 3446 3053 Tiburtius
3483 2989 3660 3052 dixit:
3696 2989 3854 3070 Vita,

2200 3100 2331 3162 quae
2361 3081 2557 3143 futura
2586 3080 2894 3161 estjustis,
2921 3091 2979 3143 et
3008 3081 3394 3162 supplicium,
3426 3080 3584 3163 quod
3615 3078 3857 3142 dabitur

2200 3170 2441 3252 injustis
2475 3191 2492 3248 ;
2541 3190 2610 3233 ex
2650 3179 2901 3252 utraque
2934 3170 3092 3233 enim
3148 3178 3314 3252 parte
3343 3170 3725 3250 cognovimus
3761 3187 3853 3231 ve-

2199 3280 2330 3323 rum
2393 3280 2528 3324 esse
2557 3280 2628 3324 ea
2657 3270 2905 3323 ventura
2940 3282 2952 3323 :
2990 3270 3048 3322 et
3078 3260 3138 3322 in
3169 3262 3356 3322 fausta
3407 3259 3843 3334 distributione,

2200 3351 2359 3433 quod
2391 3350 2580 3414 oculis
2627 3350 2826 3412 cordis
2879 3350 3069 3412 nostri
3135 3350 3570 3429 cognoscimus,
3604 3348 3662 3410 id
3712 3365 3852 3410 cor-

2201 3441 2363 3522 poris
2409 3445 2597 3503 nostri
2627 3439 2812 3502 oculis
2863 3440 3254 3521 spectandum
3301 3437 3644 3514 referimus,
3679 3446 3749 3500 ut
3795 3437 3856 3499 in

2203 3539 2404 3593 nostra
2459 3531 2829 3593 conscientia
2859 3548 2992 3610 quas
3021 3538 3157 3591 sunt
3205 3529 3382 3606 bona,
3418 3529 3590 3591 malis
3646 3527 3855 3591 obum-

2198 3618 2443 3682 bremus
2492 3619 2849 3682 rationibus.
2887 3617 3045 3680 Dixit
3078 3618 3405 3699 praefectus
3455 3615 3854 3684 Almachius:

2197 3707 2326 3772 Non
2361 3715 2501 3790 puto
2542 3717 2598 3770 te
2645 3717 2845 3770 mente
2879 3715 2978 3769 tua
3028 3707 3220 3788 loqui.
3284 3705 3445 3769 Dixit
3493 3704 3854 3768 Tiburtius:

2197 3798 2326 3861 Non
2347 3798 2559 3880 loquor
2581 3809 2779 3861 mente
2812 3815 2968 3878 mea,
2994 3798 3100 3860 sed
3134 3796 3315 3872 illius,
3349 3814 3527 3876 quem
3559 3799 3770 3876 accept
3798 3794 3861 3856 in

2196 3890 2525 3952 visceribus
2549 3890 2765 3952 mentis
2786 3886 3125 3950 mete.Dixit
3148 3886 3496 3951 Almachius
3518 3885 3858 3965 praefectus.

2195 3978 2493 4061 Numquid
2557 3978 2711 4041 nosd
2795 3976 2954 4058 quod
3019 3976 3228 4038 dicis?
3285 3977 3442 4040 Dixit
3497 3973 3856 4039 Tiburtius:

2195 4069 2270 4132 Et
2316 4071 2472 4145 novi,
2511 4078 2569 4132 et
2617 4069 2824 4142 didici,
2858 4074 2918 4129 et
2949 4067 3152 4142 credo,
3188 4065 3351 4147 quod
3400 4065 3621 4143 omnia,
3659 4083 3800 4146 quae
3827 4083 3863 4128 ι

2199 4179 2294 4223 me
2325 4159 2483 4222 dicta
2509 4167 2668 4234 sunt,
2706 4164 3084 4240 permanent.
3145 4156 3490 4220 Almachius
3547 4157 3868 4238 prefectus

2196 4250 2347 4312 dixit
2381 4268 2395 4312 :
2458 4247 2529 4309 Et
2559 4266 2669 4328 ego
2701 4265 2808 4309 cur
2837 4265 2957 4308 non
2988 4247 3279 4328 intelligo,
3310 4246 3467 4327 quod
3502 4263 3633 4326 ago,
3667 4263 3702 4307 a
3738 4262 3858 4329 quo

2199 4340 2325 4402 haec
2356 4345 2498 4401 sunt
2524 4337 2790 4400 condita?
2819 4335 3127 4400 Tiburtius
3155 4336 3320 4400 dixit:
3350 4335 3640 4410 Quoniam
3673 4335 3862 4398 homo

2199 4429 2496 4491 belluinus
2528 4447 2646 4490 non
2679 4429 2881 4503 sentit,
2917 4446 3050 4508 quae
3080 4435 3216 4489 sunt
3247 4425 3515 4510 spiritus.
3550 4424 3862 4506 Spiritalls

2141 4540 2176 4588 ι)
2199 4527 2393 4582 autem
2426 4518 2713 4598 tlijudicat
2743 4518 2947 4580 omnia
2984 4539 2998 4577 :
3035 4517 3166 4598 ipse
3193 4534 3333 4579 vero
3365 4534 3401 4578 a
3433 4516 3597 4578 nullo
3638 4514 3864 4595 dijudi-

2201 4618 2388 4672 catur.
2423 4606 2592 4670 Tunc
2619 4607 2826 4670 ridens
2877 4607 3218 4689 prefectus,
3245 4606 3427 4686 jussit
3455 4605 3678 4668 auferri
3728 4604 3867 4688 qui-

2201 4698 2335 4760 dem
2364 4697 2724 4776 Tiburtium;
2756 4715 2956 4759 coram
2983 4715 3054 4759 eo
3072 4703 3270 4759 autem
3301 4694 3429 4758 sisti
3454 4694 3862 4758 Valerianum.

2201 4787 2306 4852 Cui
2333 4789 2506 4850 etiam
2543 4787 2726 4850 dixit:
2753 4787 3048 4862 Quoniam
3079 4806 3198 4849 non
3229 4794 3320 4848 est
3359 4785 3546 4848 frater
3571 4793 3704 4848 tuus
3730 4783 3866 4847 sani

2201 4878 2458 4953 cerebri,
2497 4889 2555 4939 tu
2591 4879 2814 4960 poteris
2835 4877 3210 4958 respondere
3239 4876 3605 4957 sapientius?
3626 4875 3780 4938 Dicit
3809 4871 3868 4937 ei

2209 4967 2557 5032 Valerianus
2585 4988 2597 5032 ε
2624 4967 2934 5030 Falluntur
2953 4984 3130 5028 aures
3162 4965 3588 5045 tuaa,quoniam
3614 4981 3865 5046 scopum

2211 5067 2428 5121 nostrae
2457 5059 2743 5121 orationis
2774 5076 2891 5119 non
2926 5065 3094 5138 potes
3121 5057 3491 5136 intelligere.
3518 5054 3677 5118 Dixit
3708 5071 3869 5137 pre-

2209 5150 2438 5212 fectus:
2474 5147 2660 5211 Nemo
2694 5150 2773 5210 ita
2805 5156 2986 5223 errat,
3014 5155 3078 5209 ut
3100 5165 3203 5209 vos
3234 5146 3472 5220 erratis,
3498 5146 3601 5227 qui
3633 5143 3868 5208 relictis

2213 5240 2564 5306 necessariis
2594 5241 2862 5303 numeris
2888 5247 2946 5302 et
2964 5238 3487 5321 responsis,malos
3512 5235 3865 5320 sequimini:

2211 5352 2340 5416 quae
2389 5339 2525 5394 sunt
2546 5330 2817 5410 jucunda
2878 5339 3254 5411 respuentes,
3288 5327 3552 5391 laetitiam
3585 5327 3752 5390 nihili
3786 5325 3869 5389 fa-

2210 5425 2464 5500 cientes,
2494 5431 2557 5486 et
2581 5440 2652 5485 ea
2681 5421 3106 5502 despicientes,
3140 5437 3275 5498 quae
3303 5419 3438 5482 data
3475 5430 3615 5483 sunt
3645 5419 3717 5481 ad
3735 5417 3873 5478 vita

2212 5514 2584 5591 alimentum,
2621 5511 2876 5574 maxima
2902 5510 3325 5574 benevolentia
3355 5507 3501 5572 illud
3526 5506 3876 5591 complecti-

2215 5605 2384 5681 mini,
2414 5603 2571 5684 quod
2603 5601 2787 5665 saluti
2816 5600 3099 5665 invenitis
3129 5599 3521 5686 contrarium,
3555 5606 3614 5667 et
3634 5599 3705 5664 iis
3734 5615 3872 5682 qua

458 5679 874 5762 eleemosynis
935 5691 1212 5746 vacantes
1269 5690 1327 5744 et
1385 5681 1585 5746 divino
1628 5688 1836 5752 cultui.
1899 5690 2044 5755 Cum
2090 5693 2133 5755 ii
2217 5679 2672 5782 suntrjticunda,
2703 5691 3041 5762 inimicum.
