4136 6428
361 378 474 445 1⁸73

1534 383 1722 448 VITA
1765 384 1825 446 S.
1872 381 2212 447 C/ECILIIE
2274 384 2371 447 ET
2416 385 2570 449 SOC.

3634 388 3744 452 174

431 511 712 578 XVILAd
734 512 867 576 haec
889 517 1216 596 respondit
1235 515 1608 580 Valerianus:
1633 515 1934 580 Ludentes
1953 524 2067 578 etA
2093 526 2311 580 nostrae
2357 517 2713 594 aiiIictionis,
2781 527 2838 582 et
2888 517 3064 582 nobis
3117 518 3456 582 laetantibus
3515 519 3752 587 ﬂebunt

348 603 635 678 ridentes,
687 611 746 666 et
803 603 870 665 in
930 608 1117 668 variis
1171 605 1402 671 deliciis
1459 607 1768 670 luxuriose
1829 607 2007 668 vitam

349 704 615 774 agentes,
647 693 768 756 vidi
799 694 1028 757 hiemis
1058 703 1330 777 tempore
1377 714 1486 778 per
1535 716 1778 776 campos
1811 707 2007 760 trans-

350 793 582 848 euntes.
621 786 684 848 In
714 783 942 865 quibus
974 793 1204 866 campis
1235 787 1469 850 stabant
1509 786 1786 866 agricola:
1839 789 2004 868 plan-

344 884 572 952 tantes,
607 874 884 955 palmites
935 873 1278 958 iuﬁgentes,
1337 885 1397 939 et
1428 876 1704 957 spinosos
1733 895 2002 940 rosarum

338 982 544 1026 ramos
572 963 892 1044 ingeniose
912 972 1035 1027 toto
1058 965 1257 1029 animo
1284 975 1734 1048 componentes.
1763 967 1883 1028 Alii
1903 987 2008 1029 au-

333 1063 463 1116 tem
497 1055 724 1118 oliveta
755 1055 1138 1119 inserentes:
1173 1057 1274 1118 alii
1303 1074 1441 1120 vero
1485 1057 1776 1120 radicitus
1805 1057 2002 1120 imbe-

336 1144 483 1206 cilla
505 1145 1023 1227 exscindentes,et
1043 1150 1178 1230 quas
1197 1155 1335 1209 sunt
1356 1165 1539 1228 opera
1561 1147 1998 1219 convenientia,

331 1252 565 1314 magno
595 1234 806 1296 labore
835 1248 1210 1316 peragentes.
1247 1235 1417 1298 Tunc
1448 1236 1560 1312 illi,
1614 1237 1715 1318 qui
1762 1237 1997 1299 deliciis

323 1323 704 1386 fruebantur
729 1334 789 1385 et
819 1325 1193 1402 laetabantur,
1227 1335 1536 1407 eruperunt
1567 1345 1670 1389 eos
1701 1329 1801 1408 qui
1831 1326 1996 1388 labo-

325 1415 577 1495 rabant,
615 1415 907 1478 ludiﬁcari
934 1425 994 1476 et
1014 1417 1250 1480 dicere:
1281 1416 1482 1478 Miseri
1505 1425 1564 1479 et
1587 1417 1990 1493 miserabiles,

331 1505 502 1568 hunc
531 1509 634 1588 qui
667 1524 774 1568 vos
827 1507 1036 1588 afﬂigit
1093 1507 1358 1570 laborem
1411 1507 1718 1588 deponite,
1769 1517 1830 1571 et
1879 1528 1992 1571 no-

330 1593 572 1657 biscum
602 1596 894 1676 laetantes,
909 1616 1014 1659 vos
1034 1597 1270 1659 deliciis
1292 1597 1524 1677 explete
1538 1605 1598 1660 et
1615 1597 1990 1680 libidinibus,

329 1693 394 1746 et
423 1705 536 1748 cur
563 1695 849 1766 tanquam
881 1688 1236 1768 insipientes
1266 1687 1416 1749 duro
1463 1687 1670 1750 labore
1721 1688 1995 1750 dissolvi-

333 1777 511 1850 miui,
548 1787 611 1838 et
642 1787 854 1838 vestra:
882 1776 1012 1839 vita:
1043 1788 1314 1859 tempora
1334 1778 1394 1838 in
1423 1777 1700 1855 negotiis,
1736 1798 1872 1856 quae
1890 1798 1991 1842 vos

341 1867 637 1944 afﬂigunt,
666 1867 1021 1930 consumitis
1041 1866 1072 1927 ?
1113 1865 1251 1930 Haec
1283 1867 1573 1942 dicentes,
1609 1867 1990 1931 solvebantur
2015 1895 2053 1946 Β

345 1954 410 2016 in
445 1956 655 2030 risum,
680 1967 736 2017 et
768 1955 994 2019 dabant
1020 1956 1294 2036 plausum
1317 1955 1617 2030 manibus,
1651 1976 1988 2035 magnoque

339 2062 499 2106 sono
527 2064 630 2107 eos
653 2046 1079 2108 cachinnantes
1106 2047 1459 2108 irridebant.
1495 2049 1627 2108 Haec
1647 2057 1846 2109 autem
1870 2049 1990 2110 illis

328 2131 956 2214 facientibus,pluvios
968 2135 1187 2198 hiemis
1213 2154 1476 2209 menses,
1499 2135 1988 2217 tranquillissima

323 2232 605 2304 tempore
637 2239 1052 2306 exceperunt:
1087 2234 1146 2287 et
1175 2244 1318 2288 ecce
1362 2226 1754 2306 pulchrorum
1791 2236 1848 2286 et
1881 2245 1984 2287 va-

318 2313 551 2376 riorum
586 2315 805 2376 ﬂorum
839 2315 1216 2394 fragantibus
1271 2334 1451 2378 omne
1480 2334 1669 2395 genus
1698 2316 1989 2380 odoribus

326 2412 492 2482 prata
523 2404 1009 2480 exornabantur,
1059 2413 1120 2467 et
1169 2406 1382 2468 molles
1429 2404 1739 2468 botrorum
1799 2407 1988 2469 series

331 2493 750 2572 producebant
789 2497 1098 2575 palmites;
1145 2504 1202 2557 et
1224 2514 1256 2558 e
1279 2496 1443 2558 vario
1465 2515 1684 2576 genere
1705 2496 1986 2560 arborum

322 2586 470 2645 rami
501 2585 813 2648 stillantes
842 2587 1021 2648 melle
1051 2587 1283 2649 fructus
1305 2587 1744 2668 producebant,
1778 2589 1837 2650 in
1857 2590 1987 2669 qui-

319 2671 430 2734 bus
480 2674 1028 2737 animadvertimus
1075 2694 1265 2757 usque
1311 2679 1372 2738 in
1419 2678 1773 2740 hodiernum
1820 2681 1979 2742 diem

315 2763 635 2826 abundare
659 2765 842 2826 simul
863 2772 924 2826 et
944 2766 1288 2845 gratiam,et
1304 2765 1650 2839 fructum,et
1672 2769 1975 2836 decorem.

313 2854 488 2915 Tunc
515 2873 659 2915 cum
689 2855 1036 2916 laetarentur
1066 2855 1174 2931 illi,
1205 2857 1310 2932 qui
1334 2856 1826 2920 existimabantur
1847 2877 1980 2922 esse

316 2941 1032 3027 insipientes,caaperunt
1055 2944 1456 3027 lugereii,qui
1486 2946 1982 3011 existimabantur

319 3041 444 3086 esse
477 3026 647 3087 cives
677 3046 690 3086 :
727 3036 784 3086 et
814 3025 916 3106 qui
939 3037 1109 3088 erant
1129 3025 1464 3106 gloriosi'in
1493 3045 1599 3087 sua
1625 3028 1974 3109 intelligen-

317 3114 414 3188 tia,
453 3116 778 3195 perieront
809 3115 869 3176 in
899 3117 1024 3177 acri
1073 3116 1571 3179 ratiocinatione:
1627 3126 1686 3179 et
1737 3121 1974 3181 tandem

307 3202 476 3265 ducti
500 3205 886 3286 paenitentia,
905 3207 1064 3268 inter
1085 3225 1150 3268 se
1171 3216 1611 3268 murmurantes
1635 3217 1692 3269 et
1731 3225 1977 3289 gemen-

309 3300 401 3354 tes
431 3294 768 3358 dicebant:
796 3296 888 3358 Illi
919 3304 1083 3371 sunt,
1133 3315 1283 3377 quos
1314 3297 1638 3360 habuimus
1669 3298 1928 3361 ludibrio
1959 3322 1974 3377 ;

309 3401 527 3445 eorum
560 3384 831 3447 laborem
864 3388 1150 3467 probrum
1202 3385 1729 3448 existimabamus:
1767 3407 1974 3450 eorum

311 3474 491 3535 vitam
525 3475 704 3537 nihili
735 3475 1130 3554 faciebamus,
1188 3487 1468 3557 tauquam
1517 3477 1972 3555 miserabilem;

320 3580 526 3625 eorum
559 3565 807 3644 ﬁguram
828 3566 1250 3646 judicabamus
1274 3585 1404 3629 esse
1434 3567 1764 3646 indignam,
1798 3579 1855 3629 et
1877 3568 1974 3630 in-

327 3651 714 3733 telligentiam
748 3675 960 3718 eorum
1001 3658 1130 3718 sine
1159 3658 1409 3720 honore.
1445 3655 1492 3717 Ii
1521 3666 1720 3719 autem
1750 3658 1972 3720 inventi

328 3752 473 3802 sunt
500 3745 899 3826 iutelligentes
929 3765 942 3810 :
983 3755 1040 3808 et
1070 3765 1176 3810 nos
1206 3747 1449 3828 quidem
1477 3747 1800 3827 probamur
1833 3758 1972 3813 tunc

323 3829 511 3894 fuisse
539 3835 934 3912 miserabiles,
979 3837 1334 3917 insipientes
1379 3846 1438 3899 et
1482 3837 1669 3912 stulti,
1732 3841 1970 3920 quando

313 3940 514 4000 neque
540 3927 871 4008 nosisipsis
896 3928 1530 4008 operabamur,neque
1547 3927 1623 3990 iis
1639 3931 1740 4009 qui
1761 3949 1969 4010 opera-

307 4011 552 4090 bantur,
585 4017 862 4080 dedimus
893 4019 954 4078 in
985 4035 1167 4097 opere
1207 4017 1488 4080 auxilium
1520 4035 1534 4080 :
1590 4018 1692 4098 qui
1722 4021 1966 4100 quidem

308 4121 447 4164 cum
482 4123 752 4168 essemus
782 4108 842 4168 in
873 4106 1132 4181 deliciis,
1178 4126 1281 4169 eos
1336 4109 1508 4169 valde
1553 4108 1878 4185 irrisimus,
1911 4120 1970 4173 et

305 4193 478 4271 ipsos
506 4197 880 4259 credidimus
913 4215 1048 4260 esse
1097 4197 1471 4279 insipientes,
1525 4217 1672 4279 quos
1721 4201 1965 4279 quidem

306 4300 472 4345 nunc
500 4287 960 4366 resplendentes
982 4287 1514 4351 animadvertimus
1536 4298 1596 4350 et
1624 4289 1962 4354 ﬂorentes7.

389 4374 600 4438 XVIII.
626 4377 720 4438 Ad
743 4379 870 4440 haec
894 4377 1042 4439 dixit
1059 4377 1402 4458 praefectus:
1429 4377 1515 4440 Te
1531 4378 1775 4456 quidem
1796 4380 1964 4442 video

305 4481 445 4525 esse
492 4466 800 4544 sapienter
844 4469 972 4529 haac
1026 4477 1448 4548 persecutum:
1501 4468 1606 4530 sed
1652 4469 1726 4531 ad
1761 4489 1962 4532 meum

299 4571 664 4635 responsum
711 4575 830 4618 non
881 4557 1104 4620 videris
1157 4558 1550 4640 respondere.
1610 4559 1964 4623 Valerianus

302 4625 497 4706 dixit:
529 4644 746 4708 Dixisti
775 4665 884 4709 nos
913 4665 1048 4708 esse
1076 4625 1290 4709 stultos
1340 4657 1400 4710 et
1449 4647 1828 4730 insipientes,
1860 4649 1963 4730 qui
1986 4625 2030 4678 θ

301 4732 618 4797 facultates
635 4747 872 4799 nostras
894 4738 1106 4799 damus
1129 4737 1464 4819 egentibus,
1493 4740 1824 4820 proselytos
1854 4760 1959 4802 ex-

300 4823 790 4906 cipimus,viduis
811 4828 1264 4909 suppeditainus
1285 4847 1418 4910 qua:
1439 4841 1578 4891 sunt
1601 4831 1956 4909 nesessaria,

300 4916 596 4994 orphanis
625 4917 1037 4991 subvenimus,
1065 4936 1318 5000 corpora
1356 4919 1654 5000 insepulta
1684 4921 1955 4999 tegimus,

299 5010 368 5068 et
392 5023 536 5070 cum
559 5008 818 5069 maximo
845 5013 1078 5070 honore
1101 5009 1481 5071 celebramus
1505 5021 1828 5090 martyrum
1858 5013 1960 5075 de-

299 5095 655 5176 positiones.
690 5097 812 5160 Nos
834 5109 1032 5162 autem
1064 5099 1422 5180 insipientes
1447 5101 1731 5180 judicasti
1755 5112 1814 5163 et
1844 5103 1956 5166 de-

293 5187 576 5260 lirantes,
609 5187 711 5269 qui
740 5207 879 5250 cum
915 5189 989 5251 iis
1017 5191 1120 5270 qui
1149 5191 1450 5265 laetantur,
1484 5210 1608 5252 non
1657 5192 1951 5270 laetamur,

295 5295 411 5340 nec
436 5277 498 5340 in
521 5279 1059 5354 deliciisvivimus;
1085 5299 1198 5344 nec
1221 5290 1454 5344 nostras
1476 5283 1784 5362 explemus
1805 5283 1950 5346 libi-

2095 607 2202 682 illi,
2237 608 2339 690 qui
2389 627 2548 671 nunc
2581 607 2917 671 eﬁ‘eruntur
2943 607 3164 672 laetitiis
3196 631 3212 685 ;
3248 614 3340 671 est
3393 608 3552 670 enim
3589 628 3749 674 nunc

2091 703 2328 777 tempus
2345 696 2705 760 seminandi.
2734 695 2847 771 Qui
2869 715 3014 777 ergo
3046 699 3105 760 in
3127 697 3238 759 bac
3267 696 3384 758 vita
3418 697 3746 774 seminant,

2090 804 2220 866 quae
2279 794 2418 848 sunt
2463 784 2536 848 ad
2568 793 2830 867 tempus,
2889 786 3214 865 lacrymas,
3261 785 3323 848 in
3351 786 3454 849 illa
3486 785 3660 850 beata
3688 795 3749 850 et

2088 885 2309 938 aeterna
2340 875 2454 938 vita
2485 883 2713 939 metent
2741 875 3018 955 gaudium
3042 876 3477 955 sempiternum
3501 880 3555 941 8.
3588 877 3747 940 Dixit

2090 965 2444 1046 praefectus:
2480 966 2635 1046 Ergo
2687 975 2748 1028 et
2798 985 2932 1042 nos,
2989 974 3051 1030 et
3104 965 3311 1030 invicti
3351 965 3746 1048 imperatores

2088 1053 2312 1116 luctum
2345 1063 2635 1118 aeternum
2659 1054 3054 1129 habebimus;
3087 1073 3191 1118 vos
3219 1063 3420 1118 autem
3451 1067 3742 1120 aeternum

2085 1143 2367 1222 gaudium
2397 1143 3166 1226 possidebitis?Respondit
3183 1143 3559 1208 Valerianus:
3585 1146 3741 1220 Quid

2081 1233 2242 1296 enim
2278 1235 2422 1294 estis
2452 1251 2576 1314 vos,
2609 1245 2714 1296 aut
2769 1235 2951 1296 vestri
3007 1234 3405 1314 imperatores
3432 1234 3457 1296 ἲ
3485 1235 3741 1316 Impleto

2083 1322 2242 1384 enim
2279 1331 2475 1387 \estro
2510 1330 2780 1404 tempore
2817 1322 3166 1398 morientes,
3194 1341 3267 1384 eo
3300 1324 3589 1403 majorem
3611 1322 3738 1387 Deo

2081 1418 2225 1474 estis
2256 1411 2552 1474 reddituri
2586 1412 2901 1485 rationem,
2953 1431 3071 1493 quo
3122 1411 3291 1474 vobis
3336 1412 3409 1475 ab
3444 1432 3515 1474 eo
3547 1416 3740 1494 major

2080 1502 2215 1563 data
2271 1501 2382 1564 fuit
2441 1509 2722 1582 potestas.
2777 1500 2934 1564 Dixit
2980 1502 3294 1582 praefectus
3341 1502 3733 1566 Almachius:

2079 1589 2230 1663 Quid
2263 1592 2323 1652 in
2355 1590 2560 1652 verbis
2590 1591 2898 1652 volvendis
2948 1592 3346 1654 immoramur
3370 1590 3395 1654 ?
3417 1607 3422 1613 ·
3443 1593 3562 1655 Aut
3621 1593 3736 1656 diis

2080 1682 2216 1742 thus
2251 1683 2483 1755 ollerte,
2519 1688 2578 1742 et
2607 1680 2781 1742 illaesi
2810 1680 3116 1743 recedite:
3173 1689 3277 1742 aut
3315 1681 3472 1743 male
3500 1681 3649 1745 estis
3677 1691 3737 1745 et

2075 1771 2294 1833 acerbe
2323 1770 2620 1833 morituri.
2651 1771 2841 1832 Ambo
2872 1769 3394 1850 responderuntet
3414 1771 3729 1836 dixerunt:

2074 1861 2198 1923 Nos
2219 1879 2338 1921 non
2357 1859 2610 1940 diis,sed
2639 1862 2759 1922 Deo
2784 1860 3053 1941 quotidie
3075 1860 3393 1922 offerimus
3416 1861 3733 1925 sacriﬁcia.

2073 1948 2230 2013 Dixit
2263 1949 2614 2030 praefectus:
2649 1949 2798 2022 Quis
2855 1962 2947 2011 est
3005 1949 3184 2030 Deus,
3248 1950 3343 2012 cui
3377 1949 3578 2013 dicitis
3630 1971 3733 2014 vos

2071 2050 2340 2100 vestrum
2366 2041 2589 2102 offerre
2619 2039 2976 2102 sacriﬁcium
3002 2046 3029 2102 ’ἶ
3055 2038 3259 2102 Sancti
3288 2040 3735 2119 responderunt

2071 2139 2129 2189 et
2158 2129 2436 2191 dixerunt
2462 2147 2476 2192 :
2503 2131 2581 2193 Et
2605 2130 2740 2211 quis
2763 2139 2852 2192 est
2875 2130 3028 2191 alius
3063 2132 3222 2192 Deus
3252 2137 3470 2210 praeter
3492 2137 3684 2210 ipsum
3705 2137 3734 2195 ’ἶ

2071 2217 2188 2281 Cur
2217 2219 2292 2280 de
2328 2219 2446 2284 Deo
2479 2238 2589 2282 nos
2619 2218 2997 2301 interrogas?
3027 2218 3130 2281 Est
3168 2221 3326 2281 enim
3359 2220 3509 2282 alius
3542 2219 3724 2294 Deus,

2069 2317 2286 2388 praeter
2307 2329 2492 2370 unum
2522 2309 2548 2370 1’
2575 2309 2736 2371 Dixit
2771 2309 3083 2389 przefectus
3110 2329 3125 2370 :
3159 2309 3348 2381 Quem
3378 2329 3562 2371 unum
3596 2329 3731 2374 esse

2069 2398 2289 2472 dicitis,
2352 2401 2483 2479 ejus
2531 2419 2752 2461 nomen
2807 2406 3074 2480 requiro.
3134 2397 3298 2461 Dixit
3327 2399 3725 2462 Valerianus:

2069 2487 2178 2550 Dei
2208 2507 2428 2550 nomen
2463 2507 2584 2551 non
2615 2490 2942 2571 inveneris,
2991 2489 3226 2551 etiamsi
3287 2489 3481 2570 possis
3529 2491 3730 2551 volare

2071 2579 2304 2658 pennis.
2351 2579 2507 2643 Dixit
2538 2579 2898 2660 praefectus:
2955 2578 3115 2643 Jovis
3167 2597 3308 2658 ergo
3357 2597 3575 2641 nomen
3608 2598 3730 2643 non

2068 2676 2155 2729 est
2184 2670 2342 2731 Deus
2369 2675 2399 2733 ?
2429 2667 2587 2732 Dixit
2609 2670 2960 2732 Valerianus
2991 2691 3004 2729 :
3035 2670 3143 2732 Est
3172 2685 3391 2731 nomen
3417 2677 3727 2749 corrupto-

2063 2757 2147 2820 ris
2178 2767 2238 2818 et
2264 2758 2544 2832 adulteri,
2578 2778 2760 2837 quem
2799 2759 2984 2822 fuisse
3015 2759 3381 2821 occcisorem
3409 2759 3588 2820 vestri
3612 2777 3725 2820 au-

2065 2857 2262 2909 olores
2294 2859 2653 2930 memorant,
2705 2859 2765 2911 et
2811 2857 3216 2912 accusatorem
3262 2857 3485 2910 nostra;
3517 2859 3723 2911 osten-

2062 2935 2210 2998 dunt
2261 2936 2606 3017 Scriptum.
2669 2937 2841 3001 Hunc
2905 2947 2964 3001 tu
3030 2941 3219 3002 Deum
3256 2941 3723 3018 mirorquanam

2062 3025 2439 3106 impudentia
2469 3028 2817 3104 nominasti,
2845 3047 2980 3091 cum
3014 3028 3172 3090 Deus
3205 3027 3325 3090 dici
3359 3046 3478 3088 non
3510 3030 3719 3107 possit,

2061 3116 2174 3177 nisi
2210 3118 2311 3196 qui
2342 3119 2522 3179 estab
2547 3119 2711 3181 omni
2745 3127 2987 3200 peccato
3021 3119 3276 3192 alienus,
3301 3117 3404 3198 qui
3434 3120 3718 3180 estetiam

2064 3205 2276 3286 plenus
2308 3209 2768 3288 omnipotentia.
2801 3208 2954 3270 Dixit
2993 3207 3302 3287 praefectus
3329 3224 3342 3269 ε
3379 3211 3532 3285 Ergo
3564 3217 3722 3269 errat

2060 3297 2255 3357 omnis
2287 3297 2568 3378 mundus,
2594 3308 2654 3360 et
2688 3310 2748 3360 tu
2779 3317 2917 3361 cum
2941 3307 3043 3361 tuo
3074 3298 3257 3360 fratre
3288 3299 3477 3361 Deum
3507 3315 3716 3360 verum

2060 3387 2615 3465 cognovisti?Dixit
2637 3388 3030 3452 Valerianus:
3066 3386 3531 3450 [innumerabilis
3566 3388 3720 3449 mul-

2061 3475 2248 3538 titudo
2275 3478 2714 3540 Christianismi
2742 3478 2975 3559 accepit
3000 3478 3398 3541 sanctitatem.
3429 3479 3552 3540 Imo
3582 3496 3717 3539 vero

2059 3583 2163 3628 vos
2193 3567 2364 3646 pauci
2398 3569 2563 3640 estis,
2597 3567 2696 3650 qui
2730 3569 3110 3630 remansistis
3143 3574 3420 3648 tanquam
3454 3567 3656 3628 scissae
3682 3582 3716 3629 e

2057 3658 2363 3734 naufragio
2396 3657 2632 3733 tabulas,
2668 3658 2740 3719 ad
2776 3659 2922 3722 nihil
2971 3657 3128 3720 aliud
3164 3659 3566 3738 proﬁcientes,
3601 3657 3716 3720 nisi

2055 3755 2122 3810 ut
2150 3747 2212 3808 in
2247 3748 2381 3828 igne
2406 3748 2745 3827 jaciamini.

2133 3836 2290 3901 XIX.
2325 3836 2495 3899 Tunc
2527 3839 2711 3900 iratus
2742 3838 3087 3919 prmfectus,
3136 3837 3320 3917 jussit
3371 3857 3507 3898 eum
3561 3836 3710 3898 caedi

2052 3926 2258 4004 virgis.
2320 3925 2431 3989 Ille
2481 3937 2676 3990 autem
2714 3929 3026 3992 confestim
3060 3927 3203 3990 dum
3259 3926 3706 4002 verberaretur,

2053 4015 2224 4077 laetus
2254 4019 2432 4096 coepit
2461 4017 2668 4080 dicere
2697 4039 2710 4080 :
2742 4019 2897 4081 Ecce
2931 4019 3098 4092 hora,
3133 4035 3310 4099 quam
3345 4017 3516 4079 valde
3547 4017 3708 4079 desi-

2052 4105 2364 4182 derabam,
2399 4114 2459 4168 et
2490 4125 2633 4169 ecce
2655 4107 2785 4169 dies
2815 4106 2979 4168 omni
3012 4107 3161 4169 festo
3185 4105 3332 4166 mihi
3353 4105 3708 4185 jucundior.

2050 4193 2203 4256 Dum
2262 4194 2473 4257 beatus
2531 4197 2976 4271 verberaretur,
3038 4214 3232 4276 praeco
3291 4213 3503 4275 magna
3557 4213 3706 4258 voce

2052 4284 2390 4348 clamabat:
2426 4285 2582 4348 Deos
2608 4296 2667 4348 et
2699 4285 2842 4348 deas
2865 4285 2987 4346 noli
3014 4284 3352 4346 maledictis
3376 4285 3701 4348 incessere.

2055 4375 2159 4437 Ille
2183 4386 2386 4438 autem
2411 4375 2483 4437 ad
2511 4377 2791 4457 populum
2813 4373 3127 4449 clamabat,
3145 4373 3377 4435 dicens:
3396 4371 3521 4436 Viri
3543 4375 3703 4436 cives

2048 4465 2482 4546 Romanorum,
2515 4464 2734 4541 videte,
2770 4483 2848 4527 ne
2878 4465 3004 4527 haec
3038 4463 3207 4545 plaga
3236 4481 3338 4525 vos
3370 4481 3404 4523 a
3457 4463 3703 4526 veritate

2047 4566 2295 4634 avertat,
2330 4558 2434 4621 sed
2468 4563 2616 4619 state
2639 4557 2893 4632 fortiter,
2927 4563 2986 4618 et
3016 4555 3159 4616 deos
3210 4552 3476 4634 lapideos
3508 4562 3566 4616 et
3619 4553 3699 4616 Ii-

2045 4667 2256 4729 gneos,
2289 4667 2438 4728 quos
2459 4646 2600 4710 colit
2622 4645 2972 4711 Almacbius
3000 4646 3335 4726 praefectus,
3368 4643 3430 4704 in
3471 4647 3698 4707 calcem

2045 4740 2394 4800 convertite.
2433 4735 2578 4799 Nam
2611 4753 2845 4809 omnes,
2880 4735 2983 4816 qui
3014 4753 3118 4796 eos
3149 4733 3376 4809 colunt,
3435 4735 3700 4798 eruntin

2044 4829 2366 4890 afﬂictione
2388 4835 2447 4888 et
2466 4827 2761 4908 supplicio
2784 4833 3033 4889 aeterno.
3058 4823 3227 4888 Tunc
3249 4823 3356 4902 qui
3387 4843 3521 4886 cum
3552 4843 3698 4908 prae-

2043 4919 2195 4981 fecto
2225 4917 2574 4980 considebat
2603 4916 2985 4996 Tarquinius,
3021 4916 3122 4996 qui
3150 4913 3328 4978 etiam
3381 4913 3576 4976 dictus
3605 4923 3698 4977 est

2040 5011 2281 5084 Laccas,
2315 5007 2590 5090 praefecto
2621 5006 2769 5068 dicit
2806 5004 2866 5067 in
2896 5014 3174 5068 secreto:
3210 5003 3494 5066 Invenisti
3525 5023 3696 5067 occa-

2038 5099 2298 5178 sionem,
2357 5097 2598 5159 domine
2655 5095 2760 5171 mi,
2817 5095 2958 5157 tolle
3016 5113 3120 5156 eos
3169 5093 3613 5176 quamprimum
3658 5113 3696 5157 a

2039 5198 2220 5252 terra.
2252 5186 2398 5250 Nam
2420 5186 2471 5248 si
2493 5186 2844 5260 tardaveris,
2879 5195 2939 5247 et
2968 5185 3044 5247 de
3077 5184 3175 5246 die
3206 5184 3268 5245 in
3300 5183 3459 5246 diem
3487 5191 3691 5249 traxe-

2037 5280 2146 5357 ris,
2176 5297 2386 5340 omnes
2409 5295 2546 5339 suas
2577 5277 2887 5338 facultates
2909 5274 3271 5338 distribuent
3294 5273 3704 5355 pauperibus,»

295 5363 496 5448 diues,
521 5385 634 5432 nec
652 5369 1036 5434 illiberaliter
1055 5389 1264 5433 sumus
1285 5370 1522 5434 lascivis
1543 5361 1604 5434 et
1625 5373 1947 5456 impudicis
2031 5378 2090 5435 et
2117 5374 2206 5431 eis
2238 5367 2529 5450 supplicio
2560 5365 2809 5456 affectis,
2833 5377 2908 5456 tu
2960 5363 3108 5456 nihil
3165 5363 3456 5456 invenies.
3521 5361 3688 5456 Tunc

292 5458 512 5543 geniis,
547 5461 942 5523 ostendentes
972 5479 1079 5523 nos
1098 5480 1246 5540 esse
1285 5461 1511 5525 liberos
1540 5472 1600 5525 et
1625 5453 1944 5543 ingenuos.

2066 5458 2369 5540 iraafectus,
2401 5475 2534 5520 cum
2567 5456 2622 5518 ei
2655 5453 2977 5536 placuisset
3005 5454 3173 5518 illius
3202 5453 3684 5534 consilium,jus-

293 5535 915 5627 Veniettempus,quo
935 5535 1479 5626 accipiemusmille
1497 5535 1948 5629 cuplosfructus
2027 5535 2104 5611 sit
2133 5535 2469 5630 lictoribus,
2502 5554 2566 5609 ut
2593 5535 2700 5610 eos
2728 5544 3123 5625 abducerent,
3189 5543 3296 5607 ubi
3347 5550 3476 5606 erat
3522 5543 3687 5609 lovis

371 5707 400 5760 7
429 5707 562 5794 Sap.
595 5725 655 5796 v,
691 5714 718 5773 4
758 5724 936 5790 seqq.
1025 5707 1058 5759 8
1083 5706 1241 5776 Psal.
1267 5725 1444 5790 cxxv,
1475 5712 1535 5777 5.
