4136 6414
444 359 557 423 175

1735 362 1899 425 ΜΕΝ
1906 360 2017 424 SlS
2061 360 2505 426 NOVEMBER.

3709 359 3818 423 176

424 502 643 571 statua,
705 502 764 558 et
814 494 995 575 jussit
1052 502 1135 571 ut,
1196 495 1313 557 nisi
1361 494 1539 557 ambo
1590 494 1809 558 vellent
1835 496 2617 579 imaginiAproticiscimini
2646 498 2722 561 ad
2783 513 3072 560 coronam
3098 494 3369 576 justitiae,
3407 512 3582 573 quam
3611 493 3825 558 reddet

430 585 596 649 Jovis
654 583 1014 659 sacrificare,
1050 584 1229 646 simul
1281 583 1554 646 subirent
1590 584 1950 667 supplicium
1984 604 2085 647 ca-

429 676 589 755 pitis.
623 675 792 737 Tunc
824 673 1149 736 venerandi
1181 682 1243 738 et
1273 674 1519 753 gloriosi
1549 674 1773 738 Christi
1807 684 2091 757 martyres

425 763 786 827 Valerianus
816 772 877 826 et
904 763 1209 827 Tiburtius
1252 764 1494 827 abducti
1547 773 1686 827 sunt
1741 784 1773 825 a
1830 765 2087 826 Maximo

428 854 702 935 praefecti
736 854 1104 917 cubiculario
1135 855 1196 915 in
1229 856 1452 934 locum,
1480 854 1582 935 qui
1613 853 1835 915 dicitur
1871 857 2089 935 Pagus.

430 945 546 1018 Qui
581 944 823 1025 quidem
847 944 1144 1007 Maximus
1173 951 1354 1025 coepit
1378 962 1482 1006 eos
1506 944 1823 1021 deﬂere,et
1842 944 2085 1008 dicere:

426 1032 477 1096 0
512 1033 771 1113 pretiosa
792 1040 854 1094 et
876 1033 1099 1096 ﬂorens
1115 1034 1398 1114 juventus
1424 1033 1436 1095 !
1462 1033 1511 1096 0
1532 1034 1833 1096 vinculum
1860 1054 2092 1115 magna;

428 1119 820 1183 fraternitatis
846 1122 859 1181 Ξ
888 1119 935 1184 0
967 1139 1074 1201 par
1096 1121 1569 1203 pulcherrimum
1601 1128 1660 1183 et
1689 1138 2043 1199 generosum
2072 1121 2086 1180 l

426 1210 547 1275 Cur
577 1229 678 1273 vos
710 1212 770 1272 in
802 1212 1022 1273 malum
1058 1219 1119 1272 et
1178 1211 1429 1292 impium
1462 1211 1642 1273 finem
1690 1212 1958 1273 volentes
1992 1230 2091 1274 vos

428 1301 592 1380 ipsos
622 1302 943 1382 projicere,
979 1309 1039 1362 et
1067 1301 1141 1362 ad
1180 1301 1509 1363 maximum
1547 1301 1791 1363 tendere
1816 1302 2085 1378 exitium,

426 1390 511 1452 ita
536 1392 830 1454 festinatis
864 1398 1141 1472 tanquam
1173 1391 1277 1472 qui
1309 1391 1383 1451 ad
1416 1390 1704 1469 laatitiam,
1765 1401 1825 1453 et
1857 1397 2089 1471 magni-

431 1479 605 1543 ﬁcam
640 1489 702 1543 et
731 1481 950 1541 lautam
973 1498 1203 1542 ctenam
1232 1481 1576 1543 vocemini‘!
1607 1479 1776 1543 Tunc
1806 1481 1952 1543 dixit
1982 1482 2087 1543 Ti-

434 1567 713 1633 burtius:
747 1569 867 1631 Nos
897 1570 945 1631 si
978 1590 1097 1632 non
1133 1588 1273 1632 vere
1304 1570 1729 1633 didicissemus
1749 1572 1923 1633 aliam
1960 1590 2091 1634 esse

432 1660 610 1720 vitam
644 1670 951 1733 aeternam,
990 1679 1123 1741 quae
1152 1661 1331 1724 vitam
1395 1669 1747 1742 praesentem
1798 1664 2090 1743 sequitur,

433 1768 555 1811 non
575 1750 975 1830 gauderemus
999 1769 1129 1813 eam
1154 1751 1611 1814 amittere.Dicit
1641 1752 1730 1811 eis
1760 1752 2087 1816 Maximus:

2171 586 2341 648 vobis
2361 587 2561 667 justus
2591 587 2818 651 iudex:
2856 605 2974 650 non
3006 586 3201 649 solum
3247 593 3447 648 autem
3494 583 3683 659 vobis,
3715 583 3824 646 sed

2173 676 2353 739 etiam
2413 676 2713 754 omnibus,
2777 676 2878 757 qui
2931 675 3190 755 diligunt
3237 675 3555 738 adventum
3588 675 3722 753 ejus
3743 673 3821 736 ιο.

2178 768 2363 828 Locus
2394 776 2616 841 autem,
2653 767 2753 849 qui
2785 766 3006 828 dicitur
3033 764 3245 845 Pagus,
3282 773 3409 827 erat
3440 763 3587 826 situs
3614 772 3825 843 quarto

2174 854 2373 936 lapide
2405 855 2479 917 ab
2510 855 2659 919 urbe
2691 858 2902 938 Roma,
2934 855 3007 918 ad
3035 874 3213 937 quem
3236 863 3364 918 erat
3396 855 3824 917 transeundum

2176 963 2363 1027 prope
2394 953 2621 1026 portam
2661 945 2964 1027 templi,ut
2988 952 3329 1028 quicunque
3355 945 3496 1009 illac
3520 944 3822 1018 transibat,

2176 1034 2292 1096 nisi
2321 1035 2479 1098 iovis
2511 1036 2831 1099 simulacro
2864 1036 3000 1098 thus
3031 1035 3640 1118 oil‘erret,puniretur.
3675 1035 3825 1098 Cum

2175 1124 2236 1186 in
2269 1144 2406 1187 eum
2440 1134 2638 1189 autem
2674 1128 2869 1189 locum
2897 1126 3201 1188 venissent
3223 1126 3415 1187 sancti
3443 1123 3751 1187 Tiburtius
3773 1132 3834 1186 et

2175 1216 2550 1292 Valerianus,
2589 1217 2914 1298 pretiosum
2961 1217 3099 1278 thus
3147 1214 3659 1291 obtulerunt,Deo
3690 1214 3834 1276 offe-

2172 1315 2373 1366 rentes
2431 1322 2571 1367 suos
2630 1314 3045 1367 accusatores:
3096 1314 3156 1367 et
3206 1304 3293 1367 sic
3337 1306 3504 1366 ﬂexis
3546 1303 3825 1381 genibus,

2172 1393 2340 1455 fuere
2369 1394 2507 1455 caesi
2540 1394 2759 1473 gladio,
2789 1403 2849 1456 et
2872 1395 3096 1456 amisso
3125 1395 3237 1457 hoc
3259 1395 3483 1456 caduco
3506 1403 3564 1456 et
3586 1393 3832 1456 mortali

2174 1501 2450 1563 corpore,
2486 1498 2769 1546 aeternam
2802 1494 2863 1546 et
2893 1502 3025 1565 quin
3056 1503 3175 1545 non
3201 1492 3398 1567 potest
3428 1501 3829 1560 marcescere,

2180 1573 2448 1652 martyrii
2483 1592 2769 1635 coronam
2801 1592 3115 1653 accepere.

2258 1660 2416 1725 XXI.
2440 1664 2606 1725 Tunc
2635 1662 2922 1724 Maximus
2940 1663 3153 1743 jurans
3174 1661 3415 1725 dicebat
3441 1685 3454 1726 :
3486 1662 3622 1726 Vidi
3641 1682 3838 1742 angeo

2176 1752 2269 1814 los
2294 1752 2402 1814 Dei
2434 1762 2715 1834 tanquam
2742 1752 2929 1814 solem
2958 1752 3521 1835 resplendentes,ea
3544 1754 3689 1816 hora
3718 1773 3845 1834 qua

438 1839 511 1934 _Et
566 1849 1072 1934 quaenampotest
1104 1859 1235 1903 esse
1268 1842 1382 1934 alia
1437 1841 1552 1902 vita
1574 1848 1601 1903 ?
1629 1839 1959 1934 Respondit
1989 1843 2089 1906 Ti—
2118 1882 2154 1934 Β
2179 1842 2372 1922 gladio
2404 1850 2544 1934 sunt
2574 1843 2866 1924 percussi,
2914 1850 2974 1904 et
3003 1853 3290 1934 exeuntes
3347 1862 3553 1906 eorum
3606 1844 3844 1906 animas

435 1929 688 2012 burtius,
725 1939 785 1993 et
813 1930 997 1994 dixit:
1037 1930 1348 2002 Quomodo
1375 1949 1595 2012 corpus
1625 1930 2095 1995 induiturindu-

436 2011 679 2086 mentis,
715 2018 795 2072 ita
827 2013 1006 2073 etiam
1041 2014 1239 2074 anima
1262 2012 1533 2074 induitur
1554 2029 1829 2093 corpore.
1859 2012 1930 2075 Et
1952 2034 2092 2076 cor-

435 2118 546 2182 pus
578 2099 821 2181 quidem
856 2109 1140 2179 tanquam
1196 2120 1403 2164 semen
1454 2111 1763 2182 terrestre,
1811 2122 1917 2183 per
1951 2105 2091 2165 libi-

436 2193 635 2255 dinem
662 2194 726 2254 in
750 2203 1045 2257 terrenam
1072 2195 1385 2258 matricem
1412 2196 1796 2261 immittitur:
1825 2200 2089 2279 genitum

433 2294 630 2347 autem
660 2293 719 2346 et
747 2287 1057 2362 nutritum,
1083 2294 1144 2347 et
1171 2286 1402 2367 lapsum
1432 2289 1491 2349 in
1520 2290 1734 2352 mortis
1760 2291 2088 2371 interitum,

437 2382 498 2437 et
526 2374 587 2435 in
620 2375 922 2455 pulverem
956 2393 1333 2451 conversum,
1384 2385 1662 2460 tanquam
1723 2380 1962 2461 phasnix
1995 2380 2089 2442 fu-

437 2472 586 2526 turas
614 2464 764 2527 lucis
791 2465 993 2546 specie
1039 2466 1414 2530 excitabitur.
1478 2469 1697 2532 Anima
1752 2490 1891 2532 vero
1936 2477 1985 2532 si
2018 2472 2092 2532 sit

438 2561 662 2632 sancta,
700 2555 927 2617 feretur
957 2556 1017 2616 in
1052 2556 1314 2637 paradisi
1367 2557 1633 2639 delicias,
1686 2568 1749 2621 ut
1777 2562 1997 2622 florens
2029 2562 2091 2621 in

438 2643 690 2725 deliciis,
752 2654 1061 2727 exspectet
1118 2655 1357 2727 tempus
1426 2667 1549 2710 sum
1606 2651 2087 2715 resurrectionis.

437 2732 592 2796 Dicit
619 2735 707 2796 eis
730 2736 1058 2797 Maximus:
1078 2736 1317 2798 Vellem
1345 2756 1455 2817 ego
1480 2758 1717 2819 quoque
1739 2742 1890 2803 hanc
1914 2742 2089 2803 vitam

442 2842 755 2905 respuere,
788 2825 837 2887 si
870 2826 945 2887 de
976 2826 1052 2887 iis
1083 2844 1216 2907 quae
1247 2826 1397 2888 dicis
1430 2846 1667 2909 possem
1688 2831 1819 2893 fieri
1843 2832 2085 2895 certior.

440 2914 595 2976 Dicit
623 2914 679 2977 ei
710 2912 1062 2977 Valerianus
1095 2937 1107 2978 :
1141 2914 1436 2988 Quoniam
1470 2918 1624 2983 dicis
1669 2921 1774 2983 tibi
1806 2923 1955 2984 nihil
1987 2941 2093 2985 su-

441 3022 709 3086 peresse,
747 3005 864 3066 nisi
897 3014 959 3066 ut
990 3004 1209 3087 probes
1243 3025 1379 3068 vera
1406 3026 1561 3090 esse,
1616 3030 1748 3093 quae
1784 3012 1888 3075 tibi
1937 3014 2093 3075 dixi-

439 3111 607 3155 mus:
643 3112 712 3155 ea
745 3094 915 3173 hora,
949 3114 1064 3176 qua
1092 3094 1267 3158 faciet
1329 3099 1617 3161 Dominus
1666 3120 1773 3163 nos
1826 3103 2095 3182 corporis

439 3184 702 3248 tunicam
732 3203 949 3247 exuero
980 3186 1041 3246 in
1092 3186 1350 3265 gloriosa
1396 3190 1657 3252 nominis
1688 3191 1821 3271 ejus
1853 3194 2093 3254 confes-

437 3274 629 3354 sione,
665 3282 893 3355 aperiet
921 3274 1204 3337 dominus
1256 3277 1462 3339 oculos
1515 3288 1669 3356 tuos,
1704 3288 1765 3342 et
1820 3282 1994 3344 faciet
2042 3290 2097 3344 te

440 3364 736 3445 aspicere,
769 3383 908 3426 cum
942 3375 1165 3441 quanta
1195 3366 1383 3445 gloria
1413 3368 1517 3431 illa
1548 3370 1666 3431 vita
1716 3371 2013 3447 redditur,
2046 3376 2094 3433 si

440 3461 640 3515 tamen
700 3456 1010 3534 promittas
1068 3455 1263 3530 nobis,
1339 3458 1497 3537 quod
1558 3478 1628 3521 ex
1702 3469 1823 3523 toto
1895 3463 2095 3525 animo

438 3542 645 3605 venies
674 3544 745 3605 ad
783 3543 863 3603 tui
897 3544 1120 3605 erroris
1152 3544 1587 3625 pcenitentiam.

520 3630 825 3695 XX.Tunc
839 3634 1133 3696 Maximus
1146 3636 1530 3700 anathemate
1552 3639 1815 3721 seipsum
1836 3643 2089 3719 devovit,

439 3720 648 3784 dicens
679 3744 690 3779 :
722 3723 1009 3786 Flammis
1040 3724 1192 3803 ignis
1217 3744 1560 3804 consumar,
1588 3720 1701 3792 nisi
1723 3730 1795 3793 ab
1822 3732 1928 3795 bac
1951 3736 2095 3796 hora

439 3811 605 3905 illum
636 3813 1053 3905 solumqDeuim
1090 3816 1452 3890 confitebor,
1488 3825 1590 3899 qui
1624 3820 1786 3903 facit,
1847 3833 1910 3885 ut
1964 3835 2094 3905 post

440 3902 591 3963 hanc
611 3902 786 3964 vitam
813 3903 928 3965 alia
953 3904 1070 3964 vita
1099 3915 1405 3986 sequatur,
1442 3908 1555 3971 hoc
1591 3910 1738 3972 mihi
1769 3902 1978 3975 Solum'
1992 3934 2093 3977 vos

438 3991 753 4067 ostendite,
818 3993 979 4070 quod
1039 4000 1184 4056 estis
1244 3996 1517 4076 polliciti.
1554 3997 1625 4061 Ei
1667 4000 1874 4063 dicunt
1905 4006 2093 4071 sancti

438 4089 729 4161 martyres
750 4080 1062 4176 Tiburtius
1090 4094 1149 4146 et
1173 4083 1556 4176 Valerianus:
1582 4091 1737 4152 Jube
1756 4091 2088 4176 lictoribus,

531 4188 639 4232 nos
675 4176 733 4265 in
767 4171 1013 4235 domum
1050 4182 1210 4237 tuam
1242 4175 1566 4255 abducant,
1600 4189 1654 4242 et
1686 4181 1995 4265 faciemus,
2030 4171 2094 4247 ut

436 4259 579 4322 illuc
638 4262 710 4323 ad
778 4271 834 4326 te
893 4265 1089 4326 veniat
1142 4266 1511 4348 pacificator,
1573 4270 1676 4350 qui
1728 4272 1837 4334 hac
1889 4259 2087 4353 nocte,

437 4358 754 4431 postquam
787 4352 974 4415 fueris
1007 4354 1378 4434 puriﬁcatus,
1417 4358 1594 4422 faciet
1623 4369 1688 4423 ut
1749 4362 1949 4426 videas
2005 4364 2089 4441 id,

436 4441 595 4534 quod
630 4440 738 4534 tibi
770 4444 1178 4534 promisimus.
1212 4444 1357 4508 Cum
1393 4456 1591 4511 autem
1639 4452 1932 4515 Maximus
1957 4440 2094 4534 jus4

2180 1950 2213 1994 e
2244 1932 2623 2015 corporibus,
2662 1945 2941 2013 tanquam
2973 1933 3237 2013 virgines
3269 1952 3301 1996 e
3350 1934 3630 1997 thalamo.
3673 1934 3844 2007 Quas

2177 2040 2312 2084 cum
2345 2022 2505 2083 ulnis
2557 2022 2934 2104 excepissent
2991 2025 3209 2101 angeli,
3269 2026 3675 2106 strepentibus
3720 2024 3843 2087 alis

2178 2110 2526 2174 ferebantur
2558 2112 2617 2174 in
2650 2114 2889 2174 coelum.
2928 2112 3065 2175 Haec
3093 2114 3345 2176 Maximo
3392 2124 3672 2177 narrante
3691 2133 3843 2178 cum

2177 2201 2478 2281 lacrymis,
2516 2203 2683 2262 multi
2718 2202 3103 2264 crediderunt
3132 2204 3190 2264 in
3222 2203 3541 2268 Dominum
3562 2214 3842 2267 nostrum

2176 2292 2377 2355 Jesum
2400 2292 2727 2366 Christum,
2757 2302 2813 2353 et
2835 2294 3117 2354 conversi
3139 2293 3213 2355 ab
3236 2312 3441 2356 errore
3470 2294 3843 2358 simulacro-

2175 2398 2333 2457 rum,
2370 2382 2600 2460 seipsos
2632 2381 3008 2444 tradiderunt
3042 2390 3247 2445 sancto
3278 2384 3507 2447 Vibano
3540 2404 3649 2446 suo
3698 2403 3840 2447 ma-

2176 2474 2389 2549 gistro.
2409 2472 2556 2534 Cum
2583 2478 2778 2533 autem
2794 2473 2866 2534 ad
2894 2472 3266 2535 Almachium
3291 2474 3458 2536 urbis
3483 2474 3840 2556 praefectum

2176 2560 2438 2623 venisset
2469 2560 2648 2637 fama,
2687 2562 2850 2639 quod
2905 2563 3192 2625 Maximus
3243 2564 3646 2628 cubicularius
3692 2584 3840 2627 cum

2176 2650 2459 2713 omnibus
2489 2652 2615 2712 suis
2646 2650 2833 2713 factus
2866 2661 3026 2713 esset
3055 2652 3455 2730 Christianus,
3485 2655 3661 2733 jussit
3692 2673 3841 2718 eum

2178 2740 2384 2805 tandiu
2415 2741 2720 2804 verberari
2750 2742 2941 2819 globis
2975 2742 3297 2823 plumbeis,
3332 2744 3525 2807 donec
3556 2746 3842 2826 spiritum

2177 2831 2498 2894 emitteret.
2550 2830 2735 2904 Quem
2789 2841 2994 2895 sancta
3046 2832 3261 2896 Christi
3323 2844 3550 2916 martyr
3601 2834 3847 2899 Caecilia

2180 2940 2315 2983 cum
2351 2922 2656 3003 posuisset
2685 2920 2954 3002 proxime
2983 2933 3223 2987 sanctos
3250 2924 3357 2987 Dei
3410 2933 3704 3007 martyres
3730 2927 3840 2988 Ti-

2181 3010 2445 3073 burtium
2468 3018 2527 3074 et
2552 3010 2966 3087 Valerianum,
2998 3012 3279 3094 deposuit
3308 3015 3371 3077 in
3394 3033 3555 3093 arca,
3578 3024 3639 3078 et
3659 3018 3843 3096 jussit

2181 3101 2335 3162 utin
2364 3119 2504 3163 arca
2536 3100 2667 3179 ejus
2694 3100 3137 3182 insculperetur
3184 3103 3449 3184 phcenix,
3502 3106 3577 3166 ad
3627 3115 3838 3167 osten-

2180 3190 2441 3252 dendam
2473 3192 2609 3269 ejus
2632 3190 2834 3267 fidem,
2863 3191 2960 3271 qui
2987 3210 3051 3253 se
3075 3192 3460 3257 inventurum
3485 3212 3620 3257 esse
3641 3212 3837 3256 resur-

2180 3280 2518 3342 rectionem
2545 3280 2838 3361 phaenicis
2860 3281 3134 3362 exemplo
3169 3282 3521 3347 admiserat.
3555 3283 3732 3347 Facta
3750 3294 3839 3347 est

2182 3377 2380 3432 autem
2417 3378 2553 3450 post
2576 3369 3055 3448 haecinquisitio.
3092 3370 3284 3454 Ccepit
3308 3375 3468 3435 enim
3489 3374 3842 3437 Almacbius

2182 3462 2498 3542 praefectus
2533 3460 2846 3523 amborum
2880 3461 3127 3525 fratrum
3184 3482 3455 3545 quaerere
3505 3464 3841 3541 facultates,

2183 3559 2427 3632 propter
2458 3570 2603 3633 quas
2636 3551 2869 3614 volebat
2900 3553 3078 3615 etiam
3116 3572 3389 3632 quarere
3418 3563 3683 3618 sanctam
3711 3557 3839 3619 Cte-

2180 3640 2399 3718 ciliam,
2441 3651 2507 3705 ut
2538 3640 2835 3704 Valeriani
2865 3642 3211 3723 conjugem,
3244 3653 3305 3709 et
3322 3646 3503 3725 jussit
3524 3664 3655 3708 eam
3673 3646 3840 3728 apud

2178 3750 2244 3794 se
2273 3731 2425 3797 sisti.
2461 3731 2603 3805 Quae
2634 3733 2875 3814 quidem
2932 3742 3243 3813 postquam
3296 3737 3517 3817 omnia,
3569 3755 3701 3818 quae
3731 3755 3842 3799 su-

2178 3823 2522 3902 perfuerant
2552 3843 2626 3886 ex
2662 3840 2871 3886 eorum
2902 3822 3305 3902 facultatibus,
3351 3827 3611 3890 fideliter
3639 3825 3845 3889 distri-

2178 3912 2404 3977 buisset
2432 3913 2822 3995 pauperibus,
2856 3916 3034 3992 ccepit
3065 3914 3166 3978 ille
3222 3934 3459 3995 urgere,
3495 3924 3559 3978 ut
3600 3934 3671 3980 ea
3699 3917 3849 3980 thus

2177 4004 2441 4067 offerret.
2479 4007 2645 4068 Tunc
2676 4004 2823 4067 dixit
2857 4005 3174 4087 ministris,
3212 4008 3311 4087 qui
3341 4025 3473 4070 eam
3516 4006 3844 4087 urgebant,

2177 4102 2241 4157 ut
2270 4094 2384 4156 hoc
2414 4096 2678 4159 faceret:

2258 4182 2435 4248 XXII.
2507 4184 2725 4248 Audite
2787 4206 2905 4266 me,
2958 4189 3120 4253 cives
3167 4195 3225 4252 et
3254 4188 3509 4253 fratres:
3549 4185 3665 4251 Vos
3693 4187 3851 4251 estis

2183 4275 2439 4337 ministri
2501 4277 2683 4339 vestri
2739 4279 3033 4360 praesidis,
3091 4288 3150 4343 et
3191 4279 3426 4343 videtur
3453 4276 3647 4360 vobis,
3680 4279 3853 4361 quod

2181 4364 2540 4430 desideratis
2568 4386 2701 4431 esse
2732 4370 2914 4433 alieni
2936 4370 3009 4431 ab
3040 4370 3172 4452 ejus
3205 4369 3535 4451 impietate.
3565 4368 3709 4431 Mihi
3730 4387 3853 4431 au-

2180 4464 2302 4516 tem
2337 4465 2427 4517 est
2457 4456 2787 4537 gloriosum
2822 4468 2879 4521 et
2908 4458 3079 4521 valde
3109 4458 3602 4536 desiderantium,
3636 4460 3853 4521 omnia

436 4529 990 4645 sisset-Ectot-iﬂb‘us,‘
1005 4533 1403 4645 abduxerunt.
1422 4555 1528 4639 eos
1558 4539 1620 4601 in
1652 4529 2089 4645 domum_ejus.
2117 4545 2300 4645 Dpati
2331 4529 2529 4625 gravia
2564 4567 2671 4628 pro
2702 4548 3353 4645 Christiconfessione.
3379 4546 3526 4645 Nam
3555 4529 3694 4645 cum
3722 4548 3850 4645 hac

436 4616 703 4718 Quo-rum
738 4621 1165 4718 praedicatione
1190 4626 1319 4706 ipse
1350 4627 1643 4692 Maximus
1667 4649 1803 4692 cum
1840 4616 2095 4699 tota'sua
2117 4616 2161 4645 υ
2180 4616 2296 4696 vita
2325 4616 2627 4718 nunquam
2658 4640 2838 4702 statui
2870 4639 3051 4701 ullam
3090 4638 3313 4701 habere
3343 4638 3692 4701 amicitiam.
3717 4637 3845 4702 Sed

434 4711 661 4775 familia
682 4716 913 4811 et_ipsis
945 4717 1255 4811 lictoribus
1281 4724 1673 4788 crediderunt
1695 4724 1755 4787 in
1777 4729 2094 4793 Dominum
2182 4742 2259 4785 ne
2288 4724 2417 4787 sitis
2448 4711 2524 4790 de
2554 4737 2758 4791 nostra
2788 4728 3032 4792 solliciti
3055 4730 3398 4811 juventute,
3430 4746 3607 4809 quam
3641 4730 3848 4792 omnis

436 4804 945 4901 nostrum-Jesum
985 4807 1307 4875 Christum,
1371 4815 1536 4876 Tunc
1592 4826 1803 4879 sancta
1865 4818 2100 4884 Cmcilia
2183 4831 2339 4877 cum
2370 4817 2513 4879 estis
2555 4830 2863 4901 expertem
2897 4804 3215 4882 reddituri.
3250 4804 3647 4899 Facite-ergo,
3679 4819 3850 4898 quod

433 4892 596 4953 venit
619 4893 693 4990 ad
726 4893 893 4990 ipsos
925 4908 1106 4990 noctu
1136 4920 1272 4962 cum
1303 4904 1747 4979 sacerdotibus,
1780 4916 1837 4969 et
1862 4910 2104 4980 fuerunt
2187 4901 2261 4965 ab
2294 4907 2499 4983 iniquo
2534 4892 2797 4988 praeside
2822 4916 2910 4972 est
2942 4908 3113 4971 vobis
3143 4914 3529 4990 imperatum.
3550 4892 3734 4970 irini:
3757 4908 3855 4971 illi

432 4999 645 5085 omnes
676 4982 953 5085 baptizati
986 4990 1042 5051 in
1077 4992 1318 5052 nomine
1368 4993 1560 5057 Patris
1591 5004 1650 5058 et
1693 4996 1829 5059 Filii
1883 5007 1941 5060 et
1972 4999 2103 5081 Spi-
2188 5011 2504 5081 cmperunt
2531 4982 2850 5065 lamentari
2884 5010 2943 5066 et
2972 4982 3261 5085 conqueri
3291 5003 3451 5085 quod
3484 5010 3602 5065 tam
3653 5002 3855 5067 electa

436 5075 594 5174 ritus
635 5075 1051 5174 sancti._C_um
1109 5090 1310 5144 autem
1375 5085 1653 5174 exoriens
1714 5075 2094 5172 matutinum,
2190 5075 2477 5172 puella,et
2504 5099 2620 5154 tam
2645 5094 2993 5174 intelligens
3019 5102 3077 5155 et
3107 5075 3352 5173 nobilis,
3382 5101 3628 5174 cuperet
3650 5093 3852 5156 inter-

431 5163 597 5266 nocti
630 5163 1136 5266 fin‘emdedisset,
1175 5189 1401 5266 magno~
1442 5173 1684 5237 silentio
1738 5178 1916 5253 facto,
1955 5163 2101 5243 dixit
2186 5163 2285 5240 fici
2314 5200 2328 5242 :
2356 5163 2571 5244 eieam
2596 5163 2913 5266 rogabatit,
2944 5183 3235 5259 dicentes,
3259 5163 3536 5247 natalem
3559 5184 3853 5248 decorem

430 5254 927 5355 sanctamCzecilia
954 5277 995 5355 :__
1032 5260 1239 5355 Estote
1267 5261 1403 5324 forti
1465 5272 1523 5326 et
1557 5285 1768 5346 magno
1799 5270 2024 5349 animo,
2061 5292 2096 5333 ο
2186 5268 2506 5348 amitteret,
2545 5254 2743 5355 neque
2773 5254 2954 5338 talem
3014 5254 3281 5355 speciem
3331 5281 3714 5337 converteret
3772 5273 3856 5337 ad

425 5343 533 5439 Dei
556 5343 1337 5442 .milites_;abj‘ici_te_0pcra
1364 5343 1770 5432 tenebrarum,
1800 5370 1857 5422 et
1887 5343 2093 5423 indui-
2182 5343 2723 5435 mortem.'Quib'ns
2754 5343 3063 5427 ﬂentibus'
3098 5372 3157 5427 et
3211 5363 3423 5426 dolere
3485 5365 3703 5427 vexatis
3757 5366 3856 5428 sic

425 5434 1022 5534 miniua‘rmaiucisﬁ
1048 5437 1376 5534 ljulchrum
1406 5453 1709 5534 certamen
1732 5452 2087 5534 certavistis,
2177 5459 2382 5513 sancta
2412 5454 2726 5534 respondit
2754 5456 2995 5519 Caecilia
3024 5476 3039 5519 :
3077 5456 3225 5531 Hoc,
3263 5473 3296 5517 ο
3326 5456 3563 5531 fratres,
3600 5472 3717 5518 non
3747 5472 3823 5517 es

424 5527 666 5572 cursum
692 5518 1027 5599 peregistis,
1050 5518 1230 5582 fidem
1261 5528 1744 5593 conservavistis.
1764 5530 1849 5595 De
1871 5518 2087 5598 caetero
2174 5539 2431 5619 perdere
2446 5518 2993 5629 jn'ventutem,sed
3018 5518 3425 5628 commutare;
3447 5518 3593 5609 dare
3620 5546 3754 5609 lutu
3776 5562 3841 5609 in

501 5672 533 5723 9
563 5669 738 5739 Rom.
771 5692 898 5755 xm,
929 5678 1025 5743 42.
1114 5680 1173 5734 ἱο
1208 5680 1259 5745 II
1292 5682 1445 5746 Tim.
1499 5704 1576 5766 ιν,
1626 5692 1680 5751 7.
