4136 6410
308 359 419 426 177
1488 361 1675 424 VITA
1720 361 1778 424 s.
1827 360 2178 425 CzECILUE
2242 364 2341 427 ET
2386 366 2543 428 soc.
3604 374 3717 440 173

299 506 361 563 et
387 516 594 561 aurum
634 494 959 579 accipere;
995 497 1151 562 dare
1204 496 1653 561 tabernaculum
1687 497 1871 561 breve
1906 504 2325 581 etAquatnam
2359 499 2435 562 sit
2468 500 2613 562 mihi
2645 499 2954 582 potestas?
3006 499 3173 565 Dixit
3204 511 3408 567 sancta
3436 504 3716 570 Caecilia:

302 588 669 663 miserabile,
703 596 763 649 et
812 606 1098 669 magnam
1133 589 1590 671 speciosamque
1623 595 1682 651 et
1707 587 1968 669 amplam
2054 587 2299 668 Ignoras
2331 598 2414 665 tu,
2452 608 2724 670 quaenam
2760 591 2837 653 sit
2877 590 3027 653 mihi
3052 593 3359 673 potestas?
3389 592 3534 657 Nam
3569 597 3622 658 si
3654 605 3715 660 tu

300 681 546 744 domum
596 678 903 759 accipere,
937 697 1012 741 ex
1068 677 1371 760 lapidibus
1398 679 1680 759 pretiosis
1714 688 1774 742 et
1822 698 1970 742 auro
2056 698 2153 743 me
2206 679 2508 760 rogaveris
2539 680 2614 742 de
2672 689 2769 743 tua
2826 688 3140 762 potestate,
3177 684 3333 746 veris
3361 684 3564 747 verbis
3609 686 3717 748 tibi

304 771 661 833 ediﬁcatam
692 790 706 826 :
738 768 890 830 dare
919 770 1204 849 angulum
1231 768 1641 849 tenebrosum,
1677 780 1739 831 et
1769 769 1967 832 locum
2052 769 2343 851 aperiam.
2395 769 2551 833 Dicit
2581 770 2636 831 ei
2674 770 2989 850 praefectus
3025 792 3038 829 :
3096 772 3228 848 Dic,
3264 773 3313 833 si
3344 773 3487 851 quid
3538 776 3715 838 nosti.

294 863 579 940 accipere
608 857 905 932 lucidum,
942 858 1285 938 margaritis
1334 859 1825 940 resplendeutem
1862 878 1977 921 coe-
2063 862 2278 923 Sancta
2309 859 2460 922 dixit
2489 859 2766 924 Caecilia:
2801 857 3013 924 Omnis
3044 860 3305 924 hominis
3340 871 3600 943 potestas
3630 874 3720 928 est

288 948 560 1013 lestihus
596 970 613 1012 :
668 948 814 1010 dare
845 948 1290 1029 possessionem
1323 967 1456 1030 quae
1500 949 1680 1029 perit,
1720 957 1777 1011 et
1808 949 1973 1010 acci-
2062 948 2313 1029 perinde
2361 967 2430 1011 ac
2462 959 2599 1010 uter
2648 957 2824 1011 vento
2855 949 3111 1030 plenus:
3166 969 3345 1031 quem
3381 952 3430 1013 si
3462 972 3579 1015 una
3608 972 3718 1017 acu

288 1059 445 1122 pere
508 1037 955 1118 possessionem
993 1056 1127 1119 qua;
1158 1057 1276 1099 non
1329 1038 1640 1117 cognoscit
1672 1039 1875 1119 ﬁnem,
1915 1046 1972 1100 et
2060 1038 2623 1119 pupugeris,omnis
2656 1048 2853 1101 tumor
2873 1039 3005 1116 ejus
3034 1039 3173 1101 colli
3206 1042 3522 1105 ﬂaccescit.
3559 1044 3715 1117 Quin

286 1131 540 1207 ignorat
565 1140 823 1191 mortem
856 1127 1045 1203 ;dare
1066 1127 1326 1208 lapidem
1354 1126 1969 1209 miserabilem,quem
2065 1128 2241 1190 etiam
2275 1128 2324 1189 si
2360 1129 2702 1191 invenietur
2730 1129 2792 1189 in
2826 1129 2955 1208 ipso
2987 1128 3209 1209 aliquid
3243 1140 3501 1213 portare,
3535 1132 3715 1197 inﬁe-

283 1220 560 1302 pedibus
613 1218 1008 1298 conculcatis,
1043 1225 1105 1280 et
1124 1217 1400 1298 accipere
1442 1217 1702 1298 lapidem
1747 1218 1976 1298 pretio-
2064 1217 2267 1281 ctitur.
2301 1217 2458 1280 Dixit
2490 1219 2799 1298 praefectus
2835 1239 2848 1280 :
2899 1217 3141 1298 Coepisti
3171 1237 3205 1281 a
3234 1221 3623 1303 contumelia,
3655 1231 3718 1287 et

281 1329 461 1384 sum,
497 1308 603 1390 qui
658 1307 856 1369 forma
902 1306 1254 1387 resplendet
1302 1307 1362 1369 in
1395 1308 1561 1388 regio
1612 1307 1970 1371 diademate.
2062 1325 2411 1390 perseveras
2464 1309 2524 1368 in
2557 1307 2958 1370 contumeliis.
3011 1308 3166 1370 Dixit
3196 1319 3401 1372 sancta
3430 1310 3710 1378 Cmcilia:

283 1400 497 1463 Hodie
518 1398 569 1460 si
590 1398 727 1476 quis
749 1396 833 1459 sic
867 1398 1075 1460 offerat
1097 1414 1335 1471 aureos,
1366 1404 1430 1459 ut
1460 1397 1767 1460 minimam
1795 1415 1975 1459 num-
2060 1398 2194 1461 Non
2228 1397 2448 1461 dicitur
2476 1398 2863 1469 contumelia,
2892 1398 3007 1459 nisi
3031 1398 3093 1459 in
3113 1416 3215 1460 eos
3236 1399 3338 1480 qui
3371 1418 3557 1480 pauca
3576 1422 3716 1483 pec-

292 1508 545 1552 morum
570 1488 962 1569 quantitatem
987 1506 1059 1548 ex
1082 1486 1156 1548 iis
1177 1486 1359 1549 alacri
1392 1487 1593 1548 animo
1620 1499 1974 1567 proventum
2062 1496 2221 1563 cant,
2257 1505 2377 1549 non
2430 1496 2701 1551 teneatur
2750 1487 3102 1549 moderatio.
3168 1488 3566 1560 Quamobrem
3620 1494 3712 1556 vel

291 1580 607 1660 accipiat:
645 1596 787 1640 num
818 1594 921 1639 vos
962 1595 1205 1657 quoque
1244 1576 1522 1638 lubenter
1550 1577 1876 1639 curreretis
1901 1576 1975 1640 ad
2060 1578 2211 1640 doce
2262 1579 2713 1652 contumeliam,
2767 1576 2821 1640 si
2868 1576 3081 1639 falsum
3128 1597 3259 1640 sum
3315 1579 3559 1661 locuta;
3616 1584 3711 1645 vel

297 1670 487 1732 talem
524 1666 1022 1745 negotiationem,
1050 1676 1108 1729 et
1128 1684 1339 1728 omnes
1372 1672 1747 1747 parentes,et
1775 1673 1971 1741 notos,
2060 1668 2316 1749 teipsum
2340 1668 2583 1747 castiga,
2608 1667 2959 1730 subeuntem
2974 1667 3296 1747 judicium.
3322 1668 3713 1735 DixitAlma-

303 1770 361 1822 et
386 1756 1116 1839 cugnatos,dilectosque,
1141 1769 1200 1817 et
1232 1756 1623 1836 prepinquos,
1656 1763 1716 1817 et
1748 1755 1973 1817 amicos
1994 1831 2029 1839 _
2058 1757 2229 1820 chius
2279 1760 2592 1838 praefectus
2628 1780 2640 1820 :
2702 1759 2965 1835 Ignoras,
3020 1757 3178 1837 quod
3238 1757 3463 1821 domini
3510 1760 3714 1824 invicti

315 1831 633 1910 vobiscum
685 1846 967 1908 faceretis
994 1831 1248 1908 currere
1278 1852 1306 1908 ?
1344 1831 1418 1907 ’δι
1455 1831 1588 1924 quis
1641 1851 1838 1905 autem
1870 1831 2453 1928 vosBimperatores
2476 1831 2792 1928 jusserunt
2836 1859 2900 1908 ut
2954 1831 3055 1928 qui
3086 1864 3206 1908 non
3256 1855 3601 1927 negaverint
3648 1870 3715 1915 se

319 1946 634 2002 currentes
659 1943 977 2009 averteret,
1012 1934 1273 1998 dicendo
1304 1952 1406 1996 vos
1441 1931 1732 1995 inutiliter
1760 1950 1972 1995 omnes
2057 1954 2192 1999 esse
2208 1935 2960 2017 Christianos,puniantur:
2990 1937 3313 2014 quiautem
3339 1941 3710 2023 negaverint,

320 2036 551 2089 vestros
604 2044 877 2088 nummos
910 2042 1046 2087 esse
1096 2025 1364 2102 daturos,
1400 2041 1541 2084 num
1606 2041 1708 2084 eos
1759 2023 1974 2085 essetis
2058 2025 2454 2088 dimittantur.
2492 2026 2647 2089 Dixit
2677 2033 2883 2089 sancta
2917 2025 3171 2088 Caecilia:
3207 2025 3304 2089 Sic
3333 2030 3513 2092 vestri
3544 2049 3711 2093 sem-

309 2116 549 2179 irrisuri
576 2126 641 2176 ut
682 2118 1053 2193 ignorantes,
1089 2122 1146 2176 et
1174 2114 1275 2195 qui
1305 2112 1452 2175 nihil
1486 2120 1920 2191 cognoscerent
1954 2130 1968 2175 :
2060 2134 2164 2194 per
2180 2115 2780 2196 erantimperatores,
2804 2116 2958 2177 sicut
2982 2117 3155 2177 etiam
3179 2126 3371 2179 vestra
3388 2119 3710 2185 celsitudo.

302 2226 407 2269 vos
436 2212 642 2269 autem
675 2205 792 2266 laeti
822 2204 1168 2279 curreretis,
1195 2204 1350 2284 quod
1372 2220 1508 2264 cum
1536 2201 1795 2282 pretioso
1826 2220 1970 2263 auro
2059 2207 2209 2269 Nam
2238 2223 2368 2285 quae
2396 2204 2470 2267 ab
2501 2205 2643 2286 ipsis
2677 2206 2965 2287 processit
2990 2206 3308 2281 sententia,
3335 2225 3439 2269 vos
3468 2209 3711 2289 quidem

300 2298 523 2360 essetis
555 2294 957 2375 permutaturi
988 2312 1070 2356 tes
1127 2291 1494 2367 miserabile,
1529 2301 1591 2353 et
1621 2307 1738 2353 non
1771 2290 1972 2370 magni
2057 2304 2275 2358 testata
2317 2307 2409 2358 est
2441 2315 2572 2359 esse
2602 2297 2845 2379 impios,
2885 2315 2994 2358 nos
3040 2310 3237 2359 autem
3269 2316 3403 2360 esse
3453 2302 3717 2363 ostendit

302 2388 486 2469 pretii
518 2389 547 2447 ἳ
572 2385 647 2447 Et
673 2402 777 2446 vos
825 2383 1066 2465 quidem
1100 2382 1336 2463 pondus
1390 2400 1495 2463 pro
1531 2381 1797 2462 pondere
1823 2402 1972 2461 gau-
2054 2386 2429 2453 innocentes.
2466 2386 2526 2450 Si
2561 2386 2721 2448 enim
2756 2386 2978 2448 malum
3011 2393 3174 2449 esset
3204 2388 3318 2449 hoc
3336 2406 3577 2466 nomen,
3604 2410 3714 2453 nos

310 2479 460 2540 detis
494 2476 824 2556 accipere;
870 2476 1034 2537 Deus
1064 2483 1261 2536 autem
1294 2491 1413 2534 non
1446 2472 1545 2534 dat
1575 2472 1809 2552 pondus
1864 2491 1972 2551 pro
2058 2474 2306 2552 quidem
2342 2476 2810 2554 negavissemus.
2850 2477 2960 2537 Vos
3006 2484 3229 2556 autem,
3262 2484 3327 2537 ut
3376 2496 3485 2539 nos
3516 2482 3711 2542 conﬁ-

311 2569 605 2649 pondere,
653 2565 761 2626 sed
792 2565 1009 2643 accipit
1054 2562 1361 2645 simplum,
1405 2570 1465 2625 et
1510 2562 1709 2625 reddit
1761 2571 1975 2624 centu-
2062 2573 2283 2635 temur,
2320 2565 2566 2627 omnino
2600 2566 2971 2644 coegissetis.
3002 2564 3162 2628 Dixit
3192 2566 3501 2646 praefectus
3537 2586 3550 2631 :
3602 2569 3716 2632 Pro

309 2658 473 2738 plum
508 2678 526 2728 ;
569 2662 864 2733 preterea
896 2671 1037 2715 vero
1068 2653 1249 2714 vitam
1282 2670 1523 2733 quoque
1553 2658 1864 2713 aeternam.
2062 2654 2282 2736 pietate
2340 2673 2445 2716 sua
2477 2655 2591 2717 hoc
2624 2655 2935 2717 valuerunt
2978 2662 3265 2731 statuere,
3298 2664 3361 2717 ut
3391 2674 3498 2718 sua
3538 2657 3719 2721 beni-

390 2743 775 2812 XXII[.Cum
800 2744 925 2806 haec
947 2749 1150 2806 autem
1178 2743 1336 2805 dicta
1358 2754 1618 2804 essenta
1639 2740 1816 2803 beata
1842 2744 1971 2806 (Σω-
2061 2744 2288 2822 gnitate
2319 2745 2498 2805 vitam
2535 2745 2839 2818 donando,
2874 2744 3042 2807 vobis
3096 2746 3531 2823 gratiﬁcentur.
3566 2748 3720 2811 Dixit

304 2838 467 2907 cilia.
493 2834 773 2898 ascendit
794 2851 975 2915 supra
1001 2841 1253 2911 petram,
1280 2851 1412 2912 quae
1434 2843 1562 2894 erat
1585 2850 1769 2913 prope
1795 2833 1980 2914 pedes
2064 2842 2270 2898 sancta
2295 2835 2541 2897 Caecilia
2571 2858 2583 2894 :
2613 2834 2771 2897 Nihil
2792 2844 2887 2896 est
2907 2853 3076 2916 aeque
3097 2833 3372 2915 impium,
3398 2837 3549 2899 nihil
3579 2857 3719 2900 vero

306 2929 459 3008 ejus,
517 2935 578 2987 et
638 2924 787 2986 dicit
836 2922 1169 2984 omnibus:
1234 2921 1488 2985 Creditis
1542 2941 1633 2999 ea,
1677 2940 1809 3002 qua)
1859 2922 1979 2984 dixi
2064 2932 2183 2986 tam
2212 2923 3473 3005 innocentia:inimicum,quamreisomnia
3495 2926 3719 2990 inferre

307 3017 507 3079 vobis?
536 3014 635 3079 Illi
656 3022 853 3075 autem
889 3030 1005 3073 una
1029 3030 1175 3073 voce
1207 3012 1496 3074 dixerunt
1529 3029 1773 3074 omnes:
1806 3012 1982 3074 Certe
2064 3013 2360 3092 supplicia
2377 3014 2450 3075 ad
2488 3014 2626 3089 hoc,
2656 3021 2720 3075 ut
2749 3032 2915 3074 suam
2952 3013 3217 3091 iniquam
3253 3020 3547 3077 testentur
3577 3036 3721 3097 qna—

308 3108 617 3169 credimus
637 3104 695 3166 in
711 3102 1013 3167 Christum
1046 3100 1262 3164 Filium
1282 3100 1416 3177 Dei,
1439 3120 1575 3164 eum
1606 3119 1743 3163 esse
1775 3119 1979 3162 verum
2002 3162 2041 3183 η
2066 3104 2315 3180 litatem,
2351 3112 2409 3165 et
2458 3103 2533 3165 de
2563 3122 2767 3165 eorum
2800 3105 2861 3164 in
2894 3102 3175 3183 mysterio
3226 3101 3408 3165 sociis
3433 3105 3720 3183 gravissi-

302 3195 626 3273 Deumqui
659 3203 716 3254 te
748 3194 921 3255 tatem
946 3191 1131 3253 habet
1161 3191 1638 3254 ancillam.Dicit
1670 3191 1757 3253 eis
1779 3191 2042 3253 sancta”
2068 3212 2222 3256 mam
2257 3193 2479 3257 habere
2511 3193 2926 3275 quaestionem.
2960 3195 3087 3256 Nos
3126 3201 3326 3253 autem
3358 3212 3509 3270 quos
3538 3193 3720 3257 inno-

294 3286 599 3351 Caacilia:
649 3286 741 3347 Ite
788 3283 863 3344 de
914 3292 1162 3362 caetero,
1219 3290 1278 3344 et
1326 3282 1509 3344 dicite
1568 3280 1981 3344 infelicissimo
2067 3295 2275 3347 centes
2302 3283 2685 3362 cognoscitis,
2720 3282 2985 3345 nominis
3013 3281 3208 3343 solum
3256 3282 3572 3346 accusatis.
3606 3283 3726 3347 Sed

297 3374 649 3448 Almachio,
686 3372 848 3455 quod
878 3390 987 3452 ego
1020 3391 1201 3433 unum
1234 3372 1454 3433 donum
1491 3380 1650 3451 peto,
1685 3389 1762 3433 ne
1802 3370 1983 3433 nimis
2066 3393 2199 3449 nos,
2240 3376 2341 3455 qui
2374 3382 2645 3435 sanctum
2682 3392 2903 3434 nomen
2935 3372 3152 3435 Christi
3191 3373 3631 3451 cognoscimus,
3664 3374 3726 3436 id

305 3467 619 3532 acceleret
648 3464 700 3525 is
732 3481 926 3526 meam
960 3463 1464 3525 decertationem.
1499 3462 1629 3538 Ego
1658 3466 1859 3524 autem
1894 3462 1983 3523 fa-

309 3560 563 3634 ciam,ut
580 3557 640 3619 in
661 3556 907 3616 domum
940 3570 1134 3614 meam
1159 3552 1352 3613 veniat
1383 3550 1798 3612 sanctissimus
1828 3568 1980 3631 papa

312 3649 622 3719 Urbanus,
642 3660 705 3708 ut
740 3646 919 3709 faciat
939 3663 1043 3708 vos
1072 3661 1283 3706 omnes
1305 3643 1439 3705 vitae
1462 3652 1701 3705 aeternae
1732 3644 1983 3723 partici-

323 3757 455 3820 pes,
486 3747 543 3799 et
566 3738 647 3799 sic
669 3736 773 3800 Dei
801 3734 1177 3816 providentia
1202 3753 1309 3813 ego
1334 3751 1570 3814 quoque
1600 3752 1984 3795 consumma-

326 3828 775 3892 bor.Tunccum
801 3826 864 3887 in
879 3826 1013 3905 ejus
1032 3825 1273 3886 domum
1291 3824 1554 3885 venisset
1568 3822 1985 3884 sanctissimus

311 3939 467 4001 papa
512 3917 809 3996 Urbanus,
847 3914 1163 3993 baptizavit
1198 3913 1531 4001 plusquam,
1573 3912 1985 3991 quadringen-

310 4000 433 4090 tos,
461 4007 685 4071 diversi
710 4006 1174 4079 sexus,fortuna3
1193 4011 1252 4065 et
1274 4007 1487 4064 aetatis.
1508 4000 1669 4063 Inter
1689 4020 1839 4082 quos
1857 4010 1987 4064 erat

307 4100 403 4161 vir
431 4096 831 4170 clarissimus,
870 4101 1115 4156 nomine
1146 4092 1507 4157 Gordianus.
1555 4094 1609 4152 ls
1639 4110 1773 4153 cum
1811 4110 1979 4173 papa:

308 4188 585 4261 precibus
616 4187 854 4246 domum
888 4192 1097 4242 sanctae
1127 4182 1369 4240 Caeciliae
1402 4185 1717 4239 vocavitex
1743 4196 1848 4239 suo
1874 4194 1980 4238 no-

307 4279 631 4347 mine,utin
657 4273 887 4334 occulto
914 4288 985 4332 ex
1011 4273 1108 4331 illo
1133 4272 1322 4339 die,ex
1347 4286 1464 4345 quo
1488 4270 1605 4328 illic
1628 4271 1837 4329 Christi
1856 4285 1981 4343 per-

307 4382 502 4429 actum
535 4377 623 4424 est
655 4367 961 4438 baptisma.
986 4363 1148 4421 ﬂeret
1178 4362 1435 4420 Ecclesia
1462 4361 1762 4419 Dominica
1789 4381 1802 4419 :
1837 4360 1978 4418 adeo

2068 3465 2311 3527 omnino
2372 3482 2589 3540 negare
2624 3481 2744 3524 non
2798 3480 3135 3542 possumus.
3171 3463 3275 3524 Est
3318 3462 3479 3523 enim
3511 3463 3728 3527 melius

2061 3554 2215 3615 mori
2249 3553 2528 3628 feliciter,
2565 3569 2741 3632 quam
2779 3551 2973 3612 vivere
3026 3550 3372 3614 infeliciter.
3404 3551 3528 3614 Nos
3562 3552 3723 3614 enim

2061 3662 2198 3705 vera
2230 3643 2524 3721 dicentes,
2549 3660 2651 3703 vos
2668 3643 2964 3722 punimus,
2981 3641 3199 3722 quibus
3223 3651 3313 3704 est
3338 3658 3718 3721 persuasum,

2060 3742 2129 3794 ut
2155 3732 2365 3794 falsum
2399 3730 2675 3794 audiatis.

2151 3820 2325 3885 XXV.
2354 3820 2880 3885 DixitAlmachius
2899 3820 3232 3901 praefectus:
3257 3818 3423 3898 Elige
3449 3827 3508 3881 tu
3538 3838 3723 3882 unum

2069 3931 2139 3974 ex
2174 3912 2427 3973 duobus:
2453 3922 2549 3973 aut
2569 3912 2859 3983 sacriﬁca,
2886 3921 2985 3972 aut
3010 3929 3159 3989 nega
3193 3918 3250 3971 te
3273 3928 3405 3971 esse
3427 3908 3721 3973 Christia-

2068 4019 2234 4082 nam,
2270 4009 2331 4063 nt
2355 4002 2560 4063 delicti
2592 4000 2893 4062 tibidctur
2916 4001 3107 4063 venia.
3144 3998 3312 4062 Tunc
3339 3999 3485 4060 dixit
3513 3999 3721 4061 ridens

2070 4099 2279 4152 sancta
2308 4089 2543 4153 Czecilia
2582 4111 2595 4150 :
2625 4087 2673 4153 Ο
2699 4087 2965 4167 judicem
2998 4088 3227 4167 pudore
3257 4089 3599 4152 necessario
3632 4091 3723 4151 af-

2062 4181 2284 4244 fectum
2312 4186 2339 4242 ?
2370 4179 2505 4240 Vult
2538 4197 2631 4240 me
2664 4196 2909 4256 negare,
2938 4185 2997 4239 et
3025 4195 3156 4238 esse
3185 4196 3280 4239 me
3311 4178 3720 4259 innocentem,

2072 4279 2136 4332 ut
2167 4269 2297 4350 ipse
2329 4287 2425 4329 me
2456 4268 2633 4329 faciat
2664 4266 2904 4329 crimini
2935 4265 3278 4327 obnoxiam.
3311 4264 3370 4325 Si
3428 4268 3514 4325 vis
3541 4284 3724 4327 accu-

2065 4377 2223 4434 sare,
2261 4377 2367 4420 cur
2399 4377 2493 4419 me
2516 4355 2866 4431 adhortatis,
2902 4364 2961 4415 ut
2986 4361 3242 4433 negem?
3276 4351 3381 4416 Sin
3406 4362 3604 4415 autem
3640 4354 3725 4416 vis

307 4468 372 4517 ut
392 4458 805 4516 sanctissimus
818 4468 1047 4528 quoque
1068 4448 1622 4525 paanrbanusillic
1634 4450 1857 4508 occulte
1883 4452 1980 4508 ha-
1999 4471 2045 4523 ι)
2062 4448 2407 4523 absolvere,
2442 4465 2549 4507 cur
2580 4466 2696 4508 non
2731 4451 2819 4506 vis
2835 4444 3147 4523 inquirere
3166 4448 3194 4503 ?
3214 4443 3372 4505 Dixit
3401 4443 3726 4524 praefectus

310 4549 613 4615 bitaret;in
639 4545 761 4604 dies
784 4554 973 4603 autem
1005 4543 1211 4600 Christi
1236 4539 1647 4612 redemptionis
1676 4540 1833 4598 lucra
1858 4541 1979 4598 illic

308 4646 751 4712 crcscerent,et
771 4635 988 4698 diaboli
1016 4641 1222 4697 essent
1250 4633 1465 4695 damna
1496 4631 1980 4694 innumerabilia.

391 4728 613 4794 XXIV.
638 4730 783 4790 Cum
811 4726 935 4787 haec
956 4732 1152 4786 autem
1179 4725 1411 4796 ﬁerent,
1438 4720 1792 4785 Almachius
1816 4722 1985 4784 urbis

315 4821 645 4902 praefectus
682 4815 859 4897 jubet
886 4832 1089 4877 coram
1123 4831 1190 4902 se
1241 4812 1372 4902 sisti
1408 4811 1700 4875 Caeciliam
1739 4832 1756 4887 ;
1798 4829 1981 4889 quam

318 4901 730 4987 interrogans,
761 4906 816 4967 ci
857 4904 1002 4967 dicit
1036 4924 1051 4967 :
1105 4901 1271 4976 Quod
1320 4909 1410 4962 est
1454 4918 1673 4962 nomen
1724 4908 1915 4981 tuum,
1951 4919 1986 4962 o

315 4999 522 5083 puella
544 4998 575 5059 ⁸1
601 4994 929 5076 Respondit
950 5000 1176 5056 sancta:
1203 4990 1643 5083 Caecilia:th
1676 4990 1989 5083 praefectus

313 5078 674 5154 Almachius
701 5105 718 5147 :
754 5084 942 5165 Cujus
970 5102 1036 5145 es
1066 5079 1433 5145 conditionis
1454 5079 1485 5140 ?
1514 5078 1675 5142 Dixit
1704 5078 1979 5142 Caecilia:

313 5180 592 5259 Ingenua
618 5195 690 5238 ex
746 5171 1120 5237 clarissimis.
1154 5170 1316 5233 Dixit
1341 5169 1657 5259 praefectus
1696 5190 1709 5232 :
1766 5168 1888 5248 Ego
1922 5178 1979 5232 te

313 5258 464 5349 rogo
513 5268 591 5329 de
621 5263 937 5345 religione,
971 5280 1087 5324 non
1139 5268 1337 5323 autem
1370 5258 1446 5349 de
1476 5275 1743 5349 genere.
1767 5258 1981 5349 Sancta

313 5346 464 5423 dixit
486 5356 764 5422 Caecilia:
801 5351 1197 5431 Interrogatio
1221 5359 1321 5412 tua
1338 5348 1581 5410 stultum
1613 5347 1774 5427 cepit
1812 5346 1981 5429 prin-

314 5450 565 5531 cipium,
602 5464 735 5527 qua:
768 5443 890 5505 duo
922 5458 1211 5521 responsa
1243 5439 1484 5531 videtur
1508 5436 1730 5499 elicere
1761 5456 1830 5531 ex
1864 5456 1982 5499 una

314 5526 843 5622 quaestioneDixit
867 5532 1207 5614 praefectus:
1243 5527 1571 5622 U_ndemam
1593 5536 1686 5589 est
1716 5526 1825 5622 tibi
1856 5528 1984 5622 haec

313 5616 566 5692 ﬁducia?
595 5624 933 5705 Respondit
962 5628 1167 5684 sancta
1201 5637 1217 5683 :
1267 5618 1351 5681 Ex
1382 5616 1538 5679 bona
1589 5618 1978 5693 conscientia,

315 5732 376 5784 et
421 5718 542 5782 ﬁde
588 5734 707 5779 non
741 5711 1052 5778 simulata.
1114 5709 1274 5774 Dixit
1325 5708 1686 5789 praefectus:
1743 5706 1987 5787 Ignoras

2067 4538 2416 4600 Almachius
2451 4555 2464 4599 :
2503 4538 2740 4599 Adsunt
2770 4543 3175 4605 accusatores,
3212 4533 3312 4614 qui
3343 4540 3637 4595 testantur
3666 4540 3727 4596 te

2068 4646 2202 4690 esse
2254 4627 2673 4690 Christianam.
2708 4625 2768 4687 Si
2800 4643 2941 4703 ergo
2993 4623 3434 4704 quamprimum
3467 4641 3724 4703 negave-

2068 4717 2177 4791 ris,
2229 4716 2504 4796 impones
2558 4716 2733 4778 ﬁnem
2796 4732 3001 4775 eorum
3061 4712 3561 4774 accusationibus.
3619 4712 3724 4776 Sin

2070 4815 2271 4869 autem
2359 4806 2624 4868 nolueris
2711 4822 2953 4883 negare,
3029 4803 3142 4863 hoc
3214 4815 3329 4863 tuae
3399 4802 3725 4883 imputabis

2071 4894 2351 4958 amentiae
2395 4895 2629 4976 quando
2661 4894 2722 4955 in
2755 4903 2811 4954 te
2841 4892 2957 4954 lata
2996 4892 3172 4953 fuerit
3199 4891 3521 4956 sententia.
3574 4890 3729 4955 Dixit

2070 4993 2273 5047 sancta
2303 4984 2576 5048 Caecilia:
2609 4981 2826 5045 Eorum
2860 4981 3160 5045 accusatio
3187 4989 3277 5041 est
3306 4980 3453 5041 mihi
3478 4980 3725 5044 deside-

2072 5074 2285 5156 randa,
2318 5083 2381 5136 et
2430 5073 2657 5154 punitio
2688 5081 2788 5135 tua
2816 5081 2907 5134 est
2965 5071 3233 5133 victoria.
3270 5070 3405 5133 Noli
3438 5088 3536 5133 me
3580 5088 3721 5147 ergo

2069 5164 2377 5245 corrigere
2394 5174 2670 5243 tanquam
2695 5160 3134 5224 errautemzsed
3155 5159 3413 5241 teipsum
3445 5159 3715 5241 increpa,

2070 5253 2175 5335 qui
2231 5253 2536 5316 existimas
2590 5252 2719 5315 fore
2773 5261 2838 5313 ut
2891 5250 3189 5314 Christum
3265 5267 3503 5329 negem.
3565 5248 3723 5312 Dixit

2071 5344 2384 5426 praefectus
2407 5363 2419 5403 :
2455 5341 2693 5414 Misera,
2721 5340 2918 5403 nescis
2940 5340 3071 5401 vita:
3092 5346 3151 5400 et
3180 5337 3346 5401 necis
3369 5346 3723 5419 potestatem

2072 5432 2220 5495 mihi
2250 5431 2444 5494 datam
2477 5450 2608 5493 esse
2638 5431 2711 5492 ab
2743 5427 3256 5511 imperatoribus?
3309 5428 3427 5491 Cur
3456 5428 3723 5509 loqueris

2070 5543 2207 5587 cum
2262 5530 2420 5584 tanta
2470 5522 2795 5604 superbia?
2845 5520 3003 5584 Dixit
3052 5527 3304 5581 sancta:
3348 5517 3485 5580 Alio
3534 5519 3711 5579 modo

2069 5613 2212 5677 licet
2241 5612 2444 5674 dicere
2491 5611 2839 5694 superbum,
2875 5619 2933 5672 et
2974 5608 3091 5671 alio
3134 5604 3716 5694 conﬁdentem._l3go

2072 5704 2465 5780 conﬁdenter,
2498 5692 2618 5766 non
2650 5708 2847 5766 autem
2876 5698 3157 5784 superbe,
3183 5714 3314 5761 sum
3339 5692 3719 5762 locuta.Nam
