4136 6420
424 363 542 429 179
1724 355 2010 419 MENSIS
2052 355 2075 415 ἒ

2160 354 2496 416 VEMBER.
3695 339 3812 407 180

416 516 528 561 nos
557 493 984 578 quoquevalde
1014 492 1326 573 rejicimus
1347 487 1716 572 superbiam.
1751 488 1838 578 Tu
1870 495 2067 550 autem
2091 497 2132 545 Α
2234 489 2448 552 XXVI.
2484 489 2652 552 Tunc
2671 487 3044 551 valdeiratus
3075 483 3443 578 Almachiua,
3467 481 3650 578 jussit
3678 499 3809 544 eam

416 589 470 649 si
515 573 633 649 non
671 573 847 648 times
877 584 1085 647 audire
1130 581 1462 660 veritatem,
1494 596 1704 642 rursus
1735 577 1964 640 docebo
2017 587 2072 638 te
2154 579 2361 641 reduci
2416 582 2474 642 in
2527 581 2770 642 domum
2822 595 3017 657 suam,
3047 583 3108 637 et
3153 574 3274 636 illis
3324 573 3521 634 balnei
3571 573 3816 635 flamma

418 697 582 740 nunc
612 678 756 739 falsa
787 694 922 738 esse
956 674 1246 736 locutum.
1285 673 1441 735 Dixit
1470 669 1818 731 Almachius
1857 669 2072 748 praefe-
2156 670 2369 730 torreri
2415 672 2514 744 (1).
2551 670 2695 732 Cum
2728 676 2924 730 autem
2977 673 3142 728 esset
3178 665 3236 726 in
3293 681 3433 726 aere
3473 662 3670 724 balnei
3721 666 3812 726 sui

417 776 550 829 ctus
580 788 592 829 :
649 765 942 840 Quidnam
976 763 1107 824 falsi
1139 781 1205 824 es
1236 761 1296 822 in
1330 760 1504 821 nobis
1541 767 1810 820 assecuta
1831 764 1860 819 ?
1914 755 2073 818 Dixit
2153 758 2403 832 inclusa,
2439 769 2499 821 et
2528 759 2739 820 subtus
2769 766 2890 820 toto
2937 756 3034 817 die
3064 764 3122 816 et
3154 763 3324 815 nocte
3357 771 3568 832 magna
3595 753 3682 813 vis
3708 771 3814 814 ar-

417 865 623 919 sancta
645 854 916 919 Caecilia:
951 853 1098 933 Hoc,
1136 850 1292 932 quod
1326 850 1588 911 aitirmas
1637 860 1771 908 tuos
1801 847 2068 928 impera-

417 956 577 1008 tores
626 945 730 1007 tibi
765 943 1004 1006 dedisse
1035 942 1167 1002 vitae
1211 949 1267 1001 et
1297 940 1463 1000 necis
1514 945 1885 1017 potestatem.
1921 938 2079 1000 Dixit

417 1037 780 1117 praefectus:
843 1031 1000 1111 Ergo
1060 1049 1190 1091 sum
1257 1026 1599 1090 mentitus?
1658 1026 2077 1117 Sanctadixit

417 1115 700 1187 Caecilia:
757 1123 1014 1194 Revera,
1063 1120 1114 1182 si
1173 1118 1410 1200 jubeas,
1466 1117 1681 1178 falsum
1738 1124 1792 1176 te
1855 1115 2076 1178 dixisse

415 1213 758 1278 ostendem.
826 1211 986 1274 Dixit
1032 1210 1396 1291 praefectus:
1460 1207 1590 1270 Dic.
1662 1208 1876 1270 Sancta
1930 1205 2075 1266 dixit

415 1304 674 1367 Caecilia:
699 1301 1061 1364 Dixistituos
1083 1301 1473 1378 imperatores
1491 1296 1594 1358 tibi
1619 1296 1856 1358 dedisse
1881 1303 2072 1376 potes-

414 1401 594 1455 tatem
627 1392 764 1453 vitae
795 1400 852 1452 et
883 1390 1074 1450 necis.
1124 1387 1430 1467 Cognosce
1461 1386 1683 1466 itaque,
1720 1385 1826 1447 tibi
1877 1386 2070 1446 solum

416 1500 550 1545 esse
574 1482 770 1544 datam
802 1479 1012 1541 mortis
1041 1486 1419 1558 potestatem.
1444 1474 1589 1537 Nam
1616 1477 1793 1537 vitam
1827 1474 2070 1555 quidem

415 1578 582 1653 potes
641 1589 676 1632 a
703 1570 852 1632 vivis
902 1568 1109 1629 tollere
1148 1585 1163 1643 ;
1201 1566 1454 1628 mortuis
1497 1574 1695 1628 autem
1730 1584 1850 1626 non
1910 1571 2076 1645 potes

416 1661 560 1723 dare
601 1661 802 1722 vitam.
829 1658 938 1720 Dic
971 1675 1131 1737 ergo,
1167 1658 1323 1738 quod
1359 1658 1750 1734 imperatores
1782 1663 1838 1717 te
1868 1655 2070 1716 volue-

2159 847 2358 910 dentis
2381 848 2523 928 ligni
2553 848 2962 921 adhiberetur,
2992 855 3268 925 tanquam
3302 844 3363 905 in
3395 844 3526 905 loco
3560 843 3812 921 refrige-

2159 947 2287 999 rato
2312 938 2496 999 illaesa
2521 937 2849 1019 permansit
2872 945 2931 998 et
2951 933 3380 1014 salva,Domini
3396 933 3606 1010 gratia:
3631 934 3808 1010 adeo,

2159 1035 2224 1088 ut
2247 1028 2411 1090 nulla
2441 1047 2576 1110 pars
2599 1027 2844 1088 omnino
2866 1045 2941 1086 ex
2977 1026 3108 1105 ejus
3135 1023 3418 1086 membris
3451 1023 3542 1087 vel
3569 1025 3815 1085 minimo

2159 1119 2398 1181 sudoris
2441 1119 2612 1197 signo
2640 1117 2818 1179 fuerit
2850 1117 3211 1177 humectata.
3249 1114 3418 1188 Quod
3465 1133 3602 1175 cum
3637 1114 3816 1175 audi-

2158 1208 2337 1269 visset
2370 1208 2712 1270 Almachius
2753 1206 3093 1288 praefectus.
3130 1205 3267 1266 illuc
3302 1204 3462 1266 misit
3490 1204 3561 1265 ad
3594 1205 3816 1284 ipsam,

2159 1307 2222 1359 ut
2255 1299 2315 1359 in
2347 1298 2494 1378 ipsis
2536 1297 2765 1360 balneis
2810 1299 2862 1358 ei
2900 1305 3078 1376 caput
3137 1301 3567 1375 amputaretur.
3621 1294 3813 1367 Quam

2157 1389 2489 1469 spiculator
2521 1387 2710 1449 tribus
2737 1387 3030 1467 percussit
3057 1385 3364 1459 ictibus,et
3386 1403 3503 1445 non
3540 1385 3730 1466 potuit
3761 1386 3816 1446 ei

2157 1487 2332 1558 caput
2353 1487 2684 1558 amputare.
2720 1478 2820 1539 Sic
2845 1485 3041 1538 autem
3076 1494 3206 1537 eam
3233 1475 3589 1554 semiputato
3617 1475 3821 1555 capite

2160 1568 2319 1630 ferus
2348 1577 2405 1629 et
2426 1567 2690 1631 crudelis
2714 1567 2815 1628 ille
2837 1566 3014 1628 lictor
3043 1565 3307 1645 reliquit;
3335 1564 3486 1627 adeo
3517 1574 3580 1626 ut
3603 1583 3820 1626 omnes

2163 1658 2515 1739 turbze,quaa
2535 1675 2642 1737 per
2660 1657 2817 1718 illam
2835 1655 3596 1733 crediderant,sanguinem
3615 1655 3820 1716 linteis

413 1759 554 1812 runt
587 1767 721 1810 esse
768 1747 1109 1809 ministrum
1162 1745 1395 1807 mortis.
1444 1743 1590 1807 Nam
1621 1744 1671 1806 si
1719 1755 1778 1806 tu
1823 1745 2087 1828 amplius
2163 1757 2441 1828 tanquam
2471 1747 2732 1828 spongiis
2754 1745 3084 1810 hauserint.
3109 1743 3326 1805 Tribus
3348 1744 3823 1825 autem,quibus

420 1841 668 1919 dixeris,
703 1837 1178 1918 deprehenderis
1207 1835 1354 1898 falsa
1406 1835 1633 1910 dicere,
1669 1845 1726 1896 et
1774 1853 1906 1916 quae
1959 1852 2076 1896 non
2102 1857 2142 1910 Β
2163 1838 2489 1916 supervixit
2515 1837 2751 1910 diebus,
2784 1855 2901 1897 non
2934 1835 3190 1897 cessavit
3221 1853 3454 1916 omnes,
3489 1853 3640 1911 quos
3668 1836 3828 1897 aluit

417 1937 670 2010 possunt
720 1929 1073 1990 consistere.
1112 1925 1272 1990 Dixit
1329 1924 1644 2006 praefectus
1675 1923 2019 1987 Almachius
2057 1946 2070 1987 :
2161 1937 2218 1990 et
2250 1946 2402 2008 quos
2428 1927 2660 2007 docuit,
2697 1928 3052 1988 conﬁrmare
3086 1934 3147 1987 et
3179 1923 3571 1987 corroborare
3603 1925 3664 1986 in
3695 1925 3824 1987 fide

414 2017 503 2080 Ne
533 2019 615 2079 sis
647 2017 926 2092 verbosa,
955 2033 989 2076 ο
1024 2015 1380 2086 mulier,sed
1413 2013 1488 2074 de
1521 2023 1738 2076 caetero
1769 2022 1928 2075 tuam
1963 2013 2074 2076 de-
2162 2017 2428 2081 Domini.
2449 2015 2678 2089 Quibus
2699 2017 2874 2078 etiam
2895 2015 3441 2089 distribuitomnia,
3471 2034 3602 2096 quae
3623 2014 3817 2076 habe-

419 2127 573 2189 pone
623 2106 958 2181 audaciam,
990 2114 1050 2168 et
1096 2103 1256 2180 veni,
1290 2113 1348 2165 et
1401 2104 1519 2166 diis
1567 2104 1859 2166 sacriﬁca.
1920 2103 2081 2168 Dixit
2163 2107 2280 2176 bat,
2321 2103 2391 2170 et'
2426 2105 2805 2168 sanctissimo
2839 2124 3004 2184 papa:
3053 2104 3293 2168 Urbano
3343 2105 3813 2168 commendavit.

413 2206 618 2262 sancta
672 2197 942 2260 Caecilia:
980 2193 1218 2268 Nescio,
1253 2193 1492 2255 ubinam
1528 2201 1660 2255 tuos
1689 2194 1896 2255 oculcs
1922 2194 2078 2255 ami-

415 2291 592 2351 seris.
630 2285 775 2349 Nam
825 2303 975 2367 quos
1004 2295 1064 2346 tu
1095 2283 1246 2346 dicis
1276 2283 1448 2363 deos,
1483 2301 1590 2362 ego
1625 2291 1682 2343 et
1712 2301 1943 2358 omnes,
1978 2283 2081 2364 qui

416 2377 742 2440 suntsanis
782 2375 1001 2444 oculis,
1035 2373 1308 2435 videmus
1339 2391 1474 2434 esse
1508 2372 1756 2452 lapides,
1791 2382 1852 2436 et
1883 2391 1987 2453 aes,
2022 2381 2080 2434 et

416 2465 750 2548 plumbum.
809 2463 968 2528 Dixit
1034 2463 1389 2544 praefectus:
1451 2463 1826 2524 Contumelia
1886 2463 2078 2525 afﬁcis

413 2555 793 2634 religionem,
827 2553 1133 2633 despectis
1157 2551 1551 2632 philosophis,
1575 2571 1693 2612 non
1721 2571 1958 2632 possum
1977 2571 2077 2612 au-

415 2655 534 2707 tem
555 2645 715 2707 ferre
753 2644 1006 2705 deorum
1033 2643 1448 2704 contumelias.
1483 2640 1858 2703 Dixitsancta
1887 2640 2074 2703 Caeci-

415 2735 536 2798 lia:
573 2733 655 2795 Ex
687 2752 808 2810 quo
865 2751 932 2794 os
964 2729 1276 2812 aperuisti,
1315 2731 1542 2792 nullum
1575 2729 1820 2793 verbum
1855 2731 2074 2812 fecisti,

417 2825 578 2902 quod
611 2842 730 2885 non
765 2831 820 2885 te
851 2822 1199 2884 ostenderet
1233 2821 1544 2900 injustum,
1582 2820 1972 2901 insipientem
2017 2829 2076 2882 et

2165 2197 2269 2260 Cui
2303 2196 2479 2257 etiam
2535 2197 2681 2258 dixit
2717 2217 2728 2257 :
2783 2195 2988 2256 Trium
3021 2195 3255 2258 dierum
3291 2193 3438 2256 mihi
3475 2195 3600 2275 jam
3636 2196 3824 2274 petivi

2166 2287 2511 2360 terminum,
2542 2295 2606 2347 ut
2637 2285 2863 2346 tradam
2898 2286 3020 2346 haec
3070 2294 3185 2346 tum
3215 2284 3540 2365 sanctitati,
3573 2295 3630 2347 et
3661 2286 3823 2349 hanc

2161 2377 2406 2436 domum
2437 2393 2630 2437 meam
2665 2375 2725 2436 in
2757 2375 3037 2436 saeculum
3081 2373 3363 2437 Ecclesiae
3393 2376 3640 2437 nomine
3671 2394 3828 2437 con-

2159 2483 2385 2527 secres.
2422 2465 2690 2546 Impletis
2719 2473 2917 2526 autem
2953 2465 3164 2538 tribus,
3200 2474 3258 2526 et
3287 2464 3474 2526 Deum
3528 2479 3822 2542 precante

2160 2554 2336 2617 beata
2352 2555 2754 2635 Caecilia,cum
2778 2564 2982 2616 essent
3006 2554 3201 2616 adhuc
3218 2572 3428 2634 preces
3446 2555 3504 2616 in
3529 2574 3634 2618 ore
3655 2557 3819 2636 ejus,

2160 2644 2403 2706 tradidit
2455 2647 2774 2724 pretiosam
2809 2653 2866 2705 et
2911 2651 3174 2706 sanctam
3225 2662 3391 2706 suam
3445 2645 3700 2707 animam
3757 2648 3826 2709 in

2160 2753 2370 2796 manus
2401 2735 2507 2798 Dei
2560 2735 2833 2807 viventis,
2868 2737 3094 2796 mensis
3128 2734 3473 2798 Novembris
3513 2734 3612 2795 22.
3645 2734 3830 2800 Tunc

2163 2824 2580 2886 sanctissimus
2628 2843 2777 2905 papa
2809 2823 3102 2901 Urbanus,
3139 2844 3272 2886 cum
3314 2825 3822 2902 gloriosissimum

419 2913 814 2977 stultum.Sed
839 2912 1000 2974 enim
1027 2910 1312 2993 quidnam
1340 2912 1454 2972 hoc
1489 2920 1601 2990 est,
1629 2910 1787 2991 quod
1815 2911 2080 2974 externis
2163 2915 2296 2995 ejus
2347 2931 2565 2995 corpus
2595 2915 2944 2976 subtulisset
2995 2921 3170 2976 noctu
3203 2932 3337 2976 cum
3387 2914 3682 2996 diaconis,
3709 2934 3823 2980 se-

419 3003 609 3068 oculis
637 3021 773 3066 esse
803 3020 1028 3064 caecum
1083 3000 1384 3090 ostendis,
1408 3003 1644 3090 quando
1677 3001 1834 3090 quod
1869 3020 2079 3064 omnes
2163 3006 2332 3086 pellit
2372 3004 2568 3084 ipsum
2604 3005 2762 3065 inter
2791 3003 2937 3066 alios
2987 3003 3246 3082 collegas
3273 3023 3413 3066 suos
3462 3005 3816 3090 episcopos,

418 3094 678 3175 lapidem
713 3110 845 3154 esse
895 3090 1247 3170 aspicimus,
1286 3100 1343 3151 et
1373 3089 1630 3169 lapidem
1684 3089 1978 3171 inutilem,
2017 3101 2077 3153 tu
2161 3096 2261 3156 ubi
2292 3103 2429 3156 sunt
2458 3112 2669 3155 omnes
2702 3094 3074 3156 confessores
3105 3103 3162 3154 et
3191 3102 3481 3176 martyres
3531 3089 3817 3176 depositi.

417 3185 598 3246 deum
631 3200 767 3245 esse
786 3180 1060 3283 testaris?
1091 3183 1176 3242 Do
1203 3179 1330 3283 tibi,
1357 3179 1627 3283 sijubes,
1649 3179 1990 3282 consilium,
2019 3190 2079 3283 et
2095 3233 2136 3283 ο
2161 3184 2304 3283 Ejus
2349 3193 2548 3247 autem
2579 3183 2821 3283 domum
2869 3183 2929 3244 in
2961 3193 3247 3283 aeternum
3301 3187 3665 3248 consecravit
3693 3207 3814 3249 no-

419 3292 558 3335 eum
595 3281 867 3351 tangens,
894 3271 1060 3333 disce
1093 3287 1225 3332 esse
1253 3269 1512 3348 lapidem
1542 3287 1557 3345 ;
1582 3270 1774 3330 sinon
1809 3271 1987 3344 nosti,
2016 3270 2076 3332 id
2098 3269 2136 3283 “
2163 3274 2324 3336 mine
2339 3281 2560 3336 sanctae
2574 3273 2878 3349 Ecclesiae,
2907 3282 2966 3334 et
2996 3273 3118 3336 illic
3143 3283 3429 3355 perpetuo
3454 3285 3817 3357 peraguntur

417 3361 718 3442 aspiciens
746 3382 761 3441 ;
797 3369 889 3424 est
934 3359 1096 3422 enim
1130 3359 1416 3433 dedecus,
1449 3367 1624 3421 atoto
1657 3371 1714 3420 te
1744 3360 1943 3422 redire
1979 3380 2079 3439 po-
2163 3372 2364 3425 sancta
2392 3364 2630 3425 Domini
2667 3363 2942 3443 mysteria
2968 3365 3235 3444 usquein
3265 3365 3622 3428 hodiernum
3649 3367 3816 3430 diem

418 3451 585 3532 pulo.
609 3449 837 3512 Omnes
855 3447 1014 3510 enim
1042 3447 1240 3510 sciunt
1262 3446 1451 3509 Deum
1477 3466 1608 3510 esse
1637 3448 1698 3509 in
1731 3448 1920 3529 caelis,
1956 3451 2082 3512 haec
2163 3455 2222 3516 in
2259 3454 2608 3516 memoriam
2639 3453 2882 3532 quidem
2923 3455 3212 3535 n-artyris,
3243 3454 3488 3532 gloriam
3522 3465 3718 3519 autem
3755 3469 3822 3522 et

415 3549 863 3620 autem,utquaa
879 3538 1229 3600 sinti‘ormae
1259 3537 1646 3618 lapideae.per
1675 3538 1877 3618 ignem
1904 3558 2080 3620 posse
2163 3544 2402 3606 laudem
2438 3545 2633 3623 magni
2663 3543 2770 3606 Dei
2797 3553 2855 3606 et
2885 3543 3219 3608 Servatoris
3244 3545 3430 3607 nostri
3459 3548 3598 3609 Jesu
3631 3548 3818 3611 Chri-

419 3630 638 3692 melius
673 3629 889 3690 mutari
922 3628 983 3689 in
1039 3628 1266 3718 calcem
1308 3648 1320 3690 :
1353 3628 1635 3718 quoniam
1663 3629 1786 3707 jam
1821 3647 1927 3690 suo
1960 3630 2079 3690 otio
2164 3635 2238 3697 sti
2275 3655 2289 3697 :
2337 3634 2432 3695 cui
2463 3633 2651 3714 gloria
2683 3645 2741 3697 et
2773 3637 3033 3716 potentia
3065 3654 3221 3697 nunc
3252 3643 3311 3697 et
3359 3653 3619 3718 semper,
3656 3647 3717 3701 et
3749 3641 3821 3704 in

419 3728 702 3800 pereunt,
739 3726 796 3780 et
828 3734 1023 3798 neque
1055 3715 1184 3789 tibi,
1217 3717 1264 3777 si
1316 3716 1493 3778 simul
1530 3735 1760 3797 pereas,
1795 3736 1990 3798 neque
2027 3718 2078 3780 si
2161 3723 2375 3786 saecula
2397 3715 2787 3790 saeculorum.
2814 3728 3028 3789 Amen.

415 3818 478 3879 in
497 3811 695 3888 ignem
711 3808 1022 3888 conjectae,
1045 3805 1294 3879 fuerint,
1318 3805 1430 3867 sibi
1446 3807 2076 3886 poteruntsubvenire.

499 3933 592 4014 (l)
627 3933 786 3996 Nihil
819 3936 1055 3999 laeditur
1099 3934 1172 3996 ab
1207 3935 1365 4014 igne.
1399 3935 1483 3999 De
1514 3938 1623 4000 hoc
1660 3937 1934 4019 supplicii
1983 3957 2203 4018 genere
2235 3941 2628 4005 nobilioribus
2658 3943 2871 4008 inferri
2898 3946 3071 4008 solito
3101 3945 3347 4008 consule
3390 3949 3522 4010 Bar.
3561 3947 3621 4010 in
3655 3949 3825 4014 notis

418 4023 720 4104 Martyrol.
747 4023 820 4086 ‘21
857 4024 1176 4089 Novembr.
1213 4026 1298 4089 lit.
1335 4027 1412 4089 A.

520 4399 982 4548 VITA
1126 4405 1262 4546 S-
1423 4399 2501 4552 CLEMENTIS
2651 4413 3692 4594 MARTYRIS,

1749 4660 2090 4726 EPISCOPI
2135 4662 2432 4730 ROMANI

527 4763 1589 4972 DISCIPULI
1695 4812 1855 4975 s.
1944 4817 2576 4976 PETRI
2683 4825 3706 4988 APOSTOLI

420 5054 635 5120 Habes
687 5053 880 5136 hujus
927 5037 1216 5121 historiae
1268 5058 2538 5142 assertoremﬁregoriumTuronensem
2583 5065 2698 5130 lib.
2750 5067 2834 5130 De
2879 5070 3046 5142 glor.
3093 5078 3296 5134 mari.
3335 5088 3393 5138 c.
3450 5071 3526 5138 35
3574 5079 3640 5139 et
3700 5074 3818 5142 36:

1230 5137 1342 5217 qui
1371 5142 1520 5201 ante
1559 5137 1711 5202 1000
1741 5139 2197 5220 propemodum
2229 5159 2428 5208 annos
2457 5161 2533 5209 ex
2563 5162 2638 5210 ea
2667 5137 3009 5213 scribebat.

949 5267 1150 5338 (Latine
1195 5269 1324 5341 apud
1382 5268 1586 5327 Surium
1645 5269 1706 5325 ad
1757 5270 1887 5326 diem
1939 5271 2006 5327 23
2062 5273 2408 5342 Novembris;
2465 5277 2639 5335 Graece
2697 5297 2796 5336 non
2853 5289 3019 5338 exstat
3068 5283 3267 5354 Paris.)

492 5464 533 5568 Ξ.
557 5467 786 5568 'l‘rajanl
810 5468 1172 5568 imperatoris
1195 5471 1858 5568 temporeﬂorcutianus
1879 5488 2073 5568 comes
2157 5486 2236 5568 et,
2254 5477 2405 5541 datis
2428 5480 2514 5541 eis
2535 5482 2822 5560 pecuniis,
2851 5489 3223 5566 persuasitut
3244 5487 3475 5552 turbam
3499 5503 3816 5556 moverent

421 5555 1434 5664 o‘ﬂ-icio'rum,‘cumIinnumerabilem
1455 5561 1882 5664 multi-tudinem
1905 5563 2072 5622 Chri-
2155 5566 2438 5664 adversus
2468 5555 2686 5634 nomen
2719 5555 3140 5638 Christianum.
3197 5575 3369 5640 Urbis
3401 5589 3599 5644 autem
3645 5600 3814 5664 pra;-

424 5650 515 5718 sto
539 5644 784 5710 vidisset
803 5649 1369 5725 credere,accersiit
1400 5650 1707 5740 praefectos
1729 5652 2066 5740 regionum,
2153 5654 2439 5720 fecturam
2467 5659 2781 5726 obtinente
2803 5660 3179 5746 Mamertino,
3207 5666 3457 5738 excitata
3477 5680 3568 5734 est
3596 5644 3814 5757 populi
