4136 6422
339 373 430 439 181

1461 373 1644 436 VITA
1691 375 1748 434 S.
1799 374 2239 437 CLEMENTIS
2283 374 2582 439 ROMANI

3613 380 3727 447 182

331 505 576 574 Romani
605 504 831 568 seditio
863 505 1118 570 nomine
1148 506 1513 569 Clementis:
1567 513 1625 568 et
1669 513 1872 569 exorta
1899 507 1989 569 in-
2010 513 2048 566 Α
2073 507 2296 586 eligere
2328 508 2623 574 exsilium.
2645 527 2822 592 quam
2850 511 2909 574 id
2941 512 3177 594 timere,
3213 513 3505 577 Dominus
3526 521 3725 578 autem

333 607 418 664 ter
447 617 511 660 se
537 596 802 658 invicem
837 596 1222 670 confusione,
1282 597 1434 658 alius
1461 597 1618 658 aliud
1681 598 1740 659 in
1797 598 1989 678 ipsum

332 688 579 752 dicebat.
602 686 808 768 Aliqui
834 695 1036 749 autern
1062 694 1275 748 contra
1297 686 1612 750 dicebant:
1644 686 1795 760 Quid
1826 687 1987 748 enim

339 779 471 844 mali
511 777 705 839 fecit?
736 785 844 839 aut
873 777 1025 854 quid
1059 795 1179 838 non
1215 775 1356 837 boni
1389 785 1552 839 recte
1581 776 1813 857 gessit?
1844 777 1986 839 Nam

333 885 757 951 quemcunque
787 875 1150 946 aegrotorum
1184 866 1456 940 visitavit,
1487 872 1536 928 is
1569 867 1881 928 sanitatem
1915 867 1986 928 ab

328 979 396 1021 eo
429 966 520 1019 est
549 965 933 1019 consecutus.
962 955 1322 1036 Quicunque
1337 955 1406 1016 ad
1429 974 1562 1017 eum
1579 956 1726 1018 abiit
1741 958 1988 1018 affectus

331 1047 592 1127 tristitia,
627 1047 679 1109 is
709 1047 880 1108 laetus
927 1053 1018 1106 est
1068 1063 1370 1107 reversus.
1420 1044 1664 1107 Nullum
1727 1064 1988 1128 unquam

331 1137 502 1212 issit,
537 1137 822 1198 omnibus
851 1153 993 1197 vero
1021 1135 1260 1215 profuit.
1296 1135 1411 1197 Alii
1460 1145 1661 1198 autem
1693 1136 1989 1198 diabolico

328 1229 540 1308 spiritu
572 1225 840 1306 accensi,
872 1224 1210 1287 clamabant
1237 1247 1250 1284 ε
1303 1225 1547 1305 Magicis
1604 1225 1828 1286 artibus
1861 1226 1986 1287 haec

324 1318 583 1390 faciens,
619 1316 868 1378 deorum
901 1324 1240 1376 nostrorum
1265 1315 1491 1376 cultum
1525 1315 1755 1377 evertit.
1779 1316 1982 1378 Jovem

324 1409 474 1472 dicit
505 1425 629 1468 non
662 1424 797 1468 esse
827 1405 1004 1467 deum
1047 1427 1062 1480 ;
1113 1404 1432 1466 Herculem
1485 1413 1682 1466 autem
1719 1413 1985 1468 nostrum

327 1497 641 1561 custodem
664 1513 801 1557 esse
821 1495 964 1557 dicit
994 1494 1446 1556 immundorum
1474 1495 1980 1575 spirituum;.san-

329 1597 489 1650 ctam
521 1584 824 1648 Venerem
855 1583 1039 1646 refert
1067 1583 1254 1645 fuisse
1283 1582 1660 1646 meretricem
1692 1603 1708 1660 ;
1754 1585 1988 1644 Vestam

329 1686 532 1740 autem
569 1693 844 1754 magnam
879 1673 1079 1754 deam,
1129 1673 1264 1753 igne
1315 1672 1499 1734 fuisse
1551 1680 1987 1754 consumptam,

332 1766 518 1846 impie
544 1763 787 1827 asserit.
821 1761 1114 1825 Similiter
1143 1762 1583 1824 sanctissimam
1616 1781 1853 1844 quoque
1874 1763 1991 1823 Mi-

2075 598 2373 661 Clementi
2404 599 2655 680 praebuit
2687 609 2910 663 tantam
2935 605 3214 685 gratiam,
3240 612 3307 665 ut
3339 606 3730 668 Mamertinus

2076 687 2241 750 urbis
2269 688 2589 770 praefectus
2621 690 2893 765 deﬁeret,
2931 701 2990 753 et
3019 693 3289 756 diceret:
3326 697 3506 772 Deus,
3551 713 3727 776 quem

2074 785 2135 838 tu
2171 783 2406 840 sincere
2437 779 2608 859 colis,
2641 779 2772 860 ipse
2803 780 2914 842 tibi
2947 799 3122 862 opem
3137 783 3295 846 ‘feret
3327 784 3388 846 in
3443 785 3581 866 hoc,
3611 804 3728 866 qno

2073 866 2234 929 fuisti
2269 868 2609 943 damnatus,
2645 869 2877 942 exsilio,
2916 888 3248 954 navemque
3277 873 3334 935 ei
3369 875 3675 937 constituit
3709 892 3726 949 ;

2075 967 2131 1018 et
2161 975 2296 1019 cum
2355 957 2561 1018 omnia
2593 957 2651 1018 in
2713 977 2845 1020 eam
2877 959 3228 1025 immisisset
3283 980 3415 1044 quae
3444 971 3622 1026 erant
3650 967 3726 1027 ad

2071 1065 2245 1108 usum
2306 1048 2666 1123 necessaria,
2729 1049 2976 1114 dimisit.
3040 1050 3226 1113 Porro
3299 1059 3498 1114 autem
3559 1054 3727 1116 multi

2073 1154 2311 1216 quoque
2341 1153 2411 1198 ex
2448 1137 2663 1216 populo
2697 1138 2806 1199 viri
2838 1138 2920 1219 pii
2965 1157 3102 1200 eum
3145 1148 3290 1203 sunt
3332 1142 3542 1204 secuti.
3578 1143 3725 1206 Cum

2069 1232 2265 1286 autem
2302 1227 2578 1305 pervenit
2600 1226 2671 1287 ad
2707 1227 2930 1308 locum,
2962 1229 3021 1290 in
3052 1248 3230 1310 quem
3254 1239 3377 1293 erat
3402 1231 3724 1312 relegatus,

2071 1312 2144 1374 ad
2168 1331 2319 1393 opus
2348 1313 2613 1375 fodiendi
2640 1322 2696 1376 et
2713 1316 2980 1377 caedendi
3007 1320 3477 1394 marmoris,illic
3499 1320 3727 1383 invenit

2071 1401 2386 1482 plusquam
2419 1402 2536 1464 duo
2571 1403 2754 1465 millia
2804 1405 3304 1481 Christianorum,
3353 1409 3459 1487 qui
3490 1409 3563 1471 ad
3592 1409 3724 1472 lon-

2071 1491 2384 1570 gissimum
2421 1501 2654 1573 tempus
2687 1505 2859 1556 erant
2888 1496 3297 1558 condemnati.
3343 1498 3452 1570 Qui
3482 1499 3724 1580 quidem

2073 1600 2210 1643 cum
2242 1581 2531 1644 vidissent
2562 1593 2836 1646 sanctum
2882 1594 2942 1647 et
2971 1587 3276 1666 egregium
3323 1589 3724 1664 Clementem,

2072 1691 2282 1736 omnes
2311 1673 2630 1735 unanimes
2660 1693 2792 1736 cum
2815 1676 3136 1755 gemitibus
3167 1686 3224 1738 et
3253 1677 3529 1759 lacrymis
3559 1697 3729 1742 acce-

2074 1763 2314 1844 dentes,
2345 1763 2665 1827 dicebant:
2691 1765 2810 1828 Ora
2845 1784 2950 1844 pro
2984 1767 3404 1847 nobis,sancte
3440 1769 3724 1851 pontifex,

345 1873 602 1927 nervam,
633 1853 1011 1932 Dianamque
1041 1860 1102 1914 et
1131 1852 1520 1925 Mercurium,
1545 1853 1991 1929 Saturnumque
2015 1877 2052 1926 Β
2074 1859 2139 1914 ut
2169 1852 2507 1915 efficiamur
2530 1853 2693 1933 digni
2716 1853 2933 1918 Christi
2959 1858 3382 1938 promissione.
3408 1857 3566 1930 Quos
3585 1878 3725 1921 cum

351 1954 412 2008 et
429 1947 669 2008 Martem
689 1941 1116 2005 calumniatur.
1141 1940 1354 2004 Omnia
1376 1949 1716 2003 nostrorum
1741 1941 1989 2004 deorum

347 2035 589 2096 nomine
630 2042 682 2094 et
711 2032 932 2113 templa
987 2031 1224 2112 probris
1278 2031 1607 2094 insectatur
1662 2039 1722 2094 et
1775 2039 1988 2093 conlu-

340 2123 560 2187 meliis.
596 2123 707 2184 Aut
738 2122 857 2185 diis
888 2120 1108 2183 nostris
1139 2120 1522 2201 sacrificabit,
1554 2129 1654 2183 ant
1713 2121 1841 2202 ipse
1891 2121 1991 2182 de-

334 2213 580 2276 lebitur.

411 2303 491 2366 Il.
509 2303 682 2364 Tunc
711 2300 1102 2364 Mamertinus
1132 2298 1298 2362 urbis
1315 2300 1626 2382 praefectus
1650 2318 1768 2362 non
1795 2301 1992 2362 ferens

333 2393 547 2476 populi
567 2391 959 2471 seditionem,
997 2389 1405 2452 beatissimum
1433 2389 1797 2454 Clementem
1815 2391 1995 2471 jussit

339 2483 404 2546 ad
435 2502 503 2544 se
535 2482 784 2545 adduci.
819 2481 1006 2554 Quem
1040 2498 1176 2541 cunt
1223 2479 1487 2556 vidisset,
1532 2479 1710 2561 capit
1742 2481 1988 2544 dicere:

341 2576 420 2638 Ex
449 2589 763 2653 generosa
821 2568 1063 2652 quidem
1097 2568 1299 2631 radice
1332 2569 1700 2651 processisti,
1736 2577 1800 2631 ut
1829 2571 1993 2632 testi-

339 2665 610 2727 monium
642 2663 761 2724 fert
798 2663 1108 2725 Romanus
1137 2659 1432 2741 populus;
1465 2659 1568 2721 sed
1601 2677 1868 2722 errorem
1901 2678 1998 2722 su-

335 2753 612 2834 scepisti,
641 2761 709 2814 et
731 2753 864 2814 ideo
887 2770 1006 2812 non
1036 2759 1286 2831 possunt
1313 2749 1372 2810 in
1395 2750 1658 2812 animum
1683 2748 1993 2822 inducere,

2076 1944 2446 2022 cognovisset
2506 1953 2748 2007 sanctus
2803 1946 3084 2012 Clemens
3134 1955 3384 2030 propter
3422 1947 3724 2011 Christum

2074 2032 2261 2095 fuisse
2293 2032 2614 2115 relegatos,
2646 2033 2794 2095 dixit
2825 2056 2840 2095 :
2876 2033 3006 2098 Non
3037 2037 3112 2098 ab
3139 2055 3205 2098 re
3257 2055 3350 2099 me
3395 2037 3513 2100 huc
3562 2038 3729 2101 misit

2075 2122 2512 2199 Dominus,sed
2539 2132 2768 2204 ut,cum
2794 2125 3037 2187 fuissem
3064 2126 3363 2208 particeps
3391 2135 3724 2190 vestrarum

2075 2215 2561 2296 perpessionum,
2588 2212 2919 2294 prveberem
2947 2215 3123 2277 etiam
3155 2216 3494 2297 exemplum
3519 2235 3728 2278 conso-

2074 2303 2312 2367 lationis
2343 2311 2402 2364 et
2433 2302 2782 2365 tolerantiae.

2153 2395 2252 2456 IV.
2272 2391 2364 2454 Ab
2394 2393 2482 2454 eis
2505 2402 2706 2454 autem
2733 2394 3156 2476 accepit,quod
3187 2413 3222 2457 a
3245 2413 3347 2458 sex
3375 2394 3730 2459 milliaribus

2081 2481 2394 2564 portabant
2449 2501 2660 2562 aquam
2724 2483 2849 2544 suis
2908 2484 3204 2548 humeris.
3265 2484 3476 2548 Statim
3529 2485 3730 2564 itaque

2079 2574 2359 2636 Clemens
2381 2572 2604 2651 rogavit
2627 2589 2753 2652 eos,
2781 2573 2990 2639 dicens
3019 2595 3032 2636 :
3058 2573 3385 2638 Precemur
3407 2575 3727 2638 Dominum

2079 2671 2348 2726 nostrum
2377 2662 2580 2726 Jesum
2617 2661 2918 2726 Christum
2953 2671 3016 2725 ut
3053 2665 3189 2726 tidei
3243 2683 3366 2726 suae
3420 2665 3729 2727 confesso-

2077 2752 2248 2815 ribus
2276 2771 2444 2834 aqua:
2472 2752 2697 2814 fontem
2730 2752 2968 2832 aperiat
2997 2773 3014 2831 ;
3050 2761 3110 2815 et
3141 2760 3238 2834 qui
3291 2757 3587 2834 percussit
3619 2772 3730 2836 pe-

337 2852 400 2905 ut
436 2851 700 2906 taceant.
737 2840 882 2903 Nam
909 2839 1115 2903 nescio
1155 2857 1472 2920 quemnam
1502 2838 1800 2902 Christum
1823 2839 1994 2919 colis,
2085 2851 2234 2904 tram
2265 2841 2327 2904 in
2359 2849 2518 2905 terra
2548 2842 2784 2904 deserta
2815 2844 2976 2916 Sina,
3043 2851 3098 2904 et
3145 2843 3381 2906 abunde
3439 2845 3735 2907 ﬂuxerunt

341 2942 394 2996 et
423 2940 641 2994 contra
672 2932 820 2994 deos
872 2929 1156 2993 admittis.
1209 2927 1612 3001 Quamobrem
1674 2937 1912 3009 oportet
1944 2939 2002 2990 te
2085 2950 2276 3014 aquas,
2312 2929 2443 3012 ips'e
2473 2933 2778 3013 copiosum
2816 2931 2990 2994 nobis
3023 2933 3284 3013 praebeat
3321 2935 3634 3011 ﬂuentum,
3671 2942 3735 2996 ut

344 3023 653 3104 deponere
715 3038 956 3083 omnem
1015 3018 1378 3099 superﬂuam
1411 3019 1898 3098 supersitionem,
1945 3025 2004 3080 et
2086 3021 2357 3084 laetemur
2379 3022 2511 3100 ejus
2537 3021 3042 3102 suppeditatione.
3079 3024 3330 3104 lmpleta
3357 3030 3555 3084 autem
3589 3043 3732 3104 pre-

342 3114 544 3176 colere
577 3111 754 3186 deos,
789 3129 940 3192 quos
971 3109 1047 3171 de
1093 3125 1258 3170 more
1302 3107 1579 3171 colimus.
1629 3107 1798 3170 Tunc
1854 3106 2004 3169 dixit
2085 3111 2342 3191 catione,
2402 3112 2462 3172 in
2517 3131 2588 3174 eo
2645 3112 2776 3173 loco
2830 3112 2904 3174 ad
2965 3131 3140 3192 quem
3197 3121 3528 3190 aspexerat,
3588 3113 3735 3175 vidit

336 3205 402 3266 Β.
421 3203 716 3292 Clemens
738 3221 753 3261 :
777 3198 1060 3292 Optarem
1081 3197 1451 3292 excellentia:
1484 3206 1596 3259 tua:
1623 3197 1996 3292 prudentiam
2017 3241 2058 3292 ο
2083 3219 2300 3292 agnum
2361 3208 2649 3292 stantem,
2711 3200 2819 3292 qui
2847 3201 3199 3292 dexterum
3223 3200 3453 3292 pedem_
3495 3201 3728 3284 levavit,

332 3291 868 3356 attenderemeam
886 3287 1303 3350 defensionem
1328 3295 1385 3348 et
1408 3306 1526 3348 non
1553 3287 1995 3368 pr0pterimpe-
2027 3287 2056 3292 ⁷
2082 3291 2266 3354 veluti
2296 3296 2500 3352 sancto
2533 3288 2824 3352 Clementi
2846 3289 3041 3351 locum
3077 3290 3370 3352 indicans.
3409 3290 3559 3352 Tum
3591 3309 3734 3353 san-

335 3383 591 3445 ritorum
610 3379 1012 3455 seditionem,
1037 3376 1140 3438 sed
1162 3385 1404 3458 propter
1425 3395 1618 3439 meam
1643 3378 1995 3452 doctrinam,
2085 3391 2218 3444 ctus
2246 3381 2528 3443 Clemens
2560 3381 2826 3458 cogitans
2858 3396 2990 3441 esse
3021 3379 3364 3461 Dominum,
3397 3398 3573 3460 quem
3605 3381 3737 3461 ipse

341 3492 438 3536 me
466 3489 777 3534 accusare.
810 3467 957 3532 Nam
994 3467 1228 3530 etiamsi
1263 3466 1432 3528 multi
1463 3485 1644 3529 canes
1685 3486 1793 3528 nos
1850 3465 2001 3530 alla-
2087 3472 2250 3534 solus
2279 3471 2529 3550 aspexit,
2563 3477 2622 3530 et
2652 3469 2852 3532 nullus
2882 3470 3056 3544 alius,
3089 3470 3386 3550 profectus
3413 3479 3502 3532 est
3533 3471 3608 3532 ad
3639 3472 3737 3534 lo-

348 3562 629 3624 traverint
656 3569 718 3622 et
746 3558 1146 3638 conciderint,
1181 3575 1298 3618 non
1345 3566 1590 3636 possunt
1641 3557 1816 3619 nobis
1873 3554 2006 3616 auf-
2088 3579 2250 3635 cum,
2285 3572 2346 3622 et
2375 3559 2562 3621 dixit:
2597 3558 2662 3620 In
2697 3558 2940 3622 nomine
2972 3558 3164 3621 Patris
3195 3569 3252 3621 et
3294 3559 3428 3622 Filii
3487 3569 3546 3622 et
3596 3563 3737 3642 Spi-

357 3653 540 3726 ferre,
587 3651 725 3731 quin
768 3650 961 3712 simus
1018 3647 1292 3709 homines
1345 3647 1597 3708 rationis
1639 3645 2006 3728 participes:
2098 3650 2248 3712 ritus
2276 3649 2462 3711 sancti
2499 3649 2729 3726 pulsate
2774 3651 2832 3710 in
2861 3650 2972 3711 hoc
3021 3649 3152 3711 loco
3189 3667 3205 3723 ;
3257 3658 3484 3711 etcum
3526 3668 3738 3713 omnes

359 3744 446 3804 illi
476 3752 685 3821 autem,
720 3756 904 3802 canes
939 3739 1249 3800 latrantes.
1285 3738 1538 3816 Semper
1579 3738 1740 3798 enim
1775 3733 2012 3799 constat
2095 3739 2484 3802 circumcirca
2514 3739 2804 3800 fodissent
2834 3739 3156 3818 ligonibus,
3191 3745 3251 3800 et
3276 3757 3400 3800 non
3430 3739 3624 3820 ipsum
3659 3741 3740 3803 lo-

356 3832 702 3894 seditionem
726 3827 1033 3912 proficisci
1065 3826 1138 3888 ab
1169 3826 1490 3907 imperitis,
1512 3836 1579 3888 ut
1610 3827 1756 3889 nihil
1795 3828 2012 3892 habeat
2095 3849 2256 3904 cum,
2314 3829 2376 3890 in
2432 3848 2548 3908 quo
2599 3831 2758 3890 stetit
2788 3847 2995 3908 agnus,
3032 3847 3209 3908 parvo
3241 3829 3440 3908 ligone
3466 3837 3734 3911 accepto,

348 3931 564 3994 tutum,
599 3939 711 3982 nec
741 3937 974 3981 verum.
1034 3916 1433 3989 Quamobrem
1495 3926 1797 3998 quaeratur
1853 3919 2004 3980 ratio
2093 3936 2274 3998 parvo
2308 3919 2428 3979 ictu
2459 3927 2708 3979 sanctus
2733 3919 2988 3998 pulsavit
3035 3919 3256 3992 locum,
3314 3919 3417 3996 qui
3475 3927 3602 3980 erat
3629 3917 3740 3980 sub

341 4011 593 4081 silentii,
657 4011 718 4070 in
761 4027 880 4090 quo
913 4027 1021 4088 pro
1079 4024 1187 4068 sua
1252 4007 1442 4069 salute
1495 4007 1675 4068 homo
1707 4008 2007 4088 particeps
2090 4008 2241 4088 pede
2270 4006 3277 4086 agni,underepenteemersitfons
3303 4007 3743 4085 pulcherrimus

343 4101 618 4171 rationis,
656 4110 716 4162 et
747 4119 855 4180 per
881 4118 947 4161 se
977 4098 1228 4178 incipiat
1255 4097 1596 4160 consultare
1624 4098 2005 4161 etdisserere
2090 4095 2263 4176 aquis
2289 4095 2782 4168 scaturientibus,
2829 4096 2932 4170 qui
2965 4113 3177 4172 magno
3227 4095 3458 4174 impetu
3519 4095 3744 4157 effusus

344 4201 409 4254 ut
440 4209 646 4253 verum
683 4193 871 4254 Deum
905 4188 1192 4261 inveniat,
1237 4189 1332 4249 cui
1365 4205 1530 4248 suam
1579 4187 1756 4248 fidem
1807 4189 2005 4248 hono-
2087 4185 2230 4248 fecit
2258 4185 2526 4246 fluvium.
2561 4183 2730 4244 Tunc
2761 4191 3004 4245 sanctus
3035 4183 3310 4245 Clemens
3363 4183 3515 4246 dixit
3542 4187 3740 4246 omni-

343 4283 518 4344 riﬁce
550 4279 963 4342 commendet.
998 4277 1165 4341 Tunc
1189 4277 1580 4340 Mamertinus
1606 4275 1773 4339 urbis
1803 4277 2008 4358 praefe-
2091 4277 2200 4340 bus
2231 4273 2706 4338 exsultantibus:
2760 4298 2780 4328 ι
2819 4271 3108 4333 Fluminis
3162 4273 3424 4350 impetus
3487 4271 3746 4335 laetificat

345 4380 479 4434 ctus
512 4370 759 4432 mittens
788 4369 861 4431 ad
911 4367 1231 4447 Trajanum
1280 4366 1732 4446 imperatorem,
1797 4367 2009 4428 detulit
2091 4366 2386 4429 civitatem
2421 4363 2530 4427 Dei
2562 4362 2606 4422 1.
2648 4385 2670 4421 ι)
2711 4362 2963 4441 Propter
2997 4362 3150 4424 hanc
3181 4379 3321 4438 ergo
3369 4362 3583 4422 famam
3638 4380 3742 4424 ac-

348 4479 572 4523 nemen
607 4460 674 4521 B.
712 4459 1064 4530 Clementis,
1105 4457 1359 4519 dicens:
1413 4454 1584 4520 Hunc
1631 4456 2004 4518 Clementem
2088 4456 2276 4520 currit
2311 4454 2508 4516 omnis
2553 4451 2882 4532 provincia,
2934 4460 2992 4513 et
3021 4469 3254 4525 omnes,
3307 4449 3409 4531 qui
3460 4459 3749 4512 venerant

349 4550 658 4612 seditiosis
688 4547 1050 4612 clamoribus
1075 4546 1329 4628 populus
1351 4564 1470 4608 non
1495 4554 1684 4608 cessat
1708 4564 2002 4623 quaerere,
2031 4610 2069 4628 ᾗ
2089 4547 2161 4609 ad
2188 4544 2524 4608 doctrinam
2580 4541 2768 4605 sancti
2797 4540 3146 4615 Clementis,
3181 4539 3451 4602 conversi
3500 4547 3638 4600 sunt
3671 4539 3744 4602 ad

349 4610 411 4701 et
585 4610 794 4720 potest
823 4637 882 4700 in
917 4657 1054 4700 eum
1078 4610 1342 4698 inveniri
1368 4635 1484 4698 fide
1502 4635 1683 4715 digna
1704 4610 2004 4716 probatio:
2031 4610 2070 4661 θ
2091 4635 2412 4698 Dominum
2447 4650 2463 4708 ;
2499 4633 2650 4694 adeo
2681 4640 2743 4693 ut
2776 4630 3046 4712 quotidie
3097 4610 3404 4710 quingenti
3457 4635 3517 4689 et
3549 4627 3749 4709 plures

349 4729 526 4794 Tunc
545 4728 858 4810 rescripsit
879 4727 1171 4807 Trajanus
1191 4727 1542 4807 imperator,
1567 4734 1850 4806 oportere
1871 4743 2005 4788 eum
2090 4723 2369 4804 baptizati
2421 4723 2825 4810 recederent.
2857 4721 3015 4782 lntra
3070 4737 3253 4810 unum
3293 4727 3490 4810 autem
3524 4736 3746 4780 annum

347 4821 444 4883 vel
474 4807 825 4881 consentire
854 4817 1314 4892 sacriﬁcantem,
1349 4823 1452 4876 aut
1478 4815 1630 4877 ultra
1665 4833 1826 4876 mare
1855 4817 2009 4878 Pon-
2089 4814 2260 4876 factm
2275 4820 2413 4873 sunt
2444 4812 2565 4873 illic
2590 4829 2622 4872 a
2647 4809 2925 4871 fidelibus
2947 4807 3334 4887 septuaginta
3360 4807 3629 4888 quinque
3655 4827 3753 4870 ec-

352 4907 565 4970 tumin
591 4909 888 4970 desertam
913 4906 1216 4970 civitatem
1243 4924 1408 4968 suam
1439 4924 1625 4986 prope
1639 4905 2007 4968 Chersonem

350 4999 642 5077 relegari.
1077 5071 1082 5076 .

439 5087 538 5150 lll.
576 5088 828 5161 Quando
851 5098 1048 5150 autem
1072 5084 1315 5166 Trajani
1333 5084 1540 5165 jussus
1565 5083 1676 5146 fuit
1695 5084 2008 5146 conﬁrma-

350 5189 472 5256 tus,
506 5177 808 5258 cogitabat
830 5177 988 5258 apud
1019 5195 1086 5238 se
1107 5175 1519 5248 Mamertinus,
1546 5192 1804 5256 quonam
1831 5173 2010 5236 modo

351 5270 635 5333 Clemens
665 5267 1064 5331 voluntarium
1122 5284 1240 5327 non
1299 5272 1532 5346 peteret
1577 5265 1872 5339 exsilium,
1906 5263 2010 5324 sed

2092 4902 2288 4966 clesite
2314 4922 2330 4981 ;
2366 4909 2424 4962 et
2455 4901 2756 4962 confracta
2787 4905 2925 4960 sunt
2948 4897 3150 4958 omnia
3173 4897 3518 4972 simulacra,
3551 4896 3752 4959 omnia

2091 4991 2319 5070 templa
2349 4988 2611 5068 regionis
2641 5007 2774 5068 quae
2807 4995 2934 5049 erat
2975 4985 3393 5060 circumcirca,
3455 4995 3594 5048 sunt
3655 4986 3751 5048 di-

2093 5090 2226 5144 ruta
2257 5101 2273 5162 ;
2304 5099 2515 5142 omnes
2547 5079 2688 5154 luci,
2724 5078 2823 5157 qui
2853 5084 3026 5138 erant
3053 5075 3128 5136 ad
3156 5084 3421 5136 trecenta
3447 5075 3750 5151 milliaria,

2095 5175 2342 5233 omnino
2373 5169 2434 5230 in
2467 5169 2677 5230 orbem
2710 5174 2852 5227 sunt
2878 5164 3106 5227 concisi
3141 5172 3201 5226 et
3229 5163 3537 5226 constrati.

2182 5261 2252 5324 V.
2283 5258 2453 5321 Tunc
2482 5276 2632 5336 ergo.
2653 5257 2860 5318 odiosa
2890 5255 3152 5316 narratio
3185 5255 3451 5336 pervenit
3497 5254 3571 5316 ad
3600 5252 3756 5316 Tra-

351 5359 472 5422 diis
525 5360 724 5442 potius
781 5358 1030 5420 oﬂ'erret
1086 5342 1392 5417 libamina.
1455 5352 1572 5416 Sed
1625 5354 1693 5416 B.
1733 5353 2014 5415 Clemens
2089 5352 2299 5442 janum
2331 5348 2780 5442 imperatorem,
2817 5345 2974 5426 quod
3012 5344 3134 5406 illic
3177 5344 3252 5442 ad
3306 5342 3754 5442 multitudinem

353 5441 760 5513 contendebat
815 5449 1009 5532 ipsius
1066 5463 1306 5526 quoque
1355 5445 1580 5524 jud‘cis
1630 5443 1896 5505 animum
1926 5441 2010 5532 ad

2096 5431 2592 5502 innumerabilem
2627 5445 2833 5499 auctus
2865 5441 3026 5496 esset
3069 5434 3328 5513 populus
3379 5431 3756 5496 Christiano-

353 5540 536 5602 fidem
568 5541 787 5602 Christi
816 5519 1170 5612 traducere,
1203 5519 1262 5598 et
1290 5519 1630 5606 ostendere,
1667 5532 1771 5595 sed
1818 5531 2014 5614 potius
2094 5547 2228 5592 rum
2266 5548 2283 5604 ;
2341 5536 2399 5588 et
2455 5528 2532 5590 ab
2587 5545 2657 5587 eo
2714 5525 2936 5586 missus
2992 5523 3102 5584 fuit
3128 5541 3349 5603 praeses
3377 5519 3752 5596 Auﬁdianus,

444 5724 463 5767 1
497 5719 649 5786 Psal.
685 5737 830 5800 ην,
858 5719 919 5781 5.
