4136 6424
411 365 524 433 183

1694 364 1973 428 MENSIS
2031 361 2476 426 NOVEMBER.

3680 364 3794 429 184

406 499 509 582 qui
541 498 830 580 plurimos
859 494 1230 562 Christianos
1278 497 1531 562 diversis
1581 498 1892 561 tormentis
1945 513 2052 557 su-
2074 491 2352 574 Aquibus
2381 493 2563 555 etiam
2591 493 2703 555 hoc
2722 492 2843 582 fuit
2886 509 3272 573 responsum,
3324 493 3483 574 quod
3540 494 3796 576 singulis

410 590 599 652 stulit.
631 587 858 651 Videris
888 598 1085 651 autem
1141 608 1348 652 omnes
1400 589 1474 651 ad
1526 589 1867 669 martyrium
1920 605 2055 648 cum

409 678 625 760 gaudio
651 678 1031 752 accedentes,
1065 681 1247 741 cessit
1278 678 1639 740 multitudini
1666 700 1682 759 ;
1735 678 1926 740 solum
1957 693 2058 738 au-

411 779 532 830 tem
565 777 834 830 sanctum
895 769 1266 830 Clementem
1318 786 1540 847 cogens
1589 768 1950 840 sacriﬁcare,
2001 774 2061 827 et

411 858 623 921 videns
643 876 778 919 eum
801 857 889 918 sic
921 875 1054 920 esse
1074 857 1309 919 ﬁrmum
1335 857 1677 920 etstabilem
1699 857 1759 918 in
1783 857 2058 929 Domino,

412 954 471 1008 et
503 947 664 1009 nolle
695 947 939 1008 omnino
989 966 1024 1009 a
1065 965 1174 1008 sua
1207 947 1492 1008 dimoveri
1539 948 1856 1027 sententia,
1919 945 2064 1007 dicit

409 1035 762 1099 lictoribus:
799 1036 1072 1116 Accipite
1105 1055 1265 1112 eum,
1303 1046 1364 1099 et
1411 1035 1613 1098 ducite
1672 1038 1730 1098 in
1793 1036 2058 1098 medium

409 1125 682 1200 maris,et
706 1125 982 1206 projicite
1015 1144 1151 1187 eum
1183 1127 1246 1187 in
1283 1125 1672 1207 profundum,
1723 1145 1798 1188 ne
1836 1127 2064 1205 possint

409 1213 730 1276 Christiani
764 1214 981 1277 tollere
1009 1215 1143 1296 ejus
1171 1233 1414 1295 corpus,
1449 1224 1509 1276 et
1537 1233 1642 1296 pro
1671 1215 1783 1277 deo
1802 1233 1937 1276 eum
1963 1233 2059 1276 co-

405 1301 555 1364 lere.
589 1305 739 1366 Cum
772 1304 886 1366 hoc
918 1321 1064 1385 ergo
1091 1305 1310 1366 factum
1353 1313 1536 1386 esset,
1581 1307 1855 1367 universa
1900 1305 2055 1366 mul-

405 1391 595 1454 titudo
626 1391 1104 1456 Christianorum
1125 1403 1324 1456 astans
1352 1393 1534 1457 flebat
1572 1395 1633 1455 in
1667 1395 1893 1456 littore.

488 1479 586 1544 Vl.
621 1481 762 1545 Post
789 1483 917 1546 haec
939 1491 1135 1545 autem
1163 1483 1441 1546 dixerunt
1465 1483 1778 1546 Cornelius
1808 1494 1866 1546 et
1891 1484 2060 1546 Phai-

407 1570 522 1634 bus
552 1573 682 1652 ejus
708 1572 1026 1654 discipuli:
1076 1571 1299 1636 Omnes
1343 1591 1584 1636 oremus
1625 1575 1960 1648 unanimes,
1997 1583 2061 1636 ut

407 1663 686 1725 ostendat
742 1662 917 1726 nobis
969 1663 1257 1726 Dominus
1308 1663 1582 1745 martyris
1625 1665 1719 1726 sui
1751 1664 2054 1746 reliquias.

2140 584 2313 645 annis
2346 584 2406 643 in
2429 583 2526 644 die
2558 601 2680 644 suae
2701 581 3148 658 decertationis,
3180 600 3491 645 cessurum
3522 583 3600 647 sit
3630 603 3802 649 mare

2141 673 2538 744 venientibus,
2562 684 2794 749 septem
2827 671 2957 732 dies
2982 677 3208 733 siccum
3244 672 3359 733 iter
3379 672 3468 734 eis
3493 673 3798 754 praebens.

2145 763 2312 836 Quod
2332 761 2579 843 quidem
2614 763 2740 823 Deo
2763 761 2984 842 placuit
3014 761 3145 823 ﬁeri
3169 761 3241 822 ad
3269 761 3504 825 laudem
3534 765 3663 844 ejus
3685 785 3763 827 no
3779 798 3804 813 ο

2147 852 2326 914 minis
2359 869 2546 932 usque
2571 851 2632 912 in
2655 849 3008 914 hodiernum
3027 851 3219 913 diem.
3251 849 3376 914 Hoc
3398 862 3593 915 autem
3618 855 3801 936 facta,

2146 942 2302 1022 quod
2333 951 2464 1004 erat
2515 951 2729 1021 praeter
2775 939 3148 1020 Opinionem,
3216 941 3530 1018 miraculo,
3591 963 3810 1007 omnes

2146 1041 2357 1111 gentes
2387 1031 2782 1093 circumcirca
2813 1030 3128 1092 credidere
3150 1029 3556 1106 Christo.Quo
3576 1033 3638 1095 in
3668 1035 3809 1096 loco

2148 1123 2348 1186 nullus
2378 1119 2678 1183 invenitur
2707 1120 2966 1199 gentilis,
3025 1121 3224 1182 nullus
3254 1120 3564 1200 Hebraeus,
3599 1124 3815 1185 nullus

2143 1213 2388 1274 omnino
2421 1210 2762 1273 haereticus.
2797 1210 2926 1273 Illic
2957 1210 3119 1271 enim
3155 1211 3412 1291 plurima
3435 1212 3807 1276 ﬁuntbene-

2143 1304 2298 1366 ﬁcia.
2339 1305 2401 1364 In
2434 1303 2564 1380 ejus
2622 1300 2771 1362 festo
2805 1300 2948 1362 caici
2997 1301 3438 1382 illuniiniintur,
3495 1303 3806 1366 daemones

2143 1393 2546 1474 eXpelluntur,
2580 1390 2907 1453 febrientes
2954 1392 3083 1452 sani
3127 1391 3324 1472 ﬁunt;
3364 1391 3709 1472 nephritici,
3744 1401 3810 1456 et

2143 1483 2244 1565 qui
2275 1483 2505 1546 calculo
2539 1481 2835 1555 laborant,
2869 1480 2996 1542 solo
3023 1490 3300 1544 contactu
3347 1483 3477 1562 ejus
3509 1483 3806 1563 reliquia-

2142 1592 2301 1643 rum,
2359 1581 2419 1634 et
2457 1589 2624 1651 aquas
2679 1571 3063 1632 sanctiﬁcata)
3120 1571 3468 1651 aSpersione
3519 1580 3582 1633 et
3631 1581 3805 1652 potu,

2143 1683 2175 1726 a
2209 1662 2415 1724 morbo
2448 1661 2784 1723 liberantur
2825 1680 2841 1735 ;
2875 1671 2934 1723 et
2962 1663 3060 1742 qui
3094 1661 3304 1740 quovis
3337 1660 3548 1724 morbo
3580 1662 3802 1737 affecti,

406 1748 631 1815 Orante
665 1770 806 1830 ergo
840 1751 1082 1833 populo,
1119 1753 1465 1815 retrocessit
1497 1770 1661 1815 mare
1684 1753 1745 1816 in
1777 1773 1950 1816 suum
1983 1755 2059 1815 si-
2085 1780 2118 1831 Β
2144 1753 2556 1832 confugientes
2586 1751 2658 1811 ad
2691 1750 2846 1812 sacri
2908 1751 3177 1830 martyris
3236 1750 3548 1832 auxilium,
3581 1751 3806 1812 fruun-

407 1859 551 1904 num
569 1841 644 1904 ad
667 1843 782 1904 tria
813 1842 937 1904 fere
961 1842 1169 1918 millia,
1195 1861 1303 1923 per
1323 1845 1548 1905 siccum
1575 1853 1775 1906 autem
1804 1846 2056 1925 ingressi

407 1931 636 2013 populi,
674 1931 1030 1995 invenerunt
1053 1932 1114 1994 in
1145 1933 1331 2012 ﬁgura
1360 1933 1566 2016 templi
1596 1937 1914 1998 marmorei
1951 1954 2058 2016 pa-

405 2031 603 2084 ratum
644 2040 678 2082 a
709 2019 833 2084 Deo
867 2022 1295 2101 habitaculum,
1331 2031 1390 2085 et
1435 2024 1558 2087 illic
1605 2025 1785 2086 situm
1845 2044 2060 2105 corpus

405 2111 596 2176 sancti
625 2113 978 2189 Clementis,
1014 2121 1074 2174 et
1103 2131 1414 2188 ancoram,
1448 2133 1582 2176 cum
1618 2132 1732 2194 qua
1775 2113 1885 2177 fuit
1917 2133 2057 2196 pro-

395 2202 618 2284 jectus,
654 2221 842 2284 prope
873 2203 1070 2284 ipsum
1119 2205 1450 2283 jacentem.
1508 2203 1854 2267 Revelatum
1919 2222 2060 2284 ergo

400 2292 512 2356 fuit
539 2292 673 2370 ejus
700 2291 1038 2374 discipulis,
1065 2311 1140 2355 ne
1172 2293 1460 2374 reliquias
1485 2312 1517 2355 e
1548 2295 1678 2356 loco
1713 2294 2009 2374 ejicerent
2045 2313 2058 2358 :

2147 1852 2240 1904 tur
2265 1842 2577 1904 curatione
2613 1860 2627 1917 ;
2664 1848 2723 1901 et
2777 1849 3087 1920 permanet
3148 1841 3335 1920 gloria
3393 1843 3528 1919 ejus
3582 1850 3637 1902 et
3671 1841 3812 1904 laus

2143 1934 2202 1994 in
2237 1941 2552 2004 aeternum,
2596 1949 2702 2011 per
2733 1931 3047 1991 Dominum
3084 1939 3355 1992 nostrum
3391 1929 3595 1994 Jesum
3629 1930 3812 1994 Chri-

2144 2032 2299 2084 stum
2335 2041 2350 2097 ;
2383 2040 2490 2104 per
2517 2038 2694 2102 quem
2727 2028 2786 2082 et
2834 2038 2968 2082 cum
3003 2039 3144 2101 quo,
3207 2020 3370 2082 Patri
3425 2019 3614 2099 gloria
3662 2039 3807 2082 cum

2145 2112 2526 2175 sanctissimo
2558 2119 2616 2172 et
2646 2110 2871 2171 viviﬁco
2901 2111 3034 2189 ejus
3065 2109 3310 2191 Spiritu,
3349 2129 3508 2172 nunc
3548 2119 3606 2172 et
3631 2127 3804 2173 sem-

2147 2223 2253 2285 per
2286 2212 2347 2264 et
2376 2201 2438 2263 in
2469 2202 2687 2263 saecula
2713 2199 3098 2262 saeculorum.
3133 2200 3348 2263 Amen.

483 2418 774 2484 Narratio
800 2423 1002 2486 sancti
1057 2427 1357 2504 martyris
1388 2424 1684 2504 Ephmm
1743 2425 2010 2506 episcopi
2044 2425 2356 2506 Gersonis,
2390 2425 2465 2486 de
2514 2421 2812 2487 miraculo
2840 2425 3003 2503 facta
3036 2425 3099 2484 in
3126 2440 3388 2504 puerum
3419 2442 3456 2487 ιι
3504 2432 3716 2488 sancto

1585 2474 1856 2585 marty‘i'e
1885 2474 2242 2586 etrapostolo
2283 2474 2606 2568 Cfcmente.

479 2641 531 2707 Ι.
568 2663 596 2705 ‹
627 2643 913 2708 Mirabilis
943 2644 1100 2707 Deus
1151 2644 1211 2706 in
1271 2645 1494 2707 sanctis
1527 2647 1650 2707 suis
1679 2645 1728 2720 1,
1771 2667 1798 2706 ι
1831 2665 2053 2727 oppor—

403 2742 610 2796 tunum
633 2743 723 2797 est
743 2734 922 2798 hodie
946 2735 1148 2798 dicere
1172 2754 1309 2797 cum
1336 2734 1653 2816 Propheta,
1680 2744 1737 2797 et
1764 2757 1776 2797 :
1813 2761 1833 2792 ιι
1867 2736 2051 2808 Quam

401 2823 776 2887 admirabilia
796 2837 931 2887 sunt
951 2843 1134 2906 opera
1159 2826 1542 2898 tua,Domine
1564 2825 1618 2886 εἰ
1662 2849 1684 2884 ι
1724 2834 1780 2888 et
1810 2847 1823 2890 :
1865 2849 1886 2881 ο
1909 2825 2053 2898 Quis

399 2915 562 2977 Deus
580 2916 1015 2994 magnus,sicut
1035 2915 1193 2977 Deus
1221 2919 1462 2977 noster?
1490 2939 1512 2972 ιι
1544 2923 1632 2978 et:
1666 2940 1692 2971 α
1714 2915 1800 2978 Tu
1817 2935 1880 2978 es
1901 2915 2054 2978 Deus

403 3003 630 3066 faciens
660 3002 956 3066 mirabilia
973 3005 1154 3066 solus.
1185 3026 1213 3064 ›
1245 3003 1413 3076 Quod
1437 3005 1594 3067 enim
1621 3007 1895 3082 praesenti
1918 3023 2056 3068 ora-

2140 2647 2280 2720 dite,
2345 2654 2406 2710 et
2462 2648 2534 2709 ad
2596 2647 2952 2709 audiendam
3007 2647 3298 2710 exsultate
3353 2646 3710 2721 orationem,
3743 2659 3806 2711 et

2139 2756 2311 2798 aures
2369 2738 2674 2809 inclinate,
2736 2745 2795 2799 et
2851 2745 3112 2798 nostram
3167 2738 3397 2815 arguite
3432 2737 3802 2800 tarditatem.

2139 2827 2222 2889 De
2255 2829 2366 2889 hoc
2401 2828 2560 2890 enim
2596 2827 2851 2906 gaudeo,
2887 2826 3081 2888 solum
3117 2845 3220 2888 vos
3272 2845 3442 2907 rogo,
3493 2837 3559 2890 ut
3608 2847 3807 2910 usque

2137 2917 2208 2978 ad
2247 2918 2426 2980 ﬁnem
2464 2919 2609 2979 mihi
2643 2926 2934 2979 attentum
2993 2917 3258 2979 animum
3314 2916 3674 2997 adhibentis,
3743 2931 3809 2981 et

2143 3008 2304 3069 nulla
2335 3008 2640 3090 cogitatio,
2675 3026 2807 3088 quat
2826 3007 2897 3068 ad
2922 3007 3098 3085 hujus
3127 3009 3260 3068 vita
3279 3025 3489 3070 curam
3513 3007 3798 3088 pertinet,

401 3093 550 3156 tioni
613 3093 775 3156 aliud
827 3094 1070 3156 afferam
1134 3095 1530 3174 promminum
1554 3098 1581 3154 ?
1622 3077 2113 3158 ’Artiﬁciosamc
2139 3077 2952 3166 mentemvvestram'subeat,
2987 3077 3097 3157 nec
3133 3105 3475 3176 promptum
3513 3077 3800 3159 'vestrum

401 3183 562 3246 enim
592 3183 832 3246 dicendi
863 3192 1052 3247 artem
1087 3202 1354 3264 praesens
1381 3193 1624 3264 superat
1669 3186 2049 3257 miraculum,

401 3292 538 3336 cum
569 3273 927 3336 miraculum
962 3273 1147 3334 multa
1175 3273 1428 3335 excellat
1472 3274 1782 3349 miracula,
1833 3283 1890 3336 et
1925 3275 2057 3356 ipsa

399 3363 579 3425 etiam
612 3361 957 3444 prophetica
985 3363 1271 3425 miracula
1295 3371 1617 3442 exsuperet
1639 3375 1705 3425 ut
1737 3372 1825 3426 est
1849 3373 2056 3426 osten-

402 3470 545 3514 snra
567 3453 780 3515 oratio.

483 3540 559 3604 II.
591 3541 728 3605 Scio
753 3559 857 3603 vos
888 3559 1110 3622 cupere
1140 3542 1315 3617 scire,
1374 3543 1673 3623 quodnam
1734 3553 1792 3606 et
1846 3547 2053 3626 cujus-

401 3648 540 3694 nam
574 3630 651 3693 sit
679 3630 1054 3706 miraculum,
1117 3639 1175 3692 et
1227 3632 1454 3710 urgetis
1507 3641 1569 3693 ut
1611 3632 1952 3699 dicamus'5.
1991 3636 2053 3698 ld

401 3729 600 3785 autem
633 3731 725 3784 est
757 3720 1016 3802 primum
1044 3720 1288 3800 quidem
1318 3719 1449 3796 Dei,
1482 3741 1515 3782 a
1544 3740 1659 3802 qua
1683 3725 1877 3786 omnis
1896 3726 2053 3788 datio

403 3814 561 3874 bona
581 3819 638 3873 et
657 3829 838 3873 omne
859 3812 1081 3872 donum
1106 3810 1434 3890 perfectum
1460 3813 1510 3873 4.
1538 3813 1835 3876 Praeterea
1857 3824 2054 3878 autem

402 3901 724 3963 Clementis
757 3898 1031 3972 Romani,
1068 3899 1169 3978 qui
1219 3907 1352 3979 post
1399 3898 1640 3961 Petrum
1698 3901 1806 3962 fuit
1861 3923 2054 3984 praeco

404 3990 698 4065 veritatis,
729 3998 791 4050 et
822 3989 952 4068 ejus
988 3987 1269 4050 Romana;
1290 3988 1450 4050 sedis
1479 4008 1793 4052 successor
1816 3991 2009 4055 fidelis
2039 4015 2054 4071 ;

403 4079 594 4160 illius,
625 4079 892 4160 inquam,
932 4077 1278 4156 Clementis,
1314 4082 1482 4156 cujus
1515 4099 1704 4160 usque
1727 4081 1784 4141 in
1811 4082 2056 4146 hodier-

403 4189 547 4233 num
576 4168 734 4232 diem
767 4168 1046 4229 universa
1103 4176 1262 4230 terra
1319 4168 1408 4231 vel
1463 4178 1666 4230 tacens
1718 4171 2057 4236 salutiferas

400 4261 613 4323 clamat
667 4259 851 4320 fuisse
908 4258 1233 4320 doctrinas.
1314 4258 1640 4320 Clementis
1700 4260 1889 4334 illius,
1955 4265 2053 4344 qui

401 4350 506 4412 fuit
536 4366 691 4411 verae
720 4348 948 4428 palmes
997 4348 1132 4408 vitis
1191 4347 1432 4422 Christi,
1495 4367 1600 4428 per
1650 4368 1827 4429 quem
1883 4353 2056 4414 nobis

2138 3188 2325 3249 animi
2358 3189 2614 3249 studium
2668 3187 2896 3248 sinatur
2956 3185 3286 3261 retardare,
3341 3187 3448 3248 sed
3496 3186 3610 3250 hoc
3637 3188 3798 3266 vigi-

2141 3275 2283 3338 lanti
2331 3277 2531 3338 animo
2559 3283 2620 3338 et
2663 3283 2891 3340 attento
2926 3273 3183 3336 fideliter
3213 3275 3490 3357 excipite.
3527 3279 3646 3340 Res
3675 3294 3794 3338 au-

2141 3375 2257 3428 tem
2292 3367 2372 3428 ita
2397 3385 2462 3428 se
2493 3365 2672 3428 habet
2702 3383 2715 3427 :

2219 3454 2292 3517 ill
2304 3504 2318 3518 .
2345 3457 2490 3519 Cum
2516 3455 3013 3536 praeclarissimus
3033 3462 3094 3518 et
3118 3454 3498 3518 beatissimus
3514 3455 3797 3520 Clemens

2141 3545 2487 3624 perfecisset
2517 3547 2805 3608 doctrina;
2833 3564 3074 3608 cursum
3099 3555 3159 3607 et
3180 3545 3570 3626 apostolatus,
3605 3555 3664 3609 et
3687 3565 3800 3625 per

2137 3636 2718 3698 consummationem
2751 3635 3016 3716 martyrii
3044 3635 3182 3697 hinc
3197 3635 3558 3699 excessisset
3589 3646 3648 3698 ut
3671 3637 3801 3716 glo-

2137 3724 2284 3786 riosi
2315 3726 2444 3805 ejus
2478 3726 2736 3806 martyrii
2764 3725 2918 3787 liber
2951 3725 3277 3788 declaravit
3311 3725 3515 3808 (quem
3551 3743 3649 3788 vos
3673 3745 3799 3788 non

2140 3816 2412 3894 ignorare
2439 3825 2528 3877 est
2561 3817 2701 3877 mihi
2737 3815 3138 3896 persuasum),
3194 3833 3314 3878 non
3359 3816 3592 3896 justum
3620 3815 3798 3895 judi-

2139 3905 2291 3966 cavit
2321 3906 2370 3965 is
2393 3905 2496 3984 qui
2529 3923 2656 3979 eos,
2694 3905 2791 3985 qui
2824 3906 3014 3983 ipsum
3047 3905 3708 3985 glorificant,gloriﬁcat
3740 3907 3798 3980 5,

2141 4015 2257 4056 non
2293 3994 2484 4075 ipsum
2521 3995 2780 4056 vicissim
2819 3993 3185 4073 gloriﬁcare,
3228 3995 3330 4075 qui
3361 4013 3467 4074 pro
3499 4013 3704 4056 amore
3737 3995 3803 4058 in

2139 4104 2274 4148 eum
2307 4086 2393 4146 sic
2423 4085 2793 4148 decertavit:
2860 4086 2964 4148 sed
3026 4104 3162 4148 eum
3221 4085 3393 4147 valde
3451 4086 3804 4166 gloriﬁcare

2137 4185 2196 4238 et
2231 4175 2546 4254 magniﬁce
2578 4177 2888 4250 extollere,
2922 4184 2980 4238 et
3013 4184 3074 4237 ut
3121 4177 3184 4237 in
3237 4175 3388 4238 caelo
3420 4176 3686 4256 angelis,
3717 4176 3807 4238 ita

2139 4268 2320 4328 etiam
2358 4265 2454 4326 hic
2475 4265 2821 4326 hominibus
2852 4283 2987 4326 eum
3021 4265 3276 4327 reddere
3306 4265 3710 4328 clarissimum
3739 4274 3805 4327 et

2143 4355 2396 4416 maxime
2427 4353 2833 4415 venerandum
2866 4373 2973 4435 per
3006 4355 3312 4435 miracula,
3351 4355 3660 4436 miracula,
3697 4355 3799 4416 in-

403 4456 728 4518 expressus
759 4437 963 4498 botrus
993 4437 1302 4512 doctrinae,
1339 4438 1575 4515 pietatis
1600 4446 1656 4499 et
1678 4439 1886 4502 salutis
1917 4461 2053 4504 mu-
2080 4437 2120 4487 Ι)
2140 4461 2605 4524 quam,quorum
2623 4443 3091 4522 magnitudinem
3110 4463 3283 4506 mens
3300 4463 3415 4506 non
3433 4453 3624 4524 potest
3637 4462 3798 4506 com-

402 4536 559 4590 stum
595 4524 766 4588 nobis
793 4525 1024 4587 effudit.
1050 4525 1504 4607 Clementis,qui
1540 4527 1647 4588 fuit
1674 4547 1825 4591 vera;
1854 4531 2049 4607 scala),

401 4635 536 4697 quae
593 4633 702 4676 nos
755 4633 870 4676 non
935 4613 1244 4676 deducunt
1297 4615 1370 4676 ad
1422 4616 1741 4678 sublimem
1795 4620 2051 4700 aliquam

404 4716 580 4768 terrae
633 4704 1036 4784 altitudinem,
1095 4705 1202 4766 sed
1258 4705 1539 4783 virtutum
1599 4709 2056 4771 ascensionibus

402 4807 680 4876 tanquam
713 4794 1014 4876 aliquibus
1043 4795 1328 4874 gradibus
1359 4814 1468 4858 nos
1507 4796 1580 4858 ad
1615 4798 1829 4859 caelum
1864 4807 2053 4861 trans-

403 4887 646 4948 mittunt
673 4893 734 4946 et
763 4883 1055 4957 ccelestia,
1115 4885 1289 4946 scalae
1319 4903 1454 4962 quae
1485 4886 1559 4948 iis
1609 4905 1744 4967 quas
1790 4907 1823 4948 a
1869 4889 2051 4951 Jacob

400 4976 544 5040 visas
572 4982 734 5051 sunt,
771 4973 920 5035 nihil
952 4981 1092 5036 sunt
1123 4973 1462 5049 inferiores,
1521 4994 1639 5036 non
1670 4977 2054 5040 ostendentes

401 5064 576 5128 nobis
601 5064 846 5144 angelos
869 5082 974 5145 per
993 5082 1092 5126 eas
1104 5065 1494 5126 ascendentes
1518 5073 1576 5126 et
1595 5065 2049 5143 descendentes,

397 5155 504 5218 sed
536 5155 848 5217 hominum
884 5155 1118 5216 animas
1147 5154 1366 5216 divinis
1415 5155 1951 5228 admonitionibus,
1993 5167 2056 5218 ut

397 5261 528 5325 qua:
557 5262 590 5305 a
618 5243 902 5323 gradibus
932 5245 990 5305 in
1039 5244 1264 5323 gradus
1296 5261 1404 5324 per
1434 5243 1683 5304 virtutes
1735 5245 1810 5306 ad
1867 5248 2052 5308 Deum

395 5334 718 5395 deducant.
753 5333 938 5414 Cujus
969 5334 1214 5414 quidem
1247 5332 1599 5393 miraculu'n
1635 5353 1772 5396 cum
1808 5353 1924 5396 non
1960 5337 2048 5396 di-

393 5423 684 5494 diceritis,
747 5445 782 5482 o
843 5423 1252 5498 pulcherrime
1313 5432 1372 5483 et
1425 5422 1778 5486 ﬁdelissime
1837 5435 2046 5507 cmtus,

392 5512 564 5592 quale
595 5514 671 5573 sit
701 5518 761 5575 et
790 5521 1100 5592 quantum,
1147 5510 1377 5585 audire,
1416 5523 1481 5574 ut
1519 5513 1623 5574 viri
1661 5513 1768 5595 pii,
1803 5526 2050 5579 conten-

2140 4532 2545 4614 prehendere,
2583 4551 2696 4596 nec
2723 4533 2911 4595 oratio
2943 4533 3148 4596 dicere
3172 4534 3643 4608 multitudinem,
3678 4553 3797 4595 ne-

2139 4641 2254 4703 que
2286 4641 2498 4684 manus
2531 4621 2870 4703 exprimere
2892 4621 3352 4687 inﬁnitatem.Ut
3381 4641 3520 4702 ergo
3550 4642 3622 4686 ex
3652 4623 3794 4685 ﬁm-

2138 4711 2291 4786 bria,
2329 4721 2394 4773 ut
2418 4717 2510 4775 est
2545 4713 2602 4773 in
2640 4713 2980 4793 proverbio,
3009 4721 3232 4776 textum
3268 4731 3531 4794 pannum
3553 4714 3796 4794 possitis

2137 4819 2522 4880 cognoscere,
2557 4801 2615 4861 id
2653 4799 2820 4863 vobis
2873 4801 3151 4876 narrabo,
3215 4802 3371 4883 quod
3429 4802 3594 4882 prius
3650 4821 3787 4864 sum

2138 4890 2468 4968 pollicitus.
2499 4891 2644 4952 Cum
2692 4892 3048 4953 veneranda;
3095 4890 3459 4953 sanctissimi
3517 4891 3793 4972 martyris

2137 4980 2464 5043 Clementis
2497 4977 2769 5060 reliquiae
2798 4979 2860 5040 in
2917 4981 3097 5060 maris
3129 4980 3488 5057 profundum
3533 4981 3794 5043 fuissent

2136 5071 2420 5150 proiectae
2444 5069 2516 5130 ab
2540 5069 2739 5150 impiis
2759 5068 2881 5131 illis
2901 5068 3232 5132 cultoribus
3249 5071 3706 5133 simulacrorum
3728 5079 3796 5135 et

2138 5178 2237 5220 cas
2268 5158 2602 5239 excepisset
2647 5160 2932 5240 templum
2969 5161 3026 5221 in
3063 5161 3357 5240 profundo
3389 5178 3424 5222 a
3458 5159 3581 5223 Deo
3613 5159 3796 5223 aedifi-

2137 5248 2466 5319 catum,hic
2488 5267 2725 5328 quoque
2761 5251 3082 5312 maximum
3099 5250 3242 5312 fecit
3260 5249 3616 5312 miraculum
3637 5251 3798 5312 Deus

2135 5337 2604 5398 admirabilium.
2665 5342 2810 5401 Cum
2871 5341 3030 5401 enim
3084 5339 3198 5402 hoc
3255 5340 3472 5402 factum
3515 5350 3698 5411 esset,
3735 5349 3797 5402 et

2136 5430 2265 5502 eius
2301 5426 2577 5504 discipuli
2611 5428 2989 5490 flerentcum
3053 5429 3123 5488 iis
3175 5429 3280 5506 qui
3342 5429 3465 5490 illic
3514 5438 3684 5491 erant
3716 5429 3794 5490 fi-

2134 5515 2392 5590 delibus,
2429 5526 2487 5577 et
2520 5526 2582 5576 ut
2633 5527 3041 5580 sacrosanctas
3070 5517 3315 5596 gloriosi
3377 5517 3653 5600 martyris
3683 5536 3793 5582 re-

475 5689 494 5738 ί
533 5687 688 5752 Psal.
722 5705 898 5765 van,
933 5689 1033 5754 36.
1116 5688 1319 5754 9Psal.
1356 5706 1481 5766 xei,
1513 5691 1573 5754 6.
1658 5691 1867 5755 3Psal.
1898 5710 2101 5775 Lxxvt,
2135 5695 2234 5757 l4.
2321 5694 2502 5760 Hac.
2538 5711 2584 5772 ι,
2622 5697 2718 5761 l7.
2804 5697 2836 5746 5
2865 5693 2888 5757 Ι
2916 5693 3060 5777 Reg.
3102 5711 3168 5778 II,
3202 5694 3301 5761 30.
