4136 6422
352 382 473 452 185
1022 458 1031 465 ,
1467 386 1659 451 VITA
1704 388 1763 451 S.
1810 388 1983 452 CLEll

2088 388 2253 453 STTIS
2296 390 2624 456 ROMANI.
3633 400 3745 468 186

349 522 569 614 liquias
618 522 703 585 eis
747 520 1124 614 ostenderet,
1184 520 1337 605 quod
1396 520 1571 614 etiam
1628 524 1845 614 factum
1896 531 2005 606 est,
2031 535 2068 585 Α
2094 524 2277 587 fundo
2317 523 2687 614 mandatum,
2717 523 2863 605 quid
2895 545 3045 607 opus
3082 534 3174 592 est
3219 528 3423 595 dicere
3454 540 3511 596 et
3560 537 3743 614 patris

345 611 539 676 Deum
599 612 897 693 supplices
947 620 1259 692 rogarent,
1320 612 1588 693 protinus
1645 612 2004 676 immensum
2093 612 2636 687 lamentationes,et
2659 618 2860 678 matris
2887 611 3740 699 ejulatus?Prteclarumvenim

346 704 491 768 illud
528 704 769 783 pelagus
819 702 1124 766 desistens
1156 714 1219 765 et;
1270 703 1682 786 rem-cedens,
1718 703 1915 766 effecit
1946 713 2009 767 ut
2091 704 2237 767 illud
2261 705 2471 767 festum
2497 714 2921 772 converterunt
2957 711 3015 769 iu
3049 710 3557 777 lamentationem.
3590 714 3743 788 Quid

350 793 732 888 profundum
764 792 917 855 adiri
948 802 1152 888 posset
1181 811 1216 854 a
1245 791 1521 888 fidelibus
1554 811 1741 888 usque
1770 792 1866 888 ad
1899 800 2008 856 tria
2092 795 2251 856 enim
2276 813 2394 856 non
2418 794 2751 857 dicebant?
2771 797 2921 888 Quid
2952 817 3069 888 non
3091 800 3387 863 faciebant
3415 803 3579 865 exiis
3610 825 3743 888 qua;

346 883 653 977 milliaria.
711 882 968 977 Ingressi
1002 890 1222 959 autem,
1277 882 1636 977 invenerunt
1692 881 2004 977 liabitacu-
2092 890 2557 977 consentaneum
2636 892 2747 960 est,
2781 886 2896 977 vel
2970 886 3164 968 ipsum
3234 890 3494 972 lapidem
3568 881 3742 977 posse

339 971 463 1035 lum
495 972 693 1036 instar
722 970 929 1052 templi
972 972 1314 1047 marmorei,
1352 979 1409 1033 et
1439 972 1561 1033 illic
1593 971 1653 1033 in
1703 991 1880 1053 capsa
1912 973 1990 1034 la-
2091 989 2329 1033 movere
2362 972 2433 1034 ad
2467 973 2805 1054 lacrymas‘?
2835 975 3016 1038 Mater
3046 977 3204 1040 enim
3239 970 3444 1044 oculos
3470 982 3542 1045 ad
3568 970 3741 1049 'mare

344 1065 519 1147 pidea
600 1061 1015 1124 sanctissimas
1076 1070 1135 1122 et
1205 1061 1661 1139 gloriasissimas
1732 1064 2005 1154 martyris
2089 1062 2437 1154 extendens,
2470 1073 2529 1125 et
2580 1083 2788 1127 manus
2830 1065 2890 1126 in
2946 1067 3130 1129 altum
3190 1070 3503 1154 extollens,
3537 1084 3738 1139 sancto

349 1154 564 1218 Christi
598 1153 891 1235 repositas
942 1151 1252 1233 reliquias.
1311 1151 1422 1225 Qui
1474 1171 1608 1214 cum
1660 1152 2005 1215 statuissent
2091 1151 2236 1214 tales
2260 1171 2436 1214 voces
2468 1154 2772 1216 emittebat
2805 1177 2818 1218 :
2853 1156 2957 1218 Hze
2987 1166 3150 1232 sunt,
3180 1179 3213 1220 ο
3238 1168 3464 1236 sancte,
3488 1151 3605 1226 tuae
3634 1184 3737 1228 re-

341 1244 756 1307 sanctissimas
787 1261 858 1304 cx
916 1241 1210 1323 profundo
1242 1242 1458 1305 tollere
1489 1241 1794 1334 reliquias
1816 1252 2002 1334 noctu
2090 1243 2535 1334 munerationes
2555 1243 2587 1304 ?
2610 1245 2841 1306 hancne
2864 1247 3066 1308 reddis
3084 1248 3329 1326 gratiam
3354 1251 3425 1313 iis
3449 1254 3549 1334 qui
3575 1263 3736 1318 tanto

333 1334 642 1396 accedens
682 1340 949 1412 sanctus,
976 1350 1078 1394 eos
1121 1334 1208 1394 sic
1231 1341 1318 1394 est
1351 1333 1662 1396 allocutus:
1694 1332 2002 1410 Reliquias
2087 1330 2169 1392 tui
2200 1331 2501 1394 desiderio
2552 1335 2623 1395 ad
2659 1342 2715 1396 te
2747 1342 3192 1402 accurrerunt‘?
3237 1330 3483 1404 Hancne
3527 1344 3735 1407 reddi-

335 1423 587 1505 quidem
622 1423 811 1485 nolite
842 1423 1096 1501 tollere;
1132 1422 1282 1483 hanc
1314 1431 1512 1483 autem
1544 1421 1708 1485 vobis
1733 1424 1997 1486 concedo
2084 1420 2219 1482 disti
2255 1423 2591 1484 mercedem
2650 1442 2755 1503 pro
2788 1425 3013 1495 labore.
3049 1448 3227 1506 quem
3264 1449 3430 1510 passa
3470 1451 3626 1508 sum,
3663 1453 3736 1496 ex

334 1513 955 1594 gratiam,ntsingulis
977 1512 1151 1575 annis
1173 1512 1270 1574 die
1290 1531 1437 1575 meae
1457 1514 1874 1575 decertationis
1894 1533 1995 1576 se-
2083 1528 2198 1590 quo
2223 1512 2496 1573 accessi?
2526 1512 2638 1576 Ubi
2669 1522 2759 1575 est
2790 1515 2933 1576 mihi
2968 1518 3168 1579 ﬁlius?
3195 1518 3309 1583 Ubi
3341 1521 3463 1582 nati
3495 1522 3612 1584 mei
3644 1524 3736 1585 vi-

331 1617 490 1677 ptem
519 1605 647 1661 dies
672 1619 829 1661 mare
854 1603 1517 1674 retrocedens,prsebeat
1542 1604 1644 1660 iter
1670 1602 1999 1674 persiccum
2085 1617 2253 1661 scera
2303 1602 2529 1664 marina
2581 1603 2778 1667 bellua
2829 1607 3152 1671 laceravit?
3200 1609 3489 1683 Quisnam
3536 1621 3733 1674 autem

336 1694 794 1766 ingrediendum
828 1694 1151 1764 hucusque.
1174 1692 1336 1762 Quod
1360 1701 1548 1752 autem
1573 1693 2005 1765 dixerat,dedu-
2082 1691 2408 1781 vehemens
2439 1692 2753 1771 insurgens
2783 1696 3021 1773 fluctus,
3047 1717 3181 1759 eum
3216 1699 3413 1761 vivum
3455 1709 3732 1781 tanquam

340 1797 492 1844 ctum
526 1793 614 1844 est
643 1786 714 1843 ad
745 1785 1037 1843 effectum.
1081 1785 1161 1842 Ab
1190 1801 1257 1842 eo
1282 1788 1711 1856 enimtempore
1741 1787 2000 1859 usquein
2086 1780 2427 1859 sepulcrum
2485 1782 2780 1863 operuit?
2824 1785 3155 1856 Quemnam
3217 1789 3393 1850 modo
3450 1780 3733 1871 aspiciam

344 1878 702 1940 hodiernum
730 1876 889 1938 diem
918 1876 1171 1957 singulis
1200 1877 1370 1938 annis
1392 1877 1455 1938 ﬁt
1480 1878 1591 1939 hoc
1617 1878 1993 1939 miraculum.
2025 1940 2058 1957 η
2087 1871 2278 1931 ocutis
2305 1872 2335 1931 ?
2392 1871 2504 1933 Pro
2537 1891 2656 1949 quo
2706 1893 2848 1935 vero
2901 1875 3088 1938 orabo
3118 1877 3150 1937 ‘.’
3205 1879 3343 1952 Quis
3373 1888 3570 1941 autem
3623 1884 3737 1944 erit

354 1967 511 2041 Quid
542 1976 631 2029 est
668 1968 780 2029 hoc
817 1940 1403 2040 minusvf‘aciendum,
1441 1986 1617 2049 quam
1672 1967 1848 2029 Musis
1881 1968 1993 2028 mi-
2025 1940 2233 2021 “luem
2264 1964 2592 2024 senectutis
2626 1962 2872 2025 baculus
2896 1972 2923 2028 ‘I
2953 1965 3091 2045 Cur,
3129 1986 3162 2029 ο
3201 1980 3426 2043 sancte.
3463 1989 3580 2031 non
3636 1972 3731 2033 te-

345 2058 617 2119 raculum
641 2057 672 2116 ?
702 2056 855 2130 Quid
885 2074 1024 2117 vero
1058 2056 1243 2119 Elisei
1275 2056 1469 2131 vilius,
1504 2065 1604 2118 aut
1637 2062 1832 2117 minus
1864 2057 1996 2135 glo-
2082 2049 2214 2111 cisti
2251 2070 2346 2112 me
2390 2071 2523 2115 esse
2553 2054 2775 2114 sociam
2810 2056 3018 2116 mortis
3038 2056 3139 2118 ﬁlii
3178 2058 3317 2139 mei,
3345 2069 3409 2120 ut
3430 2062 3731 2141 quomodo

338 2148 564 2208 riosum
592 2145 616 2207 ἵ
646 2145 773 2208 Imo
805 2163 950 2208 vero
983 2155 1073 2207 est
1121 2146 1291 2225 longe
1323 2147 1513 2226 majus
1563 2155 1620 2207 et
1652 2146 1995 2223 gloriosius.
2080 2141 2151 2201 ad
2199 2148 2255 2204 te
2286 2143 2520 2205 accessi
2573 2163 2710 2205 eum
2748 2163 2923 2205 manu
2975 2158 3214 2221 tenens,
3250 2148 3327 2209 ita
3358 2148 3536 2210 etiam
3590 2169 3726 2212 eum

332 2237 442 2300 Ille
474 2238 639 2299 enim
677 2239 839 2316 virga
880 2243 940 2297 et
967 2237 1131 2298 vivus
1163 2244 1220 2297 et
1262 2236 1448 2298 semel
1484 2254 1648 2297 mare
1689 2237 1990 2309 scindens,
2080 2229 2236 2291 ulnis
2268 2231 2487 2306 ferens,
2520 2233 2723 2296 infelix
2774 2235 2843 2295 ad
2879 2235 3106 2298 inferos
3161 2235 3593 2300 descenderem
3632 2261 3645 2303 :
3679 2240 3726 2304 Ο

331 2328 513 2389 maris
556 2327 925 2409 profundum
972 2335 1040 2387 ut
1069 2326 1184 2387 iter
1216 2335 1393 2407 esset,
1430 2325 1668 2387 effecit:
1705 2327 1803 2389 hic
1849 2344 1994 2389 vero
2079 2337 2243 2382 mare
2266 2329 2323 2382 et
2358 2323 2742 2402 profundum,
2769 2344 3024 2405 quonam
3059 2327 3142 2387 tui
3166 2327 3299 2388 sinu
3332 2345 3527 2389 meum
3558 2337 3728 2391 tene-

335 2417 618 2480 sirniliter
649 2416 810 2499 pelle
831 2416 1008 2479 ovilla
1029 2434 1241 2478 secans
1265 2415 1615 2492 Iordanem,
1638 2418 1825 2479 semel
1849 2437 1994 2500 quo-
2076 2409 2202 2500 lifts
2233 2412 2417 2473 filium
2448 2412 2478 2472 7
2508 2412 2817 2485 Quomodo
2850 2425 3048 2477 autem
3104 2434 3237 2477 eum
3267 2437 3502 2498 quoque
3548 2418 3672 2480 ales
3702 2428 3731 2484 ?

340 2526 450 2588 que
506 2508 626 2570 hoc
653 2497 799 2569 fecit
852 2506 1206 2567 miraculum
1248 2523 1261 2569 :
1316 2505 1609 2567 ambabus
1638 2508 1806 2587 aquis
1862 2497 1993 2587 ροει
2074 2497 2183 2560 Hei
2216 2501 2386 2577 mihi,
2428 2504 2769 2566 miserande
2800 2504 2885 2566 ﬁli
2922 2526 2938 2581 ;
2973 2506 3266 2589 ﬁli,rapte
3290 2497 3426 2567 ante
3453 2516 3728 2589 tempus;

336 2598 652 2659 transitum
687 2597 944 2659 redactis
976 2595 1050 2657 ad
1100 2614 1265 2658 suam
1302 2604 1594 2671 naturam,
1628 2596 1845 2678 quibus
1876 2598 1983 2659 hoc

2088 2589 2178 2660 lili,
2218 2593 2517 2671 quomodo
2575 2611 2606 2653 a
2666 2595 2811 2655 meis
2872 2595 3063 2656 oculis
3114 2594 3445 2660 recesisti?
3504 2597 3730 2671 Quibus

331 2706 642 2770 nunquam
688 2686 906 2749 factum
938 2696 1027 2749 est
1053 2683 1394 2767 posteallic
1425 2694 1622 2747 autem
1648 2695 1781 2767 post
1822 2706 1987 2751 mor-
2073 2678 2325 2757 Pedibus
2356 2699 2420 2742 es
2463 2683 2832 2744 Coth’l‘SUS?
2861 2682 3185 2757 Quemnam
3218 2694 3410 2748 autem
3445 2696 3726 2766 tanquam

332 2786 474 2858 tem,
504 2787 569 2839 et
591 2795 712 2838 non
736 2776 949 2848 semel,
982 2775 1085 2838 sed
1110 2775 1184 2837 ab
1210 2794 1279 2837 eo
1306 2784 1573 2856 tempore
1595 2795 1786 2857 usque
1810 2777 1869 2838 in
1891 2777 1991 2839 ho-
2073 2787 2288 2848 agnum
2343 2770 2627 2849 aspiciam
2659 2772 3032 2836 exsilientem
3063 2774 3091 2835 ?
3144 2774 3317 2838 Pater
3346 2794 3485 2838 vero
3520 2795 3732 2841 rursus

330 2868 609 2930 diernum
635 2867 824 2930 diem.
858 2865 905 2930 Ο
930 2866 1284 2927 miraculum
1321 2876 1379 2927 et
1410 2867 1660 2944 gloriam
1694 2870 1987 2949 martyris,
2077 2868 2134 2920 et
2180 2878 2388 2921 manus
2420 2873 2478 2921 et
2529 2864 2731 2924 oculos
2761 2863 3007 2937 feriens,
3044 2865 3128 2926 sic
3191 2866 3677 2943 conquerebatur
3710 2888 3724 2931 :

334 2958 505 3039 quale
535 2958 768 3019 donum
795 2965 885 3017 est
916 2966 1223 3017 assecutus
1253 2956 1501 3033 singulis
1530 2956 1703 3017 annis
1726 2957 1825 3018 die
1858 2959 1991 3036 glo-
2078 2950 2216 3039 qur,
2256 2971 2289 3010 ο
2324 2959 2552 3030 sancte,
2589 2970 2684 3013 me
2714 2963 2962 3033 repente
2991 2953 3203 3015 orbum
3238 2956 3427 3017 fecisti
3474 2956 3726 3035 liberis;

332 3036 498 3109 riosaa
521 3067 651 3109 suae
684 3045 1162 3108 decertationis?
1192 3044 1431 3126 Septem
1466 3046 1624 3107 enim
1660 3046 1813 3127 dies,
1841 3048 1995 3110 sicut
2079 3036 2198 3100 θυι*
2236 3040 2579 3120 permisisti,
2615 3050 2678 3103 ut
2732 3062 2899 3104 meus
2940 3045 3098 3105 ﬁlius
3150 3056 3486 3107 moreretur
3538 3055 3729 3108 morte

325 3138 489 3219 prius
551 3138 845 3214 diximus,
897 3137 1190 3199 recedens
1239 3154 1404 3197 mare
1460 3136 1606 3197 illud
1664 3136 1989 3214 infinitum,
2082 3138 2199 3191 tam
2248 3129 2634 3194 miserabili?
2682 3132 2800 3194 Cur
2849 3134 2991 3194 mihi
3037 3134 3378 3213 obtigerunt
3428 3136 3729 3197 contraria

318 3218 436 3310 piis
471 3226 710 3310 praebet
736 3226 852 3288 iter
882 3226 1077 3288 facile.
2019 3304 2048 3310 _
2077 3218 2153 3310 i_is
2194 3238 2332 3310 qua;
2359 3222 2590 3302 speravi
2620 3229 2647 3285 ?
2684 3225 2886 3286 Hacne
2937 3224 3055 3285 ﬁde
3100 3225 3171 3285 ad
3206 3235 3263 3286 te
3307 3224 3669 3288 accessimus
3696 3226 3728 3286 ?

400 3304 508 3382 Ν.
544 3318 697 3382 Cum
722 3319 839 3379 hoc
867 3334 1007 3395 ergo
1031 3314 1119 3378 sic
1153 3315 1364 3377 factum
1388 3317 1480 3396 (l)
1505 3334 1715 3378 omnes
1738 3316 1842 3397 pii,
1872 3325 1987 3379 tam
2010 3304 2051 3354 ο
2076 3307 2320 3372 Taliane
2369 3322 2506 3373 sunt
2534 3312 2691 3374 dona
2722 3320 3041 3393 martyrum
3094 3314 3154 3375 in
3188 3332 3291 3375 eos
3321 3313 3420 3395 qui
3454 3314 3525 3376 ad
3563 3313 3727 3396 ipsos

322 3410 425 3492 qui
458 3416 636 3472 erant
663 3408 725 3469 in
758 3406 1040 3485 regione,
1068 3424 1248 3484 quam
1281 3407 1437 3469 cives
1466 3407 1787 3471 Chersonis
1812 3408 1987 3471 audi—
2076 3418 2287 3492 magno
2334 3403 2627 3465 accedunt
2657 3403 3008 3465 desiderio?
3054 3406 3283 3466 Revera
3328 3423 3446 3465 non
3500 3413 3581 3479 tu,
3616 3405 3722 3467 sed

324 3491 574 3576 vissent,
610 3505 1010 3579 perrexerunt
1040 3497 1111 3558 ad
1164 3496 1684 3578 contemplandum
1721 3499 1986 3559 miracu-
2076 3491 2353 3569 procella:
2390 3512 2657 3554 meorum
2713 3502 3090 3573 peccatorum
3155 3494 3303 3555 mari
3349 3493 3723 3556 tradiderunt

329 3586 479 3649 lum.
514 3589 659 3650 Cum
697 3586 916 3664 quibus
936 3587 1177 3667 quidam
1204 3605 1443 3668 quoque
1465 3586 1552 3647 vir
1575 3587 1706 3668 pius
1737 3607 1869 3651 cum
1894 3590 1989 3669 pia
2073 3580 2286 3642 ﬁlium.
2342 3583 2390 3646 Ο
2423 3584 2505 3646 ﬁli
2539 3583 2639 3658 mi,
2670 3584 2805 3665 quis
2825 3584 2913 3647 tui
2946 3585 3165 3646 mortui
3190 3583 3426 3645 claudet
3455 3583 3662 3645 oculos
3691 3583 3722 3645 ?

336 3696 532 3741 uxore
574 3687 628 3739 et
670 3677 793 3739 ﬁlio
850 3676 1138 3753 masculo,
1172 3677 1244 3738 ad
1296 3678 1662 3738 sacrosancti
1712 3668 1989 3760 martyris
2071 3668 2293 3742 QUiSle
2324 3681 2522 3735 autem
2557 3684 2878 3755 componet
2908 3674 2981 3734 ad
3015 3674 3355 3754 ερρυιοτυπι
3385 3671 3411 3736 Ὺ
3442 3672 3724 3746 Quaenam

337 3769 620 3847 templum
685 3768 841 3830 viam
918 3774 1241 3846 pergerunt
1298 3775 1576 3847 prompto
1658 3776 1716 3830 et
1804 3768 1987 3831 alacri
2069 3777 2210 3821 vero
2243 3762 2412 3825 theca
2447 3765 2764 3844 pulchrum
2801 3774 2967 3825 tuum
3004 3772 3064 3824 et
3087 3762 3421 3842 jucundum
3458 3770 3613 3842 teget
3644 3771 3726 3823 ta-

332 3857 553 3919 animo.
588 3855 729 3920 Cum
753 3864 954 3920 autem
987 3857 1060 3917 ad
1097 3856 1291 3917 locum
1326 3857 1755 3938 pervenissent,
1788 3869 1850 3921 et
1882 3860 1990 3919 mi-

317 3949 595 4012 raculum
629 3947 786 4030 quod
820 3948 1012 4010 adhuc
1066 3946 1266 4020 ﬁebat,
1300 3947 1693 4028 aspexissent,
1733 3948 1989 4028 ingressi

317 4048 462 4100 sunt
492 4037 644 4099 illud
678 4036 967 4116 templum
1002 4034 1157 4116 quod
1208 4035 1281 4096 ad
1314 4033 1435 4097 Deo
1466 4035 1820 4098 aediﬁcatum
1856 4037 1987 4099 fue-

318 4135 412 4189 rat
437 4127 498 4187 in
534 4125 833 4207 profundo
866 4143 882 4199 ;
919 4134 981 4186 et
1012 4142 1147 4185 cum
1178 4124 1250 4185 ad
1282 4142 1522 4205 capsam
1560 4126 1979 4201 accessissent,

315 4216 630 4298 supplices
685 4222 951 4277 sanctum
988 4213 1296 4292 rogabant,
1334 4223 1605 4294 petentes
1655 4226 1715 4276 ut
1746 4235 1855 4297 per
1883 4223 1979 4297 ip-

314 4324 449 4368 sum
483 4305 602 4366 sibi
634 4306 877 4366 daretur
906 4304 1138 4364 veniam
1176 4312 1554 4383 peccatorum
1582 4325 1597 4379 ;
1632 4312 1690 4365 et
1717 4325 1975 4386 precan~

2070 3848 2456 3913 bernaculum
2486 3853 2512 3915 't'
2538 3854 2628 3915 An
2662 3854 2904 3915 omnino
2932 3853 3173 3935 quidem
3200 3862 3330 3915 tuos
3351 3851 3554 3913 oculos
3577 3852 3721 3915 texit

2072 3957 2255 4019 mare,
2294 3951 2351 4002 et
2403 3943 2639 4022 sepeliit
2696 3944 3081 4024 profundum,
3116 3950 3177 4006 et
3232 3942 3337 4004 tibi
3392 3942 3566 4004 theca
3609 3942 3721 4005 fuit

2070 4037 2276 4091 venter
2304 4031 2556 4111 piscium
2594 4040 2606 4094 t

2145 4217 2243 4279 VI.
2269 4220 2416 4280 Cum
2450 4221 2535 4282 sic
2557 4229 2754 4281 autem
2788 4222 3137 4300 plangerent
3167 4224 3224 4282 et
3252 4220 3725 4282 lamentarentur

2065 4317 2365 4387 parentes,
2393 4311 2633 4388 quidam
2672 4311 2837 4373 exiis
2868 4312 2967 4391 qui
2993 4311 3130 4371 illuc
3163 4319 3586 4383 convenerant,
3621 4310 3718 4372 vix

315 4406 433 4472 tur,
467 4403 533 4456 ut
584 4394 708 4456 tilio
737 4394 975 4455 daretur
1012 4391 1127 4453 vita
1180 4392 1377 4472 longa,
1414 4401 1472 4454 et
1504 4393 1685 4455 nullis
1728 4395 1981 4458 obnoxia
2067 4397 2304 4459 tandem
2342 4399 2430 4461 eis
2464 4411 2907 4480 persuaserunt,
2933 4410 2995 4460 ut
3024 4408 3327 4461 cessarent
3359 4418 3392 4459 ι
3424 4400 3713 4459 lamenta-

314 4484 781 4557 calamitatibus,
815 4491 877 4545 et
928 4501 1108 4563 opum
1146 4485 1336 4565 c0pia,
1371 4492 1429 4545 et
1468 4503 1601 4564 quae
1656 4497 1977 4547 consenta-
2068 4486 2252 4553 tione.
2285 4493 2430 4551 Cum
2464 4510 2497 4551 a
2531 4492 2691 4553 luctu
2736 4500 2932 4553 autem
2967 4509 3172 4571 parum
3207 4497 3566 4561 cessassez.t,
3602 4488 3715 4550 do-

314 4594 503 4636 neum
549 4583 640 4635 est
675 4581 876 4655 petere
926 4582 1205 4649 parentes
1253 4572 1377 4634 ﬁlio
1410 4574 1608 4635 unico.
1660 4576 1978 4657 Postquam
2069 4595 2228 4639 mum
2263 4579 2558 4641 abierunt.
2590 4580 2733 4643 Cum
2770 4600 2909 4659 ergo
2943 4590 3177 4660 tempus
3207 4577 3623 4659 processisset,
3656 4587 3716 4641 et

315 4683 464 4744 ergo
490 4682 703 4745 preces
729 4662 1123 4743 peregissent,
1148 4670 1207 4723 et
1236 4663 1427 4724 sancti
1454 4664 1697 4726 osculati
1730 4665 1985 4727 fuissent
2009 4661 2053 4713 ι)
2072 4669 2377 4730 memoriae
2399 4670 2587 4730 sancti
2614 4672 2881 4751 martyris
2912 4670 3043 4732 dies
3062 4669 3382 4743 venissent,
3412 4668 3538 4729 hmc
3559 4666 3718 4729 inter

311 4755 637 4834 reliquias,
659 4753 989 4815 redierunt.
1014 4751 1122 4825 Qui
1152 4771 1286 4813 cum
1322 4754 1545 4830 egressi
1580 4764 1800 4835 essent,
1830 4775 1983 4837 aqua
2064 4775 2129 4818 se
2188 4758 2484 4840 dicebant,
2520 4760 2814 4822 recordati
2866 4760 2957 4820 sui
3010 4759 3155 4821 ﬁlii:
3207 4756 3474 4838 Agedum
3528 4756 3713 4836 proﬁ-

319 4863 535 4907 rursus
563 4844 624 4905 in
662 4862 829 4905 suum
866 4844 1059 4904 locum
1091 4842 1291 4903 rediit.
1329 4841 1416 4903 llli
1447 4852 1645 4904 autem
1682 4847 1975 4919 conversi,
2063 4846 2359 4910 ciscamur
2390 4848 2463 4908 ab
2514 4856 2811 4921 sanctum,
2847 4858 2932 4921 ut,
2968 4848 3017 4909 si
3070 4847 3204 4908 ulla:
3232 4845 3524 4926 reliquiae,
3556 4845 3712 4925 quod

315 4944 376 4997 et
426 4932 591 5012 quod
628 4934 792 5015 prius
824 4943 950 4994 erat
980 4932 1116 5012 iter,
1152 4931 1397 5012 pelagus
1446 4934 1827 5013 aspicientes,
1866 4935 1980 4997 huc
2064 4936 2191 4996 ﬁeri
2218 4953 2332 4996 non
2370 4945 2587 5015 potest,
2614 4936 3012 4998 remanserint
3044 4935 3233 4997 nostri
3259 4934 3390 5012 ﬁlii,
3422 4952 3523 4995 eas
3551 4931 3715 4995 acci-

313 5033 373 5086 et
406 5023 555 5085 illuc
603 5022 1183 5101 circumspicientes,
1219 5021 1406 5081 ﬁlium
1452 5040 1721 5103 quaerere
1769 5042 1975 5102 aggre-
2064 5032 2318 5107 ptumus,
2342 5037 2398 5087 et
2430 5046 2561 5087 cum
2592 5026 3073 5106 s:mcto,judicio
3104 5023 3534 5086 contendamus
3566 5044 3580 5098 ;
3625 5032 3707 5097 ut,

311 5111 664 5176 diebautur.
694 5114 747 5175 ls
769 5120 968 5173 autem
1000 5110 1060 5171 in
1096 5129 1231 5172 arca
1250 5111 1435 5172 sancti
1469 5122 1839 5174 remanserat
1871 5136 1886 5185 ;
1917 5123 1976 5175 et
2061 5116 2109 5177 si
2154 5118 2279 5179 ﬁeri
2317 5120 2525 5196 possit,
2560 5117 2683 5180 illic
2729 5118 3073 5190 moriamur,
3109 5113 3321 5176 mortis
3362 5113 3709 5175 societatem

310 5204 431 5266 hoc
486 5222 603 5265 non
638 5201 937 5264 oblivione
987 5208 1325 5281 parentum,
1360 5200 1465 5262 sed
1516 5200 1624 5262 Dei
1673 5202 1972 5264 voluntate
2057 5210 2331 5269 ineuntes
2357 5224 2492 5268 cum
2529 5207 2673 5267 ﬁlio.
2709 5209 2856 5269 Cum
2883 5207 3006 5268 haec
3038 5223 3179 5285 ergo
3205 5203 3524 5283 dixissent,
3554 5220 3708 5264 non-

311 5294 532 5355 factum
584 5302 695 5367 est,
730 5302 791 5353 ut
845 5291 905 5352 in
962 5290 1072 5351 hoc
1124 5307 1362 5369 quoque
1396 5299 1710 5371 martyrem
1756 5291 1975 5355 faceret
2054 5296 2195 5356 dum
2246 5295 2320 5356 iis
2352 5316 2485 5376 qum
2538 5296 2910 5375 dicebantur,
2946 5295 3126 5356 ﬁnem
3187 5294 3619 5371 imposuerant,
3651 5299 3711 5351 et

312 5383 501 5463 magis
530 5382 979 5445 admirabilem.
2054 5395 2365 5467 cmperunt
2398 5387 2511 5447 iter
2540 5384 2798 5465 ingredi.
2832 5386 2979 5447 Cum
3014 5402 3154 5446 vero
3198 5382 3615 5454 accessissent,
3651 5388 3709 5440 et

392 5475 462 5537 V.
497 5473 640 5537 Cum
674 5492 821 5554 ergo
858 5477 1138 5552 parentes
1168 5487 1286 5530 non
1312 5468 1653 5530 invenirent
1679 5470 1889 5547 ﬁlium,
1916 5480 1975 5535 et
2053 5477 2124 5535 ad
2189 5476 2384 5537 locum
2440 5476 2873 5555 pervenissent,
2908 5484 2967 5537 et
3023 5491 3185 5535 mare
3240 5467 3706 5547 retrocessisset,

305 5563 657 5645 cegitassent
706 5578 976 5646 puerum
1009 5557 1194 5620 fuisse
1237 5578 1271 5622 a
1302 5576 1367 5619 se
1409 5557 1696 5621 oblivioni
1727 5561 1787 5622 in
1837 5581 1968 5643 pro-
2053 5563 2173 5627 Deo
2192 5565 2287 5627 hic
2306 5584 2544 5647 quoque
2568 5565 2759 5633 honor
2775 5575 2912 5635 ante
2939 5571 3253 5657 martyrem
3288 5559 3393 5634 filii
3416 5559 3509 5631 sui
3542 5555 3708 5629 desi-

363 5748 441 5835 (Ι)
468 5744 773 5819 Hucrefer
795 5760 858 5804 c.
893 5737 1003 5817 33,
1038 5738 1217 5819 Greg.
1250 5736 1426 5802 Turc.
1468 5738 1583 5802 lib.
1613 5754 1657 5803 ι.
1694 5740 1780 5803 De
1806 5739 2009 5822 gloria
2042 5753 2410 5827 martyrum.
