4136 6420
427 343 540 414 187
1723 341 2006 406 MENSIS
2048 339 2085 403 Β

2172 340 2494 405 VEMBER.
3703 342 3816 411 188

421 485 592 552 derio
608 482 1465 566 stimulatimrimiprofundum
1490 476 2375 561 insilierunt.eosqueArabilia
2423 483 2482 541 et
2511 477 2687 558 longe
2717 475 3097 540 clarissima:
3144 494 3416 560 prmsens
3459 485 3660 543 autem
3707 480 3822 544 mi-

422 597 684 656 sequens
711 577 962 642 vadebat
995 574 1332 637 multitudo.
1361 575 1506 638 Cum
1543 584 1743 636 autem
1769 574 2074 654 pervenis-
2156 571 2426 632 raculum
2466 576 2751 651 quantum
2787 585 2858 630 ea
2890 570 3257 650 exsuperat?
3284 569 3586 633 Auantius
3620 577 3825 632 autem

423 677 556 732 sent
576 668 646 729 ad
681 667 978 748 imprimis
1007 665 1408 727 venerandum
1443 665 1731 745 templum
1769 664 2070 744 martyris,
2161 658 2304 720 mihi
2329 657 2648 748 considera
2679 657 2958 720 miraculi
2998 658 3436 722 excellentiam.
3473 657 3635 721 Elias
3687 658 3828 741 qni-

423 764 481 837 (ο
515 746 917 829 miraculum!)
946 754 1149 816 vident
1179 773 1351 816 suum
1398 754 1584 816 ﬁlium
1622 753 1840 832 vivum,
1877 753 2075 814 laetum
2159 750 2297 812 dent
2331 756 2394 810 ut
2426 746 2592 829 prius
2625 749 2905 819 diximus,
2931 767 3120 829 nuper
3146 759 3450 811 mortuum
3478 756 3833 829 puerum,et

427 857 484 912 et
515 849 912 911 exsilientem.
948 847 1092 909 Cum
1127 851 1211 907 sic
1237 853 1436 905 autem
1467 862 1502 904 a
1533 843 1836 905 miraculis
1867 843 1925 903 in
1959 842 2075 904 mi-

422 939 692 1001 raculum
745 937 1121 1008 incidissent,
1158 952 1350 1014 reque
1381 933 1596 1012 insigni
1655 942 1712 994 et
1743 931 2080 994 admirabili

428 1036 630 1091 essent
675 1025 1094 1106 obstupefacti,
1130 1024 1385 1104 primum
1441 1023 1683 1104 quidem
1717 1021 1904 1084 Deum
1947 1021 2079 1083 lau-

427 1118 644 1179 derunt
678 1137 694 1191 ;
739 1114 957 1177 deinde
991 1113 1233 1194 martyri
1269 1131 1510 1192 quoque
1556 1121 1809 1191 egerunt
1839 1112 2078 1192 gratias.

425 1207 724 1286 Deinceps
751 1224 886 1267 vero
923 1202 1372 1269 adolescentem
1426 1203 1891 1282 interrogarunt,
1925 1219 2082 1281 quo-

429 1295 605 1358 modo
635 1304 791 1358 esset
822 1303 1110 1369 servatus,
1149 1311 1405 1374 quonam
1440 1292 1800 1372 viviﬁcante,
1821 1309 2082 1372 quonam

426 1395 724 1459 servante,
788 1393 848 1447 et
903 1402 1161 1464 quonam
1235 1381 1591 1444 nutriente?
1671 1383 1827 1444 Puer
1883 1390 2083 1442 autem

428 1494 547 1539 una
594 1475 836 1558 quidem
885 1492 1064 1534 manu
1128 1482 1341 1536 tenens
1393 1490 1616 1546 arcam,
1654 1471 1838 1532 altera
1889 1477 2084 1532 autem

428 1585 608 1629 manu
641 1564 826 1644 digito
858 1563 1131 1626 indicans
1167 1581 1302 1625 eum
1364 1562 1464 1644 qui
1495 1561 1658 1622 intus
1683 1560 1942 1641 jacebat,
1980 1578 2084 1622 re-

428 1655 673 1737 spondit
725 1652 1280 1734 interrogantibus:
1327 1650 1436 1713 Ilic
1498 1659 1629 1732 post
1678 1651 1864 1713 Deum
1917 1669 2088 1711 meus

2162 838 2265 920 qui
2321 837 2586 900 nondum
2639 838 2982 913 refrixerat,
3017 838 3123 900 sed
3175 837 3370 903 adhuc
3421 838 3699 902 servabat
3727 856 3830 901 na-

2165 936 2316 990 tura:
2367 927 2649 1000 calorem,
2690 927 3024 991 suscitavit.
3071 928 3255 992 Elisei
3285 947 3429 991 vero
3457 927 3645 989 virtus
3684 926 3828 990 dua-

2166 1017 2276 1081 bus
2295 1018 2370 1080 de
2392 1017 2590 1081 causis
2612 1017 2755 1079 fecit
2779 1017 3154 1082 miraculum:
3190 1037 3308 1080 una
3346 1017 3587 1094 quidem
3615 1025 3824 1080 osten-

2167 1108 2318 1171 dens
2343 1107 2719 1189 prophetam,
2763 1106 2869 1184 qui
2891 1110 3272 1187 ignorabatur
3299 1129 3312 1172 :
3345 1107 3594 1171 alteram
3629 1115 3829 1168 autem

2168 1217 2287 1261 non
2312 1197 2650 1260 concedens
2682 1196 2905 1260 caedem
2933 1197 3107 1260 etiam
3135 1208 3266 1278 post
3300 1207 3577 1260 mortem.
3612 1199 3832 1261 Petrus

2170 1305 2311 1349 vero
2342 1305 2449 1348 sua
2473 1287 2712 1367 virtute,
2733 1295 2787 1348 et
2819 1286 3060 1366 adjutus
3078 1287 3254 1348 etiam
3289 1305 3496 1349 eorum
3519 1285 3825 1368 precibus,

2175 1377 2280 1456 qui
2310 1396 2343 1438 a
2371 1376 2542 1438 vidua
2583 1376 2818 1438 fuerant
2846 1376 3042 1440 aﬂ'ecti
3074 1377 3390 1452 beneﬁcio,
3425 1377 3555 1459 ipse
3588 1379 3829 1457 quoque

2171 1467 2446 1529 excitavit
2497 1484 2626 1527 eam
2689 1466 2864 1528 modo
2924 1479 3244 1530 mortuam.
3319 1466 3575 1530 Sanctus
3627 1474 3829 1528 autem

2171 1563 2392 1637 martyr
2420 1553 2699 1619 Clemens
2727 1555 2790 1634 (ο
2831 1555 3182 1618 miraculum
3211 1557 3249 1635 !)
3298 1575 3418 1618 non
3451 1574 3692 1630 recens,
3724 1553 3832 1616 sed

2163 1647 2286 1727 jam
2333 1664 2490 1706 anno
2523 1664 2642 1706 uno
2675 1655 3003 1721 mortuum,
3038 1647 3131 1708 vel
3183 1655 3248 1708 ut
3279 1646 3490 1708 melius
3521 1644 3740 1725 dicam,
3775 1643 3842 1706 in

429 1755 630 1810 custos
681 1755 740 1808 et
771 1745 886 1807 vita
931 1751 992 1808 et
1037 1744 1387 1806 alimentum
1446 1743 1579 1822 fuit,
1613 1751 1670 1802 et
1713 1740 2090 1822 propulsator
2169 1755 2288 1797 uno
2323 1754 2563 1817 quoque
2596 1745 2845 1815 puncto,
2876 1743 2934 1796 et
2964 1737 3096 1815 ejus
3127 1737 3480 1798 tenuissima
3508 1743 3673 1816 parte
3704 1752 3839 1795 mo-

428 1836 762 1900 belluarum
825 1835 1218 1897 marinarum.
1267 1832 1376 1895 Hic
1432 1850 1529 1894 me
1582 1831 1850 1912 quotidie
1894 1829 2448 1909 alebatBrientem,
2506 1827 2867 1901 conseravit,
2925 1827 3104 1890 Scitis
3173 1837 3368 1891 autem
3437 1845 3676 1892 omnes.
3735 1823 3844 1906 qui

429 1925 853 2008 splendidisse.

509 2014 633 2079 VII.
671 2017 954 2078 Parentes
982 2023 1181 2076 autem
1217 2012 1618 2074 admiratione
1660 2019 1720 2073 et
1751 2010 1954 2072 laetitia
1985 2009 2080 2070 af-

430 2105 588 2185 fecti,
615 2113 674 2166 et
701 2103 972 2185 martyris
1005 2104 1122 2164 ﬁde
1155 2105 1341 2183 magis
1369 2102 1732 2174 conﬁrmati,
1765 2119 1874 2181 per
1901 2118 2081 2181 quem

430 2194 643 2271 ﬁlium,
674 2211 850 2276 quem
877 2192 1160 2275 putabant
1191 2191 1814 2272 mortuum,viventem
1835 2208 2082 2270 accepe-

419 2295 588 2353 runt,
642 2285 871 2364 priores
921 2282 1116 2344 luctus
1164 2288 1585 2344 cenverterunt
1633 2281 1706 2342 ad
1755 2280 2080 2358 gratiarum

419 2372 744 2454 actionem,
779 2380 983 2434 sancto
1015 2373 1100 2434 sic
1133 2372 1567 2434 acclamantes:
1608 2373 1764 2432 Vere
1793 2389 1934 2450 ergo
1969 2371 2078 2432 ad-

429 2461 717 2525 mirabilis
749 2471 841 2524 est
869 2464 1033 2526 Deus
1062 2461 1122 2523 in
1149 2461 1371 2524 sanctis
1399 2461 1527 2522 suis
1551 2461 1604 2536 6,
1638 2468 1697 2521 et
1727 2478 1934 2522 eorum
1981 2458 2082 2539 qui

424 2546 619 2633 ipsum
676 2553 909 2623 timent,
964 2551 1189 2613 faciens
1242 2551 1610 2612 voluntatem
1641 2551 1692 2623 7,
1728 2559 1786 2610 et
1832 2548 2082 2611 audiens

431 2661 638 2706 eorum
674 2641 1107 2723 procationem.
1144 2639 1429 2713 Servasti,
1463 2661 1497 2700 o
1551 2648 1778 2716 sancte,
1813 2647 2080 2701 nostrum

431 2731 654 2808 ﬁlium;
688 2730 1000 2794 reddidisti
1036 2730 1209 2791 nobis
1240 2749 1376 2792 eum
1415 2731 1515 2811 qui
1553 2749 1671 2791 non
1707 2729 2079 2810 sperabatur.

429 2823 478 2886 Ο
511 2821 726 2885 ccelum
753 2827 812 2883 et
834 2829 1085 2901 terra,et
1109 2827 1167 2880 tu
1198 2819 1581 2901 profundum,
1603 2819 1760 2900 quod
1789 2836 1896 2879 nos
1919 2818 2083 2899 prius

427 2910 890 2975 exsecrabamur
919 2910 1218 2972 admirare
1249 2928 1526 2988 magnum
1577 2909 1692 2970 hoc
1723 2927 1894 2990 opus,
1927 2908 2084 2988 quod

427 3010 698 3064 naturam
731 2999 1146 3081 superat.Esto
1179 3007 1378 3061 autem
1424 3010 1486 3062 tu
1519 3017 1824 3080 quoque,o
1856 3007 2084 3078 sancte,

427 3091 601 3154 nobis
634 3091 947 3172 propitius,
985 3099 1043 3152 et
1092 3109 1160 3152 ea
1192 3088 1366 3151 nobis
1395 3089 1669 3152 condona
1699 3107 1833 3169 qua:
1887 3089 2085 3150 animo

2167 1919 2302 1998 ejus
2349 1917 2597 1993 fecistis,
2635 1917 2996 1998 periculum,
3031 1927 3252 1999 quanto
3299 1926 3570 1998 tempore
3618 1913 3838 1977 verisi-

2169 2007 2308 2070 mile
2359 2015 2485 2069 erat
2534 2007 2879 2068 conservari
2931 2025 3184 2087 puerum
3244 2008 3305 2070 in
3354 2006 3649 2088 profundo
3708 2013 3830 2066 tam

2169 2104 2349 2158 vasto.
2383 2096 2500 2160 Sed
2535 2097 2682 2159 mihi
2717 2096 3037 2175 diligenter
3059 2097 3465 2160 consideranti
3498 2115 3617 2157 non
3648 2113 3839 2156 unum

2170 2197 2495 2263 mortuum,
2553 2186 2657 2248 sed
2713 2195 2937 2268 quanto
2997 2187 3289 2269 temporis
3356 2186 3548 2268 spatio
3608 2185 3841 2248 scimus

2168 2296 2417 2359 puerum
2464 2277 2522 2338 in
2555 2296 2706 2358 aqua
2754 2276 3060 2358 suffocari,
3094 2277 3154 2339 id
3204 2285 3441 2358 tempus
3480 2283 3825 2357 repetentes

2167 2377 2227 2430 et
2258 2366 2667 2442 remetientes,
2693 2367 3071 2429 inveniemus
3100 2376 3368 2430 sanctum
3398 2373 3480 2429 tot
3499 2366 3826 2427 suﬁ'ocasse

2169 2468 2460 2522 mortuos.
2507 2455 2677 2530 Quod
2709 2467 2904 2519 autem
2957 2464 3048 2518 est
3090 2455 3535 2528 admirabilius,
3568 2473 3689 2516 non
3747 2452 3825 2515 ab

2167 2565 2458 2624 aquarum
2507 2546 2698 2609 solum
2759 2546 3171 2621 suffocatione,
3234 2546 3337 2608 sed
3399 2565 3434 2607 a
3498 2543 3825 2607 bestiarum

2167 2637 2344 2698 etiam
2381 2636 2625 2698 lmsione
2665 2636 3046 2698 conservavit
3076 2653 3352 2716 puerum.
3395 2636 3446 2699 Ο
3477 2633 3749 2712 gratiam,
3793 2650 3830 2694 ο

2169 2726 2474 2799 virtutem,
2512 2746 2644 2807 qua:
2688 2734 3011 2806 utrumque
3037 2727 3258 2790 cilicit:
3294 2743 3512 2806 nempe
3552 2734 3615 2784 et
3643 2741 3834 2804 aquas

2169 2816 2390 2896 alligat.
2419 2826 2476 2879 et
2503 2816 2818 2898 propulsat
2849 2815 3099 2880 belluas.
3131 2815 3218 2879 Ad
3251 2817 3381 2878 haec
3413 2814 3558 2896 quid
3597 2812 3842 2875 dicitis?

2169 2905 2296 2968 Non
2331 2905 2444 2967 alia
2475 2914 2717 2986 superat
2749 2905 3100 2968 miraculum
3127 2905 3152 2966 ἵ
3203 2903 3330 2967 Nisi
3362 2902 3497 2985 quis
3523 2919 3634 2965 nos
3681 2903 3842 2966 male

2172 2996 2600 3078 reprehendat,
2638 2996 2794 3072 quod
2843 2996 2901 3058 id
2937 2995 3290 3059 extollamus
3321 3011 3501 3076 supra
3546 2993 3844 3056 miracula

2174 3085 2548 3168 prophetica.
2606 3085 2782 3148 Nulla
2814 3103 2884 3148 ea
2933 3085 3009 3148 de
3055 3102 3231 3148 causa
3260 3085 3320 3146 in
3372 3101 3482 3144 nos
3507 3082 3684 3146 cadet
3729 3101 3835 3145 re-

425 3181 674 3246 cruciati
736 3179 1154 3242 interdiximus
1183 3187 1244 3242 et
1302 3179 1577 3241 fecimus.
1613 3176 1698 3239 Ne
1732 3196 1836 3258 pro
1870 3177 2148 3259 nostrisc
2175 3175 2518 3256 prehensio.
2556 3179 2780 3256 Aperte
2819 3174 2981 3236 enim
3012 3175 3179 3237 scitis
3207 3184 3481 3237 sanctum
3515 3180 3828 3252 martyrem

426 3273 487 3334 in
541 3279 599 3332 te
631 3269 966 3332 maledictis
1016 3287 1217 3350 parem
1275 3269 1500 3330 referas
1547 3267 1816 3346 gratiam.
1872 3265 2085 3328 Filium

428 3360 811 3440 recepimus;
852 3378 1013 3432 eum,
1049 3357 1150 3438 qui
1201 3367 1326 3418 erat
1360 3367 1647 3424 mortuus.
1686 3375 1792 3437 per
1840 3364 1896 3418 te
1930 3374 2089 3417 nunc

429 3451 488 3513 in
527 3449 707 3510 vitam
740 3456 1082 3510 revocatum
1118 3447 1483 3526 accepimus,
1511 3445 1837 3508 senectutis
1871 3454 2086 3506 nostra:

430 3537 704 3601 baculum
737 3556 946 3599 rursus
969 3538 1259 3598 habemus
1292 3544 1391 3596 tuo
1426 3535 1664 3598 auxilio.
1703 3535 1854 3608 Quid
1890 3535 2080 3616 pluri-

429 3629 538 3691 bus
571 3647 715 3708 Opus
747 3627 887 3689 est?
918 3630 1051 3692 Non
1086 3627 1260 3687 trium
1296 3625 1556 3704 dierum,
1589 3625 1696 3687 sed
1731 3631 1910 3686 unius
1941 3623 2085 3686 anni

430 3729 754 3794 mortuum,
790 3725 846 3778 et
898 3735 1014 3778 non
1044 3716 1268 3797 lapide,
1303 3715 1407 3776 sed
1441 3734 1592 3796 aqua
1632 3716 1937 3777 conditum
1977 3733 1990 3777 :
2027 3722 2082 3776 et

429 3829 546 3871 non
578 3828 611 3870 a
653 3807 980 3888 vermibus,
1017 3806 1177 3888 quod
1232 3813 1320 3867 est
1369 3815 1594 3866 naturae
1626 3806 1899 3867 humanae
1953 3822 2084 3882 pro-

431 3898 649 3979 prium,
685 3906 1128 3976 consumptum,
1163 3895 1266 3956 sed
1300 3914 1333 3956 a
1365 3895 1653 3975 piscibus,
1682 3902 1744 3954 ut
1774 3893 2084 3954 existima-

431 3987 664 4066 bamus,
694 3987 1064 4060 devoratum,
1104 3983 1328 4046 salvum
1381 4003 1488 4064 per
1537 3993 1592 4044 te
1621 3984 1984 4063 accepimus.
2039 3979 2088 4044 Ο

426 4076 698 4154 gratiam.
759 4094 794 4135 ο
857 4074 1137 4153 gloriam,
1184 4093 1218 4134 ο
1278 4073 1555 4134 virtutem
1620 4081 1678 4135 et
1740 4072 2088 4134 beneﬁcen-

428 4164 618 4228 tiam!
669 4185 701 4224 ο
745 4172 973 4225 sancte.
1022 4164 1166 4226 Cum
1227 4162 1314 4224 sic
1404 4181 1546 4242 ergo
1618 4169 1884 4223 sanctum
1957 4179 2092 4222 cum

431 4253 702 4334 lacrymis
729 4261 930 4314 essent
964 4261 1021 4314 et
1050 4251 1328 4313 laudibus
1362 4249 1679 4332 prosecuti,
1714 4251 2086 4332 accipientes

429 4344 646 4424 ﬁlium,
679 4361 898 4405 venere
953 4345 1222 4417 domum,
1271 4349 1585 4404 narrantes
1637 4340 1917 4402 omnibus
1969 4339 2084 4402 mi-

429 4434 720 4496 raculum.

511 4522 664 4618 VIII.
690 4521 986 4618 Quidnam
1008 4539 1149 4618 ergo
1169 4540 1302 4581 cum
1337 4521 1429 4618 his
1452 4521 1828 4583 conferemus
1848 4527 1876 4584 ?
1901 4520 2084 4618 aiunt
2109 4567 2151 4618 ο

431 4611 620 4674 Ellam
659 4611 976 4691 aliquando
1029 4611 1239 4686 ﬁlium,
1275 4611 1376 4688 qui
1411 4620 1536 4672 erat
1567 4621 1854 4686 mortuus,
1887 4609 2080 4673 vivum

433 4700 610 4763 matri
656 4699 994 4762 reddidisse
1028 4723 1043 4772 ;
1078 4700 1236 4781 quod
1281 4700 1520 4780 quidem
1578 4709 1637 4763 et
1688 4719 1988 4779 magnum,
2028 4708 2086 4761 et

432 4790 600 4852 valde
629 4789 983 4852 admirabile
1006 4789 1222 4862 8.Quin
1243 4793 1419 4852 etiam
1440 4790 1514 4850 ad
1537 4790 1717 4854 Elisei
1741 4789 2083 4870 aliquando,

431 4890 492 4942 ut
518 4877 753 4941 Litteris
787 4887 876 4941 est
913 4879 1231 4961 proditum,
1267 4889 1744 4954 monumentum,
1771 4879 2084 4958 quemdam

431 4989 464 5032 a
490 4969 842 5051 quibusdam
875 4970 1194 5032 homicidis
1224 4970 1629 5040 interfectum,
1659 4978 1718 5032 et
1749 4971 1805 5031 in
1842 4989 1912 5032 eo
1944 4989 2088 5052 pro-

426 5060 675 5138 jectum,
704 5061 1038 5122 surrexisse
1069 5069 1128 5121 et
1157 5059 1369 5122 vixisse
1402 5060 1434 5110 9
1467 5079 1481 5121 :
1521 5059 1675 5139 quod
1728 5060 1970 5140 quidem
2002 5068 2089 5121 est

431 5167 742 5229 magnum,
763 5157 826 5211 et
855 5149 1028 5211 valde
1053 5149 1499 5212 admirandum.
1553 5148 1736 5212 Porro
1759 5159 1952 5211 autem
1981 5149 2089 5212 Pe-

431 5248 563 5301 trus
585 5257 823 5320 quoque
840 5239 898 5300 in
916 5238 1136 5300 nostris
1157 5239 1352 5313 libris,
1372 5242 1603 5313 Petrus,
1624 5239 1896 5321 inquam,
1918 5239 2090 5319 prin-

430 5346 572 5407 ceps
625 5329 1056 5408 apostolorum,
1091 5328 1279 5408 illam,
1335 5347 1466 5408 quae
1521 5347 1819 5408 pauperes
1869 5329 2090 5405 alebat,

429 5417 664 5478 viduam
715 5417 982 5479 Tabitam
1023 5427 1346 5494 mortuam,
1379 5419 1586 5479 eadem
1639 5420 1786 5480 hora
1811 5419 1884 5481 ad
1917 5419 2092 5482 vitam

2174 3283 2308 3327 esse
2348 3266 2409 3326 in
2461 3264 2670 3326 eadem
2721 3264 2911 3342 gloria
2951 3273 3012 3328 et
3041 3264 3253 3326 iisdem
3308 3262 3730 3333 tabernaculis,
3764 3265 3830 3323 in

2174 3353 2392 3434 quibus
2446 3357 2636 3416 sancti
2675 3362 2984 3434 martyres,
3019 3353 3272 3434 apostoli
3302 3362 3361 3416 et
3409 3353 3736 3434 prephette,
3770 3357 3834 3413 et

2173 3445 2284 3526 ipsi
2317 3444 2538 3522 angeli.

2255 3535 2358 3597 IX.
2394 3535 2510 3595 Sed
2544 3553 2578 3594 ο
2613 3542 2932 3614 martyrum
2965 3533 3253 3614 splendor
3284 3543 3343 3597 et
3374 3531 3558 3595 decus
3585 3540 3835 3596 sancto-

2169 3643 2326 3698 rum,
2352 3623 2628 3705 primitize
2661 3624 3016 3698 antistitum,
3044 3623 3180 3686 vide
3224 3643 3383 3686 nunc
3406 3642 3642 3704 quoque
3667 3623 3837 3686 hunc

2170 3723 2532 3794 praesentum
2556 3724 2776 3776 (uatum
2810 3714 2972 3795 pium
3009 3721 3069 3776 et
3097 3711 3468 3792 religiosum,
3503 3713 3603 3794 qui
3633 3730 3668 3774 a
3699 3713 3841 3776 vita

2171 3803 2448 3866 fluctibus
2473 3803 2739 3885 quotidie
2762 3802 3216 3868 obruiturJium
3245 3810 3359 3865 tuis
3377 3801 3658 3886 precibus
3686 3803 3842 3864 illaa-

2170 3913 2299 3954 sum
2351 3893 2580 3956 custodi
2612 3901 2671 3955 et
2721 3912 3058 3956 conserva:
3107 3902 3165 3955 et
3216 3893 3317 3976 qui
3370 3902 3648 3974 tanquam
3707 3891 3846 3956 fere

2173 3983 2465 4046 immanes
2504 3983 2775 4045 insiliunt
2814 3983 3135 4060 daemones,
3171 3992 3230 4047 et
3262 3983 3568 4044 minantur
3597 3999 3663 4045 se
3701 4000 3849 4047 esse

2175 4073 2563 4135 devoraturos
2594 4073 2809 4133 anima:
2840 4091 2876 4134 ιι
2899 4071 3238 4154 ιιιίΙίιδιθπι,
3276 4082 3508 4134 tuarum
3541 4070 3847 4133 interces-

2179 4165 2410 4226 sionum
2437 4161 2635 4242 jaculo
2660 4162 2908 4243 repelle,
2932 4181 2966 4224 o
2989 4162 3392 4226 sanctissime.
3422 4161 3538 4225 Sed
3567 4179 3675 4222 nos
3691 4180 3852 4241 quo-

2171 4271 2310 4332 que,
2347 4272 2379 4312 ο
2414 4250 2764 4313 ﬁdelissime
2795 4260 3009 4327 coetus,
3046 4271 3216 4330 rogo,
3240 4260 3304 4313 ut
3339 4269 3448 4332 per
3469 4249 3850 4314 bonaetDeo

2169 4352 2334 4422 grata
2365 4359 2550 4422 opera
2576 4341 2905 4404 efﬁciamus
2937 4360 3046 4403 nos
3077 4341 3290 4422 dignos
3318 4341 3505 4404 sancti
3536 4339 3745 4420 gratiis
3774 4352 3849 4406 et

2169 4431 2366 4493 donis.
2395 4429 2465 4492 Et
2495 4431 2753 4511 primum
2785 4430 3027 4512 quidem
3062 4431 3122 4492 in
3174 4429 3362 4494 Deum
3399 4439 3460 4493 et
3491 4432 3647 4493 inter
3696 4449 3817 4493 nos

2173 4523 2333 4602 ipsos
2374 4527 2670 4582 sinceram
2707 4530 2770 4582 et
2800 4540 2916 4582 non
2968 4520 3372 4602 perturbatam
3408 4529 3848 4583 conservemus

2169 4612 2547 4673 charitatem.
2600 4609 2828 4674 Deinde
2854 4610 2928 4671 ab
2959 4611 3125 4672 omni
3176 4609 3526 4691 maledicto,
3561 4619 3616 4672 et
3667 4611 3848 4672 omni

2171 4699 2508 4779 mendacio,
2544 4707 2603 4760 et
2624 4700 2786 4760 omni
2818 4698 3082 4779 perjurio
3117 4699 3389 4780 nosipsos
3413 4715 3841 4780 repurgemus.

2169 4790 2323 4853 Ante
2355 4790 2479 4851 haec
2509 4800 2706 4852 autem
2739 4798 2798 4851 et
2832 4797 2961 4868 post
3006 4789 3156 4864 haec,
3193 4788 3479 4850 faciamus
3510 4787 3848 4869 eleemosy—

2173 4900 2332 4955 nam,
2369 4898 2498 4962 qua:
2532 4881 2644 4941 scit
2678 4881 2869 4942 Deum
2903 4878 3089 4958 magis
3126 4878 3388 4959 placare,
3417 4887 3476 4940 et
3511 4877 3845 4959 propitium

2173 4970 2428 5033 reddere
2462 4969 2684 5032 nostris
2716 4968 3001 5050 peccatis.
3036 4967 3180 5041 Quis
3230 4967 3388 5030 enim
3423 4967 3555 5048 ejus
3586 4966 3844 5047 oblitus,

2172 5078 2429 5140 regnum
2468 5060 2574 5123 Dei
2611 5057 2982 5140 possederit?
3011 5058 3200 5119 Nemo
3231 5067 3499 5119 nostrum
3556 5066 3853 5138 praetexat

2175 5157 2607 5232 paupertatem,
2631 5166 2809 5210 nemo
2831 5147 3177 5210 viduitatem
3212 5156 3271 5210 et
3289 5147 3617 5210 liberorum
3651 5151 3852 5207 nutri-

2174 5246 2495 5302 cationem.
2525 5239 2678 5301 Sunt
2709 5237 2769 5299 hi
2800 5236 3005 5316 frigidi
3050 5245 3108 5298 et
3143 5235 3462 5316 perniciosi
3487 5243 3848 5319 praetextas.

2175 5328 2361 5391 Nemo
2391 5335 2652 5390 vestrum
2686 5335 2776 5389 est
2808 5326 2912 5388 illa
2945 5324 3115 5387 vidua
3146 5325 3492 5406 pauperior,
3517 5343 3650 5406 qua)
3681 5325 3854 5387 nihil

2177 5419 2337 5480 aliud
2371 5415 2653 5490 habebat,
2687 5434 2860 5496 quam
2906 5414 3192 5496 pugillum
3225 5415 3453 5478 farinae:
3488 5413 3670 5496 idque
3703 5431 3848 5476 cum

429 5504 735 5569 suscitavit
765 5507 1043 5587 precibus
1065 5507 1117 5563 to
1169 5507 1236 5568 Et
1280 5516 1417 5568 sunt
1456 5508 1582 5570 haec
1606 5509 1847 5589 quidem
1897 5509 2096 5572 admi-
2181 5507 2381 5572 alendi
2422 5507 2493 5569 'ei
2527 5515 2727 5569 essent
2774 5504 2945 5568 liberi
2985 5527 2998 5565 :
3048 5523 3247 5583 neque
3305 5515 3501 5568 tamen
3533 5521 3699 5566 suam
3741 5512 3851 5565 aut

507 5666 542 5716 6
569 5667 728 5728 Psal.
762 5683 940 5740 LXVII,
973 5667 1071 5730 36.
1119 5669 1149 5719 7
1177 5667 1335 5731 Psal.
1364 5682 1566 5748 cxuv,
1603 5668 1696 5729 t2.
1748 5671 1780 5720 8
1810 5669 1890 5732 IlI
1923 5671 2072 5750 Reg.
2103 5687 2214 5744 vn,
2244 5671 2263 5732 l
2303 5685 2470 5752 seqq.
2511 5668 2544 5719 9
2573 5668 2653 5732 IV
2688 5667 2836 5750 Reg.
2870 5681 2997 5742 xm,
3025 5666 3096 5730 21
3132 5683 3300 5748 seqq.
3352 5667 3410 5717 ιο
3439 5666 3575 5729 Act.
3612 5681 3692 5748 ts,
3729 5663 3835 5728 39.
