4136 6426
333 361 451 428 189

1381 361 1567 426 νΙΤΑ
1614 362 1676 425 S.
1723 361 2096 427 GREGORII
2137 363 2684 430 AGRIGENTINI.

3617 358 3731 430 190

330 498 443 562 lilii
468 498 648 561 vitam
665 494 1560 578 praetulitmisericordite“.Ne
1583 497 1999 562 excusationes
2018 508 2057 558 Α
2084 500 2278 562 solum
2312 498 2448 562 cibo
2479 506 2538 562 et
2568 505 2708 579 potu
2738 499 2988 582 repleta,
3023 497 3128 564 sed
3161 499 3335 564 etiam
3365 516 3512 562 auro
3543 505 3602 560 et
3627 516 3730 561 ar-

327 606 670 668 qusaramus
696 587 758 648 in
804 585 1091 666 peccatis,
1130 606 1159 646 ‹
1187 587 1346 649 Deus
1385 605 1502 648 non
1545 586 1926 649 irridetur“.
1965 613 1992 644 ι

331 678 585 741 Penatis
637 686 838 738 nostra
889 685 1094 738 mente
1143 675 1503 739 intueamur.
1551 675 1875 740 Videamus
1923 696 1998 740 an

339 767 671 850 quotidiani
692 766 958 828 alimenti
985 766 1134 828 nihil
1161 766 1332 828 nobis
1364 767 1680 831 redundet.
1715 771 1800 830 Ne
1823 787 1998 831 men-

330 859 482 920 sium
515 857 786 920 circulos
807 857 1153 929 metiamur,
1185 866 1241 918 et
1270 875 1562 919 annorum
1593 858 1876 933 ambitus,
1911 867 2002 921 est

327 951 487 1010 enim
545 945 706 1008 alius
749 947 853 1027 qui
886 945 1183 1027 providet,
1215 954 1273 1008 et
1330 965 1540 1009 eorum
1573 965 1777 1008 curam
1822 949 1996 1027 gerit,

326 1035 556 1100 etiamsi
587 1055 702 1097 nos
722 1035 1095 1111 ignoremus.
1117 1035 1400 1116 Nosipsos
1423 1037 1858 1098 constituamus
1885 1057 1997 1098 no-

331 1137 586 1189 strarum
620 1143 826 1188 rerum
861 1127 1340 1188 examinatores:
1391 1126 1527 1207 etsi,
1563 1135 1628 1188 ut
1659 1126 1826 1207 prius
1860 1127 1998 1208 qui-

328 1217 458 1279 dem
482 1215 778 1284 diximus.
808 1215 1151 1292 quotidiani
1184 1215 1459 1278 alimenti
1492 1216 1682 1278 nostri
1715 1216 1859 1278 nihil
1889 1236 1996 1279 su-

322 1306 528 1386 persit,
569 1307 689 1366 scit
739 1303 900 1366 Deus
933 1305 1208 1367 misereri
1245 1324 1473 1372 eorum.
1509 1306 1609 1386 qui
1643 1315 2002 1386 premuntur

317 1396 548 1476 inopia.
581 1393 698 1456 Sin
751 1403 952 1456 autem
986 1393 1314 1457 viderimus
1361 1403 1564 1456 nostra
1589 1397 1833 1476 penaria
1881 1415 1999 1459 non

392 1574 439 1618 ¹¹
471 1571 552 1635 IIl
587 1575 748 1655 Reg.
783 1589 924 1647 xvn,
960 1574 986 1635 l
1028 1591 1202 1654 seqq.
1292 1572 1402 1635 191
1433 1573 1627 1636 Galat.
1657 1591 1734 1651 vt,
1775 1579 1828 1638 7.

1113 1901 1525 2030 ΒΙΟΣ
1658 1903 1961 2032 ΚΑΙ

2080 599 2279 666 gento,
2305 597 2365 651 et
2405 589 2562 669 aliis,
2592 609 2722 670 qum
2749 608 2851 651 eos
2881 598 3350 670 consequuntur,
3382 587 3484 668 qui
3513 587 3734 650 divitiis

2084 678 2455 740 delectantur
2477 688 2536 739 et
2565 679 3060 757 possessionibus,
3093 677 3496 740 esurientibus
3524 676 3658 738 aliis
3675 683 3735 739 et

2082 768 2302 846 frigore
2332 769 2580 841 enectis,
2611 768 2871 830 sciamus
2889 769 3045 848 quod
3073 777 3358 831 aeternum
3383 766 3734 848 eiquinun-

2082 875 2255 935 quam
2285 857 2459 918 desiit
2487 858 2682 934 ignem
2707 858 2877 919 nobis
2907 855 3403 920 recondimus.Ut
3431 875 3570 918 eum
3591 873 3732 933 ergo

2084 946 2454 1026 etl‘ugiamus,
2490 947 2549 1008 in
2586 946 2688 1007 Dei
2743 947 3036 1009 mandatis
3069 967 3175 1028 pro
3206 945 3429 1008 viribus
3456 945 3732 1007 ambule-

2083 1054 2234 1112 mus,
2262 1045 2328 1098 ut
2361 1046 2416 1099 et
2444 1038 2632 1098 sancti
2666 1037 2941 1117 martyris
2973 1038 3242 1099 fruantur
3277 1035 3734 1098 intercessioni-

2083 1128 2217 1206 bus,
2251 1135 2310 1187 et
2357 1126 2683 1188 inetfabilia
2715 1136 2773 1188 et
2818 1135 3038 1188 aeterna
3073 1127 3174 1190 Dei
3210 1126 3365 1187 bona
3394 1142 3733 1204 consequa-

2084 1234 2237 1288 mur,
2270 1216 2462 1296 gratia
2511 1223 2570 1274 et
2629 1216 2998 1297 benignitate
3046 1215 3286 1279 Domini
3345 1214 3534 1275 nostri
3593 1215 3734 1276 Jesu

2081 1305 2302 1367 Christi
2341 1323 2354 1367 :
2402 1305 2495 1366 cui
2527 1305 2736 1383 gloria,
2777 1307 3057 1386 potentia,
3091 1325 3245 1368 nunc
3290 1314 3348 1365 et
3379 1322 3638 1385 semper,
3671 1311 3734 1367 et

2085 1398 2144 1458 iu
2175 1395 2389 1456 saecula
2419 1395 2800 1457 saeculorum.
2836 1400 3050 1460 Amen.

2307 1765 2573 1779 μή...

2098 1901 2960 2033 ΡΟΛΙΤΕΙΑ

1565 2157 1694 2206 ΤΟΥ
1741 2157 1942 2208 ΟΣῙΟΥ
1991 2155 2250 2206 ΠΛΤΡΟΣ
2299 2155 2491 2206 ΗΜΩΝ

1536 2351 2555 2481 ΓΡΗΓΟΡΙΟΥ

906 2624 1586 2712 ΕΠΙΣΚΟΠΟΥ
1653 2622 2349 2710 ΓΕΝΟΜΕΝΟΥ
2423 2621 3164 2708 ΑΙζΡΑΓΑΝΤΟΣ

1351 2896 1610 2982 VITA
1707 2897 1846 2981 ET
1939 2825 2724 2982 CONVEEXSATIO

1887 3031 1949 3090 S.
1986 3031 2051 3091 P.
2091 3029 2166 3091 Ν.

774 3163 1491 3295 GREGORU,
1617 3163 2239 3272 EPISCOPI
2359 3159 3281 3272 AGRIGENTINI

537 3345 749 3418 (Latine
799 3345 928 3419 apud
960 3344 1166 3402 Surium
1213 3344 1274 3401 ad
1314 3345 1444 3402 diem
1494 3344 1566 3402 23
1598 3343 1897 3401 Novembris
1932 3363 1946 3410 ;
1996 3345 2178 3403 Graece
2214 3363 2275 3402 ex
2315 3343 2461 3400 codd.
2511 3361 2636 3400 mss.
2680 3345 2807 3416 Reg.
2863 3343 3022 3407 t5‘25,
3059 3342 3200 3400 1549
3233 3348 3282 3397 et
3336 3339 3520 3407 1551)

417 3561 506 3621 λ’.
547 3561 860 3623 Κάλλιοτόν
887 3585 938 3618 τι
987 3569 1181 3642 χρῆμα
1209 3565 1243 3632 ἡ
1294 3565 1481 3643 ἀρετὰ,
1519 3566 1604 3620 καὶ
1658 3562 1806 3630 δόξαν
1853 3564 1988 3631 ὅσην

2155 3565 2628 3630 [Pulcherrima
2650 3583 2747 3627 res
2772 3572 2862 3626 est
2883 3567 3094 3642 virtus,
3113 3579 3246 3642 quas
3266 3556 3582 3620 maximam
3604 3556 3740 3636 glo-

338 3654 628 3731 ὶγιὸομιὸν
678 3675 740 3711 τε
772 3654 872 3711 καὶ
930 3655 1286 3731 ὕπερκόσμιον
1339 3653 1663 3733 προξενοῦσα
1693 3667 1812 3718 τοῖς
1873 3655 2004 3732 ἐρα-

350 3754 534 3805 σταῖς.
586 3743 706 3801 Οὗδὲ
737 3746 844 3822 γὰρ
895 3743 951 3799 ἐν
1007 3750 1084 3816 τῷ
1135 3742 1386 3818 μέλλοντι
1433 3744 1597 3810 μόνον
1645 3745 1738 3803 τὰς
1779 3744 2006 3821 ἀμοιϐὰς

353 3830 682 3914 ἂποδέδωςιν,
734 3831 880 3890 ἀλλά
935 3853 998 3910 γε
1057 3835 1148 3890 καὶ
1223 3835 1361 3890 κατὰ
1419 3835 1512 3890 τὸν
1586 3836 1816 3911 παρόντα
1893 3836 2004 3912 βίον

347 3925 469 3988 τοὺς
523 3924 809 3997 μετιόντας
882 3937 1193 4003 περιφανεῖς
1270 3922 1570 4002 ἐργάξεται,
1631 3924 1842 3990 Ταύτην
1920 3923 2008 3981 οὖν

339 4015 432 4070 καὶ
483 4014 778 4093 Γρηγόριος
821 4015 851 4069 ὁ
903 4013 1078 4070 πάντα
1118 4012 1294 4078 καλῶς
1347 4014 1418 4078 εἰς
1465 4012 1625 4089 ἄκρον
1656 4012 1898 4082 ἀσκήσας
1949 4012 2008 4069 οὐ

342 4103 687 4180 κληρονόμος
759 4103 924 4177 μόνον
994 4107 1092 4170 τῆς
1165 4102 1405 4174 ἀλήκτοο
1475 4104 1644 4176 ζωῆς,
1713 4101 1852 4158 ἀλλὰ
1918 4103 2007 4158 καὶ

334 4195 539 4273 περιὼν
587 4192 669 4249 ¹ἔτι
726 4199 806 4266 τῷ
857 4192 956 4268 βίῳ
995 4195 1301 4268 θαυμαστὸς
1361 4193 1600 4258 κατέστη
1650 4194 1740 4249 καὶ
1786 4190 2004 4271 περιϐό·

332 4304 494 4358 ητος,
527 4284 589 4338 ὃν
636 4283 682 4337 εἰ
711 4280 952 4338 Σικελῶν
1003 4282 1104 4355 μὲν
1153 4279 1456 4349 ἆϐλάστησε
1483 4287 1579 4359 γῇ,
1616 4279 1856 4338 Σικελῶν
1905 4282 2004 4360 γὰρ

332 4374 370 4441 ἡ
430 4372 889 4450 Ἀκραγαντίνων,
953 4373 1029 4434 ὡς
1085 4373 1282 4436 πάντες
1343 4372 1525 4442 ἴσασι,
1576 4371 1718 4428 Σιὼν
1774 4370 1828 4427 δὲ
1882 4372 2005 4447 ἁγία

330 4465 548 4519 ἕκαθεν
632 4458 988 4539 ἆκδεξαμένη,
1069 4464 1306 4540 κάθαπερ
1389 4484 1443 4518 τι
1527 4483 1689 4540 φυτον
1799 4461 2002 4522 hirtus:

331 4550 598 4630 ἑθρὲψατό
657 4570 718 4606 τε
774 4551 860 4606 καὶ
923 4551 988 4606 τὰ
1045 4549 1306 4606 κάλλιστα
1365 4548 1706 4622 ἓκδιδάξασα,
1768 4556 1835 4626 τῇ
1893 4571 2003 4606 πα-

332 4639 468 4718 τρίδι
526 4638 689 4697 πάλιν
758 4642 1062 4720 περιφανῶς
1121 4638 1461 4699 ἀποδίδωσιν.
1537 4639 1694 4713 Ἐμοὶ
1747 4641 1845 4712 μὲν
1915 4642 2004 4696 οὖν

341 4728 557 4797 ἥδιστόν
629 4752 682 4786 τι
742 4736 965 4806 πρᾶγμα
1036 4727 1188 4786 δοκεῖ
1243 4731 1336 4786 καὶ
1405 4727 1638 4796 σπουδῆς
1695 4728 1838 4795 ἄξιον
1914 4730 2004 4784 τὸν

339 4820 502 4877 αὐτσό
553 4820 669 4895 βίον
727 4815 924 4874 ἄνωθεν
995 4819 1400 4896 ἀναγράψασθαι
1477 4820 1566 4875 οιαὶ
1621 4831 1737 4882 τοῖς
1819 4818 2003 4874 ἔπειτα

2087 3656 2262 3728 riam,
2300 3662 2359 3716 et
2388 3655 2744 3717 altissimum
2793 3653 3018 3716 ornatis
3048 3650 3351 3714 cumulum
3382 3646 3473 3708 sui
3522 3655 3743 3708 amato-

2089 3745 2258 3807 ribus
2278 3745 2470 3807 atl‘ert.
2509 3743 2567 3807 Si
2595 3744 2840 3823 quidem
2874 3761 2992 3806 non
3024 3741 3159 3804 illos
3191 3738 3383 3801 solum
3417 3743 3549 3816 post
3578 3753 3747 3798 mor-

2092 3842 2210 3896 tem
2238 3844 2684 3908 remuneratur,
2715 3833 2818 3896 sed
2855 3834 3013 3894 vivos
3041 3839 3225 3910 utque
3253 3833 3579 3908 praesentes
3607 3825 3747 3886 illa-

2092 3931 2246 3985 stres
2270 3924 2470 3986 eiﬁcit.
2496 3923 2661 3986 Hanc
2678 3941 2813 3984 cum
2834 3921 3156 4001 Gregorius
3180 3913 3456 3980 omnibus
3472 3914 3534 3977 in
3564 3912 3746 3977 rebus

2091 4013 2326 4092 egregie
2355 4013 2426 4074 ad
2469 4021 2799 4073 extremum
2859 4030 3048 4092 usque
3078 4019 3312 4089 tempus
3349 4009 3736 4086 exercuisset,

2088 4121 2206 4164 non
2230 4101 2423 4164 solum
2448 4102 2639 4163 haeres
2664 4102 2791 4162 vitae
2821 4108 3126 4182 perpetua;
3151 4106 3240 4160 est
3269 4094 3596 4168 institutus,
3630 4093 3738 4156 sed

2089 4211 2221 4254 cum
2246 4191 2442 4253 adhuc
2463 4191 2639 4251 etiam
2676 4191 2915 4270 viveret,
2949 4184 3362 4250 admirabilem
3392 4203 3458 4246 se
3486 4202 3555 4246 ac
3585 4183 3744 4246 cele-

2089 4279 2255 4343 brem
2307 4281 2594 4361 praestitit.
2635 4278 2837 4342 Sicilia
2869 4277 3109 4359 quidem
3159 4273 3474 4336 oriundus.
3527 4271 3744 4361 Siculis

2090 4379 2248 4434 enim
2282 4359 2519 4445 finibus,
2545 4378 2608 4432 ut
2630 4388 2840 4430 omnes
2863 4375 3102 4437 norunt,
3129 4364 3518 4444 Agrigentum
3539 4359 3742 4422 conti-

2089 4469 2284 4540 netur;
2312 4469 2589 4521 caeterum
2615 4478 2747 4522 cum
2771 4468 2974 4520 sancta
2991 4456 3154 4518 illum
3186 4447 3742 4548 Sionsuscepisset,

2090 4569 2160 4612 ac
2184 4550 2267 4611 uti
2295 4549 2554 4629 plantam
2581 4548 2896 4630 quamdam
2929 4546 3197 4628 apprime
3217 4540 3477 4608 nobilem
3508 4540 3746 4600 enutri-

2091 4647 2238 4713 tum,
2266 4639 2698 4702 dissertissime
2728 4638 3103 4709 erudivisset,
3141 4631 3346 4714 patriae
3370 4646 3578 4692 rursus
3603 4645 3748 4689 con-

2088 4730 2362 4810 spicuum
2393 4729 2656 4790 reddidit
2703 4727 2774 4790 Et
2796 4728 3037 4808 quidem
3055 4721 3564 4810 jucundissimnm
3599 4715 3748 4779 mihi

2087 4808 2156 4882 ac
2187 4817 2541 4880 aestimabile
2571 4817 2738 4880 valde
2769 4817 3025 4890 videtur,
3053 4815 3183 4895 ejus
3214 4812 3389 4874 vitam
3435 4808 3613 4894 altius
3640 4825 3744 4868 re-

344 4908 513 4966 χιλοῦ
584 4909 782 4971 παντὸς
865 4909 1044 4964 θέσθαι
1105 4905 1445 4984 παράδειγμα
1515 4911 1602 4964 καὶ
1673 4907 1998 4986 ἀρχέτυπον⁸

2091 4909 2328 4989 petitam
2360 4907 2732 4986 describere,
2769 4887 3044 4982 tanquam
3082 4887 3388 4985 specimen
3420 4887 3742 4978 quoddam,

345 5002 474 5072 ὅμῐν
526 4997 580 5055 δὲ
613 4996 721 5055 οἷδ’
772 4997 852 5053 ὅτι
888 4999 978 5052 καὶ
1018 5000 1198 5062 αὺτοῖς
1251 4998 1316 5053 τὰ
1345 4995 1484 5052 καλὰ
1533 4996 1627 5052 καί
1660 4997 1866 5054 ἀκούειν
1919 4998 2005 5052 καὶ

342 5089 542 5161 ζηλοὺν
597 5086 942 5164 βουλομένοις
1003 5089 1248 5145 εὐκταῖον
1319 5088 1382 5142 τὸ
1436 5093 1655 5163 πρᾶγμα
1729 5100 2004 5166 φανεῖται,

344 5181 436 5235 καὶ
465 5177 583 5252 μεθ’
642 5174 839 5246 ἡδονῆς
871 5175 1008 5254 ἄγαν
1059 5177 1152 5240 τὰς
1181 5175 1346 5240 ἀκοὰς
1384 5174 1740 5247 εἰσδυομενον.
1798 5174 2008 5256 Ἀρχὴν

2093 5006 2148 5058 et
2179 4997 2374 5058 omnis
2400 4997 2635 5058 virtutis
2664 4995 2990 5074 exemplar,
3024 4994 3350 5056 litterarum
3386 5002 3746 5050 monumen-

2093 5089 2166 5148 tis
2215 5087 2476 5164 posteris
2524 5086 2924 5165 consignare:
2985 5082 3158 5146 vobis
3205 5098 3369 5155 vero,
3401 5077 3742 5165 quibustam

2091 5163 2386 5248 splendida
2411 5178 2611 5234 audire
2636 5163 2771 5232 libet
2797 5191 2864 5233 ac
2889 5175 3122 5237 imitari,
3147 5186 3239 5229 res
3267 5169 3460 5226 isthaec
3481 5163 3746 5236 optabilis

344 5269 523 5325 τοίνον
575 5274 666 5325 τοῦ
707 5265 871 5344 λόγου
923 5253 1121 5330 ἑαύςην
1170 5265 1370 5340 Θετέον,
1406 5268 1474 5334 ἣν
1524 5263 1589 5332 δὴ
1625 5253 1875 5327 κάκεῖνος
1904 5253 2002 5323 θεοῦ

2095 5266 2991 5344 8886,τεεῑῑθείιυοὶηεοηιίουηι
3022 5263 3323 5342 voluptate
3341 5275 3518 5321 aures
3545 5253 3750 5344 subire

343 5359 460 5434 βίου
493 5355 655 5436 ἔσχεν
684 5357 888 5436 ἀρχήν.

426 5529 512 5599 Β’.
568 5537 737 5612 Κώμῆ
787 5558 869 5597 τις
930 5534 1131 5610 ἤνεγκε
1182 5535 1272 5589 τὸν
1323 5535 1606 5609 μακάριον,
1661 5535 1695 5604 ἢ
1759 5535 2006 5610 Πραιτώ-

343 5650 431 5703 ρια
502 5628 599 5705 μὲν
670 5626 950 5700 καλεῖται,
1013 5623 1234 5702 ἔγγιστα
1291 5621 1344 5678 δὲ
1413 5636 1589 5681 κεῖται
1646 5625 1746 5692 τῆς
1806 5621 2008 5701 Ἀκρα-

345 5719 602 5799 γαντίνων
676 5715 920 5790 πόλεως,
1002 5715 1064 5770 τὸ
1137 5714 1394 5792 πρότερον
1469 5713 1524 5769 δὲ
1590 5713 1797 5794 eam;
1879 5713 2010 5771 οὖσα

2090 5355 2464 5427 debet.Quod
2491 5342 2804 5433 igitur—ille
2837 5355 2967 5415 vitae
2989 5351 3346 5434 principium
3379 5345 3608 5418 habuit,
3631 5342 3748 5404 hoc

2090 5444 2284 5524 ipsum
2311 5458 2532 5507 nostra;
2552 5444 2842 5507 orationis
2866 5443 3175 5506 exordium
3216 5435 3612 5524 statuendum
3629 5439 3746 5495 est.

2172 5533 2244 5596 ll.
2279 5533 2461 5597 Vicus
2491 5538 2754 5614 quidam.
2787 5534 2888 5616 qui
2923 5531 3205 5596 Praetoris
3236 5527 3479 5621 nomine
3500 5522 3742 5621 dicitur,

2092 5623 2414 5702 Agrigento
2448 5609 2670 5688 civitati
2722 5609 3051 5704 proximus,
3085 5628 3358 5684 sanctum
3387 5615 3586 5704 virum
3609 5609 3746 5673 edi-

2094 5700 2202 5792 dit.
2247 5700 2424 5795 Prius
2473 5700 2739 5793 quidem
2769 5713 2874 5776 ille
2917 5711 3211 5801 obscurus
3243 5717 3306 5772 et
3351 5700 3743 5783 incognitus:

2691 6023 2740 6068 δῖ
