4136 6426
422 353 526 420 191

1721 359 1888 425 ΜΕΝ
1891 359 2004 424 SIS
2044 357 2489 424 NOVEMBER.

3681 353 3798 423 192

416 514 577 560 nunc
595 513 736 561 vero
764 505 927 563 tanto
956 499 1221 564 allumno
1249 499 1447 565 clarus
1469 507 1529 564 et
1561 499 1801 563 illustris
1824 499 2060 562 emicat.

2147 495 2240 552 καί
2301 493 2598 574 ἄγνωστος,
2632 501 2720 554 νῦν
2777 491 2846 550 δι’
2905 492 3064 551 αὐτὸν
3123 490 3388 567 ῑπίσημός
3430 513 3489 550 τε
3549 493 3636 551 καὶ
3697 515 3806 552 πε·

416 581 704 650 Parentes
739 605 878 650 vero
909 595 1061 670 (quae
1110 589 1217 652 Dei
1246 589 1430 665 gratia
1459 608 1528 651 ac
1558 588 1889 668 benignitas
1925 587 2059 669 fuit)

416 679 527 741 viri
558 679 878 744 luculentis
926 682 1116 744 ornati
1147 682 1394 756 divitiis,
1427 701 1497 745 ac
1541 682 1786 762 probata
1815 680 1932 742 vita
1961 681 2064 742 ﬂo-

415 777 639 840 rentes.
669 771 920 850 plurima
943 791 1050 835 sua
1074 772 1434 854 pauperibus
1465 771 1802 848 erogabant.
1837 770 1910 833 Hi
1941 789 2059 852 quo

419 877 646 922 marem
695 861 884 923 ﬁlium
933 870 1318 944 procrearent
1363 861 1642 941 precibus
1693 862 2058 935 insistentes,

414 949 538 1010 voti
563 948 804 1012 tandem
830 953 922 1013 sui
955 958 1260 1032 compotes
1282 952 1452 1023 ﬁunt,
1483 951 1789 1031 ﬁliumque
1819 969 1938 1012 non
1961 969 2064 1012 na-

412 1046 545 1100 tura
573 1046 824 1105 tantum.
849 1039 954 1102 sed
985 1040 1206 1114 animo,
1236 1059 1460 1102 marem
1482 1058 1823 1120 suscepere:
1847 1058 2062 1121 quem-

407 1127 729 1189 admodum
803 1135 860 1190 et
922 1136 1181 1207 tempus,
1243 1149 1359 1210 quo
1422 1130 1523 1192 ille
1596 1129 2066 1209 perturbationis

412 1225 504 1280 est
535 1218 858 1298 impetitus,
876 1227 936 1281 et
967 1226 1172 1280 contra
1202 1220 1494 1282 malorum
1535 1218 1959 1300 impressiones
1980 1220 2067 1283 al-

410 1305 600 1369 titudo
629 1308 810 1369 animi
846 1308 1180 1388 postulabat
1209 1327 1222 1371 :
1277 1329 1412 1384 quae
1441 1327 1586 1370 sane
1618 1310 1815 1371 omnia
1863 1327 2063 1371 sermo

410 1415 667 1478 quoque.
695 1396 1068 1479 subsequens
1092 1397 1400 1461 indicabit.
1437 1398 1608 1461 Hunc.
1629 1399 1808 1477 igitur
1829 1417 1862 1460 a
1889 1415 2060 1462 sacro

410 1483 764 1566 baptismate
814 1488 902 1548 vir
929 1489 1143 1550 virtute
1177 1489 1371 1550 clarus
1421 1487 1749 1568 Potamion,
1785 1489 1884 1568 qui
1934 1496 2056 1551 tum

411 1574 597 1638 sacris
618 1594 686 1639 ac
706 1577 981 1655 religioni
1015 1579 1320 1658 Agrigenti
1345 1577 1594 1639 civitatis
1625 1589 1896 1658 praerat,
1925 1597 2062 1641 sus-

411 1664 576 1747 cipit.
618 1665 826 1728 Postea
868 1685 1008 1729 vero
1039 1687 1214 1748 quam
1252 1686 1398 1748 puer
1428 1677 1695 1730 octavum
1747 1668 1932 1730 atatis
1961 1687 2062 1730 an-

413 1773 554 1816 num
584 1755 793 1834 attigit,
815 1757 976 1818 hunc
1006 1757 1076 1818 ad
1110 1757 1305 1818 divum
1338 1757 1748 1820 Potamionem
1785 1767 2062 1837 parentes

2146 586 2370 664 ριφανὴς
2453 582 2741 644 δείκνυται.
2833 585 2893 642 Ol
2975 584 3162 664 φύντες
3250 581 3307 640 δὲ
3401 585 3642 663 Χαρίτων
3713 584 3806 641 καὶ

2147 673 2377 742 Θεοδότη
2410 721 2428 747 ,
2505 673 2770 746 ἅνθρωποι
2804 722 2820 753 ,
2895 671 3113 747 πλούτῳ
3196 672 3426 752 λαμπρῷ
3498 679 3804 750 κομῶντες,

2147 765 2236 822 καὶ
2319 767 2424 838 Βίῳ
2505 771 2734 845 χρηστῷ
2817 762 3128 844 θάλλοντες,
3219 765 3304 820 καὶ
3386 765 3494 822 τῶν
3577 766 3808 844 προσόν-

2145 877 2251 912 των
2308 854 2374 911 τὰ
2448 845 2681 911 πλεῖστα
2741 866 2860 916 τοῖς
2930 853 3154 922 πένησιν
3216 853 3598 929 ἁπονίμοντες,
3657 854 3803 912 οὗτοι

2145 943 2209 1002 δι’
2245 945 2412 1025 εὗχῆς
2462 945 2782 1020 ποιούμενοι
2825 941 2995 1001 παῖδα
3045 956 3208 1024 σχεῖν
3255 941 3442 1022 ἄῤῥενα
3475 945 3799 1025 τυγχάνουσι

2145 1039 2243 1100 τῆς
2275 1037 2470 1114 εὒχῆς,
2501 1037 2573 1092 οὗ
2604 1032 2702 1100 τήν
2733 1034 2886 1112 φύσιν
2939 1033 3128 1107 μόνον,
3161 1030 3300 1088 ἀλλὰ
3347 1033 3436 1089 καὶ
3465 1032 3562 1099 τὴν
3613 1032 3803 1113 ψυχῆν

2149 1121 2334 1202 ἅῤῥενα
2388 1122 2830 1198 κληρωσάμενον·
2889 1121 3069 1200 ὥσπερ
3128 1121 3218 1179 οὖν
3270 1124 3298 1178 ὃ
3327 1128 3434 1178 τῶν
3488 1143 3808 1202 πειρασμων

2148 1235 2331 1291 καιρος
2392 1212 2574 1287 ἔδειξε,
2608 1213 2698 1269 καὶ
2752 1214 2787 1280 ἡ
2841 1213 2972 1290 πρὸς
3005 1213 3098 1275 τὰς
3159 1212 3266 1268 τῶν
3298 1217 3480 1268 κακῶν
3536 1211 3804 1290 ιπιφορᾶς

2147 1303 2486 1381 γενναιότης,
2525 1303 2558 1358 ἃ
2586 1299 2653 1368 δὴ
2683 1305 2778 1358 καὶ
2812 1303 3020 1378 προϊὼν
3051 1303 3079 1358 ὃ
3109 1299 3269 1378 λόγος
3311 1299 3567 1372 δήλωσει.
3605 1309 3806 1360 Τοῦτον

2143 1402 2269 1470 γοῦν
2301 1393 2407 1449 ἀπὸ
2465 1399 2558 1450 τοῦ
2585 1391 2722 1448 θείου
2774 1391 3140 1468 βαπτίσματος
3200 1389 3518 1470 ἀναδέχεται
3548 1393 3578 1448 ὁ
3635 1390 3803 1456 πολὺς

2143 1483 2244 1550 τὴν
2313 1482 2510 1561 ἀρετὴν
2568 1481 2875 1560 Ποταμίων,
2938 1483 2966 1536 ὁ
3037 1481 3159 1537 τότε
3216 1485 3316 1547 τῆς
3374 1480 3806 1560 Ἀκραγαντίνων

2147 1572 2355 1638 πόλεως
2413 1573 2508 1636 τὰς
2539 1571 2679 1650 ἱεράς
2730 1570 2944 1650 ἀνέχων
2997 1567 3296 1648 φροντίδας.
3349 1567 3568 1638 Ἐπειδή
3597 1569 3654 1627 δὲ
3712 1572 3809 1627 τὸν

2145 1660 2330 1739 ὄγδοον
2373 1663 2569 1741 χρόνον
2599 1663 2628 1717 ὁ
2687 1673 2820 1724 παῖς
2852 1661 2952 1726 τῆς
3000 1658 3213 1727 ἡλικίας
3261 1657 3588 1738 παρήμειϐε,
3621 1667 3810 1718 Ποτα-

2145 1753 2300 1827 μίωνι
2359 1750 2448 1806 τὸν
2503 1753 2650 1807 θετον
2705 1759 2890 1808 τοῦτον
2946 1749 3297 1826 προσάγουσιν
3359 1753 3404 1806 οἱ
3466 1751 3807 1828 γεννήτορες,

411 1844 806 1926 adducunt,ut
831 1865 1014 1925 puero
1037 1847 1138 1909 ille
1157 1866 1440 1928 prospera
1461 1847 1660 1908 omnia
1680 1836 2057 1927 precaretur,

2145 1840 2386 1918 εὐλογίας
2476 1861 2533 1895 τε
2624 1838 2870 1912 ἀξιῶσαι,
2941 1839 3029 1894 καὶ
3132 1836 3386 1907 παιδευτῆ
3473 1837 3811 1916 παραδοῦναι

411 1942 470 1995 et
519 1943 806 2015 praeterea
837 1937 1030 2015 ipsum
1083 1937 1434 2016 praeceptori
1462 1936 1725 1997 traderet
1771 1936 2060 1998 erudien-

2143 1930 2481 2008 βουλόμενοι.
2522 1930 2619 1987 Καὶ
2674 1931 2729 1991 ὃς
2767 1929 2907 2001 αὒτῴ
2960 1928 3097 1984 κατὰ
3136 1929 3198 1984 τὸ
3228 1930 3367 1991 εἰκὸς
3420 1927 3805 2005 επευξάμενος,

406 2023 571 2085 dum.
619 2023 730 2097 Qui
760 2043 895 2086 cum
920 2045 1026 2105 pro
1061 2026 1228 2107 pueri
1258 2026 1447 2088 salute
1476 2026 1796 2087 Dominum
1837 2031 1926 2098 (ut
1958 2044 2060 2104 par

2144 2026 2527 2099 γραμματιστῇ
2600 2041 2698 2075 τινι
2759 2016 3113 2096 παραδίδωσιν
3168 2021 3214 2091 ᾧ
3260 2020 3531 2093 Δαμιανός
3603 2018 3807 2094 ὄνομα,

408 2122 529 2179 eral
594 2123 843 2195 orasset,
877 2106 1244 2192 grammatici
1269 2115 1604 2196 cujusdam,
1646 2115 1740 2176 cui
1773 2116 2059 2179 Damiano

2144 2109 2440 2172 σπουδαίως
2501 2111 2654 2167 αὑτὸν
2715 2109 2802 2164 καὶ
2858 2106 3161 2187 φιλοπόνως
3218 2106 3518 2165 ὲκπαιδεύιν
3575 2109 3640 2164 τὰ
3695 2115 3814 2165 τῶν

407 2220 626 2264 nomen
679 2190 1002 2277 erat,'tidei
1035 2203 1200 2265 illum
1249 2190 1568 2278 commisit,
1605 2203 2060 2284 disciplinisque

2145 2203 2478 2276 μαθημάτων
2527 2199 3005 2279 ἐγκελευσάμενος.
3069 2190 3128 2256 “0
3172 2197 3226 2255 δὲ
3283 2198 3350 2266 δὴ
3412 2213 3544 2264 πατς
3588 2201 3650 2258 τὸ
3703 2206 3811 2268 τῆς

402 2300 680 2355 accurate
692 2310 761 2354 ac
784 2293 1356 2356 seduloincumbere
1381 2294 1681 2374 prmcepit.
1709 2298 1786 2356 At
1817 2311 1964 2372 puer
1986 2292 2058 2355 ab

397 2379 547 2463 ipsis
560 2381 884 2444 litterarum
903 2383 1492 2452 elementis,utaiunt,
1509 2382 1908 2461 prmstantiam
1925 2386 2060 2444 ani-

403 2470 484 2532 mi
500 2489 694 2550 praase
714 2472 934 2546 ferens,
961 2480 1162 2553 utpote
1184 2472 1281 2553 qui
1299 2473 1525 2552 ingenii
1547 2472 1915 2551 acumine,et
1936 2469 2058 2532 acri

405 2559 876 2642 promptitutiine
898 2579 1041 2622 usus
1063 2571 1173 2635 est,
1201 2560 1402 2640 plures
1431 2559 1688 2622 breviter
1711 2559 2060 2638 disciplinas

403 2649 716 2729 percurrit.
745 2647 890 2712 Nam
917 2650 1104 2730 prima
1128 2651 1255 2730 ipsa
1277 2649 1865 2730 elementa,odasque
1890 2649 2061 2711 Davi-

404 2737 582 2804 dicas,
605 2741 883 2797 rationem
911 2741 1042 2798 item
1071 2755 1137 2795 ac
1159 2741 1620 2797 convenientiam
1652 2753 2061 2802 numerorum.

399 2827 554 2891 adde
583 2831 756 2892 etiam
789 2830 1228 2892 ecclesiasticos
1259 2831 1533 2910 hymnos,
1565 2828 1795 2890 biennii
1835 2837 2060 2891 tantum

403 2917 590 2999 spatio
623 2918 849 2981 didicit.
881 2919 1141 2982 Proinde
1171 2918 1246 2980 ob
1279 2918 1666 2991 celeritatem,
1696 2937 1811 2998 qua
1844 2928 1928 2980 tot
1960 2918 2055 2979 di-

2145 2296 2328 2371 ψυχῇς
2385 2289 2718 2369 μεγαλοφῦἒς
2775 2287 2826 2354 ἐξ
2884 2289 3067 2360 αὖτῆς,
3126 2290 3200 2354 ὡς
3252 2291 3280 2345 ὁ
3329 2290 3513 2368 λόγος,
3547 2291 3812 2368 γραμμῆς

2142 2381 2468 2460 ὑποφαίνων,
2503 2381 2595 2436 ἅτε
2656 2377 2720 2446 δὴ
2751 2379 2956 2456 φύσεως
2987 2376 3200 2445 ὀξύτητι
3240 2378 3335 2434 καί
3367 2379 3625 2457 προθυμίᾳ
3673 2401 3808 2436 συν-

2142 2468 2280 2542 τόνῳ
2326 2468 2638 2548 χρώμενος,
2671 2466 2739 2523 δι’
2770 2467 2950 2545 ὀλίγο)
2979 2468 3042 2523 τὰ
3090 2466 3268 2526 πολλὰ
3314 2474 3422 2525 τῶν
3469 2469 3810 2544 μαθημάτων

2143 2557 2302 2637 διῄει,
2336 2561 2409 2623 ὼς
2468 2558 2523 2615 ἐν
2554 2556 2665 2615 δυσὶ
2729 2556 2911 2632 μόνοις
2973 2557 3115 2614 ἔτεσι
3172 2558 3271 2627 τήν
3300 2578 3359 2613 τε
3412 2560 3518 2614 τῶν
3577 2558 3810 2636 πρώτων

2142 2649 2427 2728 στοιχείων
2489 2645 2802 2725 παράδοσιν,
2864 2647 2983 2708 τούς
3048 2667 3104 2702 τε
3163 2644 3476 2712 Δαυῖδικοὺς
3532 2645 3809 2722 ψαλμοὺς,

2144 2740 2230 2794 καὶ
2279 2740 2371 2799 τὰς
2408 2743 2512 2793 τῶν
2559 2737 2801 2815 ἀριθμῶν
2849 2734 3168 2815 ἀναλογίας,
3201 2735 3388 2812 πρσέτι
3439 2735 3494 2791 δὲ
3539 2737 3627 2793 καὶ
3682 2737 3812 2801 τοὺς

2143 2827 2622 2894 ὶκκλησιαστικοὺς
2675 2825 2868 2899 ὕμνους
2905 2825 3184 2900 ἐκμαθεῖν,
3249 2823 3467 2900 Ἀμέλει
3527 2827 3615 2883 καὶ
3663 2827 3814 2905 παρᾶ

2146 2924 2303 2974 πᾶσιν
2371 2916 2787 2991 ἀξιύθαόμαστος
2882 2915 2968 2972 ἐπὶ
3038 2922 3115 2990 τῷ
3186 2915 3348 2994 τάχει
3419 2920 3518 2983 τῆς
3605 2917 3815 2973 τούτων

404 2995 676 3090 sciplinis
725 3011 998 3072 excultus
1031 3023 1142 3090 est,
1176 3009 1454 3070 omnibus
1503 2995 1883 3070 admirationi
1929 3009 2058 3071 fuit.

2145 3007 2490 3086 περιλήψεως
2562 3007 2856 3080 ὶνομίζετο.
2926 2995 3019 3068 Ὠς
3098 3003 3153 3060 δὲ
3213 3006 3300 3062 καὶ
3359 3013 3452 3063 τοῦ
3509 3003 3814 3063 δωδεκάτου

403 3095 516 3161 Ubi
545 3115 690 3162 vero
720 3098 1139 3161 duodecimum
1170 3117 1393 3159 annum
1429 3106 1886 3178 praetergressus
1945 3105 2056 3177 est,

2147 3096 2295 3161 ἔτους
2390 3092 2688 3171 προϐαίνων
2755 3095 2956 3161 ἣπτετο
2986 3141 3002 3169 ,
3077 3093 3357 3171 προσίασιν
3431 3097 3478 3151 οἱ
3560 3095 3812 3160 τεκόντες

407 3187 751 3270 episcopum
805 3207 1014 3250 rursus
1043 3207 1111 3249 ac
1157 3196 1403 3250 caetetos
1444 3186 1729 3248 Ecclesia;
1760 3185 2060 3246 ministros

2148 3187 2292 3248 αὖθις
2340 3190 2418 3258 τῷ
2467 3183 2770 3262 ἐπισκόπῳ,
2819 3183 2906 3239 καὶ
2961 3187 3038 3255 τῷ
3085 3181 3270 3261 κλήρῳ
3328 3190 3512 3241 τοῦτον
3568 3183 3806 3262 ἔγκατα-

407 3269 684 3357 parentes
714 3277 957 3350 adeunt,
989 3276 1306 3354 multisque
1337 3276 1493 3337 hunc
1527 3276 1720 3355 ipsum
1757 3275 1816 3336 in
1851 3294 2056 3336 eorum

2145 3275 2371 3353 λεγῆιαι
2419 3279 2517 3339 τῆς
2571 3271 2859 3339 ἐκκλησίας
2908 3269 3265 3332 ἆντιϐολοῦσι.
3303 3274 3398 3330 Καὶ
3447 3274 3528 3353 ὃς,
3561 3273 3805 3348 ἀσμένως

405 3366 722 3445 collegium
757 3365 1020 3445 cooptari
1079 3365 1357 3447 precibus
1401 3374 1593 3426 orant.
1645 3363 1910 3444 Cumque
1963 3363 2060 3424 ille

2145 3367 2236 3421 τὸν
2293 3363 2454 3441 λόγον
2511 3359 2817 3436 δεξάμενος,
2876 3361 3017 3440 ἑώρα
3072 3363 3174 3440 γὰρ
3231 3359 3334 3428 ἤδη
3390 3369 3468 3437 τῷ
3526 3360 3813 3441 διορατικῷ

407 3473 575 3536 aequo
593 3453 793 3516 animo
812 3472 1150 3516 sermonem
1167 3453 1574 3533 audissetljam
1594 3453 1751 3514 enim
1771 3453 1829 3513 in
1856 3451 2060 3514 teriori

2146 3460 2242 3520 τῆς
2305 3457 2476 3527 ψυνῆς
2548 3453 2806 3530 ὀφθαλμῷ
2857 3452 2980 3508 οἷον
3025 3449 3325 3530 περικαλλῆ
3383 3451 3479 3508 καί
3551 3453 3815 3532 φωτεινὸν

407 3543 626 3606 mentis
651 3544 823 3605 oculo
856 3543 1161 3624 cernebat,
1187 3561 1362 3624 quam
1395 3541 1776 3622 splendidum
1813 3561 1881 3603 ac
1914 3541 2060 3602 luci-

2146 3541 2403 3623 ὀφθαλμῷ
2435 3541 2502 3616 τῇ
2535 3539 2834 3613 Ἐκκλησία
2893 3539 3082 3615 μέλλοι
3115 3540 3453 3620 χαρίζεσθαι,
3488 3546 3556 3618 τῇ
3603 3542 3812 3619 ποίμνη

407 3635 550 3696 dum
567 3632 804 3696 oculum
819 3633 1095 3712 regenda;
1128 3631 1407 3696 Ecclesiae
1421 3639 1582 3693 esset
1601 3631 1671 3692 ad
1682 3631 2060 3706 moturus),in

2148 3640 2332 3690 τοῦτον
2388 3636 2720 3706 συναριθμεϊ,
2779 3639 2964 3697 σκεῦος
3029 3628 3256 3708 ἐκλογῆς
3319 3632 3476 3690 αὐτὸν
3535 3635 3815 3709 προειπὼν

406 3741 645 3786 sacrum
677 3732 893 3786 cretum
927 3722 1160 3791 ascivit,
1195 3731 1253 3784 et
1285 3722 1448 3782 illum
1483 3739 1770 3799 osganum
1801 3721 2060 3785 selectis-

2145 3719 2508 3792 ἀποϐήσεσθαι
2544 3767 2560 3795 ,
2633 3722 2723 3777 καὶ
2809 3719 2912 3778 ὅσα
2995 3719 3213 3796 ὕστερον
3279 3719 3487 3785 ἐκεῖνος
3583 3719 3818 3797 ἔμελλεν

403 3813 620 3877 simum
645 3813 794 3888 fore,
817 3831 884 3874 ac
907 3811 1196 3893 quidquid
1221 3812 1280 3872 in
1309 3820 1608 3891 posterum
1632 3811 2056 3884 futurusesset,

2144 3811 2375 3873 ἔσεσθαι.
2427 3809 2607 3874 Οὕτως
2639 3811 2667 3866 ὁ
2730 3811 2869 3888 ἱερὸς
2921 3809 3213 3887 Γρηγόριος
3274 3816 3352 3884 τῷ
3382 3817 3487 3867 τῶν
3534 3808 3816 3881 κληρικῶν

407 3902 687 3984 prmfatus
725 3909 840 3965 est.
872 3904 956 3963 Ita
986 3901 1155 3963 divus
1187 3901 1513 3980 Gregorius
1543 3900 1898 3961 clericorum
1943 3919 2057 3962 coa-

2144 3905 2294 3981 χορῷ
2351 3898 2826 3980 συγκαταλεχθεὶς,
2889 3899 3106 3971 Δονάτῳ
3178 3897 3516 3978 παραδίδοται
3573 3907 3651 3975 τῷ
3703 3899 3815 3979 ἀρ-

404 3990 486 4053 tui
513 3990 1003 4058 additus,Donato
1033 3990 1316 4055 Ecclesiae
1329 3989 1756 4052 archidiacono
1777 3988 2051 4064 traditur,

2144 3989 2436 4071 χιδιακόνῳ
2500 3989 2598 4057 τῆς
2678 3988 2990 4061 ἐκκλησίας,
3052 3989 3110 4050 ὃς
3183 3985 3250 4056 δὴ
3307 3989 3395 4044 καὶ
3471 3988 3578 4046 τῶν
3648 3991 3814 4068 ἱερῶν

407 4081 510 4161 qui
540 4087 661 4142 tum
694 4099 999 4146 sacrorum
1028 4081 1395 4142 voluminum
1424 4098 1635 4141 coram
1666 4077 1877 4157 agebat
1911 4101 1923 4142 :
1956 4099 2058 4141 cu-

2144 4077 2356 4157 βιϐλίων
2417 4084 2704 4146 τηνικαῦτα
2761 4077 2863 4144 τὴν
2921 4075 3159 4154 φυλακὴν
3224 4076 3597 4156 ἐπιτέτραπτο,
3655 4081 3811 4152 ᾧτινι

404 4171 508 4252 jus
539 4187 674 4232 cum
727 4170 1005 4233 familiari
1033 4172 1306 4232 convictu
1337 4188 1407 4232 ac
1455 4168 1888 4230 consuetudine
1918 4177 2055 4231 ute-

2144 4171 2230 4225 καὶ
2309 4168 2478 4224 είσαεί
2553 4164 2750 4243 διάγων
2820 4166 3006 4222 ἑαυτὸν
3078 4166 3393 4244 τρανότερον
3462 4165 3816 4246 παρεδείκνυ-

408 4268 595 4341 retur,
627 4260 801 4340 longe
832 4260 1116 4323 disertior
1143 4263 1326 4322 evasit
1358 4280 1373 4320 :
1409 4260 1916 4340 perSpicuumque
1945 4256 2060 4322 luit

2144 4260 2229 4314 καὶ
2287 4255 2445 4330 δῆλος
2499 4255 2563 4322 ἧν
2618 4256 2724 4312 ἀπὸ
2781 4261 2875 4312 τοῦ
2924 4255 3293 4334 κρυπτομένου
3349 4256 3475 4334 παρ’
3507 4257 3650 4331 άῦτῷ
3704 4258 3813 4324 τῆς

411 4357 543 4431 post
590 4349 1044 4413 delitescentem
1077 4349 1232 4430 apud
1279 4349 1472 4428 ipsum
1527 4348 1754 4410 virtutis
1783 4349 2054 4421 odorem,

2144 4349 2337 4423 ἀρετῆς
2393 4347 2581 4426 μόρου,
2645 4343 2940 4404 σπουδαίως
3000 4345 3099 4420 μὶν
3163 4346 3230 4402 τὰ
3286 4349 3580 4422 μαθηματα
3629 4344 3806 4428 διιὼν,

408 4439 1014 4521 disciplinasquidem
1043 4440 1425 4518 perlustrare,
1452 4455 1652 4500 mores
1673 4456 1812 4499 vero
1835 4438 1894 4498 in
1917 4455 2060 4515 gra-

2144 4436 2300 4505 ἥθους
2373 4434 2429 4492 δὲ
2493 4434 2811 4513 σεμνοτέρου
2883 4436 3366 4510 μεταποιούμενος,
3424 4438 3802 4514 προσεκτικώ-

403 4527 604 4590 viores
621 4547 688 4590 ac
718 4529 1085 4590 venustiores
1118 4535 1514 4608 permutasse,
1539 4535 1714 4608 atque
1743 4526 1892 4589 adeo
1923 4543 2059 4587 sese

2144 4549 2292 4604 τερον
2347 4524 2402 4582 δὲ
2433 4527 2522 4582 καὶ
2565 4525 2684 4601 περὶ
2733 4525 2826 4586 τὰς
2881 4526 3022 4582 θείας
3071 4525 3218 4606 ἔχων
3267 4525 3498 4603 Γραφᾶτ,
3531 4523 3583 4590 ιε
3627 4527 3702 4581 ὧν
3736 4523 3806 4592 δὴ

405 4616 626 4679 divinis
679 4617 922 4698 scriptis
953 4602 1330 4678 attentiorem
1369 4602 1741 4698 praestitisse,
1775 4636 1808 4678 a
1837 4616 2060 4697 quibus

2144 4602 2230 4672 καὶ
2289 4613 2520 4690 μάλιστα
2584 4626 2683 4682 την
2738 4613 2929 4692 ψυχὴν
2995 4602 3271 4692 φωτισθεὶς
3313 4602 3420 4670 καὶ
3472 4620 3550 4688 τῷ
3605 4612 3808 4688 ὴδίστῳ

407 4714 469 4768 et
489 4708 689 4768 animo
707 4705 1005 4787 imprimis
1023 4706 1414 4788 illuminatus,
1442 4713 1503 4767 et
1532 4707 1766 4768 illarum
1791 4705 2060 4766 incredi-

2145 4707 2344 4761 τούτων
2406 4702 2649 4784 θελχθεῖς
2708 4701 2904 4788 κέὶιτι,
2947 4701 3088 4768 ὅλως
3145 4709 3220 4774 τῷ
3281 4709 3397 4776 Θεῷ
3453 4704 3809 4782 προσανέχων

407 4795 514 4858 bili
559 4795 804 4858 allectus
834 4795 1172 4870 dulcedine,
1211 4805 1395 4857 totum
1447 4796 1568 4858 Deo
1600 4815 1664 4857 se
1694 4795 1824 4874 ipse
1874 4794 2060 4874 dedit,

2146 4795 2232 4866 ἧν,
2297 4795 2384 4849 καὶ
2441 4792 2562 4850 ὁδὸν
2617 4791 2817 4866 ἐζήτει,
2876 4787 2943 4846 δι’
2999 4795 3065 4860 ἧς
3129 4793 3272 4866 αὐτῷ
3325 4792 3414 4848 καὶ
3484 4790 3810 4870 τελεώτερον

405 4886 704 4969 viamque,
737 4905 854 4969 qua
907 4886 991 4948 illi
1023 4887 1266 4968 propius
1320 4886 1658 4960 lnhmreret,
1693 4883 2060 4965 celeriusque

2150 4885 2454 4963 ωναφθεῖη,
2490 4883 2576 4939 καὶ
2607 4881 2813 4960 ἐγγίσαι
2847 4880 3046 4958 τάχιον
3077 4887 3152 4954 τῷ
3180 4880 3464 4960 ὶγγίζοντι.

405 4977 712 5040 ocurrenti
743 4977 858 5039 sibi
888 4978 1422 5059 appropinquaret,
1457 4976 1613 5037 inire
1645 4973 1947 5037 studebat.

489 5065 590 5129 III.
621 5065 796 5130 Illum
824 5053 1002 5146 igitur
1031 5053 1200 5128 sacra
1222 5065 1521 5128 invisendi
1554 5065 1706 5139 loca,
1733 5080 2060 5144 eorumque

2227 5053 2309 5122 1".
2369 5061 2638 5139 Λογισμὸς
2690 5061 2864 5116 τοίνυν
2919 5060 3078 5116 αὐτὸν
3134 5059 3311 5116 θεόθεν
3371 5057 3632 5134 λαμϐάνει
3681 5061 3811 5126 τοὺς

407 5156 822 5219 sanctitudinis
868 5174 1002 5218 esse
1054 5156 1429 5236 participem,
1461 5154 1738 5234 cogitatio
1793 5151 2060 5216 incessit.

2146 5153 2327 5230 ἁγίους
2405 5151 2602 5213 τόπους
2671 5147 2830 5236 ίδετν,
2894 5150 2984 5206 καὶ
3043 5155 3132 5205 τοῦ
3161 5147 3241 5236 ,εξ
3300 5147 3472 5205 αὖτὼν
3529 5148 3808 5236 άγιασμοῦ

407 5245 674 5326 Cumque
721 5263 932 5325 magno
981 5233 1234 5326 hujusce
1270 5233 1374 5306 'rei
1404 5243 1706 5306 desiderio
1759 5244 2060 5322 ﬂagraret,

2151 5251 2474 5318 μετασχεῖν.
2529 5239 2634 5296 Καὶ
2665 5233 2747 5293 δεῖ
2795 5239 2929 5312 πρὸς
2959 5239 3115 5326 τοῦτο
3158 5235 3275 5294 λίαν
3305 5238 3574 5314 ἐρωτικῶς
3629 5235 3808 5316 ἔχων,

408 5324 623 5397 exinde
656 5324 839 5396 Deum
881 5324 1256 5415 obsecrabat,
1284 5353 1360 5398 ne
1391 5347 1589 5396 votum
1623 5351 1795 5394 suum
1823 5333 2060 5394 frustra-

2146 5329 2322 5388 ἐδεῖτο
2381 5327 2568 5385 λοιπον
2617 5333 2712 5384 τοῦ
2763 5334 2894 5384 Θεοῦ
2939 5328 3017 5402 μή
3067 5324 3382 5405 διαμαρτεῖν
3429 5333 3521 5383 τοῦ
3569 5334 3807 5392 σκοποῦ,

405 5433 590 5486 retur.
614 5422 868 5506 Jamque
899 5413 1444 5486 duodevicesimom
1469 5423 1657 5485 aetatis
1674 5441 1899 5484 annum
1931 5440 2060 5501 age-

2145 5418 2249 5483 Καὶ
2307 5418 2500 5497 χρόνον
2558 5416 2656 5491 μὲν
2713 5414 3171 5473 ὀκτωκαιδέκατον
3241 5413 3346 5483 ἤδη
3411 5416 3646 5493 γεγονὼς
3705 5415 3805 5492 ἦν,

407 5513 528 5575 bat.
556 5503 820 5587 Quadam
849 5530 989 5576 vero
1019 5523 1194 5576 nocte
1225 5532 1362 5575 cum
1397 5513 1455 5574 in
1486 5512 1921 5587 archidiaconi,
1949 5531 2058 5574 cu-

2145 5511 2201 5567 ἒν
2255 5512 2352 5584 μ.ιᾷ
2408 5503 2463 5560 δὲ
2520 5509 2629 5560 τῶν
2699 5506 2902 5562 νυκτῶν
2973 5505 3065 5563 τὸν
3135 5504 3361 5580 ῥηθέντα
3411 5504 3810 5581 κατακοιμίσας

405 5603 500 5683 jus
523 5602 887 5664 mentionem
919 5603 1193 5684 fecimus,
1218 5601 1609 5664 contubernio
1635 5603 1902 5682 degeret,
1933 5601 2060 5681 ipse

2144 5595 2544 5677 ἀρχιδιάκονον,
2607 5596 2787 5684 αὐτὸς-
2840 5593 2978 5652 εἴσω
3052 5600 3145 5651 τοῦ
3178 5600 3329 5684 ,ναοῦ
3417 5594 3640 5684 γίνεται,
3713 5593 3811 5650 καὶ

408 5681 693 5779 templum
725 5691 1055 5772 ingressus,
1090 5681 1306 5773 Deum,
1330 5700 1394 5754 ut
1423 5690 1720 5772 ejusmodi
1753 5710 1819 5754 se
1850 5708 2060 5775 propo-

2144 5688 2321 5748 πολλὰ
2390 5684 2488 5741 τοῦ
2555 5691 2688 5745 Θεοῦ
2768 5681 2993 5761 δεηθεὶς,
3063 5683 3376 5764 συνάρασθαι
3462 5681 3632 5761 τούτῳ
3707 5689 3809 5745 τοῦ
