4136 6414
453 363 564 429 195

445 600 604 653 ctum
627 591 1048 666 est,domicilio
1075 592 1298 652 cmlesti
1325 591 2096 670 gloriaainteutus,priorem

446 681 580 742 vita
612 682 902 744 rationem
933 699 1001 742 ac
1034 681 1363 742 institutum
1395 679 1684 754 servabat,
1723 683 1969 759 psalmis
2000 685 2098 746 in-

447 781 738 832 nocenter
758 790 994 843 vacans,
1026 769 1206 832 biduo
1237 788 1303 831 ac
1333 770 1528 830 triduo
1561 769 1759 830 cibum
1793 775 1975 835 semel
2005 793 2098 835 ca-

450 861 644 941 piens,
679 861 1033 940 plerumque
1060 860 1232 920 etiam
1265 868 1440 920 totam
1476 858 1908 922 hebdomadam
1931 863 2096 942 jeju-

447 967 560 1011 nus
585 951 967 1028 transigebat.
1025 948 1280 1009 Proinde
1332 947 1571 1028 hospitii
1606 949 1896 1012 Dominus
1929 953 2096 1032 ejus-

447 1039 629 1112 modi,
662 1041 817 1119 quod
852 1040 978 1119 ipse
1011 1038 1126 1099 sibi
1164 1039 1538 1117 imperasset,
1564 1038 1806 1100 vivendi
1838 1043 2096 1104 studium

443 1129 792 1208 admiratus,
845 1129 1002 1189 hunc
1051 1129 1242 1206 ipsum
1280 1127 1448 1188 urbis
1506 1129 1784 1208 episcopo
1845 1133 2097 1194 manife-

442 1226 596 1278 stum
628 1218 764 1279 fecit
793 1240 806 1276 :
843 1217 1277 1297 confestimque
1309 1235 1510 1278 coram
1547 1236 1761 1297 magno
1787 1229 1845 1280 et
1877 1223 2095 1303 inclyto

444 1307 568 1367 viro
613 1307 864 1369 sistitur.
897 1307 1004 1368 Cui
1034 1308 1396 1386 episcopus:
1435 1305 1604 1368 Unde
1643 1312 1829 1384 venis,
1879 1312 2092 1388 inquit,

447 1395 556 1476 1111,
585 1405 646 1457 et
674 1415 790 1477 quo
823 1397 1020 1458 tendis
1049 1405 1074 1458 γ
1109 1396 1238 1475 1116,
1267 1396 1584 1473 Agrigento
1616 1399 1846 1460 civitate
1869 1399 2008 1462 illuc
2031 1420 2096 1463 se

441 1483 779 1558 advectum,
814 1494 1091 1546 cmterum
1129 1495 1392 1546 sanctam
1445 1487 1588 1546 Sion
1645 1497 1866 1565 petere,
1917 1490 2088 1553 dixit.

444 1569 549 1634 His
576 1573 814 1650 auditis,
867 1575 1190 1655 episcopus
1235 1573 1389 1635 bona
1422 1575 1503 1636 illi
1536 1586 1807 1655 precatus
1837 1596 1850 1640 :
1888 1579 2088 1641 Domi-

444 1679 576 1735 nus,
612 1662 823 1744 inquit,
861 1664 1127 1745 perﬁciat
1156 1683 1398 1742 gressus
1452 1675 1607 1738 tuos,
1644 1685 1712 1728 ac
1767 1671 1880 1730 iter
1928 1680 2090 1730 tuum

442 1749 682 1830 dirigat.
713 1752 820 1815 llle
847 1771 989 1814 vero
1022 1753 1277 1834 pedibus
1306 1755 1432 1830 ejus
1489 1775 1604 1817 non
1639 1757 1771 1818 sine
1821 1759 2095 1840 lacrymis

1756 367 2035 432 ΜΕΝὸΙὸ
2079 365 2529 436 NOVEMBER.

442 502 530 565 sic
564 501 799 582 quidem
832 499 973 565 ille:
1008 501 1327 581 Gregorius
1371 517 1514 563 vero
1557 502 1615 562 in
1674 519 1746 563 eo
1800 505 1956 584 quod
1996 506 2092 568 di-

2181 527 2306 582 ματι
2393 501 2662 577 λέλεκται,

3727 359 3842 424 196

2748 505 2847 566 τῆς
2933 496 3190 576 προτέρας
3263 497 3546 566 ἀσκήσεως
3618 497 3836 577 εἴχετο,

2183 594 2426 671 ψαλμοῖς
2486 611 2543 645 τε
2600 591 2687 644 καὶ
2751 588 3078 666 ἀναγνώσεσι
3113 586 3420 666 προσέχων,
3456 588 3542 642 καὶ
3573 583 3659 641 διὰ
3689 584 3776 644 δύο
3804 586 3839 654 ἤ

2180 687 2268 742 καὶ
2304 689 2460 760 τριῶν
2517 679 2733 754 ἡμερῶν
2789 677 2988 756 τροφῆς
3045 677 3184 742 ἅπαξ
3237 678 3570 747 ἡπτόπενος,
3622 675 3836 732 πολλά-

2181 797 2262 836 m;
2322 772 2375 828 δὲ
2441 771 2529 826 καὶ
2589 767 2714 845 παρ’
2774 767 2902 831 ὅλας
2978 769 3111 823 ἑπτα
3174 765 3430 822 διατελῶν
3504 765 3708 829 ἄσιτος.
3773 763 3836 824 Ὀ

2179 867 2352 922 τοίνυν
2381 868 2474 917 106
2520 858 2675 916 οἴκου
2727 859 2902 936 κύριος
2951 861 3012 914 16
3060 855 3482 930 ἐπιτεταμμένον
3530 855 3682 911 τοῦτο
3736 861 3840 922 τῆς

2181 951 2459 1019 ἀσκήσεως
2520 947 2976 1021 ἐκπληττόμενος,
3039 944 3202 1013 δῆλον
3259 946 3417 1001 αὐτὸν
3469 951 3546 1016 τῷ
3591 946 3689 1010 τῆς
3725 943 3837 1002 πό-

2183 1043 2318 1106 λεως
2346 1040 2629 1110 ὶπισκόπῳ
2678 1050 2849 1096 ποιεῖ.
2904 1038 2998 1094 Καὶ
3059 1037 3114 1096 ὃς
3175 1033 3514 1109 μετάκλητον
3544 1035 3634 1090 τὸν
3664 1033 3838 1112 μέγιν

2183 1133 2328 1194 εὒθὺς
2387 1130 2631 1204 θέμενος,
2692 1131 2854 1183 Πόθεν
2917 1126 3086 1199 ἥκεις,
3149 1124 3323 1205 ἔλεγε,
3376 1125 3580 1197 τέκνον,
3619 1125 3708 1180 καὶ
3737 1125 3844 1180 ποῦ

2180 1222 2440 1298 πορεύει;
2504 1219 2562 1275 Ὀ
2623 1216 2676 1273 δὲ
2736 1222 2833 1282 τῆς
2899 1215 3332 1293 Ἀκραγαντίνων
3409 1220 3504 1288 μὲν
3573 1216 3841 1286 ὁρμᾶσθαι

2179 1311 2387 1370 πόλεως
2448 1307 2666 1386 ἔφησεν,
2721 1305 2806 1361 ἐπὶ
2840 1306 2938 1372 τὴν
2994 1307 3148 1382 ἁγίαν
3177 1302 3230 1358 δὲ
3269 1305 3409 1358 Σιὼν
3469 1302 3833 1381 ἀφικνεῖσθαι,

2177 1401 2385 1458 Τούτων
2444 1398 2651 1458 statvo;
2707 1396 2934 1458 ἀκούσας
2980 1397 3006 1451 6
3057 1394 3155 1468 μὲν
3187 1395 3329 1465 αὖτῷ
3357 1394 3422 1447 τὰ
3454 1392 3626 1471 ἀγαθὲ
3656 1391 3833 1458 6117.6-

2177 1511 2336 1569 χετο,
2403 1487 2724 1552 Καταρτίσαι
2782 1508 2874 1542 σου
2942 1486 3124 1561 Κύριος
3173 1485 3238 1539 τα
3269 1480 3602 1555 διαδήματα,
3635 1480 3838 1559 λέγων,

2177 1579 2270 1634 καί
2331 1579 2484 1641 αὐτὸς
2547 1576 2692 1632 ἕσται
2751 1597 2834 1630 σοι
2878 1575 2975 1641 τὴν
3029 1572 3146 1628 ὁδὸν
3198 1571 3494 1629 διευθύνων·
3557 1574 3586 1628 6
3638 1570 3688 1627 δὲ
3746 1573 3840 1627 καὶ

2177 1666 2505 1725 συνδειπνεῖν
2570 1667 2724 1721 αὖτὸν
2781 1668 2808 1720 6
2862 1665 3155 1726 ἐπίσκοπος
3215 1664 3302 1718 καὶ
3369 1675 3606 1721 συνεῖναι
3668 1660 3838 1740 μέχρι

2176 1759 2280 1814 τῶν
2338 1760 2494 1834 ἱερῶν
2543 1755 2763 1834 ἑορτῶν,
2818 1757 2879 1812 οὗ
2909 1753 3086 1831 πόῤῥω
3115 1755 3218 1830 γὰρ
3253 1754 3412 1826 ἦσαν,
3447 1751 3617 1819 ἠξίου.
3657 1748 3718 1808 ’0
3749 1749 3839 1822 δὲ,

444 1842 824 1920 provolutus:
859 1841 998 1904 Mihi
1036 1845 1259 1905 utinam
1293 1845 1657 1924 (reSpondit)
1695 1865 1761 1907 ex
1796 1839 2093 1909 sententia

2181 1848 2478 1908 ὕπακούσας
2527 1849 2613 1902 καὶ
2659 1851 2858 1923 τροφῆς
2890 1844 3032 1917 αὒτῴ
3085 1845 3444 1915 κοινωνήσας,
3485 1845 3625 1904 αὖθις
3660 1839 3742 1920 ὄψ’
3773 1841 3845 1895 ὃν

444 1940 543 1991 tua
573 1933 892 2010 contingat.
928 1931 1164 1994 Interea
1196 1951 1334 1994 vero
1383 1933 1700 2014 episc0pus
1732 1937 1983 1997 convivii
2013 1937 2091 1998 il-

439 2018 562 2080 lum
596 2020 943 2100 participem
974 2020 1235 2095 admisit,
1269 2023 1605 2100 tandiuque
1631 2042 1835 2087 secum
1868 2027 2092 2088 versari

2176 1939 2414 2016 ἡσύχαζε
2473 1937 2636 1992 τόπον
2695 1935 2936 2012 ἐφίκετο,
3002 1936 3088 1990 καὶ
3149 1933 3244 2000 τῆς
3300 1934 3553 2002 συνήθους
3611 1929 3844 2009 ἀγωγῆς

2177 2031 2390 2105 εἴχετο.

440 2109 650 2181 voluit,
685 2108 877 2170 donec
906 2109 1041 2172 festi
1073 2110 1205 2173 dies
1243 2112 1519 2192 sacrique
1577 2119 1792 2194 (neque
1823 2117 1982 2176 enim
2018 2115 2225 2196 procul
2258 2114 2532 2194 aberant)
2563 2113 2939 2175 advenirent.
2975 2111 3160 2192 Cujus
3193 2110 3296 2172 ille
3345 2109 3504 2172 dicto
3537 2127 3671 2172 cum
3727 2128 3851 2189 pa-

437 2199 676 2278 ruisset,
723 2207 1001 2280 essetque
1034 2201 1167 2280 ejus
1208 2201 1476 2262 convictu
1508 2202 1882 2266 familiariter
1929 2225 2093 2280 usus,
2129 2205 2524 2278 domicilium,
2562 2203 2622 2265 in
2671 2223 2788 2284 quo
2823 2209 2988 2283 prius
3041 2202 3479 2275 diversabatur,
3514 2198 3772 2280 repetit,
3809 2218 3849 2262 e

442 2299 791 2350 consuetum
827 2289 1057 2350 vivendi
1093 2290 1428 2352 institutum
1458 2294 1737 2373 capessit.

524 2376 622 2443 Vl.
655 2377 838 2440 Porro
861 2397 979 2440 non
1001 2379 1200 2440 multis
1227 2391 1361 2461 post
1385 2381 1622 2455 diebus,
1649 2403 1784 2444 cum
1813 2385 1871 2444 in
1898 2402 2094 2446 sacro-

441 2468 694 2532 illuatria
715 2469 986 2549 martyris
1010 2469 1231 2531 Juliani
1249 2471 1468 2550 templo
1486 2471 1727 2535 sederet
1750 2492 1816 2534 ac
1841 2474 2093 2549 legeret,

445 2570 565 2622 tres
593 2557 834 2638 quidam
875 2560 1174 2633 monachi,
1227 2579 1360 2621 cum
1423 2563 1687 2624 moribus
1747 2565 2091 2635 venerandi,

443 2655 564 2710 tum
599 2648 836 2710 decenti
884 2663 1062 2730 atque
1095 2661 1305 2713 ornato
1353 2653 1624 2732 corporis
1668 2653 1869 2714 habitu
1911 2653 2095 2714 animi

444 2755 564 2819 prae
578 2755 644 2799 se
665 2738 928 2816 speciem
953 2757 1022 2799 ac
1047 2740 1554 2820 pulchritudinem
1580 2742 1863 2815 ferentes,
1884 2743 1970 2804 illi
1993 2761 2096 2824 ap-

443 2845 715 2909 paruere,
748 2845 899 2908 quos
928 2829 1250 2904 Gregorius
1282 2829 1551 2910 intuitus,
1604 2831 1853 2895 miriﬁce
1888 2833 2096 2894 hilaris

439 2916 629 2979 factus
657 2924 748 2978 est
774 2934 787 2978 :
826 2917 1044 2998 quippe
1074 2918 1246 2996 cujus
1273 2919 1508 2980 animus
1539 2921 1615 2982 ob
1668 2922 1903 2983 illorum
1941 2939 2092 3002 prte-

439 3005 693 3067 sentiam
751 3005 1056 3067 exsiliret:
1114 3007 1408 3088 siquidem
1451 3028 1570 3071 non
1620 3011 1843 3091 absque
1881 3029 2096 3090 magno

436 3095 638 3177 aliquo
671 3093 826 3156 bono
854 3097 928 3156 ad
959 3113 1026 3156 se
1056 3095 1189 3157 illos
1233 3098 1461 3159 venisse
1491 3100 1703 3161 sensit.
1759 3101 1904 3162 Cum
1957 3118 2092 3161 vero

439 3186 632 3250 Deum
665 3184 1038 3260 adorassent,
1067 3204 1220 3247 unus
1255 3186 1489 3248 illorum
1515 3190 1700 3270 sedit;
1728 3190 2094 3270 reliquivero

440 3275 561 3338 duo
578 3293 795 3354 magno
816 3293 950 3336 cum
979 3276 1716 3350 timore,reverentiaitem
1731 3278 2092 3355 admirabili,

2257 2385 2361 2458 ς’.
2426 2386 2569 2441 Μετὰ
2628 2383 2680 2439 ὀὶ
2738 2405 2885 2446 τινας
2947 2383 3151 2461 ἡμέρας
3210 2381 3501 2456 καθημένῳ
3553 2382 3697 2455 αὐτῷ
3749 2381 3853 2438 καὶ

2179 2474 2593 2553 ἀναγινώσκοντι
2651 2473 2703 2529 ἐν
2763 2479 2840 2545 τῷ
2914 2477 3038 2548 ἱερῷ
3105 2480 3196 2530 τοῦ
3267 2471 3506 2549 μεγάλου
3577 2471 3849 2550 μάρτυρος

2177 2563 2490 2636 ἰουλιανοῦ,
2543 2577 2688 2642 τρεῖς
2740 2585 2875 2627 τινες
2928 2563 3172 2642 μοναχοί
3223 2562 3606 2642 ἐπιφαίνονται,
3651 2560 3848 2635 σεμνοί

2178 2675 2236 2712 τε
2289 2659 2368 2725 τῷ
2429 2652 2567 2725 ἤθει,
2629 2654 2721 2709 καὶ
2775 2659 2844 2729 τῇ
2901 2653 3054 2716 ἐκτὸς
3127 2653 3450 2709 καταστάσει
3519 2651 3618 2718 τὴν
3689 2647 3845 2705 ἶνδον

2177 2745 2562 2824 ὑποφαίνοντες
2610 2742 2940 2819 ὡραιότητα.
3004 2744 3104 2803 Οὓς
3164 2744 3192 2798 6
3237 2743 3526 2819 Γρηγόριος
3565 2739 3845 2814 θεασάμε-

2179 2856 2266 2897 νος
2323 2833 2626 2911 περιχαρής
2683 2853 2740 2888 τε
2799 2837 3084 2910 γενόμενος
3147 2836 3240 2889 οἷα
3297 2835 3396 2900 τῆς
3443 2833 3632 2909 ψυχῆς
3692 2830 3847 2903 αξιτῷ

2178 2923 2642 3002 ἆνασκιρτησάσης
2675 2922 2761 2978 ἐπὶ
2797 2929 2858 2998 τῇ
2886 2929 2992 2980 τῶν
3061 2919 3262 3000 ἀνδρῶν
3322 2921 3582 2999 παρουσίᾳ
3639 2923 3843 2985 συνῆκε

2179 3014 2276 3088 μὲν
2308 3013 2384 3088 μὴ
2418 3011 2540 3068 ἄνευ
2573 3011 2809 3090 μεγάλου
2862 3015 3001 3075 τινὸς
3058 3012 3256 3090 ἀγαθοῦ
3312 3009 3440 3090 παρ’
3503 3010 3660 3066 αὐτὸν
3692 3009 3843 3066 ἑκεί-

2179 3126 2298 3167 νους
2357 3102 2551 3163 ἐλθεῖν.
2619 3100 2770 3158 Ἐπεὶ
2829 3101 2882 3156 δὲ
2938 3104 3027 3158 καὶ
3083 3101 3471 3180 προσηύξανῖο,
3535 3101 3622 3156 καὶ
3678 3099 3841 3174 ὃμέι

2179 3195 2349 3249 αὐτῶν
2409 3192 2686 3263 memon,
2747 3193 2794 3247 οἱ
2851 3190 2904 3247 δέ
2958 3191 3048 3248 δύο
3098 3193 3189 3247 σὺν
3221 3189 3370 3270 φόϐῳ
3399 3188 3585 3263 πολλῷ
3613 3191 3700 3246 καὶ
3728 3210 3834 3244 τινι

2180 3280 2389 3359 ἀῤῥήτῳ
2460 3279 2600 3337 αἰδοῖ
2668 3282 3141 3360 παρειστή-ιεισαν,
3218 3282 3591 3359 προσκυνήσας
3661 3279 3836 3350 τούτῳ

439 3365 526 3427 illi
551 3365 932 3427 assistebant.
957 3364 1129 3426 Hunc
1157 3364 1477 3444 Gregorius
1503 3368 1725 3448 pariter
1753 3379 2088 3445 veneratus,

2181 3373 2266 3427 καὶ
2317 3374 2342 3426 6
2375 3377 2693 3449 Γρηγόριος,
2751 3372 2839 3426 καὶ
2896 3373 3055 3434 αὐτὸς
3111 3384 3229 3434 τοῖς
3290 3367 3472 3434 ἄλλοις
3535 3387 3836 3446 συμπαρειο

439 3473 576 3518 sese
601 3454 736 3515 aliis
763 3453 1054 3535 adjunxit.
1081 3453 1145 3516 In
1177 3473 1352 3535 quem
1386 3459 1740 3532 monachus,
1775 3459 1874 3538 qui
1907 3459 2089 3520 sede-

2181 3462 2382 3530 στήκει,
2444 3462 2581 3538 Πρὸς
2639 3462 2698 3516 ὃν
2756 3459 3024 3536 ἐμϐλέψας
3077 3462 3105 3516 6
3188 3462 3486 3534 καθήμενος
3565 3460 3838 3538 μοναχὸς,

436 3552 551 3622 rat,
585 3545 874 3624 conjectis
905 3545 1127 3606 oculis:
1155 3545 1306 3616 Quid
1333 3547 1480 3622 hac,
1507 3547 1716 3628 inquit,
1746 3553 1817 3608 ad
1855 3563 1932 3623 te,
1955 3547 2093 3609 Gre-

2181 3550 2235 3608 Τί
2283 3571 2364 3606 σοι
2426 3548 2491 3605 τοὶ
2545 3549 2790 3622 ἆνταῦθα,
2850 3553 2983 3628 φησί
3036 3547 3185 3606 δοῦλε
3218 3548 3310 3604 106
3357 3555 3513 3628 Θεοῦ,
3551 3547 3839 3626 Γρηγόριε,

438 3634 569 3714 gori
597 3652 768 3696 serve
799 3633 927 3709 Dei,
987 3634 1088 3714 qui
1121 3639 1335 3696 bonam
1404 3647 1631 3714 partem
1678 3637 1929 3715 elegisti,
1960 3656 2090 3717 quas

2181 3645 2248 3713 τῷ
2303 3639 2401 3706 τὴν
2462 3639 2663 3716 ἀγαθὴν
2709 3638 3043 3714 ἐκλεξαμένῳ
3113 3635 3320 3715 μερίδα,
3386 3637 3528 3710 ἥτις,
3602 3640 3841 3715 εὐαγγε-

437 3725 544 3786 abs
577 3733 634 3786 te
669 3724 757 3804 (ut
786 3725 863 3786 de
893 3724 1191 3786 sententia
1212 3725 1517 3804 Evangelii
1547 3728 1810 3808 loquarl)
1847 3746 2089 3789 nonan-

2181 3727 2337 3792 λικῶς
2397 3729 2592 3800 εἰπεῖν,
2654 3731 2749 3787 οὐκ
2804 3728 3213 3808 ἀφαιρεθήσεται
3269 3726 3376 3784 ἀπὸ
3426 3734 3570 3806 σοῦς
3609 3727 3704 3784 Καὶ
3740 3728 3832 3807 ὃς,

439 3815 701 3877 feretur?
718 3813 892 3876 Hunc
916 3813 1018 3874 ille
1041 3813 1117 3874 ob
1132 3815 1384 3895 primam
1401 3816 1661 3877 nominis
1686 3816 2088 3896 cognitionem

2181 3819 2444 3894 θαυμάσας
2496 3820 2652 3878 αὐτόν
2707 3818 2768 3873 ἐκ
2804 3819 3022 3896 πρώτης
3083 3818 3177 3886 τῆς
3237 3825 3329 3874 106
3389 3817 3650 3892 ὀνόματος
3675 3817 3835 3894 γνώ-

440 3905 790 3981 admiratus,
829 3901 1085 3983 pedibus
1115 3905 1250 3983 ejus
1279 3905 1596 3966 confestim
1638 3907 1987 3988 advolvitur,
2023 3926 2090 3969 ac

2181 3931 2333 3984 σεως,
2408 3907 2593 3985 βάλλει
2665 3909 2762 3984 μὲν
2821 3909 2977 3964 αὕτὸν
3035 3907 3221 3974 εὐθέως
3288 3909 3391 3984 πρὸ
3464 3913 3570 3963 τῶν
3625 3905 3836 3964 las-{von

441 3996 738 4076 lacrymas
757 3993 835 4058 ab
866 3993 1056 4056 oculis
1086 3993 1859 4078 distillans,emagitabat,ut
1880 3997 2006 4058 suis
2027 4015 2091 4058 se

2181 3999 2372 4076 ποδῶν,
2435 4000 2632 4076 δάκρυά
2676 4021 2730 4055 τε
2761 4005 2868 4054 τῶν
2924 3997 3211 4077 ὀφθαλμῶν
3270 3997 3606 4069 ἁποστάζων,
3654 3997 3835 4077 εὑχῆς

442 4083 724 4165 precibus
774 4083 1019 4162 dignum
1063 4083 1309 4147 faceret.
1346 4085 1454 4147 llle
1486 4102 1627 4148 vero
1687 4087 1846 4148 hunc
1877 4087 2086 4162 erexit,

2181 4087 2315 4155 ἡξίον
2372 4093 2468 4155 τῆς
2529 4085 2653 4166 παρ’
2714 4088 2912 4144 ἐκείνου
2977 4101 3193 4167 τυχεῖν.
3269 4085 3330 4144 ’0
3401 4085 3455 4143 δὲ
3519 4086 3834 4155 ἀναστήσας

439 4173 713 4256 nihilque
776 4175 936 4236 circa
988 4192 1054 4236 se
1113 4175 1312 4253 magni
1367 4175 1690 4257 quidquam
1749 4177 2090 4239 existimare

2181 4179 2351 4259 αὑτὸν,
2411 4181 2499 4235 καὶ
2559 4177 2725 4253 μηδὲν
2785 4177 2990 4235 οἴεσθαι
3041 4178 3183 4256 μέγα
3239 4179 3356 4254 περὶ
3386 4179 3543 4234 αὑτοῦ
3574 4177 3836 4257 εἰρηκὼς,

429 4265 636 4346 jussit,
669 4283 739 4326 ac
767 4265 988 4345 ipsum,
1021 4265 1292 4345 aliosque
1346 4265 1555 4328 itidem
1587 4267 1740 4328 duos
1771 4268 2091 4328 monachos

2181 4268 2381 4326 ἐκέλευέ
2438 4289 2496 4324 τε
2559 4270 2883 4348 καθέζεσθαι,
2966 4271 3054 4324 καὶ
3112 4269 3233 4330 τοῖς
3287 4265 3431 4323 δυσὶν
3487 4268 3684 4341 ὁμοίως
3736 4267 3839 4322 σὺν

435 4372 640 4417 secum
673 4355 888 4415 sedere
917 4355 1170 4416 curavit.
1209 4359 1349 4418 Mox
1385 4356 1604 4417 blande
1635 4355 1801 4417 illum
1834 4356 2046 4417 affatur
2073 4377 2087 4417 :

2181 4361 2318 4432 αὕτῴ
2349 4369 2642 4438 μοναχοϊς.
2699 4359 2836 4416 Εἶτα
2896 4359 3184 4437 προσεχὼν
3215 4357 3422 4431 ἐκείνῳ,
3484 4357 3679 4415 Τέκνον
3706 4355 3833 4438 ἔσο,

439 4443 624 4516 Scito,
661 4444 874 4524 inquit,
911 4444 1018 4518 fili,
1047 4445 1298 4506 consilia
1326 4444 1426 4507 tua
1455 4445 1627 4507 nobis
1674 4447 1874 4508 omnia
1905 4465 1939 4507 a
1967 4445 2090 4507 Deo

2181 4450 2356 4529 φησὶν,
2392 4449 2670 4526 γινώσκων
2731 4448 2812 4505 ὅτι
2866 4449 2931 4503 τὰ
2988 4450 3125 4505 κατὰ
3181 4458 3240 4502 σε
3282 4446 3492 4503 ἅπαντα
3522 4444 3658 4512 δῆλα
3685 4446 3835 4522 ἡμῖν

438 4533 674 4614 prodita
727 4551 884 4596 esse.
948 4535 1164 4595 Verum
1224 4533 1395 4596 laetus
1445 4554 1558 4597 nos
1593 4536 1759 4598 laetos
1790 4555 2085 4617 sequere:

2181 4539 2406 4606 κατέστη
2471 4539 2614 4616 παρὰ
2671 4544 2825 4596 Θεοῦ.
2885 4536 3056 4593 Ἀλλὰ
3111 4539 3248 4611 ἡμῖν
3292 4537 3498 4615 χαίρω)
3545 4536 3834 4615 χαίρουσιν

437 4622 922 4702 quandoquidem
957 4624 1167 4686 borum
1202 4625 1377 4687 index
1410 4625 1594 4702 Deus,
1651 4636 1706 4688 te
1760 4646 1996 4707 quoque
2024 4626 2086 4686 in

2181 4629 2312 4704 ἡμῖν
2372 4629 2520 4689 ἕπου.
2587 4629 2691 4685 Καί
2751 4629 2852 4706 γὰρ
2908 4629 2936 4683 6
2998 4635 3161 4683 ταῦτα
3218 4627 3480 4705 γνωρίσας
3529 4627 3659 4690 Θεὸς
3702 4625 3833 4699 μεθ’

441 4713 727 4775 comitatu
762 4723 962 4774 nostro
993 4713 1067 4775 ad
1107 4731 1174 4775 se
1224 4715 1549 4792 adducere,
1596 4726 1656 4776 et
1711 4724 2088 4778 sacrosancta

2181 4720 2372 4776 ἑαυτῶν
2431 4717 2674 4774 ἐκέλευσε
2734 4720 2822 4775 καὶ
2876 4718 2933 4774 σε
2992 4714 3452 4796 ωμπαραλαόεϊν,
3510 4717 3598 4772 καὶ
3669 4722 3833 4794 κοινῇ

437 4801 753 4864 nobiscum
785 4803 1020 4878 loca,ad
1044 4823 1174 4886 qua;
1189 4807 1547 4886 jampridem
1581 4825 1690 4868 nos
1713 4806 2086 4885 navigatione

2181 4812 2293 4876 τοὺς
2349 4810 2520 4888 ἱεροὺς
2582 4809 2806 4885 ὃψεσθαι
2862 4807 3081 4878 τόπους,
3139 4805 3220 4887 ἐφ’
3281 4809 3368 4871 οὖς
3395 4807 3484 4862 καὶ
3519 4807 3683 4880 ἡμεῖς
3714 4803 3830 4874 ἤδη

435 4901 859 4968 contendimus,
877 4904 1208 4975 conspicere
1228 4903 1608 4976 praecepitﬂb
1639 4906 1759 4962 haec
1780 4905 2088 4977 Gregorius

2181 4902 2270 4968 τὴν
2302 4901 2470 4978 ὁρμὴν
2501 4901 2862 4973 πεποιήμεθα.
2924 4899 3204 4974 Θαύματος
3263 4899 3352 4954 οὗν
3389 4897 3478 4952 καὶ
3527 4901 3700 4974 χαρᾶς
3734 4895 3830 4953 ἐπὶ

435 4982 836 5047 admiratione
862 5005 931 5047 ac
949 4987 1162 5066 gaudio
1190 4986 1560 5067 perfusus,se
1587 4988 1715 5067 ipso
1738 4987 2090 5048 continuere

2181 4992 2376 5057 τούτοις
2411 4991 2708 5070 πληρωθεὶς
2743 4991 2770 5044 6
2803 4987 3118 5066 Γρηγόριος,
3179 4987 3273 5043 οὒκ
3324 4987 3440 5050 οἷός
3491 5005 3547 5040 τε
3590 4985 3658 5052 ἦν
3689 4985 3829 5041 ἑαυ-

433 5073 762 5154 nequibat:
797 5076 906 5139 sed
936 5094 1145 5138 rursus
1176 5093 1522 5153 assurgens,
1555 5094 1624 5137 ac
1657 5076 1842 5157 pedes
1875 5096 2085 5138 manav-

2181 5081 2262 5137 τὸν
2317 5080 2596 5159 κατέχειν,
2655 5076 2793 5134 ἀλλὰ
2851 5079 2938 5132 καὶ
2995 5080 3138 5140 αὖθις
3194 5075 3481 5140 ἐξαναστὰς
3545 5075 3633 5130 καὶ
3699 5087 3828 5140 τοῖς

433 5173 526 5228 chi
546 5173 966 5246 complexatus,
991 5176 1276 5248 Iacrymas
1293 5177 1488 5248 plures
1512 5177 1800 5248 prioribus
1815 5192 1930 5248 prae
1947 5193 2089 5249 gau-

2181 5172 2262 5226 ιοῦ
2294 5176 2540 5250 μοναχοῠ
2594 5169 2717 5225 ποσὶ
2749 5165 3102 5246 συμπλακεὶς,
3137 5162 3334 5243 δάκρυά
3382 5185 3440 5220 τε
3487 5161 3577 5242 ὑφ’
3629 5160 3828 5232 ἡδονῆς

431 5259 531 5320 dio
550 5262 972 5334 eﬂ'undebat,ac
997 5266 1185 5324 laetitia
1209 5275 1359 5326 tctus
1384 5271 1807 5340 gestiens,quas
1841 5269 2086 5340 majores

2181 5258 2301 5338 ίῤῥει
2335 5266 2439 5316 τῶν
2468 5258 2736 5337 προτέρων
2780 5257 3000 5313 πλείονα
3050 5257 3138 5312 καὶ
3189 5266 3448 5316 παντοῖος
3505 5251 3598 5332 ἦν,
3659 5251 3832 5332 χάριν

430 5359 745 5424 poterat,in
767 5358 857 5414 bis
871 5357 992 5414 Deo
1013 5361 1228 5429 gratias
1251 5360 1476 5429 agebat.
1502 5358 1705 5415 Postea
1731 5372 1866 5416 vero
1889 5357 1962 5416 ad
1983 5359 2086 5418 do-

2181 5349 2297 5416 ἴσην
2328 5350 2382 5405 ἐν
2421 5351 2627 5414 τούτοις
2686 5347 2968 5426 ὁμολογῶν
3023 5349 3100 5420 τῷ
3156 5345 3297 5418 Θεῷ.
3357 5345 3506 5400 Μετὰ
3561 5341 3620 5398 δὲ
3687 5343 3829 5429 πρὸς

431 5444 716 5503 micilium
739 5428 1174 5515 concessere,“
1195 5428 1426 5520 hospitii
1448 5450 1732 5506 Dominus
1757 5450 2001 5507 multam
2023 5451 2084 5509 in

2181 5439 2490 5519 ιαταγωγὴν
2548 5437 2737 5515 ᾔεσαν,
2799 5438 2887 5494 καί
2947 5438 2975 5494 6
3033 5442 3124 5493 τοῦ
3167 5433 3324 5492 οἴκου
3372 5433 3554 5513 κύριος
3607 5428 3829 5500 πολλὴν

432 5521 572 5588 illos
588 5527 950 5593 hilaritatem
974 5547 1044 5592 ac
1059 5531 1397 5594 comitatem
1409 5529 1758 5607 ostendens,
1785 5531 1988 5595 omnia
2009 5531 2084 5595 ad

2181 5529 2559 5608 ivastxvdjssvoc
2634 5530 2734 5599 τὴν
2791 5527 3178 5611 ῳλοφροσύνην
3233 5525 3470 5608 ἀφθόνως
3527 5521 3701 5585 πάντα
3750 5520 3826 5586 τὰ

512 5706 534 5750 ¹
567 5707 712 5788 Luc,
745 5728 805 5793 ε,
836 5712 938 5777 43.
