4136 6410
321 359 432 429 197
1367 366 1554 433 VITA
1595 368 1654 432 S.
1703 364 2073 433 GREGORII
2105 365 2650 432 AGRIGENTINI.
3582 365 3698 433 198

313 503 446 580 πρὸς
523 503 722 580 τροφὴν
793 505 1097 582 παρετίθει,
1159 503 1242 561 καὶ
1311 505 1667 582 γευσαμένους
1739 505 1966 567 ἀύπνους

2066 503 2260 560 rictum
2285 505 2608 562 necessaria
2635 503 2862 562 abunde
2887 504 3002 562 illis
3022 504 3419 576 apposuit.Qui
3444 519 3572 562 cum
3595 520 3703 578 gu-

309 593 500 656 αὖτοῡς
548 591 709 671 ἄχρις
764 592 956 672 ὄρθρου
1015 594 1174 672 εἶχεν
1228 595 1262 662 ἡ
1321 594 1430 666 νὺξ,
1485 596 1608 658 τούς
1681 617 1740 652 τε
1808 595 1976 674 ἱεροὺς

2066 603 2228 651 ειοεει.
2246 602 2328 660 nt,
2353 605 2523 652 totum
2548 603 2772 652 noctem
2803 610 2935 652 cum
2962 595 3183 651 divinas
3209 594 3406 652 Iaudes
3424 595 3706 662 canendo,

309 681 507 754 ὕμνως
553 679 774 752 ᾅδοντας
831 685 924 739 καὶ
971 685 1090 746 τοὺς
1142 685 1308 746 θείους
1339 684 1528 763 λόγους
1575 684 1976 762 ἀναγινώσκον-

2066 695 2179 740 tum
2204 701 2400 742 sacros
2423 700 2718 742 Strmones
2743 685 3070 755 lectitando,
3095 687 3163 742 ad
3185 685 3501 743 diluculum
3526 700 3712 759 usque

312 792 428 836 τας.
498 769 534 797 ³¹
548 775 684 829 Ενθα
716 769 784 839 δὴ
815 775 906 830 καὶ
938 775 984 828 οἱ
1027 776 1260 854 μοναχοὶ
1288 773 1388 841 τὴν
1419 782 1513 832 τοῦ
1543 772 1726 840 παιδὸς
1773 777 1979 831 σύνεσιδ

2066 773 2360 836 duxerunt
2387 777 2746 838 insomnem.
2774 773 2890 838 Ubi
2916 776 3192 838 monachi
3216 775 3710 856 prudentiamju-

308 863 395 916 ai
443 858 564 916 λίαν
617 863 1075 939 ὑπερτιγᾶσθηααν
1122 862 1290 926 οὕτως
1350 862 1618 943 εὖρύθμως
1665 867 1836 922 πάντα
1890 860 1979 922 καὶ

2066 864 2230 926 venis
2292 867 2450 941 quod
2515 875 2628 926 tam
2689 865 2986 927 concinne
3044 873 3287 947 tutoque
3348 884 3456 926 sua
3513 865 3716 928 omnia

305 949 562 1028 ἁσιραλῶς
595 953 759 1008 αἶ)τοῦ
795 950 1045 1016 διιόντος.

2066 962 2421 1036 enarrasset,
2469 955 2852 1018 vehementer
2909 953 3153 1033 quidem
3217 954 3489 1016 admirati
3548 967 3708 1020 sunt.

385 1029 468 1099 Ζ..
533 1041 808 1119 ’τετάρτης
839 1043 930 1099 οὗν
962 1042 1049 1100 ἰπὶ
1107 1043 1316 1106 τούτοις
1350 1045 1536 1108 αὐτοῖς
1589 1043 1975 1123 ἐπιγενομένης

2140 1042 2264 1105 VII.
2320 1029 2574 1116 Quartus
2624 1044 2800 1123 igitur
2829 1029 2962 1106 cum
3015 1052 3172 1106 esset
3203 1044 3356 1123 dies;
3389 1064 3504 1126 quo
3555 1045 3711 1126 apud

306 1131 538 1207 ἡμέρας,
571 1127 696 1187 ὁδοῦ
743 1131 852 1188 τῶν
911 1136 1175 1213 μοναχῶν
1226 1137 1253 1189 6
1295 1140 1505 1214 πρῶτος
1551 1135 1850 1212 ἐμέμνητο,
1887 1143 1972 1190 καί

2066 1132 2192 1194 illos
2240 1142 2383 1213 erat,
2423 1135 2852 1195 monachorum
2902 1133 3125 1213 primus
3159 1133 3292 1194 vita}
3344 1135 3708 1197 mentionem

313 1221 408 1285 τῆς
458 1218 689 1298 ἇσπὲρας
721 1219 1158 1303 καταλαϐούσης,
1191 1221 1352 1289 ἐξίασι
1401 1238 1521 1287 τοῖς
1572 1224 1779 1285 πόλεως
1829 1224 1966 1298 ἅμα.

2066 1221 2214 1296 Γθοίι,
2243 1241 2312 1284 ac
2344 1233 2663 1304 appetente
2693 1241 2964 1303 vespera,
2997 1222 3236 1285 civitate
3265 1240 3380 1285 una
3401 1223 3713 1303 egrediun-

311 1308 504 1366 εἴκοσι
573 1308 630 1365 δὲ
703 1310 907 1390 ἡμέρας
982 1309 1318 1391 ὁδεύσαντες,
1384 1317 1458 1380 εἷς
1515 1313 1768 1392 Τρίπολιν
1841 1313 1968 1394 ὰφι-

2066 1319 2173 1374 lnr.
2209 1315 2476 1390 Cumque
2531 1312 2734 1391 viginti
2768 1313 2895 1373 dies
2925 1312 3037 1374 iter
3082 1311 3390 1394 fecissent,
3421 1315 3710 1396 Tripolim

303 1407 584 1473 κινοῦνται,
649 1401 739 1456 καὶ
807 1402 937 1479 πρὸς
1000 1403 1092 1456 τὸι
1152 1409 1245 1459 τοῦ
1320 1405 1473 1480 ἁγίου
1530 1403 1776 1460 Λεοντίου
1847 1405 1974 1459 ναὸν

2066 1401 2440 1482 perveniunt,
2474 1411 2650 1483 atque
2693 1402 2764 1462 ad
2805 1400 2874 1464 D.
2932 1401 3164 1463 Leontii
3198 1403 3486 1484 templum
3539 1404 3716 1485 proﬁ-

307 1488 675 1569 ἀπέρχονται·
724 1489 840 1546 ὅθεν
908 1487 974 1556 δὴ
1034 1493 1123 1547 καὶ
1183 1489 1530 1571 πρεσϐύτερός
1586 1515 1666 1556 τις
1724 1500 1829 1550 τῶν
1886 1515 1974 1549 σε·

2066 1493 2382 1554 ciscuntur.
2415 1493 2674 1555 Proinde
2701 1491 3074 1553 venerandus
3099 1511 3168 1553 ac
3197 1501 3441 1554 ornatus
3471 1494 3714 1577 quidam

309 1587 466 1654 μνῶν
525 1583 630 1636 καῖ
702 1580 964 1655 κοσμίων,
1036 1581 1268 1645 ὶκείνους
1339 1581 1679 1661 παραλοϐὼν,
1739 1585 1813 1647 εἷς
1888 1585 1976 1640 τὸν

2066 1582 2367 1663 presbyter
2414 1581 2578 1644 domi
2609 1599 2732 1644 sum
2781 1581 3039 1661 hospitio
3089 1581 3220 1643 illos
3270 1584 3553 1664 suscepit,
3585 1586 3720 1667 qui-

312 1671 480 1729 αὗτοῦ
527 1682 681 1726 οἶνον
711 1667 917 1740 ξενίζει.
956 1679 1232 1729 Διακονῶν
1263 1670 1317 1728 δὲ
1367 1673 1434 1741 ἦν
1466 1677 1651 1738 αὐτοῖς
1683 1676 1710 1730 6
1763 1673 1973 1751 Γρηγό-

2066 1673 2172 1734 bus
2223 1672 2544 1752 Gregorius
2574 1670 2968 1746 ministrabat,
3005 1671 3164 1752 quod
3215 1672 3597 1753 aspicientes,
3633 1671 3719 1738 uti

321 1781 457 1838 ριος,
489 1761 518 1816 ὃ
560 1761 652 1816 καὶ
707 1758 791 1816 διὰ
827 1760 1096 1836 θαύματος
1149 1763 1197 1819 οἱ
1252 1761 1540 1840 βλέποντες
1572 1764 1736 1844 εἶχον
1793 1765 1977 1820 ὁποίαν

2066 1763 2415 1824 miraculum
2464 1763 2814 1836 censedant,
2847 1761 3128 1822 nimirum
3180 1780 3353 1842 quam
3404 1762 3559 1825 bona
3601 1763 3719 1828 ﬁde

326 1852 394 1918 ἢν
448 1851 764 1925 ποιούμενος
821 1851 924 1917 τὴν
982 1853 1298 1929 ὗπηρεσίαν,
1360 1855 1419 1912 οὒ
1476 1852 1764 1914 σπουδαίαν
1815 1854 1976 1927 μόνον

2067 1852 2184 1913 illis
2217 1861 2522 1932 praestaret
2552 1851 2934 1931 obsequium,
2963 1849 3142 1931 idque
3156 1871 3274 1912 non
3294 1852 3502 1916 sedulo
3525 1854 3717 1917 solum

333 1941 428 1995 καὶ
474 1939 777 2016 καρτερικήν
807 1939 896 1995 καὶ
950 1937 1261 2019 φιλόπονον,
1297 1939 1436 1998 ἆλλά
1465 1963 1514 1998 τι
1565 1942 1654 1998 καὶ
1685 1940 1823 1997 οὕτω
1872 1962 1974 1996 κα-

2066 1960 2128 2003 ac
2180 1943 2496 2022 patienter,
2531 1942 2635 2002 sed
2686 1960 2821 2002 cum
2881 1959 3070 2021 usque
3121 1943 3272 2003 adeo
3334 1943 3489 2004 binis
3539 1952 3719 2026 atque

324 2034 576 2085 ταπονῶν
618 2029 820 2102 ἑαυτὸν,
863 2026 944 2086 ’διὰ
996 2028 1087 2086 δύο
1117 2052 1174 2086 τε
1223 2033 1311 2087 καὶ
1341 2036 1501 2109 τριῶν
1543 2033 1760 2108 ἡμερῶν
1820 2029 1975 2105 μόλις

2066 2031 2238 2092 etiam
2288 2031 2460 2091 trinis
2510 2031 2724 2092 diebus
2759 2029 2964 2093 labore
2995 2048 3058 2090 se
3088 2030 3463 2112 confecisset,
3499 2034 3590 2094 vix
3641 2033 3716 2095 ad

315 2120 451 2182 πρὸς
509 2119 702 2197 τροφὴ-ο
764 2117 930 2196 ἑώρα,
986 2120 1082 2175 καί
1143 2117 1249 2178 οὐδ’
1306 2119 1372 2176 ἂν
1430 2118 1544 2178 οὒδὲ
1604 2122 1750 2194 τότε,
1799 2122 1844 2176 εἰ
1897 2122 1975 2194 μὴ

2066 2122 2254 2182 cibum
2281 2120 2605 2199 respicere:
2634 2139 2701 2182 ac
2724 2138 2798 2182 ne
2824 2129 2944 2181 tum
2972 2121 3365 2200 quidem,nisi
3389 2123 3715 2187 monachus

313 2206 482 2272 πολὺς
524 2206 588 2274 ἧν
623 2210 650 2264 6
679 2209 926 2289 μοναχὸς
957 2208 1166 2273 ἐκεῖνος
1218 2209 1524 2288 ἐγκείμενός
1554 2233 1610 2267 τε
1641 2213 1730 2268 καὶ
1775 2215 1974 2290 τροφῆς

2066 2211 2181 2289 ille,
2205 2228 2468 2290 saneque
2502 2211 2811 2285 molestus,
2851 2211 3011 2270 hunc
3043 2211 3236 2290 ipsum
3270 2211 3468 2272 cibum
3496 2230 3714 2294 capere

306 2300 472 2357 26:6:
522 2298 762 2373 ἅψασθαι
793 2299 1132 2380 βίαζόμενος,
1169 2299 1360 2378 λόγους
1409 2302 1526 2377 περὶ
1556 2307 1660 2356 τῶν
1710 2321 1974 2357 τεκοντων

2066 2300 2470 2380 compulisset.
2501 2300 2615 2363 Hic
2639 2318 2992 2379 generosam
3027 2302 3154 2379 ejus
3189 2309 3447 2362 mentum
3483 2311 3718 2383 perten-

313 2385 552 2464 ἑκών-θ’,
609 2388 805 2469 ὶφῆκε,
845 2387 972 2446 Εἰπέ
1025 2411 1139 2464 μοι,
1173 2388 1370 2469 λέγων,
1433 2391 1714 2470 Γρηγόριε,
1767 2390 1867 2464 ἆρά
1918 2411 1976 2445 σε

2066 2399 2210 2466 lans,
2239 2409 2580 2452 sermonem
2603 2390 2692 2452 illi
2713 2390 2786 2452 de
2811 2391 3158 2470 parentibus
3182 2390 3409 2470 injecit:
3444 2393 3569 2471 Age
3591 2393 3717 2455 fare

320 2477 478 2535 λυπεῖ
507 2481 574 2535 τὰ
597 2478 854 2558 φίλτατα,
889 2492 1070 2557 γονεῖς
1105 2501 1162 2536 τε
1192 2481 1280 2536 καὶ
1334 2494 1614 2558 συγγενεῖς
1645 2481 1733 2538 καὶ
1763 2481 1975 2561 ματρὶς,

321 2569 418 2624 ὑπὸ
470 2571 702 2644 μνήμην
739 2568 937 2644 Muta;
995 2569 1059 2628 Ὀ
1117 2567 1200 2643 δὲ,
1230 2569 1371 2633 θείας
1430 2569 1690 2634 συνέσεῖὁς
1733 2570 1821 2626 καὶ
1879 2591 1978 2634 με-

317 2659 705 2738 τριοφροσῦνης
775 2657 1059 2721 ὑπόπλεως
1131 2658 1206 2716 ὢν
1233 2706 1250 2740 ,
1324 2659 1634 2717 Τοῦναντίον
1697 2659 1796 2732 μὲν
1866 2663 1978 2734 οὖν,

316 2747 444 2828 ἔφη,
477 2749 526 2804 ὦ
578 2749 780 2826 Πάτερ,
812 2749 902 2806 καὶ
932 2748 1053 2829 λίαν
1104 2748 1288 2829 λυπεῖ,
1326 2751 1408 2806 ὃτι
1466 2759 1560 2810 τοῦ
1594 2751 1781 2828 Κυρίου
1829 2747 1978 2829 διαρ-

313 2837 483 2914 Mar,»
535 2839 803 2915 βοῶντος³
865 2858 894 2898 ι
932 2828 992 2896 ⁸0
1039 2837 1208 2918 φιλῶν
1263 2828 1465 2918 πατέρα
1521 2839 1558 2907 ἢ
1589 2839 1796 2918 μητέρα
1851 2828 1981 2918 ὑπὲρ

321 2930 413 3005 ipf:
444 2931 542 2987 οὐκ
573 2929 691 2986 ἔστι
740 2953 844 3006 μου
875 2927 1043 3010 ἄξιος,
1082 2953 1106 2982 ο
1140 2931 1258 3008 καῖ,
1291 2955 1314 2990 ι
1363 2916 1456 2995 ⁶Ος
1489 2935 1584 2991 οὐκ
1625 2931 1983 2990 ἀποτάσσεται

323 3025 449 3076 πᾶσι
493 3033 619 3081 τοῖς
679 3019 1018 3100 ὑπάρχουσιν
1067 3021 1236 3096 αὐτῷ,
1290 3021 1349 3078 οὒ
1408 3021 1622 3078 δύναταί
1676 3043 1778 3095 μου
1838 3021 1982 3078 εἶναι

319 3111 589 3184 μαθητὴς,
631 3134 658 3165 ι
745 3109 869 3186 ἐμοί
943 3111 1144 3168 τούτων
1216 3110 1360 3177 ἄξιον
1433 3109 1581 3169 οὐδὲν
1653 3111 1978 3192 πέπρακται,

2064 2481 2416 2562 (inquiens),
2443 2481 2714 2560 Gregori,
2739 2499 2882 2542 num
2906 2480 3242 2543 dulcissimi
3263 2491 3386 2543 tum
3412 2492 3710 2564 parentes,

2067 2581 2188 2632 tum
2223 2571 2454 2646 afﬁnes,
2492 2579 2612 2632 tum
2646 2571 2826 2632 etiam
2858 2573 3048 2650 patria
3079 2573 3426 2634 memoriam
3458 2577 3720 2636 subeun-

2067 2674 2157 2722 tes
2215 2669 2402 2735 tuam,
2435 2659 2711 2722 molestia
2770 2671 2830 2723 te
2879 2660 3203 2723 afﬁciunt?
3257 2661 3461 2724 Atille
3519 2663 3720 2727 divina

2069 2751 2382 2830 prudentia
2430 2760 2486 2813 et
2517 2751 2803 2831 singulari
2849 2751 3138 2812 modestia
3167 2751 3473 2832 praeditus,
3528 2753 3717 2817 Valde

2069 2841 2167 2901 illa
2217 2840 2482 2920 quidem,
2519 2860 2552 2902 ο
2600 2840 2799 2916 Pater,
2837 2840 3048 2920 inquit,
3084 2839 3188 2900 sed
3222 2841 3396 2902 aliter
3444 2851 3622 2924 atque
3655 2853 3716 2905 tu

2069 2930 2334 3010 opinaris
2381 2929 2670 2992 afﬁciunt.
2728 2929 3037 3007 Siquidem
3070 2928 3324 2991 Domino
3383 2933 3718 2996 luculenter

2067 3020 2357 3081 clamante
2386 3041 2398 3078 :
2459 3039 2489 3078 ι(
2520 3018 2631 3092 Qui
2660 3029 2817 3081 amat
2847 3029 3074 3100 patrem
3104 3027 3206 3081 aut
3257 3029 3504 3082 matrem
3537 3041 3717 3105 supra

2067 3128 2186 3184 me,
2217 3127 2333 3170 non
2354 3117 2445 3171 est
2478 3127 2575 3170 me
2605 3110 2820 3188 dignus
2842 3110 2912 3186 2;
2951 3132 2974 3167 υ
3014 3118 3110 3169 et:
3154 3132 3175 3164 α
3207 3109 3318 3182 Qui
3351 3129 3470 3172 non
3503 3114 3718 3174 valedi-

317 3197 466 3268 Πλὴν
518 3198 664 3256 ἆλλᾶ
694 3200 974 3280 παράσχοι
1026 3199 1226 3258 ἄνωθεν
1258 3205 1286 3258 6
1331 3205 1436 3257 τῶν
1467 3201 1680 3278 ἀγαθῶν
1711 3201 1978 3281 χορηγός,

2066 3200 2216 3262 xerit
2238 3199 2540 3274 omnibus,
2575 3217 2708 3279 quae
2733 3198 3016 3280 possidet,
3041 3216 3158 3260 non
3181 3209 3372 3280 potest
3396 3219 3564 3263 meus
3581 3221 3716 3265 esse

306 3289 432 3364 ἐμοὶ
488 3311 548 3346 τι
609 3294 713 3356 τῆς
774 3289 1047 3355 ἀσθενείας
1117 3293 1445 3371 ὶπικουρίαν,
1487 3290 1708 3355 ἐκείνοις
1755 3289 1810 3348 δὲ
1877 3296 1977 3358 τῆς

2066 3288 2441 3370 discipulus3
2475 3309 2490 3370 ;
2528 3289 2779 3350 necdum
2829 3289 3041 3350 horum
3073 3307 3107 3349 a
3141 3307 3235 3350 me
3265 3289 3588 3370 quidquam
3623 3302 3717 3356 est

310 3381 536 3456 ἃθυμίας
565 3378 933 3456 παράκλῆσιν,
971 3383 1066 3438 Καὶ
1098 3381 1262 3439 ταῦτα
1291 3382 1389 3458 μὲν
1419 3381 1611 3447 οὕτως.

2066 3380 2304 3460 egregie
2336 3381 2683 3462 praestitum.
2714 3379 3147 3442 Verumtamen
3175 3379 3468 3442 bonorum
3501 3400 3716 3464 suppe-

316 3471 536 3533 dilator
579 3467 1016 3535 imbecillitatis
1063 3469 1210 3534 mihi
1240 3471 1549 3548 auxilium,
1587 3471 1707 3534 illis
1756 3490 1896 3535 vero
1947 3471 2173 3536 doloris
2227 3472 2701 3535 consolationem
2757 3470 2984 3532 utinam
3030 3470 3268 3534 coalitus
3308 3471 3553 3537 alferat.
3609 3474 3710 3539 Hm

325 3551 528 3637 itaque
557 3578 626 3622 se
655 3559 906 3625 habent.

413 3651 505 3712 il'.
557 3641 787 3729 ⁹εἰμὲρεις
835 3650 890 3707 δὲ
946 3653 1230 3730 τριάκοντα
1259 3653 1314 3710 ἐν
1365 3652 1612 3731 Τριπόλει
1662 3650 1972 3731 διενεγκόν-

2141 3653 2327 3715 Porro
2357 3651 2590 3732 triginta
2641 3652 2769 3714 dies
2799 3650 3025 3732 Tripoli
3065 3653 3436 3731 commorati,
3491 3655 3720 3718 nemini

339 3761 456 3815 τες,
485 3741 570 3796 καὶ
601 3739 780 3817 μηδενὶ
833 3743 967 3820 πρὸς
995 3747 1194 3821 γνῶσιν
1243 3744 1513 3823 ἐλθόντες,
1547 3742 1713 3809 ἕξιασι
1745 3744 1968 3818 ταύτης,

2066 3743 2182 3803 noti
2231 3742 2390 3818 facti,
2427 3743 2594 3803 illinc
2640 3743 3050 3820 egrediuntur,
3098 3744 3416 3825 denuoque
3458 3743 3572 3806 iter
3617 3764 3715 3806 ca-

335 3833 436 3898 τῆς
488 3829 606 3890 ὁδοῦ
629 3834 711 3888 καὶ
765 3835 911 3896 αὖθις
941 3834 1030 3889 καὶ
1075 3841 1168 3892 τοῦ
1219 3835 1414 3892 οἰκείου
1456 3839 1660 3890 σκοποῦ
1689 3833 1971 3912 ἐχόμενοι.

2066 3843 2410 3912 pessunt,ac
2431 3833 2502 3894 ad
2535 3840 2841 3914 pr0prium
2872 3851 2937 3894 se
2977 3834 3340 3914 propositam
3370 3835 3712 3915 accingunt.

326 3928 527 3990 Πηνῶν
580 3921 668 3979 οὖν
733 3923 1009 4002 τεσσάρων
1062 3921 1166 3992 ἤδη
1219 3924 1634 4004 παρῳχηκότων
1684 3921 1977 3980 κατέλαϐον

2070 3921 2471 3995 Quamobrem
2524 3942 2658 3984 cum
2717 3931 2967 4003 quatuor
3011 3923 3135 4002 jam
3181 3922 3488 3988 mensibus
3547 3943 3718 4005 pere-

317 4015 388 4071 τᾶ
457 4005 803 4091 Ἱεροσόλυμα
831 4061 848 4093 ,
931 4015 1021 4070 καὶ
1086 4013 1372 4094 περιῆλθον
1469 4014 1534 4071 τὰ
1603 4012 1805 4093 ἐκεῖσε,
1879 4020 1980 4071 πᾶν

2067 4013 2278 4090 grinati
2300 4012 3045 4093 fuissent,Hierosolymam
3071 4023 3493 4093 pervenerunt.
3522 4017 3718 4078 Locis-

317 4106 510 4184 ὅτιπερ
564 4103 763 4182 ἀγαθὸν
819 4107 928 4160 τῶν
984 4105 1161 4161 αὐτόθι
1220 4104 1638 4183 φροντιστηρίων
1689 4103 1978 4176 ἆπανθιζό-

2067 4119 2182 4183 que
2212 4102 2438 4164 ibidem
2461 4102 2742 4164 omnibus
2766 4103 3159 4182 perlustratis,
3187 4103 3476 4184 quidquid
3501 4105 3561 4166 in
3594 4123 3717 4166 mo-

299 4218 494 4280 μενοι,
527 4194 772 4251 καὶτῶν
817 4192 874 4249 ἐν
938 4191 1122 4260 αὺτοῖς
1188 4197 1531 4269 ἁσκοδμενων
1597 4205 1715 4256 τοῖς
1778 4190 1980 4260 ἐπιση-

2066 4192 2338 4254 nasteriis
2353 4210 2422 4254 ac
2445 4191 2754 4253 monachis
2776 4191 2898 4253 illic
2927 4190 3282 4270 degentibus
3311 4201 3438 4253 erat
3468 4194 3710 4274 przecla-

302 4275 563 4366 ματέροις
634 4286 736 4351 τὴν
805 4283 998 4362 ἀρετὴν
1082 4284 1478 4364 συγγινόμενοι.
1559 4275 1676 4340 Ἐνί
1747 4280 1801 4338 δὲ
1871 4290 1978 4340 τῶν

2066 4301 2219 4361 rum,
2247 4282 2304 4344 id
2339 4291 2522 4344 totum
2546 4293 2944 4357 assumentes,
2969 4299 3104 4342 cum
3134 4280 3559 4343 illustrioribus
3593 4281 3709 4343 vir-

301 4346 735 4462 ;pov;tﬂ1;piwv
810 4375 1035 4450 τούτων,
1114 4346 1208 4432 οἷςΙ
1252 4375 1461 4452 μακρὰν
1546 4372 1807 4452 ἀπέχοντι
1877 4373 1972 4442 τῆς

2066 4381 2184 4435 tute
2202 4346 2346 4434 viris
2363 4371 2857 4435 consuetudinem
2876 4371 3160 4433 habuere.
3191 4370 3258 4433 In
3279 4371 3533 4452 quodam
3567 4391 3705 4435 vero

304 4461 468 4551 ἆγίας
515 4463 756 4542 πόλεως,
801 4465 898 4530 τὰς
940 4464 1084 4543 ἱερὰς
1126 4466 1224 4534 τῆς
1283 4463 1724 4544 Τεσσαρακοστῆς
1773 4464 1975 4542 ἡμέρας

2066 4481 2127 4525 ex
2151 4463 2270 4526 illis
2293 4464 2678 4538 monasterio,
2705 4463 2864 4544 quod
2887 4481 2922 4524 a
2941 4471 3144 4524 sancta
3172 4461 3406 4524 civitate
3430 4481 3548 4524 non
3582 4482 3711 4545 pro-

304 4562 600 4639 διήγάγον,
662 4555 718 4612 ἰν
771 4556 866 4621 αῖς
920 4557 1010 4613 καὶ
1081 4555 1370 4635 ὑπερφυεῖς
1427 4555 1635 4634 ἀγῶνας
1710 4552 1975 4618 ἐπιδειξά-

308 4672 473 4727 μενος
523 4649 552 4704 δ
597 4647 912 4724 Γρηγόριος,
946 4645 1215 4721 θαύματος
1256 4647 1352 4710 τὰς
1393 4648 1500 4702 τῶν
1553 4651 1814 4724 μοναχῶν
1856 4643 1977 4700 ἐνέ-

309 4738 490 4807 πλησε
533 4733 796 4799 διανοίας.
859 4736 1318 4814 Διορατικώτατον
1380 4733 1435 4790 δὲ
1503 4735 1564 4790 τὸ
1620 4733 1719 4802 τῆς
1791 4734 1978 4812 ψυχῆς

310 4827 470 4904 ὄμμα
529 4826 621 4885 καὶ
655 4827 986 4903 προφητικὸν
1046 4824 1192 4906 ἔχων
1236 4827 1265 4882 6
1323 4829 1424 4892 τῆς
1483 4828 1655 4899 μονῆς
1706 4829 1980 4902 προεστῶς

311 4920 382 4974 τὰ
463 4923 545 4991 τῷ
619 4915 894 4995 Γρηγορίῳ
975 4913 1337 4990 συμϐήσεσθαι
1416 4913 1683 4991 μέλλοντα
1739 4917 1982 4992 καθαρῶς

317 5008 466 5065 αὒτῶ
536 5002 959 5084 προδιαγορεύει,
1005 5006 1104 5074 τήν
1177 5027 1233 5061 τε
1306 5005 1439 5084 πρὸς
1510 5004 1604 5060 τόν
1669 5005 1981 5083 ἱεραρχικὸν

317 5100 462 5178 φημὶ
516 5097 702 5175 θρόνον
745 5092 1022 5168 ἀνάϐασιν,
1068 5095 1162 5152 καὶ
1218 5095 1342 5158 τοὺς
1406 5092 1784 5170 ἔκδεξαμένους
1827 5095 1984 5152 αὐτὸν

313 5189 507 5266 βαρεῖς
559 5207 618 5243 τε
668 5187 756 5243 καὶ
813 5181 1118 5249 πολυειδεῖς
1163 5185 1515 5264 πειρασμοὺς,
1564 5184 1690 5242 εἶτα
1737 5184 1827 5241 καὶ
1884 5184 1982 5252 τὴν

317 5278 393 5344 εἰς
448 5277 670 5356 ὕστερον
716 5279 814 5337 οὐκ
868 5273 1194 5354 ἀπαλλαγὴν
1257 5274 1430 5332 ὤτῶν
1483 5275 1668 5350 μονον,
1701 5273 1840 5331 ἀλλὰ
1899 5275 1986 5332 καὶ

312 5368 414 5437 τὴν
467 5367 671 5425 ἐκείνου
699 5366 956 5446 λαμπρὰν
1010 5364 1352 5444 ἀνακήρῦξιν,
1415 5356 1678 5422 ’Υπετίθει
1725 5362 1781 5420 δὲ
1842 5367 1985 5438 αὗτῷ

307 5460 399 5516 καὶ
455 5459 523 5516 τὰ
582 5455 798 5531 δέοντα,
842 5451 1109 5512 διδασκων
1159 5461 1237 5530 τῷ
1286 5459 1381 5514 τοῦ
1441 5461 1574 5515 Θεοῦ
1629 5451 1778 5535 φόϐῳ
1837 5475 1982 5512 στοι-

307 5551 590 5630 χειοῦσθαι
662 5546 991 5621 διαπαντὸς,
1066 5545 1153 5603 καὶ
1221 5545 1300 5622 μὴ
1383 5550 1453 5623 τῇ
1527 5545 1713 5603 ἑαυτοῦ
1783 5547 1978 5625 γνώσει

397 5725 426 5774 ε
452 5725 658 5796 Matth.
696 5746 763 5810 ι,
796 5727 905 5792 37.
997 5723 1032 5776 δ
1061 5722 1200 5792 Luc.
1243 5740 1362 5808 ιιν,
1395 5681 1496 5792 33.

2059 4555 2156 4617 cui
2180 4554 2616 4631 aberat,sacros
2638 4554 3117 4633 Quadragesimte
3134 4553 3568 4616 observationis
3586 4555 3716 4616 dies

2062 4663 2263 4724 egere,
2299 4644 2359 4706 in
2409 4645 2628 4722 quibus
2659 4644 2919 4706 eximius
2954 4642 3195 4724 juvenis
3226 4641 3548 4721 Gregorius
3600 4644 3717 4707 tale

2063 4736 2152 4792 sui
2179 4735 2546 4793 meditatione
2569 4749 2632 4790 ac
2646 4734 3058 4791 exercitatione
3072 4734 3277 4791 mentis
3303 4735 3714 4793 documentum

2065 4825 2336 4906 prtebuit,
2372 4836 2436 4888 ut
2464 4835 2669 4906 stupor
2691 4825 3116 4886 monachorum
3151 4832 3384 4886 mentes
3415 4826 3715 4908 opprime-

2066 4925 2176 4978 ret.
2203 4916 2396 4997 Atque
2419 4915 2661 4997 hospitii
2687 4933 2929 4994 praeses,
2955 4933 3089 4976 cutn
3121 4923 3283 4976 esset
3312 4916 3501 4977 oculis
3532 4917 3716 4980 animi

2067 5006 2404 5088 perspicax,
2436 5005 2701 5086 itemque
2733 5005 3038 5087 fatidicus,
3063 5022 3131 5066 ea
3165 5004 3366 5066 omnia
3395 5025 3527 5086 quae
3575 5006 3718 5070 Gre.

2066 5096 2229 5178 gorio
2276 5105 2634 5158 usuventura
2663 5104 2850 5174 erant,
2887 5095 3061 5173 longe
3093 5103 3229 5155 ante
3258 5094 3343 5157 illi
3404 5096 3719 5160 manifeste

2071 5186 2364 5268 praedixit,
2397 5204 2615 5268 nempe
2644 5186 2718 5247 ad
2748 5203 2976 5247 sacram
3009 5184 3170 5245 illam
3207 5185 3564 5266 pontiﬁciam
3612 5206 3716 5250 se-

2073 5277 2209 5340 dem
2263 5286 2638 5358 provectum,
2672 5293 2740 5338 ac
2794 5275 2994 5338 multis
3026 5274 3365 5351 insultibus,
3421 5276 3722 5359 variisque

2067 5367 2567 5449 impressionibus
2598 5365 2934 5447 impetitum
2959 5364 3058 5447 iri,
3083 5374 3361 5428 caeterum
3392 5386 3510 5429 non
3541 5367 3719 5433 modo

2066 5459 2141 5522 iis
2160 5456 2538 5520 liberandum
2563 5475 2720 5526 esse,
2749 5459 2857 5520 sed
2889 5457 3253 5520 luculentum
3281 5475 3348 5519 ac
3369 5455 3601 5538 insigne
3630 5458 3720 5520 fu-

2067 5559 2262 5615 turum
2285 5548 2418 5630 ejus
2440 5547 2829 5632 praeconium.
2862 5547 2992 5611 Mox
3015 5555 3416 5611 consentanea
3445 5545 3715 5630 quaedam
