4136 6416
432 317 545 386 199

1733 321 2014 386 MENSIS
2056 321 2501 387 NOVEMBER.

3689 317 3809 383 200

428 459 947 538 subdidit,docens
977 471 1253 543 oportere
1275 463 1516 524 omnino
1539 459 1703 522 illum
1735 457 1841 521 Dei
1865 457 2075 519 timore

2163 464 2443 541 φυσᾶσϐαι,
2499 461 2639 536 μήτε
2688 459 2798 535 μὴν
2857 463 3100 536 περιορᾷν
3150 456 3442 536 πένητα,ἥ
3502 478 3651 520 τινος
3705 463 3812 512 τῶν

427 551 656 614 institui
687 570 756 615 ac
787 551 1115 632 informari,
1153 571 1270 613 non
1331 557 1570 632 proprio
1606 567 1783 610 sensu
1819 547 2076 608 intume-

427 659 620 716 scere,
674 661 792 704 non
851 651 1256 724 paupertatem
1311 641 1666 720 despicere,
1723 657 1839 698 non
1901 636 2078 698 vilem

430 730 757 813 quemlibet
776 740 872 793 aut
895 730 1192 812 abjectum
1217 726 1702 810 deprimere,sed
1727 726 2082 788 aﬂlictiones

431 839 498 882 ac
527 820 754 884 futuras
807 823 1122 902 petitiones
1151 840 1318 902 isquo
1349 824 1545 881 animo
1593 818 1882 898 perferre.
1914 816 2076 878 Tali-

430 907 542 971 bus
573 910 812 972 monitis
843 909 1186 990 Gregorius,
1216 929 1332 970 non
1365 926 1537 970 secns
1576 926 1644 968 ac
1678 916 1833 968 terra
1866 905 2081 968 ferlilis

428 997 696 1079 irrigata,
730 1017 802 1061 ac
850 999 1099 1080 pulchra
1146 1005 1373 1059 semina
1399 996 1667 1078 jucunde
1717 995 2077 1078 suscipiens,

428 1085 741 1149 fecundam
774 1089 1004 1150 virtutis
1033 1088 1274 1150 aristam
1309 1086 1608 1168 producit.

509 1174 604 1240 IX.
640 1175 784 1240 Cum
821 1197 955 1240 vero
988 1178 1360 1240 ltebdomada
1405 1196 1519 1257 qua
1551 1177 1830 1239 Servator
1881 1173 2074 1236 crucis

427 1265 722 1346 supplicio
776 1276 866 1330 est
920 1268 1190 1332 affectus.
1226 1267 1593 1337 advenisset,
1629 1267 1755 1345 ipsa
1796 1265 1947 1326 duce
1978 1282 2075 1324 res

427 1355 808 1418 admirandas
842 1357 1039 1437 peragi
1072 1356 1238 1437 vidit,
1273 1375 1488 1438 nempe
1521 1356 1796 1418 homines
1834 1355 1892 1416 in
1926 1356 2075 1416 cmlo

425 1461 461 1506 a
513 1452 669 1508 terra
696 1446 878 1510 tolli:
934 1447 1082 1508 alios
1132 1447 1376 1527 quidem
1429 1446 1694 1507 instituto
1726 1465 1795 1506 ac
1843 1445 2078 1508 ratione

428 1533 863 1598 vivendiniltilo
887 1536 1114 1614 angelis
1136 1535 1470 1598 inferiores:
1507 1535 1654 1597 alios
1677 1535 1816 1596 item
1852 1535 1912 1596 in
1942 1553 2078 1596 cor-

429 1641 573 1705 pore
604 1626 980 1697 exsistentes,
1015 1625 1265 1708 perinde
1295 1644 1362 1687 ac
1410 1625 1540 1687 sine
1571 1643 1820 1704 corpore
1851 1631 2073 1698 essent,

428 1710 548 1774 cibi
597 1721 869 1794 expertes
901 1714 1142 1794 degere.
1190 1713 1411 1776 Fluxus
1469 1711 1612 1774 vidit
1660 1713 2072 1793 lacrymarum,

2164 551 2390 609 εὖτελῶν
2443 551 2874 628 κατεπαίρεσθαι,
2927 547 3064 605 ἀλλά
3111 551 3198 604 καί
3258 549 3318 603 τὸ
3368 545 3484 615 μεθ’
3536 545 3811 622 ὑπομονῆς

2163 639 2410 721 δέχεσθαι
2481 645 2602 704 τοὺς
2688 639 2980 714 μὲλλοντας
3053 638 3373 717 ὑπέρχεσθαι
3459 637 3806 713 πειρασμούς⁶

2163 735 2249 795 οἷς
2286 732 2311 786 ὁ
2365 732 2652 808 Γρηγόριος
2703 729 2884 805 ὥσπερ
2925 750 3005 791 τις
3039 726 3256 806 εῧερορος
3313 731 3384 802 γῆ
3423 724 3540 781 λίαν
3576 722 3810 801 ἀρδόμεο

2165 843 2275 900 νος,
2310 823 2396 877 καὶ
2447 821 2512 876 τὰ
2561 817 2696 876 καλὰ
2747 825 2854 876 τῶν
2903 817 3220 895 σπερμάτων
3269 813 3435 884 ἡδέως
3487 812 3806 894 δεχόμενος,

2163 916 2262 978 τῆς
2293 910 2486 990 ἀρετῆς
2517 907 2787 987 πολῦχουν
2819 906 3166 985 ἐκαρποφόρει
3200 907 3288 960 τὸν
3319 903 3576 984 ἄσταχυν,

2239 1179 2322 1242 Θ’,
2379 1181 2488 1244 Τῆς
2521 1176 2574 1233 δὲ
2611 1180 2704 1234 τοῦ
2754 1177 3015 1252 σωτηρίου
3065 1172 3257 1237 πάθους
3290 1171 3579 1249 ἓϐἒομάδος
3639 1195 3816 1230 κατα-

2158 1268 2443 1343 λαϐούσης,
2479 1269 2532 1325 ἒν
2588 1271 2621 1335 ἦ
2653 1266 2806 1344 διῆγε
2868 1268 3006 1342 μονῇ
3055 1263 3198 1321 εἶδεν
3229 1263 3468 1343 -Βπερφυὶ,
3520 1261 3816 1338 τελούμενα

2159 1361 2470 1439 πράγματα,
2535 1357 2677 1414 εἶδεν
2750 1357 3051 1434 ἀνθρώπους
3126 1355 3230 1410 ἀπό
3288 1360 3387 1431 γῆς
3454 1355 3527 1418 εἰς
3597 1355 3814 1431 οὐρανὸν

2161 1449 2468 1529 αἰρομένους
2507 1495 2523 1528 ,
2597 1445 2706 1504 εἶδε
2800 1445 3066 1501 πολιτείαν
3163 1441 3311 1500 οὐδὲν
3382 1450 3486 1498 τῶν
3571 1442 3815 1521 ἀγγέλων

2161 1539 2505 1617 ἀπεοικυῖαν,
2539 1535 2684 1594 εἶδεν
2733 1535 2937 1593 ἀσιτίαν
2976 1534 3029 1589 ἐν
3089 1537 3293 1608 σώματι
3347 1537 3453 1589 των
3515 1529 3817 1606 ἓσωμάτων

2160 1627 2354 1708 σχεδὸν
2427 1630 2521 1685 οὒκ
2592 1627 2922 1705 ἀπέχουσαν,
2987 1624 3186 1702 ἑώρακε
3247 1622 3482 1702 δακρύων
3552 1623 3817 1701 ῥεύματα²

2161 1726 2350 1798 μικροῦ
2393 1732 2505 1782 τοῖς
2551 1718 2767 1794 ῥείθροις
2818 1724 2922 1772 τῶν
2983 1722 3174 1791 πηγῶν
3225 1715 3606 1787 παρισούμενα.
3668 1711 3823 1786 Θέμ-

429 1800 682 1864 fontium
705 1802 831 1866 fere
864 1805 1113 1866 ﬂumina
1132 1803 1705 1884 superantesAtque
1728 1803 1808 1864 ita
1831 1809 2075 1882 stupore

2162 1806 2239 1864 ϐει
2292 1818 2416 1888 γοῦν
2469 1810 2757 1887 συσχεθεὶς
2807 1807 2994 1862 ἑαυτὴν
3046 1802 3388 1876 ἀπεκλαίετο,
3426 1804 3511 1859 καὶ
3564 1803 3662 1870 τὴν
3713 1805 3823 1876 ψυο

428 1891 730 1969 detentus,
770 1893 900 1975 ipse
936 1913 1001 1957 se
1031 1894 1401 1977 deplorabat,
1438 1903 1495 1954 et
1520 1895 1719 1954 animo
1757 1892 2076 1954 vehemen-

431 1990 525 2042 ter
553 1979 900 2060 angebatur.
934 1983 1043 2045 Hei
1074 1983 1245 2058 mihi,
1271 1983 1573 2063 inquiens,
1604 1982 1737 2062 quis
1753 2000 1883 2042 sum
1917 1999 2026 2059 ego
2049 1987 2076 2042 ?

427 2068 693 2142 Quonam
720 2089 829 2150 ego
854 2080 1023 2154 pacto
1043 2091 1176 2134 cum
1204 2072 1296 2134 his
1319 2073 1454 2133 viris
1470 2071 1574 2133 Dei
1595 2071 1822 2151 judicio
1840 2068 2079 2133 sistam?

426 2159 657 2223 Rursus
705 2160 918 2223 nolens
948 2161 1386 2244 desperationis
1428 2161 1718 2243 profundo
1763 2159 2070 2239 demergi:

427 2250 487 2313 Si
520 2248 832 2333 Dominus,
864 2251 1088 2333 aiebat,
1125 2271 1310 2333 prope
1341 2251 1507 2314 adest
1539 2251 1608 2313 iis
1643 2254 1742 2330 qui
1773 2250 2077 2312 confracto

425 2350 569 2404 sunt
598 2343 804 2424 corde,
835 2353 892 2405 et
915 2363 1040 2426 eos,
1067 2345 1172 2423 qui
1201 2345 1435 2424 dejecto
1469 2353 1608 2406 sunt
1639 2351 1862 2423 animo,
1891 2343 2080 2404 salvos

426 2432 595 2514 facit;
633 2440 829 2514 potest
861 2433 1068 2496 itidem
1122 2436 1282 2498 Deus
1312 2454 1406 2496 me
1451 2451 1692 2498 servare
1743 2453 1810 2494 ac
1845 2450 2079 2494 merce-

426 2521 586 2596 dem,
613 2541 730 2584 non
758 2525 929 2585 aliter
960 2531 1135 2603 atque
1166 2525 1262 2600 iis,
1290 2523 1390 2606 qui
1421 2523 1736 2586 undecima
1769 2524 1910 2584 hora
1943 2541 2078 2584 con-

426 2609 590 2672 ducti
643 2620 785 2676 sunt
824 2614 878 2694 5,
915 2615 1013 2694 qui
1043 2615 1290 2675 omnino
1349 2614 1495 2676 nihil
1553 2613 1756 2694 operis
1806 2621 2078 2690 egerunt,

425 2699 761 2782 impertire.
792 2701 962 2764 Hunc
996 2703 1177 2783 igitur
1206 2723 1340 2766 cum
1376 2705 1555 2767 etiam
1594 2702 1941 2777 monachus,
1977 2703 2081 2780 qui

425 2790 586 2852 hunc
616 2791 812 2872 ipsum
846 2792 988 2856 illuc
1020 2793 1373 2874 adduxerat,
1406 2796 1491 2856 sic
1540 2794 1796 2873 graviter
1824 2799 1954 2872 angi
1987 2801 2080 2878 at,-

425 2897 542 2961 que
593 2880 816 2943 tristari
844 2892 1186 2956 cernentes,
1215 2885 1647 2965 separationem
1679 2902 1712 2945 a
1754 2885 1933 2944 rebus
1967 2883 2080 2945 do-

420 2969 708 3046 mesticis,
742 2971 966 3034 doloris
989 2991 1118 3034 eam
1150 2973 1406 3053 ingentis
1425 2992 1663 3036 causam
1697 2973 1783 3034 illi
1810 2970 2080 3054 prmbere

418 3058 706 3140 suspicati
761 3073 917 3123 sunt.
956 3063 1162 3144 Itaque
1215 3064 1638 3126 consolatoriis
1668 3064 1835 3124 illum
1882 3062 2077 3126 verbis

417 3147 504 3210 sic
535 3149 944 3253 alloquuntur:
971 3151 1056 3214 Ne
1083 3154 1342 3253 tristere,
1373 3155 1665 3253 dicentes,
1701 3153 1806 3253 fili;
1831 3153 2072 3253 confidi-
2093 3199 2136 3253 ο

419 3256 552 3301 mus
585 3239 744 3301 enim
775 3239 922 3324 Deo,
957 3262 1075 3305 non
1113 3244 1302 3306 multo
1335 3253 1466 3324 post
1496 3244 1859 3306 domesticos
1893 3253 1947 3305 te
1979 3245 2074 3304 in-

420 3327 710 3409 visurum,
741 3331 1004 3413 satisque
1035 3341 1166 3395 voto
1197 3335 1489 3396 facturum
1525 3351 1678 3396 esse.
1713 3331 1898 3406 Quam
1933 3351 2070 3415 pro-

422 3418 518 3478 cttl
573 3419 717 3480 mihi
749 3421 1056 3503 videmini,
1088 3421 1292 3486 Patres
1353 3424 1490 3497 (illis
1520 3424 1762 3503 inquit),
1796 3442 1828 3484 τι
1882 3423 2078 3485 consi-

2161 1900 2272 1979 χὴν
2333 1896 2685 1978 συνετρίϐετο,
2734 1897 2922 1972 Οῗμοι,
2975 1894 3172 1973 λέγων,
3221 1896 3306 1960 τίς
3349 1894 3636 1974 γένωμαι,
3697 1898 3821 1956 πῶς

2161 1990 2296 2066 μετά
2340 2000 2538 2045 τούτων
2588 1989 2694 2044 τῶν
2747 1985 2947 2065 ἀνδρῶν
3020 1984 3072 2040 ἐν
3131 1984 3304 2062 ἡμέρᾳ
3361 1986 3579 2061 κρίσεως
3631 2004 3818 2058 παρα-

2162 2081 2430 2155 στήσομαι
2466 2101 2481 2157 ;
2517 2078 2666 2141 Αὖθις
2692 2074 2743 2131 δὲ
2795 2077 2873 2151 μὴ
2903 2075 3072 2132 ῢὲλων
3106 2075 3290 2130 ἑαυτὸν
3321 2078 3396 2147 τῷ
3437 2079 3533 2140 τῆς
3566 2072 3822 2150 ἀπογνώ-

2162 2190 2298 2232 σεως
2359 2170 2643 2244 ἐπαφεῖναι
2720 2167 2881 2244 βυθῷ,
2945 2161 3285 2242 μεταϐαλὼν,
3349 2161 3538 2240 Ἐγγὺς
3601 2163 3820 2241 Κύριος,

2163 2257 2337 2338 ἔλεγε,
2409 2271 2526 2322 τοῖς
2598 2257 3062 2332 συντετριμμένοις
3119 2260 3186 2331 τῇ
3255 2251 3464 2333 καρδίᾳ,
3531 2254 3617 2308 καὶ
3690 2253 3817 2318 τοὺς

2163 2349 2441 2414 ταπεινοὺς
2494 2354 2570 2422 τῷ
2606 2348 2863 2419 πνεύματι
2917 2345 3098 2404 σώσει.
3159 2345 3387 2405 Δυνατός
3439 2344 3580 2399 ἔστιν
3611 2345 3638 2398 ὁ
3686 2343 3823 2406 Θεὸς

2164 2439 2334 2496 σῶσαι
2407 2439 2548 2514 κάμὲ
2609 2439 2695 2493 καὶ
2753 2434 2927 2492 δοῦναι
2989 2437 3174 2510 μισθὸν
3230 2436 3302 2496 ὡς
3365 2447 3483 2497 τοῖς
3542 2433 3660 2510 περὶ
3717 2432 3825 2500 τὴν

2165 2527 2453 2595 ἑνδεκάτην
2523 2527 2664 2606 ὤραν
2735 2525 2882 2582 οὖδέν
2954 2523 3092 2588 ὅλως
3150 2524 3558 2602 ὶργασαμένοις,
3635 2521 3823 2586 Οῧτως

2165 2619 2252 2677 οὖν
2299 2621 2524 2696 ὁρῶντες
2567 2617 2724 2674 αὐτὸν
2775 2615 2990 2696 κατηφῆ
3037 2616 3129 2671 καί
3190 2612 3474 2693 περίλυπον
3532 2611 3560 2668 ὅ
3607 2634 3663 2669 τε
3717 2618 3822 2680 τῆς

2163 2710 2397 2784 ποίμνης
2456 2709 2652 2774 ταύτης
2731 2709 2936 2782 ποιμὴν
2994 2705 3020 2760 ὅ
3081 2726 3136 2760 τε
3197 2704 3305 2780 μὴν
3383 2704 3602 2782 αγαγὼν
3659 2705 3822 2760 αὑτὸν

2165 2799 2282 2856 ἐκεῖ
2312 2799 2580 2878 μοναχός,
2613 2798 2713 2864 τὴν
2743 2795 3030 2872 ἀπόλειψιν
3075 2797 3180 2852 τῶν
3231 2794 3437 2850 οἰκείων
3472 2793 3638 2849 αἰτίαν
3671 2794 3818 2850 εἶναι

2165 2889 2252 2944 καὶ
2312 2893 2407 2954 τῆς
2465 2887 2637 2952 λύπης
2684 2886 3020 2948 ὑπώπτευον,
3083 2885 3176 2949 Ὠς
3237 2881 3289 2939 δὲ
3344 2879 3408 2950 δὴ
3480 2883 3568 2938 καὶ
3623 2883 3820 2958 λόγους

2163 2981 2445 3057 πγοσῆγον
2502 2979 2643 3052 αὐτῷ
2682 2975 3105 3056 παρακλήσεως,
3154 2973 3241 3040 Μὴ
3298 2972 3486 3048 λυποῦ,
3540 2970 3818 3052 λέγοντες,

2159 3069 2368 3125 τέκνον
2437 3069 2757 3142 πιστεύομεν
2811 3068 2908 3144 γὰρ
2961 3073 3036 3140 τῷ
3099 3071 3214 3138 Θεῴ
3271 3066 3342 3126 ὡς
3403 3065 3464 3120 οὗ
3495 3064 3630 3139 μετά
3683 3066 3820 3120 πολὺ

2161 3159 2280 3223 τούς
2346 3179 2402 3214 τε
2475 3160 2694 3220 οἰκείους
2777 3155 3062 3235 ἀπολήψῃ,
3137 3156 3222 3210 καὶ
3289 3155 3653 3230 παραμυθήσει
3719 3155 3818 3207 τὸν

2161 3247 2351 3326 ἔρωτα,
2418 3245 2552 3304 Λλλ’
2609 3253 2765 3323 ὑμεῖς
2817 3268 2902 3326 γε,
2967 3261 3117 3302 εἶπεν
3178 3244 3405 3322 ἐκεῖνος,
3458 3244 3504 3299 ὦ
3555 3241 3811 3320 Πατέρες,

2159 3341 2246 3394 καὶ
2303 3339 2438 3395 πάνυ
2468 3359 2557 3413 μοι
2603 3335 2813 3395 δοκεῖτε
2844 3343 2940 3404 τῆς
2997 3336 3131 3410 ἐμῆς
3177 3335 3399 3411 γνώμης
3442 3335 3528 3390 καὶ
3585 3331 3816 3394 διανοίας

2160 3430 2337 3506 πόρρω
2395 3427 2616 3505 βαδίζιν.
2671 3425 2799 3485 Οὖδὲ
2879 3427 2979 3505 γὰρ
3050 3424 3132 3481 διὰ
3205 3436 3371 3484 ταῦτα
3445 3424 3649 3502 βαρέως
3709 3422 3824 3498 ἐγὼ

420 3505 518 3598 liis
545 3508 694 3570 meis
711 3509 1231 3594 aberrare.Neque
1254 3513 1414 3574 enim
1441 3514 1514 3574 iis
1534 3512 1609 3574 de
1633 3515 1829 3574 causis
1848 3513 2075 3592 atlligor

2162 3521 2325 3598 φέρω,
2360 3518 2439 3574 ὅτι
2471 3541 2562 3594 μοι
2609 3519 2686 3593 μὴ
2718 3519 2837 3581 τοὺς
2895 3516 3146 3578 τεκόντας
3181 3513 3317 3591 μηδὲ
3372 3515 3433 3570 τὸ
3463 3535 3562 3580 της
3619 3513 3824 3590 πατρί-

420 3597 645 3688 animo,
682 3617 899 3682 nempe
930 3619 1047 3664 non
1081 3601 1264 3665 licere
1291 3602 1436 3665 mihi
1470 3621 1588 3664 non
1622 3611 1922 3684 parentes,
1955 3622 2073 3665 non

2162 3597 2244 3672 θος
2305 3607 2495 3688 ἔδαφος
2547 3606 2712 3673 ἔξεστι
2771 3606 3015 3683 βλέπειν·
3049 3604 3160 3663 ἔστι
3220 3605 3319 3683 γάρ
3371 3625 3461 3680 μοι
3514 3604 3614 3680 πρὸ
3671 3602 3826 3659 πάν-

418 3687 644 3781 afllaes,
679 3707 799 3781 non
850 3690 1116 3768 denique
1161 3691 1414 3772 patrium
1468 3691 1660 3754 solum
1714 3693 1954 3769 intueri,
1988 3701 2075 3755 est

2162 3722 2287 3781 των,
2341 3699 2549 3776 μᾶλλον
2609 3697 2664 3756 δὲ
2718 3699 2834 3756 ἀντὶ
2902 3700 3117 3756 πάντων
3173 3698 3398 3771 τούτων,
3449 3697 3477 3752 ὁ
3538 3693 3626 3752 τοῦ
3685 3700 3830 3752 Θεοῦ

422 3776 581 3838 enim
615 3777 762 3871 mihi
798 3779 982 3842 instar
1007 3782 1220 3844 horum
1254 3781 1550 3860 omnium,
1575 3791 1751 3864 atque
1774 3784 1922 3846 adeo
1953 3783 2075 3864 plu-

2162 3776 2456 3871 ὀφθαλμὸς,
2502 3792 2634 3870 πρὸς
2691 3791 2750 3845 ὃν
2811 3791 2919 3868 ἐγὼ
2977 3787 3218 3866 βλέπων,
3252 3788 3339 3842 καὶ
3398 3783 3484 3864 ὑφ’
3537 3785 3596 3842 οὗ
3651 3784 3825 3843 πάλιν

419 3870 504 3928 ris
534 3868 769 3958 caeteris
803 3870 1320 3953 omnibus,oculus
1341 3873 1448 3935 Dei
1474 3873 1532 3933 in
1555 3890 1727 3953 quem
1751 3873 2075 3954 aspiciens,

2162 3868 2512 3958 βλεπόμενος,
2548 3868 2664 3948 -τὴν
2721 3877 3033 3955 ὀδυνωμένῳ
3095 3901 3183 3953 μοι
3241 3878 3647 3955 παραμυθοῦμαι
3706 3879 3828 3950 ψυ-

421 3965 482 4017 et
503 3955 587 4050 .ab
621 3959 748 4038 ipso
779 3959 1108 4040 inspectus,
1136 3961 1366 4025 tristem
1397 3981 1466 4024 ac
1497 3963 1774 4024 amictum
1803 3963 2075 4025 consolor

2162 3955 2234 4025 ἓν
2336 3955 2746 4026 ίνληέκοό
2995 3969 3112 4024 ’ό
3286 3964 3438 4021 νλν
3644 3964 3668 3984 ν

2163 3995 2293 4050 ΑΝ.
2379 3983 2415 4028 Α
2460 3989 2489 4026 Α
2599 3991 2712 4026 κείν
2777 3992 2868 4045 μοι
2925 3991 3082 4043 καιμ
3117 3990 3205 4026 νον
3250 3989 3348 4035 της
3413 3987 3552 4032 υπης
3607 3987 3821 4043 αιτιον,

420 4044 713 4123 animum,
741 4049 845 4111 sed
882 4051 1027 4112 nihil
1059 4051 1134 4114 de
1165 4051 1326 4114 illius
1370 4053 1668 4116 sententia
1700 4053 1894 4132 egisse
1925 4073 2074 4115 con-

2162 4044 2236 4116 ότι
2297 4058 2462 4135 μηδὲν
2521 4044 3020 4136 ἐμαυτὸνγσύνοιδα
3067 4059 3201 4113 κατά
3253 4058 3313 4113 τὸ
3344 4057 3542 4112 ἑκείνου
3601 4054 3825 4132 θέλημα

419 4137 606 4198 scium
621 4155 808 4231 esse,
828 4140 942 4231 hoc
975 4142 1146 4218 mihi,
1179 4143 1363 4220 idque
1401 4141 1899 4218 totum,moeroris
1928 4163 2071 4206 cau-

2162 4147 2372 4231 δράσας,
2400 4149 2515 4206 ἐπεὶ
2571 4149 2650 4206 τοί
2694 4169 2753 4226 γε
2813 4146 2893 4204 ὅτι
2939 4150 3088 4221 τόπῳ
3140 4154 3244 4204 τῶν
3273 4147 3407 4203 κατά
3452 4146 3619 4226 σάρκα
3675 4168 3818 4224 γεν-

419 4242 542 4317 sam
575 4225 770 4292 affert.
794 4229 945 4292 Nam
977 4231 1136 4312 quod
1169 4231 1242 4294 ab
1275 4232 1551 4294 humanis
1583 4233 1933 4311 parentibus
1972 4233 2072 4295 ab-

2162 4241 2395 4315 νητόρων
2447 4238 2742 4317 διείργομα,
2777 4245 2964 4317 μικροῦ
3017 4235 3117 4293 δέω
3166 4238 3339 4315 λέγειν
3389 4234 3470 4292 ὅτι
3525 4237 3611 4293 καὶ
3666 4235 3814 4307 ἥδο-

417 4315 530 4376 sim
573 4317 807 4396 (parum
841 4320 1047 4383 dicere
1074 4323 1337 4400 vereor),
1359 4323 1452 4384 his
1481 4322 1554 4384 ad
1578 4322 2071 4400 consequendum

2162 4350 2252 4404 μαι
2305 4328 2533 4404 μᾶλλον,
2569 4327 2707 4386 οὕτω
2760 4327 3146 4395 πεπλουτηκὼς
3192 4329 3264 4390 ὡς
3324 4328 3417 4384 τὸν
3463 4328 3582 4381 θεὸν
3643 4326 3819 4402 μόνον

419 4413 646 4499 patrem
689 4407 878 4470 Deum
903 4410 1133 4499 divitiis
1163 4413 1520 4488 cumulatus,
1552 4419 1738 4492 magis
1767 4413 1946 4474 etiam
1976 4413 2074 4475 lae-

2162 4421 2449 4499 εὐτυχῆσαι
2507 4419 2732 4496 πατέρα,
2769 4415 2928 4480 Ἀλλ’
2976 4417 3223 4497 εὔχεσθαι
3268 4418 3430 4492 μόνον
3475 4414 3658 4492 δέομαι
3704 4421 3818 4485 τῆς

421 4505 537 4559 tor.
591 4493 977 4560 Verumenim
1009 4519 1256 4564 necesse
1299 4502 1514 4576 habeo,
1553 4513 1619 4566 ut
1655 4521 1756 4565 vos
1792 4503 1945 4584 (quae
1979 4522 2072 4565 ve-

2162 4493 2319 4584 ὕμῶῙί
2353 4493 2655 4588 ἁγιότητος.
2693 4509 2824 4586 ὑπὲρ
2881 4513 2980 4575 τῆς
3038 4493 3176 4584 ἰνμῆς
3238 4505 3507 4571 ἀσθενείας
3569 4507 3652 4563 καὶ
3713 4529 3820 4584 με-

421 4593 543 4646 stra
575 4595 665 4648 est
704 4588 985 4678 sanctitas
1016 4596 1144 4672 (pro
1204 4570 1610 4655 imbecillilate
1638 4612 1707 4655 ac
1741 4570 2072 4656 humilitate

2162 4600 2460 4677 τριότητος,
2506 4597 2686 4662 Οῧτως
2732 4598 2973 4662 εἰπόντος
3005 4609 3099 4657 τοῦ
3146 4598 3438 4678 Γρηγορίου
3485 4597 3620 4673 μετά
3677 4597 3822 4654 πολο

420 4693 549 4737 mea
571 4676 776 4740 oretis.
794 4677 930 4742 Haec
943 4679 1423 4762 Graagoriuscum
1445 4682 1726 4745 exanimo
1745 4685 2073 4763 intimaque

2162 4676 2252 4757 λῆς
2313 4690 2410 4754 τῆς
2465 4689 2602 4746 κατά
2661 4696 2870 4765 πνεῦμα
2925 4676 3235 4764 συνέσεως-,⁸
3267 4676 3361 4744 οὒκ
3412 4686 3487 4743 ἔτι
3547 4685 3815 4766 πρόσὲθε-

421 4766 786 4860 conscientia
815 4768 1082 4847 dixisset,
1117 4790 1236 4834 non
1267 4791 1404 4836 eum
1440 4773 1696 4854 amplius
1738 4771 1825 4835 illi
1855 4792 2071 4838 conso-

2162 4801 2251 4835 σαν
2310 4780 2456 4836 αὐτοὶ
2512 4781 2818 4860 παραινεῖν,
2853 4785 2929 4855 τῷ
2971 4783 3057 4836 καὶ
3088 4778 3269 4844 ἄλλοις
3319 4793 3602 4859 παραινεῖν
3659 4776 3818 4854 μᾶλ-

420 4854 530 4950 lari
587 4863 724 4918 sunt
780 4860 1028 4950 egressi,
1076 4862 1314 4942 quando
1371 4863 1500 4944 ipse
1549 4860 1785 4926 abunde
1828 4864 2068 4946 quidem

2162 4869 2244 4926 λον
2278 4870 2474 4935 ἱκανῶς
2507 4869 2687 4950 ἔχοντι
2699 4918 2713 4934 ,

419 4944 569 5008 alios
601 4948 899 5013 consolari
933 4969 1110 5030 posse
1139 4952 1461 5016 videretur.

499 5034 571 5129 Χ.
604 5039 756 5129 Cum
785 5057 924 5103 vero
947 5041 1076 5104 dies
1105 5043 1208 5104 illa
1238 5043 1472 5106 dierum
1504 5041 1770 5106 omnium
1803 5063 1872 5108 ac
1903 5045 2068 5110 cele-

2236 5048 2302 5113 l'.
2345 5051 2448 5117 Τῆς
2507 5050 2561 5106 δὲ
2615 5050 2794 5128 κυρίας
2845 5050 2932 5108 καὶ
2990 5049 3210 5129 πρώτης
3241 5046 3646 5118 καταλαϐούσης
3701 5049 3819 5110 τῶν

420 5123 702 5188 britatum
733 5127 905 5192 facile
957 5130 1260 5213 princeps.
1295 5150 1409 5212 qua
1439 5133 1710 5197 Christus
1741 5134 1816 5196 ad
1860 5132 2070 5197 inferis

420 5215 730 5306 excitatus,
766 5217 1029 5282 humano
1059 5221 1266 5301 generi
1295 5223 1466 5284 vitam
1490 5224 1676 5299 dedit,
1704 5224 2065 5306 advenisset,

419 5305 732 5368 confestim
760 5326 974 5373 omnes
998 5329 1116 5372 una
1145 5330 1280 5374 cum
1314 5313 1568 5393 praeside
1598 5314 1899 5392 monachi,
1927 5305 2070 5378 Gre-

419 5400 586 5473 gorio
645 5395 812 5474 item,
871 5418 941 5462 ac
999 5398 1186 5464 tribus
1247 5400 1364 5464 illis
1414 5401 1553 5464 viris
1610 5403 1946 5481 comitibus,
2008 5410 2071 5467 in

418 5493 684 5551 sanctam
732 5487 1030 5553 civitatem
1058 5491 1486 5558 ascenderunt.
1521 5491 1704 5557 Porro
1736 5513 1871 5558 cum
1898 5494 2068 5558 illum

500 5663 706 5733 ‘Psal.
741 5683 917 5750 xxxv,
951 5668 1052 5736 tt.
1134 5672 1168 5724 ὅ
1195 5670 1405 5735 Matth.
1434 5688 1536 5751 xx,
1572 5674 1674 5736 19.

2151 5139 2367 5219 ἡμερῶν
2420 5139 2532 5216 ἅμα
2565 5142 2652 5198 καὶ
2684 5140 2904 5220 ἑορτῶν,
2941 5141 2974 5208 ἡ
3024 5140 3303 5220 ζωηφόρος
3367 5139 3499 5208 αὕτη
3532 5144 3628 5211 τῆς
3673 5146 3818 5221 Χρι-

2152 5236 2278 5286 στοῦ
2335 5228 2704 5305 ἀναστάσεως,
2751 5231 2897 5295 ειζ-οὺς
2950 5229 3005 5286 οἳ
3060 5251 3118 5287 τε
3177 5233 3410 5311 μοναχοὶ
3469 5231 3662 5296 πάντες
3717 5232 3818 5289 σὺν

2151 5319 2261 5396 ἅμα
2292 5319 2368 5395 τῷ
2423 5328 2718 5399 προεστῶτι
2752 5313 3027 5400 Γρήγορίῳ
3055 5343 3112 5379 τε
3163 5323 3251 5379 καὶ
3303 5335 3419 5385 τοῖς
3453 5322 3618 5400 τρισὶν
3660 5320 3814 5378 ἑκεί-

2153 5433 2260 5476 νοις
2314 5407 2587 5491 ἀνδράσιν,
2621 5413 2693 5477 εἰς
2733 5413 2834 5480 τὴν
2876 5413 3029 5491 ἁγίαν
3073 5411 3382 5492 ἀνήρχοντο
3425 5409 3607 5473 πόλιν.
3653 5409 3815 5474 Ἐπεὶ

2152 5497 2208 5558 δὲ
2244 5500 2333 5558 καὶ
2376 5502 2448 5565 εἷς
2506 5501 2607 5570 τὴν
2661 5503 2816 5583 ἁγίαν
2878 5501 3121 5571 εἰσῆλθον
3172 5503 3484 5579 ἀνάστασιν,
3537 5502 3626 5561 καὶ
3683 5504 3814 5572 τοὺς
