4136 6410
305 299 412 369 201

1355 305 1541 381 VITA
1584 309 1646 380 S.
1693 309 2065 380 GREGORII
2105 313 2654 386 AGBIGENTINI.

3571 309 3699 383 202'

299 440 492 508 ἄλλους
518 445 620 532 τῷν
671 444 830 524 ἱερῶν
890 444 1188 526 περιῆλθον
1242 446 1433 513 τόπους
1474 446 1564 504 καὶ
1613 447 1946 526 προσεκύνη-

2054 466 2252 528 ocum,
2276 451 2378 514 ubi
2403 451 2674 516 Christus
2693 469 2726 512 a
2752 457 2946 512 morte
2967 449 3282 513 suscitatus
3313 457 3426 532 est,
3452 451 3691 514 introis-

303 553 421 604 σαν,
483 531 846 609 ἠγαλλιάσατο
920 536 1028 604 τὴν
1099 536 1287 616 ψυχὴν
1343 538 1371 592 ὁ
1427 539 1572 600 θεῖος
1644 538 1954 616 Γρηγόριος,

299 620 515 700 πλήρης
567 643 626 680 τε
682 623 962 700 θαύματος
1017 625 1254 692 κατέστη
1314 625 1411 682 καῗ
1466 623 1664 692 ἡδονῆς
1715 625 1811 693 τὴν
1843 627 1960 702 περὶ

301 711 422 772 τοὺς
452 708 648 786 ὕμνους
695 713 784 770 καὶ
845 715 944 778 τας
1006 713 1151 777 θείας
1201 710 1340 787 ᾠδάς
1391 715 1498 770 τῶν
1553 715 1734 770 ἒκεϊσε
1786 714 1960 772 κατά-

302 819 486 854 στασιν
537 801 896 877 θεασάμενος,
966 803 1059 859 καὶ
1129 799 1277 859 οὐδὲν
1347 799 1592 881 ἀγγέλων
1657 801 1960 876 ἂπᾴδουσαν

298 888 444 944 εἶναι
477 889 727 964 νομίσας.
763 898 853 965 Τῷ
907 892 1323 971 ἀρχιεπισκόπῳ
1377 893 1452 958 εἰς
1504 890 1714 967 ὁμιλίαν
1773 891 1960 949 ἐλθόν-

293 997 387 1042 τες
418 977 707 1050 ξενίζονται
739 980 871 1059 παρ’
924 982 1097 1055 αὗτῷ,
1163 982 1251 1038 καὶ
1309 981 1409 1048 τῆς
1468 981 1707 1060 ῲθρινῆς
1776 981 1964 1045 αὒτοϊς

295 1066 639 1136 τελεσθείσης
678 1069 1014 1148 δοξολογίας,
1063 1073 1136 1133 ὡς
1187 1069 1478 1145 εἰθισμένον
1538 1069 1669 1150 ἐστὶ,
1725 1074 1962 1150 προκαθ-

307 1157 447 1231 ίσας,
507 1159 730 1223 τούτους
787 1158 992 1232 ἐκάλει,
1058 1158 1298 1238 πρώτους
1355 1158 1782 1235 ἀσπασομένους,
1855 1157 1964 1216 εἶθ’

304 1244 454 1322 ἑξῆς,
513 1247 641 1311 τοὺς
700 1247 1026 1314 ἐπισκόπους
1084 1249 1172 1304 καὶ
1221 1247 1505 1325 κληρικοὺς
1555 1247 1651 1304 καῖ
1696 1249 1817 1312 τοὺς
1859 1247 1962 1305 ἄλ-

295 1333 426 1399 λους
485 1341 598 1392 τῶν
659 1337 1073 1415 συμπαρόντων,
1132 1335 1315 1394 ἐκεῖνά
1369 1357 1428 1394 τε
1471 1335 1811 1406 συλλαλήσας
1865 1341 1962 1395 αὖ·

294 1438 448 1503 τοῖς,
485 1424 587 1482 ὅσα
623 1427 680 1481 τὸ
729 1424 916 1496 κέρδος
973 1424 1092 1482 οἶδε
1150 1424 1326 1505 φέρειν
1382 1428 1457 1490 εἰς
1513 1426 1612 1492 τὴν
1660 1426 1865 1506 ψυχὴν,
1901 1427 1963 1482 τὸ

301 1514 405 1588 μὲν
465 1511 658 1571 λοιπὸν
713 1513 942 1591 ἅθρισμα
993 1513 1129 1591 λύει,
1180 1517 1272 1572 τὸν
1311 1513 1583 1592 ἀγαγόντα
1613 1513 1668 1570 δὲ
1693 1515 1784 1571 τὸν
1814 1521 1960 1591 Γρη-

300 1603 492 1680 γόριον
540 1603 1052 1681 προσκαλεσάμενος
1108 1604 1352 1684 μοναχὸν
1383 1605 1471 1660 καὶ
1501 1605 1623 1668 τοὺς
1670 1603 1762 1659 σὺν
1792 1604 1960 1678 αὐτῷ,

305 1693 555 1772 Χαίροις,
625 1695 778 1772 Κύριε
841 1695 1046 1773 Μάρκε,
1109 1693 1259 1774 φησί·
1323 1694 1484 1750 πόθεν
1551 1692 1652 1773 ἄρα
1722 1717 1802 1751 σοι
1874 1695 1962 1751 καὶ

312 1784 442 1858 πρὸς
499 1783 645 1857 ἡμᾶς
702 1783 862 1852 ἦκται
924 1786 951 1838 ὁ
1010 1789 1105 1840 τοῦ
1158 1789 1290 1840 Θεοῦ
1331 1780 1514 1848 δοῦλος
1550 1781 1843 1862 Γρηγόριος
1873 1785 2025 1858 min

319 1872 467 1943 πόθῳ
516 1873 848 1949 θερμοτάτῳ,
909 1873 1036 1936 τοὺς
1086 1872 1379 1948 σωτηρίους
1430 1870 1552 1951 ἄρτι
1601 1873 1795 1936 τόπους
1829 1894 1963 1929 κατ-

322 1958 608 2039 ειληφὼς;
663 1963 757 2020 Καὶ
800 1964 829 2018 ὁ
874 1963 1148 2041 μοναχὸς,
1191 1961 1307 2041 Οὖχ
1349 1961 1513 2036 ἡμεῖς
1543 1968 1753 2034 τοῦτον,
1785 1961 1966 2037 εἶπεν,

317 2048 444 2104 ἀλλ’
476 2053 505 2106 ὁ
533 2051 746 2127 Χριστὸς
778 2048 976 2131 ἤγαγε,
1040 2049 1294 2126 δέσποτα,
1345 2051 1434 2108 καὶ
1490 2052 1526 2119 ἡ
1578 2051 1648 2118 σὴ
1697 2051 1848 2126 τιμία
1877 2050 1970 2106 εὖ·

311 2137 416 2216 χῆ.
482 2138 810 2218 Ἐκπλαγείς
867 2138 923 2195 δὲ
981 2141 1010 2197 ὁ
1067 2141 1360 2218 Γρηγόριος
1414 2139 1504 2197 imi
1555 2148 1650 2199 τοῦ
1708 2140 1968 2216 ὀνόματος

305 2228 507 2296 κλήσει
566 2229 727 2285 αὐτοῦ
756 2248 812 2284 τε
867 2229 956 2285 καὶ
1011 2238 1107 2288 τοῦ
1163 2234 1410 2308 μοναχοῦ
1465 2229 1702 2309 Μάρκου,
1767 2226 1972 2287 οὐδέπω

300 2317 405 2394 γὰρ
471 2315 643 2374 οὐδενὶ
698 2324 808 2374 τῶν
861 2323 962 2386 τῆς
1022 2318 1180 2396 ἁγίας
1232 2317 1441 2382 πόλεως
1496 2316 1866 2398 ἔδηλώθησαν,
1901 2323 1970 2386 τῆ

310 2403 445 2482 ἄκρᾳ
507 2405 655 2464 αἰδοῖ
704 2428 762 2463 τε
819 2409 908 2464 καὶ
966 2405 1201 2484 συστολῇ
1243 2415 1320 2482 μή
1351 2405 1630 2484 τολμήσας
1663 2407 1864 2487 ἕρεσθαί
1893 2431 1966 2482 τι,

315 2494 456 2559 ὲνεὸς
490 2496 756 2565 εἱστήκει.
790 2498 928 2554 Εἶτα
984 2496 1076 2552 καὶ
1109 2495 1232 2560 τοὺς
1274 2495 1482 2576 ἑτέρους
1537 2494 1625 2554 δύο
1672 2503 1777 2554 τῶν
1809 2495 1970 2553 ἁδελ-

314 2583 421 2661 φῶν
451 2585 713 2663 ιρωνήσας
768 2586 798 2640 ὁ
833 2582 1200 2664 πατριάρχης,
1259 2583 1416 2664 Κύριε
1473 2581 1612 2640 ἆϐϐἆ
1667 2586 1966 2664 Σεραπίων,

310 2670 486 2751 λέγει,
545 2675 638 2730 καὶ
694 2673 780 2750 σὺ,
845 2673 1003 2750 Κύριε
1060 2672 1300 2754 Δεόντιε,
1356 2675 1520 2754 χάριν
1566 2673 1682 2754 ἔχω
1732 2681 1848 2750 Θεῷ
1896 2682 1972 2750 τῷ

308 2758 697 2841 διαφωτίσαντι
769 2761 865 2826 τὰς
933 2761 1193 2841 ὑμετέρας
1250 2763 1454 2843 ψυχὰς,
1519 2764 1756 2820 τοιοῦτον
1813 2760 1972 2844 ἄνδρα

313 2850 434 2926 μεθ’
492 2852 672 2928 ὑμῶν,
733 2851 808 2916 εἰς
867 2850 993 2916 τοὺς
1051 2851 1233 2929 ἁγίους
1285 2849 1468 2910 τούσδε
1533 2851 1971 2932 συμπαραλαϐεῖν

316 2939 538 3021 τόπους,
575 2939 718 2998 οὕτω
748 2939 870 3015 μὲν,
924 2937 1296 3005 ἆποστολικῶς
1352 2941 1537 3022 φάναι,
1586 2946 1664 2998 τῶ
1711 2944 1969 3018 πνεύματι

319 3032 524 3111 ζέοντα,
586 3030 687 3088 καΐ
743 3037 820 3099 τῷ
878 3033 1039 3110 κυρίῳ
1095 3029 1427 3107 δουλεύοντα,
1463 3031 1602 3090 οὕτω
1631 3029 1686 3088 δὲ
1739 3039 1968 3110 πρόσευ-

315 3126 424 3200 χῆς
505 3120 742 3197 ἀμώμου
822 3121 912 3177 καὶ
986 3121 1440 3200 μετριοφροσύνης
1521 3119 1967 3197 ἐπιμελούμενον

2042 549 2171 600 sent
2186 587 2201 620 ,
2216 549 2546 622 cmteraque
2571 540 2702 602 loca
2727 539 3195 620 perlustrassent
3217 557 3286 602 ac
3315 539 3686 616 adorassent,

2040 627 2112 687 D.
2146 629 2470 709 Gregorius
2500 629 2702 691 animo
2733 627 3122 707 gloriabatur,
3157 647 3229 690 ac
3271 636 3393 691 tum
3423 628 3692 691 admira-

2042 715 2227 790 tione,
2281 726 2404 780 tum
2465 717 2766 799 voluptate
2814 717 3057 798 plenus,
3090 735 3388 782 summum
3421 717 3595 781 illum
3630 717 3692 780 in

2045 806 2281 883 hymnis
2311 825 2382 869 ac
2416 806 2630 870 divinis
2679 805 2955 869 cantibus
3003 806 3277 870 ordinem
3324 814 3502 887 atque
3541 824 3691 870 con-

2045 901 2282 956 centum
2319 896 2586 972 intuitus,
2640 895 2791 957 nihil
2846 895 3013 957 illum
3063 894 3136 957 ab
3189 897 3417 974 angelis
3463 894 3694 959 discre-

2047 999 2188 1062 pare
2243 984 2520 1046 credidit.
2581 982 2842 1047 Proinde
2897 1002 3032 1046 cum
3084 984 3146 1045 in
3175 985 3248 1047 D.
3293 983 3529 1048 Macarii
3557 985 3693 1066 epi-

2049 1071 2214 1151 scopi
2264 1091 2656 1153 congressum
2716 1082 2895 1154 atque
2944 1073 3311 1154 colloquium
3360 1075 3689 1156 venissent,

2049 1160 2202 1240 apud
2235 1161 2404 1225 illum
2437 1163 2833 1225 diversantur.
2871 1163 3136 1244 Cumque
3173 1161 3260 1224 illi
3289 1181 3525 1226 summo
3561 1183 3694 1230 ma-.

2047 1266 2124 1310 ne
2173 1247 2359 1312 Deum
2427 1256 2547 1331 (qui
2605 1259 2927 1332 perpetuus
2984 1259 3074 1312 est
3125 1251 3244 1314 illis
3295 1257 3446 1331 mos)
3474 1252 3696 1316 illustri

2047 1335 2220 1398 laude
2249 1338 2677 1419 cumulassent,
2715 1340 2824 1401 hos
2867 1339 3143 1401 residens
3199 1342 3530 1418 accersivit,
3565 1343 3693 1423 pri-

2048 1444 2332 1508 mumque
2353 1427 2810 1508 illos,deinceps
2835 1429 3146 1510 episcopos
3168 1447 3237 1490 ac
3253 1430 3528 1509 clericos,
3545 1431 3695 1494 alios

2046 1515 2324 1596 item,qui
2352 1524 2678 1596 praesentes
2705 1517 3282 1594 aderant,osculatos
3300 1521 3698 1583 communiter

2046 1623 2117 1666 ea
2148 1615 2240 1666 est
2268 1605 2586 1688 allocutus,
2610 1625 2744 1688 quae
2764 1607 2964 1669 animo
2996 1607 3160 1670 novit
3181 1608 3492 1673 utilitatem
3514 1611 3697 1674 affer-

2043 1711 2146 1757 re:
2177 1713 2246 1756 ac
2274 1712 2406 1756 mox
2423 1696 2655 1777 reliqua
2681 1696 2930 1759 dimissa
2953 1696 3693 1774 multitudine,accersito-

2047 1800 2163 1862 que
2201 1784 2518 1872 monacho,
2544 1803 2613 1848 ac
2641 1785 2714 1847 iis
2736 1786 2836 1866 qui
2865 1785 3035 1848 illum
3066 1786 3529 1853 adduxerant:Si
3553 1809 3697 1872 per-

2053 1879 2233 1952 petuo
2262 1871 2488 1945 laetere,
2505 1873 2716 1956 inquit,
2736 1876 2939 1939 Marce
2954 1874 3152 1952 Pater,
3178 1877 3478 1940 undenam
3502 1871 3697 1943 tecum

2051 1960 2124 2022 ad
2157 1979 2267 2022 nos
2299 1963 2626 2042 Gregorius
2656 1966 2764 2028 Dei
2795 1982 3002 2026 servus
3031 1965 3155 2040 ivit,
3191 1969 3290 2046 qui
3339 1968 3466 2030 loca
3493 1968 3701 2034 isthaec

2053 2049 2340 2114 salutaria
2374 2070 2567 2132 nuper
2595 2051 2826 2115 adivit?
2867 2053 2980 2115 Cui
3009 2055 3370 2118 monachus:
3404 2057 3535 2119 Non
3565 2077 3698 2135 nos,

2054 2139 2270 2219 inquit,
2305 2138 2511 2217 istum,
2543 2141 2648 2203 sed
2672 2141 2966 2217 Christus,
2996 2158 3032 2207 ο
3059 2145 3253 2218 Pater,
3277 2151 3496 2226 tuaque
3515 2148 3699 2211 adve-

2054 2228 2141 2291 xit
2171 2228 2458 2309 precatio.
2481 2227 2701 2292 Verum
2726 2229 3046 2311 Gregorius
3071 2231 3286 2296 timore
3299 2236 3608 2314 perculsus
3621 2238 3698 2300 ob

2054 2319 2146 2380 sui
2205 2337 2272 2380 ac
2331 2319 2518 2382 Marci
2576 2319 2857 2383 monachi
2911 2320 3372 2402 appellationem
3423 2330 3702 2400 (necdum

2056 2407 2215 2470 enim
2249 2407 2506 2488 cuipiam
2561 2417 2782 2473 sanctae
2845 2410 3100 2474 civitatis
3127 2409 3562 2497 innotuerant),
3597 2435 3704 2478 ru-

2053 2505 2194 2563 bore
2214 2519 2355 2564 sane
2377 2518 2446 2563 ac
2476 2506 2873 2566 moderatione
2891 2508 3139 2579 quadam
3160 2510 3341 2566 animi
3363 2507 3508 2567 nihil
3531 2511 3707 2584 quid-

2055 2603 2229 2665 quam
2262 2603 2439 2648 ausus
2473 2585 2662 2664 loqui,
2698 2586 3065 2668 stupefactus
3116 2589 3416 2655 manebat.
3472 2593 3706 2655 Deinde

2055 2674 2204 2736 duos
2218 2674 2367 2736 alios
2384 2674 2596 2738 fratres
2615 2676 2949 2756 patriarcha
2966 2677 3070 2740 ille
3081 2678 3700 2758 appellans,Domine,

2055 2762 2160 2838 ait,
2194 2762 2347 2825 abba
2378 2765 2784 2846 Serapion,ac
2819 2773 2880 2828 tu
2904 2767 3120 2829 Leonti
3138 2768 3336 2840 Pater,
3359 2770 3578 2848 gratias
3597 2789 3705 2850 ago

2052 2850 2204 2928 Deo,
2232 2853 2331 2933 qui
2376 2861 2604 2916 vestros
2629 2854 2863 2916 animos
2893 2854 3272 2934 illuminavit,
3308 2859 3486 2921 talem
3516 2865 3706 2921 virum

2053 2940 2128 3002 ad
2159 2949 2366 3004 sancta
2394 2942 2602 3004 isthaec
2635 2943 2766 3005 loca
2795 2942 3098 3007 vobiscum
3131 2963 3464 3024 assumere,
3495 2947 3707 3028 spiritu

2053 3029 2294 3110 quidem
2359 3032 2744 3112 tutApostoli
2804 3050 2969 3094 more
3007 3032 3285 3114 loquarB)
3341 3035 3694 3114 ferventem,

2055 3121 2430 3201 temporique
2454 3121 2842 3193 servientem,
2872 3123 3221 3184 emaculatis
3241 3130 3530 3204 praeterea
3557 3142 3697 3204 pre-

307 3209 424 3268 οὐδὲ
488 3211 592 3288 γὰρ
653 3209 1021 3289 ἀποκρύψεται
1065 3207 1158 3289 ἀφ’
1208 3208 1364 3286 ἡμῶν
1395 3211 1463 3268 τὰ
1506 3209 1621 3267 κατ’
1653 3211 1833 3270 αὐτόν·
1866 3210 1967 3278 δῆ-

2055 3207 2225 3270 cibus
2255 3227 2323 3270 ac
2357 3208 2488 3271 vitae
2510 3209 2868 3272 innocentiae
2887 3209 3097 3272 sedulo
3123 3213 3701 3292 studentem.Neque

303 3298 376 3356 λα
432 3297 490 3355 δὲ
540 3301 632 3357 καὶ
689 3300 822 3375 δμϊν
881 3297 1051 3356 ἔσται’
1115 3298 1336 3377 ἐροῦμεν
1368 3301 1469 3380 γὰρ
1495 3301 1612 3380 περὶ
1643 3300 1843 3375 αὐτῶν,
1877 3301 1970 3356 εὖ-

303 3390 458 3447 θέτου
513 3389 780 3469 τυχόντες
839 3395 1047 3465 καιροῦ.
1105 3387 1249 3468 ⁰Ωρα
1304 3387 1360 3445 δὲ
1406 3385 1500 3450 ’νῦν
1550 3389 1648 3459 τὴν
1706 3390 1848 3448 θείαν
1885 3389 1972 3449 καὶ

311 3477 576 3554 μυστικὴν
603 3476 902 3558 ἱερουργίαν
931 3482 1010 3552 τῷ
1042 3478 1210 3557 Κυρίῳ
1238 3478 1638 3559 προσαγαγεῖν.

415 3742 523 3802 μ’.
573 3751 738 3803 ταῦτα
783 3745 949 3803 εἰπὼν
990 3746 1121 3820 πρὸς
1176 3745 1267 3802 τὸν
1321 3745 1461 3823 ἱερὸν
1497 3746 1655 3815 ἀπήει
1682 3746 1830 3822 ναὸν,
1864 3745 1964 3812 τὴν

331 3831 471 3910 ἱερὰν
521 3832 873 3914 λειτουργείαν
924 3833 1273 3898 ὶπιτελέσων,
1331 3833 1508 3904 "Enn
1564 3835 1737 3893 δὲκαὶ
1767 3837 1796 3892 ὁ
1825 3838 1964 3898 θειος

319 3925 608 4004 Γρηγόριος
661 3924 716 3982 ἐν
777 3922 920 3997 δεξιᾷ
971 3933 1065 3984 τοῦ
1117 3921 1386 4001 ἄμϐωνος,
1448 3924 1794 3990 κελεύσαντος
1826 3923 1965 3982 οὕτω

312 4019 406 4070 τοῦ
462 4013 799 4094 παριάρχου.
857 4011 1072 4081 Πολλῆς
1124 4009 1180 4070 δὲ
1245 4014 1403 4074 αὐτὸν
1473 4012 1802 4081 κατανύξεως
1870 4015 1964 4070 καί

309 4102 435 4160 τότε
498 4100 857 4171 διαλαϐούσης
911 4102 1103 4162 ἵστατο
1160 4103 1307 4160 κάτω
1352 4103 1512 4162 νεύων
1559 4104 1648 4161 καὶ
1694 4103 1966 4176 ποταμοὺς

2054 3297 2217 3360 enim
2251 3317 2358 3360 nos
2380 3299 2511 3378 ejus
2541 3299 2672 3362 vitae
2695 3299 2987 3362 rationem
3012 3300 3113 3362 diu
3145 3300 3356 3364 celavit
3381 3301 3694 3380 Dominus,

2054 3395 2122 3450 ut
2152 3387 2280 3450 haec
2311 3387 2478 3450 vobis
2515 3389 2740 3469 pariter
2771 3388 3086 3451 manifesta
3109 3391 3346 3472 tierent,
3381 3390 3454 3452 de
3483 3391 3701 3469 quibus

2053 3485 2392 3559 opportuno
2409 3477 2662 3541 fortasse
2687 3486 2961 3560 tempore
2979 3478 3270 3546 dicemus.
3295 3482 3478 3543 Instat
3502 3489 3700 3543 autem

2046 3584 2229 3643 nunc,
2262 3573 2324 3628 ut
2351 3566 2623 3630 divinum
2655 3576 2721 3630 ei:
2749 3585 3035 3631 arcanum
3060 3569 3422 3632 sacrificium
3446 3569 3702 3634 Domino

2046 3654 2449 3720 celebremus.

2129 3742 2227 3808 XI.
2260 3746 2403 3809 Haec
2435 3744 2536 3808 ille
2557 3745 2824 3824 locutus,
2849 3746 3138 3827 templum
3165 3765 3424 3826 sacrum,
3447 3767 3576 3811 rem
3603 3749 3701 3812 di-

2045 3834 2242 3900 vinam
2275 3835 2939 3917 facturus,petit.Porro
2964 3838 3093 3916 ipse
3121 3855 3360 3920 quoque
3377 3839 3550 3902 divus
3563 3840 3705 3902 Gre-

2047 3923 2247 4002 gorius
2275 3928 2337 3986 in
2369 3924 2574 3986 dextro
2607 3924 2812 3986 altaris
2845 3925 3056 4002 latere,
3083 3925 3421 4006 patriarcha
3440 3928 3526 3990 sic
3547 3947 3700 4010 prie-

2048 4011 2332 4093 cipiente,
2355 4011 2603 4076 astabat.
2629 4012 2922 4094 Pleraque
2945 4032 3085 4076 vero
3109 4015 3241 4094 ejus
3263 4016 3527 4079 animum
3563 4036 3701 4098 per-

2050 4100 2384 4165 turbatione
2415 4103 2712 4164 subeunte
2735 4114 3097 4180 commotus,
3129 4105 3288 4166 inira
3323 4106 3550 4186 positus
3579 4107 3699 4168 mi-

308 4189 552 4270 δακρύων
607 4199 718 4249 τῶν
778 4190 1068 4272 ὀφθαλμῶν
1120 4191 1315 4274 ἀφιεὶς.
1373 4192 1555 4257 Οὕτως
1622 4191 1712 4249 οὗν
1784 4191 1967 4272 ἔχοντι

2053 4189 2364 4268 nistrabat,
2397 4191 2644 4254 ﬂumina
2674 4191 2910 4254 interim
2949 4193 3350 4273 lacrymarum
3381 4193 3456 4256 ab
3508 4195 3700 4258 oculis

305 4281 616 4361 Γρηγορίῳ,
678 4281 768 4338 καὶ
823 4282 1084 4358 πνεύματι
1132 4281 1508 4346 ταπεινώσεως
1562 4279 1806 4361 ἀκριϐοῦς
1842 4277 1967 4338 θαλ-

2052 4279 2390 4344 eii‘undens.
2457 4281 2728 4362 Cumque
2777 4279 2858 4342 ita
2903 4299 3038 4343 sese
3072 4280 3396 4361 Gregorius
3425 4282 3694 4359 haberet,

305 4370 558 4448 πομένῳ,
623 4367 760 4438 δῆλα
810 4371 900 4427 καὶ
955 4378 1048 4428 τοῦ
1095 4371 1434 4452 πατριάρχου
1491 4371 1691 4450 γίνεται
1740 4371 1829 4428 καὶ
1865 4370 1967 4438 τὴν

2051 4369 2306 4448 ingentis
2327 4367 2513 4432 animi
2531 4369 2880 4431 humilitatis
2903 4370 3112 4450 spiritu
3134 4372 3693 4446 inflammatus,om-

307 4459 736 4532 ἰπισκιάζουσαν
788 4461 946 4518 αὐτὸν
1001 4461 1161 4541 χάριν
1228 4470 1321 4520 τοῦ
1391 4460 1586 4540 ἀγαθοῦ
1657 4460 1965 4536 Πνεύματος

2053 4457 2153 4522 nia
2182 4458 2529 4540 patriarchae
2561 4458 2812 4522 consilia
2841 4458 3050 4521 habuit
3079 4460 3378 4541 explorata
3429 4469 3490 4525 et
3512 4460 3698 4542 Spiri-

307 4527 561 4630 tanta;
599 4548 876 4630 ἐθεάσατο,
939 4527 1044 4614 «δέ’
1068 4527 1156 4607 καὶ
1200 4527 1452 4615 πολλοῖς,
1475 4551 1549 4615 εἰς
1598 4527 1812 4630 ὓστερον
1843 4547 1967 4616 διη-

2052 4556 2147 4610 tus
2177 4527 2367 4610 sancti
2397 4551 2644 4626 gratiam
2677 4548 2873 4630 ipsum
2903 4527 3385 4632 adumbrhntem,
3409 4559 3472 4612 ut
3492 4527 3702 4632 pleris-

310 4640 544 4718 γῆσατο.
605 4641 696 4703 Εἷς
748 4648 875 4719 γοῦν
926 4640 1025 4709 τὴν
1073 4639 1352 4720 ἰπιοῦσαν,
1406 4642 1434 4696 ὃ
1477 4641 1722 4721 μοναχὸς
1755 4640 1968 4720 Μάρκος

311 4729 525 4790 ἰόεττου
585 4735 681 4787 τοῦ
736 4730 1164 4810 ἆρχιεπισκὸπου
1223 4729 1381 4788 αὐτόν
1439 4750 1496 4788 τε
1551 4732 1640 4787 καὶ
1695 4731 1816 4792 τοὺς
1878 4730 1969 4787 σὺν

313 4819 461 4894 αὗτῷ
519 4819 798 4899 μοναχοίις
848 4818 1192 4900 ἀποπέμψαι,
1253 4819 1393 4877 ὥστε
1449 4832 1569 4883 τοῖς
1621 4818 1800 4876 ἐκεῖσε
1838 4841 1967 4876 συν-

312 4909 570 4974 τάξασθαι
632 4907 912 4989 ἀδελφοῖς,
972 4911 1060 4967 καὶ
1117 4908 1256 4966 οὕτω
1310 4913 1411 4977 τῆς
1471 4905 1655 4965 οἴκαδε
1706 4909 1968 4988 φερούσῖις

313 4995 686 5060 ἐπιλαϐέσθαι.
749 4998 847 5057 Καὶ
903 4998 1102 5078 γίνεται
1161 5007 1321 5058 τοῦτο
1377 4997 1516 5056 κατὰ
1558 4998 1658 5065 τὴν
1691 5001 1847 5057 αὐτοῦ
1875 4998 1968 5054 θέ-

316 5086 483 5155 λησιν
539 5088 1080 5167 προσεπισκήῴαντος
1135 5110 1229 5145 του
1285 5086 1736 5169 ἆρχιεπισκόπου,
1804 5087 1968 5167 μέχρι

309 5180 411 5243 τῆς
478 5179 677 5243 καινῆς
743 5175 1012 5256 Κυριακῆς
1082 5175 1228 5241 αὖθις
1285 5175 1597 5234 ἐπανελθεῖν
1654 5177 1728 5239 ὡς
1785 5177 1964 5240 αὒτόν.

307 5266 408 5324 Καὶ
439 5264 608 5340 οὕτω,
650 5267 834 5345 φησὶν,
872 5263 1059 5322 οἴκαδε
1089 5267 1501 5346 ’τιιορευθήιιεσθε⁹
1552 5267 1717 5323 ταῦτα
1746 5263 1802 5322 δὲ
1832 5264 1968 5334 δῆλα

302 5359 381 5430 τῷ
441 5356 722 5436 Γρηγορίῳ
776 5354 979 5422 ἥκιστα
1033 5355 1120 5436 ἦν’
1150 5353 1266 5415 οὐδὲ
1325 5356 1427 5436 γὰρ
1474 5360 1759 5436 συμπαρῆν
1808 5377 1967 5425 τηνι-

303 5451 478 5504 καῦτα
531 5457 653 5510 τοῖς
711 5457 1013 5526 μοναχοϊς,
1090 5435 1183 5508 ιΩς
1257 5435 1347 5503 οὖν
1413 5447 1614 5506 ἒκιϊνοι
1664 5435 1781 5515 τῆς
1847 5445 1968 5508 ὁδοῦ

387 5605 626 5674 380m.
668 5608 910 5685 1:11,“.
1003 5699 1010 5704 ι
1296 5697 1302 5705 ⁸

544 5735 808 5805 ΡΑτΙιοΙι.
850 5721 972 5803 ΕΒ.
1020 5730 1232 5797 CXVI.

2051 4656 2170 4717 que
2199 4637 2302 4699 ille
2331 4637 2552 4700 secutis
2584 4637 2958 4718 temporibus
3009 4640 3329 4719 enarravit,
3391 4640 3701 4705 evidenter

2050 4726 2218 4790 vidit.
2249 4725 2545 4788 Postridie
2567 4726 2749 4806 igitur
2770 4729 2900 4808 ejus
2941 4725 3058 4790 diei
3109 4729 3344 4792 Marcus
3374 4729 3702 4793 monachus

2049 4815 2563 4898 archiepiscopum
2588 4817 2966 4897 precabatur,
2995 4826 3056 4880 ut
3078 4837 3165 4900 se,
3198 4837 3267 4882 ac
3288 4819 3388 4900 qui
3411 4839 3544 4882 cum
3569 4819 3700 4900 ipso

2052 4913 2248 4987 erant,
2282 4905 2608 4967 monachos
2641 4907 2854 4968 missos
2883 4907 3130 4990 faceret,
3163 4927 3282 4987 quo
3309 4927 3444 4971 cum
3471 4911 3704 4973 caeteris

2052 4994 2176 5058 illic
2195 4994 2516 5076 agentibus
2545 4995 2829 5058 fratribus
2851 4996 3180 5060 institutam
3207 4999 3378 5061 vitam
3407 5017 3702 5078 sequere-

2051 5094 2171 5163 tur,
2228 5093 2288 5148 et
2338 5084 2419 5147 ita
2448 5092 2612 5148 recta
2635 5086 2879 5149 domum
2903 5087 3118 5168 abiret,
3150 5107 3285 5151 cum
3311 5089 3368 5151 id
3392 5089 3578 5152 nihilo
3599 5108 3701 5152 se-

2052 5179 2182 5241 cius
2211 5195 2288 5240 ne
2317 5178 2613 5242 sententia
2625 5197 2692 5242 ac
2712 5179 3015 5244 voluntate
3039 5180 3200 5243 illius
3216 5181 3346 5244 ﬁeri
3369 5180 3702 5245 velletJioc

2051 5268 2172 5330 illis
2203 5286 2340 5331 cum
2373 5269 2870 5350 archiepiscopus
2904 5270 3246 5350 petentibus
3274 5271 3703 5346 annuisset,ad

2049 5375 2268 5420 novum
2297 5375 2432 5421 sese
2448 5357 2826 5421 Dominicum
2853 5359 3013 5421 diem
3038 5379 3386 5424 reversuros
3409 5360 3703 5443 pollicen-

2050 5445 2234 5530 tibus,
2287 5447 2584 5529 proﬁcisci
2631 5447 2876 5512 domum
2909 5449 3242 5532 imperavit.
3289 5449 3512 5516 Verum
3568 5467 3704 5512 cum

3273 5739 3314 5809 7
