4136 6414
403 313 519 382 203

1709 313 1990 382 MENSIS
2030 306 2471 380 NOVEMBER.

3658 300 3777 373 204

403 451 531 513 haec
582 450 1042 533 haudquaquam
1105 445 1396 529 Gregorio
1456 460 1767 533 perspecta
1824 454 2049 524 essent,

2155 447 2364 526 ἴψαντο,
2438 449 2936 526 μετακαλεσάμενος
3007 447 3036 504 ὁ
3095 445 3370 533 ΜακάριοςΔ
3418 444 3511 533 τδν
3563 445 3781 533 Γρηγό..

407 540 563 620 quod
595 541 646 601 is
678 530 800 603 tum
830 530 1137 603 monachis
1157 559 1419 621 prmsens
1440 530 1558 602 non
1578 530 1650 604 ad
1671 541 2043 621 fuisset,cum

2155 560 2263 613 ιον,
2319 537 2487 594 ταῦτά
2547 559 2604 594 τε
2663 538 2820 595 αὐτὸν
2878 536 3082 616 φράζει,
3139 534 3226 590 καὶ
3270 530 3437 608 μηδὲν
3467 531 3552 588 ἐπὶ
3577 532 3785 596 τούτοις

406 629 493 691 illi
525 647 657 691 sese
694 631 797 691 viae
827 630 1160 710 dedissent,
1209 632 1497 693 Macarius
1547 631 1898 710 Gregorium
1947 647 2049 690 ac~

2155 631 2418 693 ινιαθῆναι
2477 627 2643 705 λέγει,
2707 639 2907 707 ταχεῖα
2963 626 3063 703 γὰρ
3119 625 3208 680 καὶ
3265 621 3392 678 ὅσον
3458 622 3606 678 οὔπω
3666 633 3786 710 τοῖς

409 717 672 799 cersivit,
709 718 906 798 eique,
941 737 1072 800 quae
1094 726 1260 797 gesta
1293 727 1517 796 essent,
1553 718 1857 792 edisserit;
1885 715 2051 778 addit

411 808 617 882 etiam,
651 808 811 869 nulla
840 808 1036 887 ipsum
1061 807 1136 869 ob
1166 808 1226 869 id
1260 809 1528 871 molestia
1548 809 1704 870 allici
1735 813 2048 888 oportere;

2136 713 2390 795 ἀδελφοῖς
2449 719 2484 785 ἡ
2541 715 2817 779 ἐπάνοδος.
2884 722 2971 790 Τῷ
3027 712 3082 770 δὲ
3136 712 3419 769 ἀκούσαντι
3469 711 3656 788 πικρὸν
3687 709 3788 785 μὲν

2135 803 2304 862 ἐδόκει
2353 812 2413 862 τὸ
2444 805 2660 864 ἐκείνων
2713 804 2851 870 ὅλως
2910 803 3311 884 ἀπὸληφθῆναι,
3373 798 3548 857 ποδῶν
3596 797 3650 855 δὲ
3700 799 3792 855 καὶ

412 904 701 958 maturam
734 885 891 958 enim
923 897 1168 957 fratrum
1207 896 1566 959 reditionem
1600 916 1670 958 ac
1702 885 2050 978 propediem

2155 895 2397 972 γονάτων·
2432 895 2592 954 αὐτοῦ
2645 895 2951 968 ἁπτόμενος
3008 890 3257 971 ἔνδακρυς
3317 887 3628 967 παρεκάλει,
3700 885 3790 944 καὶ

413 984 563 1047 fore.
589 984 756 1057 Quod
788 985 889 1045 ubi
913 1003 977 1046 se
1006 985 1127 1046 illis
1159 985 1505 1048 destitutum
1538 987 1610 1047 iri
1638 986 1900 1062 rescivit,
1927 1001 2056 1045 mo-

416 1072 733 1134 lestissime
764 1072 917 1134 tulit.
953 1074 1028 1135 At
1059 1081 1179 1134 tum
1213 1092 1367 1154 sese,
1404 1074 1754 1155 lacrymans,
1794 1074 1955 1135 illius
1981 1070 2058 1135 ad

415 1161 602 1241 pedes
633 1181 699 1223 ac
729 1181 922 1241 genua
953 1162 1228 1243 projecit,
1281 1163 1568 1244 illumque
1610 1163 1958 1226 hortabatur
1987 1178 2055 1222 ac

415 1249 641 1333 orabat,
675 1269 740 1312 se
773 1250 1016 1312 ubinam
1047 1251 1130 1312 illi
1163 1259 1452 1314 terrarum
1488 1260 1711 1327 essent,
1749 1252 2050 1314 edoceret.

419 1337 834 1418 (Existimabat
885 1341 1071 1415 enim,
1133 1339 1266 1402 illos
1327 1342 1534 1421 procul
1595 1341 1806 1403 alocis
1835 1339 2056 1403 sanctis

416 1427 682 1508 abiisse.)
717 1429 824 1492 [lle
872 1447 1014 1492 vero
1047 1447 1166 1490 non
1200 1429 1331 1509 plus
1363 1429 1568 1508 viginti
1597 1430 1802 1493 stadiis
1837 1432 2054 1493 Roma-

2136 985 2249 1058 ἅμα
2318 988 2508 1060 μαθεῖν
2579 983 2754 1042 ἐδεῖτο
2820 984 3092 1045 ποδαποὺς
3165 982 3310 1037 εἶναι
3378 980 3501 1043 τοὺς
3573 975 3785 1060 ἄνδρας·

2139 1057 2273 1146 ᾤετο
2322 1057 2423 1152 γὰρ
2475 1074 2662 1138 αὐτοὺς
2715 1073 2777 1130 ἐκ
2826 1078 2932 1129 τῶν
2963 1073 3128 1150 ἁγίων
3158 1071 3440 1148 ὡρμῆσθαι
3491 1068 3694 1128 τόπων.
3732 1057 3794 1122 Ὀ

2138 1160 2191 1218 δὲ
2252 1167 2350 1230 τῆς
2413 1154 2684 1239 Ῥωμαίων
2747 1162 2846 1237 μὲν
2903 1161 3102 1240 ἔφησεν
3162 1163 3328 1238 εἶναι,
3392 1157 3452 1213 ἐκ
3508 1156 3700 1231 κώμης
3737 1155 3801 1210 οὗ

2137 1251 2299 1308 πλέον
2345 1251 2380 1319 ἢ
2437 1250 2672 1316 σταδίους
2718 1251 2891 1308 εἴκοσι
2940 1256 3040 1318 τῆς
3084 1247 3295 1310 πόλεως
3336 1246 3675 1326 ἀπεχούσης,
3709 1243 3800 1322 ἐφ’

2138 1341 2206 1408 ἢν
2261 1339 2384 1397 ὅσοι
2443 1341 2588 1397 οὔπω
2643 1344 2730 1398 καὶ
2776 1339 2993 1415 μέλλειν
3045 1338 3232 1402 αὖτοὺς
3265 1334 3579 1415 ἀφικέσθαι.
3614 1329 3799 1400 Μηδὲν

2140 1428 2206 1497 δὴ
2262 1429 2482 1506 παρῄνει
2543 1430 2657 1508 περὶ
2706 1428 2864 1485 αότὸν
2917 1427 3227 1502 δεδοικέναι,
3284 1423 3419 1500 μηδέ
3472 1428 3580 1480 τῶν
3617 1424 3797 1501 εὐχῶν

418 1534 657 1599 norum,
691 1519 882 1579 vicum
916 1539 948 1579 a
979 1517 1214 1580 civitate
1245 1518 1414 1600 dixit,
1447 1518 1669 1581 distare
1688 1539 1804 1600 quo
1839 1538 1957 1581 non
1981 1520 2064 1581 ita

2155 1523 2314 1578 αὒτῶν
2376 1519 2605 1589 ἐλπίζειν
2683 1517 3191 1597 ἀπολειφθήσεσθαι·
3251 1512 3493 1570 ὶόεϐαίου
3564 1512 3663 1590 γάρ
3723 1511 3799 1572 ὡς

420 1605 651 1686 pridem
678 1605 811 1667 illos
831 1605 1175 1687 pervenisse
1197 1607 1392 1669 simile
1409 1607 1530 1669 veri
1552 1617 1678 1671 erat
1705 1627 1717 1670 :
1745 1620 2063 1688 propterea

2155 1613 2206 1667 οὗ
2264 1609 2520 1686 πρότερον
2575 1608 2801 1684 ἅψονται
2858 1611 2956 1676 τῆς
3016 1605 3138 1664 ὁδοῦ
3183 1605 3378 1670 ταύτης
3424 1603 3546 1681 πρὶν
3597 1600 3659 1656 ἂν
3710 1601 3804 1656 καὶ

419 1703 567 1760 nihil
587 1703 656 1761 de
672 1703 792 1761 illis
803 1703 1116 1762 sollicitum
1134 1720 1278 1774 esse,
1294 1719 1482 1777 neque
1493 1708 1678 1764 vereri
1693 1721 1817 1763 sese
1833 1706 2066 1764 illorum

2155 1697 2293 1763 αὖθις
2363 1699 2494 1776 πρὸς
2570 1698 2726 1754 αὒτὸν
2777 1695 3160 1755 ἐπανέλθωσιν.
3236 1701 3413 1752 Ταῦτα
3489 1693 3676 1771 εἰπὼν,
3735 1691 3800 1746 τὸ

423 1783 702 1864 precibus
733 1785 1080 1861 cariturum,
1134 1785 1434 1846 monebat.
1482 1785 1881 1858 Quamobrem
1909 1788 2065 1849 bono

2155 1786 2288 1844 πολὺ
2320 1793 2419 1854 τῆς
2474 1785 2649 1854 λύπης
2705 1785 3008 1864 παρείλετο,
3061 1787 3150 1842 καὶ
3211 1788 3278 1861 ἦν
3333 1783 3395 1840 τὰ
3453 1783 3590 1858 μετὰ
3645 1782 3804 1838 τοῦτο

421 1873 623 1935 animo
651 1873 819 1936 illum
853 1891 986 1936 esse
1009 1873 1660 1956 jussit,spoponditque
1685 1895 1804 1938 non
1836 1894 1902 1938 se
1933 1875 2069 1939 illos

2155 1873 2478 1954 παρεδρεύων
2507 1883 2584 1951 τῷ
2614 1877 3029 1954 ἀρχιεπισκόπῳ
3067 1873 3120 1930 ἓν
3185 1893 3240 1930 τε
3291 1884 3414 1934 ταῖς
3471 1881 3814 1949 προσευχαῖς

422 1961 588 2042 prius
619 1961 757 2024 huic
787 1961 995 2024 itineri
1050 1962 1378 2038 dedituros,
1434 1983 1611 2044 quam
1664 1965 1737 2026 ad
1779 1983 1844 2026 se
1875 1965 2070 2026 denuo

2155 1965 2246 2023 καί
2305 1966 2431 2031 ταῖς
2494 1964 2759 2039 συνάξεσι,
2822 1968 2911 2020 καὶ
2965 1967 3038 2028 ὡς
3094 1965 3168 2028 εἷς
3216 1960 3522 2040 ἀρχέτυπον
3551 1960 3644 2016 τὸν
3675 1957 3822 2014 ἑκεί-

421 2058 815 2113 revertantur.
855 2052 968 2124 Qui
993 2070 1128 2114 cum
1165 2060 1322 2116 esset
1346 2053 1506 2115 hunc
1536 2053 1596 2115 in
1622 2053 1864 2116 modum
1900 2055 2070 2118 locu-

2155 2077 2244 2112 νου
2275 2056 2386 2132 βίον
2445 2057 2606 2134 ὁρῶν,
2665 2057 2753 2111 καί
2809 2053 2934 2112 ὅλον
2991 2052 3116 2131 παρ’
3149 2053 3322 2126 ἑαυτῷ
3351 2048 3656 2130 φιλοπόνως
3690 2045 3814 2113 ἐξαο

428 2149 542 2220 tus,
581 2141 832 2202 multum
865 2141 967 2202 ille
1003 2141 1078 2202 de
1109 2141 1317 2204 dolore
1345 2143 1601 2218 remisit,
1635 2151 1695 2205 et
1726 2143 1943 2206 exinde
1971 2163 2072 2207 ar-

2155 2144 2525 2224 κριϐούμενος.

426 2229 804 2311 chiepiscopo
835 2239 958 2291 tum
988 2233 1048 2290 in
1082 2231 1381 2310 precibus,
1417 2239 1540 2294 tum
1573 2233 1638 2294 in
1675 2233 1864 2295 sacris
1899 2234 2154 2299 coetibu
2183 2232 2629 2296 adhaerescebat
2659 2251 2676 2293 :
2710 2246 3087 2312 cernensque
3117 2229 3252 2309 ejus
3279 2232 3478 2305 vitam,
3510 2225 3593 2289 uti
3625 2224 3824 2308 quod-

428 2318 562 2380 dam
596 2317 824 2381 virtutis
853 2320 1178 2398 exemplar,
1213 2320 1374 2382 illam
1403 2322 1558 2401 apud
1591 2340 1655 2384 se
1685 2323 1894 2385 sedulo
1925 2341 1992 2386 ac
2024 2325 2351 2405 diligenter
2381 2321 2756 2385 observabat.

510 2406 643 2471 ΧΠ.
661 2409 810 2470 Cum
833 2426 970 2470 vero
983 2408 1115 2470 dies
1128 2410 1366 2471 Domini
1386 2410 1694 2489 proximus
1711 2411 2072 2490 advenisset,

2155 2401 2162 2404 ν
2246 2412 2349 2477 lB'.
2407 2419 2516 2480 Τῆς
2577 2411 2631 2468 δὲ
2662 2415 2852 2479 καινῆς
2908 2406 3313 2475 καταλαϐούσης
3375 2410 3662 2486 Κυριαιιης,
3728 2401 3824 2463 καὶ

434 2497 736 2575 monachi,
772 2506 836 2560 ut
865 2497 1222 2576 imperatum
1247 2497 1371 2558 illis
1390 2499 1604 2574 fuerat,
1630 2510 1841 2580 praesto
1867 2499 2072 2565 fuere:

2163 2505 2211 2560 oi
2260 2503 2494 2581 μοναχοὶ
2546 2501 2683 2558 κατά
2743 2501 2804 2556 τὸ
2863 2499 3155 2580 ἐπιταχθὲν
3200 2500 3474 2574 παρῆσαν·
3507 2495 3594 2560 οὓς
3637 2495 3756 2552 επεὶ
3788 2497 3820 2551 ὁ

438 2604 586 2666 quos
616 2605 751 2648 cum
783 2585 853 2647 D.
889 2587 1211 2664 Gregorius
1240 2586 1406 2664 vidit,
1440 2587 1605 2649 omni
1643 2590 1946 2670 voluptate
1973 2608 2078 2653 re-

435 2674 621 2736 fertus
651 2681 762 2751 est,
795 2693 864 2736 ac
894 2682 1075 2736 totam
1105 2673 1267 2735 illam
1301 2683 1539 2738 noctem
1590 2695 1708 2740 una
1764 2696 1903 2740 cum
1961 2678 2077 2741 illis

433 2765 775 2826 insomnem
811 2764 1073 2844 pertulit,
1111 2763 1391 2844 precibus
1438 2765 1584 2826 item
1615 2784 1684 2827 ac
1712 2767 1987 2848 lacrymis
2016 2773 2077 2830 in

437 2854 668 2915 fervore
696 2855 938 2933 spiritus
963 2853 1269 2930 insistens,
1305 2873 1410 2935 pro
1443 2873 1508 2918 se
1532 2864 1732 2919 sancte
1757 2856 2076 2919 Dominum

439 2941 867 3019 obtestabatur,
924 2943 1013 3005 uti
1075 2943 1524 3006 exercitationis
1576 2963 1646 3007 ac
1677 2945 2078 3008 meditationis

2161 2595 2305 2655 θεῖος
2337 2590 2448 2648 εἶδε
2489 2591 2805 2669 Γρηγόριος,
2857 2589 3036 2656 πάσης
3069 2608 3127 2644 τε
3172 2584 3368 2655 ἡδονῆς
3421 2583 3690 2662 ἐπλήσθη,
3723 2585 3820 2642 καὶ

2161 2681 2285 2760 παρ’
2348 2677 2484 2749 δ’λην
2543 2679 2750 2747 έκείνην
2806 2681 2906 2746 τὴν
2959 2677 3120 2736 νύκτα
3169 2679 3330 2744 συνῆν
3373 2674 3560 2739 αὐτοῖς
3591 2672 3820 2752 διακαρ-

2159 2776 2326 2848 τερῶν
2386 2770 2579 2833 ἄυπνος
2634 2771 2722 2827 καὶ
2775 2767 2985 2838 δεήσεις
3059 2765 3193 2841 μετά
3249 2767 3446 2843 θερμοῦ
3509 2763 3818 2840 πνεύματος

2161 2861 2248 2917 καὶ
2303 2857 2536 2939 δακρύων
2593 2857 2878 2938 προσάγων
2937 2855 3324 2935 ὑπερεύχεσθαί
3373 2875 3432 2910 τε
3483 2854 3668 2934 αὖτοῦ,
3707 2877 3820 2911 κα·-

2161 2947 2271 3014 λῶς
2323 2951 2414 3008 τὸν
2483 2949 2585 3018 τῆς
2651 2946 2936 3014 ἀσκήσεως
2993 2943 3234 3003 διανύσαι
3309 2941 3500 3024 δρόμον
3566 2945 3653 3000 καὶ
3726 2941 3828 3001 τού

439 3030 609 3091 istius
637 3049 876 3092 cursum
910 3031 1248 3111 perliceret,
1285 3032 1549 3114 ipsisque
1578 3033 1985 3096 haereditatem
2011 3051 2072 3096 ac

2167 3039 2366 3118 κλήρου
2394 3039 2482 3097 καὶ
2509 3043 2607 3105 τῆς
2638 3034 2849 3116 μερίδος
2897 3038 3081 3100 αὗτοῒς
3108 3036 3463 3101 κοινωνῆσαι.
3497 3031 3618 3090 Εἶθ’
3649 3031 3827 3096 οὕτως

441 3129 674 3200 partem
729 3121 1217 3183 communicaret.
1251 3120 1481 3184 Deinde
1531 3123 1612 3184 ita
1641 3123 1818 3185 simul
1848 3141 2072 3185 summo

2167 3129 2279 3204 ἄμα
2339 3129 2479 3208 πρωί
2541 3129 2783 3205 πρόσεισι
2841 3132 2920 3200 τῷ
2987 3123 3406 3205 ἀρχιεπισκόπῳ
3473 3123 3502 3179 ὀ
3576 3122 3819 3196 Μάρκος,

441 3227 615 3298 mane
645 3209 1162 3291 archiepiscopum
1198 3209 1427 3273 Marcus
1457 3211 1601 3294 adit,
1635 3213 1888 3294 ejusque
1909 3213 2072 3294 pedi-

2167 3217 2312 3288 ἠξίου
2367 3238 2424 3274 τε
2481 3217 2583 3298 πρὸ
2633 3217 2738 3274 τῶν
2793 3215 2992 3272 ἰκείνου
3035 3211 3212 3271 ποδῶν
3240 3212 3483 3288 κείμενος
3513 3223 3631 3274 ταῖς
3661 3208 3823 3271 ἰδίαις

441 3297 552 3360 bus
584 3299 928 3378 provolutus
949 3298 1159 3388 orabat
1175 3307 1239 3359 ut
1261 3301 1384 3360 suis
1409 3317 1474 3361 se
1497 3300 1775 3380 precibus
1805 3310 2072 3382 tauquam

2169 3307 2361 3388 εύχατς
2420 3305 2626 3388 ὤσπερ-
2654 3305 2880 3383 ἀγαθοῖς
2938 3302 3168 3384 ἐφοδίοις
3239 3302 3425 3366 αὖτοὺς
3485 3299 3824 3388 ἱκανώσαντα.

440 3387 650 3448 viatico
686 3387 944 3467 quodam
969 3387 1122 3448 bene
1145 3386 1437 3476 instructo
1459 3390 1858 3452 communitas
1880 3389 2072 3452 dimit-

2167 3385 2546 3476 παραπέμψαι.
2611 3385 2670 3452 Ὀ
2700 3393 2756 3450 δὲ
2813 3394 3022 3466 ἑκάστῳ
3083 3393 3283 3450 τούτων
3320 3391 3419 3458 τὴν
3481 3401 3646 3470 χεῖρα
3693 3387 3828 3444 ἑπι-

445 3484 619 3538 teret.
653 3475 879 3537 Horum
906 3493 1044 3536 vero
1080 3476 1176 3537 ille
1207 3475 1457 3555 singulis
1487 3477 1763 3558 imposita
1789 3497 1990 3556 manu,
2015 3498 2072 3543 ac

2166 3475 2291 3563 θείς,
2352 3485 2476 3542 εἷτα
2529 3486 2618 3541 καὶ
2673 3485 2790 3550 τοὺς
2847 3483 3151 3563 ὀφθαλμοὺς
3208 3479 3391 3558 διάρας
3445 3481 3520 3546 είς
3572 3480 3827 3558 οὐρανὸν,

445 3565 693 3626 sublatis
719 3564 779 3625 in
801 3565 1013 3626 coelum
1035 3565 1255 3626 oculis:
1285 3564 1464 3647 Deus,
1482 3567 1698 3644 inquit,
1717 3575 1815 3648 qui
1843 3571 2072 3647 coelum,

2175 3566 2228 3635 Ὀ
2262 3577 2415 3648 Θεὸς,
2476 3575 2656 3652 εἶπεν,
2718 3577 2746 3631 ὁ
2795 3575 3025 3644 ποιήσας
3079 3574 3170 3630 τὸν
3198 3570 3418 3650 οὐρανὸν
3446 3571 3537 3626 καὶ
3579 3569 3681 3638 τὴν
3713 3570 3832 3648 γὴν

444 3661 660 3714 terram
684 3671 751 3715 ac
783 3671 969 3728 mare,
1006 3661 1062 3714 et
1083 3652 1369 3734 quidquid
1398 3654 1458 3716 in
1491 3655 1576 3716 eis
1599 3664 1711 3730 est,
1738 3658 2072 3736 condidisti,

2168 3667 2254 3722 καὶ
2309 3665 2409 3733 τὴν
2463 3663 2730 3722 θάλασσαν
2785 3665 2875 3721 καὶ
2933 3663 3106 3720 πάντα
3161 3662 3228 3718 τὰ
3279 3661 3334 3716 ἐν
3372 3661 3583 3740 αὐτοῖς,
3633 3661 3661 3715 ὁ
3701 3661 3833 3738 πρὶν

444 3742 544 3823 qui
574 3742 773 3804 omnia
800 3752 934 3803 ante
963 3751 1159 3803 ortum
1194 3743 1431 3804 illorum
1478 3744 1664 3826 probe
1721 3747 1896 3824 nosti,
1959 3750 2072 3830 ipse

2167 3755 2420 3834 γενέσεως
2475 3757 2648 3813 αὐτῶν
2729 3753 2939 3811 ἅπαντα
3001 3751 3378 3831 ἐπιστάμενος,
3464 3751 3621 3815 αὐτὸς
3691 3750 3823 3815 τοὺς

443 3831 554 3892 hos
583 3848 792 3892 servos
815 3839 971 3904 tuos,
1004 3833 1105 3907 qui
1130 3833 1490 3895 sacrosancti
1509 3836 1866 3899 tuinominis
1883 3855 2072 3910 causa1

2167 3831 2378 3910 δούλους
2417 3865 2511 3901 σου
2565 3844 2779 3905 τούτους
2837 3843 2962 3908 τοὺς
3013 3840 3097 3899 διὰ
3145 3842 3204 3897 1‘0
3235 3842 3326 3898 σὸν
3355 3840 3508 3918 ἅγιον
3538 3839 3708 3916 ὄνομα
3739 3841 3821 3905 εἷς

445 3929 646 3982 sancta
675 3921 881 4013 istbaec
912 3920 1042 4013 loca
1068 3920 1420 4013 inviserunt,
1448 3922 1830 4004 fructumque
1860 3935 1957 3990 tua
1985 3927 2072 3990 di-

2169 3931 2350 3992 τούσδε
2379 3934 2500 3998 τοὺς
2558 3934 2739 4013 ἁγίους
2783 3931 2977 3996 τόπους
3037 3930 3433 4010 πεφοιτηιιότας
3494 3931 3582 3987 καὶ
3611 3932 3825 4008 καρπὸν

445 4029 629 4102 gnum
650 4011 980 4102 majestate,
1005 4012 1382 4090 Gregorium,
1409 4014 1676 4098 inquam,
1703 4023 1802 4097 qui
1824 4035 2072 4098 praesen:

2170 4021 2312 4090 ἄξιον
2368 4023 2446 4098 τῷ
2505 4023 2582 4096 σῷ
2610 4011 2816 4102 ήκράτει
2873 4020 3335 4100 προσαγαγόντας,
3385 4021 3480 4076 τὸν
3509 4019 3693 4079 δοῦλόν
3724 4020 3828 4077 σού

446 4099 621 4161 nobis
650 4099 840 4172 adest,
878 4118 1112 4161 servum
1149 4110 1315 4162 tuum
1370 4104 1723 4187 attulerunt,
1773 4125 2072 4184 conserva,

2170 4136 2309 4194 φημι
2341 4112 2631 4191 Γρηγόριον
2675 4099 2768 4167 τὸν
2818 4099 3304 4188 συμπαρεστηκότα
3334 4110 3490 4187 ἡμῖν,
3555 4107 3827 4167 διάσωσον

445 4207 514 4251 ac
542 4190 606 4249 in
632 4190 720 4250 via
749 4189 986 4251 illorum
1021 4189 1236 4269 dirige,
1293 4192 1586 4272 siquidem
1643 4204 1882 4257 sanctus
1926 4215 1990 4259 es
2024 4197 2072 4258 ir

2172 4189 2260 4259 καί
2314 4189 2703 4279 συμπορεύθητι
2756 4201 2962 4264 τούτοις
3020 4199 3075 4256 έν
3141 4205 3210 4277 τῇ
3290 4197 3395 4275 ὁδῷ
3468 4200 3662 4257 αὑτῶνο
3737 4198 3828 4257 δτι

445 4279 683 4343 saecula.
717 4280 806 4342 Ac
838 4298 973 4341 cum
1006 4285 1455 4362 omnes,Amen,
1493 4283 2072 4364 subdidissent,com‘

2169 4291 2322 4370 ἅγιος
2353 4290 2408 4348 εἷ
2440 4292 2514 4353 εἰς
2563 4291 2685 4354 τοὺς
2735 4290 2954 4354 αἰῶνας.
3012 4290 3111 4348 Καὶ
3156 4288 3370 4346 πάντων
3397 4289 3458 4345 τὸ
3489 4288 3636 4366 ἀμὴν
3665 4287 3830 4345 ἒπει-

446 4369 716 4450 plexatus
744 4369 880 4430 illos
912 4371 972 4430 in
1004 4387 1148 4450 pace
1179 4371 1424 4434 dimisit.
1457 4371 1578 4433 Hos
1608 4373 1894 4438 abeuntes
1937 4375 2072 4439 Gre-

2171 4369 2382 4437 πόντων
2445 4379 2822 4456 ἀσπασάμενος
2894 4379 3103 4454 αὐτοὺς,
3177 4378 3231 4435 ἐν
3316 4379 3501 4458 εἰρήνῃ
3586 4377 3824 4454 ἔπεμψε.

446 4460 646 4537 gorius
673 4458 1070 4538 conspicatus,
1102 4459 1324 4522 acriter
1352 4460 1552 4523 animo
1595 4463 1806 4536 doluit.
1840 4485 1910 4527 ac
1942 4484 2072 4547 pra;-

2172 4471 2399 4536 Τούτους
2481 4469 2736 4534 ἀπιόντας
2809 4467 2933 4526 ἱδὼν
3003 4469 3030 4525 ό
3102 4468 3419 4549 Γρηγόριος,
3487 4466 3694 4547 ἤλγησέ
3763 4488 3828 4525 τε

450 4564 704 4639 propere
735 4548 1339 4639 fes_tinans,iillorum
1397 4550 1468 4612 ad
1531 4551 1714 4632 pedes
1766 4555 2072 4635 projectus,

2172 4560 2432 4639 ἰσχυρῶς,
2505 4560 2594 4616 καὶ
2663 4557 3014 4639 προσδραμὼν
3086 4557 3140 4614 ἒν
3218 4548 3441 4638 σπουδῇ,
3512 4556 3689 4614 ποδῶν
3759 4578 3826 4614 τε

449 4635 642 4727 solum
699 4655 765 4698 se
825 4635 905 4727 ibi
963 4637 1222 4718 relinqui
1273 4639 1728 4704 lamentabatur.
1777 4643 1906 4705 Heu
1939 4645 2072 4706 mih:

2171 4635 2422 4725 ἥπτετο,
2453 4649 2542 4705 καὶ
2589 4648 2686 4715 τὴν
2706 4635 2717 4639 ⁷
2737 4635 2971 4725 μόνωσιν
3017 4645 3347 4727 ἀπωδύρετο,
3397 4635 3587 4724 όῖμοι,
3620 4644 3824 4725 λέγων,

447 4726 774 4807 (inquiens)
809 4726 942 4807 quis
970 4735 1200 4803 sum,et
1231 4747 1477 4806 quome
1507 4738 1732 4793 vertam
1761 4738 1788 4796 ?
1819 4732 2072 4806 Quonam

2172 4738 2250 4802 τίς
2300 4737 2538 4816 γένωμαι
2568 4755 2584 4813 ;
2638 4751 2736 4794 ποτ
2783 4737 3069 4816 τράπωμαι
3103 4757 3120 4810 ;
3159 4738 3273 4803 πῶς
3303 4726 3450 4812 ὑμῶν
3482 4735 3614 4815 ἐγὼ,
3645 4735 3826 4793 πατέ-

447 4834 557 4908 ego
591 4825 757 4895 pacto
788 4816 974 4894 vobis,
1009 4819 1216 4879 Patres
1247 4837 1315 4908 ac
1343 4828 1720 4908 servatores,
1755 4821 2072 4888 destituar?

2171 4847 2258 4908 ρες
2303 4829 2390 4885 καὶ
2445 4827 2702 4904 σωτῆρες,
2750 4825 3262 4906 ἀπολειφθήσομαις
3311 4826 3472 4883 Λδτυὶ
3520 4825 3656 4902 μετὰ
3687 4825 3826 4883 Θεὸν

446 4904 568 4995 Υοε
597 4906 928 4968 secundum
959 4906 1145 4968 Deum
1180 4906 1386 4969 salutis
1440 4928 1589 4971 mea:
1640 4920 1938 4989 auctores,
1972 4915 2088 4995 ipsi

443 4993 586 5056 boni
618 4995 878 5076 probata;
908 4996 1054 5057 mihi
1084 4995 1215 5058 vitae
1262 4997 1525 5076 magistri
1574 4999 1793 5077 fuistis,
1847 5003 1962 5084 ipsi
1993 4993 2089 5066 er-

444 5095 674 5147 rantem
729 5085 1040 5147 invenistis
1071 5086 1442 5148 invenientes
1473 5097 1651 5150 recta;
1682 5090 1794 5153 vias
1823 5093 2088 5156 reddidi-

441 5175 571 5249 stis,
604 5175 804 5238 multis
834 5176 977 5238 item
1010 5175 1291 5238 ﬂuctibus
1320 5178 1668 5257 naufragum
1701 5199 1769 5243 ac
1806 5201 1956 5262 pene
1987 5184 2088 5247 de-

442 5281 730 5341 mersum,
767 5265 828 5326 in
863 5267 1242 5348 tranquillum
1273 5285 1344 5329 ac
1373 5285 1648 5330 securum
1685 5280 1918 5349 portum
1970 5274 2086 5336 ad-

438 5354 702 5416 vexistis.
738 5353 908 5418 Nunc
939 5374 1115 5437 porro
1147 5357 1448 5434 quomodo
1491 5365 1609 5420 tam
1661 5360 2085 5428 miserabiliter

439 5444 688 5506 divellar
714 5463 749 5507 a
781 5445 950 5507 vobis
973 5448 1002 5507 'i
1032 5445 1342 5518 Quomodo
1375 5449 1813 5527 separationem
1866 5453 2019 5516 hanc
2049 5473 2084 5516 a

438 5533 602 5594 vobis
633 5533 816 5597 feram
835 5534 1013 5598 I7ch
1043 5555 1179 5599 cum
1212 5536 1533 5615 Gregorius
1558 5541 1973 5618 gemebundus
1995 5543 2082 5606 di-

438 5632 625 5706 ceret,
664 5643 785 5708 prae
816 5643 1000 5707 seque
1053 5625 1370 5689 maximam
1430 5625 1618 5690 animi
1680 5632 2082 5697 turbationem

2170 4922 2270 4984 τῆς
2315 4915 2450 4992 ἐμῆς
2481 4918 2744 4995 σωτηρίας
2781 4914 3048 4995 πρόξενοι,
3110 4915 3258 4972 αὐτοί
3316 4936 3407 4989 μοι
3457 4914 3555 4982 τῆς
3613 4913 3828 4992 ἀγαθῆς

2171 5005 2441 5070 πολιτείας
2497 5006 2683 5084 ἀγαθοὶ
2735 5003 3062 5081 διδάσκαλοι,
3125 5004 3273 5062 αὑτοί
3331 5025 3399 5080 με
3454 5004 3540 5061 καὶ
3596 5003 3832 5060 πλανώ-

2171 5117 2332 5171 μενον
2389 5093 2586 5176 εὕρετε,
2649 5096 2737 5152 καὶ
2796 5095 3033 5173 εδρόντες
3088 5096 3162 5157 εἷς
3222 5093 3341 5151 ὁδὸν
3394 5093 3603 5151 εὔθεταν
3636 5097 3830 5150 καθω-

2170 5183 2466 5264 δηγήσατε,
2521 5186 2609 5241 καὶ
2665 5187 2721 5240 ἓν
2788 5182 2978 5258 πσλλῷ
3047 5181 3269 5242 κλύδωνι
3343 5190 3678 5262 ναυαγοῦντα
3727 5183 3833 5240 καῖ

2169 5276 2555 5352 βαπτιζόμενον
2632 5275 2706 5338 εἰς
2777 5273 3016 5354 γαληνὸν
3085 5272 3276 5350 λιμένα
3349 5274 3438 5330 καὶ
3521 5274 3836 5349 ἀκύμαντον

2168 5366 2615 5445 προσωρμήσατε,
2676 5367 2799 5424 Νυνὶ
2851 5363 2906 5420 δὲ
2961 5368 3078 5429 πῶς
3131 5365 3282 5440 ὑμῶν
3337 5361 3593 5428 ἐλεεινῶς
3648 5384 3837 5443 χωρι-

2167 5455 2485 5535 σθήσομαις
2544 5461 2659 5520 πῶς
2710 5455 2806 5522 τὴν
2863 5451 2953 5534 ἀφ’
3023 5454 3173 5530 ὑμῶν
3242 5451 3444 5532 ἐνέγκω
3514 5450 3829 5525 διάζευξινς

2170 5546 2341 5601 Ταῦτα
2399 5551 2493 5600 τοῦ
2549 5543 2846 5622 Γρηγορίου
2901 5541 3329 5621 περιπαθέστατα
3399 5541 3680 5620 λέγοντος,
3736 5544 3831 5600 καὶ

2166 5634 2265 5704 την
2297 5637 2398 5703 τῆς
2423 5633 2608 5715 ψυχῆς
2639 5633 2897 5714 σύγχυσιν
2931 5645 3046 5698 τοῖς
3109 5630 3324 5715 δάρκυσι
3387 5628 3416 5688 δ
3427 5629 3824 5714 ιάγγέλλοντος,
