4136 6410
332 306 452 382 205

1383 310 1572 381 VITA
1615 317 1674 381 S.
1721 322 2090 392 GREGORII
2134 314 2677 392 AGRIGENTINI.

3601 317 3720 394 206

331 453 362 509 6
391 451 612 532 προορᾶν
659 450 842 532 ὥσπερ
897 451 1041 512 οὕτω
1081 453 1172 512 καὶ
1225 453 1555 530 παρακαλεῖν
1587 457 1768 539 ψυχὰς
1819 457 1978 518 δυνά-

2078 458 2341 539 iacrymis
2391 458 2600 534 ferret,
2631 458 2861 522 Marcus
2890 458 2979 520 vir
3018 457 3432 537 admirandus,
3466 468 3586 523 tam
3618 461 3720 525 fu-

330 563 512 618 μενος,
575 544 603 598 6
656 544 955 620 θαυμασιδς
1018 544 1232 623 Μάρκος
1298 541 1631 629 ἀνελάμϐανέ
1700 568 1758 603 τε
1830 553 1987 609 αὐτὸν

332 637 629 709 πατρικῶς,

415 719 521 783 II".
587 722 705 796 Καὶ,
758 721 850 790 M‘q
899 721 1096 804 οὕτως,
1141 720 1316 799 ἔλεγε,
1367 722 1550 782 τέκνον
1604 727 1983 802 πνευματικόν·

339 808 450 870 οὐδὲ
502 812 607 890 γὰρ
665 810 830 887 μόνον
890 811 1091 888 ἐῶμεν,
1125 809 1263 867 ἀλλὰ
1320 819 1532 891 Χριστῷ
1563 814 1662 888 μὲν
1713 837 1989 895 προηγου-

331 901 532 975 μένως,
567 907 645 974 τῷ
689 899 879 969 κλήσει
909 902 1033 980 ἁγίᾳ
1089 900 1369 960 καλέσαντί
1400 924 1458 958 σε
1518 905 1605 960 καὶ
1654 909 1993 982 συναρίθμιον

331 990 513 1070 ἔχοντι
546 991 626 1066 τῷ
654 991 758 1047 τῶν
791 990 1046 1069 Πατέρων
1099 995 1279 1070 χορῷ,
1311 988 1495 1048 ’ἔπειτα
1526 990 1581 1049 δὲ
1611 995 1699 1050 καὶ
1728 999 1806 1068 τῷ
1834 1001 1994 1069 κοινῷ

328 1081 502 1152 τούτῳ
561 1079 658 1136 καί
720 1087 1062 1156 πνεῦματικῷ
1124 1083 1288 1160 Πατρὶ
1348 1085 1727 1163 παρατίθεμεν,
1787 1085 1846 1148 ὃς
1905 1086 1993 1141 καὶ

333 1167 510 1232 καλῶς
563 1171 909 1243 οἰκονομήσει
939 1170 1007 1226 τὰ
1057 1170 1194 1226 κατᾶ
1251 1170 1335 1245 σὲ,
1371 1173 1458 1228 καὶ
1507 1169 1689 1236 δεξιῶς
1739 1173 1812 1236 ὡς
1871 1173 1991 1229 οἷόν

331 1279 385 1313 τε
412 1257 895 1335 συναντιλτςψεται.
927 1257 1108 1322 Οὕτως
1164 1261 1287 1315 εἷπε
1317 1258 1415 1314 καὶ
1463 1273 1583 1324 τοῖς
1615 1262 1799 1341 χειρὸς
1847 1259 1992 1318 ἐκείο

330 1369 423 1404 νου
473 1345 802 1428 λαϐόμενος,
832 1348 934 1426 πρὸ
961 1350 1068 1404 τὼν
1125 1345 1300 1405 ποδῶν
1333 1347 1490 1404 αὐτὸν
1541 1349 1726 1426 βάλλει
1757 1352 1851 1406 τοῦ
1881 1372 1992 1407 πα-

331 1439 623 1518 τριάρχου,
671 1438 842 1516 Πάτερ
899 1437 1065 1513 τίμιε,
1119 1437 1312 1516 λέγων,
1371 1438 1469 1494 καὶ
1527 1438 1677 1502 οὗτος
1755 1439 1848 1508 τῆς
1901 1443 1995 1496 τοῦ

332 1532 566 1603 Χριστοῦ
612 1526 844 1601 ποίμνης
888 1525 1020 1602 ἐστὶ,
1053 1528 1142 1582 καὶ
1188 1525 1370 1594 μέλλει
1421 1528 1508 1584 καὶ
1550 1527 1708 1591 αὐτὸς
1752 1527 1993 1597 Ἐκκλῆ-

337 1615 457 1671 σίαν
486 1616 847 1691 πιστεύεσθαι,
879 1618 968 1672 καί
1013 1619 1090 1689 τῷ
1117 1615 1216 1684 τῆς
1265 1613 1612 1682 διδασκαλίας
1643 1617 1788 1696 λόγῳ
1817 1617 1995 1697 ὤσπερ

340 1703 487 1761 οἴακι
579 1707 951 1771 πνευματικῶς
1023 1701 1449 1782 διακυϐερνῆσαι,
1537 1708 1827 1780 Φρόντισον
1907 1711 1993 1764 οὖν

343 1795 433 1850 καὶ
487 1799 587 1860 τῆς
614 1793 799 1851 τούτου
853 1799 1062 1875 ψυχῆς,
1095 1795 1466 1873 ὑποστηρίζων
1522 1797 1685 1863 αὐτὴν
1733 1809 1857 1860 ταῖς
1915 1795 1992 1852 διο
2021 1833 2056 1884 Β

353 1880 650 1947 δασκαλὶαις
706 1905 822 1958 σου,
855 1884 943 1940 καὶ
995 1884 1186 1940 πείθων
1234 1895 1350 1948 τοῖς
1397 1889 1497 1950 τῆς
1549 1884 1828 1954 ἀσκήσεως
1882 1886 1990 1942 πό-

354 1993 466 2034 νοις
519 1970 870 2053 ὶγκαρτερεῖν,
934 1971 1213 2048 ἀειλαμπῆ
1273 1994 1332 2030 τε
1401 1970 1825 2054 διαφυλαχθῆναι
1894 1973 1991 2031 καΐ

340 2061 422 2134 μή
479 2064 598 2126 τοῖς
625 2063 718 2128 τῆς
768 2063 1023 2128 νεότητος
1077 2061 1388 2142 λογισμοῖς,
1427 2066 1520 2135 οἷᾳ
1558 2084 1676 2119 τινα
1727 2061 1989 2121 λευκοτά-

334 2152 434 2218 τῆν
492 2149 614 2225 ὄψιν
644 2151 733 2207 καὶ
781 2150 892 2229 ὥρᾳ
941 2149 1259 2226 Θάλλουσαν,
1292 2151 1504 2218 σπίλοις
1536 2152 1641 2209 τισὶ
1690 2151 1988 2228 διαμολυν-

329 2241 513 2304 θῆναι.
563 2247 740 2298 Ταῦτα
770 2246 864 2296 τοῦ
916 2241 1166 2320 μονοιχοῦ
1194 2239 1468 2320 λέγοντος,
1505 2240 1533 2296 ὅ
1590 2263 1647 2298 τε
1697 2243 1988 2322 Γρῆγόριος

329 2328 410 2384 ’ἑτι
463 2331 552 2384 καὶ
611 2327 848 2404 μάλιστα
904 2329 1004 2396 τὴν
1075 2330 1260 2410 ψδχὴν
1332 2330 1665 2406 ἐπαθαίνετο,
1726 2331 1820 2391 καῖ
1891 2330 1987 2388 δά-

341 2439 486 2497 κρυσι
545 2421 775 2496 θερμοῖς
831 2417 1176 2498 ὲῤῥαντίζετο⁶
1241 2417 1323 2499 ἐφ’
1381 2421 1426 2493 ᾧ
1474 2416 1540 2487 δὴ
1595 2421 1690 2477 καί
1745 2422 1792 2477 οἱ
1848 2442 1991 2498 παρ-

347 2508 590 2588 εστῶτες,
625 2510 853 2586 ὁρῶντες
909 2514 1097 2582 ταᾱα,
1150 2507 1511 2587 συνέπασχεν,
1563 2508 1636 2566 Οὖ
1693 2509 1803 2585 μὴν
1859 2508 1996 2566 ἀλλὰ

344 2598 427 2654 καὶ
457 2598 616 2660 αὐτὸς
663 2595 876 2660 ἐκεῖνος
918 2598 946 2652 6
975 2596 1324 2676 πατριάρχης
1385 2598 1460 2662 είς
1491 2610 1673 2654 οἶκτον
1705 2597 1991 2678 κατήγετο,

338 2688 426 2743 καὶ
494 2685 592 2742 τὸν
647 2685 944 2764 Γρηγόριον
1015 2683 1093 2741 ἔτι
1153 2687 1392 2761 κείμενον
1449 2685 1779 2768 ἀναστήσας,
1857 2681 1996 2768 ιΟριῖὒ

336 2799 422 2858 σε,
460 2779 508 2831 ὦ
570 2775 779 2852 τέκνον,
813 2773 932 2832 λίαν
987 2773 1376 2856 περιαλγουντα
1431 2783 1509 2851 τῷ
1558 2779 1829 2858 χωρισμῷ
1885 2783 1992 2834 τῶν

337 2865 570 2942 ἀνδρῶν.
628 2866 686 2922 Ei
744 2863 841 2941 μὲν
897 2867 987 2920 οὗν
1043 2863 1262 2941 ἄριστόν
1337 2888 1421 2923 σοι
1477 2866 1569 2924 σὺν
1629 2868 1768 2941 ἡμῖν
1829 2869 1992 2941 εἶναι,

343 2955 454 3030 μεθ’
503 2957 666 3030 ἡμῶν
695 2953 809 3034 ἔσο,
841 2952 929 3010 καὶ
983 2953 1154 3010 πάντα
1186 2954 1252 3011 τὰ
1295 2955 1428 3011 κατὰ
1457 2955 1516 3011 σὲ
1567 2955 1707 3012 θέσει
1741 2953 1915 3022 καλῶς
1966 2957 1994 3012 ὁ

2074 548 2223 610 turis
2255 548 2674 630 praedicandis,
2710 566 2886 630 quam
2938 548 3204 611 solandis
3230 549 3438 610 amicis
3483 558 3719 631 potens,

2073 638 2233 701 hunc
2265 647 2514 717 paterne
2549 639 2807 718 excepit.

2152 726 2318 790 XIII.
2343 727 2449 802 Ac,
2475 725 2605 788 Non
2630 727 2717 788 sic
2746 735 2804 789 tu
2828 727 3188 809 quidem,Iili
3216 727 3548 804 mi,dixeris
3581 729 3719 808 (ait),

2076 814 2430 895 non.Neque
2456 817 2616 878 enim
2640 818 2832 880 solum
2856 825 2915 880 te
2933 835 3065 879 esse
3081 817 3455 899 putabamus,
3489 819 3724 900 quando

2075 905 2406 988 prtesertim
2444 905 2716 968 Christus
2743 925 2850 969 sua
2873 914 2930 969 te
2955 906 3266 970 vocatione
3295 916 3498 970 sancta
3521 907 3726 987 digna-

2078 1002 2195 1070 tus,
2233 995 2293 1054 in
2348 993 2585 1055 Patrum
2619 996 2868 1057 chorum
2902 995 3220 1076 cooptarit.
3255 997 3453 1077 Atque
3498 996 3636 1058 huic
3669 1005 3727 1060 te

2075 1101 2314 1164 quoque
2371 1085 2677 1146 communi
2708 1092 2767 1146 et
2813 1085 3040 1165 Optimo
3095 1083 3283 1165 Patri,
3316 1083 3440 1166 qui,
3473 1103 3606 1166 quae
3651 1085 3727 1148 ad

2075 1179 2134 1234 te
2190 1177 2482 1253 spectant,
2517 1181 2681 1235 recte
2735 1172 3199 1250 administrabit,
3233 1182 3292 1237 et
3352 1193 3528 1255 quam
3593 1175 3728 1237 ﬁeri

2074 1261 2314 1343 poterit,
2349 1260 2602 1324 feliciter
2657 1261 2966 1342 suscipiet,
3001 1263 3131 1343 ipse
3189 1262 3567 1325 commendo.
3625 1264 3724 1327 Sic

2075 1349 2177 1411 ille
2208 1351 2464 1427 locutus,
2503 1368 2739 1412 manum
2792 1351 3236 1433 apprehendes,
3268 1351 3340 1412 ad
3374 1353 3726 1432 patriarcha;

2079 1438 2266 1520 pedes
2299 1438 2465 1501 illum
2513 1439 2736 1515 statuit,
2770 1439 2950 1502 Pater
2995 1440 3335 1503 venerande
3367 1440 3724 1522 (inquiens),

2079 1536 2137 1590 et
2167 1528 2262 1588 hic
2292 1537 2384 1590 est
2415 1547 2485 1590 ex
2531 1547 2712 1609 grege
2743 1529 2987 1603 Christi,
3019 1530 3192 1610 isque
3250 1530 3369 1591 tide
3396 1528 3724 1592 Ecclesiam

2079 1616 2455 1695 fundaturus,
2481 1636 2548 1680 ac
2579 1637 2709 1681 eam
2742 1617 3034 1680 doctrinae
3065 1618 3326 1681 caalestis
3357 1618 3726 1699 praedicatio-

2078 1725 2178 1781 ne,
2221 1707 2307 1768 uti
2365 1708 2552 1783 clavo,
2583 1707 2782 1770 divine
2841 1707 3282 1788 gubernaturus
3338 1715 3450 1772 est.
3500 1707 3725 1782 Quam-

2081 1795 2290 1859 obrem
2345 1797 2474 1876 ejus
2505 1797 2720 1860 animae
2768 1817 2971 1860 curam
3002 1798 3251 1873 habeas,
3285 1797 3569 1878 illamque
3625 1808 3729 1860 tua

2077 1895 2374 1949 sustentes
2397 1888 2673 1951 doctrina
2694 1889 3442 1970 oportet,persuadeasque
3463 1888 3727 1952 medita-

2072 1976 2248 2038 tionis
2283 1995 2349 2038 ac
2381 1977 2832 2040 exercitationis
2863 1977 3168 2040 laboribus
3210 1978 3490 2040 insistere
3519 1978 3729 2059 splen-

2073 2067 2316 2129 dentem
2347 2086 2412 2129 se
2443 2084 2823 2144 conservare,
2857 2085 2975 2128 non
3012 2067 3510 2147 pulcherrimum,
3544 2085 3612 2128 ac
3642 2065 3728 2130 uti

2079 2154 2232 2218 veris
2261 2163 2532 2236 tempore
2555 2157 2871 2219 ﬂorentem
2894 2154 3597 2238 aspectum,juvenilibus
3629 2175 3728 2218 co-

2075 2243 2460 2324 gitationibus
2491 2244 2664 2326 quasi
2721 2244 2971 2307 maculis
3001 2245 3352 2326 quibusdam
3383 2243 3728 2325 inquinare.

2078 2332 2214 2396 Haec
2247 2345 2369 2396 tum
2393 2333 2630 2398 dicebat
2653 2335 3006 2412 monachus,
3032 2352 3163 2396 cum
3193 2333 3517 2413 Gregorius
3533 2334 3731 2413 gravis

2079 2424 2281 2487 animo
2295 2423 2730 2502 tristaretur,ac
2751 2425 3037 2505 Iacrymas
3047 2422 3514 2488 abundanti-ires
3529 2423 3728 2485 eﬂ‘un-

2079 2511 2268 2575 deret.
2323 2511 2387 2575 In
2421 2532 2535 2594 quo
2567 2512 2809 2594 quidem
2863 2522 2921 2575 et
2949 2514 3052 2594 qui
3085 2520 3407 2594 praesentes
3450 2512 3724 2590 aderant,

2080 2602 2207 2664 haec
2262 2610 2583 2665 cernentes
2617 2601 3122 2664 condolescebant
3155 2622 3169 2665 :
3203 2601 3344 2682 quin
3381 2609 3441 2663 et
3468 2601 3570 2662 ille
3598 2601 3730 2682 ipse

2081 2691 2416 2772 patriarcha
2433 2691 2849 2754 misericordia
2875 2700 3176 2772 permotus
3198 2697 3314 2765 est,
3351 2689 3731 2772 Gregorium-

2081 2798 2197 2858 que
2215 2781 2408 2842 adhuc
2433 2780 2735 2860 jacentem
2759 2783 3021 2860 erigens:
3055 2779 3246 2844 Video
3273 2779 3588 2862 te,inquit,
3619 2780 3725 2861 ﬁli,

2081 2869 2292 2932 horum
2350 2870 2613 2932 virorum
2666 2870 3040 2950 separatione
3095 2869 3360 2948 graviter
3417 2869 3724 2931 affectum.

2080 2957 2296 3034 Quare,
2329 2958 2382 3020 si
2434 2959 2653 3040 placet,
2687 2959 2896 3021 uthac
2945 2965 3146 3020 nostra
3178 2958 3359 3019 utaris
3400 2965 3729 3019 consuetu-

345 3045 592 3124 Χριστός,
625 3043 808 3122 ὥσπερ
856 3041 920 3098 ἂν
948 3042 1040 3099 καί
1085 3041 1240 3106 αὐτὸς
1273 3042 1509 3119 βούλοιςο
1543 3044 1588 3100 εἷ
1636 3041 1690 3100 δὲ
1719 3046 1781 3100 τὸ
1829 3044 1990 3102 ἀπιέ-

2078 3046 2240 3128 dine,
2273 3047 2588 3110 nobiscum
2645 3057 2796 3122 esto,
2833 3055 3049 3129 tuaque
3095 3046 3295 3110 omnia
3340 3045 3631 3123 Christus,
3664 3053 3731 3107 ut

339 3155 419 3190 ναι
447 3155 507 3189 σε
557 3133 768 3208 μᾶλλον
815 3131 954 3188 κατὰ
1002 3131 1223 3211 γνώμην
1268 3130 1431 3210 ἐστὶν,
1465 3131 1519 3190 ἐν
1564 3133 1749 3211 εἰρήνῃ
1778 3129 1843 3200 δὴ
1899 3133 1991 3188 σὺν

2078 3137 2224 3199 velle
2281 3137 2410 3218 ipse
2455 3135 2702 3212 videris,
2736 3145 2904 3200 recte
2955 3137 3328 3211 constituet;
3384 3143 3447 3198 at
3474 3151 3618 3197 vero
3676 3135 3730 3196 si

329 3227 513 3291 αὐτοῖς
567 3226 668 3282 καί
700 3223 947 3304 πορεύου.
1010 3224 1070 3280 '0
1099 3220 1153 3278 δὲ
1209 3222 1522 3302 Γρηγόριος,
1552 3232 1717 3282 Τοῦτο
1747 3223 1846 3298 μὲν
1903 3222 1984 3299 οὒ,

2078 3224 2386 3288 discedere
2421 3225 2612 3305 magis
2642 3224 2810 3303 libet,
2845 3226 2906 3286 in
2968 3243 3115 3306 pace
3143 3243 3280 3287 cum
3311 3222 3428 3285 illis
3459 3220 3579 3287 abi.
3611 3225 3726 3286 At-

327 3317 482 3396 ερησὶ,
517 3313 657 3390 μηδὲ
719 3310 928 3392 γένοιτό
981 3312 1073 3387 μοί
1132 3333 1286 3392 ποτε,
1318 3309 1568 3387 δέσποτα,
1601 3313 1720 3378 τοὺς
1774 3312 1990 3370 ἔντοῦοα

2078 3315 2174 3396 qui
2199 3315 2559 3395 Gregorius:
2595 3317 2727 3379 Non
2759 3314 2873 3377 hoc
2891 3314 3141 3396 quidem
3175 3313 3430 3394 (inquit),
3459 3313 3724 3387 domine,

330 3407 526 3468 τύπους
575 3401 894 3479 ἀπολιπεῖν,
930 3407 1019 3466 οὖς
1069 3401 1157 3458 καὶ
1204 3399 1270 3458 δι’
1321 3403 1488 3482 εὐχῆς
1518 3403 1811 3478 ἐποιούμην
1855 3401 1987 3460 ἰδεῖν

2078 3403 2324 3482 accidat,
2375 3413 2797 3484 averseturque
2854 3403 3034 3484 Deus,
3087 3411 3152 3464 ut
3206 3403 3335 3465 haec
3390 3402 3542 3478 loca,
3597 3418 3728 3484 quae

336 3494 450 3551 καῖ’
505 3493 637 3572 ὑπὲρ
668 3496 741 3550 ὧν
801 3493 900 3560 τὴν
956 3491 1164 3571 μακρὰν
1211 3491 1407 3558 ταύτην
1481 3489 1782 3567 ἀποδημίαν
1841 3490 1986 3548 είλὸ-

346 3605 476 3655 μην.
524 3581 673 3651 Πλὴν
706 3581 844 3638 ἀλλὰ
886 3581 936 3637 τί
968 3580 1118 3638 πάθω
1151 3601 1168 3657 ς
1220 3579 1337 3637 λίαν
1369 3580 1468 3656 μὲν
1518 3581 1617 3658 γὰρ
1649 3581 1748 3637 καὶ
1788 3581 1988 3638 τούτων

357 3673 612 3750 ἱρωτικῶς
663 3671 1016 3752 περιέχομαι’
1094 3669 1207 3727 επεὶ
1269 3667 1324 3725 δὲ
1386 3671 1449 3726 τὸ
1506 3668 1718 3726 ἀπιέναι
1773 3670 1990 3734 τούτους

358 3761 638 3839 ἀναγκαῖον
691 3764 823 3842 ὁρῶ,
853 3759 985 3826 ἆξιῶ
1014 3760 1137 3837 γοῦν
1193 3758 1308 3815 ἀντ’
1338 3760 1509 3816 αὖτῶν
1569 3758 1748 3839 ὥσπερ
1777 3781 1828 3816 τι
1889 3783 1991 3840 φυ-

357 3848 632 3930 λακτήριον
683 3851 770 3906 καὶ
818 3847 1020 3928 κλῆρον
1075 3852 1218 3920 ζωῆς
1275 3849 1369 3914 τὰς
1425 3847 1567 3926 ἱερὰς
1599 3847 1772 3905 αὐτῶν
1827 3847 1992 3928 εὐχάς

347 3963 440 4016 μοι
470 3938 814 3996 καταλιπεῖνο
881 3937 1113 3995 πέποιθα
1141 3937 1241 4016 γὰρ
1296 3937 1374 4012 τῷ
1403 3943 1519 4012 Θεῷ
1561 3935 1656 3992 καί
1687 3935 1846 3994 πάλιν
1908 3941 1994 3996 αὒ-

347 4031 471 4094 τοίις
520 4029 742 4104 ὄψεσθαι
794 4027 849 4084 ἓν
897 4033 967 4104 τῇ
1017 4027 1254 4105 παρούσῃ
1292 4032 1428 4103 ζωῇ.
1488 4031 1663 4084 Ταῦτα
1706 4025 1863 4083 αὐτοῦ
1914 4027 1994 4082 εἷ-

348 4120 606 4198 ρηκότος,
656 4117 1032 4198 περιχυθέντες
1092 4115 1235 4191 αὒτῷ
1265 4118 1312 4172 οἱ
1372 4115 1605 4195 μοναχοὶ
1659 4117 1746 4173 καὶ
1788 4119 1996 4196 θερμῶς

333 4209 672 4288 περιφύντες,
705 4204 941 4283 σύμϐολά
998 4227 1056 4262 τε
1112 4205 1255 4285 σαφῆ
1303 4210 1401 4273 τῆς
1462 4204 1548 4262 ἐπὶ
1603 4207 1681 4279 τῷ
1721 4211 1986 4284 χωρισμῷ

329 4296 511 4364 λύπης
570 4297 640 4353 τὰ
690 4293 882 4375 δάκρυα
929 4296 1334 4376 παρασχόντες,
1364 4294 1453 4372 βίᾳ
1504 4293 1593 4350 καὶ
1644 4292 1798 4369 μόλις
1845 4294 1986 4352 ἀπο-

325 4385 653 4449 σπασθέντες
685 4383 780 4441 καιῒ
808 4382 1186 4459 συνταξάμενοι
1215 4383 1594 4464 ἀνεχώρησαν.

2069 3492 2274 3556 videre
2337 3501 2612 3574 precatus
2657 3511 2814 3568 sum,
2850 3502 2907 3555 et
2965 3512 3072 3574 pro
3125 3490 3344 3573 quibus
3388 3491 3543 3552 hanc
3601 3501 3726 3552 tam

2072 3583 2306 3662 longam
2367 3581 2919 3662 peregrinationem
2979 3581 3240 3662 conjeci,
3288 3579 3726 3661 derelinquam.

2072 3669 2292 3734 Verum
2324 3671 2520 3734 facere
2573 3691 2692 3734 non
2748 3689 3018 3752 possum,
3053 3689 3188 3732 cum
3219 3669 3612 3730 vehementer
3661 3669 3728 3730 il-

2075 3761 2166 3822 los
2197 3760 2461 3841 diligam,
2497 3761 2643 3839 quin
2675 3760 3111 3841 aliquantulum
3155 3757 3401 3819 afﬁciar.
3435 3756 3726 3830 Quoniam

2075 3867 2215 3911 vero
2246 3849 2383 3912 illos
2414 3848 2582 3912 abire
2613 3849 3016 3912 necessarium
3061 3845 3191 3918 fuit,
3223 3845 3496 3909 existimo
3529 3861 3730 3908 sacras

2077 3937 2315 4000 illorum
2349 3957 2559 4020 preces
2591 3938 2680 4000 uti
2731 3938 2969 4000 tutelam
3003 3936 3321 4017 quamdam
3351 3953 3420 3997 ac
3449 3946 3728 3997 eventum

2074 4026 2208 4088 vitae
2264 4026 2452 4089 instar
2506 4026 2796 4107 ipsorum,
2832 4025 2979 4086 mihi
3027 4044 3146 4086 non
3199 4023 3426 4086 defore.
3481 4023 3728 4085 Conﬁdo

2078 4115 2239 4179 enim
2263 4114 2409 4192 Deo,
2437 4116 2548 4177 hac
2567 4114 2699 4194 ipsa
2720 4117 2897 4176 etiam
2922 4113 3202 4193 praesenti
3222 4112 3338 4175 vita
3361 4113 3496 4173 illos
3511 4112 3728 4173 iterum

2072 4223 2168 4268 me
2197 4202 3138 4285 conspecturum.Taliaﬁlocutom
3169 4201 3447 4263 monachi
3478 4201 3731 4262 circum-

2069 4301 2353 4373 astantes,
2379 4313 2448 4356 ac
2476 4293 2763 4357 ardenter
2783 4290 3200 4371 circumplexi,
3227 4287 3506 4368 lacrymis
3532 4287 3732 4350 mani-

2003 4383 2273 4446 Dfestam
2335 4383 2539 4464 procul
2599 4381 2780 4444 dubio
2853 4379 3352 4460 signiﬁcationem
3415 4375 3690 4439 fecerunt

323 4493 508 4558 quam
560 4444 719 4553 aegre
764 4470 838 4534 ab
896 4444 1002 4535 illo
1035 4444 1474 4553 separaremur
1506 4492 1520 4536 ε
1555 4488 1737 4553 aquo
1784 4472 1878 4534 vix
1925 4444 2428 4550 tandevmravulsi,
2458 4444 2533 4535 ac
2562 4471 2621 4532 in
2676 4444 2948 4532 ordinem
3007 4466 3352 4550 compositi,
3388 4464 3559 4529 inviti
3610 4444 3732 4528 ab:

325 4567 554 4627 ierunt.

506 4581 554 4627 ι.

322 4581 522 4714 leright".
585 4641 645 4710 ’0
701 4649 781 4733 δὲ,
810 4651 1095 4730 ὓπομαίνας
1143 4651 1198 4707 ιν
1249 4649 1671 4732 Ἰεροσολύμοις,
1705 4673 1824 4718 τους
1889 4673 1988 4709 σε-

2150 4651 2309 4715 XIV.
2332 4653 2516 4714 Porro
2544 4669 2679 4713 cum
2705 4647 3130 4730 Hierosolymis
3159 4647 3256 4711 hic
3273 4645 3728 4730 permansisset,

326 4746 492 4810 πτοὺς
550 4741 746 4806 τόπους
801 4742 888 4799 καὶ
945 4742 1115 4822 ἱεροὺς
1176 4738 1526 4821 περιήρχετο,
1576 4741 1642 4798 τά
1697 4761 1754 4798 τε
1814 4763 1988 4818 μονα-

2078 4739 2410 4803 veneranda
2440 4739 2543 4800 illa
2573 4758 2643 4801 ac
2671 4757 2842 4802 sacra
2871 4739 3025 4813 loca,
3063 4755 3175 4800 nec
3205 4756 3325 4798 non
3374 4737 3735 4799 monasteria

329 4835 528 4913 στηρια
585 4832 674 4888 καὶ
701 4831 768 4887 τὰ
807 4830 915 4888 τῶν
973 4829 1223 4897 ἀσκητῶν
1281 4829 1615 4909 καταγώγια,
1649 4829 1747 4898 τὴν
1802 4829 1990 4910 φιλερ-

2078 4847 2143 4890 ac
2176 4829 2606 4892 monachorum
2641 4827 2945 4889 domicilia
2987 4825 3390 4907 perlustravit,
3425 4833 3484 4886 et
3512 4843 3735 4906 opero-

332 4927 432 5002 τὸν
487 4919 745 4998 μέλιτταν
772 4921 950 4993 ζηλῶν
1004 4920 1251 5000 ἀτεχνῶς
1281 4919 1420 4975 κατὰ
1467 4925 1573 4976 τῶν
1601 4919 1804 5000 ἀρετῶν
1860 4919 1991 4988 ἄνθη

2078 4936 2200 4981 sam
2260 4920 2418 5000 apim
2452 4917 2662 4979 sedulo
2712 4915 3002 4991 imitatus,
3044 4915 3320 4976 virtutum
3368 4914 3548 5002 ﬂores
3591 4913 3734 4975 dili-

336 5001 648 5093 φιλοπόνως
703 5009 1141 5086 ἆπανθιζόμενος.
1207 5009 1302 5066 Καὶ
1347 5008 1374 5064 6
1420 5008 1519 5086 μὲν
1548 5008 1602 5066 ἰν
1652 5009 1858 5072 τούτοις
1903 5009 1990 5078 ἦν.

2079 5015 2290 5088 genter
2347 5006 2668 5087 excerpsit.
2705 5006 2900 5086 Atque
2946 5004 3020 5066 iis
3067 5022 3207 5093 sese
3240 5002 3485 5093 studiis_
3504 5001 3736 5093 Grego-

337 5089 398 5161 ὀὶ
455 5100 512 5158 δὲ
574 5101 829 5181 μοναχοὶ,
862 5097 1259 5161 καταλαϐόντες
1315 5098 1414 5167 τὴν
1475 5097 1744 5174 Τρίπολιν,
1779 5099 1869 5155 καὶ
1922 5099 1992 5165 εἷς

2081 5097 2211 5160 rius
2260 5095 2624 5160 continebat.
2656 5093 2878 5158 Verum
2937 5092 3214 5156 monachi
3271 5111 3405 5155 cum
3440 5089 3735 5173 Tripolim

331 5191 533 5249 πλοῖον
594 5187 877 5270 ἐμϐάντες,
924 5195 995 5266 τῇ
1055 5187 1270 5261 Σικελίᾳ
1296 5189 1809 5269 προσορμισάμενοι,
1862 5209 1992 5244 κατ-

2081 5186 2512 5270 pervenissent,
2545 5183 2679 5266 navi
2707 5200 3040 5245 conscensa
3060 5181 3121 5243 in
3145 5181 3411 5245 Siciliam
3447 5181 3734 5258 navigan-

331 5284 588 5363 ἤχθησαν
645 5281 719 5344 εἷς
779 5279 1142 5361 Ἀκράγαντα.
1206 5275 1318 5337 ’Ἔν
1367 5299 1471 5336 τινι
1529 5279 1584 5335 δὲ
1649 5278 1987 5356 μοναστηρίῳ

2079 5286 2194 5353 tes,
2230 5275 2621 5356 Agrigentum
2653 5280 2790 5336 sunt
2818 5271 3071 5353 advecti;
3099 5270 3530 5363 monasterium
3561 5287 3729 5363 vero,

325 5357 413 5428 εἴ
444 5371 699 5450 γειτόνων
755 5357 892 5426 ὄντα
929 5370 1354 5448 παραγενόμενοι
1400 5374 1478 5442 τῷ
1519 5366 1804 5446 ἡγουμένῳ
1845 5364 1983 5431 ξενί-

2078 5365 2226 5448 quod
2280 5363 2365 5426 ibi
2395 5365 2729 5446 proximum
2765 5371 2913 5438 erat,
2948 5363 3259 5450 adeuntes,
3292 5358 3448 5440 apud
3496 5357 3730 5450 praesi-

322 5447 533 5538 ζονται,
583 5463 642 5519 ὃν
700 5463 730 5518 6
799 5447 1284 5538 προφητικώτατος
1343 5458 1556 5538 Μάρκος
1611 5457 1699 5514 καὶ
1770 5456 1848 5532 μὴ
1897 5478 1984 5512 πω

2078 5447 2201 5520 iem
2234 5452 2608 5516 diversantur
2641 5469 2657 5528 ;
2717 5469 2896 5533 quem
2929 5450 3169 5534 quidem
3203 5448 3435 5511 Marcus
3485 5447 3730 5538 futuro-

322 5549 483 5634 ἰδὼν,
517 5537 521 5538 ν
555 5549 765 5612 Παῦλον
841 5537 895 5614 ἐξ
926 5537 933 5538 ί
969 5546 1230 5624 ὀνόματος
1299 5537 1479 5609 αὖτόθι
1549 5545 1781 5610 καλέσας
1817 5589 1835 5622 ,
1907 5547 1983 5634 είς

2078 5564 2195 5610 rum
2225 5543 2511 5625 praescius
2542 5559 2680 5605 cum
2702 5557 3006 5634 nunquam
3031 5538 3308 5616 vidisset,
3342 5537 3593 5634 proprio
3627 5554 3733 5634 n.0-

320 5624 517 5726 θάμϐος
592 5639 848 5704 ἐνέϐαλε·
926 5637 1024 5726 καί
1109 5640 1228 5720 περὶ
1320 5639 1413 5698 τοῦ
1481 5634 1864 5719 προῤῥηθὲντος
1925 5633 1980 5693 δὲ

2078 5624 2500 5700 πιίιιοίΡοιιΙυω
2530 5629 2866 5715 appellans,
2891 5628 2955 5696 in
2984 5635 3296 5712 stuporem
3332 5625 3619 5710 coniecit.
3642 5624 3736 5690 Ac
