4136 6432
349 364 464 438 207

1657 365 1938 432 MENSIS
1980 369 2033 433 Ν
2037 363 2423 432 OVEMBER.

3616 355 3738 426 208

350 503 425 565 de
475 501 757 583 praedicto
788 507 992 564 sancto
1054 499 1425 576 Potamione,
1457 517 1632 582 quem
1686 517 1988 580 nunquam

2096 501 2217 558 ισίου
2261 501 2630 577 Ποταμίωνος,
2677 503 2846 578 μήπω
2916 503 3145 582 πρότερα
3220 500 3362 574 αὐτῷ
3435 501 3740 577 γνωσθῆναι

352 600 532 655 antea
561 591 648 654 illi
679 591 981 669 cognitum
1017 609 1149 652 esse
1181 590 1566 670 existimarat,
1595 597 1998 670 percontatus,

351 681 542 745 nihilo
577 681 875 742 minorem
902 680 1357 742 admirationem
1380 679 1610 759 injecit.
1636 677 1838 759 Itaque
1869 695 2003 740 cum

355 789 563 834 mensa
613 771 734 833 illis
763 778 920 832 esset
970 769 1267 851 apposita,
1299 787 1367 830 ac
1398 769 1566 850 panis
1598 775 1652 828 et
1698 787 1866 848 aqum
1897 767 2006 838 (uti

352 860 474 923 illis
521 860 705 922 moris
752 860 864 939 est)
914 868 1116 921 mutue
1163 859 1511 939 participem
1574 856 1879 939 fecissent,
1912 857 2005 918 vi-

353 968 456 1013 ros
504 951 788 1032 episcopo
830 947 1193 1028 manifestat,
1231 956 1292 1010 et
1345 955 1406 1008 ut
1437 945 1665 1008 Marcus
1700 947 2008 1009 hominem

355 1057 534 1120 quem
587 1056 889 1119 nunquam
949 1037 1203 1111 viderat,
1258 1036 1609 1098 nominatim
1669 1035 2006 1117 appellarit,

354 1147 469 1208 quo
522 1127 627 1189 ille
659 1126 868 1188 nuntio
932 1125 1185 1190 mirifice
1217 1125 1482 1206 gravisus
1531 1132 1642 1200 est,
1677 1125 1857 1205 idque
1910 1125 2007 1186 in-

354 1223 688 1297 exspectato
748 1216 920 1278 lucro
951 1233 1286 1297 apponens,
1325 1215 1398 1276 ad
1459 1215 1654 1294 ipsum
1689 1213 2000 1276 confestim

350 1314 646 1388 properat.
683 1305 866 1368 Porro
899 1324 1037 1367 cum
1072 1305 1209 1366 illos
1240 1303 1447 1366 obvios
1478 1303 1803 1384 habuisset,
1841 1323 2002 1366 com-

349 1397 638 1476 plexatus,
667 1403 727 1457 et
776 1413 884 1476 per
912 1394 1048 1456 illos
1078 1393 1360 1475 quidnam
1383 1393 1536 1473 apud
1568 1411 1670 1454 eos
1701 1400 2000 1472 ageretur,

350 1485 594 1566 quinam
627 1491 849 1564 essent,
885 1501 1076 1563 quove
1106 1484 1216 1544 hac
1241 1481 1730 1562 peregrinatione
1762 1490 2006 1544 conten-

354 1575 590 1654 derent,
617 1590 1010 1652 cognoscens,
1041 1579 1099 1634 et
1115 1589 1324 1633 rursus
1349 1571 1519 1650 cujus
1541 1569 1630 1632 rei
1652 1589 1828 1635 causa
1848 1571 2006 1632 navi-

351 1662 651 1742 gationem
708 1661 996 1736 facerent,
1027 1679 1165 1725 cum
1214 1660 1332 1722 illis
1363 1659 1528 1723 brevi
1581 1668 2000 1737 commoratus,

2087 588 2364 654 δοκοῦντος
2421 592 2736 667 πυθόμενος,
2801 589 2947 648 οὐδὲν
3005 595 3166 660 ἦττον
3221 588 3528 656 ἐξέπληξεν,
3588 586 3746 645 Ἐπεὶ

2088 677 2141 734 δὲ
2199 681 2285 736 καὶ
2313 681 2544 759 τράπεζα
2605 681 2866 760 παρετέθη
2923 685 3128 760 οὐτοῖς,
3163 681 3249 736 καὶ
3304 682 3379 734 ὧν
3408 678 3522 742 ἔθος
3577 677 3748 756 εἶχον

2091 767 2380 848 μετέσχον,
2445 767 2602 848 ἄρτου
2659 773 2747 826 καὶ
2821 769 3030 842 ὕδατος,
3091 773 3277 845 μηνύει
3333 775 3410 843 τῷ
3467 767 3750 839 ἐπισκόπῳ

2091 859 2211 923 τοὺς
2269 857 2479 939 ἄνδρας,
2517 861 2602 916 καὶ
2633 859 2777 925 ὅπως
2810 862 2836 917 ὁ
2870 861 3077 937 Μάρκος
3125 860 3183 914 ὃν
3216 857 3420 916 οὐδέπω
3477 856 3743 929 τεθέαται,

2092 947 2344 1022 ὀνομαστὶ
2393 956 2578 1006 τοὶτον
2607 949 2812 1009 ἐκάλει.
2851 941 2908 1006 Ὀ
2940 947 2992 1004 δὲ
3049 948 3185 1005 πάνυ
3213 969 3269 1003 τε
3300 946 3438 1014 ἥσθη
3464 951 3541 1020 τῷ
3572 945 3745 1024 λόγῳ,

2092 1041 2180 1093 καὶ
2232 1038 2450 1100 τούτους
2481 1038 2667 1116 ἕρμαιν
2723 1039 3112 1114 ποιησάμενος,
3143 1038 3328 1094 αὐτίκα
3388 1035 3748 1112 μεταπέμπε-

2092 1147 2177 1181 ται
2227 1126 2350 1204 παρ’
2413 1131 2590 1186 αὐτόν’
2647 1129 3080 1206 παραγεγονότας
3113 1125 3168 1182 δὲ
3223 1127 3624 1204 ἀσπασάμενος,
3656 1124 3755 1179 καὶ

2091 1213 2156 1270 δι’
2191 1216 2362 1270 αὐτῶν
2393 1216 2458 1272 τὰ
2487 1216 2604 1273 κατ’
2638 1218 2824 1280 αὐτοὺς
2877 1218 3055 1295 γνοὺς,
3087 1219 3224 1275 τίνες
3253 1237 3311 1272 τε
3344 1218 3478 1289 εἶεν,
3514 1215 3602 1270 καὶ
3629 1214 3752 1268 τίνα

2086 1305 2185 1370 τὴν
2231 1302 2534 1380 ἀποδημίαν
2566 1305 2889 1386 ἐστάλησαν,
2923 1307 3019 1362 καὶ
3068 1307 3127 1364 οὗ
3156 1304 3315 1363 πάλιν
3345 1307 3435 1361 τὸν
3467 1301 3747 1360 ἀπόπλουν

2087 1399 2382 1468 ποιοῦνται,
2431 1393 2766 1471 συνεδριασας
2828 1397 3009 1460 αὐτοῖς
3070 1397 3199 1469 πρὸς
3257 1395 3433 1474 βραχύ
3489 1394 3580 1450 καὶ
3625 1413 3746 1448 τινα

2086 1481 2306 1562 θεοφιλῆ
2361 1483 2783 1565 συνωμιληκὼς,
2852 1487 2982 1562 πρὸς
3028 1486 3125 1552 τὴν
3203 1483 3490 1550 ἐκκλησίαν
3543 1480 3742 1557 ἀπῄει,

2088 1573 2186 1639 τὴν
2237 1572 2378 1651 ἱεράν
2409 1571 2636 1630 τελέσων
2693 1575 3091 1652 μυσταγωγίαν
3126 1572 3191 1641 ἧν
3241 1573 3341 1650 γὰρ
3395 1573 3483 1629 καὶ
3541 1573 3578 1639 ἡ
3636 1592 3748 1626 των

2088 1663 2382 1741 κορυφαίων
2417 1661 2730 1719 ἀποστόλων
2762 1664 2919 1742 ἑορτὴ
2954 1662 3150 1742 Πέτρου
3180 1663 3266 1718 καὶ
3297 1660 3526 1722 Παύλου.

353 1771 421 1815 ac
476 1751 676 1814 divina
708 1749 980 1832 quaedam
1014 1758 1469 1824 commentatus,
1509 1749 1579 1810 ad
1617 1749 1951 1824 ecclesiam,
1988 1749 2304 1831 mysticum
2367 1749 2727 1813 sacriﬁcium
2761 1750 3195 1832 celebraturus,
3241 1747 3658 1832 proﬁciscitur.
3691 1749 3747 1809 ls

357 1842 513 1904 enim
549 1839 715 1903 Petri
744 1847 803 1901 et
833 1839 999 1901 Pauli
1030 1856 1402 1902 summorum
1435 1837 1841 1918 apostolorum
1873 1837 2003 1900 dies
2031 1837 2222 1902 festus
2254 1848 2401 1904 erat.

437 1929 820 1992 XV.Postera
834 1937 1033 1990 autem
1053 1929 1147 1989 die
1162 1936 1296 2009 post
1314 1925 1629 1988 matutinas
1644 1925 2005 1993 laudes.cum

2171 1929 2278 2006 lE’,
2327 1933 2405 2006 Τῇ
2457 1930 2706 2010 ἐπαύριον
2753 1929 2806 1987 δὲ
2864 1932 2999 2007 μετὰ
3043 1931 3137 1996 τὰς
3191 1931 3410 1995 ἑωθινὰς
3460 1927 3597 2004 ᾠδὰς
3653 1929 3752 1984 τοῦ

361 2018 683 2101 episcOpus
736 2016 858 2078 illis
907 2017 1168 2092 adesset,
1201 2016 1398 2096 deque
1445 2015 1627 2077 rebus
1687 2015 1902 2077 divinis
1944 2035 2013 2078 ac

356 2106 724 2171 salutaribus
739 2125 871 2167 cum
894 2105 1015 2168 illis
1042 2105 1418 2167 familiariter
1440 2104 2012 2186 loqueretur,statim

361 2196 637 2276 Gregorii
668 2204 944 2276 parentes
1003 2197 1060 2257 in
1094 2194 1306 2257 urbem
1340 2194 1594 2275 ingressi
1634 2203 1799 2268 sunt,
1833 2203 1897 2256 ut
1926 2194 2015 2258 illi

359 2296 644 2365 tanquam
671 2291 902 2346 mortuo
931 2291 1361 2365 parentarent;
1396 2285 1608 2346 eodem
1638 2302 1894 2365 namque
1918 2283 2017 2346 die

363 2383 635 2435 mortuus
663 2373 780 2436 illis
821 2375 981 2435 visus
1011 2374 1225 2435 fuerat.
1269 2373 1447 2453 Atqui
1479 2391 1612 2435 cum
1647 2381 1837 2436 mater
1867 2374 2018 2436 Gre-

365 2462 516 2542 gorii
570 2480 859 2540 aequaevos
909 2481 1129 2544 pueros
1183 2461 1452 2542 vidisset,
1503 2461 1608 2522 filii
1668 2461 2018 2524 memoriam

364 2551 634 2629 subiens,
669 2551 1003 2614 visceribus
1033 2560 1123 2614 est
1177 2552 1433 2628 graviter
1461 2550 1764 2625 intercisa,
1799 2551 2020 2632 quippe

365 2642 580 2704 borum
637 2650 914 2721 aspectus
962 2641 1134 2702 ﬂetus
1182 2639 1269 2701 illi
1303 2645 1556 2717 {causam
1608 2639 2012 2702 ministravit:

365 2730 476 2793 Hei
508 2729 657 2791 mihi
692 2730 974 2810 (dicens),
1001 2729 1086 2790 ﬁli
1117 2728 1530 2804 dilectissime,
1558 2729 1638 2790 fili
1672 2738 1788 2791 tam
1809 2728 2020 2808 ingens

368 2821 524 2881 inter
555 2819 813 2900 {equales
840 2819 1151 2900 splendor,
1183 2837 1359 2899 quam
1385 2818 1471 2879 sol
1506 2818 1660 2880 inter
1691 2826 1866 2880 astra.
1900 2817 2020 2879 Hos

368 2909 606 2989 quidem
643 2908 731 2969 tui
765 2926 943 2970 causa
975 2925 1188 2969 omnes
1242 2913 1478 2969 intueor
1510 2931 1526 2983 ;
1563 2915 1623 2967 tu
1655 2925 1792 2969 vero
1823 2905 1925 2967 ubi
1956 2925 2022 2969 es

368 3005 697 3060 terrarum?
723 2999 845 3060 Cur
877 3015 942 3058 es
976 2997 1138 3076 (oro)
1167 2997 1228 3057 in
1263 2997 1460 3059 lucem
1495 2995 1692 3058 editus
1721 3003 1748 3058 ?
1778 2996 2017 3058 Utinam

369 3086 576 3148 mortis
598 3095 711 3148 tua:
734 3104 922 3164 genus
952 3103 1336 3164 agnoscerem
1365 3085 1378 3147 !
1411 3085 1637 3146 utinam
1672 3085 1890 3160 locum,
1912 3083 2018 3146 ubi

367 3174 698 3238 occubuisti
729 3183 904 3256 atque
941 3175 1163 3235 utinam
1188 3175 1432 3248 scirem,
1454 3173 1504 3235 si
1522 3175 1620 3254 qui
1645 3172 1750 3235 tibi
1775 3174 2018 3235 fuerunt

2095 2018 2389 2077 ἐπισκόπου
2465 2023 2710 2081 συιόντος
2783 2024 2968 2085 αὐτοῖς
3038 2022 3125 2078 καὶ
3209 2018 3610 2092 ωνομιλοῦντος
3681 2016 3753 2074 τὰ

2095 2107 2324 2186 θεοφιλῆ
2380 2112 2468 2166 καὶ
2532 2111 2795 2181 σωτήρια,
2835 2111 3019 2167 αὐτίκα
3063 2111 3149 2167 καὶ
3209 2112 3255 2166 οἱ
3308 2119 3399 2168 τοῦ
3457 2106 3752 2185 Γρηγορίου

2096 2197 2274 2275 γονέῖς
2333 2198 2434 2265 τὴν
2464 2197 2622 2254 πόλιν
2675 2200 2942 2276 εἰσῄεσαν,
2982 2202 3055 2263 ὡς
3088 2198 3174 2255 ἐπὶ
3232 2205 3399 2276 νεκρῷ
3429 2197 3494 2254 τὰ
3547 2195 3754 2253 ἐκείνου

2101 2286 2312 2344 τελέσαι
2369 2289 2710 2364 μνημόσυνα·
2774 2289 2910 2346 κατᾶ
2966 2288 3166 2355 ταύτην
3235 2288 3334 2365 γὰρ
3388 2287 3485 2354 τὴν
3543 2283 3756 2362 ἡμέραν

2101 2375 2307 2455 ἀφανὴς
2363 2376 2548 2440 αὐτοῖς
2605 2375 2860 2454 ἐγεγόνει,
2917 2377 3050 2441 Τοὺς
3093 2376 3282 2444 ἥλικας
3334 2375 3420 2432 οὖν
3464 2382 3541 2450 τῷ
3601 2379 3755 2452 Γρη-

2101 2465 2261 2542 γορίῳ
2313 2463 2507 2531 παῖδας
2563 2466 2805 2542 θεωμένη
2862 2467 2897 2533 ἡ
2961 2469 3142 2545 μήτηρ
3201 2467 3274 2529 εἷς
3339 2465 3636 2541 ὑπόμνησίν
3691 2485 3755 2520 τε

2102 2555 2260 2610 αὐτοῦ
2320 2555 2493 2627 ἰοῦσα,
2553 2554 2640 2610 καὶ
2696 2555 2761 2610 τὰ
2820 2552 3107 2634 σπλάγχνα
3177 2552 3357 2620 δεινῶς
3413 2553 3756 2630 κοπτομένη,

2103 2641 2344 2721 ἀφορμὴν
2403 2645 2606 2719 θρήνων
2665 2643 2762 2711 τὴν
2821 2644 3034 2699 ἐκείνων
3089 2643 3267 2722 ὅρασίν
3319 2643 3581 2717 ἐποιεῖτο,
3643 2642 3761 2700 Οἴ-

2104 2754 2218 2806 μοι,
2275 2730 2526 2811 λέγουσα,
2560 2731 2745 2788 τέκνον
2799 2731 3073 2811 φίλτατον,
3132 2733 3338 2809 τέκνον,
3388 2737 3642 2791 τοσοῦτον
3699 2732 3761 2789 ἐν

2103 2817 2244 2886 ἥλιξι
2302 2817 2640 2895 διαλάμπον,
2703 2820 2826 2878 ὅσον
2882 2820 2936 2876 ἐν
2992 2821 3242 2901 ἀστράσιν
3293 2821 3470 2898 ἥλιος,
3534 2822 3756 2885 τούτους

2103 2910 2200 2984 μὲν
2249 2909 2367 2972 τοὺς
2398 2910 2534 2965 κατὰ
2587 2909 2645 2964 σὲ
2677 2911 2876 2974 πάντας
2921 2913 3081 2990 ὅρων,
3118 2913 3180 2968 σῖ)
3229 2907 3284 2967 δὲ
3315 2934 3407 2987 μοι
3463 2912 3758 2990 μονογενὲς

2101 3005 2205 3054 ποῦ
2249 3004 2336 3054 νῦν
2385 2995 2484 3076 ἄρα
2541 2997 2874 3079 τυγχάνεις;
2923 2999 2972 3057 τί
3023 3000 3246 3078 γέγονας
3283 3020 3300 3073 ς
3359 2999 3482 3058 Εἴθε
3523 3022 3618 3057 σου
3657 3001 3761 3057 τόν

2103 3087 2294 3164 τρόπον
2345 3087 2630 3166 ἐγίνωσκον
2686 3097 2776 3145 τοῦ
2817 3090 3064 3147 θανάτου·
3123 3090 3233 3146 εἴθε
3274 3092 3361 3147 καὶ
3414 3091 3504 3146 τὸν
3557 3092 3754 3162 τόπον,

2101 3182 2160 3233 οὗ
2229 3175 2540 3243 πέπτωκας·
2590 3177 2700 3235 εἴθε
2759 3179 2846 3236 καὶ
2905 3179 2959 3234 εἴ
3021 3178 3155 3244 τινές
3228 3185 3310 3236 σοι
3368 3186 3460 3237 τοῦ
3523 3177 3754 3239 θανᾶτου

370 3265 580 3326 mortis
591 3264 887 3327 auctores!
913 3263 1055 3326 Tuae
1069 3283 1326 3341 namque
1346 3264 2010 3341 calamitatisignoratio

2098 3265 2378 3345 γεγόνασιν
2430 3265 2622 3327 α’ίτιοι.
2671 3267 2819 3334 Abiu
2871 3290 2962 3343 μοι
3011 3270 3073 3325 τὸ
3117 3270 3286 3335 πάθος
3337 3271 3436 3338 τῆς
3475 3274 3747 3348 συμφορᾶς

365 3353 514 3414 mihi
563 3352 835 3415 dolorem
867 3360 1067 3432 auget,
1099 3354 1354 3434 facitque
1384 3362 1470 3434 ut,
1504 3372 1638 3415 cum
1672 3353 1759 3416 sic
1811 3353 2016 3432 lugere

369 3459 568 3522 cogar,
587 3440 884 3520 ignorem,
909 3441 966 3501 in
988 3460 1103 3522 quo
1130 3443 1269 3502 mihi
1292 3443 1429 3521 jure
1457 3442 2012 3504 sitlamentandum.

365 3529 534 3592 Alias
591 3528 751 3590 enim
785 3547 962 3590 omne
1008 3532 1218 3592 mortis
1249 3549 1435 3609 genus
1482 3541 1825 3611 suspectum
1855 3532 2013 3608 facit,

365 3617 511 3680 alias
533 3618 809 3680 omnibus
833 3619 1137 3699 compellit
1159 3618 1458 3683 diffidere.
1491 3619 1642 3682 Num
1681 3639 1812 3701 quae
1833 3619 2016 3684 silve-

367 3707 507 3768 stris
539 3717 596 3769 te
625 3707 751 3769 fera
781 3707 1031 3785 rapuit?
1078 3708 1156 3769 At
1186 3709 1446 3770 ferarum
1483 3717 1639 3771 tecta
1667 3718 1803 3770 sunt
1831 3709 2014 3774 silvae.

364 3798 522 3859 Num
550 3796 652 3876 qui
671 3796 1002 3858 telatrones
1022 3796 1527 3860 interfecere?Sed
1559 3799 1692 3876 quis
1716 3807 1831 3860 tam
1851 3798 2018 3860 dirus

364 3893 542 3964 atque
594 3894 876 3948 cruentus
921 3886 1180 3966 animus,
1212 3894 1272 3948 et
1321 3886 1595 3949 humanae
1627 3896 1742 3949 tam
1805 3905 2018 3968 expers

363 3981 608 4048 natura),
643 3991 713 4035 ac
769 3981 834 4034 ut
861 3974 1060 4055 reipsa
1091 3974 1162 4036 ad
1208 3975 1619 4038 crudelitatem
1652 3977 1800 4057 lapis
1830 3985 2014 4053 esset,

364 4062 467 4142 qui
517 4080 635 4122 non
669 4070 824 4122 tuam
871 4061 1160 4132 (obsecro)
1206 4064 1535 4144 juvenilem
1577 4075 1808 4128 aetatem
1841 4085 2014 4129 vere-

359 4157 527 4210 retur
557 4148 583 4211 ?
638 4149 740 4230 qui
773 4169 889 4211 non
923 4149 999 4212 ob
1050 4152 1256 4213 formai
1286 4153 1550 4234 speciem
1600 4155 2018 4219 misericordia

363 4239 738 4302 ﬂecteretur?
761 4237 878 4303 Sed
902 4240 1043 4322 quid
1069 4240 1196 4302 haec
1217 4241 1435 4303 frustra
1457 4242 1799 4306 lamentor?
1829 4244 2008 4322 Deus,

363 4345 398 4388 a
427 4347 542 4408 quo
575 4327 1044 4390 consolationem
1078 4329 1280 4390 infelix
1322 4331 1585 4411 invenio,
1618 4332 1859 4394 ubinam
1889 4334 2018 4416 ipse

363 4417 447 4477 sis
480 4417 636 4478 scire
668 4417 833 4478 solus
857 4424 1070 4497 potest.
1107 4416 1272 4479 Talia
1297 4438 1430 4481 cum
1457 4431 1646 4484 mater
1669 4422 2019 4487 lamentare-

359 4514 480 4584 tur,
541 4505 812 4584 plerique
873 4523 1081 4567 omnes
1142 4505 1304 4568 cives
1375 4508 1518 4571 illuc
1579 4520 2010 4591 convenerant,

361 4593 612 4673 ejusque
643 4593 806 4654 luctu
839 4593 1384 4659 commovebantur.

440 4680 592 4744 XVI.
629 4679 851 4743 Verum
880 4701 1016 4743 cum
1043 4684 1376 4748 ululatusin
1401 4687 1584 4750 altum
1610 4690 2014 4767 tolleretur,et

356 4770 588 4861 Marcus
603 4770 918 4861 ejulantem
937 4773 1372 4855 sensisset,ejus
1387 4796 1623 4839 causam
1641 4779 1713 4841 ab
1729 4779 2008 4861 episcopo

357 4857 1008 4947 siscitabatur,multum
1025 4870 1082 4923 et
1096 4861 1222 4944 ipse
1244 4882 1566 4947 amaraque
1581 4857 2007 4947 ingemiscens,

355 4946 650 5038 lacrymas
682 4949 880 5011 verbis
922 4951 1368 5017 commiscebat.
1404 4946 1545 5033 Ego,
1585 4955 1779 5030 Pater,
1815 4946 2010 5038 inquit

353 5036 692 5128 episcopus,
729 5055 964 5116 gravem
987 5039 1092 5100 tibi
1123 5059 1324 5102 casum
1354 5043 1700 5120 edisseram,
1739 5043 1845 5107 Vir
1863 5036 2003 5128 qui-

352 5125 488 5216 dam
520 5125 772 5216 honesto
801 5145 1044 5209 genere,
1089 5147 1157 5190 ex
1190 5130 1316 5191 vico
1359 5138 1575 5193 nostrze
1604 5133 1822 5196 civitati
1855 5125 2001 5216 piro-

347 5215 510 5276 ximo
562 5215 879 5291 oriundus,
916 5234 1050 5278 cum
1086 5217 1311 5281 divitiis
1364 5221 1603 5296 florens,
1643 5230 1764 5284 tum
1803 5215 2002 5287 mente

348 5300 747 5392 locupletiore
779 5313 1206 5385 praestans,sua
1226 5309 1427 5370 omnia
1448 5311 1806 5392 pauperibus
1831 5333 2001 5376 com-

343 5390 710 5453 municabat.
747 5393 824 5456 At
870 5412 1115 5456 uxorem
1150 5396 1304 5476 piam
1356 5390 1674 5462 admodum
1722 5411 1778 5464 et
1827 5423 2002 5466 orna-

343 5486 459 5540 tam
517 5481 766 5561 ducens,
803 5481 1018 5581 ﬁl_ium_
1053 5502 1121 5545 ex
1177 5504 1244 5548 ea
1294 5505 1541 5566 precum
1577 5509 1714 5569 ergo
1763 5495 1992 5572 genuit,

2096 5481 2307 5576 γυναικά
2353 5519 2415 5577 γε
2473 5497 2590 5554 λίαν
2648 5499 2792 5580 ἔχων
2849 5499 3038 5569 εὐσεϐῆ
3097 5505 3184 5560 καὶ
3241 5481 3490 5581 κοσμίαν,
3545 5481 3738 5571 παιδος

2031 4660 2082 4716 D

2096 3355 2131 3423 ἡ
2190 3353 2400 3434 ἄγνοια,
2451 3358 2539 3412 καὶ
2592 3360 2806 3436 θρηνεῖν
2862 3359 3292 3436 ἀναγκαζομένῃ,
3354 3358 3491 3436 μηδὲ
3547 3359 3629 3440 ἐφ’
3693 3363 3746 3434 ᾧ

2097 3446 2312 3520 θρηνεῖν
2367 3443 2554 3502 εἰδέναι
2611 3445 2788 3511 καλῶς
2837 3445 3037 3504 δίδωσι⁶
3089 3448 3261 3505 πάντα
3293 3448 3392 3525 μὲν
3438 3449 3539 3529 γὰρ
3589 3449 3753 3505 θανά-

2101 3554 2192 3590 του
2218 3535 2414 3612 τρόπον
2456 3535 2769 3594 ὑποπτεύειν
2818 3537 2994 3611 ποιεῖ,
3027 3543 3157 3595 πᾶσι
3203 3537 3257 3594 δὲ
3287 3538 3448 3598 πάλιν
3495 3539 3752 3596 ἀπιστεῖν

2099 3621 2407 3701 ἀναγκάζει.
2468 3619 2598 3705 Ἆρά
2656 3646 2716 3682 σε
2757 3627 2936 3705 θηρίον
2994 3648 3044 3684 τι
3077 3632 3180 3708 τῷν
3227 3628 3423 3708 ἀγρίων
3488 3628 3688 3708 ἥρπασε
3729 3649 3751 3705 ς

2100 3710 2236 3768 ἀλλὰ
2281 3714 2475 3792 θηρίων
2533 3717 2561 3771 ὁ
2595 3717 2756 3780 τόπος
2815 3716 3038 3794 ἕρημος.
3104 3705 3236 3796 ’Λρά
3278 3705 3350 3774 ⁷σε
3407 3705 3598 3796 λῃσταῖ
3631 3718 3753 3776 διε-

2101 3803 2417 3879 χρήσαντο;
2471 3802 2610 3861 ἀλλὰ
2650 3806 2732 3864 τίς
2791 3804 2927 3862 οὕτω
2979 3805 3259 3886 μιαιφόνος
3307 3807 3462 3888 ψυχὴ
3515 3810 3603 3866 καὶ
3643 3813 3753 3876 τῆς

2100 3893 2429 3970 ανθρωπίνης
2490 3890 2588 3957 ἔξω
2648 3893 2878 3974 φύσεως,
2939 3895 3036 3950 κᾶν
3094 3893 3416 3976 αὐτόχρημα
3471 3895 3608 3962 λίθος
3677 3897 3754 3966 ἧν

2099 3980 2172 4043 εἷς
2231 3980 2511 4061 ὠμότητα,
2544 3981 2664 4050 ἥτις
2712 4005 2806 4042 σου
2861 3984 2940 4057 μὴ
2994 3983 3057 4038 τὸ
3115 3983 3228 4040 νέον
3273 3982 3586 4056 ἐδυσωπήθη
3642 3993 3751 4056 τῆς

2096 4067 2328 4144 ἡλικίας,
2361 4070 2480 4138 ἥτις
2537 4093 2630 4128 σου
2660 4071 2739 4148 μὴ
2769 4074 2830 4128 τὸ
2878 4069 3077 4137 κάλλος
3105 4071 3306 4141 ἠλέησε
3333 4079 3430 4142 τῆς
3479 4081 3688 4156 μορφῆς
3731 4099 3751 4153 ;

2095 4156 2266 4214 Ἀλλᾶ
2321 4161 2371 4217 τί
2403 4161 2579 4236 μάτην
2607 4159 2772 4217 ταῦτα
2823 4164 3052 4240 θρηνῶς
3102 4163 3232 4226 Θεὸς
3283 4163 3346 4218 ἃν
3375 4162 3534 4232 εἰδείη
3582 4168 3754 4240 μόνος

2095 4255 2155 4306 οὗ
2211 4251 2494 4330 τυγχάνεις
2553 4251 2734 4328 αὐτὸς,
2767 4251 2853 4307 καὶ
2912 4249 3034 4330 παρ’
3089 4259 3147 4309 οὗ
3203 4252 3366 4328 μόνου
3419 4255 3515 4322 τὴν
3563 4256 3749 4332 παρά-

2101 4336 2294 4404 κλησιν
2336 4340 2371 4406 ἡ
2402 4337 2670 4418 δυστυχής
2703 4360 2928 4418 ευροιμι.
2961 4349 3188 4399 Τοιαῦτα
3239 4346 3337 4410 τῆς
3368 4345 3572 4422 μητρὸς
3619 4344 3754 4402 ὀλο·

2100 4425 2399 4504 φυρομένης
2459 4427 2720 4502 συνῄεσαν
2751 4425 2946 4507 σχεδὸν
3007 4431 3053 4485 οἱ
3099 4431 3198 4498 τῆς
3230 4428 3436 4495 πόλεως
3482 4431 3742 4509 ἅπαντες,

2098 4515 2184 4570 καὶ
2215 4516 2305 4571 τὸν
2333 4519 2524 4595 θρῆνον
2547 4516 2678 4594 αὐτῇ
2710 4516 3051 4580 συνέπλεκον.

2177 4693 2302 4766 ις’.
2328 4691 2428 4750 Ὠσ
2458 4693 2512 4749 δὲ
2533 4694 2619 4751 ἐπὶ
2641 4702 2829 4772 μεῖζον
2850 4698 2878 4752 δ
2897 4698 3132 4764 κωκυτὸς
3163 4696 3342 4778 ᾔρετο,
3363 4699 3459 4757 καί
3480 4702 3508 4758 ὁ
3527 4701 3745 4782 Μάρκος

2093 4785 2186 4839 τοῦ
2243 4784 2460 4846 πένθους
2505 4785 2814 4860 αἰσθόμενος
2861 4794 2953 4844 τοῦ
3001 4786 3295 4846 ἐπισκόπου
3345 4787 3741 4874 διεπύνθανετο,

2093 4872 2180 4928 καὶ
2231 4877 2329 4940 τῆς
2367 4871 2630 4951 όλολυγῆς
2683 4874 2782 4942 τὴν
2813 4875 2980 4932 αἰτίαν
3023 4877 3196 4946 ἐζήτει
3245 4881 3458 4959 μαθεῖν,
3492 4879 3630 4959 μέγα
3685 4871 3742 4938 τὶ

2092 4962 2179 5017 καὶ
2218 4963 2405 5040 πικρὸν
2450 4961 2746 5037 ἆνοιμωξας
2805 4963 3014 5030 ἐκεῖνος
3062 4966 3149 5022 καὶ
3203 4965 3416 5046 δάκρυσι
3476 4968 3743 5046 συμμίξας

2088 5052 2209 5116 τοὺς
2241 5049 2456 5129 λόγους,
2491 5049 2636 5130 Ἐγώ
2668 5075 2748 5109 σοι
2805 5054 2867 5108 τὸ
2897 5050 3102 5130 συμϐὰν
3134 5054 3262 5132 ὅπερ
3294 5056 3514 5116 ἐνταῦθα
3544 5057 3741 5136 δεινὸν,

2086 5141 2212 5222 ἔφη,
2245 5142 2334 5197 καὶ
2363 5139 2713 5218 διηγήσομαι.
2765 5139 2928 5219 Ἀνήρ
2958 5165 3038 5208 τις
3068 5144 3174 5202 τῶν
3205 5146 3261 5202 εὖ
3310 5147 3604 5226 γεγονότων
3633 5148 3746 5206 ἀπὸ

2086 5231 2182 5298 τῆς
2242 5230 2294 5286 ἐν
2326 5229 2578 5308 γειτόνων
2633 5237 2702 5309 τῇ
2751 5230 2906 5288 πὸλει
2960 5233 3114 5308 ἡμῶν
3146 5233 3338 5310 κώμης
3402 5236 3743 5314 ὁρμώμενος,

2087 5319 2298 5392 πλούτῳ
2353 5341 2410 5375 τε
2470 5319 2702 5400 θάλλων,
2764 5323 2850 5378 καὶ
2910 5323 3102 5400 γνώμη
3160 5323 3526 5406 πλουσιώτέρᾳ
3581 5327 3744 5406 χρώ-

2086 5431 2267 5484 μενος,
2330 5411 2418 5466 καὶ
2483 5410 2550 5466 τὰ
2608 5409 2766 5467 αὐτοῦ
2825 5411 2998 5468 πάντα
3054 5415 3159 5469 τῶν
3216 5416 3465 5485 πενήτων
3536 5421 3735 5498 ποιῶν,

337 5587 517 5672 quem
572 5588 804 5672 asacro
858 5569 1213 5672 baptismate
1260 5575 1392 5672 ipse
1447 5581 1708 5660 suscepi.
1769 5569 1996 5645 Videns

2096 5569 2293 5665 ippsvoc
2352 5569 2418 5642 δι’
2471 5587 2639 5666 εὐχῆς
2679 5569 2932 5668 ’ἐγεγόνει
2972 5592 3172 5672 πατὴρ,
3207 5594 3266 5650 ὃν
3319 5569 3489 5658 αὐτὸς,
3520 5592 3581 5650 ἐκ
3636 5569 3732 5652 του

332 5659 519 5739 igitur
569 5666 738 5739 pater
768 5659 950 5740 prolis
1009 5663 1478 5746 susceptionem,
1513 5676 1572 5730 et
1616 5659 1825 5750 preces
1857 5681 1995 5738 voto

2096 5659 2214 5733 ιέέου
2272 5659 2638 5755 βαπτίσματος
2689 5659 3049 5762 ἀναδέχομαι.
3123 5659 3272 5741 ἱι”δὼν
3329 5691 3414 5742 οὖν
3473 5686 3502 5742 ὁ
3553 5684 3733 5766 πατὴρ
