4136 6432
386 353 509 420 209
1452 353 1640 419 νΙΤΑ
1684 353 1746 417 S.
1796 352 2019 418 GREGI

2157 354 2166 414 ί
2209 353 2750 420 AGRIGENTINI.
3671 359 3790 427 210

377 501 469 550 τοῦ
515 489 694 570 γένους
746 487 1040 571 διαδοχὴν,
1075 491 1166 547 καὶ
1225 488 1325 558 τήν
1378 489 1546 570 εὖχὴν
1603 492 1678 553 εἰς
1735 489 1890 569 ἔργον
1946 489 2008 546 ἐκ

2144 488 2386 568 stetisse,
2419 507 2487 551 ex
2520 509 2589 552 eo
2624 497 2892 571 tempore
2923 489 2998 552 ab
3031 509 3217 554 uxore
3249 490 3557 558 abstinuit.
3591 495 3777 560 Porro

368 581 562 654 ϐᾶσαν,
597 582 660 637 τὸ
708 582 792 636 επὶ
845 581 1059 646 τούτοις
1117 585 1218 647 τῆς
1278 583 1524 658 γυναικὸς
1584 580 1684 654 μὲι
1741 578 2001 660 ἂπέσχετε

2150 578 2317 640 ilium
2350 587 2487 641 octo
2512 581 2637 659 jam
2670 598 2857 641 annos
2888 587 3091 642 natum
3137 580 3524 662 accipientes,
3556 584 3629 646 ad
3689 604 3783 648 me

370 674 459 728 τὸν
535 667 705 726 παῖδα
773 667 825 725 δὲ
888 666 998 737 ἤδη
1075 671 1337 749 γεγονότα
1400 670 1494 737 ἔτη
1566 669 1708 725 ὀκτὼ
1786 666 2003 724 λαϐόντε

2152 667 2449 741 .dducunt,
2483 688 2658 750 quem
2715 688 2821 748 ego
2877 670 3155 750 magistro
3188 670 3441 751 primum
3488 691 3785 752 gramma-

373 761 555 838 ἄγουσι
629 760 753 838 παρ’
826 758 971 834 ἰμοί.
1054 759 1216 837 Κᾶγω
1289 765 1472 837 πρῶτα
1541 758 1638 834 μὲν
1721 755 2006 838 παραδίδομ

2148 757 2254 820 icis
2305 757 2741 820 instituendum
2778 759 2942 821 trado
2978 781 2990 822 :
3027 759 3249 821 deinde
3300 761 3495 841 ipsum
3528 763 3781 826 tmdens

367 859 548 907 τοῦτον
612 847 916 922 διδασκάλῳ
981 855 1394 925 γραμματιστῇ·
1458 846 1641 904 ἔπειτα
1685 849 1860 921 κείρας
1931 851 1996 906 αὖ

2142 865 2188 910 ιο
2215 847 2278 909 in
2309 848 2598 911 Ecclesiae
2632 849 2975 931 collegium,
3010 850 3107 912 cui
3139 869 3419 932 praesum,
3452 854 3775 932 asciscens,

364 941 454 996 τὸν
514 940 607 997 καὶ
652 945 728 1013 τῷ
783 937 870 994 ὑπ’
928 939 1025 1012 ἒμὲ
1083 936 1268 1016 κλήρῳ
1311 935 1664 1014 ἐγκαταλέξας
1719 942 1795 1009 τῷ
1855 936 1997 1016 ἁρχιι

2146 955 2168 998 1
2224 937 2650 1000 archidiaconi
2700 938 2820 1000 mei
2879 939 3057 1001 [idem
3107 941 3437 1016 committo,
3487 942 3779 1005 mandans

362 1027 594 1101 διακόνῳ
641 1049 742 1102 μου
784 1028 1140 1104 παρατίθημι,
1197 1025 1375 1105 ἄκρως
1420 1025 1578 1081 αὑτὸν
1634 1026 1700 1082 τὰ
1739 1025 1834 1094 τῆς
1878 1031 1995 1104 Γραε

2152 1033 2173 1088 t
2220 1043 2400 1104 quam
2442 1027 2729 1090 celeriter
2759 1027 2894 1088 ﬁeri
2927 1035 3150 1108 posset,
3181 1028 3243 1089 in
3275 1027 3533 1091 divinam
3583 1031 3777 1111 legem

369 1119 471 1196 ερῆς
569 1116 868 1181 ἐκπονῆσαι
957 1113 1043 1171 διὰ
1120 1114 1334 1194 ταχέων
1419 1113 1890 1192 ἐγκελευσάμενος*
1963 1115 2002 1170 ὃς

2146 1123 2396 1177 ccurate
2458 1115 2866 1180 incumberet.
2927 1117 3042 1190 Qui
3101 1117 3184 1180 ita
3217 1127 3339 1180 tum
3399 1127 3612 1182 natura
3665 1121 3776 1182 ad-

369 1208 503 1262 0'5tm
546 1207 704 1285 τρύσει
755 1227 811 1261 τε
858 1207 946 1262 καί
997 1203 1200 1281 σπουδῇ
1245 1203 1328 1259 διὰ
1371 1204 1583 1260 πάντων
1623 1201 1922 1280 ἐξέλαμψεν
1968 1204 2002 1260 ἐι

2148 1212 2306 1279 ntus,
2341 1213 2465 1266 tum
2521 1205 2740 1286 studio,
2777 1205 2950 1268 brevi
2980 1211 3040 1267 in
3095 1207 3371 1270 omnibus
3403 1209 3586 1272 evasit
3634 1229 3781 1273 con-

361 1298 594 1374 βραχεῖ,
630 1298 704 1357 ὡς
749 1291 952 1370 μηδένα
1010 1291 1346 1373 παράμιλλον
1404 1297 1545 1367 αὺτῷ
1595 1291 1713 1350 καθ’
1764 1293 1865 1362 ὅλη
1931 1293 1994 1360 τὴ

2151 1293 2384 1374 picuus,
2445 1301 2508 1354 ut
2566 1311 2743 1355 nemo
2795 1312 2903 1374 per
2963 1294 3306 1357 universam
3371 1296 3636 1359 Siciliam
3693 1299 3781 1360 illi

365 1384 614 1441 Σικελῶν
677 1384 1024 1460 εὒρίσκεσθαι.
1083 1392 1246 1446 Οὗτος
1299 1389 1386 1440 οὖν
1423 1386 1450 1439 ὁ
1508 1396 1638 1448 παῖς
1687 1382 1800 1440 εἴτε
1853 1381 1998 1458 δαίμε

2143 1383 2558 1462 :omparandus
2612 1383 3007 1447 inveniretur.
3044 1383 3246 1465 Itaque
3302 1404 3450 1466 puer
3495 1387 3591 1450 vel
3649 1388 3776 1452 dae-

369 1497 459 1537 vo:
518 1475 809 1550 βασκανίᾳ,
852 1473 889 1541 ἢ
932 1472 1025 1529 οὒκ
1082 1471 1188 1528 οἶδ’
1248 1472 1402 1544 ὁποίᾳ
1459 1473 1604 1552 τύχῃ
1663 1473 2002 1551 χρησάμενος

2144 1472 2318 1533 nonis
2378 1471 2620 1547 invidia,
2656 1472 2748 1535 vel
2783 1472 2987 1534 nescio
3047 1493 3159 1554 qua
3191 1475 3368 1536 sortis
3412 1476 3777 1557 malignitate

372 1561 632 1643 αὶσρνίδιον
686 1563 896 1642 ἀφανὴς
952 1563 1178 1638 γίνεται,
1238 1559 1464 1636 μηδενὸς
1520 1566 1663 1637 αὖτῷ
1717 1564 1777 1619 τὸ
1834 1561 2005 1637 συμϐἆ

2145 1577 2290 1639 tsus,
2327 1559 2518 1622 oculis
2575 1560 2799 1623 nostris
2829 1571 3080 1642 repente
3131 1562 3375 1639 tollitur,
3411 1584 3520 1628 nec
3573 1574 3778 1644 postea

378 1653 705 1724 συνειδότος,
741 1653 906 1728 μήτε
937 1652 1044 1726 μὴν
1090 1651 1218 1732 ἄχρι
1278 1653 1364 1707 καὶ
1420 1653 1654 1729 τήμερον
1710 1653 1783 1714 εἷς
1843 1658 2007 1730 γνῶσι

2146 1656 2285 1713 anta
2316 1649 2450 1729 ejus
2509 1649 2812 1712 calamitas
2846 1651 3032 1713 cuivis
3080 1653 3357 1734 innotuit,
3395 1671 3588 1736 neque
3634 1673 3779 1718 sane

381 1742 727 1821 ἆορικομένου·
791 1741 966 1799 πολλὰ
1022 1739 1077 1796 δὲ
1133 1744 1221 1798 καὶ
1282 1741 1376 1809 τὴν
1416 1747 1578 1808 νῆσον
1649 1748 1826 1799 πᾶσαν
1890 1765 2010 1820 περι

2144 1737 2444 1818 [uidquam
2479 1739 2554 1800 de
2598 1739 2700 1801 illo
2735 1742 2795 1800 in
2843 1740 3003 1803 hunc
3057 1760 3244 1822 usque
3293 1741 3450 1803 diem
3485 1743 3658 1805 nobis
3687 1753 3777 1806 est

389 1833 631 1912 ιλθοντεί
667 1830 813 1888 οὐδέν
857 1853 910 1888 τι
951 1831 1114 1888 πλέον
1158 1833 1330 1909 εὑρεῖν
1372 1830 1408 1900 ἢ
1452 1835 1644 1908 μαθεῖν
1689 1830 1828 1894 ὅλως
1874 1831 2022 1912 ἰσχύ-

2147 1827 2449 1904 troditum;
2475 1838 2802 1910 utcumque
2836 1831 3172 1892 universam
3201 1829 3470 1894 Siciliam
3507 1832 3607 1894 diu
3628 1833 3780 1894 mul-

394 1945 582 1998 σαμεν,
609 1908 846 2000 ῃΕγ-ομεν
895 1928 984 1977 οὖν
1029 1923 1116 1978 καὶ
1159 1923 1323 1996 ἡμετς
1356 1921 1456 1988 τὴν
1499 1922 1616 1998 περὶ
1658 1923 1817 1978 αὗτοῦ
1855 1919 2027 1988 λύπην

2147 1935 2369 1996 umque
2425 1908 2780 1991 obierimus,
2814 1919 3001 1981 nihilo
3063 1919 3194 2000 plus
3225 1920 3498 1982 invenire
3551 1929 3650 1983 aut
3679 1921 3773 1982 di-

389 2011 791 2088 ἀπαρηγόρητον
851 2008 1021 2084 μηδὲν
1085 2013 1216 2087 ἡμῖν
1280 2008 1516 2077 δηλῶσαι
1576 2009 1740 2090 μέχρι
1796 2013 1884 2068 καὶ
1944 2017 2022 2066 νῦν

2143 2023 2288 2069 εει-θ
2337 2007 2667 2086 quivimus.
2732 2008 3027 2080 Quocirca
3081 2027 3191 2070 nos
3243 2003 3446 2070 itidem
3503 2009 3776 2090 inconso-

379 2109 475 2158 τοῦ
546 2101 739 2175 ἀγαθοῦ
811 2104 944 2156 Θεού
1019 2095 1419 2169 εὖδοκήσαντος.
1495 2097 1643 2157 Ἐπεὶ
1682 2089 1754 2156 δὲ
1828 2096 2012 2174 μᾶλλο

2143 2092 2286 2156 abili
2343 2113 2529 2177 prape
2567 2096 2729 2158 illius
2755 2115 2932 2158 causa
2989 2097 3196 2159 dolore
3225 2096 3584 2172 cruciamur,
3620 2089 3773 2160 nihil

373 2193 479 2246 τῶν
538 2188 719 2246 ἄλλων
771 2191 819 2244 αἱ
862 2194 970 2244 τῶν
1001 2190 1158 2244 αὐτοῦ
1208 2186 1453 2266 πατέρων
1505 2189 1678 2267 ψυχαὶ
1705 2195 1798 2244 τοῦ
1838 2189 2003 2244 πάθου

2136 2182 2290 2245 iobis
2322 2183 2613 2246 hactenus
2659 2185 2814 2266 (quae
2845 2184 2953 2248 Dei
2984 2184 3120 2267 Opt.
3154 2185 3304 2249 Max.
3336 2186 3610 2250 voluntas
3639 2187 3769 2267 fuit)

371 2281 627 2355 ᾔσθοντο,
702 2278 920 2358 πάρεισι
995 2284 1082 2334 νῦν
1144 2280 1454 2341 πενθοῦντες
1511 2279 1598 2334 καὶ
1663 2279 1764 2343 τὴν
1836 2277 2003 2334 ἐκείνο

2142 2273 2492 2353 exploratum
2527 2293 2686 2338 esse.
2742 2273 2858 2336 Sed
2894 2294 3028 2336 cum
3091 2276 3323 2338 cmteris
3354 2275 3542 2337 multo
3590 2277 3775 2340 vehe-

383 2372 603 2445 μνήμην
691 2366 1090 2432 ἐπιτελέσοντες
1124 2414 1140 2446 ,
1215 2365 1349 2422 κατα
1416 2365 1610 2433 ταύτην
1681 2365 1852 2437 δήπου
1934 2367 2016 2434 τὴε

2136 2361 2378 2424 nentius
2396 2371 2706 2444 parentum
2734 2365 2865 2444 ejus
2891 2364 3078 2428 animi
3104 2365 3312 2428 dolore
3333 2367 3769 2443 conﬂictentur,

381 2459 578 2534 ἡμέραν
626 2457 750 2514 καθ’
794 2456 863 2524 ἢν
896 2458 982 2513 καὶ
1039 2458 1100 2512 τὸ
1132 2455 1350 2532 πατέρες
1394 2455 1675 2514 καλεῖσθαι
1721 2455 2014 2530 ἆιπώλεσανΙ

2140 2470 2277 2514 tunc
2326 2453 2599 2530 lugentes
2629 2453 2867 2529 adsunt,
2905 2455 3034 2533 ejus
3087 2454 3435 2516 memoriam
3486 2453 3773 2517 hodierno

385 2547 606 2626 ἀφανοῦς
654 2549 816 2604 αὐτοῦ
845 2545 1158 2625 γενομένου,

2142 2540 2222 2604 lie
2261 2541 2640 2614 celebraturi,
2677 2542 2737 2605 in
2790 2561 2907 2624 quo
2959 2550 3182 2624 patres,
3215 2545 3430 2606 amisso
3490 2544 3633 2620 filio,
3667 2564 3775 2626 ap-

2119 2629 2327 2714 pellari
2359 2631 2694 2694 desierunt.

455 2729 563 2788 IZ’.
644 2733 821 2786 Ταῦτα
880 2727 906 2782 ὁ
981 2724 1193 2804 Μάρκος
1259 2724 1486 2792 ἀκούσας
1556 2725 1730 2788 ὶννεὸς
1800 2725 2034 2805 ἐγεγόνει

2199 2719 2384 2783 XVII.
2440 2719 2545 2782 His
2595 2721 2838 2798 auditis,
2899 2723 2998 2784 ille
3044 2721 3144 2783 diu
3198 2721 3455 2801 elinguis
3514 2741 3582 2785 ac
3644 2735 3776 2805 post

371 2819 457 2874 ἐπὶ
530 2815 700 2892 πολὺ,
764 2816 852 2872 καὶ
924 2815 1060 2879 μετᾶ
1117 2813 1281 2870 ταῦτα
1349 2813 1583 2892 δακρύων
1652 2815 2004 2884 ὑποπλησθεὶς

2145 2809 2398 2890 acrymis
2433 2809 2668 2890 plenus,
2712 2813 2775 2872 in
2816 2811 3079 2874 medium
3125 2810 3263 2873 illos
3317 2811 3555 2892 prodire
3583 2813 3774 2894 petiit,

370 2909 490 2970 τοὺς
544 2914 645 2963 τοῦ
688 2903 877 2970 παιδὸς
915 2917 1096 2984 γονεῖς
1151 2904 1407 2982 παράγειν
1464 2906 1536 2970 εἰς
1564 2905 1626 2962 τὸ
1669 2903 1830 2980 μέσον
1862 2905 2003 2974 ἠξίου

2143 2906 2178 2959 ιι
2208 2917 2481 2976 quaenam
2517 2900 2643 2961 haec
2675 2907 2854 2980 esset,
2891 2919 3002 2966 cur
3036 2909 3149 2961 tam
3191 2906 3445 2980 graviter
3475 2902 3776 2965 caederen-

378 3002 476 3052 τῶν
523 2994 580 3050 δὶ
615 2993 1037 3061 εἰσεληλυθότων
1085 2993 1163 3055 τίς
1216 2995 1250 3062 η
1293 2991 1468 3060 πολλὴ
1518 2994 1652 3061 αὕτη
1696 3000 1801 3050 τῶν
1829 2996 2011 3072 θρήνω·

2145 3007 2240 3062 ur,
2274 2990 2684 3066 interrogavit.
2736 2988 3006 3071 Cumque
3060 2990 3123 3064 ii,
3163 3008 3288 3068 prae
3320 2990 3558 3052 tristitia
3603 3010 3774 3072 quam

379 3087 663 3166 σύγχυσις,
725 3083 910 3157 ἤρετο,
958 3084 1044 3139 καὶ
1101 3081 1226 3138 ὅτου
1287 3081 1441 3139 ἕνεκα
1500 3080 1681 3148 δεινῶς
1751 3083 1888 3140 οὕτω
1947 3085 2012 3141 κόε

2145 3076 2440 3139 plurimum
2474 3078 2609 3140 illos
2663 3079 3064 3159 opprimente,
3100 3079 3436 3140 intercisam
3482 3098 3551 3143 ac
3593 3081 3778 3161 impe-

368 3197 614 3238 πτοιντο,
680 3180 799 3232 Τῶν
859 3171 913 3228 δὲ
969 3173 1071 3228 ὑπὸ
1117 3177 1219 3239 τῆς
1277 3170 1408 3250 ἄγαν
1469 3171 1796 3252 συνεχούσης
1845 3173 2001 3231 αὑτοὺ

374 3265 423 3277 .-
513 3265 524 3277 .
739 3265 753 3277 .
852 3263 864 3277 .
1103 3261 1116 3277 ε
1231 3260 1256 3277 ,ν
1472 3261 1487 3277 .
1760 3262 1769 3277 .

2141 3166 2300 3229 litam
2353 3186 2558 3228 vocem
2609 3166 2930 3240 haberent,
2965 3185 3163 3244 neque
3216 3185 3459 3229 causam
3510 3171 3621 3250 ipsi
3668 3170 3774 3232 fari

363 3265 594 3338 ἀθυμίας
664 3265 757 3320 καὶ
811 3263 909 3331 τὴν
980 3261 1163 3340 ῳωνῆν
1222 3260 1400 3340 ὥσπερ
1469 3261 1901 3340 ἐγκοτιετομένων³
1948 3287 1996 3320 κι

2141 3263 2387 3332 )ossent,
2422 3275 2676 3320 cernens
2734 3257 2836 3318 ille
2890 3256 3138 3318 allectus
3195 3257 3655 3340 vehementiam,
3689 3258 3774 3320 si-

370 3353 508 3429 μηδὲ
583 3354 685 3421 τὴν
773 3353 944 3408 αἰτίαν
1018 3352 1230 3430 φράζειν
1293 3353 1434 3424 αὗτῷ
1506 3351 1831 3432 δυναμένων³
1901 3355 2003 3426 ὁρῶ

2137 3345 2366 3426 nulque
2398 3355 2672 3426 aspectus
2703 3346 2910 3421 (oculis
2947 3347 3006 3407 in
3039 3346 3415 3408 Charitonem
3463 3348 3770 3428 conjectis)

375 3444 579 3509 ἐκεῖνος
641 3443 743 3510 τὴν
822 3445 916 3498 τοῦ
979 3443 1172 3503 πάθους
1243 3438 1537 3516 ὑπερϐολήν
1603 3443 1692 3498 καὶ
1759 3441 1872 3516 ἅμα
1942 3443 2005 3498 τὰ

2143 3442 2456 3498 iccuratius
2517 3437 2926 3518 perpendens,
2981 3435 3263 3516 quasdam
3326 3456 3445 3498 non
3493 3436 3776 3500 obscuras

381 3532 529 3607 ὃσξιεις
560 3531 934 3610 ἀκριϐέστερον
981 3528 1251 3588 ἐπιϐαλὼν
1296 3536 1374 3604 τῷ
1429 3533 1689 3610 Χαρίτωνι
1747 3532 1834 3588 καί
1892 3554 2014 3589 τινα.

2146 3525 2555 3588 :imilitudines
2617 3544 2686 3587 ac
2716 3525 2896 3587 veluti
2946 3526 3321 3587 characteres
3369 3528 3648 3606 agnovit:
3703 3527 3779 3588 si-

389 3622 800 3700 ὒποοαινομένας
864 3620 988 3678 ἰδὼν
1050 3620 1396 3697 ὁμοιότητας·
1445 3620 1509 3688 ἦν
1565 3622 1666 3698 γὰρ
1724 3618 1788 3686 δὴ
1841 3621 2022 3678 κακεῖ-

2142 3614 2364 3705 ptidetn
2400 3617 2530 3696 ipse
2582 3634 2824 3697 quoque
2856 3615 3023 3676 valde
3073 3615 3328 3705 decorus
3360 3625 3485 3677 erat
3513 3625 3775 3696 aspectu,

398 3731 487 3772 νος
518 3713 614 3779 τήν
643 3733 692 3767 τε
731 3711 857 3787 ὄψιν
901 3709 1046 3786 μάλα
1079 3709 1265 3784 καλὸς,
1299 3712 1388 3768 καὶ
1417 3712 1514 3778 τὴν
1573 3710 1765 3786 κώμην
1824 3709 2029 3776 ξανθός’

2146 3713 2180 3765 ιι
2231 3704 2402 3766 coma
2455 3707 2662 3782 ﬂavus,
2702 3724 2770 3768 ac
2817 3707 2900 3782 (ut
2962 3704 3167 3782 paucis
3213 3706 3561 3785 expediam)
3616 3717 3779 3768 certa

395 3802 502 3879 καὶ,
556 3799 848 3875 συνελόντα,
909 3801 1090 3879 φάναι,
1151 3797 1344 3878 ἀκριϐῆ
1404 3799 1647 3870 σώζοντα
1706 3802 1797 3856 τὸν
1851 3823 2028 3880 χαρα-

2140 3802 2458 3856 servantem
2517 3795 2685 3874 signa
2737 3795 3127 3875 perspiciens,
3165 3793 3433 3874 nihilque
3481 3793 3773 3876 reliquum

389 3891 552 3966 κτῆρα
594 3891 926 3960 κατανοήσας
987 3891 1074 3945 καὶ
1128 3891 1202 3953 ὡς
1259 3888 1352 3945 οὒκ
1402 3887 1464 3944 ἂν
1495 3887 1586 3956 εἴη
1632 3890 1692 3944 τὸ
1750 3886 1908 3946 λοιπὸ
1953 3889 2022 3945 ἐν·

2144 3901 2278 3958 esse,
2334 3884 2490 3962 quod
2546 3902 2662 3945 non
2710 3883 2936 3964 optime
2984 3884 3325 3963 quadraret,
3383 3903 3584 3945 secum
3649 3884 3777 3964 ipse

381 3979 634 4054 δοιάσιμα
673 3980 805 4048 πρὸς
854 3979 1037 4035 ἑαυτὸν
1095 3977 1346 4054 εἰρηκώς
1405 3977 1565 4034 ’Ἔδει
1626 3979 1813 4058 φησὶν,
1873 3979 2008 4053 ὑμᾶς

2142 3971 2431 4050 :ollligens
2465 3993 2479 4031 :
2537 3981 2797 4053 prmstat,
2833 3973 3052 4052 inquit,
3104 3991 3225 4047 vos,
3259 3972 3496 4046 fratres,
3529 3974 3775 4052 omnino

377 4069 620 4146 ἀδελφοὶ,
667 4069 744 4142 τῷ
775 4075 890 4142 Θεῷ
947 4068 1156 4132 πάντως
1189 4067 1348 4146 χάριν
1405 4065 1719 4146 ὁμολογεῖν,
1753 4067 1780 4122 ὅ
1826 4091 1873 4125 τι
1905 4092 2006 4126 ποτ

2146 4064 2246 4123 )eo
2278 4060 2502 4138 gratias
2561 4079 2760 4139 agere,
2797 4061 3280 4140 quandoquidem
3341 4063 3627 4143 quidquid
3663 4081 3779 4124 un-

373 4157 437 4213 ἂν
496 4159 532 4226 ἦ
593 4159 653 4213 τὸ
712 4156 940 4237 συμϐὰν²
970 4158 1047 4231 τῷ
1089 4169 1207 4220 τοῖς
1253 4155 1500 4234 ἀρρήτοις
1559 4159 1719 4212 αὖτοῦ
1766 4158 1858 4214 καὶ
1907 4158 2006 4214 ἆκα

2144 4169 2299 4228 luam
2352 4149 2589 4224 accidit,
2626 4148 2698 4210 ad
2751 4149 2954 4211 abdita
3012 4150 3169 4210 illius
3228 4158 3286 4210 et
3339 4151 3637 4230 incognita
3679 4155 3777 4232 ju-

368 4249 661 4316 τανοητοις
723 4248 964 4324 κρίμασιν
995 4246 1134 4303 οὕτω
1196 4245 1364 4302 πάντα
1422 4247 1782 4320 οἰκονομοῦντι
1830 4246 2001 4312 καλῶς

2144 4239 2277 4302 licia
2341 4239 2486 4320 (ipso
2541 4237 2725 4318 probe
2785 4239 2982 4298 omnia
3036 4237 3425 4316 gubernante)
3483 4249 3573 4301 est
3626 4243 3777 4303 refe-

367 4338 513 4394 ἆλλέι
553 4337 637 4410 μὴ
689 4335 854 4399 οὕτως
915 4335 1138 4413 ἀκρίτως
1202 4338 1414 4398 πενθεῖς
1472 4337 1543 4398 ὡς
1577 4336 1638 4390 ἄν
1687 4333 2000 4392 ἀπολωλότο

2141 4327 2370 4389 'endum
2409 4347 2421 4390 ξ
2485 4347 2602 4388 non
2636 4335 2832 4388 autem
2885 4329 2970 4388 sic
3007 4327 3342 4387 inconsulto
3388 4327 3620 4408 lugere,
3655 4347 3774 4391 non

366 4431 499 4502 ὑμῖν
557 4423 663 4492 ἤδη
720 4427 810 4481 τοῦ
863 4425 1072 4489 παιδός.
1135 4425 1194 4482 Εἰ
1249 4424 1346 4501 γὰρ
1407 4426 1490 4480 καὶ
1546 4426 1674 4501 ὑμῖν
1728 4424 1999 4503 ἆποκὲκρυ⁴

2147 4434 2288 4479 ecus
2345 4435 2512 4491 sane,
2553 4435 2620 4478 ac
2653 4416 2704 4476 si
2765 4415 2927 4477 ﬁlius
2957 4426 3158 4476 vester
3210 4417 3374 4476 vobis
3413 4417 3774 4498 jampridem

363 4539 498 4573 πται
553 4515 794 4586 πάντως,
831 4512 964 4569 ἀλλὰ
1015 4535 1077 4591 γε
1135 4520 1211 4588 τῷ
1242 4513 1357 4588 Θεῷ
1413 4511 1571 4582 δῆλός
1619 4513 1755 4574 ἐστι.
1816 4515 1996 4573 Τούτω

2138 4524 2353 4568 ιεεευιη
2387 4506 2631 4568 abiisset
2667 4527 2682 4586 ;
2737 4506 2878 4565 licet
2912 4504 3071 4566 enim
3127 4505 3176 4565 is
3207 4521 3311 4566 vos
3357 4507 3554 4580 lateat,
3585 4507 3771 4570 nihilo

388 4571 428 4573 η
757 4571 794 4586 ,,
1029 4571 1041 4591 ,
1185 4571 1195 4588 ,
1330 4571 1340 4588 ,
1467 4571 1477 4582 ,
1559 4571 1570 4577 ,
1742 4571 1754 4574 _
1827 4571 1841 4573 ,

364 4608 392 4662 ὁ
456 4605 705 4681 Χαρίτιυν
773 4602 998 4668 ἄκουσας
1056 4603 1143 4658 καὶ
1211 4601 1387 4664 ἄλλως
1476 4604 1806 4681 παραμυθίας
1877 4603 1995 4660 ἓνεκ

2142 4614 2316 4658 amen
2347 4596 2546 4656 minus
2578 4571 2701 4658 Deo
2751 4604 2843 4657 est
2880 4592 3261 4656 manifestus.
3295 4594 3434 4657 Haec
3463 4614 3594 4658 cum
3631 4595 3775 4660 Cha-

367 4697 462 4751 τὸν
521 4693 684 4770 λόγον
741 4693 973 4770 εἷρίσθαι
1037 4693 1285 4766 νομίζων
1363 4700 1527 4750 Τοῦτο
1585 4696 1683 4768 μὲν
1744 4695 1854 4764 οὖν,
1904 4692 2000 4774 ἔφη

2142 4687 2272 4748 ’ἰῐοη
2343 4685 2633 4760 audisset,
2693 4703 2759 4746 ac
2838 4682 3134 4762 ejusmodi
3191 4683 3368 4745 verba
3419 4685 3510 4746 sui
3565 4704 3775 4748 conso-

371 4781 704 4849 παναληθες·
762 4782 806 4837 εἰ
849 4782 948 4860 γὰρ
1004 4781 1142 4839 κατᾶ
1191 4780 1402 4858 Γραφὴδ
1457 4779 1586 4853 ᾅδης
1644 4782 1730 4838 καὶ
1790 4773 2004 4840 ἆπώλειτ

2140 4773 2280 4836 andi
2337 4775 2521 4854 gratia
2571 4773 2699 4835 ficri
2765 4774 3066 4834 incassum
3129 4773 3559 4836 arbitraretur:
3619 4775 3767 4852 Hoc,

374 4872 576 4950 φανερὰ
632 4870 780 4948 παρᾶ
842 4871 1033 4949 Κυρίῳ,
1066 4871 1181 4934 πῶς
1241 4869 1362 4948 οὒχὶ
1410 4869 1498 4925 καὶ
1558 4871 1608 4924 αἱ
1669 4868 1868 4948 καρδίαι
1927 4877 2007 4927 τῶ

2135 4866 2295 4926 E‘ater
2327 4863 2474 4942 (ait),
2510 4881 2712 4923 verum
2746 4880 2877 4924 esse
2936 4861 3179 4922 omnino
3234 4862 3420 4923 fateor
3453 4881 3466 4925 :
3503 4863 3554 4923 si
3608 4865 3768 4925 enim

375 4961 720 5038 ἀνθρώπωνί
798 4959 842 5013 εἰ
914 4957 1084 5014 τοίνυν
1153 4957 1250 5014 καί
1319 4958 1633 5038 πεφόνευται
1719 4961 1780 5015 τὸ
1851 4960 2004 5017 τέκνο

2136 4971 2189 5013 ex
2241 4951 2458 5014 divinis
2489 4952 2737 5032 Scriptis
2787 4950 2965 5012 inferi
2997 4960 3056 5011 et
3114 4950 3386 5012 interitus
3415 4951 3601 5014 Deum
3649 4972 3769 5015 non

374 5052 545 5125 ἡμῶν,
583 5048 707 5106 ἀλλ’
761 5068 853 5105 ουν
890 5046 921 5112 ἦ
969 5048 1154 5104 τούτου
1186 5047 1340 5127 ψυχὴ
1393 5046 1448 5102 ὲν
1482 5049 1638 5128 χερσὶ
1668 5048 1880 5112 πάντως
1924 5071 2007 5106 εστ

2132 5048 2323 5117 latent,
2373 5042 2668 5124 quomodo
2707 5060 2822 5102 non
2883 5041 3058 5102 etiam
3093 5040 3402 5103 hominum
3456 5043 3637 5104 corda
3683 5043 3765 5104 illi

367 5150 458 5199 τοῦ
485 5148 635 5206 Θεοῦ,
672 5139 770 5199 Tati
807 5143 974 5194 ταῦτα
1017 5136 1116 5212 μὲν
1149 5139 1176 5194 ὁ
1220 5136 1483 5210 Χαρίτων.

2130 5140 2295 5195 erunt
2325 5131 2691 5194 manifesta?
2742 5129 3004 5194 Proinde
3033 5129 3083 5190 si
3144 5139 3201 5190 et
3230 5130 3384 5192 filius
3417 5140 3617 5193 noster
3668 5134 3763 5194 in-

2117 5223 2301 5300 teriit,
2336 5224 2463 5302 ejus
2493 5221 2754 5283 animam
2789 5219 2997 5280 saltem
3029 5217 3136 5280 Dei
3168 5219 3442 5282 manibus
3471 5223 3766 5287 contineri

2107 5311 2477 5374 credendum
2513 5319 2622 5372 est.
2651 5313 2842 5389 Atque
2866 5308 3156 5370 hactenus
3180 5309 3423 5386 quidem
3452 5309 3760 5372 Chariten.

410 5416 522 5482 13'.
597 5414 666 5473 Ἦ
723 5407 789 5466 δὲ
838 5409 940 5460 τοῦ
987 5405 1270 5482 Γρτιγορίου
1315 5406 1522 5484 μήτηρ,
1553 5405 1630 5480 τῷ
1671 5407 1763 5462 τοῦ
1809 5405 2022 5483 Μάρκου

2187 5398 2401 5464 XVIII.
2435 5402 2620 5461 Porro
2647 5397 2920 5477 Gregorii
2953 5405 3144 5460 mater
3165 5399 3236 5459 ad
3270 5419 3336 5461 os
3363 5399 3540 5462 Marci
3560 5399 3761 5460 oculos

321 5514 544 5592 πόματι
626 5504 734 5562 τὸν
833 5489 1123 5572 ὀφθαλμὸν
1191 5495 1540 5574 ἀπερείσασα,
1606 5493 1785 5561 ἀτενὲς
1859 5495 1954 5574 ἐώρ

2124 5489 2417 5570 tdjiciens,
2454 5489 2628 5551 lixius
2659 5488 3005 5549 intuebatur
3038 5509 3049 5545 :
3087 5505 3154 5549 ac
3205 5487 3499 5568 ejusmodi
3525 5505 3757 5549 sermo-

301 5575 418 5669 καὶ,
457 5607 554 5664 τὸν
638 5591 840 5669 λόγον
924 5579 1260 5658 προσδομένη
1333 5583 1431 5650 τὴν
1493 5581 1706 5658 καρδίαν
1765 5583 1934 5641 ἐπάλλ

2119 5597 2249 5641 nem
2304 5578 2583 5652 audiens,
2633 5577 2831 5639 animo
2893 5595 3200 5658 suspensa,
3254 5578 3435 5640 corde
3492 5575 3752 5638 nutabat.

429 5664 755 5781 μετέωρος
817 5674 926 5746 ἦν.
970 5669 1106 5729 Εἶτα
1147 5671 1304 5734 πάλιν
1361 5675 1388 5730 ὁ
1433 5673 1702 5756 μοναχδς,
1737 5675 1913 5758 εἰπὼν1

2118 5668 2339 5737 Deinde
2364 5687 2500 5732 cum
2529 5668 2858 5735 monachus
2883 5666 3127 5732 dixisset
3154 5676 3316 5736 recte
3349 5685 3484 5732 cum
3513 5664 3751 5728 illorum
