4136 6414
391 385 502 452 211

1696 384 1978 448 MENSIS
2020 384 2463 449 NOVEMBER.

3664 373 3786 442 212

392 523 516 588 filio
529 522 878 605 agi,illisque
891 523 1096 585 ﬂetum
1113 519 1446 602 reprimere
1459 516 2050 605 praecepissetDonaf

2136 517 2224 577 Ἐν
2273 519 2495 599 ἀγαθοῖς
2545 518 2644 599 ἄρα
2695 519 2834 577 ἐστὶν
2865 520 2893 577 ὃ
2934 519 3044 584 υίὸς
3095 519 3270 598 ὑμῶν,
3311 519 3408 575 κα¹ι
3460 516 3554 574 τὸν
3598 515 3791 595 θρῆνον

395 621 522 675 tum
545 603 1028 675 archidiaconum
1050 609 1365 672 confestim
1391 608 1734 680 accersit,et
1753 603 2056 668 assisteuti

397 703 702 764 silentium
733 711 796 763 ut
837 701 1045 762 vitium
1097 699 1320 761 acriter
1365 697 1612 778 objicit:
1663 695 1813 769 Quid
1866 713 2056 757 causa;

401 791 637 871 (inquit)
692 800 809 863 est,
843 808 875 850 ο
909 789 1116 863 homo,
1153 804 1261 848 cur
1309 803 1565 863 nequam
1599 784 1766 845 illum
1816 802 2056 846 servum

405 880 694 953 imitatus,
727 879 1015 940 talentum
1035 877 1142 939 Dei
1175 893 1451 954 magnum
1475 874 1534 934 in
1562 881 1781 935 terram
1804 872 2059 936 abdide-

393 969 481 1031 ris
511 969 566 1044 7,
599 987 718 1029 non
761 965 908 1028 illud
945 965 1144 1045 potius
1195 965 1386 1045 palam
1440 963 1681 1038 feceris,
1716 972 1779 1024 ut
1829 961 1914 1024 sic
1962 982 2056 1024 vo-

396 1057 662 1139 luptatis,
692 1074 812 1117 non
843 1053 1158 1134 maestitiae,
1187 1063 1306 1114 tum
1344 1050 1688 1132 parentibus
1707 1053 1900 1133 pueri,
1931 1061 2056 1114 tum

397 1145 702 1209 communi
725 1144 866 1206 huic
891 1144 1052 1206 Patri
1079 1151 1139 1205 et
1159 1141 1572 1223 archipraesuli
1604 1151 1810 1203 auctor
1831 1143 2008 1205 fieres
2034 1145 2058 1203 ?

391 1234 563 1297 Nunc
613 1252 754 1311 ergo
788 1234 955 1312 cujus
1004 1231 1277 1293 criminis
1323 1249 1466 1292 reus
1508 1249 1594 1312 es,
1629 1241 1687 1292 et
1718 1251 1834 1312 qua
1881 1251 2056 1312 poena

394 1322 748 1402 plectendus
768 1327 796 1384 ?
827 1322 1050 1402 quippe
1081 1321 1182 1401 qui
1210 1329 1328 1380 tam
1362 1319 1622 1398 ingentis
1644 1319 1762 1397 illis
1785 1321 2054 1383 mteroris

391 1420 602 1476 auctor
652 1412 869 1489 factus,
903 1409 1011 1472 Dei
1067 1408 1348 1488 gratiam,
1383 1418 1670 1488 quantum
1725 1409 1785 1470 in
1817 1419 1872 1472 te
1921 1409 2051 1491 fuit,

391 1499 838 1564 occultaveris?
869 1497 973 1560 His
1004 1498 1203 1560 verbis
1227 1497 1682 1560 archidiaconus
1707 1499 1932 1580 pallore
1960 1499 2054 1560 in-

391 1592 582 1654 fectus
633 1596 748 1664 est,
777 1608 847 1650 ac
879 1595 1040 1649 artus
1069 1588 1200 1667 ejus
1231 1605 1440 1648 omnes
1475 1591 1704 1648 tremor
1736 1588 2052 1669 invadens,

2135 613 2321 673 αὒτοῖς
2354 610 2614 691 ἐπισχεῖν
2671 607 2952 682 κελεύσας,
2981 610 3072 666 τὸν
3122 606 3500 688 ἀρχιδιάκονον
3565 605 3797 664 Δονάτον

2139 698 2325 755 αὒτίκα
2375 704 2787 774 μετακαλεῖται.
2847 704 2934 771 Τῷ
2986 696 3041 754 δὲ
3087 697 3412 776 παραστάν-ει
3443 695 3544 762 τὴν
3590 694 3806 762 σιωπὴν

2141 787 2396 865 πρότερον
2441 793 2644 867 πικρῶς
2677 787 2939 858 ὀνειδίζει,
2979 787 3075 844 Καὶ
3127 789 3267 848 τίνος
3301 785 3504 864 ἕνεκεν,
3537 784 3720 864 φησὶν,
3754 785 3808 838 ὦ

2142 874 2407 955 ἄνθρωπε,
2440 879 2534 933 τὸν
2564 878 2798 952 πονηρὸν
2843 876 3097 952 ἐμιμήσω
3145 875 3332 932 δοῦλον
3363 873 3572 930 ἐκεῖνον
3620 874 3809 950 ὥσπερ

2141 965 2400 1022 τάλαντον
2422 966 2484 1022 τὸ
2510 973 2602 1022 τοῦ
2639 973 2772 1023 Θεοῦ
2816 964 3109 1044 μεγαλεῖον
3139 965 3515 1044 καταχωννὺς,
3547 961 3682 1019 ἀλλά
3718 963 3805 1044 μὴ

2141 1057 2362 1134 φανερὸν
2397 1056 2524 1114 αὒτὸ
2564 1055 2850 1135 καθιστῶν,
2883 1041 2961 1110 ἵν’
2991 1053 3129 1110 οὕτω
3179 1041 3383 1128 μᾶλλον
3417 1041 3641 1126 ἡδονῆς,
3670 1041 3797 1106 ἀλλ’

2141 1147 2235 1200 οῦκ
2264 1144 2504 1220 ἀθυμίας,
2539 1158 2656 1209 τοῖς
2705 1166 2761 1200 τε
2791 1150 2884 1200 τοῦ
2918 1143 3106 1205 παιδὸς
3140 1143 3366 1222 πατράσι
3409 1142 3496 1198 καὶ
3525 1148 3602 1215 τῷ
3629 1147 3802 1214 κοινῷ

2137 1236 2290 1308 ἡμῶν
2349 1234 2516 1311 Πατρΐ
2568 1232 2703 1308 τῷδε
2733 1234 2829 1290 καί
2879 1233 3129 1313 ἀρχιερεῖ
3159 1231 3422 1299 κατέστης
3484 1230 3795 1311 παραίτιος.

2141 1330 2242 1382 Νῦν
2279 1323 2365 1378 οῦν
2423 1322 2674 1403 ὀφλήσεις
2727 1325 2786 1378 τὸ
2818 1321 3108 1399 ἐπιτίμιον,
3143 1323 3404 1389 τοσαύτης
3440 1320 3538 1395 μὲν
3593 1320 3798 1384 τούτοις

2138 1410 2326 1478 ὀδύνης
2387 1411 2634 1492 πρόξενος
2685 1414 2944 1490 γεγονὼς,
2980 1415 3067 1468 καὶ
3111 1413 3212 1479 τὴν
3262 1411 3355 1468 τοῦ
3412 1416 3544 1468 Θεοῦ
3573 1408 3626 1465 δὲ
3677 1409 3798 1488 χά-

2138 1524 2217 1580 ριν
2275 1502 2333 1558 τό
2401 1523 2462 1579 γε
2523 1503 2616 1558 σὸν
2671 1501 2830 1576 μέρος
2891 1501 3224 1580 συγκρύψας.
3298 1507 3474 1560 Ταῦτα
3531 1499 3806 1576 λεγόμενα

2140 1594 2230 1647 τὸν
2281 1590 2657 1671 άρχιδιάκονον
2714 1590 2922 1674 ὠχριᾷ)
2981 1590 3167 1670 ἐποίει,
3230 1592 3316 1646 καὶ
3373 1588 3655 1657 ἠλλοιοῦτο
3695 1588 3806 1655 τὴν

389 1680 552 1742 illius
579 1679 791 1741 faciem
818 1676 1063 1739 mutavit
1091 1697 1104 1739 :
1131 1694 1386 1756 seseque
1407 1675 1468 1736 in
1491 1683 1711 1738 terram
1734 1677 2050 1757 abjiciens,

2139 1678 2284 1755 ὄψιν,
2356 1682 2443 1737 καὶ
2473 1680 2656 1759 τρόμῳ
2703 1681 2767 1737 τὰ
2825 1680 2964 1755 μέλη
3016 1681 3312 1758 συνείχετο’
3371 1678 3457 1735 ἐπὶ
3513 1677 3806 1757 πρόσωπον

389 1787 590 1830 amare
618 1769 767 1829 ﬂere
786 1767 1271 1844 acingemiscere
1302 1765 1584 1845 cmpit;ac
1609 1767 1850 1828 Davidis
1878 1766 2050 1828 verba

2139 1767 2191 1824 δὲ
2249 1770 2428 1826 πεσὼν
2458 1768 2756 1827 ἀνέκλαυσέ
2808 1791 2866 1825 τε
2918 1774 3121 1848 πικρῶς
3179 1769 3267 1825 καὶ
3325 1768 3464 1846 μέγα
3518 1764 3806 1844 ἀνῴμωξε,

388 1865 597 1920 contra
640 1875 704 1918 se
749 1854 1144 1936 pronuntians
1182 1875 1194 1916 :
1260 1875 1282 1910 α
1321 1853 1569 1916 Peccavi
1617 1854 1680 1915 in
1733 1855 2050 1917 Dominum

2139 1861 2305 1916 ταῦτα
2337 1857 2402 1925 δὴ
2432 1860 2498 1915 τὰ
2529 1866 2620 1915 τοῦ
2654 1857 2825 1914 Δαυ³ιδ
2857 1859 3045 1915 ἑαυτοῦ
3077 1857 3606 1936 καταψηφιζόμενος.
3647 1876 3670 1911 ε
3705 1855 3813 1910 Ἦ-

389 1964 614 2021 meum,
647 1954 705 2008 et
731 1945 790 2005 in
826 1962 927 2005 vos
951 1961 1162 2004 omnes
1184 1943 1240 2018 8,
1273 1965 1295 2000 ι
1325 1941 1542 2004 aiebat.
1579 1943 1727 2006 Data
1757 1944 1936 2023 igitur
1966 1945 2050 2006 illi

2138 1952 2390 2027 μάρτηκα
2434 1955 2510 2022 τῷ
2572 1949 2744 2026 Κυρίῳ
2797 1971 2900 2024 μου
2957 1950 3047 2005 καὶ
3103 1955 3264 2004 πᾶσιν
3322 1949 3474 2021 ὑμῖν·
3511 1969 3538 2001 ι
3606 1947 3811 2010 Δόντες

387 2037 583 2116 venia,
618 2033 790 2097 humi
836 2036 1141 2112 jacentem
1177 2039 1519 2106 erexerunt,
1552 2050 1620 2094 ac
1670 2033 1872 2095 omnia
1903 2035 2050 2097 Gre-

2137 2038 2225 2096 οῦν
2288 2037 2431 2112 αύτῷ
2482 2039 2835 2116 συγγνώμην,
2873 2037 2962 2094 καὶ
2993 2044 3070 2112 τῷ
3127 2035 3306 2116 ἐδάφει
3361 2037 3606 2111 κείμενον
3662 2035 3808 2091 ἀνα-

386 2125 540 2204 gorii
568 2132 698 2186 acta
728 2129 1007 2185 accurate
1033 2121 1199 2183 illum
1229 2121 1612 2202 dicere,mihi
1636 2122 1883 2185 omnino
1909 2142 2050 2205 prai-

2137 2129 2429 2197 στήσαντες
2526 2125 2700 2204 λέγειν
2785 2125 3015 2204 ἀκριϐῶς
3113 2127 3178 2182 τὰ
3263 2127 3380 2202 περὶ
3479 2124 3797 2202 Γρηγορίου,

390 2213 841 2286 termittentem,
877 2214 1269 2291 imperarunt.
1308 2209 1424 2273 Sed
1484 2211 1584 2272 ille
1617 2230 1891 2287 exorsus,
1924 2232 2050 2275 rem

2136 2215 2262 2293 μηδ’
2325 2218 2498 2274 ὁτιοῦν
2556 2216 2955 2294 παραλείποντα
3015 2215 3282 2279 ἐκέλευον,
3337 2207 3395 2272 Ὀ
3445 2213 3500 2270 ὁὶ
3559 2213 3808 2291 ἀρξάμε-

391 2302 693 2383 sigillatim
715 2318 954 2363 omnem
979 2299 1344 2374 edisserit,et
1379 2300 1882 2380 quemadmodum
1916 2320 2050 2364 cum

2136 2329 2223 2370 νος
2280 2307 2452 2365 πάντα
2508 2305 2644 2362 κατά
2701 2306 2858 2385 μέρος
2890 2306 3068 2382 ἐπῄει,
3103 2305 3248 2369 ὅπως
3305 2325 3392 2384 τε,
3446 2302 3791 2379 κοιμωμένου

391 2412 458 2454 se
489 2410 722 2454 sommo
753 2389 1039 2463 dedisset,
1057 2389 1329 2470 quzedam
1353 2408 1460 2450 vox
1482 2408 1588 2470 per
1621 2389 1885 2471 quietem
1915 2410 2050 2472 pue-

2136 2395 2294 2452 αῦτοῦ
2372 2396 2523 2476 φωθή
2582 2417 2662 2460 τις
2744 2395 2978 2474 ἀοράτως
3049 2399 3142 2450 τὸν
3209 2391 3377 2450 παῖδα
3434 2390 3638 2470 ἐκάλει,
3697 2393 3791 2448 καὶ

391 2500 528 2543 rum
560 2479 996 2559 inclamaverit,
1031 2487 1091 2540 et
1120 2485 1185 2539 ut
1213 2477 1315 2539 ille
1343 2496 1659 2557 assurgens
1691 2479 1804 2540 sibi
1838 2496 2050 2560 pra-asto

2136 2484 2282 2548 ὅπως
2357 2485 2565 2549 ἐκεῖνος
2636 2484 2782 2558 αῦτῷ
2838 2485 3165 2563 παρασταίη,
3225 2483 3450 2545 ποσάκις
3519 2498 3578 2538 τε
3653 2483 3790 2560 πρὸς

391 2566 1540 2650 fuerit,quotiesqueillivoxinsonuerit,
1569 2577 1624 2629 et
1659 2567 1899 2630 demum
1914 2589 2045 2650 quae

2136 2575 2288 2630 αὐτὸν
2346 2575 2380 2642 ἡ
2441 2574 2590 2653 φωνὴ
2649 2574 2881 2651 γένοιτο,
2943 2575 3028 2630 καὶ
3085 2571 3238 2637 τέλος
3296 2576 3389 2628 οἷα
3442 2570 3567 2649 παρ’
3626 2570 3794 2628 αὒτοῦ

393 2660 500 2721 abs
549 2677 638 2734 se,
675 2657 945 2739 qualiave
976 2656 1254 2718 didicerit
1302 2675 1518 2736 nempe
1567 2657 1671 2738 qui
1718 2670 1976 2740 vocarat,
2012 2679 2044 2721 e

2136 2661 2432 2742 διδαχθείη,
2493 2663 2672 2719 θεόθεν
2730 2662 2874 2719 εἶναι
2944 2659 3345 2738 συμϐαλομένου
3415 2661 3512 2727 τὴν
3569 2658 3787 2740 κλῆσιν,

395 2748 546 2810 caelo
575 2746 913 2824 advenisse,
946 2764 1017 2807 ac
1050 2744 1560 2823 quemadmodum
1605 2755 1904 2826 postrema
1933 2767 2041 2810 vox

2136 2753 2215 2807 καὶ
2287 2756 2380 2808 οἷα
2436 2751 2535 2818 τὴν
2595 2751 2834 2831 ἐσχάτην
2920 2754 3077 2830 φάναι
3135 2751 3343 2831 φωνὴν,
3402 2747 3602 2816 λεπτῆς
3673 2772 3789 2814 πως

391 2837 760 2919 apparuerit,
798 2837 929 2917 ejus
961 2835 1149 2916 ipsius
1178 2852 1352 2897 aures
1375 2835 1708 2916 percellens
1742 2837 1905 2898 littus
1928 2836 2043 2900 sibi

2136 2841 2213 2898 mi
2275 2842 2433 2900 αἰετοῦ
2488 2842 2675 2897 τούτου
2731 2842 3101 2920 περιηχούσης
3145 2841 3210 2897 τὰ
3268 2842 3402 2912 ὦτα,
3437 2837 3518 2894 ὅτι
3560 2859 3617 2894 τε
3673 2845 3790 2894 Πο-

394 2927 668 3008 protinus
705 2927 1027 3007 petendum
1058 2947 1071 2988 :
1127 2926 1392 2986 futurum
1428 2925 1587 2987 enim
1631 2934 1693 2989 ut
1724 2925 1847 2989 illic
1886 2926 2050 2990 inve-

2138 2932 2345 3008 ρεύθητι
2403 2930 2544 3008 παρὰ
2597 2931 2690 2986 τὸν
2747 2929 3010 3008 αἰγιαλὸν,
3044 2932 3131 2986 κεοὶ
3188 2931 3260 2993 ὡς
3313 2925 3465 2986 Ἐκεῖ
3519 2927 3792 3004 εὒρήσεις,

393 3015 553 3079 niret
584 3016 944 3098 quibuscum
985 3033 1146 3076 mare
1187 3013 1462 3076 celeriter
1490 3015 1815 3094 trajiceret.
1858 3015 1962 3078 His
1992 3017 2050 3079 in

2136 3016 2223 3098 ὑφ’
2265 3022 2338 3076 ῶν
2398 3018 2495 3099 ἄρα
2553 3021 2613 3076 τὸ
2687 3019 2855 3100 τάχος
2924 3020 3304 3099 περαιωθὰσει.
3367 3023 3542 3075 Ταῦτα
3599 3019 3792 3092 εἰπὼν,

395 3105 842 3169 excusationem
870 3103 1262 3179 dictis,finem
1297 3104 1568 3184 lacrymis
1601 3105 1758 3178 fecit,
1788 3107 1936 3168 hanc
1967 3107 2050 3167 si-

2140 3110 2212 3173 εἷς
2270 3111 2620 3188 παραιτήσεις
2677 3108 2924 3165 ἐτελεύτα
2968 3111 3055 3166 καὶ
3115 3107 3330 3186 δάκρυα,
3365 3107 3561 3173 ταύτην
3617 3107 3793 3162 αἰτίαν

393 3195 564 3259 lentii
588 3213 827 3259 causam
844 3194 1029 3256 fuisse
1051 3192 1589 3269 atterens,veritum
1614 3212 1700 3268 se,
1729 3213 1802 3256 ne
1819 3195 2050 3276 quando

2138 3202 2236 3264 τῆς
2291 3200 2500 3264 σιωπῆς
2561 3199 2704 3254 εἶναι
2765 3199 2998 3277 φάμενος
3051 3206 3143 3255 τοῦ
3193 3198 3270 3272 μή
3327 3217 3480 3270 ποτε,
3513 3195 3658 3275 φησὶ,
3693 3197 3786 3250 καὶ

397 3283 513 3346 ﬁde
547 3283 828 3362 indignus
876 3282 1273 3362 inveniretur,
1307 3257 1454 3343 neve
1498 3257 1946 3346 insimularetur
1995 3284 2050 3345 in

2196 3257 2233 3264 .-
2459 3257 2498 3264 .-
2778 3257 2788 3277 ι
2840 3257 2850 3273 .
2984 3257 2996 3262 ν
3193 3257 3203 3272 .
3259 3257 3270 3268 .
3466 3257 3480 3270 ι
3526 3257 3583 3275 .-
3645 3257 3658 3274 ι

2138 3286 2480 3345 ἀπιστεῖσθαι
2535 3285 2687 3366 δόξω,
2750 3286 2952 3363 μᾶλλον
3003 3286 3055 3344 δὲ
3126 3288 3222 3344 καί
3277 3285 3511 3349 ὕποπτος
3564 3281 3780 3360 ἔσομαι,

398 3371 844 3434 adolescentem
885 3370 1025 3432 mali
1056 3369 1280 3450 aliquid
1318 3369 1504 3432 fuisse
1536 3370 1820 3433 molitum.
1859 3374 2050 3452 Atque

2136 3378 2230 3432 οὐκ
2279 3377 2472 3454 ἀγαθόν
2529 3399 2580 3432 τι
2628 3377 2745 3454 περὶ
2794 3378 2884 3434 τὸν
2943 3375 3112 3435 παῖδα
3169 3373 3611 3454 διαπραξάμενος.
3682 3375 3788 3431 Καὶ

397 3460 857 3523 archidiaconus
885 3459 946 3520 in
978 3459 1137 3520 hunc
1169 3465 1257 3521 est
1284 3458 1523 3520 modum
1554 3459 1803 3523 locutus.

477 3548 635 3613 XIX.
669 3550 748 3612 At
775 3549 1008 3612 Marcus
1033 3565 1162 3628 quae
1186 3546 1258 3608 ab
1285 3547 1389 3608 illo
1430 3547 1505 3608 de
1538 3567 1726 3629 puero
1751 3549 1908 3613 dicta
1929 3551 2054 3613 fue-

396 3645 560 3720 rant,
591 3638 920 3712 afﬁrmans,
955 3638 1081 3717 ipse
1111 3654 1346 3716 quoque
1399 3637 1638 3716 adjecit,
1673 3636 1940 3719 Gregorii
1971 3641 2050 3702 vi-

402 3735 518 3789 tam
550 3727 664 3788 sibi
691 3745 826 3790 esse
856 3733 1233 3806 perspectam
1265 3738 1335 3786 ac
1373 3725 1760 3808 exploratam,
1785 3729 1952 3810 isque
1972 3736 2052 3793 ita

398 3815 562 3898 loqui
595 3815 810 3898 coepit:
851 3817 995 3876 Cum
1044 3831 1310 3876 essemus
1359 3812 1576 3888 Romae,
1611 3815 1791 3896 inque
1831 3821 2049 3900 templo

397 3922 772 3968 summorum
797 3904 1220 3986 Apostolorum
1242 3921 1568 3979 oraremus,
1600 3905 1716 3966 duo
1735 3907 1908 3969 nobis
1938 3909 2052 3970 for-

398 3993 713 4056 midabiles
771 3994 881 4055 viri
930 3993 1266 4066 astiterunt,
1321 3993 1419 4073 qui
1479 3993 1648 4070 mihi,
1704 3992 1915 4076 Surge,
1965 3999 2052 4060 in-

397 4083 626 4164 quiunt,
668 4085 890 4159 Marce,
933 4090 1179 4164 repente
1232 4101 1364 4143 cum
1417 4082 1671 4158 duobus,
1705 4087 1804 4165 qui
1855 4094 2051 4150 tecum

396 4179 535 4233 sunt
589 4173 925 4245 monachis,
961 4180 1019 4233 et
1051 4170 1462 4249 Carthaginem
1519 4174 1886 4252 navigatione
1917 4195 2054 4238 con-

393 4260 646 4333 tendite,
681 4261 883 4342 ibique
915 4259 1267 4337 Gregorium
1315 4260 1634 4340 quemdam
1670 4262 1939 4324 Siculum
1977 4265 2051 4328 ab

393 4349 706 4428 Agrigenti
756 4349 1022 4412 Ecclesia
1074 4349 1216 4410 illuc
1269 4350 1578 4410 advectum
1625 4351 1950 4431 inquirite,
1998 4355 2048 4415 is

393 4439 552 4499 enim
588 4438 856 4500 naucleri
905 4438 1249 4517 cujusdam,
1283 4439 1380 4518 qui
1425 4437 1613 4500 Varus
1643 4439 1879 4514 dicitur,
1912 4461 2050 4504 con-

2135 3465 2271 3526 οὕτω
2301 3467 2397 3542 μὲν
2428 3469 2455 3523 ὁ
2494 3465 2889 3547 ἀρχιδιάκονος.

2216 3557 2324 3616 ΙΘ’.
2389 3547 2446 3614 Ὀ
2500 3555 2554 3612 δὲ
2617 3557 2853 3635 Μάρκος,
2916 3556 2980 3611 τὰ
3035 3554 3157 3632 πὰρ’
3218 3554 3416 3612 ἐκείνου
3485 3565 3602 3617 τοῖς
3657 3552 3790 3626 παρ’

2134 3647 2291 3706 αὒτοῦ
2345 3643 2596 3724 βεϐαιῶν,
2657 3647 2743 3702 καὶ
2800 3646 2955 3708 αὐτὸς
3031 3647 3373 3722 προστίθησιν
3429 3642 3574 3708 ὅπως
3641 3643 3792 3716 αῦτῷ

2132 3736 2302 3794 πάντα
2359 3737 2542 3816 σαφῶς
2588 3733 2830 3802 ἐδηλώθη
2887 3736 2952 3790 τὰ
3009 3735 3143 3789 κατά
3199 3736 3285 3791 τὸν
3329 3732 3661 3816 ΑΓρηγόριον,
3695 3732 3791 3788 καὶ

2131 3823 2321 3902 ἤρξατο
2377 3812 2550 3902 λέγειν
2609 3821 2724 3880 ὡδί·
2787 3823 2876 3881 Ἐν
2934 3829 3002 3900 τῇ
3062 3820 3268 3901 πατρίδι
3329 3812 3510 3899 Ῥώμῃ
3577 3819 3790 3899 διατρι-

2135 3912 2336 3971 ϐόντων
2408 3915 2585 3989 ἡμῶν,
2647 3914 2732 3970 καὶ
2789 3918 2865 3986 τῷ
2930 3917 3036 3969 τῶν
3098 3913 3393 3992 κορυφαίων
3468 3910 3790 3967 ἀποστόλων

2137 4006 2246 4080 ναῷ
2294 4005 2388 4067 τὰς
2438 4005 2602 4084 εὐχὰς
2660 4002 3015 4078 ποιουμένων,
3049 3999 3229 4079 ἄνδρες
3273 4003 3409 4076 ἡμῖν
3460 3997 3547 4055 δύο
3596 4001 3792 4063 νδκτὸς

2136 4094 2436 4173 ἐφίστανται
2496 4090 2728 4172 φοϐεροὶ,
2778 4089 3032 4167 Ἀνάστα,
3080 4090 3260 4169 Μάρκε
3315 4088 3557 4169 ταχέως,
3593 4087 3796 4167 λέγον-

2140 4204 2245 4257 τες,
2281 4183 2416 4258 μετὰ
2447 4188 2552 4238 τῶν
2582 4183 2672 4237 σὺν
2704 4183 2784 4238 σοὶ
2814 4179 2902 4238 δύο
2928 4186 3209 4260 μοναχῶν,
3234 4181 3322 4236 καὶ
3353 4181 3427 4241 ὡς
3459 4180 3532 4241 εἷς
3565 4189 3799 4256 Καρχη-

2134 4271 2259 4329 δόνα
2304 4273 2394 4328 τὸν
2423 4269 2695 4329 ὰπὸπλουν
2751 4272 3012 4345 ποιεῖσθε,
3045 4270 3168 4325 εἶτα
3230 4269 3284 4324 ἐν
3340 4266 3649 4346 Καρθαγένῃ
3688 4287 3797 4343 γε-

2133 4363 2367 4436 νόμενοι,
2443 4359 2736 4438 Γρηχόριόν
2792 4381 2909 4416 τινα
2989 4357 3323 4426 Σικελιώτην
3395 4357 3794 4428 ἐπιζητήσατε,

2130 4457 2226 4516 τῆς
2289 4447 2713 4530 Ἀκραγαντίνων
2797 4449 2900 4524 μὲν
2971 4447 3258 4514 ἐκκλησίας
3329 4446 3663 4526 ὁρμώμενον,
3726 4443 3790 4500 ἐν

393 4526 548 4618 victu
606 4525 881 4594 familiari
928 4527 1136 4606 utitur,
1165 4527 1356 4618 eique
1419 4536 1574 4618 totus
1626 4530 1828 4594 haeret.
1874 4531 2044 4595 Hunc

2136 4540 2268 4616 οἴκῳ
2323 4525 2400 4596 δέ-
2446 4525 2589 4604 τινος
2661 4541 2947 4618 ραυκλήρου
3018 4525 3371 4614 καλουμένου
3405 4536 3604 4613 Οὐάρου
3678 4535 3786 4602 τὴν

392 4614 700 4678 vobiscum
735 4624 1129 4690 assumentes,
1163 4613 1573 4698 Hierosolyma
1604 4636 1791 4698 usque
1833 4622 2048 4701 perdu-

2136 4611 2400 4708 διαγωγὴν
2458 4628 2652 4710 ἔχοντα
2697 4628 2791 4685 καί
2839 4611 2914 4703 τῷ
2959 4634 3071 4701 Θεῷ
3121 4611 3547 4710 προσανέχοντα.
3584 4633 3787 4682 Τοῦτον

393 4705 560 4768 catis:
597 4723 712 4786 quo
741 4705 972 4785 appulsi
1005 4704 1380 4785 patriarchae,
1416 4705 1534 4780 cui,
1562 4725 1693 4786 quae
1725 4708 1824 4770 illo
1853 4709 2047 4774 facere

393 4801 684 4872 oporteat,
722 4794 1114 4875 injunximus,
1151 4793 1316 4856 illum
1354 4795 1564 4856 sistite.
1602 4796 1707 4858 His
1737 4797 1935 4877 dictis,
1972 4800 2046 4862 ab

391 4891 633 4962 aspectu
680 4891 856 4964 atque
887 4884 1074 4945 oculis
1134 4884 1283 4946 mihi
1327 4883 1543 4945 sublati
1576 4894 1733 4949 sunt.
1790 4889 2046 4952 Proinde

391 4989 499 5051 ego
529 4989 667 5036 cum
699 4991 734 5034 a
781 4990 992 5035 somno
1024 4973 1250 5034 solutus
1281 4990 1502 5052 essem,
1538 4974 1609 5034 ad
1658 4975 1880 5038 flumen
1911 4997 2045 5040 cum

389 5059 482 5122 his
501 5061 732 5124 duobus
756 5063 1066 5125 monachis
1100 5071 1324 5123 maturo
1352 5064 1674 5145 proficisci,
1704 5065 1800 5126 ubi
1836 5086 2044 5130 navem

390 5150 535 5212 velis
586 5157 775 5232 passis
806 5153 953 5229 (Deo
987 5153 1076 5215 sic
1138 5156 1468 5226 annuente)
1505 5153 1778 5215 veliﬁcari
1810 5155 2049 5219 Cartha-

385 5238 610 5317 ginem,
647 5241 930 5320 comperi:
967 5258 1139 5321 quam
1164 5241 1662 5322 conscendentes,
1691 5244 2042 5325 Charthagi-

386 5344 524 5389 nem
560 5327 912 5407 trajicimus,
951 5347 1204 5410 eamque
1236 5327 1557 5404 obeuntes,
1593 5332 2038 5398 adolescentem

385 5416 456 5477 ad
480 5416 669 5479 aedem
701 5416 820 5478 divi
856 5417 1130 5500 martyris
1163 5416 1400 5492 Juliani,
1436 5418 1677 5481 lectioni
1709 5433 2036 5500 vacantem,

387 5505 742 5568 offendimus
781 5526 794 5571 :
828 5525 1002 5588 quem
1050 5505 1345 5588 complexi
1373 5516 1432 5568 et
1488 5507 1750 5586 allocuti,
1787 5531 1918 5592 quae
1975 5533 2040 5577 se

463 5693 494 5750 7
522 5689 728 5756 Matth.
758 5708 900 5773 xxv,
930 5691 1009 5754 25
1035 5709 1204 5774 seqq.
1288 5692 1395 5756 811
1427 5691 1570 5780 Reg.
1602 5711 1704 5772 xu,
1739 5695 1841 5760 43.

2129 4720 2284 4794 ὑμεῖς
2363 4708 2864 4794 συμπαραλαϐόντες
2951 4713 3107 4797 ἄχρις
3191 4708 3569 4796 ’ῐεροσολύμῶν
3653 4713 3784 4768 ἔσε-

2130 4812 2216 4864 σθε
2305 4806 2672 4878 διασώζοντες·
2762 4807 2939 4864 ἐκεῖσε
3029 4803 3082 4861 δὲ
3154 4807 3428 4884 γενόμενοι
3500 4810 3578 4878 τῷ
3669 4825 3786 4858 πα-

2129 4897 2362 4977 τριάρχῃ
2417 4907 2601 4953 τοῦτον
2645 4895 2966 4962 συστάσατὲ⁶
3019 4895 3248 4969 κάκείνῳ
3291 4895 3391 4972 γὰρ
3439 4896 3550 4970 περὶ
3603 4890 3784 4966 τοῦδέ,

2129 4986 2164 5061 ᾖ
2220 4986 2490 5064 προσῆκον
2547 4984 2946 5061 ἐνετειλάμεθα,
3008 4991 3180 5042 Ταῦτα
3240 4985 3286 5040 οἱ
3345 4984 3444 5059 μὲν
3514 4982 3785 5053 εἰπόντες,

2128 5075 2178 5140 ἐξ
2251 5077 2534 5156 ὀφθαλμῶν
2594 5096 2684 5150 μοι
2755 5073 3112 5140 κατέστησαν³
3176 5071 3283 5150 ἐγὼ
3355 5070 3408 5127 δὲ
3474 5079 3566 5129 τοῦ
3618 5067 3790 5125 ῦπνου

2127 5166 2268 5239 ἡμᾶς
2332 5163 2642 5238 ὑπανέντος,
2721 5165 2907 5222 αὐτίκα
2980 5163 3121 5238 παρὰ
3192 5164 3282 5218 τὸν
3354 5161 3600 5236 ποταμὸν
3671 5159 3793 5219 ἅμα

2128 5267 2244 5310 τοῖν
2310 5251 2462 5312 δυοῖν
2525 5254 2730 5310 τούτοιν
2780 5265 3051 5332 μοναχοῖν
3091 5252 3475 5330 παραγίνομαι,
3539 5250 3626 5307 καὶ
3689 5252 3796 5305 τοῦ

2125 5350 2255 5399 Θεοῦ
2307 5351 2469 5401 ταῦτα
2537 5342 2674 5398 οὕτω
2732 5343 2965 5404 τιθέντος
3036 5340 3228 5398 πλοῖον
3287 5335 3794 5413 καταλαμϐάνομεν

2120 5433 2180 5487 τὸ
2237 5433 2400 5488 ςστίον
2457 5432 2618 5510 αἶρον
2672 5430 2774 5498 ἤδη
2806 5433 2894 5487 γαὶ
2926 5431 3069 5493 εὒθὺς
3125 5427 3470 5509 Καρχηδόνος
3501 5429 3591 5482 τὸν
3632 5425 3791 5481 ἀπό-

2120 5519 2285 5576 πλουν
2345 5521 2659 5598 ποιούμενόν
2719 5523 2778 5577 οὗ
2833 5518 2897 5588 δὴ
2955 5517 3258 5594 ἐπιϐάντες,
3306 5519 3378 5582 εἷς
3441 5515 3789 5594 Καρθαγένην
