4136 6420
336 377 453 446 213
1387 383 1572 449 VITA
1615 385 1677 449 S.
1721 385 2094 450 GREGOBII
2135 386 2676 455 AGRIGENTINI.
3601 403 3716 470 214

337 518 709 598 περαιουμεθα·
773 517 864 574 καὶ
937 519 1143 588 ταύτην
1210 517 1593 599 περιελθόντες,
1655 523 1746 580 τὸν
1820 520 1985 580 παῖδα

2073 528 2270 584 nostro
2299 522 2606 586 oculorum
2639 523 2841 587 sensui
2871 524 3231 608 obtulerant,
3289 530 3604 612 edicimus,
3660 551 3718 605 et

335 610 468 686 πρὸς
536 609 600 664 τό
667 614 760 665 τοῦ
829 608 986 685 ἁγίου
1057 611 1321 691 μάρτυρος
1396 609 1678 670 Ἰουλιανοῦ
1749 620 1858 687 ναῷ
1919 618 1985 688 τῇ

2073 631 2201 693 ηοω
2229 613 2306 704 ad
2327 613 2494 704 illum
2522 624 2728 678 contra
2748 617 3141 701 pertinerent,
3171 623 3373 686 omnia
3397 608 3714 704 cognosci-

342 698 642 776 ἀναγνώσει
730 700 1098 776 προσείμενων
1182 701 1426 776 εὕρομεν,
1505 703 1591 758 καὶ
1661 702 1984 774 προσειπόν-

341 808 423 850 τες
494 788 586 844 καὶ
653 787 1052 862 ἀσπασάμενοι,
1126 787 1418 855 διδάξαντές
1500 811 1557 846 τε
1625 791 1691 847 τα
1760 791 1988 870 φανέντα

336 879 472 952 ἡμῖν
531 899 708 934 παντα
766 879 855 934 καὶ
911 877 1035 956 παρ’
1095 878 1294 936 ἐκείδο.)
1349 877 1511 936 πάλιν
1540 879 1606 937 τὰ
1637 880 1836 938 ἐκείνου
1880 903 1985 957 με·-

334 967 668 1043 μαθηκότες,
734 968 1012 1046 χαίροντες
1084 968 1345 1047 χαίροντα
1401 968 1822 1047 παραλαϐόντες,
1893 970 1988 1045 μὲ-

336 1079 430 1137 χρι
459 1063 568 1112 τῶν
600 1057 758 1133 ἱερῶν
788 1055 1175 1135 ἀπηνέγασμεν
1221 1060 1422 1133 τόπων,
1483 1057 1646 1137 λόγου
1700 1081 1757 1118 τε
1813 1058 1985 1126 δεξιό-

339 1168 456 1212 τητι
515 1147 608 1202 καὶ
673 1147 787 1221 βίου
853 1144 1193 1224 λαμπρότητι
1262 1145 1379 1205 καθ’
1451 1151 1540 1212 οὒς
1620 1148 1683 1206 ἂν
1751 1149 1980 1227 γένοιτο,

337 1237 538 1300 πάντας
599 1238 732 1311 πρὸς
785 1235 973 1292 ἑαυτὸν
1032 1236 1428 1312 ἐπισπώμενον.
1489 1245 1664 1297 Ταῦτα
1711 1248 1803 1297 τοῦ
1834 1238 1986 1315 Μάρ-

332 1348 429 1383 κου
487 1322 844 1391 διεξελθόντος
904 1325 1107 1403 γίνεταί
1152 1348 1203 1382 τι
1249 1324 1410 1404 λόγου
1442 1329 1530 1384 καὶ
1562 1329 1784 1403 μνήμης
1815 1327 1982 1393 ἄξιον.

333 1418 406 1474 Τὸ
437 1415 538 1490 μὲν
599 1415 700 1492 γὰρ
759 1412 965 1482 πλῆθος
1023 1414 1166 1472 ἅπαν
1223 1416 1316 1472 οἷά
1363 1438 1464 1473 τινι
1503 1417 1734 1497 βακχείᾳ
1765 1423 1832 1493 τῇ
1861 1415 1985 1484 διη-

337 1503 498 1581 γήσει
585 1501 952 1583 κεγινημένοι,
1041 1503 1158 1561 λίαν
1241 1525 1298 1561 τε
1369 1511 1649 1582 σκιρτῶσιν
1719 1504 1815 1574 ἡδὺ
1899 1507 1986 1562 καὶ

339 1591 482 1669 μέγα
512 1598 759 1669 κροτοῦσι
791 1593 880 1648 καὶ
936 1594 1032 1659 τὴν
1091 1593 1272 1672 φωνὴν
1324 1591 1558 1675 αἴρουσι,
1611 1597 1743 1671 βοῆς
1791 1617 1848 1650 τε
1897 1596 1988 1651 τὸν

341 1681 471 1761 ἀέρα
530 1679 856 1756 πληροῦντες
915 1683 1004 1739 καὶ
1061 1688 1141 1756 τῷ
1194 1682 1472 1762 παραδόξῳ
1527 1691 1618 1742 τοῦ
1673 1684 1986 1763 πράγματος

348 1771 782 1850 εὒχαριστοῦντες
854 1771 989 1852 ἅμα,
1053 1773 1139 1829 καὶ
1193 1775 1254 1829 τὸ
1324 1781 1415 1831 τοῦ
1487 1779 1618 1831 Θεοῦ
1686 1772 1986 1845 δοξάζοντες

2070 721 2227 792 mus.
2247 702 2412 792 ,Tum
2443 703 2789 778 lzeti,la3tum
2824 707 3017 787 ipsum
3049 702 3520 792 accipientes,ad
3549 733 3717 780 sacra

2071 791 2203 885 loca
2227 791 2603 885 deduximus,
2637 803 2753 857 tam
2785 795 3106 860 verborum
3137 791 3514 881 dexteritate,
3539 824 3715 885 quam

2071 881 2389 961 splendore
2429 901 2684 964 morum,
2720 903 2930 948 omnes
2957 886 3033 948 ad
3077 906 3142 952 se
3181 884 3534 955 trahentem.
3557 881 3714 958 Cum

2069 969 2460 1062 haicMarcus
2493 973 3018 1055 percurrisset,res
3035 977 3308 1058 quaedam
3339 982 3586 1062 contigit
3607 1003 3713 1046 co-

2067 1057 2334 1137 gnitione
2351 1067 2526 1140 atque
2545 1062 2836 1124 memoria
2859 1057 3065 1144 digna.
3093 1065 3401 1144 Siquidem
3435 1057 3717 1135 universa

2071 1146 2411 1241 multitudo,
2446 1149 2558 1241 hoc
2591 1168 2873 1241 sermone
2904 1161 3185 1241 tanquam
3208 1157 3440 1221 insania
3459 1161 3713 1240 quadam

2072 1236 2320 1330 percita,
2349 1238 2790 1330 e_xsilire_valde
2818 1258 2886 1302 ac
2903 1236 3166 1320 jucunde
3195 1236 3515 1310 admodum
3550 1251 3713 1330 plau-

2070 1323 2216 1387 dere
2246 1326 2423 1406 caapit
2441 1346 2462 1403 ;
2489 1327 2719 1390 sublata
2748 1329 2890 1391 item
2923 1350 3064 1393 voce
3094 1350 3293 1396 aerem
3326 1323 3584 1401 clamore
3605 1339 3712 1402 im-

2070 1413 2323 1507 plentes,
2352 1415 2476 1477 Deo
2502 1415 2576 1477 ob
2607 1435 2736 1478 rem
2763 1425 2876 1479 tam
2901 1419 3308 1484 admirandam
3330 1425 3548 1504 gratias
3568 1447 3710 1507 age-

2070 1501 2236 1578 bant,
2271 1505 2522 1585 ejusque
2557 1524 2777 1569 nomen
2811 1508 2981 1570 miris
3006 1508 3284 1575 laudibus
3305 1501 3709 1580 cumulabant.

2070 1592 2266 1672 Atque
2293 1594 2432 1655 hinc
2463 1595 2705 1670 quidem
2730 1596 3048 1659 multitudo
3082 1618 3291 1680 magna
3315 1606 3714 1668 communiter

2072 1682 2310 1773 perfusa
2342 1683 2564 1764 laetitia,
2601 1692 2722 1745 tum
2758 1686 3088 1766 praesertim
3114 1699 3389 1769 parentes
3419 1691 3712 1773 Gregorii,

2071 1789 2192 1852 prae
2223 1772 2538 1853 voluptatis
2568 1773 2840 1837 ubertate
2859 1778 3244 1840 aconstantia
3280 1781 3498 1842 mentis
3522 1772 3713 1850 desci-

357 1863 542 1935 ὅνομα.
608 1863 703 1919 Καὶ
761 1860 884 1919 οῧτο
939 1863 1038 1936 μὲν
1093 1863 1157 1918 τὸ
1201 1861 1402 1930 πλῆθος
1450 1863 1630 1929 κοινὴν
1665 1863 1985 1943 εὖφροσύνιιν

2075 1861 2302 1936 vere,in
2323 1868 2662 1942 terramque
2674 1864 3432 1930 semimortuiceciderunt.
3454 1869 3528 1933 Ut
3549 1873 3713 1934 enim

360 1955 423 2008 τὸ
452 1958 662 2031 πρΞγμα
689 1951 996 2027 ποιούμενοι
1025 1969 1042 1986 ⁶
1101 1953 1147 2006 οἱ
1182 1948 1237 2006 δὲ
1294 1972 1356 2029 γε
1403 1957 1495 2008 τοῦ
1555 1952 1843 2030 Γρηγορίου
1881 1967 1987 2008 πα-

354 2042 503 2117 τέρες
569 2050 750 2118 μικροῦ
819 2041 907 2097 καὶ
982 2043 1056 2106 εἷς
1129 2039 1374 2097 ἔκστασιν
1443 2047 1512 2117 τῇ
1569 2039 1835 2117 ὑπερϐολῇ
1889 2044 1986 2108 τῆς

342 2130 544 2198 ἡδονῆς
596 2133 751 2207 ἧκον,
815 2129 909 2186 καί
971 2132 1260 2204 ἡμιθνῆτες
1332 2131 1404 2192 είς
1479 2130 1579 2207 γῆν
1635 2129 1984 2190 κατέπιπτον.

337 2219 692 2280 Ἐκστάτικξρν
756 2219 853 2296 γὰρ
908 2218 1088 2294 ὥσπερ
1144 2218 1366 2297 ἀμετρία
1421 2217 1619 2299 λύπης,
1671 2218 1838 2282 οὕτως
1891 2219 1987 2275 οὒ-

335 2309 421 2368 δὶν
449 2313 617 2379 ἦττον
645 2310 746 2366 καῖ
773 2307 965 2388 ἡδονὴ,
1013 2310 1100 2366 καὶ
1146 2307 1377 2372 κίνδυνος
1409 2306 1670 2373 πολλάκις
1725 2306 1777 2374 ἐξ
1807 2309 1983 2387 ἀμφο-

341 2401 499 2478 τέρων
529 2397 791 2466 ὶπῆλθεν.

424 2492 503 2553 ε’.
543 2488 688 2547 Εἶτα
721 2488 851 2566 πρὸς
904 2494 997 2545 τοῦ
1051 2488 1267 2567 Μάρκου
1296 2486 1669 2553 διαναστάντες
1713 2489 1798 2546 καὶ
1826 2487 1984 2564 μόλις

346 2584 540 2641 ἑαυτῶν
572 2579 882 2657 γενόμενοι,
941 2576 1270 2652 διηπίστουν,
1327 2579 1416 2635 καὶ
1465 2584 1620 2636 τοῦτο
1669 2575 1724 2633 δὲ
1753 2578 1860 2635 ἀπὸ
1888 2582 1986 2645 τῆς

339 2678 510 2751 γαρᾰς
539 2669 682 2733 ἴσως
713 2668 848 2724 κατὰ
875 2667 936 2723 τὸ
967 2667 1106 2746 ἱερὸν
1136 2665 1314 2745 λόγιον
1346 2679 1430 2742 τὸ,
1482 2665 1602 2725 Ἔτι
1642 2665 1986 2725 διαπιστούν-

337 2743 445 2819 τιον
475 2761 653 2819 αὐτῶν
684 2759 793 2816 ἀπὸ
824 2762 921 2824 τῆς
951 2763 1149 2836 χαρᾶς,
1203 2757 1319 2814 ὅθεν
1363 2759 1449 2815 καὶ
1489 2759 1664 2815 πίστιν
1695 2756 1854 2834 ᾔτουν
1882 2765 1988 2816 τῶν

333 2850 678 2931 λεγομένων,
708 2849 935 2926 ὡσπερεὶ
966 2845 1192 2912 δεδιότες
1224 2847 1304 2922 μὴ
1351 2849 1438 2905 καὶ
1471 2846 1596 2926 ὄναρ
1648 2847 1684 2917 ᾖ
1731 2847 1796 2904 τὰ
1825 2846 1988 2925 λεγό-

339 2965 468 3017 μενα
506 2957 520 2971 ⁸
586 2941 701 3011 καὶ,
761 2937 968 3000 ’Ὄντως
1015 2938 1043 2993 ὁ
1087 2949 1244 3010 παῖς,
1299 2937 1444 3016 φασὶ,
1493 2936 1558 3012 ζῇ
1589 2939 1617 2993 6
1647 2937 1929 3012 ἡμέτερος,
1959 2939 1988 2993 6

344 3029 666 3109 μονογενὴς,
702 3029 731 3083 ξ»
757 3025 1007 3106 φίλτατος
1041 3044 1058 3105 ;
1112 3023 1170 3083 Ὀ
1202 3023 1279 3100 δὲ,
1317 3026 1405 3082 καὶ
1432 3032 1530 3102 ζῇν
1588 3027 1676 3082 καὶ
1723 3025 1898 3091 καλῶς
1933 3026 1986 3082 ἦν

340 3124 453 3195 Θεῷ
506 3126 610 3196 ζῇν
670 3117 921 3196 ἔφασκεν.
981 3115 1098 3172 Ἵνα
1131 3112 1186 3170 δὲ
1238 3112 1406 3189 μηδὲν
1455 3112 1748 3195 ἀμφίϐολον
1798 3115 1985 3178 αὖτοῖς

328 3212 390 3284 ἦ,
447 3211 541 3266 καὶ
629 3207 732 3269 τὴν
787 3206 998 3285 μορφὴν
1060 3203 1380 3284 ὓπέγραιρεν,
1448 3203 1528 3261 ὅτι
1600 3205 1806 3268 νεανίας
1877 3204 1987 3261 ἐστὶ

2072 1950 2498 2040 immoderatus
2526 1951 2696 2012 dolor
2725 1952 3077 2034 plerumque
3123 1955 3186 2017 in
3237 1964 3541 2038 stuporem
3569 1962 3713 2040 agit,

2070 2039 2158 2102 sic
2188 2039 2582 2104 nihilominus
2624 2041 2937 2122 voluptatis
2982 2044 3326 2123 magnitudo
3374 2039 3650 2112 homines
3681 2070 3715 2113 a

2072 2135 2274 2219 mente
2292 2128 2603 2219 discedere
2627 2131 2954 2212 compellit,
2978 2139 3043 2194 ut
3064 2135 3341 2215 utrinque
3362 2154 3538 2213 grave
3559 2141 3716 2219 peri-

2070 2218 2269 2281 culum
2301 2218 2654 2299 impendere
2683 2229 2935 2285 constet.

2149 2473 2273 2539 XX.
2309 2476 2434 2539 Mox
2467 2495 2666 2539 coram
2695 2477 2890 2542 Marco
2933 2493 3332 2563 assurgentes,
3379 2484 3593 2563 vixque
3622 2488 3716 2549 sui

2073 2573 2379 2656 compotes
2407 2566 2567 2642 facti,
2603 2566 2779 2629 dictis
2821 2569 3026 2652 ﬁdem,
3061 2571 3242 2652 idque
3297 2573 3546 2636 fortasse
3595 2595 3716 2656 pra;

2070 2655 2286 2735 gaudio
2312 2655 2505 2735 (juxta
2535 2655 2732 2718 divina
2781 2658 3030 2740 scripta)
3064 2677 3078 2723 :
3115 2661 3328 2723 Adhuc
3367 2671 3565 2726 autem
3597 2655 3716 2726 illis

2072 2743 2583 2808 noncredentibus
2605 2748 2972 2826 praegaudio,
2992 2766 3112 2811 non
3124 2750 3440 2814 habebant.
3459 2751 3715 2817 Proinde

2073 2833 2370 2895 dictorum
2403 2832 2604 2908 tidem,
2641 2835 2892 2914 perinde
2910 2844 3088 2917 atque
3120 2838 3324 2901 istbaac
3351 2840 3532 2904 verba
3547 2859 3712 2904 som-

2073 2921 2238 3011 nium
2272 2931 2496 2998 essent,
2533 2923 2662 2985 tieri
2692 2923 2802 2986 sibi
2837 2926 3234 3006 postulabant.
3268 2929 3712 3011 Numquidnam

2073 3010 2228 3073 ﬁlius
2257 3018 2462 3073 noster
2488 3012 3205 3091 unigenitus,dilectissim
3217 3037 3286 3079 us
3308 3010 3489 3082 vivit?
3508 3021 3584 3083 At
3613 3021 3715 3083 ille

2069 3102 2230 3163 hunc
2261 3100 2415 3162 bene
2447 3101 2738 3182 beateque
2771 3103 2832 3164 in
2865 3103 2986 3166 Deo
3036 3106 3232 3168 vivere
3275 3106 3442 3172 dixit.
3476 3111 3546 3170 Ut
3578 3127 3712 3172 vero

2070 3190 2219 3253 nihil
2252 3189 2391 3266 illis,
2427 3190 2503 3252 de
2528 3211 2648 3269 quo
2681 3192 3080 3272 ambigerent,
3106 3195 3567 3276 relinqueretur,
3589 3199 3711 3261 fur-

327 3280 533 3381 ,égapg
563 3295 754 3377 καλὸς,
906 3280 983 3368 τῷ
1015 3297 1171 3372 πατρὶ
1225 3295 1360 3351 πάνυ
1415 3295 1739 3373 παρεοικὼς,
1798 3293 1982 3373 πυῤῥδς

2073 3298 2206 3342 nam
2239 3280 2368 3359 ejus
2400 3281 2652 3358 etlinxit,
2688 3282 3132 3346 adolescentem
3168 3285 3331 3349 illum
3364 3305 3508 3350 sane
3537 3307 3712 3368 quam

331 3393 394 3447 τὸ
448 3391 678 3469 χρῶμα,
739 3386 863 3450 τοὺς
919 3383 1222 3464 ὀφθαλμοὺς
1289 3385 1556 3463 χαροπὸς,
1629 3384 1728 3451 τὴν
1799 3385 1981 3464 φωνὴν

333 3479 451 3536 λίαν
506 3475 807 3552 ἧδυμελῆς,
869 3476 959 3531 καὶ
1018 3475 1115 3542 τὴν
1165 3473 1334 3541 ἀκοὴν
1385 3470 1523 3539 ὀξύς,
1588 3474 1727 3530 Εἶτα
1772 3473 1868 3531 καὶ
1918 3474 1982 3530 τὰ

343 3576 434 3625 τοῦ
481 3568 637 3634 ἤθους
695 3563 926 3622 καθόσον
983 3563 1108 3632 ἐνῆν
1162 3561 1378 3640 διεξῄει,
1428 3565 1500 3626 ὡς
1530 3563 1611 3620 ἀεὶ
1643 3561 1739 3638 μὲν
1768 3563 1980 3626 σύννους

355 3657 468 3713 tot?
497 3658 581 3712 καῖι
609 3653 1028 3728 συνεσταλμένος
1082 3654 1166 3709 καὶ
1217 3653 1363 3710 κάτω
1413 3652 1598 3726 νεύων,
1649 3653 1770 3715 τοὺς
1802 3650 1856 3708 δὲ
1885 3657 1982 3719 τῆς

361 3751 545 3825 ψυχῆς
597 3744 889 3824 ὀφθαλμοὺς
947 3741 1059 3799 ἄνευ
1115 3743 1296 3799 τείνων
1344 3741 1440 3799 καὶ
1487 3742 1743 3800 πάντοθεν
1786 3763 1983 3819 συγκε-

358 3835 700 3915 κροτημένος,
748 3838 879 3913 περὶ
939 3834 1032 3898 τὰς
1090 3833 1232 3896 θείας
1285 3830 1340 3888 δὲ
1387 3833 1596 3912 Γραφὰς
1646 3830 1985 3898 ἐσπουδακὼς

347 3930 428 3986 ἀει
486 3929 570 3985 καὶ
628 3929 799 4007 ταχὺς
859 3925 958 4000 μὲν
993 3926 1061 3982 τὰ
1112 3925 1325 4005 χρηστὰ
1354 3926 1442 3982 καὶ
1482 3926 1654 3981 εἰπεῖν
1691 3924 1784 3981 καί
1817 3925 1984 3996 άκοῦ-

341 4043 453 4094 σαι,
516 4017 705 4098 βραδὺς
761 4016 816 4072 δὲ
871 4014 1122 4095 προέσθαι
1180 4016 1346 4092 ῥῆμα·
1399 4013 1599 4095 φαῦλον
1644 4012 1699 4070 δέ
1730 4036 1781 4070 τι
1812 4015 1983 4071 εἰπεῖν

336 4109 373 4176 ἤ
406 4109 630 4165 ἀκοῦσαι
677 4108 739 4163 τὸ
769 4103 894 4184 παρ’
925 4104 1066 4162 ἅπαν
1096 4109 1191 4164 οὐκ
1239 4105 1483 4184 ἀνεκτὸς,
1544 4102 1778 4181 γέλωτος
1835 4102 1988 4182 εἴπερ

331 4220 414 4263 τις
460 4202 698 4274 κρατῶν,
759 4197 892 4272 πρὸς
920 4193 976 4251 δὲ
1034 4195 1124 4251 καὶ
1179 4195 1362 4258 πόνοις
1423 4194 1691 4257 συντόνοις
1762 4193 1986 4262 ἀσκήσει

328 4287 723 4366 προσκείμενος
779 4285 1116 4363 τραχυτάτῃ.
1181 4289 1354 4342 Ταῦτα
1412 4285 1500 4340 καὶ
1560 4283 1626 4338 τὰ
1679 4283 1872 4340 τούτων
1904 4281 1982 4338 ἔτι

328 4377 505 4434 πλείω
565 4382 658 4432 τοῦ
715 4381 958 4454 μοναχοῡ
1014 4373 1135 4452 περὶ
1189 4380 1279 4430 τοῦ
1337 4374 1628 4450 Γρηγορίου
1677 4369 1983 4450 διεξιόντος,

327 4465 531 4535 ἡδονῆς
594 4467 622 4521 6
678 4461 933 4540 σύλλογος
991 4462 1310 4541 ἐπληροῦτο,
1366 4467 1456 4519 καί
1506 4475 1624 4525 τοῖς
1667 4474 1903 4541 γονετσιν
1956 4463 1984 4518 6

324 4566 423 4614 τοῦ
480 4552 678 4616 παιδὸς
736 4551 948 4617 ἔπαινος
1016 4552 1129 4609 ἀντὶ
1183 4559 1275 4609 τοῦ
1329 4551 1516 4616 παιδὸς
1547 4554 1621 4616 εἰς
1659 4552 1982 4630 παραμυθίαν

2067 3369 2348 3432 decorum
2380 3379 2606 3450 patrem
2641 3372 2811 3434 valde
2839 3373 3066 3436 referre
3117 3392 3317 3450 suum,
3352 3376 3555 3438 colore
3594 3377 3714 3438 ful-

2067 3477 2228 3540 vum,
2261 3459 2576 3540 pulchrum
2609 3462 2840 3538 oculos,
2879 3462 3164 3542 praedulci
3195 3483 3362 3541 voce,
3392 3465 3584 3528 acutis
3613 3484 3713 3528 au-

2062 3548 2232 3612 ribus
2253 3568 2416 3614 esse:
2456 3569 2523 3612 ac
2554 3550 2795 3612 demum
2833 3571 3029 3615 mores
3062 3554 3332 3634 ejusdem
3358 3573 3468 3636 per
3516 3555 3717 3618 omnia

2065 3639 2436 3703 recensebat.
2467 3638 2652 3712 Quam
2688 3640 2788 3702 ille
2817 3643 3103 3722 prudens,
3133 3663 3310 3724 quam
3343 3645 3565 3720 sciens,
3595 3645 3714 3708 hu-

2070 3729 2199 3790 mili
2229 3729 2360 3792 loco
2393 3730 2648 3811 positus,
2683 3732 2902 3793 mentis
2933 3731 3136 3794 oculos
3158 3732 3220 3794 in
3243 3734 3423 3796 caelos
3454 3735 3710 3808 tolleret,

2067 3837 2136 3880 ac
2163 3817 2426 3899 undique
2456 3818 2762 3880 favorabili
2796 3829 3077 3902 exceptus
3109 3821 3339 3901 plausu,
3402 3822 3464 3884 in
3521 3823 3717 3886 divina

2067 3907 2290 3987 scripta
2313 3925 2558 3987 semper
2582 3907 2977 3970 incumberet.
2999 3914 3082 3972 Ac
3100 3911 3265 3972 velox
3299 3911 3540 3992 quidem
3567 3913 3716 3993 opti-

2069 3996 2181 4058 mis
2213 3995 2544 4076 quibusque
2572 4005 2692 4058 tum
2717 3998 3179 4079 loquendis,tum
3212 4002 3548 4082 audiendis,
3579 4021 3712 4065 cum

2072 4085 2297 4167 alioqui
2328 4086 2528 4147 tardus
2560 4085 2630 4146 ad
2667 4085 3029 4166 loquendum
3060 4089 3213 4150 foret
3242 4111 3254 4151 :
3292 4091 3540 4152 levitatis
3578 4110 3716 4154 vero

2072 4175 2397 4256 quamlibet
2430 4174 2764 4255 minimum,
2799 4194 2910 4237 nec
2940 4176 3140 4239 dicere
3169 4196 3280 4239 nec
3328 4178 3536 4240 audire
3559 4200 3714 4241 nun-

2073 4283 2248 4346 quam
2279 4264 2520 4325 omnino
2545 4264 2846 4326 sustinuit.
2873 4265 3077 4341 Risus,
3105 4285 3278 4346 quam
3307 4267 3408 4346 qui
3435 4268 3713 4342 maxime,

2072 4353 2387 4416 continens
2408 4352 2833 4416 erat.Assiduis
2859 4362 3147 4434 praeterea
3179 4355 3719 4437 laboribus,asper-

2069 4443 2357 4524 rimaeque
2372 4441 2784 4505 exercitationi
2813 4444 3101 4506 hazrebat.
3122 4443 3265 4507 Cum
3290 4445 3415 4506 haec
3435 4454 3610 4525 atque
3624 4447 3717 4508 his

2067 4533 2250 4613 longe
2283 4532 2508 4611 majora
2541 4534 2868 4594 monachus
2900 4534 3374 4614 loqueretur,illa
3405 4535 3715 4597 hominum

325 4646 643 4705 καθίστατο,
704 4639 949 4699 Ἐδόκουν
1002 4641 1101 4720 γὰρ
1155 4640 1313 4700 αὗτδν
1371 4641 1578 4698 ἐκεῖνον
1634 4643 1782 4720 ὁρᾷν,
1847 4640 1985 4698 οὕτω

2073 4621 2400 4702 frequentia
2421 4621 2638 4682 laetitiis
2657 4621 2936 4683 omnibus
2969 4623 3236 4702 incessit,
3270 4624 3720 4720 pueriquelaus

327 4741 476 4813 σαερῆ
505 4739 609 4802 τῆς
642 4731 839 4788 ἐκείνου
869 4731 1052 4811 ψυχῆς
1079 4731 1359 4796 ἀκούοντες
1421 4730 1561 4810 ἴχνη
1613 4751 1671 4786 τε
1713 4732 1806 4787 καὶ
1835 4752 1981 4807 γνω-

2073 4709 2417 4812 parentibus
2451 4730 2558 4811 pro
2591 4712 2712 4811 filio
2740 4711 2799 4812 in
2821 4713 3305 4813 ‘consolationem
3337 4713 3520 4813 stetit:
3546 4712 3719 4813 Illum

331 4846 594 4902 ρισματα.
632 4822 728 4881 Καὶ
760 4822 826 4878 τὰ
868 4822 966 4895 μὲν
1016 4819 1134 4877 κατ’
1191 4820 1376 4886 αὖτοὺς
1432 4819 1533 4876 ὧδέ
1582 4840 1660 4887 πη
1705 4821 1887 4899 εἶχεν.
1923 4821 1983 4878 Ol

333 4914 388 4969 δὲ
459 4911 700 4992 μοναχοί
767 4910 973 4986 ἡμέρας
1044 4909 1161 4967 ἐκεῖ
1229 4909 1573 4988 διαγαγόντες
1643 4922 1815 4988 τρεῖς,
1885 4909 1986 4976 τὴν

337 5005 543 5060 ἑαυτῶν
612 5001 929 5079 πορεύεσθαι
1011 4998 1408 5079 διεγνώκεισαν,
1484 4999 1571 5056 καὶ
1654 5001 1728 5062 εἰς
1793 4997 1987 5056 πλοῖον

341 5091 617 5166 ἐμϐάντες,
675 5090 934 5169 ἐπιφόρου
999 5091 1256 5169 τυχόντες
1328 5089 1656 5165 πνεύματος,
1729 5087 1812 5145 διὰ
1883 5111 1986 5145 τα-

335 5183 507 5262 χέων,
568 5181 621 5239 ἐν
677 5181 952 5258 Πανόρμῳ
1002 5200 1062 5236 τε
1111 5179 1574 5260 προσορμίζονταο,
1609 5180 1855 5236 κάκεῖθεν
1887 5180 1987 5246 τὴν

332 5271 554 5348 πατρίδα
625 5264 843 5349 Ῥώμην
929 5269 1020 5326 καὶ
1090 5270 1152 5325 τὸ
1233 5268 1436 5325 ἑαυτῶν
1518 5266 1987 5342 καταλαμϐάνουσι

330 5364 743 5445 φροντιστήριον,
831 5359 938 5419 Καὶ
1008 5357 1214 5424 τούτοις
1289 5358 1388 5433 μὲν
1460 5365 1700 5415 τοιοῦτον
1769 5359 1831 5413 τὸ
1888 5362 1988 5424 τῆς

332 5451 615 5541 ἀποδημίας
649 5457 853 5536 πέρας.
1057 5537 1066 5541 _
1268 5537 1278 5541 Α
1447 5537 1456 5541 _
1607 5536 1620 5541 _
1718 5527 1730 5541 .

413 5544 527 5610 ΚΜ.
565 5538 614 5607 Ὀ
647 5533 808 5626 δὲ-(ε
873 5537 1204 5626 Γρηγόριος,
1262 5537 1550 5626 ὑπομείνας
1604 5536 1658 5593 ὲν
1718 5533 1987 5614 ’[ροσολύ-

329 5656 458 5717 μοις,
489 5640 556 5706 ὡς
589 5633 899 5721 προλαϐὼν
961 5631 990 5685 6
1051 5625 1208 5704 λόγος
1259 5625 1518 5702 ἐδήλωσε,
1562 5626 1652 5684 καὶ
1682 5626 1772 5683 τὸν
1801 5626 1990 5682 ἑαυτοῦ

325 5715 492 5805 δρόμρν
556 5715 809 5818 τρέχων,
889 5715 1114 5799 μᾶλλον
1183 5715 1238 5773 δὲ
1308 5716 1388 5774 ἀεὶ
1459 5722 1620 5774 νικῶν
1683 5715 1872 5774 ἑαυτὸν
1901 5715 1989 5772 καὶ

2067 4802 2259 4881 ipsum
2292 4799 2450 4861 enim
2485 4799 2711 4862 intueri
2741 4799 3122 4879 videbantur,
3174 4804 3259 4863 sic
3315 4802 3446 4883 ejus
3499 4803 3721 4865 indicia

2067 4890 2252 4952 animi
2275 4897 2448 4969 atque
2473 4891 2714 4970 vestigia
2746 4890 3058 4952 manifesta
3091 4891 3618 4972 percipiebant.Ac
3646 4891 3722 4954 de

2070 4983 2164 5046 his
2195 4981 2433 5064 quidem
2473 4983 2781 5045 hactenus.
2833 4982 3014 5045 Porro
3048 4983 3325 5045 monachi
3359 4983 3552 5045 triduo
3597 4983 3722 5046 illic

2071 5071 2446 5147 commorati,
2475 5073 2585 5134 iter
2614 5091 2787 5134 suum
2821 5073 3099 5153 persequi
3130 5073 3721 5148 instiluerunt.Quo—

2072 5164 2229 5227 circa
2271 5163 2458 5223 navim
2507 5160 2855 5243 subeuntes,
2919 5165 3214 5225 Panormo
3277 5163 3718 5228 secundissimo

2071 5261 2245 5316 vento
2270 5251 2545 5316 celeriter
2565 5251 3182 5333 applicueruntlllinc
3198 5254 3449 5317 Romam
3468 5254 3718 5334 patrium

2072 5352 2260 5410 solum
2277 5365 2448 5409 suum
2462 5364 2750 5421 suumque
2775 5351 3035 5422 ipsorum
3057 5352 3474 5410 monasterium
3499 5358 3720 5422 petunt.

2074 5443 2144 5502 Et
2173 5442 2220 5499 is
2250 5440 2479 5513 quidem
2511 5453 2712 5497 eorum
2746 5441 3278 5512 peregrinationem
3306 5441 3440 5498 ﬁnis
3469 5441 3718 5511 excepit.

2143 5531 2279 5590 XXI.
2318 5530 2632 5602 Gregorius
2665 5543 2800 5587 th‘O
2832 5530 3250 5602 Hierosolymis
3281 5535 3367 5600 (ut
3399 5543 3590 5586 sermo
3620 5543 3724 5586 su-

2076 5615 2282 5697 perius
2311 5608 2617 5684 indicavit)
2649 5609 3336 5692 exsistens,cursumque
3367 5626 3538 5671 suum
3567 5625 3720 5697 con-

2075 5692 2304 5780 liciens,
2339 5698 2482 5782 quin
2515 5697 2716 5783 potius
2731 5699 2994 5781 seipsum
3011 5701 3603 5778 vincens,secumque
3618 5692 3722 5753 de-
