4136 6436
377 410 496 475 215

1681 397 1960 462 MENSIS
2002 394 2443 460 NOVEMBER.

3640 400 3762 467 216

377 554 636 622 certans,
664 544 952 608 diaconus
996 561 1030 606 a
1066 537 1415 623 patriarcha
1444 534 1702 602 Macario
1734 531 2013 612 deligitur

2114 535 2273 611 .np‘oc
2330 533 2514 594 ἑαυτὸν
2573 531 2967 610 ἁμιλλώμενος,
3025 532 3264 600 διάκονος
3312 533 3454 612 παρὰ
3503 537 3598 593 τοῦ
3646 557 3762 594 πα-

381 655 419 698 a
448 655 565 718 quo
589 635 764 699 divus
794 633 1116 714 Gregorius
1129 635 1525 718 commeatum
1546 624 1838 718 Ulivaru-m
1862 640 2026 718 mon-

383 713 486 801 tis,
513 728 878 805 Patrumque
911 713 973 784 in
1005 722 1104 783 illa
1143 727 1362 782 sancta:
1411 713 2025 805 civitatissolitudine

379 816 722 895 degentium
763 803 1140 876 visendorum
1189 807 1374 887 gratia
1395 803 2022 895 petiit,cujus_cumar-

379 890 560 967 bitrio
589 905 701 966 hoc
731 905 919 984 ipsum
953 898 1417 982 permitteretur,
1445 895 1581 970 iter,
1613 911 1730 974 quo
1747 890 2025 984 fertur‘in

380 993 725 1056 interiorem
753 980 1048 1064 eremum,
1082 986 1444 1066 aggreditur.
1466 985 1736 1060 Cumque
1761 991 1880 1043 tres
1897 980 2028 1043 dies

380 1082 500 1145 iter
528 1083 784 1155 fecisset,
820 1080 892 1143 ad
947 1087 1172 1141 sextam
1223 1075 1350 1136 fere
1397 1075 1604 1135 horam
1664 1071 2025 1133 monachum

380 1171 686 1235 consuetis
712 1177 1016 1234 vacantem
1049 1164 1331 1248 precibus
1361 1161 1623 1243 reperit:
1681 1179 1856 1242 quem
1891 1178 2024 1222 cum

379 1260 849 1337 convenisset,in
864 1271 1329 1334 sermonemque
1341 1251 1692 1316 familiarem
1707 1249 2028 1319 incidisset.

379 1349 622 1427 quando
641 1349 746 1411 ille
771 1348 918 1410 nihil
938 1346 1135 1408 minus
1155 1345 1322 1406 hunc
1343 1343 1536 1422 ipsum
1562 1338 1787 1401 virtutis
1806 1340 2029 1418 depre-

379 1439 678 1504 henderat
705 1445 1057 1510 amatorem,
1091 1436 1152 1495 in
1185 1432 1316 1495 vitae
1344 1449 1548 1493 secum
1572 1427 2028 1490 contubernium

382 1529 634 1611 accepit.
661 1527 886 1591 Verum
911 1543 1046 1587 cum
1080 1531 1212 1604 post
1233 1520 1438 1611 viginti
1457 1520 1586 1582 dies
1602 1537 1717 1580 una
1729 1536 1861 1611 cum
1878 1517 2027 1611 Cre-

380 1608 548 1699 gorio
578 1619 717 1682 illac
746 1616 860 1678 iter
875 1615 1120 1688 faceret,
1147 1612 1366 1686 locum,
1405 1610 1466 1672 in
1483 1629 1600 1690 quo
1615 1609 1892 1671 monachi
1917 1608 2028 1670 do-

383 1708 675 1772 micilium
705 1707 964 1786 duaeque
995 1703 1207 1784 palmas
1238 1709 1432 1776 erant,
1462 1699 1744 1762 indicavit
1770 1720 1783 1759 :
1821 1699 2032 1777 Ingens

383 1799 510 1873 hic,
543 1818 581 1860 ο
612 1797 930 1876 ﬁli(locum
958 1792 1143 1871 digito
1166 1788 1705 1872 signans,subdidit
1726 1788 1879 1868 ille),
1900 1789 2032 1850 the-

2105 626 2360 704 τριάρχου
2410 624 2680 702 Μακαρίου
2739 639 3150 704 χειροτονεῖται,
3209 625 3267 680 ὃν
3310 623 3375 693 δὴ
3432 623 3664 691 ἀξιώσας
3727 629 3758 682 ὃ

2105 719 2246 780 θεῖος
2302 715 2614 793 Γρηγόριος,
2677 714 2736 770 τό
2799 735 2856 770 τε
2913 713 3031 791 ὅρος
3089 719 3196 769 τῶν
3255 713 3448 771 ἐλαιῶν
3511 713 3642 771 ἰδεῖν
3671 716 3761 772 καὶ

2106 806 2225 867 τοὺς
2281 806 2416 861 κατὰ
2473 805 2572 871 τὴν
2627 803 2825 879 ἔρημον
2880 802 2976 870 τῆς
3030 803 3182 880 ἁγίας
3237 802 3449 868 πόλεως
3515 805 3760 883 Πατέρας

2107 893 2430 969 περιελθεῖν,
2489 895 2578 950 καὶ
2640 892 2947 968 ἐπιτραπεὶς
3003 891 3232 972 ἄρχεται
3288 899 3392 960 τῆς
3471 893 3590 952 ὀδοῦ
3657 902 3758 963 τῆς

2109 983 2196 1040 ἐπὶ
2252 984 2351 1050 τὴν
2421 981 2692 1061 ἑνδοτέραν
2764 983 3026 1062 φερούσης
3099 981 3326 1056 ἔρημον,
3400 982 3632 1060 Ἦμέρας
3701 983 3760 1041 δὲ

2106 1073 2177 1148 τῇ
2236 1070 2504 1149 ὁδοιπορίᾳ
2562 1085 2707 1150 τρεῖς
2767 1069 3036 1150 διανύσας,
3094 1069 3292 1150 σχοδόν
3348 1094 3452 1129 που
3509 1074 3628 1151 περὶ
3657 1073 3759 1140 τὴν

2109 1160 2270 1228 ἕκτην
2325 1161 2466 1239 ὥραν
2524 1158 2921 1236 καταλαμϐάνει
2972 1161 3090 1216 τινὰ
3140 1161 3386 1240 μοναχὸν
3441 1163 3536 1228 τὰς
3588 1163 3765 1232 συνή-

2112 1254 2218 1314 θεις
2296 1251 2460 1329 εὐχὰς
2529 1251 2872 1326 ποιούμενον.
2945 1250 3126 1322 Τούτῳ
3195 1248 3260 1316 δὴ
3332 1253 3586 1330 συγγενός
3662 1251 3764 1307 καί

2111 1342 2185 1404 εἷς
2244 1338 2434 1418 λόγους
2489 1339 2655 1396 ὶλθὼν
2711 1339 2834 1397 ἐπεὶ
2888 1340 3138 1402 κάκετνος
3187 1342 3344 1399 αὐτὸν
3393 1339 3531 1419 ἔγνω
3562 1344 3760 1418 ἀρετῆς

2113 1431 2285 1508 ἄκρως
2356 1430 2832 1505 μεταποιούμενον,
2905 1429 3020 1505 μεθ’
3081 1430 3269 1488 ἑαυτοῦ
3324 1428 3756 1508 παραλαμϐάνει.

2115 1518 2204 1577 Ἐν
2262 1519 2485 1596 ἡμέραις
2547 1517 2597 1576 δὲ
2655 1519 2829 1575 ε’ίκοσι
2889 1520 2988 1586 τὴν
3046 1520 3210 1586 αὐτὴν
3257 1517 3474 1583 ὁδεύσας
3504 1526 3580 1593 τῷ
3609 1526 3760 1597 Γρη-

2113 1609 2299 1688 γορίω,
2359 1607 2582 1668 δείκνυσι
2640 1609 2804 1666 τόπον
2857 1612 3000 1682 αὖτῷ
3052 1629 3169 1664 τινα
3217 1607 3318 1682 ὲνῷ
3351 1610 3524 1678 σκηνή
3567 1629 3624 1664 τε
3653 1632 3761 1683 μο-

2114 1705 2286 1777 ναχοῦ
2338 1699 2428 1772 ἧν,
2490 1700 2581 1754 καί
2635 1697 2726 1754 δύο
2767 1699 2998 1776 φοίνικες
3049 1697 3399 1776 ἐπεφύκεσαν,
3434 1705 3630 1756 Τοῦτον
3655 1699 3757 1755 αύ-

2114 1794 2190 1860 τῷ
2245 1794 2322 1861 τῷ
2377 1785 2619 1861 δακτύλῳ
2667 1785 2836 1852 δείξας
2883 1787 2971 1842 καὶ
3025 1788 3211 1860 εἰπὼν,
3275 1787 3550 1859 Ἐνταῦθα,
3605 1789 3761 1866 φησὶ,

386 1905 603 1949 saurus
635 1875 727 1949 est
754 1885 1240 1962 abditus,nempe
1260 1879 1698 1943 exercitationis
1731 1877 1904 1939 laude
1924 1895 2029 1956 pa-

2116 1876 2161 1932 ὦ
2228 1890 2354 1956 παῖ,
2428 1875 2598 1954 μέγας
2671 1876 3030 1954 ἐγκέκρυπται
3106 1877 3395 1955 θησαυρὸς,
3467 1875 3636 1953 μέγας
3710 1875 3766 1931 ἐν

386 1985 477 2038 ter
511 1970 1401 2052 eminentissimus,tuusque,id
1422 1969 1538 2030 nisi
1568 1968 1697 2049 ipse
1711 1969 2029 2049 detrectes,

2116 1966 2342 2035 ἀσκήσει
2403 1966 2579 2040 πατὴρ
2648 1967 2736 2022 καὶ
2801 1967 2920 2038 σὸς,
2994 1966 3038 2020 εἰ
3103 1963 3281 2040 θέλῃς,
3345 1967 3552 2043 σωτήρ.
3597 1965 3771 2023 Ἀλλὰ

384 2073 657 2127 servator
680 2065 940 2126 futurus.
964 2061 1224 2124 Proinde
1239 2058 1486 2131 accede,
1513 2069 1573 2120 et
1597 2057 2028 2138 pulsansfores,

2115 2055 2322 2131 πρόσιθι
2353 2057 2440 2112 καὶ
2469 2056 2642 2129 κόψας
2673 2055 2772 2121 τὴν
2801 2055 2984 2132 θύραν,
3031 2053 3163 2119 ἔξεις
3216 2055 3375 2110 αὐτὸν
3407 2055 3762 2117 ὑπακούοντα,

384 2154 616 2215 obviam
631 2153 736 2214 tibi
752 2151 1144 2234 prodeuntem
1164 2147 1449 2224 habebis;
1475 2147 1630 2228 quod
1646 2147 1696 2207 si
1723 2146 2029 2226 psallendo

2115 2143 2215 2200 “Av
2269 2143 2323 2201 δέ
2379 2167 2440 2223 γε
2472 2143 2694 2220 ψάλλων
2744 2144 3014 2224 τυγχάνῃ,
3076 2143 3284 2222 πλήρου
3345 2145 3436 2200 σὺν
3479 2147 3620 2218 αύτῷ
3661 2147 3763 2213 τὴν

390 2241 799 2315 distinebitur,
821 2247 1061 2303 cantum
1093 2256 1226 2300 cum
1261 2236 1537 2307 illo,foris
1557 2235 1825 2311 alioquin
1840 2243 2025 2312 stans,

391 2347 796 2412 prosequere;
835 2348 970 2392 cum
1003 2346 1136 2390 vero
1169 2325 1424 2389 canendi
1446 2325 1625 2386 finem
1657 2325 2034 2397 fecerit,hinc

387 2419 496 2480 tibi
517 2438 676 2482 cura:
697 2414 1391 2499 sit,quominushacipsa
1407 2414 1711 2476 frustreris
1728 2412 2025 2490 indagine.

386 2510 527 2572 Haec
557 2525 704 2571 sane
730 2526 866 2570 cum
897 2507 1001 2568 ille
1051 2505 1330 2581 dixisset,
1365 2511 1644 2584 essetque
1674 2501 2028 2582 Gregorium

385 2597 780 2678 amplexatus,
817 2596 1118 2660 discessit.

465 2686 656 2752 XXII.
683 2689 762 2750 At
789 2704 932 2748 vero
963 2702 1101 2747 cum
1135 2683 1232 2745 hic
1271 2684 1438 2745 ﬂexis
1488 2681 1765 2762 genibus,
1825 2681 2031 2745 oculos

387 2793 632 2839 sursum
670 2777 729 2837 in
761 2774 980 2838 cmlum
1009 2773 1246 2852 tollens,
1272 2780 1524 2845 orasset,
1556 2788 1810 2852 seseque
1837 2771 2032 2833 crucis

386 2871 557 2944 signo
590 2863 1054 2946 praemuniisset,
1077 2862 1332 2926 ﬁdenter
1345 2859 1748 2942 gradiebatur.
1766 2863 2032 2940 Cumque

387 2955 460 3016 ad
495 2954 689 3018 locum
715 2955 1106 3034 pertingeret,
1133 2959 1448 3015 canentem
1473 2951 1644 3030 quasi
1670 2949 1902 3014 turbam
1927 2967 2031 3012 au-

383 3043 532 3106 divit
558 3064 572 3107 :
607 3043 711 3106 sed
737 3061 876 3105 cum
908 3041 1152 3124 propius
1178 3040 1554 3120 accessisset,
1583 3058 1700 3101 non
1734 3047 1855 3101 tum
1880 3039 2030 3101 mul-

381 3132 730 3209 titudinem,
759 3131 861 3194 sed
898 3131 1080 3193 veluti
1113 3138 1234 3192 tres
1263 3138 1550 3192 canentes
1570 3127 1932 3204 audire,sibi
1953 3128 2032 3190 vi-

382 3241 490 3284 sus
518 3229 631 3284 est.
657 3221 850 3294 Quare
881 3221 1100 3282 timore
1123 3219 1456 3300 perculsus,
1485 3218 1556 3280 ad
1576 3224 1820 3299 januam
1848 3217 2033 3280 silens

2112 2233 2253 2306 ᾠδὴν
2285 2236 2449 2300 ἑστὼς
2493 2233 2702 2300 ἔξωθεν·
2766 2235 2854 2290 καὶ
2906 2233 3041 2308 μετὰ
3097 2235 3158 2290 τὸ
3215 2234 3534 2313 παύσασθαι,
3591 2236 3671 2292 σοὶ
3702 2237 3766 2293 τὸ

2114 2321 2347 2381 ἐντεῦθεν
2378 2323 2588 2399 μελέτω
2617 2324 2762 2386 ὅπως
2818 2323 2917 2391 τῆς
2969 2324 3133 2401 θήρας
3192 2324 3269 2398 μὴ
3326 2311 3645 2403 διαμάρτῃς.
3700 2325 3762 2383 ’0

2115 2412 2237 2486 μὲν,
2306 2421 2529 2470 τοσαῦτα
2587 2414 2749 2470 εἰπὼν
2805 2413 2892 2469 καὶ
2948 2412 3040 2468 τὸν
3100 2413 3391 2492 Γρηγόριον
3435 2413 3764 2490 ἀσπασάμε-

2115 2523 2222 2581 νος,
2259 2502 2548 2582 ἀνεχώρει,

2197 2677 2322 2743 ΚΒ’,
2385 2679 2446 2738 Ὀ
2475 2678 2530 2735 δὲ
2558 2680 2625 2736 τὰ
2682 2681 2881 2759 γόνατα
2937 2680 3145 2760 κλίνας,
3191 2680 3312 2746 τοὺς
3353 2679 3408 2736 δὲ
3457 2681 3766 2761 ὀφθαλμοὺς

2112 2770 2211 2836 τῆς
2267 2767 2496 2834 διανοίας
2553 2767 2663 2825 ἄνω
2717 2771 2849 2846 πρὸς
2911 2771 3134 2848 οὐρανὸν
3181 2771 3355 2833 τείνας
3405 2772 3493 2828 καὶ
3537 2793 3764 2850 προσευο

2113 2859 2366 2935 ξάμενος,
2428 2866 2506 2934 τῷ
2562 2859 2710 2917 τύπω
2759 2881 2815 2916 τε
2864 2861 2968 2917 ποῦ
3023 2866 3245 2937 σταυροῦ
3304 2881 3763 2940 σφραγισάμενος,

2111 2947 2308 3028 ἐχώρει
2366 2947 2589 3027 θαῤῥῶν,
2654 2950 2743 3006 καὶ
2801 2948 3030 3016 πλησίον
3083 2956 3177 3007 τοῦ
3233 2950 3398 3007 τόπου
3447 2951 3767 3034 γενόμενος,

2111 3037 2334 3106 ἤκουσεν
2391 3037 2572 3118 ὥσπερ
2624 3036 2792 3118 ὄχλου
2849 3040 2992 3103 τινὸς
3063 3037 3303 3111 ᾅδοντος.
3383 3039 3635 3119 Ἐγγίσας
3706 3041 3766 3100 δὲ

2113 3127 2524 3207 πλησιέστερον,
2591 3128 2714 3207 ούχὶ
2765 3128 3000 3198 πλήθους
3062 3129 3210 3204 τότε,
3268 3127 3390 3187 ἀλλ’
3447 3130 3570 3189 ὅσον
3598 3139 3762 3209 τριῶν

2115 3214 2428 3292 ψαλλόντων
2459 3217 2681 3287 ἀκήκοε·
2717 3219 2818 3276 Τὸν
2847 3219 2944 3292 μὲν
2976 3217 3064 3275 οὗν
3096 3217 3212 3283 δέος
3265 3221 3418 3300 εἶχε,
3477 3222 3559 3276 καὶ
3614 3223 3759 3299 παρὰ

384 3309 939 3392 appr0ptnquabat;
964 3308 1070 3371 sed
1088 3309 1192 3372 ille
1211 3328 1346 3371 cum
1369 3316 1606 3371 cantum
1635 3307 2029 3388 intusexples-

2115 3306 2214 3373 τὴν
2290 3307 2445 3384 θύραν
2515 3313 2732 3364 σιωπῶν
2800 3306 3062 3375 εἱστήκει.
3139 3309 3196 3367 Ὀ
3269 3307 3347 3388 δὲ,
3407 3307 3589 3377 ἐπειδὴ
3657 3312 3762 3378 τὴν

387 3408 499 3474 set,
524 3417 629 3479 per
655 3408 1040 3462 transennam
1068 3397 1549 3478 aspiciens,voce
1573 3396 1925 3476 Gregorium
1949 3397 2032 3459 in~

389 3487 682 3550 clamavit.
716 3488 822 3550 Hic
855 3505 997 3550 vero
1023 3487 1210 3549 multo
1236 3488 1422 3564 magis
1443 3487 1516 3550 ob
1539 3485 1800 3548 nominis
1819 3489 2031 3567 appel-

381 3576 668 3640 lationem
702 3577 1137 3658 pertimescere
1191 3577 1390 3658 cmpit,
1439 3587 1497 3639 et
1527 3575 1759 3639 vocanti
1792 3595 2029 3657 parens,

391 3665 1015 3747 ingreditur,seseque
1039 3666 1312 3747 lacrymis
1336 3684 1404 3727 ac
1426 3665 1746 3727 sudoribus
1764 3665 2029 3727 circum-

381 3758 572 3838 fusus,
638 3756 794 3819 illius
849 3757 923 3818 ad
974 3755 1158 3836 pedes
1214 3754 1496 3837 projecit.
1529 3757 1794 3833 Cumque
1826 3753 1900 3817 ab
1932 3773 2026 3831 eo,

387 3851 577 3912 Deum
598 3853 662 3907 ut
677 3864 783 3926 pro
803 3862 871 3908 se
892 3843 1812 3925 oraret,petiisset,sibiqueillud
1833 3844 2029 3926 ipsum

386 3935 718 4018 praestitum
751 3941 935 4010 esset,
955 3933 1111 4015 apud
1142 3953 1351 3996 senem
1373 3941 1803 4014 commoratur,
1828 3951 2029 4012 gram-

384 4025 786 4102 maticamque
822 4032 882 4086 et
907 4023 1200 4103 quidquid
1227 4029 1534 4104 poetarum
1558 4021 1728 4084 libris
1755 4022 2030 4085 contine-

385 4124 511 4195 tur,
545 4114 909 4176 rbetoricam
943 4119 1108 4188 item,
1136 4132 1203 4175 ac
1229 4111 1662 4193 philosophiam
1686 4112 1874 4190 illam,
1904 4131 2034 4194 quae

383 4204 585 4266 animo
618 4211 678 4267 et
700 4204 1216 4284 contemplatione
1238 4202 1504 4264 cernitur
1527 4203 1686 4281 (nam
1712 4222 1842 4284 quae
1865 4203 1925 4264 in
1943 4222 2034 4265 re-

383 4312 516 4357 rum
548 4294 783 4356 actione
805 4301 1100 4366 versatur,
1127 4293 1250 4373 jam
1278 4291 1512 4372 pridem
1535 4290 1870 4372 didicerat),
1897 4292 2037 4353 edo.

388 4391 580 4448 cetur.
605 4383 914 4465 Siquidem
949 4398 1132 4444 senex
1150 4382 1224 4442 ab
1254 4381 1350 4465 his
1379 4379 1658 4442 omnibus
1686 4381 1842 4443 belle
1868 4399 2032 4462 para-

378 4483 480 4536 tus
511 4481 660 4552 erat,
689 4457 1182 4550 'Iitterarumque
1233 4457 1570 4532 Graecarum
1619 4457 1924 4532 doctorem
1965 4489 2032 4532 se

386 4561 708 4643 praestabat
731 4561 1042 4623 eximium.
1063 4557 1206 4622 Tam
1231 4559 1454 4621 affabre
1475 4559 2034 4639 Gregoriuslittera-

394 4668 531 4712 rum
568 4649 792 4712 divitiis
823 4657 1174 4723 auctus,nec
1205 4649 1423 4710 minori
1449 4667 1682 4710 morum
1712 4658 1888 4731 atque
1913 4649 2032 4710 vir-

2044 3367 2093 3425 C

2115 3395 2258 3470 ᾠδὴν
2292 3393 2436 3451 ἔνδον
2466 3394 2721 3474 τελέσειε,
2759 3397 3089 3476 παρακύπτει
3121 3403 3220 3464 τῆς
3264 3399 3443 3478 θύρας,
3503 3397 3597 3455 καί
3639 3420 3761 3479 φω-

2117 3499 2200 3542 νετ
2255 3484 2449 3565 λέγων·
2511 3487 2791 3565 Γρηγόριε.
2852 3491 2912 3545 Ὀ
2971 3487 3024 3544 δὲ
3065 3490 3152 3545 καὶ
3200 3487 3406 3564 μᾶλλον
3455 3491 3543 3546 ἐπὶ
3575 3495 3641 3566 τῇ
3670 3497 3769 3547 τοῦ

2115 3576 2376 3650 ὀνόματος
2432 3575 2621 3646 κλήσει
2679 3577 3041 3657 καταπλαγεὶς
3101 3582 3188 3635 καὶ
3244 3586 3321 3652 τῷ
3371 3578 3616 3639 καλοῦντι
3649 3600 3770 3636 πει-

2115 3667 2275 3740 σθεῖς,
2331 3664 2576 3722 εἰσελθὼν
2638 3665 2956 3743 προσπίπτει
3020 3681 3135 3732 τοῖς
3210 3669 3395 3726 τούτου
3450 3669 3597 3743 ποσὶ,
3661 3667 3766 3724 δα-

2112 3757 2262 3832 κρυσί
2317 3775 2374 3812 τε
2427 3757 2515 3812 καὶ
2571 3753 2748 3832 ἱδρῶσι
2805 3756 3232 3834 περιρρεόμενος,
3286 3757 3374 3814 καὶ
3414 3758 3584 3837 εδχὴν
3615 3756 3770 3824 ἔξαι-

2111 3845 2391 3919 τούμενος.
2454 3845 2646 3924 Τυχὼν
2708 3843 2763 3901 δὲ
2819 3845 2916 3912 τῆς
2975 3846 3147 3926 εὐχῆς
3195 3845 3339 3922 μένει
3388 3847 3530 3926 παρὰ
3560 3855 3638 3922 τῷ
3667 3847 3771 3925 γέ-

2115 3953 2281 4010 ροντι,
2315 3935 2403 3990 καὶ
2452 3935 2578 4012 παρ’
2638 3933 2781 4007 αἰ)τῴ
2811 3933 2896 3994 διὰ
2951 3937 3216 4013 τεττάρων
3283 3935 3417 3993 ἑτῶν
3449 3959 3765 4014 γραμματιο

2114 4021 2218 4088 κὴν
2273 4043 2330 4078 τε
2391 4021 2716 4096 παιδεύεται,
2750 4023 2836 4079 καὶ
2886 4023 2986 4080 ὅσα
3016 4026 3122 4081 τῶυ
3154 4027 3417 4101 ποιητῶν,
3474 4025 3770 4100 ῥητορικὴν

2119 4133 2172 4167 τε
2243 4113 2332 4168 καὶ
2379 4111 2693 4190 φιλοσοφίας
2751 4113 2874 4169 ὅσον
2929 4115 2991 4169 τὸ
3041 4114 3388 4192 θεωρητικόν·
3436 4115 3498 4171 τὸ
3549 4116 3648 4193 γὰρ
3697 4114 3767 4170 δὴ

2115 4203 2405 4272 πρακτικὸν
2435 4201 2539 4269 ἤδη
2570 4202 2658 4258 καὶ
2688 4200 2952 4280 προλαϐον
3005 4202 3290 4283 ἐξήηητο,
3356 4202 3677 4264 πεπαίδευτο
3707 4203 3769 4260 δὲ

2115 4291 2202 4345 καὶ
2231 4291 2296 4347 τὰ
2327 4297 2542 4347 τοιαῦτα
2573 4293 2600 4346 ὁ
2645 4291 2814 4369 γέρων
2844 4293 3060 4372 ἱκανῶς,
3093 4294 3182 4349 καὶ
3225 4291 3402 4371 λόγων
3433 4293 3770 4361 Ἑλληνικῶν

2115 4378 2288 4452 ἄκρως
2320 4377 2646 4445 διδάσκαλος
2675 4381 2763 4448 ἧν.
2795 4383 3034 4438 Τοσαῦτα
3063 4383 3204 4451 παρὰ
3234 4384 3422 4442 τούτου
3470 4383 3768 4461 Γρηγόριος

2217 4471 2229 4488 \
2298 4471 2312 4490 \
2389 4468 2407 4488 Ν
2677 4469 2700 4488 σι
2727 4472 2736 4492 ρ
2949 4473 2962 4494 ’
3071 4475 3082 4494 ι
3135 4474 3145 4494 ρ
3297 4472 3313 4491 \
3449 4475 3463 4492 \
3559 4474 3570 4490 Ι
3750 4474 3766 4490 ο

2115 4491 2234 4545 περι
2263 4491 2356 4526 τον
2388 4470 2548 4548 Λόγον
2577 4483 2856 4550 κεροανας,
2915 4493 3008 4528 ουκ
3063 4471 3214 4549 ολιγα
3266 4469 3321 4527 δε
3379 4495 3465 4529 και
3516 4474 3631 4549 βιου
3678 4493 3772 4529 και

2115 4565 2213 4627 τῆς
2271 4559 2465 4638 ἀρετῆς
2523 4560 2882 4640 ἀπονάμενος,
2954 4561 3343 4636 συνταξάμενος
3414 4563 3557 4635 αὒτῷ
3627 4569 3770 4636 μετὰ

2116 4651 2303 4730 ταῦτι,
2364 4651 2453 4706 καὶ
2501 4650 2620 4714 τοὺς
2651 4649 3016 4726 ὶκδεξομένους
3069 4653 3228 4709 αὺτὸν
3282 4652 3606 4730 πειρασμοὺς
3636 4649 3771 4728 παρ’

383 4739 553 4815 tutis,
585 4737 934 4801 accessione
964 4739 1139 4812 facta,
1175 4738 1262 4800 illi
1293 4738 1737 4806 adhazrescebat
1763 4728 1857 4800 :va
1885 4756 2028 4815 quo,

2118 4728 2296 4797 αύτοῠν
2333 4737 2597 4820 διδαχθείς
2635 4755 2645 4767 ⁸
2703 4744 2771 4808 ἧν
2831 4744 2930 4819 γὰρ
2965 4742 3092 4817 πρὸς
3124 4753 3240 4800 τοῖς
3271 4728 3452 4806 ἄλλοις
3487 4741 3573 4797 καὶ
3630 4762 3769 4819 προ-

384 4847 656 4911 quzenam
712 4846 780 4890 se
816 4827 1163 4890 vexationes
1209 4827 1502 4891 invasurae
1533 4836 1756 4903 essent,
1791 4829 2035 4890 edoctus

2119 4831 2346 4900 φητικὸς
2405 4832 2432 4885 ὁ
2489 4833 2635 4892 θεῖος
2693 4829 2828 4907 ἀνὴρ
2863 4845 2877 4859 ⁶
2938 4831 3025 4886 ἐπὶ
3073 4831 3195 4894 τοὺς
3246 4831 3415 4906 ἱεροὺς
3453 4829 3649 4892 τόπους
3675 4830 3770 4885 καὶ

383 4920 544 4999 (erat
573 4917 734 4980 enim
769 4915 1010 4979 divinus
1044 4915 1143 4978 ille
1174 4916 1262 4977 vir
1317 4917 1478 4978 inter
1531 4925 1744 4978 caetera
1797 4917 2029 4979 venturi

2119 4919 2264 4982 αὖθις
2349 4924 2530 4998 φοιτᾷ,
2614 4919 2700 4975 καὶ
2783 4919 2990 4983 τούτοις
3075 4917 3410 4996 ἓνδιατρίψας
3495 4919 3765 4988 ἐνιαυτὸν,

385 5007 721 5090 prmscius),
758 5025 970 5069 rursus
1000 5007 1072 5069 ad
1106 5025 1276 5069 sacra
1306 5006 1435 5068 loca
1463 5007 1673 5087 pergit:
1707 5005 1768 5066 in
1817 5006 2029 5087 quibus

2119 5009 2323 5065 ἐκεῖθεν
2355 5010 2427 5074 εἰς
2458 5007 2800 5087 Ἀντιόχειαν
2854 5007 3056 5064 ἄπεισι·
3118 5008 3207 5064 καὶ
3253 5007 3382 5084 παρ’
3437 5009 3572 5083 αὐτῇ
3601 5006 3769 5064 πάλιν

381 5115 519 5160 cum
539 5115 648 5178 per
672 5115 894 5158 annum
922 5095 1188 5173 vixisset,
1215 5097 1382 5160 illinc
1405 5097 1463 5158 in
1478 5096 1855 5160 Antiochiam
1879 5096 2029 5161 abit:

2119 5098 2356 5155 ἐνιαυτὸν
2427 5098 2520 5155 ἕνα
2590 5096 2963 5175 διαγενόμενος
3037 5099 3245 5177 σχολῆς
3313 5119 3371 5154 τε
3442 5095 3764 5176 λαϐόμενος,

383 5187 544 5268 apud
575 5205 750 5268 quam
771 5203 991 5248 moram
1019 5187 1512 5261 trahens,annum
1537 5187 1743 5248 itidem
1771 5205 2029 5250 commo-

2118 5189 2204 5245 καὶ
2236 5195 2343 5245 τῶν
2394 5185 2734 5267 δογματικῶν
2791 5187 2965 5264 λόγων
3024 5186 3252 5250 πολλοὺς
3310 5188 3407 5262 μὲν
3479 5187 3767 5265 ἀναγνοὺς,

378 5285 546 5340 ratus
575 5290 691 5340 est.
733 5277 1003 5358 Cumque
1023 5286 1184 5339 esset
1215 5278 1417 5359 plures
1438 5277 1704 5339 eruditos
1721 5295 2029 5340 sermones

2114 5281 2208 5337 οὒκ
2238 5279 2446 5356 ὀλίγους
2501 5276 2556 5333 δὲ
2614 5278 2698 5333 οιαὶ
2759 5278 2914 5340 αὐτὸς
2974 5275 3276 5355 ἐκθέμενος,
3333 5279 3422 5334 καὶ
3449 5279 3624 5351 θαῦμα
3653 5283 3770 5332 πᾶ-

377 5367 835 5446 interpretatus,
873 5385 982 5428 nec
1017 5385 1238 5447 paucos
1269 5368 1395 5447 ipse
1420 5365 1876 5446 composuisset,
1911 5387 2029 5428 om-

2114 5389 2196 5423 σιν
2226 5367 2532 5446 ἀπολιπών,
2594 5368 2666 5429 εἷς
2724 5369 2824 5433 τὴν
2883 5365 3127 5442 μεγάλην
3181 5365 3335 5422 πόλιν
3385 5367 3473 5422 καὶ
3521 5364 3772 5441 βασιλίδα

381 5455 561 5518 nibus
591 5455 684 5518 sui
715 5457 1114 5519 admiratione
1143 5456 1366 5537 injecta
1421 5457 1492 5517 ad
1529 5475 1801 5535 magnam
1834 5475 1901 5518 ac
1931 5476 2028 5518 re-

376 5546 529 5624 giam
562 5547 935 5608 Constantini
969 5546 1267 5608 civitatem
1301 5553 1632 5608 concessit:
1670 5547 1906 5628 quando
1931 5547 2028 5607 di-

375 5635 510 5695 vina
533 5635 700 5695 illum
721 5637 970 5697 omnino
998 5635 1369 5715 providentia
1392 5654 1462 5695 eo
1494 5638 1903 5715 compelleret,
1923 5645 2029 5697 eta

2112 5458 2210 5524 τὴν
2243 5457 2639 5515 Κωνσταντίνου
2683 5469 2882 5534 χωρεῖ,
2917 5461 3013 5522 τῆς
3070 5454 3180 5510 ἄνω
3236 5455 3449 5518 πάντως
3506 5457 3770 5532 Προνοίας

2113 5550 2268 5605 αὺτὸν
2326 5547 2661 5622 ἀπαγούσης,
2724 5547 2796 5609 εἷς
2855 5545 2920 5613 ἣν
2972 5544 3038 5611 δὴ
3105 5544 3306 5615 ἐκλήθη
3365 5544 3508 5610 τάξιν
3585 5545 3769 5622 ὥσπερ

2113 5634 2536 5713 προϐιϐαζούσης
2550 5685 2562 5697 .

379 5723 610 5786 caeteris
639 5725 882 5806 quidem
917 5725 1124 5789 mundi
1151 5725 1309 5787 curis
1335 5725 1804 5804 abstractum,ad
1833 5744 2048 5790 munus
2070 5725 2319 5808 illud,ad
2343 5725 2502 5810 quod
2525 5722 2865 5788 obeundum
2901 5730 3138 5786 vocatus
3159 5723 3372 5801 fuerat,
3399 5721 3762 5792 hortaretur.
