4136 6422
312 405 423 475 217

1367 407 1554 473 VITA
1595 405 1657 472 S.
1701 405 2076 473 GREGORII
2118 405 2663 473 AGRIGENTINI.

3583 405 3700 477 218

397 551 527 606 Kl".
581 545 794 612 ταύτην
845 542 1175 603 καταλαϐὼν
1220 545 1310 602 καὶ
1363 545 1506 625 παρᾶ
1537 549 1630 602 τοῦ
1685 523 1965 626 φιλαρέτου

2127 541 2334 608 XXIII.
2367 542 2530 608 Hauc
2560 545 2831 628 subiens,
2861 545 3018 628 apud
3066 547 3424 610 monachum
3455 547 3697 628 sapien-

313 643 558 716 μοναχσῖι
610 635 776 703 ξενίας
841 637 1058 716 τυχὼν,
1099 635 1158 700 ὃς
1201 633 1304 704 ἢδη
1347 637 1436 692 καὶ
1489 639 1589 702 τῆς
1645 639 1748 692 τῶν
1808 636 1972 714 ἁγίων

319 727 595 807 μαρτύρων
661 727 887 805 Σεργίου
959 726 1050 782 καὶ
1130 725 1346 804 Βάκχου
1415 729 1706 801 καθηγεττο
1775 729 1970 812 μονῆς³

322 815 470 894 ἔργον
525 817 628 893 μὶν
685 815 739 873 ἰν
794 815 1032 892 πρώτοις
1071 814 1130 870 οὒ
1190 815 1378 893 μικρὸν
1432 813 1670 872 ἰποιεῖτο
1729 815 1973 873 Ἰωάννου

315 917 410 967 τοῦ
479 912 689 989 χρυσοῦ
770 905 871 973 τὴν
956 903 1201 983 γλῶτταν
1273 903 1396 968 τοὺς
1469 909 1698 983 χρυσοῦς
1769 902 1971 961 ἐπιέναι

312 997 528 1079 λόγουςο
593 994 747 1053 εἷλκε
803 994 905 1073 γὰρ
935 995 1024 1050 καὶ
1081 999 1262 1052 τοῦτον
1317 994 1351 1060 ἡ
1396 991 1596 1050 ἐκείνου
1655 993 1835 1070 σειρῆν
1881 994 1970 1052 καὶ

313 1089 375 1145 τό
433 1109 492 1145 τε
554 1085 764 1164 πλῆγος
818 1089 929 1140 τῶν
997 1083 1304 1158 νοημάτων,
1349 1083 1437 1139 καὶ
1489 1083 1552 1138 τὸ
1608 1081 1807 1148 κάλλος
1862 1089 1969 1140 τῶν

321 1178 624 1258 ὃνομᾶτων,
655 1175 747 1232 καὶ
787 1174 886 1242 τὴν
939 1175 1130 1240 καινὴν
1180 1170 1389 1239 ἰκείνην
1446 1173 1532 1228 καὶ
1589 1171 1790 1252 σφόδρα
1840 1172 1967 1230 θέλ-

315 1289 511 1344 γουσαν
571 1265 840 1332 συνθήκην
890 1264 1054 1342 δρῶν,
1083 1261 1171 1318 καὶ
1219 1260 1302 1317 ὅτι
1332 1259 1398 1328 δὴ
1445 1262 1511 1318 τὰ
1547 1260 1745 1320 ἐκείνου
1797 1263 1968 1320 πάντα

307 1359 554 1437 χαρίτων
634 1353 828 1430 μεστά.
893 1353 1182 1412 Κᾶντεῦθεν
1257 1349 1417 1409 πάλιν
1475 1354 1536 1407 τὸ
1594 1351 1794 1409 ἑκείνου
1868 1357 1968 1420 τῆς

305 1447 494 1526 ψυχῆς
555 1445 781 1524 μέγεθος
821 1445 899 1507 ὡς
949 1441 1065 1499 οἷόν
1108 1462 1166 1497 τε
1221 1443 1291 1508 ἧν
1321 1438 1798 1517 ἆναδιδασκόμενος
1856 1440 1968 1498 διε-

307 1534 626 1614 θερμαίνετο
677 1533 778 1600 τὴν
837 1531 1046 1610 ψυχὴν,
1109 1530 1197 1586 καὶ
1257 1529 1330 1591 ὡς
1373 1529 1504 1606 πρὸς
1548 1529 1850 1610 ἀρχέτυπόν
1917 1549 1968 1586 τι

308 1623 509 1701 κομιδῆ
563 1621 850 1680 κάλλιστον
913 1621 1003 1676 τὸν
1062 1617 1259 1676 ἔκείνον
1313 1618 1425 1694 βίον
1483 1621 1640 1698 ὁρῶν,
1673 1617 1788 1676 καθ’
1847 1617 1968 1677 ὅσον

311 1713 532 1790 δύναμις
589 1711 786 1784 ζηλοῦν
857 1707 1130 1770 ἔσπευδεν.
1191 1708 1459 1766 Ἐντεῦθεν
1528 1708 1625 1766 καί
1699 1730 1967 1766 συντονω-

317 1801 490 1879 τέραις
560 1802 745 1859 ἑαυτὸν
815 1799 1083 1867 νηστείαις
1153 1795 1431 1870 ἐκδέδωκε,
1502 1799 1590 1855 καὶ
1659 1798 1967 1878 ἀγρυπνίαις

329 1891 537 1957 {Eia-nu
589 1893 675 1948 καὶ
731 1901 1068 1968 προσευχαῖς
1125 1885 1482 1952 ἀδιαλείπτοις
1527 1887 1751 1968 ἐχρῆτο.
1824 1897 1864 1945 Α
1914 1887 1969 1945 δὲ

332 1987 488 2047 αὐτὸς
546 1984 670 2057 πρὶς
719 1982 813 2036 τὸν
869 1977 1041 2056 μέγαν
1101 1976 1355 2045 Ἰωάννην
1403 1977 1638 2058 ἔπασχε,
1693 1984 1859 2034 ταῦτα
1916 1976 1968 2034 δὲ

325 2075 460 2152 πρὸς
534 2071 684 2127 αὐτὸν
736 2070 827 2126 καὶ
899 2070 926 2124 ὁ
981 2071 1080 2134 τῆς
1150 2064 1381 2146 μάνδρας
1442 2067 1646 2134 ἐκείνης
1697 2068 1970 2148 προεστὼς

318 2162 627 2218 ἕπεπᾶνθειο
697 2162 834 2238 ὁρῶν
891 2157 992 2236 γὰρ
1061 2155 1307 2222 κάκεῖνος
1382 2156 1444 2213 τό
1511 2179 1569 2214 τε
1641 2155 1970 2237 ὑπερϐάλλον

307 2255 411 2319 τῆς
468 2251 706 2311 ἀσιτίας·
766 2247 882 2305 οὖδὲ
940 2248 1042 2326 γὰρ
1091 2245 1170 2302 ὅτι
1216 2246 1295 2321 μὴ
1355 2244 1422 2302 δι’
1482 2245 1621 2304 ὅλων
1673 2247 1807 2304 ἐπτᾶ
1835 2249 1970 2322 ἠμε-

308 2347 414 2422 ρῶν
471 2338 738 2412 ἐσιτεῖτο,
768 2337 985 2417 λάχανα
1031 2334 1088 2392 δὲ
1141 2334 1235 2392 καῖ
1283 2335 1405 2393 τότε
1461 2337 1643 2412 μόνοις
1701 2335 1852 2393 ἁλσὶν
1895 2338 1967 2406 ἡ-

316 2430 592 2506 δονόμεναο
653 2425 820 2484 ταύτά
875 2447 933 2483 τε
995 2425 1086 2482 οὗν
1144 2425 1302 2504 δρῶν,
1360 2424 1455 2482 καῖ
1512 2427 1574 2482 τὸ
1643 2430 1743 2493 τῆς
1799 2425 1965 2505 ἄγρυ-

316 2520 462 2586 τι-οίας
515 2517 726 2598 σχεδὸν
780 2516 909 2592 ὅπερ
962 2513 1257 2594 ἄνθρωπον,
1306 2513 1364 2571 οὒ
1419 2514 1529 2590 μὴν
1581 2513 1718 2574 ἀλλὰ
1773 2516 1861 2572 καὶ
1907 2516 1968 2571 τὸ

2056 632 2152 695 tiae
2181 633 2545 708 studiosum,
2582 635 2680 716 qui
2710 633 2901 714 Sergii
2932 645 2989 699 et
3019 635 3220 700 Bachii
3253 644 3571 718 martyrum
3591 638 3702 700 do~

2057 722 2179 785 mui
2210 721 2351 784 olim
2385 726 2722 802 praefuerat,
2758 725 3110 801 diversatus,
3143 745 3272 789 rem
3311 747 3432 789 non
3464 745 3701 808 parvam

2056 811 2297 893 quidem
2323 813 2692 888 eﬂ‘ecit,dum
2711 813 2958 878 Joannis
2974 817 3380 898 Chrysostomi
3395 835 3706 879 sermones

2055 919 2266 964 aureos
2290 904 2604 983 percurrit.
2639 904 2786 968 Nam
2812 907 3242 969 sententiarum
3267 907 3428 968 illius
3449 907 3702 970 dulcedo

2052 1007 2120 1051 ac
2150 989 2419 1066 ubertas,
2454 1012 2563 1056 nec
2593 1013 2714 1056 non
2750 994 3065 1058 verborum
3100 995 3475 1077 pulchritudo
3507 997 3700 1076 ipsum

2050 1079 2328 1144 illexerat
2362 1101 2377 1143 :
2434 1091 2554 1145 tum
2589 1102 2800 1146 novam
2856 1085 3018 1147 illam
3052 1084 3308 1148 subinde
3341 1093 3698 1148 structuram

2050 1169 2202 1232 mire
2249 1170 2632 1248 afﬁcieutem,
2690 1179 3015 1252 omniaque
3063 1177 3193 1254 ejus
3245 1175 3490 1255 scripta,
3526 1173 3702 1235 donis

2050 1258 2226 1340 plena
2247 1260 2957 1344 cmlestibus,contuitus,
2984 1265 3126 1326 hinc
3148 1264 3308 1326 illius
3331 1263 3704 1326 animicelsi-

2053 1347 2345 1431 tudinem,
2372 1359 2545 1432 prout
2572 1358 2825 1432 poterat,
2859 1371 2978 1414 non
3009 1353 3272 1432 segniter
3301 1354 3568 1430 edoctus,
3599 1371 3702 1415 ar-

2051 1437 2201 1501 dore
2231 1438 2486 1520 quodam
2517 1441 2700 1502 animi
2734 1448 2861 1504 erat
2888 1461 3202 1524 accensus,
3239 1450 3298 1504 et
3342 1443 3417 1505 ad
3449 1444 3578 1524 ejus
3607 1445 3700 1505 vi-

2051 1535 2196 1609 tam,
2222 1528 2308 1591 uti
2338 1530 2645 1611 exemplar
2666 1531 2964 1612 quoddam
2997 1533 3174 1611 longe
3204 1531 3698 1614 pulcherrimum,

2053 1619 2258 1680 oculos
2287 1618 2631 1696 intendens,
2664 1621 2885 1684 imitari
2931 1621 3087 1683 illam
3121 1623 3329 1685 sedulo
3380 1621 3699 1686 nitebatur.

2051 1705 2206 1770 Hinc
2235 1707 2646 1771 crebrioribus
2689 1728 2756 1772 se
2780 1711 3027 1790 jejuniis
3074 1711 3322 1788 dedidit,
3357 1711 3576 1792 vigiliis
3603 1712 3704 1773 in-

2053 1795 2322 1878 sistebat,
2359 1797 2640 1880 precibus
2668 1799 2915 1864 vacabat
2945 1801 3222 1865 assiduis.
3255 1801 3396 1874 Quae
3449 1820 3588 1864 vero
3619 1801 3705 1864 illi

2055 1885 2212 1956 circa
2261 1890 2551 1950 Joannem
2584 1888 2916 1970 contigere,
2952 1891 3160 1954 eadem
3192 1889 3406 1953 domus
3433 1891 3703 1971 ejusdem

1993 2009 2032 2059 B
2055 1994 2276 2056 praeses
2301 1978 2415 2038 sibi
2447 1977 2610 2041 circa
2637 1977 2806 2040 illum
2841 1998 2950 2041 usu
2975 1979 3206 2042 venisse
3236 1980 3702 2061 comperit.Cum

2054 2065 2215 2127 enim
2263 2076 2324 2130 et
2353 2067 2404 2129 is
2427 2067 2728 2148 jejunium
2760 2067 3116 2130 admirabile
3146 2078 3420 2132 cerneret
3473 2071 3697 2151 (neque

2051 2155 2210 2216 enim
2265 2155 2462 2218 cibum
2498 2156 2612 2218 nisi
2643 2167 2871 2238 septem
2927 2157 3177 2238 singulis
3207 2157 3440 2233 diebus,
3473 2177 3541 2220 ac
3574 2167 3696 2220 tum

2051 2245 2290 2325 quidem
2344 2246 2508 2309 olera
2540 2247 2776 2310 modico
2808 2247 3046 2309 condita
3099 2248 3223 2309 sale
3251 2248 3600 2329 accipiebat)
3631 2267 3702 2310 ac

2049 2334 2278 2413 vigilias
2302 2343 2572 2400 naturam
2607 2337 2926 2399 humanam
2955 2338 3182 2417 egredi,
3205 2338 3394 2399 nihilo
3410 2339 3606 2400 secius
3623 2338 3702 2400 la-

2051 2422 2300 2487 boribus
2323 2425 2936 2508 invictum,prtecibns
2961 2445 3030 2488 ac
3051 2428 3539 2509 contemplationi
3561 2446 3704 2490 con-

2052 2514 2418 2578 stantissime
2439 2515 2758 2592 inhaerere,
2784 2526 3026 2599 stupore
3055 2534 3265 2597 magno
3295 2518 3560 2594 atTectus,
3586 2536 3705 2579 non

315 2609 368 2666 ἐν
409 2609 598 2672 πόνοις
650 2606 945 2677 ἀήττητον,
976 2606 1064 2660 καὶ
1112 2605 1172 2662 τὸ
1201 2605 1321 2683 περὶ
1365 2605 1464 2672 τὴν
1505 2608 1815 2685 προσευχὴν
1865 2603 1967 2681 ἔμ-

2053 2605 2364 2688 continuit,
2399 2607 2544 2688 quin
2596 2607 2721 2668 haec
2753 2607 2881 2688 ipsa
2899 2624 2942 2667 'a
2975 2607 3213 2669 silentio
3263 2605 3615 2682 vindicaret,
3648 2614 3708 2670 et

311 2698 474 2769 μονόν
527 2718 591 2754 τε
652 2695 745 2753 καὶ
811 2695 1162 2774 θεωρητικὸν,
1208 2691 1348 2758 ὅλως
1405 2692 1713 2764 ἐκπλήξεως
1774 2696 1968 2770 μεστὸς

2054 2695 2474 2778 patriarcham,
2507 2697 2603 2759 cui
2634 2704 2766 2759 acta
2799 2697 2960 2758 illius
2989 2696 3192 2760 omnia
3223 2697 3584 2777 manifestat,
3616 2715 3710 2760 re-

309 2789 403 2861 ἦν,
464 2787 559 2844 καὶ
619 2791 751 2863 σιγῇ
807 2793 972 2843 ταῦτα
1027 2782 1274 2860 κρύπτειν
1327 2781 1433 2863 οὔχ
1491 2782 1607 2848 οἶός
1637 2804 1695 2840 τε
1753 2783 1851 2858 ὢν,
1882 2787 1968 2842 καὶ

2054 2801 2186 2846 rum
2217 2786 2484 2847 omnium
2519 2785 2870 2868 participem
2905 2787 3148 2849 faceret.
3189 2786 3295 2850 Ille
3344 2787 3435 2848 his
3465 2785 3704 2867 auditis,

311 2879 402 2935 τδν
499 2875 855 2954 πατριάρχην
944 2873 1202 2928 κοινωνδν
1284 2870 1546 2946 ἔπόιεττο,
1624 2874 1713 2930 καὶ
1796 2874 1968 2930 πάντα

2053 2873 2288 2954 gavisus
2317 2883 2406 2937 est
2435 2875 2848 2956 vehementer,
2874 2894 2944 2937 ac
2974 2875 3276 2955 sapientes
3309 2875 3597 2958 quosdam
3628 2882 3712 2936 vt-

325 2963 637 3044 ὶξαγγὲλλει
697 2963 762 3019 τὰ
792 2961 913 3019 κατ’
956 2960 1136 3023 αὐτόν.
1176 2962 1272 3019 Καὶ
1325 2962 1384 3027 ὃς
1425 2960 1680 3037 ἀκούσας,
1737 2961 1854 3020 λίαν
1911 2984 1968 3020 τε

2051 2984 2152 3028 ros
2181 2985 2290 3048 per
2338 2986 2489 3049 quos
2517 2969 2754 3050 aliquod
2789 2969 2949 3031 illius
2995 2969 3328 3050 periculum
3358 2970 3602 3042 faceret,
3634 2967 3709 3030 ad

312 3055 466 3128 ἥσθη,
519 3055 616 3110 καὶ
658 3050 966 3130 βουλεύεται
1019 3050 1130 3138 τὴν,
1175 3051 1274 3126 μὲν
1316 3052 1534 3129 πρώτην
1577 3054 1772 3132 σοφοὺς
1831 3053 1968 3127 αὖτῷ

2051 3055 2218 3118 illum
2255 3057 2553 3134 Iegare,ac
2577 3076 2712 3119 mox
2737 3057 3092 3138 Gregorium
3125 3057 3319 3136 ipsum
3347 3057 3707 3120 accersitum

308 3167 451 3209 τινας
514 3140 874 3221 ἀποστεῖλαι,
927 3142 1017 3197 καὶ
1067 3136 1134 3195 δι’
1191 3140 1364 3197 αὐτῶν
1419 3141 1621 3198 τούτων
1672 3141 1968 3222 ἀπόπειραν

2050 3145 2205 3227 apud
2256 3163 2322 3207 se
2352 3147 2664 3208 continere
2694 3136 2978 3209 decrevit.
3029 3145 3177 3209 Tum
3211 3150 3370 3210 enim
3423 3145 3711 3226 splendor

303 3235 508 3292 ἑκείνου
573 3229 789 3288 λαϐεῖν’
835 3229 1022 3287 ἔπειτα
1072 3227 1126 3286 δὲ
1168 3231 1256 3286 καὶ
1314 3229 1407 3286 τὸν
1449 3231 1738 3310 Γρηγόριον
1796 3232 1967 3309 μετά-

2051 3235 2266 3311 noctis,
2293 3253 2509 3318 nempe
2530 3236 2852 3317 sapientes,
2873 3235 3124 3298 interire
3145 3242 3474 3317 eruperant,
3497 3252 3565 3296 ac
3587 3252 3707 3296 uno

301 3323 512 3389 κλητον
554 3320 736 3378 θέσθαι
795 3318 920 3399 παρ’
950 3318 1155 3378 ιαυτὸν.
1205 3317 1470 3396 Ὀρίζεται
1529 3318 1584 3376 δὲ
1639 3322 1727 3378 καὶ
1784 3323 1965 3400 καιρὸς

2051 3324 2150 3387 die
2183 3323 2434 3406 periisse
2465 3344 2698 3400 omnes,
2734 3339 2794 3388 et
2837 3325 2910 3388 ab
2942 3333 3184 3406 aSpectu
3220 3325 3528 3386 hominum
3563 3341 3707 3405 pro-

303 3419 404 3480 τῆς
461 3410 874 3492 προσελεύσεως
917 3414 1025 3465 τῶν
1073 3415 1249 3490 σοφῶθ
1279 3411 1308 3465 ὁ
1364 3409 1460 3478 τῆς
1517 3412 1701 3473 νυκτὸς
1759 3410 1964 3492 ὄρθρος,

2052 3414 2146 3475 cul
2196 3414 2308 3475 visi
2337 3424 2474 3478 sunt
2505 3416 2830 3479 exsulasse.
2886 3416 3200 3480 Mittuntur
3230 3415 3411 3494 igitur
3438 3413 3510 3476 ad
3542 3413 3706 3476 illum

311 3502 364 3558 ἰν
432 3501 604 3580 ἣμερα
659 3501 763 3578 γὰρ
820 3499 1039 3564 ἀθέατος
1094 3500 1160 3568 ἦν
1219 3499 1283 3555 τὰ
1325 3499 1500 3588 πολλὰ
1541 3501 1630 3557 καὶ
1680 3500 1962 3579 ἀπρόῖτος,

2049 3505 2339 3568 Maximus
2396 3505 2638 3586 quidam
2693 3506 3102 3588 philosophus,
3135 3523 3204 3567 ac
3253 3503 3708 3581 Constantinus,

323 3593 411 3646 καὶ
461 3590 732 3665 πέμπεται
800 3590 933 3668 πρὸς
1009 3589 1167 3646 αὐτὸν
1238 3587 1478 3666 Μάξιμος
1549 3612 1606 3646 τε
1677 3589 1964 3671 φιλοσοφος

2051 3601 2171 3654 tum
2204 3592 2488 3656 Ecclesiae
2510 3587 2801 3656 librorum
2833 3607 3058 3670 custos,
3086 3593 3196 3656 viri
3229 3612 3350 3655 non
3383 3594 3558 3655 modo
3589 3593 3709 3672 ipsi

323 3682 414 3735 καὶ
491 3689 889 3742 ἰωνσταντϊνος
965 3681 993 3734 ὁ
1085 3685 1374 3744 τηνικαῦτα
1457 3678 1796 3760 χαρτοφύλαξ
1863 3687 1964 3747 τῆς

2049 3683 2419 3765 eloquentes,
2444 3684 2550 3745 sed
2571 3683 2674 3766 qui
2701 3685 2850 3746 alios
2885 3685 3056 3746 etiam
3084 3685 3401 3766 loquentes
3424 3682 3705 3764 judicare

325 3767 660 3849 Ἐκκλησίας,
731 3766 919 3848 ἄνδρες
989 3767 1162 3846 λέγειν
1229 3790 1288 3824 τε
1357 3767 1541 3856 δεινοὶ,
1609 3770 1696 3826 καὶ
1770 3770 1964 3850 κρίνειν

2051 3782 2292 3853 possent
2325 3791 2338 3836 :
2393 3773 2769 3854 philosophia
2800 3774 3044 3856 quidem
3108 3773 3428 3854 plurimum
3465 3771 3704 3852 exculti,

321 3859 440 3922 τοὺς
480 3857 728 3936 λέγοντας
771 3859 967 3932 ἱκανοὶ,
1013 3859 1102 3913 καὶ
1151 3856 1462 3936 φιλοσοφίαν
1511 3855 1686 3937 ἄκρως
1725 3859 1964 3929 ἐξησκησ-

2055 3870 2235 3942 atqne
2262 3863 2438 3924 etiam
2471 3863 2541 3924 ad
2573 3855 2929 3928 sententiam
2955 3882 3024 3925 ac
3055 3882 3254 3924 mores
3282 3862 3588 3926 hominum
3621 3861 3708 3923 ri-

309 3947 483 4024 μένοι,
516 3950 578 4005 οὗ
623 3949 736 4024 μὴν
787 3946 925 4004 ἀλλὰ
981 3948 1072 4004 καὶ
1115 3948 1243 4014 ἦθος
1287 3948 1560 4024 ἀνθρώπω
1601 3950 1690 4005 καὶ
1746 3949 1968 4026 γνώμην

2055 3951 2305 4013 mandos
2336 3951 2525 4014 instar
2554 3953 2721 4033 Lydii
2755 3953 2984 4034 lapides
3036 3953 3290 4014 indices.
3323 3949 3436 4024 Qui
3467 3970 3602 4013 cum
3635 3951 3704 4012 ad

305 4041 645 4113 καταμαθεῖν
702 4038 846 4102 λίθος
902 4039 1150 4118 ἀτεχνῶς
1189 4039 1225 4106 ἡ
1271 4037 1452 4099 Λυδία.
1507 4040 1663 4096 Οὗτοι
1706 4037 1772 4107 δὴ
1829 4039 1968 4113 αὒτῷ

2053 4037 2218 4101 illum
2254 4041 2501 4122 profecti
2532 4052 2752 4112 essent,
2774 4060 2842 4103 ac
2875 4060 3088 4104 sensus
3119 4041 3708 4121 generositatemque

303 4129 714 4207 συγγενόμενοι,
767 4127 852 4184 καὶ
903 4125 1100 4190 ἰδόντες
1157 4127 1405 4206 φρόνημά
1452 4149 1510 4184 τε
1568 4133 1753 4208 ψυχῆς
1811 4131 1968 4206 εὖγε-

2052 4129 2234 4190 animi
2267 4132 2731 4211 perspexissent,
2768 4131 3031 4207 itemque
3073 4129 3455 4193 delectabiles
3487 4148 3704 4204 mores,

300 4217 387 4282 νές
462 4219 555 4273 καὶ
623 4217 755 4284 ἦθος
828 4216 1133 4294 ἐπιτερπὲς,
1194 4216 1354 4295 λόγον
1425 4239 1483 4273 τε
1556 4216 1772 4292 μέλιτος
1837 4217 1968 4286 ἡδίω

2052 4235 2125 4280 ac
2171 4237 2506 4281 sermonem
2564 4219 2742 4282 melle
2801 4219 3132 4282 suaviorem
3188 4221 3396 4292 ﬂuere,
3445 4219 3706 4296 linguam

293 4307 517 4387 ῥέοντα,
577 4307 670 4362 καὶ
750 4304 997 4384 γλῶτταν
1069 4306 1247 4372 πάσης
1323 4303 1768 4385 προϐαλλομένης
1825 4307 1965 4364 ἁπο-

2050 4307 2227 4387 Ionge
2257 4309 2731 4389 praestantiorem
2791 4328 2964 4391 quam
2997 4316 3064 4370 ut
3109 4307 3480 4369 dubitatione
3510 4307 3708 4388 aliqua

297 4397 418 4470 ρίας
472 4395 777 4473 κρείττονα’
838 4394 986 4454 οὐδὲν
1044 4395 1145 4474 γὰρ
1195 4394 1222 4452 '0'
1269 4418 1319 4452 τι
1367 4401 1473 4452 τῶν
1518 4398 1636 4474 περὶ
1693 4396 1966 4475 θεολογίας

2050 4397 2164 4459 sibi
2198 4399 2500 4479 proposita
2525 4399 2868 4462 vinceretur
2903 4399 3076 4482 (nihil
3125 4397 3281 4460 enim
3316 4415 3384 4458 ex
3420 4395 3534 4470 his,
3569 4413 3706 4472 qua:

294 4487 388 4541 καὶ
455 4487 569 4541 τῶν
610 4482 810 4563 σφόδρα
865 4483 1132 4541 δυσλύτων
1183 4486 1329 4542 εἶναι
1389 4484 1708 4566 δοκούντων,
1753 4493 1965 4566 Γρηγο-

2049 4486 2122 4548 ad
2153 4487 2510 4569 theologiam
2567 4491 2889 4570 pertinent,
2926 4507 3250 4568 eorumque
3280 4505 3412 4568 quae
3442 4484 3701 4547 indisso-

297 4576 436 4652 ρίου,
512 4573 684 4653 φημί,
753 4579 851 4641 τῆς
918 4573 1173 4651 θεολόγου
1249 4573 1493 4653 γλώττης
1568 4577 1656 4632 καὶ
1727 4577 1966 4656 οὐρανίου

2053 4576 2254 4639 Iubilia
2299 4595 2432 4639 esse
2460 4587 2763 4658 putantur,
2800 4580 3044 4642 diserta;
3091 4587 3267 4660 atque
3297 4576 3518 4638 caelesti
3569 4576 3699 4653 ejus

296 4664 696 4742 προτείνοντες,
743 4665 890 4732 εὗρον
952 4662 1036 4742 ἐφ’
1093 4667 1139 4738 ᾧ
1199 4669 1277 4739 μὴ
1335 4663 1538 4740 μᾶλλον
1598 4664 1808 4731 ἐκεῖνος
1864 4666 1964 4721 αὒ-

2050 4667 2268 4746 ιὶηειιω
2297 4667 2359 4729 ἰη
2389 4669 2776 4748 qumstionem
2801 4677 3172 4748 revocantes,
3197 4665 3463 4746 reperire
3495 4671 3702 4772 potue-

294 4755 425 4817 τοὺς
592 4751 829 4810 ἑπιλύσει
887 4751 1224 4820 κατέπληττε
1281 4756 1368 4811 καὶ
1431 4752 1624 4830 κομιδῆ
1685 4755 1965 4831 θαυμάζειν

2050 4767 2213 4837 runt,
2248 4759 2306 4818 in
2340 4777 2458 4840 quo
2489 4777 2604 4818 non
2638 4759 2747 4819 hos
2779 4758 2968 4836 magis
2999 4758 3099 4821 ille
3142 4756 3441 4819 solutione
3472 4753 3705 4835 percel-

297 4843 494 4899 ἑποίειο
583 4850 750 4899 ταῦτα
819 4839 885 4909 δὴ
957 4844 1114 4920 πείρᾳ
1189 4843 1470 4923 μαθόντες,
1515 4842 1838 4924 ὑπέστρεφον
1910 4847 1968 4902 οὐ

2051 4846 2225 4927 leret,
2261 4847 2320 4908 in
2360 4839 2818 4928 maximamque
2852 4849 3117 4909 traheret
3170 4844 3646 4922 admirationem)
3684 4863 3698 4901 :

301 4932 482 5010 φθόνῳ
540 4931 610 4988 τὰ
652 4931 793 4990 καλὰ
851 4932 1189 5009 κρύπτοντες,
1242 4931 1463 5012 ἄγγελοι
1501 4930 1556 4989 δὲ
1613 4933 1816 5009 μᾶλλον
1871 4934 1968 4992 καὶ

2049 4936 2174 4997 llth
2204 4954 2336 4998 cum
2359 4937 2727 5016 experientia
2759 4937 3136 5010 didicissent,
3170 4955 3289 4996 non
3323 4933 3544 4994 invidia
3572 4950 3707 5014 qua;

302 5021 537 5100 λαμπροὶ
609 5022 843 5098 κήρυκες
926 5023 1059 5100 πρὸς
1127 5021 1250 5086 τοὺς
1322 5019 1516 5087 ἄλλους
1597 5024 1798 5090 πάντας
1880 5027 1968 5082 καὶ

2049 5026 2296 5087 honesta
2328 5026 2927 5090 essentoccultarunt
2953 5048 2967 5084 :
3002 5027 3149 5104 quin
3179 5025 3375 5104 potius
3399 5021 3589 5084 nuntii
3611 5029 3706 5082 ει-

303 5112 458 5167 αὺτὸν
503 5111 602 5168 τὸν
665 5111 1007 5191 πατριάρχην
1064 5113 1358 5192 γινόμενοι,
1405 5116 1498 5169 καί
1559 5113 1631 5179 δὶς
1703 5116 1863 5189 μόνος
1914 5114 1968 5171 ἐν

2051 5133 2169 5196 que
2201 5133 2504 5195 praecones
2535 5116 2689 5197 apud
2718 5135 2952 5196 omnes,
2978 5125 3036 5177 et
3059 5115 3252 5197 ipsum
3280 5115 3336 5175 in
3366 5110 3574 5195 primis
3597 5129 3701 5191 pa-

297 5201 596 5279 ἆνθρώποις
672 5201 963 5280 Γρηγόριος
1055 5199 1302 5280 λέγοντες
1335 5247 1350 5278 ,
1423 5203 1522 5272 τὴν
1592 5225 1649 5261 τε
1743 5204 1965 5283 γνώμην

2051 5204 2369 5266 triarcham
2408 5205 2676 5267 iIIuStres
2725 5204 2890 5280 facti,
2919 5205 3269 5284 Gregorium
3323 5201 3515 5264 solum
3549 5201 3707 5263 inter

291 5292 381 5347 καὶ
407 5291 511 5359 τὴν
545 5289 796 5369 γλῶτταν
823 5289 1121 5357 ἀήττητος,

2049 5294 2322 5356 homines
2352 5313 2486 5356 cum
2518 5294 2785 5374 ingenio,
2821 5304 2941 5356 tum
2975 5294 3178 5374 lingua
3207 5293 3490 5354 invictum
3535 5308 3704 5352 asse-

2045 5395 2270 5459 rentes,
2305 5385 2530 5447 reversi
2564 5395 2726 5446 sunt.

379 5471 519 5530 KA’.
583 5469 683 5536 Ὠς
740 5467 798 5526 δὲ
843 5469 923 5545 μὴ
967 5468 1267 5546 παροπτέος
1320 5472 1346 5528 ὁ
1393 5471 1708 5540 τηλικοῦτος
1738 5469 1962 5549 Ἐδόκει,

2126 5473 2334 5537 XXIV.
2363 5473 2475 5538 Ubi
2509 5491 2646 5535 vero
2693 5475 2949 5538 eximius
2977 5473 3080 5536 ille
3128 5473 3220 5534 vir
3249 5470 3705 5552 haudquaquam

300 5561 480 5619 αὐτίκα
550 5563 685 5644 πρὸς
765 5561 860 5616 τὸν
932 5559 1276 5640 πατριάρχην
1363 5562 1770 5637 μετακαλεῖται,
1867 5568 1964 5623 Καὶ

2049 5563 2429 5642 spernendus
2461 5565 2617 5624 visus
2672 5574 2782 5641 est,
2820 5564 3132 5627 confestim
3164 5561 3236 5624 ad
3273 5579 3337 5622 se
3373 5556 3710 5640 patriarcha

295 5656 351 5718 ὃς
384 5652 562 5732 ἄγεται
621 5651 733 5730 μὲν
797 5648 973 5722 ἄκων,
1005 5645 1187 5713 δεινῶς
1240 5654 1338 5717 τῆς
1392 5653 1624 5733 ἡσυχίας
1689 5652 1845 5732 ἐρῶν,
1878 5657 1963 5712 καὶ

2049 5651 2215 5716 illum
2247 5653 2555 5715 accersivit
2584 5670 2597 5716 :
2634 5655 2733 5734 qui
2765 5655 2983 5716 invitus
3031 5651 3274 5735 quidem
3308 5649 3550 5710 ducitur
3576 5651 3705 5735 erat

288 5744 390 5824 ἅμα
418 5727 548 5834 πρὸς
577 5727 690 5818 τὴν
736 5736 1092 5819 ὑποστροφὴν
1135 5737 1236 5808 ἤδη
1267 5727 1510 5821 βλέπων,
1522 5727 1621 5800 *καὶ
1677 5727 1776 5816 si“
1825 5727 1960 5802 ἆνα-

2049 5742 2208 5808 euim
2233 5743 2463 5827 quietis
2493 5727 2765 5825 apprime
2794 5727 3124 5823 studiosus,
3152 5737 3456 5826 simulque
3502 5727 3703 5822 postli-
