4136 6432
324 403 438 472 221

1381 402 1570 469 VITA
1613 401 1674 466 S.
1722 398 2096 466 GREGORII
2139 399 2682 468 AGRIGENTINI.

3598 396 3718 467 222

324 542 579 622 νικητής,
633 539 786 608 οὗτος
849 539 913 598 τὸ
980 535 1176 622 τεῖχος
1235 545 1336 610 τῆς
1388 539 1652 619 ἡμετέρας
1723 541 1975 605 πίστεως.

2066 535 2332 618 inquam,
2367 545 2457 600 est
2486 538 2589 603 ille
2614 539 2825 618 victor,
2859 555 2928 602 ac
2959 543 3180 602 nostrai
3209 535 3350 601 fidet
3375 556 3712 621 propugna-

323 636 455 694 τότε
513 633 616 708 μὶν
665 631 756 689 οὖν
810 641 904 691 τοῦ
958 631 1228 706 θαύματος
1285 631 1447 708 μόνον
1507 634 1594 689 καὶ
1651 637 1757 688 τῶν
1821 631 1980 688 ἐπαί-

331 747 430 782 νων
493 720 520 779 6'
580 744 640 780 τε
695 719 945 799 βασιλεὺς
995 722 1086 778 καὶ
1139 722 1174 789 ἡ
1227 719 1355 800 περί
1401 720 1560 779 αὐτὸν
1615 727 1760 781 πᾶσα
1815 719 1980 799 βουλή

333 814 636 893 γενόμενοι,
695 813 783 868 καὶ
841 816 959 885 Θεῷ
1017 811 1116 878 τὴν
1187 811 1349 890 χάριν
1418 808 1822 890 ὁμολογοῦντες,
1889 815 1981 867 σὺν

324 901 468 959 αἰδοῖ
537 908 728 959 τοῦτον
798 899 900 978 ὅσῃ
968 902 1057 957 καὶ
1125 904 1259 976 τιμῇ
1309 899 1657 978 παρέπεμπον
1694 919 1707 934 ’
1768 899 1979 980 ὕστερον

324 990 378 1047 δὲ
435 992 524 1048 καὶ
581 989 891 1062 ἰδιαζόντως
957 991 1115 1046 αὐτὸν
1177 990 1206 1045 6
1265 989 1480 1066 κρατιὸν
1536 987 1984 1066 μετακαλεσάμε-

322 1103 414 1144 νος
473 1080 564 1136 καὶ
621 1082 694 1143 εἷς
752 1078 946 1158 λόγους
994 1077 1184 1149 ἐλθὼν,
1242 1078 1330 1134 καὶ
1379 1079 1534 1156 γνοὺς
1583 1079 1661 1143 τίς
1688 1101 1743 1136 τε
1776 1079 1868 1147 εἴη
1899 1071 1984 1135 καῖ

331 1169 445 1226 ὅθεν
499 1168 650 1246 ἥκει,
714 1168 807 1226 καί
866 1168 1042 1235 πόσην
1100 1167 1300 1235 ἐπῆλθε
1356 1171 1485 1247 γῆν,
1539 1169 1619 1232 τίς
1673 1190 1728 1225 τε
1777 1171 1810 1238 ἡ
1844 1169 1981 1225 αἰτία

325 1265 423 1326 τῆς
492 1257 806 1333 ἀποδημίας
873 1259 1038 1338 αὖτῷ,
1113 1259 1198 1314 καὶ
1272 1259 1386 1314 τίνα
1452 1259 1542 1314 τὸν
1615 1259 1749 1334 μετὰ
1822 1266 1982 1316 ταῦτα

319 1349 527 1405 σκοπὸν
585 1349 806 1426 τίθεται,
869 1345 1067 1427 σφόδρα
1117 1348 1216 1412 τῆς
1285 1347 1504 1424 γνώμης
1564 1349 1721 1404 αὐτὸν
1766 1348 1980 1426 ἀγάμε-

320 1461 440 1510 νος,
472 1439 548 1500 ὥς
610 1436 883 1515 κρείττονά
913 1457 990 1510 τε,
1035 1435 1071 1503 ἦ
1117 1436 1252 1492 κατὰ
1292 1435 1564 1514 ἄνθρωπον
1608 1436 1746 1517 ἐώρα
1777 1438 1984 1494 καὶτοῦ

325 1528 473 1601 αὖτῷ
502 1527 558 1590 ἃς
591 1524 717 1602 ὄψιν
754 1525 928 1582 ἐλθεῖν
959 1522 1163 1588 πολλὰς
1212 1530 1289 1598 τῷ
1321 1526 1436 1601 Θεῷ
1464 1528 1552 1583 καὶ
1598 1533 1676 1601 τῷ
1733 1528 1983 1607 ἀρχιερεῖ

327 1617 487 1673 αὒτώ
543 1617 777 1696 χάριτας
835 1612 1064 1694 ὀφείλειν
1121 1611 1465 1694 διωμολόγει.
1528 1607 1586 1674 Ὀ
1642 1615 1696 1672 δὲ
1765 1618 1980 1695 Γρηγό-

330 1727 467 1782 ριος,
502 1711 604 1773 τῆς
638 1704 896 1784 προτέρας
951 1703 1176 1781 γνώμης
1206 1703 1498 1784 ἐχόμενος,
1551 1707 1648 1774 τὴν
1679 1706 1776 1782 μὲν
1807 1706 1985 1763 ἐκεῖσε

336 1793 608 1873 διατριϐὴν
657 1792 753 1849 καί
809 1793 972 1869 τιμὴν
1017 1791 1134 1848 λίαν
1191 1791 1547 1874 δυσχεραίνων
1594 1794 1682 1875 ἧν,
1736 1796 1892 1852 παντὶ
1931 1792 1986 1852 δὲ

2061 627 2284 689 culum.
2314 627 2464 690 Tum
2488 649 2592 692 rex
2618 648 2684 693 ac
2708 635 3022 694 universus
3048 629 3448 692 circumstans
3469 637 3711 693 senatus

2063 715 2533 781 admirationeac
2567 720 2841 783 laudibus
2864 723 3022 784 hunc
3045 719 3568 801 exceperunt.Mox
3584 719 3707 781 Deo

2062 807 2276 884 gratias
2299 818 2568 888 agentes,
2605 811 2790 874 multa
2820 831 2956 873 cum
3001 812 3344 874 reverentia
3389 819 3454 875 et
3483 812 3714 873 honore

2064 893 2460 961 deduxerunt.
2481 899 2714 963 Deinde
2736 920 2837 962 rex
2852 902 3049 983 ipsum
3065 900 3715 980 accersivit,simulque

2068 1003 2203 1047 cum
2240 987 2340 1050 illo
2370 988 2628 1072 locutus,
2661 991 2933 1070 quisnam
2961 1000 3140 1066 esset,
3167 1009 3236 1053 ac
3263 991 3422 1053 unde
3444 990 3710 1068 gentium

2065 1075 2316 1151 veniret,
2352 1085 2410 1139 et
2437 1097 2584 1158 quas
2616 1079 2780 1143 orbis
2823 1081 3101 1162 regiones
3154 1088 3549 1160 peragrasset,
3584 1097 3713 1160 quae

2066 1165 2152 1226 illi
2184 1164 2424 1228 demum
2459 1176 2636 1231 tanta;
2667 1171 3163 1252 peregrinationis
3193 1189 3531 1252 causa,quaa
3557 1189 3712 1249 prie-

2069 1261 2230 1316 terea
2256 1274 2424 1319 mens
2440 1258 2933 1340 fuisset,agnovit.
2953 1261 3080 1334 Quo
3096 1262 3308 1324 factum
3333 1271 3443 1336 est,
3461 1269 3522 1322 ut
3544 1260 3710 1322 illum

2067 1362 2139 1405 ex
2175 1346 2375 1408 animo
2433 1349 2821 1411 vehementer
2872 1350 3198 1426 admirans,
3253 1350 3494 1412 homine
3529 1350 3713 1412 multo

2065 1434 2350 1514 majorem
2384 1437 2738 1511 aestimaret,
2763 1438 3040 1519 quodque
3073 1439 3132 1500 in
3164 1441 3294 1520 ejus
3322 1447 3708 1520 conspectum

2068 1524 2346 1600 venisset,
2382 1524 2599 1586 multas
2630 1527 2742 1588 hoc
2776 1528 3018 1590 nomine
3051 1530 3172 1591 Deo
3214 1537 3272 1590 et
3301 1529 3714 1610 archipraesuli

2067 1615 2287 1693 gratias
2317 1613 2541 1677 debere
2571 1617 2843 1681 fateatur.
2877 1620 2954 1680 At
3001 1637 3140 1681 vero
3173 1617 3497 1697 Gregorius
3529 1618 3713 1700 priori

2072 1703 2372 1785 proposito
2404 1704 2670 1788 innixus,
2703 1707 3196 1770 consuetudinem
3230 1709 3390 1773 illam
3423 1727 3492 1772 ac
3516 1710 3712 1771 hono-

2068 1812 2194 1855 rem
2229 1812 2384 1873 aegre
2415 1795 2735 1858 admodum
2791 1798 3023 1860 ferebat
3073 1805 3218 1878 quin
3276 1799 3497 1862 abitum
3544 1799 3713 1860 illinc

347 1884 523 1958 τρόπῳ
573 1883 664 1948 τὴν
735 1881 1082 1961 ἀναχώρησιν
1153 1882 1688 1960 πραγματευόμενος,
1766 1881 1979 1958 Ἀμέλεί

2073 1883 2263 1945 modis
2293 1884 2570 1946 omnibus
2601 1887 3020 1952 meditabatur.
3061 1889 3232 1951 Hunc
3264 1888 3522 1968 denique
3552 1887 3711 1950 Mar-

348 1974 439 2030 καὶ
494 1971 577 2028 διᾶ
627 1993 762 2034 τινος
849 1970 1154 2048 Μαρκιανοῦ
1237 1972 1292 2034 ὃς
1365 1971 1429 2038 ἦν
1500 1973 1839 2049 ᾠκειωμένος
1908 1979 1986 2049 τῷ

339 2061 566 2139 βασιλεῖ
615 2061 804 2127 ταύτην
866 2059 1070 2139 εὕρετο,
1129 2061 1215 2116 καὶ
1266 2061 1350 2116 ἒπῖ
1406 2061 1595 2140 ῥητοῖς
1653 2085 1790 2120 τισιν
1847 2063 1979 2120 ἆπο-

334 2149 612 2208 στέλλεται
669 2150 751 2230 ἐφ’
809 2153 855 2224 ᾧ
912 2151 986 2214 εἷς
1045 2140 1262 2226 Ῥώμην
1317 2171 1374 2207 τε
1431 2150 1732 2232 κατελθεῖν,
1786 2153 1874 2210 καὶ
1919 2155 1984 2212 τὰ

331 2241 516 2298 ἐκεῖσε
569 2239 750 2308 κάλλη
800 2240 1286 2320 περισκεψάμενος,
1337 2241 1425 2297 καὶ
1470 2239 1534 2310 δὴ
1573 2243 1658 2299 καὶ
1688 2246 1795 2298 τῶν
1827 2265 1983 2322 κορυ-

329 2330 499 2411 γαίων
579 2330 956 2408 προσγυνητὴς
1039 2329 1324 2408 γενόμενος
1411 2330 1752 2412 ἀποστόλων,
1839 2337 1983 2398 αὖθις

336 2419 676 2498 ὑποστρέψας
748 2418 832 2476 διὰ
904 2419 1144 2500 τάχέων,
1209 2419 1302 2475 καί
1359 2427 1451 2477 τοῦ
1505 2419 1695 2481 λοιποῦ
1749 2435 1984 2479 συνεῖναι

341 2517 413 2584 τῷ
462 2509 710 2586 βασιλεῖ.
791 2509 1050 2588 Πρότερον
1119 2507 1174 2565 δὲ
1233 2508 1268 2576 ἤ
1340 2508 1546 2568 ἐκεῖνον
1603 2513 1698 2580 τὴν
1774 2503 1986 2591 Ῥώμην

2069 1973 2225 2035 ciani
2259 1975 2596 2056 cujusdam,
2625 1977 2872 2058 quiregi
2906 1997 3192 2060 perquam
3228 1978 3529 2041 familiaris
3560 1985 3707 2057 erat,

2067 2082 2250 2143 opera
2280 2074 2654 2141 consecutus.
2692 2068 3066 2131 cautionibus
3097 2088 3164 2131 ac
3197 2069 3426 2149 legibus
3456 2071 3711 2151 quibus-

2069 2153 2202 2215 dam
2262 2153 2542 2216 dimissus
2598 2165 2709 2232 est,
2771 2158 3056 2220 nimirum
3107 2159 3388 2222 inviseret
3418 2159 3712 2221 Romam:

2069 2261 2325 2323 cumque
2349 2243 2514 2306 urbis
2536 2243 2697 2308 illius
2713 2247 3217 2328 pulchritudinem
3232 2268 3299 2313 ac
3323 2249 3708 2328 magnificen-

2071 2332 2208 2394 tiam
2242 2333 2512 2416 vidisset,
2541 2343 2818 2419 essetque
2847 2357 3113 2400 summos
3145 2340 3449 2421 apostolos
3479 2355 3719 2400 venera-

2071 2427 2185 2498 tus,
2215 2441 2422 2484 rursus
2447 2442 2626 2504 quam
2658 2426 2977 2489 celerrime
3010 2437 3231 2508 posset,
3277 2436 3711 2503 reverteretur,

2069 2511 2226 2590 rcgis
2259 2512 2651 2575 contubernio
2684 2516 2744 2576 in
2779 2524 3082 2596 posterum
3118 2518 3494 2581 adhaesurus.
3526 2521 3714 2581 Porro

335 2599 663 2658 καταλαϐεῖν
738 2600 1030 2679 φθάσαντες
1099 2603 1146 2655 οἱ
1215 2601 1348 2679 πρδς
1419 2603 1512 2657 τοῦ
1579 2602 1775 2660 πάππα
1845 2605 1979 2680 παρᾶ

2072 2610 2387 2681 antequam
2420 2601 2517 2664 ille
2548 2603 2794 2689 Romam
2818 2606 3027 2677 adiret,
3057 2607 3320 2688 episcopi
3345 2626 3493 2689 quos
3514 2605 3716 2668 Ponti-

328 2693 426 2759 τῆν
496 2687 722 2747 σύνοδον
791 2688 1074 2754 σταλέντες
1150 2689 1451 2765 ἰπίσκοποι,
1539 2691 1697 2749 αὗτόν
1768 2716 1824 2750 τε
1896 2695 1979 2750 τὸν

2073 2690 2162 2751 fex
2183 2690 2467 2752 Maximus
2487 2690 2559 2754 ad
2593 2684 2913 2757 concilium
2948 2684 3210 2772 miserat,
3240 2684 3378 2777 ejus
3391 2697 3710 2759 adventum

323 2783 582 2860 πάππαν,
645 2780 735 2836 καὶ
806 2779 1007 2843 πάντας
1073 2779 1194 2842 τοὺς
1253 2779 1308 2836 ἐν
1364 2785 1432 2856 τῇ
1497 2780 1653 2861 χώρᾳ
1708 2783 1800 2839 τδῦ
1871 2779 1979 2862 περῖ

2074 2785 2538 2857 anteverterant,
2566 2785 3028 2865 pontiﬁcemque
3048 2785 3270 2865 ipsum,
3295 2805 3362 2849 ac
3381 2805 3590 2848 omnes
3613 2804 3715 2846 re-

324 2873 480 2928 αὖτὸν
543 2866 875 2944 ἒμπίπλῶσι
932 2868 1221 2945 θαύματος.
1283 2865 1561 2942 Ἀσμὲνοις
1620 2871 1709 2927 οὗν
1763 2873 1848 2929 καὶ
1889 2875 1979 2930 αὖ-

2073 2868 2172 2948 gni
2201 2870 2467 2949 ejusdem
2505 2874 2785 2952 prmsules
2809 2873 2870 2935 in
2899 2875 3213 2937 maximam
3258 2876 3419 2937 illius
3449 2875 3713 2937 admira-

328 2973 440 3022 τοῖς
513 2958 734 3022 ικεῖνος
806 2959 1102 3038 επιφανεὶς,
1176 2955 1382 3034 μᾶλλον
1453 2960 1722 3038 ὁρώμενος
1773 2964 1845 3027 εἰς
1891 2961 1979 3019 ἕκ-

2071 2958 2294 3021 tionem
2329 2971 2663 3025 evexerant.
2720 2964 3123 3036 Quamobrem
3175 2965 3422 3027 illustris
3473 2965 3574 3027 ille
3628 2964 3718 3024 vir

332 3047 520 3115 πληξιν
580 3047 720 3126 ἦγεν
776 3046 810 3116 ἧ
841 3045 1192 3122 ἆκουόμενος.
1239 3050 1456 3126 Φεῦγων
1486 3050 1544 3105 σὲ
1594 3051 1688 3117 τὰς
1727 3051 1979 3132 ὀχλήσεις

2071 3057 2443 3128 exspectatus
2465 3050 2730 3127 advenit,
2764 3060 2823 3114 et
2846 3054 3129 3132 majorem
3156 3053 3275 3115 illis
3305 3073 3412 3116 sua
3445 3072 3711 3135 praesen-

328 3140 467 3218 παρὰ
519 3142 594 3214 τῇ
652 3142 795 3212 μονῇ
850 3143 941 3192 τοῦ
999 3137 1147 3215 ἀγίον
1205 3135 1353 3194 Σάϐα
1422 3140 1712 3218 ἡσυχάζειν
1771 3139 1983 3220 διέγνω,

318 3229 415 3292 τὰς
477 3232 740 3308 σῦνεχεῖς
798 3225 1055 3283 ἐκκλίνων
1126 3226 1403 3309 προόδους,
1469 3231 1556 3286 καὶ
1603 3231 1734 3310 πρὸς
1783 3231 1985 3307 μηδένα

322 3316 598 3394 μηδαμῶς
632 3315 1151 3396 παρρησιαζόμενος.

416 3585 543 3648 ιζ’.
627 3586 719 3642 Ἐν
803 3585 1008 3646 τούτοις
1097 3583 1152 3641 δὲ
1235 3583 1589 3665 διατρίϐοντος
1666 3589 1976 3667 Γρηγορίου,

347 3675 435 3730 καὶ
511 3677 539 3729 6
612 3674 1039 3754 ³Διιραγαντίνων
1122 3674 1412 3737 ἐπίσκοπος
1495 3673 1763 3754 Θεόδωρος
1845 3677 1983 3734 οὕτω

347 3760 664 3837 καλούμενος
717 3767 774 3828 ὃς
829 3762 933 3832 ἤδη
995 3765 1423 3844 κεχειροτόνειτο
1469 3766 1602 3842 μετὰ
1638 3769 1978 3844 Ποταμίωνα,

343 3851 438 3906 καί
485 3853 549 3908 αὖ
561 3853 633 3916 εός
681 3853 961 3911 ἀπολείπει
1003 3856 1094 3912 τὸν
1143 3853 1278 3929 βίον.
1305 3855 1498 3910 Φ·3εται
1527 3852 1592 3921 δὴ
1618 3857 1798 3922 στάσις
1827 3859 1884 3912 ἐν
1906 3862 1983 3930 τῷ

329 3940 446 4016 λαῷ
470 3943 560 3998 καὶ
590 3941 770 4000 ἄλλων
803 3942 967 3999 ἄλλον
1001 3941 1470 4021 προϐαλλομένων,
1525 3945 1621 4000 οἷα
1668 3944 1816 4025 φιλεῖ
1863 3959 1981 4011 τοῖς

322 4035 590 4095 τοιούτοις
645 4031 977 4107 συμϐαίνειν,
1036 4033 1254 4113 ταραχῆ
1306 4036 1368 4090 τὸ
1421 4033 1624 4102 πλῆθος
1693 4049 1978 4115 κατεῖχεν,

318 4126 380 4180 ΟΞ
440 4123 540 4197 μὶν
600 4123 702 4200 γὰρ
759 4121 989 4180 Σαϐῖνόν
1048 4146 1170 4180 τινα
1229 4122 1602 4202 πρεσϐύτερον,
1661 4126 1708 4182 οἱ
1759 4123 1813 4181 δὲ
1849 4136 1981 4204 Κρι-

314 4224 632 4286 σκεντῖνον,
665 4213 714 4267 οἱ
746 4210 801 4268 δὲ
830 4214 921 4270 τὸν
952 4210 1332 4292 ἀρχιδιάκονον
1379 4213 1608 4289 Εὖπλον,
1663 4215 1749 4271 καὶ
1804 4214 1982 4292 ἕτερος

308 4301 496 4378 ἕτερον
558 4303 635 4364 εἷς
693 4303 782 4358 τὸν
853 4302 1038 4381 θρόνον
1113 4304 1342 4374 καθίζειν
1400 4303 1642 4362 ἔσπευδε.
1706 4306 1777 4362 Τὸ
1828 4304 1981 4382 κῦρος

2071 3137 2355 3218 tia,quam
2382 3140 2643 3220 cujusvis
2671 3141 2762 3204 sui
2811 3142 3562 3224 prmdicatione,stuporem
3607 3143 3708 3205 in~

2070 3227 2257 3288 duxit.
2294 3229 2584 3292 Caeterum
2613 3231 2845 3293 turbam
2871 3233 3085 3306 vitans,
3113 3234 3575 3314 frequentesque
3606 3233 3709 3294 ho-

2069 3317 2300 3378 minem
2333 3337 2686 3400 congressus
2706 3321 3036 3396 declinans,
3069 3341 3263 3404 neque
3292 3331 3522 3385 temere
3551 3339 3706 3396 sese,

2068 3425 2180 3468 nec
2227 3407 2563 3471 inconsulto
2620 3412 2880 3490 cujusvis
2931 3411 3292 3495 colloquium
3344 3413 3518 3487 dans,
3545 3412 3713 3492 juxta

2067 3496 2184 3558 divi
2217 3498 2385 3560 Saba;
2419 3499 2789 3562 domicilium
2823 3503 3188 3564 commorari
3219 3503 3509 3565 decrevit.

2144 3585 2371 3651 XXVII.
2409 3588 2552 3651 Cum
2585 3591 2717 3652 hinc
2745 3592 2988 3653 interim
3013 3592 3166 3673 apud
3186 3592 3538 3672 Gregorium
3568 3611 3710 3671 age-

2064 3685 2292 3749 rentur,
2327 3676 2676 3742 Theodorus
2705 3680 3009 3760 Agrigenti
3045 3684 3380 3764 episcopus,
3437 3681 3541 3758 qui
3587 3682 3712 3762 jam

2069 3767 2402 3829 Potamioni
2435 3779 2828 3842 successerat,
2859 3771 2974 3832 vita
2996 3774 3122 3850 ipse
3155 3773 3377 3852 pariter
3398 3770 3714 3832 defunctus

2067 3863 2181 3916 est.
2215 3855 2361 3917 Inde
2391 3857 2533 3920 dum
2565 3859 2666 3920 alii
2689 3860 2873 3921 alium
2912 3871 3316 3942 proponerent
3340 3867 3430 3930 (ιιι
3461 3879 3566 3922 usu
3590 3859 3715 3921 fere

2066 3945 2126 4005 in
2152 3945 2448 4024 ejusmodi
2472 3948 2768 4024 suffragiis
2799 3953 3038 4013 evenire
3071 3953 3250 4027 solet)
3273 3949 3486 4013 seditio
3519 3949 3578 4012 in
3615 3968 3715 4030 po-

2069 4035 2206 4114 pulo
2229 4036 2513 4110 nascitur,
2539 4045 2597 4097 et
2622 4039 2910 4100 tumultus
2937 4059 2970 4100 a
2994 4040 3380 4101 multitudine
3395 4040 3708 4102 conflatur.

2065 4124 2183 4188 Alii
2215 4125 2374 4186 enim
2426 4124 2712 4186 Sabinum
2759 4129 3077 4208 quemdam
3125 4129 3560 4211 presbyterum,
3613 4129 3714 4190 alii

2067 4215 2549 4294 Crescentinum,
2581 4215 2681 4276 alii
2705 4218 3191 4278 arrhidiaconum
3217 4218 3497 4292 Euplum,
3527 4226 3584 4280 et
3604 4217 3712 4281 alii

2065 4304 2214 4365 alios
2243 4305 2303 4365 in
2335 4307 2477 4366 sede
2512 4305 2808 4369 collocare
2837 4307 3179 4370 studebant.
3217 4307 3482 4388 Cumque
3527 4326 3710 4368 unus-

309 4391 404 4447 οὖν
461 4390 695 4447 ἑκάστω
753 4393 894 4472 παρὰ
949 4401 1044 4450 τοῦ
1102 4392 1295 4450 πάππα
1349 4399 1660 4465 ζητοῦντος,
1712 4395 1786 4458 εἷς
1841 4385 1977 4452 Ῥω-

2066 4395 2316 4474 quisque
2347 4394 2720 4475 designatum
2753 4416 2787 4459 a
2818 4415 2883 4458 se
2911 4399 3258 4460 auctoritate
3291 4385 3583 4475 pontificis
3615 4397 3710 4458 fir-

312 4503 429 4547 μην
491 4480 811 4560 ὀιαπερῶσι,
872 4483 957 4538 καὶ
1007 4485 1084 4558 τῷ
1140 4483 1333 4538 πάππα
1385 4481 1549 4538 ταῦτα
1605 4483 1744 4539 κατὰ
1773 4485 1834 4539 τὸ
1865 4483 1977 4548 ἔθος

2067 4484 2235 4554 mari,
2272 4493 2586 4566 ratumque
2622 4486 2752 4547 fieri
2782 4487 2983 4568 vellet,
3033 4487 3284 4550 Romam
3312 4485 3400 4547 ire
3431 4505 3706 4566 perrexev

314 4567 654 4630 ἀνατιθέασι,
721 4571 888 4638 Συνῆν
945 4570 999 4626 δὲ
1077 4575 1262 4634 αὒτοῐς
1337 4572 1427 4628 καὶ
1499 4573 1738 4650 Χαρίτων
1809 4575 1837 4628 6
1886 4579 1977 4629 τοῦ

2066 4581 2220 4646 runt,
2253 4591 2378 4634 rem
2417 4574 2502 4653 (ut
2536 4576 2720 4636 moris
2773 4579 2883 4654 est)
2918 4577 3212 4657 pontificis
3275 4594 3432 4639 mox.
3463 4575 3710 4637 arbitrio

313 4659 616 4736 Γρηγορίου
676 4661 874 4737 πατήρ,
937 4659 1291 4718 Εἱσελθόντων
1347 4662 1436 4716 οὖν
1508 4663 1641 4738 πρὸς
1711 4663 1868 4720 αὐτὸν
1935 4661 1979 4717 οἱ

2067 4662 2435 4741 permissuri.
2472 4664 2696 4727 Horum
2732 4665 2790 4726 in
2816 4667 3098 4728 comitatu
3123 4665 3406 4729 Chariten
3440 4665 3712 4746 Gregorii

315 4748 417 4822 μὲν
475 4748 603 4824 περὶ
663 4747 890 4805 Σαϐῖνον
949 4749 1002 4806 ἐν
1053 4750 1127 4805 ἐνὶ
1176 4749 1323 4828 μέρει
1375 4748 1632 4829 ἔστησαν,
1689 4753 1732 4806 οἱ
1767 4748 1819 4805 δὲ
1849 4753 1976 4828 περὶ

319 4847 704 4914 Κρισκεντῖνον
764 4837 998 4916 ἑτέρωθι,
1061 4840 1108 4895 οἱ
1173 4837 1228 4894 δὲ
1289 4839 1414 4915 περί
1469 4837 1675 4895 Εὗπλον
1723 4840 1809 4894 καὶ
1865 4839 1977 4902 τοὺς

316 4924 537 4992 λοιποὺς
600 4925 771 4982 ὀπίσω
827 4928 1027 4984 τούτων
1087 4926 1273 4993 ἔταξαν
1333 4928 1575 4993 ἑαυτοὺς·
1651 4929 1744 4991 Ὦς
1799 4925 1852 4984 δὲ
1883 4928 1974 4983 καί

320 5013 676 5088 ἐρωτηθέντες
743 5016 859 5072 τίνα
928 5016 1204 5094 βούλοιντο
1275 5021 1718 5098 χειροτονηθῆναι
1791 5017 1975 5082 αὒτοῖς

323 5104 635 5178 ἐπίσκοπον,
714 5106 760 5160 οἱ
830 5105 929 5180 μὲν
999 5105 1256 5186 Σαϐῖνον,
1329 5109 1377 5162 οἱ
1461 5104 1514 5161 δὲ
1602 5115 1976 5185 Κριακεντῖνον

317 5196 566 5269 ᾐτοῦντο.
630 5195 793 5267 ἰ’μῖν
852 5191 930 5270 δὲ,
972 5197 1132 5275 φησὶν
1186 5209 1303 5260 τοῖς
1335 5195 1452 5273 περὶ
1481 5193 1686 5252 Εὖπλον
1718 5195 1974 5274 ἐπιστρα-

313 5287 427 5365 ecl;
486 5288 516 5343 6
579 5285 830 5362 πάππας,
888 5287 939 5342 τί
997 5310 1128 5344 ποτε
1184 5287 1282 5366 ἄρα
1333 5285 1487 5345 δοκεῖ
1519 5307 1534 5366 ;
1568 5291 1626 5346 Οἱ
1657 5287 1710 5344 δὲ
1740 5286 1824 5343 διὰ
1857 5297 1973 5344 Χα-

311 5375 533 5452 ρίτωνος
565 5373 931 5453 ἀπεκρίναντο
965 5393 980 5408 ⁸
1033 5377 1104 5436 "0
1136 5377 1286 5435 δοκεῖ
1343 5383 1421 5452 τῷ
1481 5383 1596 5451 Θεῷ
1654 5375 1858 5451 μᾶλλον
1888 5379 1975 5434 καὶ

311 5470 380 5540 τῇ
435 5471 504 5541 σῇ
563 5464 854 5544 διακρίσει,
924 5468 1071 5522 τοῦτο
1119 5465 1184 5535 δὴ
1233 5467 1324 5524 καὶ
1363 5468 1612 5522 εὗκταῖον
1643 5467 1781 5542 ἡμῖν
1817 5466 1972 5546 γενέ-

312 5557 447 5618 σθαι.
510 5555 576 5616 ’⁷0
649 5557 756 5636 γὰρ
811 5555 880 5610 ἂν
952 5555 1085 5632 αὖτῇ
1157 5557 1487 5634 δοκιμάσειε,
1547 5563 1704 5613 τοῦτο
1759 5557 1971 5620 πάντως

310 5647 386 5702 καὶ
411 5649 485 5713 ὡς
516 5651 637 5724 Θεῷ
703 5643 907 5702 δοκοῦν
965 5643 1308 5723 λογιούμεθα.
1357 5649 1492 5704 Εἶτα
1545 5646 1572 5701 6
1605 5644 1823 5712 πάππας
1851 5658 1968 5710 τοῖς

301 5741 400 5822 περῖ
466 5737 720 5800 Σαϐῖνον
800 5734 897 5794 καὶ
989 5742 1382 5814 Κρισκεντῖνον,
1459 5736 1965 5815 Συμφρονήσαντες,

2064 4760 2230 4829 pater
2290 4755 2515 4814 aderat.
2574 4754 2752 4834 Atqui
2809 4754 2927 4816 illis
2979 4758 3227 4818 Romam
3261 4755 3704 4829 accedentibus,

2061 4859 2194 4900 cum
2247 4839 2388 4902 hinc
2411 4840 2690 4922 Sabinus,
2719 4843 2860 4904 inde
2884 4843 3310 4906 Crescentinus
3332 4843 3709 4924 consisteret,

2063 4929 2287 5009 Euplus
2317 4949 2384 4991 ac
2415 4931 2629 5012 reliqui
2663 4931 2798 4992 illos
2829 4933 3039 4994 ordine
3071 4933 3496 5013 sequebantur.
3542 4932 3710 5005 Quo-

2061 5019 2219 5081 circa
2241 5019 2613 5098 interrogati,
2640 5040 2959 5103 quemnam
2980 5021 3093 5083 sibi
3115 5023 3332 5086 vellent
3361 5022 3706 5102 episcopum

2063 5108 2306 5188 praefici,
2333 5109 2465 5170 aliis
2493 5109 2802 5178 Sabinum.
2823 5112 2955 5172 aliis
2983 5113 3434 5176 Crescentinum
3462 5115 3709 5193 petenti-

2061 5197 2194 5268 bus.
2258 5198 2521 5278 pontifex
2576 5218 2902 5263 conversus
2956 5201 3031 5262 ad
3091 5219 3216 5275 eos,
3278 5203 3376 5282 qui
3431 5211 3602 5262 erant
3633 5201 3706 5264 ab

2059 5285 2247 5368 Euplo
2278 5305 2292 5349 :
2317 5288 2471 5361 Quid
2503 5289 3161 5371 vobis,inquit,videtur
3185 5297 3213 5354 ?
3234 5290 3279 5352 li
3309 5309 3415 5372 per
3435 5291 3710 5356 Charite-

2059 5395 2194 5438 nem
2229 5377 2692 5458 responderunt,
2728 5398 2792 5441 se
2830 5379 2996 5443 illum
3035 5381 3134 5462 qui
3167 5381 3286 5443 Deo
3320 5381 3377 5442 in
3413 5381 3713 5461 primis,et

2057 5465 2216 5527 illius
2259 5465 2487 5545 judicio
2527 5467 2850 5544 videretur,
2912 5478 3324 5550 suscepturos.
3388 5468 3511 5530 Hoc
3566 5488 3710 5531 sane

2055 5554 2232 5616 nobis
2265 5554 2474 5636 (aiunt)
2510 5557 2624 5618 erit
2647 5557 2906 5638 optabile
2939 5576 2956 5634 ;
2992 5559 3146 5637 quod
3178 5558 3337 5620 enim
3366 5557 3705 5638 tuojudicio

2055 5651 2662 5726 probaveris,idipsum
2687 5668 2914 5727 quoque
2933 5656 3052 5713 Deo
3076 5657 3302 5726 placere
3321 5657 3562 5712 omnino
3584 5654 3706 5708 exi-

2053 5735 2386 5798 stimamus.
2452 5733 2684 5798 Deinde
2741 5735 3004 5817 pontifex
3051 5735 3124 5797 iis
3181 5735 3348 5816 quia
3379 5733 3599 5798 Sabino
3631 5748 3700 5790 ac
