4136 6414
446 347 565 416 223

1755 357 1917 422 ΜΕΝ
1923 355 2036 421 SIS
2073 355 2517 425 NOVEMBER.

3711 364 3834 431 224

452 488 838 555 Crescentino
860 490 1114 566 stabant,
1143 489 1259 554 ait:
1292 489 1488 556 Unum
1511 489 1768 573 aliq-uem
1797 511 1868 555 ex
1897 489 2086 555 omni-

2182 492 2298 574 ἔφη,
2330 493 2421 552 ἕνα
2471 500 2577 552 τῶν
2605 493 2817 553 πάντων
2877 494 2934 563 ὃς
2991 496 3122 572 ὑμῖν
3177 499 3250 562 είς
3300 497 3577 578 ἀρέσκειαν
3635 498 3834 579 ἀφορί-

454 579 590 661 bus,
623 581 724 662 qui
754 581 920 646 vobis
970 583 1137 646 cordi
1170 583 1354 662 magis
1403 583 1500 657 sit,
1560 582 1876 644 unanimes
1924 581 2090 643 desi-

454 679 650 749 gnate.
670 675 961 737 Caeterum
997 672 1320 756 prudenter
1349 673 1434 735 illi
1457 671 1602 734 nihil
1626 672 2085 752 responderunt,

453 761 597 839 quin
648 763 1006 825 tumultuose
1060 770 1323 842 agentes,
1377 763 1488 842 ipsi
1529 762 1684 824 inter
1711 779 1777 824 se
1805 761 2092 823 conviciis

2174 605 2324 649 σατε,
2380 587 2476 652 Ὠς
2527 583 2581 641 δὲ
2638 583 2785 644 οὐδὲν
2835 585 3186 664 ἀπεκρίναντο
3235 590 3474 670 συνετὸν,
3523 587 3647 646 ἀλλ’
3706 589 3834 646 ἐθο-

2174 673 2358 750 ρύϐουν
2418 671 2622 750 μᾶλλον
2679 675 2766 730 καὶ
2820 673 3151 754 ἀσχημόνως
3210 674 3468 748 ἀλλήλοις
3504 675 3828 758 ἐλοιδόρουν,

2174 767 2305 842 πρὸς
2354 767 2455 832 τῆν
2502 761 2692 831 ἀναιδῆ
2741 763 2927 819 στάσιν
2967 766 3139 821 αὐτῶν
3169 765 3488 845 χαλεπήνας
3519 767 3547 823 δ
3579 768 3831 842 πάππας,

453 851 704 928 turpiter
717 853 1106 916 lacessebant.
1127 852 1240 914 Pro
1248 850 1832 933 pterimprudentem
1851 851 2089 913 illorum

2182 853 2384 917 τούτους
2442 851 2769 920 ἀπελαθῆναι
2826 851 3052 913 κελεύει.
3115 855 3242 912 Μεθ’
3305 856 3510 932 ἡμέρας
3571 853 3625 912 δὲ
3673 856 3833 936 τρεῖς

453 938 806 1002 seditionem
837 940 1176 1020 indignatus
1209 939 1496 1019 pontifex,
1526 939 1763 1001 illorum
1797 940 2094 1020 postulata

451 1027 618 1090 irrita
647 1029 805 1092 fecit.
839 1028 1061 1092 Verum
1097 1037 1228 1109 post
1257 1029 1516 1091 triduum
1552 1028 1808 1108 Euplum
1839 1048 1906 1091 ac
1931 1031 2090 1093 Cha-

453 1118 707 1180 ritonem
739 1137 1054 1183 accersens
1077 1119 1209 1180 illos
1227 1120 1463 1182 consilii
1482 1119 1576 1180 sui
1591 1119 1911 1200 participes
1931 1120 2088 1182 facit.

449 1205 682 1268 Rursus
711 1208 796 1270 illi
827 1209 934 1272 Dei
967 1209 1249 1289 placitum
1291 1216 1658 1290 exspectare,
1692 1217 1752 1270 et
1780 1228 1954 1290 quem
1995 1209 2095 1272 ille

449 1295 763 1360 manifeste
791 1298 1197 1380 approbasset,
1227 1299 1388 1361 hunc
1419 1297 1626 1361 itidem
1655 1315 1789 1360 sese
1820 1296 2098 1360 dixerunt

450 1384 672 1462 eligere
685 1435 698 1449 .

531 1474 795 1540 XXVIII.
850 1477 1249 1551 Quamobrem
1299 1495 1436 1540 cum
1490 1475 1751 1558 pontifex
1807 1475 2098 1557 penderet

450 1564 659 1642 animi,
685 1568 998 1649 Deumque
1020 1568 1274 1630 assiduis
1297 1565 1575 1649 precibus
1597 1574 1816 1640 oraret,
1834 1574 1896 1627 ut
1917 1584 2091 1647 quem

453 1651 504 1714 is
535 1654 841 1736 probaret,
873 1657 1150 1720 eumdem
1178 1656 1561 1738 perspicuum
1584 1656 1824 1718 caelitus
1843 1655 2092 1736 faceret,

455 1742 606 1805 duos
651 1744 931 1810 homines
979 1765 1087 1827 per
1133 1748 1392 1827 quietem
1443 1745 1559 1808 sibi
1608 1745 1761 1807 vidit
1790 1745 2092 1826 assistere,

451 1835 657 1914 specie
688 1855 756 1898 ac
787 1838 951 1900 cultu
983 1837 1254 1918 corporis
1283 1837 1586 1916 apostolos
1607 1834 1966 1915 referentes,
1993 1833 2094 1914 qui

453 1942 520 1986 se
551 1924 612 1988 in
645 1926 804 1989 hunc
827 1927 1072 1989 modum
1102 1927 1212 1988 visi
1235 1934 1371 1988 sunt
1397 1925 1615 2006 alloqui
1643 1947 1655 1988 :
1693 1927 1813 1988 Cur
1841 1922 2092 1986 obinvi-

2173 942 2292 1007 τοὺς
2315 943 2430 1018 περὶ
2492 940 2700 1000 Εὗπλοι
2759 942 2847 998 καὶ
2904 943 3180 1020 Χαρίτωνα
3237 943 3590 1022 σδγκαλέσας,
3625 968 3826 1003 κοινω-

2175 1030 2295 1093 νοὺς
2329 1030 2470 1104 αὐτῷ
2524 1034 2622 1100 τῆς
2681 1031 2903 1108 γνώμης
2960 1032 3152 1092 ἐποίει.
3212 1035 3272 1091 Οἱ
3331 1031 3384 1089 δὲ
3435 1034 3533 1102 τῆν
3575 1042 3668 1092 τοῦ
3697 1037 3836 1091 Θεοῦ

2177 1124 2357 1198 ψῆφον
2414 1122 2500 1176 καὶ
2561 1122 2704 1184 αὖθις
2762 1132 2980 1198 κρατεῖν
3039 1119 3266 1201 ἔφησαν,
3338 1124 3427 1181 καὶ
3505 1125 3565 1180 ὃν
3621 1126 3833 1190 ἐκεῖνος

2179 1208 2426 1289 ἐμφανῶς
2455 1206 2790 1287 δοκιμάσειε,
2828 1215 3011 1268 τοῦτον
3043 1209 3106 1278 δὴ
3138 1213 3225 1268 καὶ
3247 1227 3604 1294 χειροτονεῖν.

2261 1475 2396 1539 ΚΗ’.
2461 1477 2550 1536 Ἐν
2598 1477 2784 1556 ἀπόρῳ
2829 1482 3001 1537 τοίνυν
3046 1481 3073 1536 ὁ
3124 1480 3345 1546 πάππας
3394 1482 3685 1559 γενόμενος
3745 1481 3839 1538 καὶ

2177 1577 2270 1626 τοῦ
2331 1569 2464 1623 Θεοῦ
2520 1567 2783 1632 συντόνως
2839 1566 3112 1650 δεόμενος,
3167 1569 3218 1636 ἐξ
3271 1574 3490 1649 οὖρανοῦ
3541 1561 3702 1638 δῆλον
3733 1592 3839 1648 γε·

2179 1657 2353 1714 νὲσθαι
2410 1658 2503 1713 τὸν
2561 1661 2704 1732 αὖτῳ
2759 1656 3003 1734 δόκιμον,
3063 1661 3188 1739 ὄναρ
3241 1663 3362 1740 ὁρᾷ,
3416 1659 3505 1717 δύο
3558 1660 3702 1725 τινὰς
3734 1661 3836 1718 ἆν-

2176 1744 2300 1824 δρας
2331 1745 2644 1809 ἐπιστάντας
2696 1749 2862 1820 αὒτῷ’
2911 1748 3268 1807 ἀποστολικὸν
3325 1749 3380 1805 δὲ
3412 1752 3478 1819 ἦν
3519 1752 3577 1806 τὸ
3636 1754 3836 1832 σχῆμα

2175 1836 2374 1899 τούτοις
2431 1837 2520 1892 καὶ
2564 1838 2598 1904 η
2639 1835 2885 1907 ’ἀναϐολή
2923 1856 2935 1869 ·
2989 1838 3044 1896 οἳ
3098 1839 3193 1894 καῖ
3245 1840 3375 1917 πρὸς
3405 1840 3564 1898 αὖτόν
3595 1839 3839 1913 ἐῴκεσαν

2175 1923 2374 2005 Λέγειν,
2436 1925 2494 1982 Τί
2552 1923 2685 1992 δῆτα
2740 1923 2880 2003 λύπῃ
2919 1927 3018 1994 τῆν
3072 1929 3257 2008 ψυχὴν
3307 1926 3562 2007 ἐπλήγεις
3593 1933 3691 1996 τῆς
3721 1936 3836 1986 τῶν

454 2031 584 2076 cem
609 2015 1027 2080 dissidentium
1063 2016 1504 2078 contentionem
1530 2015 1733 2076 animo
1758 2013 2044 2077 cruciaris
2065 2013 2095 2074 ‘I

2182 2015 2568 2086 στασιαζόντων
2638 2014 2784 2071 ἕνεκε
2856 2015 3204 2082 φιλονεικίας,
3281 2020 3435 2074 Οὗτοι
3508 2015 3562 2073 δέ
3633 2039 3714 2074 σοι
3793 2021 3844 2074 οἱ

451 2103 598 2167 Nam
629 2105 731 2186 qui
781 2104 855 2168 ad
887 2114 969 2186 te,
1002 2116 1064 2167 ut
1113 2105 1430 2186 eligantur,
1475 2103 1550 2167 ab
1601 2104 1811 2166 iisdem
1856 2102 2099 2165 adducti

452 2203 614 2268 sunt,
648 2195 763 2258 hoc
794 2213 980 2257 onere
1009 2203 1185 2275 atque
1215 2202 1430 2257 conatu
1459 2194 1915 2275 haudquaquam
1961 2201 2100 2256 sunt

449 2282 639 2360 digni.
671 2285 750 2348 At
777 2282 1019 2364 quidam
1053 2283 1202 2346 alius
1235 2291 1322 2346 est
1351 2283 1411 2344 in
1434 2281 1585 2344 urbe
1617 2282 1953 2362 hospes,vir
1974 2301 2098 2342 mo-

450 2371 620 2434 ribus
652 2381 894 2436 ornatus
924 2392 993 2434 ac
1025 2372 1152 2435 Deo
1178 2373 1434 2443 charus;
1467 2371 1752 2451 Gregorio
1772 2389 1990 2433 nomen
2011 2378 2100 2432 est

452 2461 724 2525 illi.Hinc
748 2461 1138 2544 aliquandoin
1153 2462 1274 2524 divi
1305 2460 1474 2524 Sabaa
1496 2461 1856 2523 monasterio
1882 2461 2099 2540 hospes

451 2554 571 2631 egit
597 2571 614 2628 ;
649 2552 754 2614 sed
783 2571 920 2616 cum
944 2552 1128 2614 hosce
1155 2551 1314 2613 viros
1337 2551 1654 2613 adventare
1677 2550 1748 2613 ad
1774 2549 1984 2612 urbem
2009 2550 2100 2610 in-

451 2639 900 2718 tellexit,multo
933 2641 1119 2722 magis
1150 2659 1216 2703 se
1235 2639 1648 2712 occultavit,ac
1672 2658 1830 2701 nunc
1849 2639 1910 2700 in
1932 2657 2100 2701 sacra

451 2730 568 2792 divi
599 2729 880 2793 Mercurii
909 2730 1036 2793 ade
1066 2730 1208 2792 latet
1234 2730 1523 2793 occultus.
1547 2727 1717 2792 Hunc
1741 2745 2006 2800 accerse,
2043 2736 2101 2790 et

449 2819 756 2898 Agrigenti
779 2817 1063 2882 Ecclesiae
1083 2819 1436 2900 praefectura
1457 2817 1831 2898 insignitum,
1862 2817 1921 2877 in
1940 2815 2096 2880 Sici-

455 2907 595 2970 liam
621 2908 814 2989 primo
833 2927 1074 2990 quoque
1094 2916 1364 2990 tempore
1385 2906 1651 2969 lransmit
1668 2907 1766 2967 tito
1792 2926 1807 2981 ;
1826 2913 1917 2968 est
1938 2906 2096 2968 enim

452 2996 543 3058 vir
566 3016 703 3060 cum
726 2997 1062 3060 sacerdotio
1083 2997 1320 3078 dignus,
1345 3005 1468 3059 tum
1493 2995 1766 3076 regendae
1789 2995 1874 3056 illi
1896 2995 2099 3058 Eccle-

450 3085 556 3148 siae
588 3087 846 3150 maxime
874 3085 1150 3149 idoneus.
1199 3087 1304 3151 His
1353 3085 1551 3161 dictis,
1605 3084 1903 3165 simulque
1960 3103 2094 3147 cum

449 3175 834 3239 lineamentis
864 3175 1030 3238 illum
1065 3177 1333 3257 corporis
1367 3174 1755 3247 iudicassent,
1802 3173 1874 3236 ali
1909 3174 2098 3236 oculis

449 3264 636 3347 elapsi
669 3277 830 3328 sunt.
868 3266 1055 3329 Simul
1085 3285 1154 3328 ac
1186 3285 1326 3328 vero
1355 3283 1565 3326 somno
1597 3264 1696 3326 ille
1725 3263 1956 3325 solutus
1977 3273 2093 3344 eat,

449 3346 670 3418 timore
699 3374 767 3421 ac
795 3355 1011 3436 gaudio
1043 3357 1340 3432 perfusus,
1382 3373 1514 3415 cum
1545 3353 1739 3416 Marco
1774 3353 2090 3433 monacho,

2182 3351 2401 3430 ἀφανεῖς
2475 3353 2832 3432 ἐγεγόνεισαν.
2904 3357 2998 3418 Ὦς

449 3462 580 3522 quae
635 3445 746 3506 sibi
806 3462 914 3526 per
970 3443 1156 3504 visum
1210 3451 1629 3524 apparuerant,
1664 3441 2088 3504 communicat.

449 3530 634 3596 Porro
652 3533 744 3597 hic
759 3541 886 3596 erat
913 3535 1150 3595 Marcus
1173 3531 1482 3614 ille,quem
1509 3531 1792 3610 Gregorio
1813 3532 2090 3592 comitem

446 3630 668 3689 itineris
703 3632 1039 3696 missum,ac
1062 3631 1269 3688 deinde
1291 3632 1526 3688 Romam
1546 3631 1604 3686 in
1636 3629 1879 3699 patrium
1902 3628 2094 3686 solum

447 3729 754 3776 reversum
780 3711 990 3785 fuisse.
1011 3712 1287 3793 superior
1308 3729 1505 3773 sermo
1529 3706 2096 3772 demonstravitHic

445 3802 711 3883 pontifici
743 3802 858 3864 hoc
889 3801 1078 3862 visum
1129 3801 1480 3880 gratulatus,
1535 3800 1767 3861 monuit
1813 3807 2093 3879 Oporlere

445 3891 615 3953 illum
643 3891 813 3970 juxta
837 3891 1126 3954 visionem
1152 3909 1352 3969 agere.
1379 3890 1526 3952 Tum
1553 3888 1792 3968 quidam
1828 3889 2096 3968 explora-

445 3987 569 4042 tum
602 3980 914 4044 mittuntur
966 3983 1072 4042 viri
1111 3981 1343 4059 selecti,
1396 3980 1618 4059 quique
1677 3977 1844 4040 illum
1907 3977 2094 4058 probe

441 4079 686 4143 norant,
739 4089 808 4132 ac
867 4069 984 4132 duo
1009 4079 1295 4150 praeterea
1325 4068 1614 4149 episcopi,
1643 4067 1744 4148 qui
1775 4087 1807 4128 a
1837 4067 2094 4130 concilio

447 4167 620 4221 antea
633 4159 856 4224 reversi
881 4158 1354 4240 fuerant,quibus
1375 4157 1526 4220 alter
1541 4157 1786 4238 quidam
1811 4156 2096 4218 sacerdos

449 4248 532 4311 illi
555 4255 826 4329 cognitus
851 4267 1056 4311 comes
1079 4247 1338 4310 additur.
1365 4248 1438 4309 Hi
1460 4246 1638 4308 simul
1669 4247 2094 4307 monasterium

450 4338 568 4400 divi
599 4339 771 4403 Sabaa
797 4343 1236 4419 quamprimum
1267 4337 1528 4398 adeunt:
1562 4336 1662 4397 ubi
1691 4334 2097 4413 intelligentes

449 4429 617 4489 illum
643 4427 826 4490 biduo
844 4435 1018 4489 antea
1042 4445 1370 4506 egressum,
1405 4425 1477 4487 ad
1513 4423 1803 4506 templum
1822 4444 1955 4486 sese
1978 4423 2096 4485 divi

447 4517 723 4582 Mercurii
752 4515 1247 4585 contulisse,illuc
1267 4522 1570 4577 maturant
1596 4514 2094 4594 proficisci,eum-

450 4624 565 4687 que
594 4604 732 4666 inde
765 4623 899 4666 mox
943 4603 1349 4683 digressurum
1398 4603 1734 4667 inveniunt.
1792 4603 1905 4676 Qui
1962 4601 2096 4664 illos

453 4694 692 4756 eminus
721 4693 1125 4774 conspicatus,
1185 4703 1243 4756 et
1291 4693 1530 4774 quinam
1588 4700 1811 4767 essent,
1846 4692 1922 4754 de
1949 4691 2098 4754 facie

451 4802 804 4863 agnoscens,
829 4802 897 4846 ac
947 4785 1214 4864 demum,
1267 4783 1408 4864 quid
1449 4801 1483 4842 a
1513 4801 1579 4844 se
1611 4781 1854 4862 vellent,
1885 4781 2097 4860 conje-

451 4882 641 4948 ctans,
670 4873 732 4936 in
763 4872 1003 4936 hortum
1046 4891 1112 4934 se
1158 4878 1219 4934 in
1272 4872 1488 4935 mediis
1539 4871 1780 4953 plantis,
1835 4870 2094 4951 fugiens,

449 4962 698 5027 abdidit.

529 5050 729 5114 XXIX.
787 5049 932 5113 Cum
995 5069 1132 5113 vero
1194 5051 1275 5112 illi
1347 5069 1382 5112 a
1448 5048 1764 5132 praeposito
1806 5049 2095 5114 domicilii

452 5141 719 5222 ejusdem
752 5140 1102 5220 Gregorium
1157 5141 1378 5203 acriter
1427 5148 1795 5221 repeterent,
1857 5139 2016 5202 hunc
2047 5141 2099 5203 si

451 5229 799 5302 dimitteret,
853 5230 1113 5309 graviter
1140 5229 1532 5304 interminati,
1559 5229 1661 5291 ille
1691 5229 1889 5291 animo
1920 5237 2098 5309 atque

451 5319 811 5396 cogitatione
831 5317 1261 5398 suspensus,ah
1278 5319 1574 5399 episcopis
1589 5337 1770 5381 morae
1793 5317 2097 5398 paululum

450 5408 812 5489 impetravit,
849 5426 962 5470 nec
994 5409 1157 5488 prius
1187 5408 1502 5484 acquievit,
1537 5410 1727 5472 donec
1760 5408 2098 5471 universam

451 5498 692 5560 domum
717 5497 1164 5560 accuratissime
1180 5506 1475 5560 scrutatus
1489 5495 2100 5578 perlustrasset.Hor-

453 5595 576 5647 tum
603 5585 811 5648 itidem
845 5585 1080 5667 obiens,
1118 5595 1174 5648 et
1205 5587 1412 5649 oculos
1437 5587 1754 5650 arboribus
1783 5587 2097 5666 adjicieus,

455 5673 720 5748 medium
749 5675 868 5741 illis
899 5674 1178 5739 obrutum
1197 5695 1264 5740 ac
1288 5677 1615 5742 latitantem
1644 5677 1858 5743 cernit.
1877 5679 2102 5744 Accur-

2180 2102 2304 2181 παρ’
2364 2105 2533 2161 αὐτῶν
2587 2105 2979 2184 προσαγόμενοι
3045 2108 3176 2184 πρὸς
3234 2107 3567 2184 χειροτονίαν
3637 2105 3845 2173 ῆκιστα

2180 2201 2273 2250 τοῦ
2330 2193 2728 2274 ἐγχειρήματος
2780 2192 2914 2260 ἄξιοι
2952 2214 2966 2230 ⁸
3021 2194 3184 2260 ἄλλος
3245 2194 3299 2252 δέ
3351 2199 3430 2260 τίς
3478 2195 3619 2253 ἐστιν
3671 2195 3726 2252 ἐν
3770 2205 3848 2273 τῇ

2181 2282 2335 2340 πόλει
2392 2285 2557 2360 ταύτῃ
2616 2282 2758 2350 ξένος
2819 2285 2976 2364 ἀνὴρ,
3037 2286 3128 2341 τὸν
3187 2287 3392 2364 πρόπον
3462 2287 3686 2362 κόσμιος
3750 2290 3848 2345 καὶ

2181 2379 2256 2446 τῷ
2317 2373 2432 2445 Θεῷ
2489 2371 2638 2452 φίλος
2674 2387 2687 2402 ⁸
2749 2375 2783 2442 ἡ
2842 2373 3037 2440 κλῆσις
3094 2375 3239 2449 αὒτῷ
3300 2375 3611 2454 Γρηγόριος.
3671 2383 3846 2442 Οὗτος

2181 2461 2344 2540 μέχρι
2405 2460 2501 2536 μέν
2560 2484 2700 2526 τινος
2759 2470 2835 2536 τῷ
2893 2470 2984 2520 τοῦ
3049 2464 3196 2542 ἁγίου
3276 2462 3424 2521 Σάόα
3494 2467 3847 2546 μοναστηρίῳ

2180 2549 2578 2626 ἐπιξενούμενος
2638 2551 2704 2619 ῆν
2740 2567 2753 2581 °
2830 2552 2943 2609 ἐπεὶ
3025 2552 3080 2609 δὲ
3155 2553 3277 2619 τοὺς
3345 2552 3533 2631 ἄνδρας
3617 2557 3844 2620 τούτους

2181 2639 2412 2706 ἥκοντας
2469 2639 2685 2719 ἔμαθεν,
2751 2641 2825 2698 ἔτι
2885 2643 2970 2699 καὶ
3020 2641 3226 2718 μᾶλλον
3275 2641 3579 2722 ἀπέκρυψεν
3623 2645 3840 2720 ἑαυτὸν,

2180 2728 2270 2784 καί
2329 2735 2416 2784 νὺν
2469 2730 2531 2785 τὸ
2588 2737 2680 2788 τοδ
2735 2731 2886 2809 ἁγίου
2945 2734 3139 2810 Ἐρμοῦ
3193 2745 3442 2808 σεμνεϊον
3493 2731 3610 2812 ἔχει
3651 2742 3840 2791 τοῦτον

2181 2818 2308 2893 παρ’
2367 2818 2536 2892 ἑαυτῷ
2605 2821 2988 2897 κρυπτόμενον·
3064 2821 3223 2900 ὅνπερ
3308 2821 3373 2889 δὴ
3457 2821 3840 2898 μετακαλεσά-

2183 2929 2342 2981 μενος
2400 2909 2487 2963 καὶ
2544 2914 2642 2976 τῆς
2701 2909 3125 2989 Ἀκραγαντίνων
3181 2910 3435 2992 ἐγχείσας
3513 2913 3612 2980 τὴν
3669 2936 3838 2992 προε-

2181 2995 2321 3074 δρίαν
2383 2997 2437 3062 ἐς
2497 2996 2742 3054 Σικελίαν
2801 2999 2880 3056 ὅτι
2946 3002 3179 3081 τάχιστα
3251 3000 3431 3077 πέμπε
3465 3016 3480 3032 ⁸
3555 3002 3666 3059 ἔστι
3736 3005 3844 3081 γὰρ

2181 3087 2268 3141 καὶ
2326 3086 2614 3165 ἱερωσύνης
2674 3085 2812 3153 ἄξιος
2869 3091 2896 3146 ὁ
2951 3088 3108 3168 ἀνὴρ,
3170 3091 3256 3146 καὶ
3319 3096 3396 3164 τῷ
3447 3089 3634 3166 τοιῷδε
3686 3091 3840 3167 τόπῳ

2183 3174 2415 3250 μάλιστα
2485 3178 2891 3255 προσαρμόζων,
2977 3188 3151 3238 Ταῦτα
3236 3180 3474 3244 εἰπόντες
3559 3183 3645 3238 καὶ
3719 3181 3834 3256 ἅμα

2180 3265 2270 3319 τὸν
2330 3263 2486 3321 αὗτοῦ
2549 3270 2867 3344 χαρακτῆρα
2936 3273 3035 3335 τῆς
3109 3269 3317 3348 μορφῆς
3405 3267 3827 3349 παραδείξαντες,

3071 3355 3125 3413 δὲ
3210 3360 3304 3414 τοῦ
3371 3357 3534 3415 ὕπνου
3619 3357 3833 3435 λέλυτο,

2177 3439 2342 3520 φόϐου
2399 3443 2486 3498 καὶ
2540 3450 2715 3522 χαρᾶς
2773 3443 2987 3522 πλήρης
3043 3446 3142 3521 ὥν,
3202 3451 3279 3519 τῷ
3333 3449 3561 3527 μοναχῷ
3635 3448 3842 3526 Μάρκῳ

2177 3533 2444 3587 κοινοῦται
2504 3532 2600 3599 τῆν
2661 3531 2805 3609 ὄψιν,
2860 3535 2920 3592 '0
2980 3537 3191 3615 Μάρκος
3249 3534 3304 3592 δὲ
3347 3536 3494 3603 οὗτος
3547 3539 3613 3606 ἧν
3643 3539 3700 3596 ὃν
3732 3537 3843 3607 ἤδη

2177 3620 2379 3700 φθάσας
2441 3622 2465 3676 ὃ
2523 3619 2682 3698 λόγος
2743 3624 2820 3697 τῷ
2879 3627 3154 3703 Γρηγορίῳ
3218 3623 3590 3706 συνοδοιπόρον
3663 3627 3846 3702 ἐγνώ-

2179 3730 2293 3788 ρισε
2351 3712 2656 3788 πεμφθῆναι
2719 3712 2862 3790 παρᾶ
2918 3721 3073 3796 Θεοῦ,
3133 3715 3220 3771 καὶ
3275 3716 3405 3794 πρὸς
3459 3716 3557 3784 τῆν
3613 3715 3847 3794 πατρίδα

2176 3798 2394 3873 Ῥώμην
2451 3803 2598 3864 αὖθις
2656 3802 3013 3871 ἀνασωθῆναι.
3089 3807 3189 3863 Καὶ
3258 3805 3316 3867 ὃς
3386 3805 3662 3872 συνησθεὶς
3733 3808 3845 3873 τῆς

2175 3888 2350 3965 ὄψεως
2412 3890 2486 3964 τῷ
2550 3889 2822 3970 ἀρχιερεῖ,
2891 3890 2971 3949 ὅτι
3023 3893 3194 3974 τάχος
3269 3895 3491 3973 παρῄνει
3565 3895 3701 3951 κατὰ
3769 3897 3848 3953 τὰ

2177 3977 2428 4056 ὁραθέντα
2486 3992 2684 4041 ποιεῖν.
2749 3981 2846 4038 Καὶ
2901 3982 3203 4056 πέμπονται
3265 3981 3330 4050 δὴ
3403 3983 3538 4040 κατὰ
3611 3986 3848 4056 ζήτησιν

2177 4066 2353 4146 ἄνδρες
2426 4067 2680 4148 ἔκκριτοι,
2757 4071 2842 4125 καὶ
2913 4069 3025 4146 ἅμα
3095 4078 3280 4129 τοῦτον
3365 4070 3542 4138 καλῶς
3614 4071 3844 4150 εἰδότες,

2176 4155 2266 4214 δύο
2332 4179 2388 4212 τε
2461 4164 2566 4214 τῶν
2641 4157 2973 4233 ἐπισκόπων,
3039 4163 3086 4217 οἱ
3151 4161 3258 4217 ἀπὸ
3305 4162 3402 4229 τῆς
3433 4159 3650 4220 συνόδου
3693 4163 3848 4242 πρό-

2176 4269 2326 4325 τερον
2362 4246 2701 4326 ἀφικόμενοι,
2753 4247 2840 4304 καὶ
2896 4271 2977 4313 τις
3035 4249 3212 4328 ἕτερος
3273 4253 3300 4308 ὁ
3343 4253 3508 4328 ἱερεὺς
3570 4253 3657 4308 καὶ
3731 4254 3848 4309 αὗ·-

2177 4335 2266 4396 τδς
2327 4335 2469 4408 αὖτῷ
2525 4333 2814 4412 γνώριμος.
2879 4344 3033 4395 Οὗτοι
3094 4344 3306 4416 πρῶτον
3351 4341 3407 4395 ἐν
3455 4340 3530 4414 τῷ
3562 4349 3653 4398 τοῦ
3682 4341 3851 4416 ἁγίου

2178 4421 2323 4479 Σάϐα
2378 4424 2718 4502 μοναστηρίῳ
2775 4427 3076 4503 γενόμενοι,
3135 4430 3229 4485 καί
3287 4428 3546 4504 μαθόντες
3599 4427 3679 4485 ὅτι
3721 4425 3850 4487 δυσὶ

2177 4513 2432 4591 πρότερον
2488 4515 2710 4588 ἡμέραις
2767 4513 2988 4580 ἐξελθὼν
3048 4517 3122 4580 εὶς
3173 4517 3271 4585 τῆν
3329 4526 3420 4575 τοῦ
3447 4517 3845 4596 ἅγίουἝρμοῦ

2181 4599 2382 4677 μετέϐη
2413 4603 2607 4677 μονὴν,
2641 4601 2757 4660 ἐκεῖ
2785 4603 2881 4660 καί
2926 4611 3068 4662 οὗτοι
3127 4603 3333 4683 σπουδῇ
3382 4607 3848 4686 παραγεγονότες,

2182 4692 2505 4770 εὒρίσκουσιν
2561 4690 2664 4759 ἤδη
2723 4694 2971 4750 κάκεῖθεν
3025 4695 3294 4774 ἐκχωρεῖν
3329 4695 3614 4772 μέλλοντα·
3657 4697 3715 4760 ὃς
3746 4701 3851 4756 καὶ

2183 4781 2441 4858 μακρόθεν
2499 4782 2688 4846 αὖτοὺς
2741 4782 3030 4858 θεσάμενος
3090 4785 3177 4841 καὶ
3233 4784 3428 4850 οἵτινες
3478 4785 3594 4842 εἷεν
3646 4785 3706 4841 ἐκ
3739 4785 3848 4855 τῆς

2181 4869 2356 4945 ὅψεως
2388 4870 2668 4946 ἀναγνοὺς,
2703 4869 2796 4926 καί
2830 4869 3114 4946 συμϐαλὼν
3137 4871 3164 4927 ὅ
3192 4895 3240 4929 τι
3271 4873 3575 4950 βούλοιντο,
3607 4883 3701 4932 τοῦ
3730 4873 3851 4942 κά-

2181 4981 2282 5016 που
2313 4958 2524 5036 δραμὼν
2555 4957 2808 5034 ἐνδοτέρω
2833 4959 2996 5035 μέσον
3024 4968 3130 5017 τῶν
3161 4969 3341 5040 φυτῶν
3365 4963 3752 5042 ὑπεκρύπτετο,

2265 5047 2400 5111 ΚΘ’.
2471 5047 2620 5106 Ἐπεὶ
2687 5047 2742 5104 δὲ
2815 5052 2957 5106 οὗτοι
3016 5051 3093 5125 τῷ
3148 5051 3443 5129 προεστῶτι
3501 5057 3602 5118 τῆς
3661 5055 3846 5128 μονῆς

2181 5137 2560 5217 προσελθόντες
2619 5139 2709 5194 τὸν
2782 5139 3072 5218 Γρηγόριον
3131 5141 3369 5219 ἰσχυρῶς
3425 5140 3691 5222 ἀπῄτουν,
3750 5146 3850 5201 καὶ

2183 5227 2287 5286 οὐδ’
2316 5227 2379 5284 ἂν
2410 5227 2464 5284 εἴ
2494 5249 2542 5284 τι
2574 5227 2780 5305 γένοιτο
2811 5230 3062 5303 μεθήσειν
3099 5231 3255 5286 αὺτὸν
3307 5228 3513 5309 ἔλεγον,
3576 5230 3631 5286 ἐν
3684 5231 3846 5306 ἀμη-

2181 5319 2336 5398 χάνῳ
2395 5319 2663 5383 καταστὰς
2716 5317 2948 5398 ἐκεῖνος,
3011 5319 3100 5375 καὶ
3169 5319 3360 5397 μικρὸν
3429 5321 3638 5400 ὑφεῖναι
3712 5320 3846 5384 τοὺς

2182 5408 2504 5473 ἐπισκόπους
2563 5405 3002 5488 ἐξαιτησάμενος,
3064 5412 3157 5467 οὒκ
3215 5408 3371 5482 ἀνίει,
3431 5410 3606 5466 πάντα
3666 5406 3842 5465 τόπον

2181 5504 2279 5565 τῆς
2340 5499 2510 5574 μονῆς
2569 5498 2788 5575 περιιὼν
2844 5498 2932 5552 καὶ
2988 5495 3422 5576 διερευνώμενος.
3500 5499 3598 5563 Ὠς
3658 5495 3716 5553 δὲ
3745 5500 3842 5555 καὶ

2181 5609 2301 5665 περι
2374 5588 2460 5642 τὸν
2531 5591 2706 5654 κῆπον
2777 5585 3009 5664 ἐγένετο,
3097 5589 3186 5644 καὶ
3256 5587 3656 5667 περιεργότερον
3743 5591 3838 5644 τὸν

2183 5675 2452 5759 ὀφθαλμὸν
2511 5687 2628 5740 τοῖς
2688 5688 2873 5758 φυτοῖς
2934 5673 3248 5753 ἐπέϐαλλεν,
3311 5679 3408 5757 ὁρᾷ
3463 5676 3626 5755 μέσον
3659 5676 3836 5735 αὐτῶν
