4136 6484
328 497 683 559 ὒποδεδυκότα
788 498 881 554 καὶ
981 499 1347 578 γρυπτόμενον
1465 499 1558 555 τὸν

327 587 678 668 Ἐπιδραμὼν
734 589 819 644 οὖν
878 589 978 646 καί
1041 593 1139 654 τῆς
1181 589 1369 669 χειρὸς
1427 587 1636 644 ἐκείνου
1699 585 1993 666 λαϐόμενος

330 680 463 756 πρὸς
519 679 642 742 τοὺς
701 676 992 748 ζῆτοῦντας
1052 676 1236 757 ἐξῆγε,
1295 676 1638 757 χαλεπαίνων
1699 676 1811 752 ἅμα
1892 683 1990 736 καὶ

339 768 610 848 κεκραγὼς
683 767 764 823 ὅτι
838 766 1100 846 μεγάλοις
1139 813 1154 843 ,
1225 769 1298 831 ὡς
1369 765 1539 824 ἔοικεν
1569 815 1585 841 ,
1659 766 1993 844 ἐγκλήμασιν

337 858 525 936 ἔνοχος
587 856 690 928 ὢν,
722 857 816 912 καῖ
874 855 960 914 διὰ
1013 858 1182 913 ταῦτα
1240 857 1323 913 οιαὶ
1366 857 1508 935 παρὰ
1557 855 1756 934 ἀνδρῶν
1813 859 1993 914 τοιού-

332 969 440 1002 των
512 947 867 1024 ζητούμενος,
933 945 1103 1026 φυγάς
1160 965 1219 1001 τε
1289 947 1390 1025 πρὸ
1458 948 1557 1013 τὴν
1625 946 1795 1022 μονὴν
1852 946 1991 1004 ἔλθοι

329 1038 418 1092 καὶ
466 1034 708 1092 κίνδυνον
764 1034 956 1098 αὒτοῖς
1013 1039 1074 1093 οὐ
1121 1035 1309 1114 μικρὸν
1365 1034 1627 1113 ἐπαγάγοι
1685 1037 1993 1113 κρυπτόμε-

335 1147 448 1188 νος,
508 1124 608 1180 Καὶ
655 1130 823 1180 ταῦτα
882 1123 982 1198 μὲν
1017 1125 1093 1186 ὡς
1153 1123 1358 1188 ἐκεῖνος
1416 1121 1573 1198 ᾤετο’
1637 1125 1665 1180 6
1707 1122 1762 1179 δὲ
1829 1122 1995 1199 μηδὲν

342 1213 591 1291 εἰρηκὼς,
628 1211 745 1268 ἐπεὶ
789 1209 920 1288 μηδ’
954 1215 1081 1292 εἶχε.
1124 1235 1174 1268 τι
1206 1214 1337 1292 πρὸς
1381 1213 1540 1272 αὐτὸν
1569 1215 1598 1270 6
1642 1212 1826 1292 λόγος,
1859 1235 1995 1270 σιω-

339 1310 453 1359 πῶν
512 1302 682 1378 ἐξῄει.
722 1293 817 1366 Ὠς
865 1300 920 1357 δὲ
949 1303 1039 1358 καὶ
1092 1301 1240 1359 εῖδον
1269 1303 1428 1359 αὐτὸν
1471 1303 1518 1358 οἱ
1571 1302 1851 1360 ἒπίσκοποι
1916 1295 2001 1360 καιὶ

334 1392 672 1470 ἐπέγνωσαν,
739 1397 808 1467 τῇ
889 1389 1016 1469 περί
1087 1394 1260 1450 αὐτῶν
1323 1389 1463 1448 αἰδοῖ
1517 1389 1838 1465 νικηθέντες,
1905 1391 2002 1448 πί-

336 1482 528 1540 πτουσί
600 1502 659 1537 τε
741 1480 888 1543 εὐθὺς
974 1480 1047 1544 εἰς
1140 1481 1337 1558 γόνατα
1370 1528 1387 1556 ,
1458 1483 1546 1539 καὶ
1616 1487 1720 1538 πᾶν
1803 1481 2002 1538 ἐκείνοὺ

340 1571 796 1649 περιεπτὸσσοντο
862 1567 1047 1644 μέλος,
1106 1567 1254 1625 οὐδὲν
1312 1571 1451 1649 μέγα
1527 1583 1707 1628 ποιεῖν
1764 1570 2003 1646 νομίζον-

340 1680 452 1734 τες,
507 1661 554 1716 εἰ
606 1661 698 1716 τὸν
753 1663 926 1735 τιμῆς
975 1659 1236 1726 τοσαύτης
1293 1659 1433 1739 παρά
1488 1680 1544 1716 τε
1603 1671 1718 1722 τοῖς
1772 1679 2003 1738 πρωτοις

683 1754 712 1765 ι.

346 1755 454 1805 τῶν
523 1749 582 1805 ἐν
797 1745 1001 1821 συνόδῳ
1069 1746 1319 1824 Πατέρων
1374 1749 1464 1805 καὶ
1524 1748 1676 1805 οὖτοῦ
1739 1747 2002 1825 βασιλέως

1383 359 1570 430 VITA
1613 363 1672 427 S.
1720 359 2091 426 GREGORII
2132 358 2686 428 AGBIGENTINI.

3610 357 3730 429 226

1676 501 1984 578 Γρηγόριον,

2097 515 2212 560 ἐηε
2244 516 2592 581 ergo,manu
2619 499 2779 562 illius
2801 498 3200 582 apprehensa,
3227 517 3292 561 se
3320 499 3727 577 quaerentibus

2077 586 2456 670 educebat,in
2491 589 2655 651 illum
2683 590 2952 670 saeviens,
2981 588 3272 650 clamabat
3302 588 3532 668 magnis
3563 589 3727 650 illum

2081 676 2166 758 (ut
2190 679 2532 760 apparebat)
2560 678 2881 741 obnoxium
2913 678 3347 741 etobstrictum
3375 695 3509 742 esse
3531 678 3732 754 crimi-

2076 766 2338 849 nibus,et
2354 777 2667 850 propterea
2690 768 2763 830 ob
2787 766 3086 848 ejusmodi
3115 767 3250 829 viris
3274 767 3524 848 inquiri:
3547 768 3729 829 item-

2076 873 2192 938 que
2250 858 2484 919 exulem
2541 876 2608 919 ac
2647 859 2982 938 profugum,
3021 857 3313 938 templum
3346 857 3520 936 illud,
3557 865 3619 917 ut
3648 857 3731 918 ibi

2075 935 2307 1021 lateret,
2319 947 2583 1024 petiisse,
2605 935 2671 1009 ac
2685 935 2860 1026 grave
2880 945 2996 1010 sibi
3017 946 3130 1007 hoc
3142 935 3385 1008 nomine
3399 935 3731 1025 periculum

2077 1034 2370 1097 attulisse.
2401 1034 2471 1096 Et
2499 1037 2601 1098 ille
2632 1036 2874 1118 quidem
2899 1036 3023 1097 haec
3047 1035 3126 1096 ita
3149 1054 3212 1096 sc
3229 1035 3454 1097 habere
3485 1033 3732 1096 arbitra-

2079 1121 2254 1184 batur
2286 1144 2302 1200 ;
2336 1124 2433 1186 ille
2467 1134 2672 1187 contra
2703 1123 2852 1186 nihil
2900 1124 3155 1198 locutus,
3190 1123 3356 1204 quasi
3392 1123 3553 1184 nulla
3581 1123 3732 1185 sub—

2083 1221 2242 1275 esset
2270 1213 2385 1274 sibi
2414 1216 2566 1275 ratio
2597 1215 2668 1276 ad
2709 1213 3200 1292 reSpondendum
3232 1213 3417 1274 silens
3449 1212 3731 1294 egredie-

2085 1299 2278 1362 batur.
2310 1300 2423 1364 Ubi
2455 1321 2592 1363 vero
2643 1303 2921 1364 viderunt
2952 1301 3115 1362 illum
3151 1301 3414 1384 episcopi
3446 1311 3504 1363 et
3550 1321 3734 1380 agno-

2084 1391 2550 1471 verunt,pudore
2577 1409 2715 1469 erga
2744 1392 2934 1471 illum,
2959 1389 3176 1472 affecti,
3203 1391 3451 1471 ejusque
3480 1391 3733 1470 genibus

2085 1479 2364 1555 advoluti,
2393 1480 2872 1560 complexuntur,
2899 1479 3092 1558 magni
3111 1497 3178 1540 se
3229 1479 3376 1540 nihil
3401 1498 3578 1560 agere
3601 1480 3731 1560 opi-

2087 1578 2318 1645 nantes,
2353 1570 2403 1630 si
2436 1587 2609 1650 quem
2645 1588 2678 1630 a
2706 1569 2946 1630 concilii
2989 1568 3284 1642 Patribus,
3317 1579 3492 1650 atque
3521 1570 3669 1632 adeo
3699 1587 3734 1632 α

2085 1675 2228 1737 rege
2256 1657 2386 1737 ipso
2415 1658 2741 1719 honoriﬁce
2768 1665 3080 1738 exceptum
3113 1656 3404 1738 viderant,
3435 1657 3550 1739 ipsi
3580 1676 3733 1739 quo-

2088 1765 2202 1827 que
2224 1764 2458 1808 summo
2483 1747 2712 1809 honore
2737 1747 3529 1827 complecterentur.Verum
3548 1747 3735 1809 enim.

357 1836 644 1913 «ἣξιωμένον
703 1838 790 1894 καὶ
837 1837 985 1896 αὐτοὶ
1042 1843 1202 1913 τιμᾷν
1262 1836 1522 1914 ἔγνωσαν.
1586 1841 1659 1896 Οὒ
1701 1839 1810 1912 μὴν
1867 1835 2004 1893 ἀλλὰ

2097 1855 2224 1899 vero
2248 1836 2416 1898 divus
2441 1835 2908 1918 Gregorius,non
2932 1837 3175 1916 segnius
3197 1855 3262 1898 se
3283 1837 3740 1912 demittens,ho-

365 1931 460 1986 καὶ
518 1930 546 1983 6
597 1931 738 1991 θεῖος
793 1927 1114 2006 Γρηγόριος,
1172 1926 1370 2008 σρόδρα
1426 1933 1520 1985 τοῦ
1579 1927 1790 2008 μετρίου
1849 1926 2004 2005 γινό-

2097 1944 2293 1988 norem
2325 1926 2442 1987 illis
2474 1915 2661 1988 nihilo
2695 1915 3420 2006 minorem’rependebat.
3457 1925 3577 1989 Sub
3611 1927 3737 1988 haec

362 2041 553 2098 μενος,
584 2014 724 2073 οὐδὲν
759 2020 947 2080 αὐτοῖς
978 2015 1202 2073 ἔλαττον
1251 2015 1318 2072 τᾶ
1348 2022 1446 2084 τῆς
1494 2020 1664 2094 τιμῆς
1715 2014 2001 2073 ἀντεδίδου·

355 2107 486 2166 εἶ’τέ
534 2105 623 2164 καὶ
663 2107 738 2168 τίς
768 2105 927 2164 αὐτὸν
979 2107 1008 2162 6
1037 2103 1217 2163 καλῶν
1268 2106 1360 2172 εἴη
1405 2106 1682 2181 ἀκηκοὼς,
1713 2113 1792 2181 τῷ
1842 2112 2007 2163 ταῦτα

349 2196 517 2260 οὕτως
580 2197 943 2269 οἰκονομοῦντι
1003 2195 1119 2270 Θεῷ
1169 2195 1482 2271 πειθόμενος
1532 2194 1741 2256 εἵπετο.
1808 2196 1898 2253 Ἐν
1951 2195 2006 2250 δὲ

345 2294 423 2361 τῷ
481 2284 681 2362 μεταξὺ
743 2286 836 2342 τὸν
894 2284 955 2342 ἐκ
1026 2283 1214 2348 παιδὸς
1271 2283 1470 2342 ἐκείνου
1528 2285 1646 2361 βίον
1702 2287 1730 2341 6
1796 2285 2007 2361 Μάρκος

348 2374 547 2452 διεξῄει
628 2378 707 2447 τῷ
783 2374 981 2446 πάππᾳ
1047 2373 1114 2432 τά
1185 2393 1242 2429 τε
1298 2379 1392 2430 τοῦ
1456 2374 1659 2452 τρόπου
1725 2372 2010 2451 κατέλεγεν

355 2465 543 2543 ἀγαθὰ,
601 2463 692 2520 καὶ
742 2461 887 2526 ὅπως
933 2461 1092 2518 αὒτὸν
1151 2461 1214 2518 ἐκ
1261 2462 1402 2526 θείας
1457 2460 1634 2538 ὄψεως
1665 2461 1726 2519 ἐκ
1767 2463 2011 2525 Σικελίας

358 2549 679 2632 παραλαϐὼν
768 2553 842 2616 εἰς
946 2551 1066 2615 τοὺς
1149 2550 1320 2628 ἱεροὺς
1417 2551 1692 2630 ἀπήνεγκε
1789 2552 2008 2616 τόπους.

360 2632 586 2718 Ὀμοίως
641 2639 698 2696 δὲ
752 2641 841 2696 καὶ
888 2641 916 2696 6
971 2638 1192 2705 πάππας
1242 2639 1276 2695 ἃ
1304 2639 1447 2719 παρά
1493 2639 1601 2696 τῶν
1643 2640 1704 2698 ἐκ
1732 2646 1833 2708 τῆς
1885 2650 2013 2698 συν-

349 2730 468 2788 όδου
523 2727 967 2796 κατεληλυθότων
1024 2727 1262 2804 ἀκοεᾶσοι,
1323 2737 1593 2786 κοινοῦται
1654 2737 1732 2803 τῷ
1791 2728 2013 2807 Μάρκῳ,

349 2822 438 2878 καὶ
483 2820 639 2885 ὅπως
669 2818 833 2876 κάκεῖ
873 2830 992 2883 τοῖς
1038 2816 1220 2898 λόγοις
1270 2819 1548 2898 ἀστράψας
1594 2820 1659 2876 τὰ
1700 2824 1810 2876 τῶν
1865 2821 2014 2896 αἱρε-

347 2915 514 2966 τικῶν
544 2907 798 2988 ἐνέφραξε
821 2910 1085 2984 στόματα.

431 2998 517 3063 Δ’.
573 2997 668 3056 Ἐν
716 3000 763 3072 ᾧ
810 2995 864 3053 δὲ
913 2999 1058 3054 οὗτοι
1109 3003 1273 3054 ταῦτα
1322 2999 1448 3076 πρὸς
1502 2996 1766 3068 ἀλλήλους
1817 2997 2012 3076 διωμι-

354 3090 560 3168 λοῦντο,
613 3087 750 3154 ἧκόν
801 3087 890 3143 καὶ
929 3088 975 3143 οἱ
1035 3088 1318 3145 ἐπίσκοποι
1377 3086 1495 3162 μεθ’
1553 3088 1755 3144 ἑαυτῶν
1796 3086 2014 3167 ἔχοντες

345 3181 439 3236 τὸν
495 3177 797 3258 Γρηγόριον
856 3175 1004 3233 Ἐπεὶ
1059 3174 1115 3231 δὲ
1186 3177 1275 3233 καὶ
1344 3175 1572 3243 πλησίον
1643 3177 1733 3249 ἦν,
1791 3179 1858 3235 τὰ
1915 3182 2014 3244 τῆς

2089 2015 2341 2078 audiens
2387 2014 2438 2077 is
2471 2017 2568 2096 qui
2599 2013 2950 2095 Gregorium
3004 2015 3388 2090 accersierat,
3426 2017 3562 2077 talia
3589 2025 3736 2077 nutu

2094 2102 2198 2165 Dei
2227 2104 2354 2184 regi
2385 2113 2443 2166 et
2471 2104 2875 2167 administrari
2909 2122 3250 2184 persuasus,
3276 2104 3411 2165 illos
3441 2104 3738 2184 sequeba-

2093 2201 2205 2255 tur.
2237 2193 2389 2254 Dum
2424 2194 2551 2255 hmc
2581 2202 2862 2275 aguntur,
2894 2193 3146 2268 Marcus,
3182 2193 3283 2274 qui
3324 2193 3458 2273 ejus
3487 2193 3674 2273 ipsius
3705 2209 3741 2254 a

2095 2300 2278 2364 puero
2309 2281 2445 2357 vita,
2471 2283 2643 2364 quive
2665 2283 3018 2345 innocentes
3047 2301 3244 2344 mores
3278 2282 3548 2355 fuissent,
3583 2299 3739 2363 pon-

2094 2371 2238 2434 tiﬁci
2269 2390 2422 2436 max.
2458 2370 2756 2448 narrabat,
2785 2371 3286 2453 quemadmodum
3319 2390 3390 2433 ex
3421 2371 3619 2433 divina
3646 2378 3738 2431 vi-

2094 2461 2266 2522 sione
2309 2468 2680 2542 assumptum
2713 2479 2784 2524 ex
2831 2459 3030 2524 Sicilia
3072 2459 3146 2523 ad
3192 2469 3395 2523 sancta
3423 2479 3559 2522 eum
3615 2460 3744 2521 loca

2094 2549 2451 2613 advexisset.
2484 2549 2814 2613 Identidem
2835 2551 3118 2632 pontifex,
3145 2568 3276 2632 quae
3304 2570 3338 2613 a
3357 2549 3584 2631 synodo
3611 2567 3744 2630 pro-

2097 2639 2272 2702 lectis
2321 2639 2612 2722 audierat,
2647 2641 2846 2703 Marco
2902 2641 3326 2721 communicat,
3361 2640 3646 2701 nimirum
3680 2644 3745 2700 ut

2097 2727 2428 2790 litterarum
2463 2730 2804 2809 praestantia
2832 2749 3150 2794 coruscans
3192 2729 3608 2793 haereticorum
3639 2745 3744 2790 ora

2098 2817 2220 2880 illic
2250 2819 2638 2885 obstruxerit.

2176 2994 2347 3058 XXX.
2381 2997 2633 3059 lnterim
2675 3016 2813 3060 vero
2845 2999 2983 3060 dum
3039 2999 3166 3060 haec
3195 2997 3285 3060 illi
3336 3005 3539 3062 mutuo
3571 3017 3743 3060 com-

2099 3088 2738 3168 mentantur,episcopi
2772 3087 3129 3166 Gregorium
3149 3105 3350 3148 secum
3377 3087 3746 3150 adducentes

2096 3172 2404 3236 redierunt
2440 3195 2456 3235 :
2512 3175 2615 3255 qui
2644 3195 2779 3238 cum
2813 3177 3058 3256 pr0pius
3094 3175 3505 3251 accessissent,
3540 3175 3746 3237 formae

344 3273 563 3349 μορφῆς
617 3266 766 3340 αὐτῷ
815 3263 953 3345 ἴχνη
1001 3267 1132 3341 πρὸς
1189 3265 1289 3332 τὴν
1347 3267 1630 3343 ὁραθετσαν
1681 3265 1804 3342 ὄψιν
1860 3266 2011 3323 ἀντι-

2098 3261 2255 3324 illius
2299 3263 2659 3327 lineamenta
2706 3267 2779 3328 ad
2827 3265 3142 3341 visionem,
3175 3282 3352 3345 quam
3406 3266 3464 3325 in
3516 3265 3744 3326 somnis

343 3356 715 3437 παραϐάλλων
802 3357 830 3410 6
913 3355 1141 3418 πάπποις
1216 3355 1374 3414 αὐτὸν
1458 3355 1665 3413 ἐκεῖνον
1731 3354 2014 3415 ἐπέπειστο

346 3449 572 3524 βλέπειν
633 3445 730 3503 τὸν
799 3443 854 3501 ἕν
918 3456 1038 3507 τοῖς
1093 3441 1280 3508 ὕπνοις
1336 3448 1480 3518 αὒτῷ
1550 3443 2009 3523 ὑποδεδειγμένον.

357 3536 568 3615 Σφόδρα
637 3535 730 3592 οὖν
794 3535 1128 3616 φιλοφρόνως
1202 3534 1360 3591 αὒτδν
1429 3535 1811 3610 ἀσπασάμενος
1840 3582 1856 3614 ,
1924 3534 2014 3592 καὶ

366 3627 488 3689 τοὺς
541 3631 619 3698 τῷ
681 3629 850 3703 καιρῷ
920 3624 1292 3703 προσήκοντας
1377 3624 1759 3704 χαριστηρίους
1817 3622 2012 3703 λόγους

375 3712 836 3792 ἐπιφθεγξάμενος,
898 3713 954 3770 ἑν
1016 3734 1119 3769 τινι
1189 3714 1357 3791 θρόνῳ
1410 3713 1726 3782 καθεσθῆναι
1781 3713 2009 3774 κελεύει.

376 3808 564 3881 Παρῆν
627 3801 676 3859 δὲ
741 3805 827 3861 καὶ
885 3804 916 3859 6
985 3803 1200 3882 Μάρκος
1257 3801 1441 3868 αὐτοῖς
1509 3801 1894 3882 συμπαρεδρος,
1954 3805 2012 3861 ὃν

372 3893 688 3969 θεασάμενος
760 3896 787 3950 6
858 3892 1151 3972 Γρηγόριος
1217 3893 1308 3950 καὶ
1358 3891 1449 3974 ὑφ’
1509 3890 1706 3961 ἡδονῆς
1778 3892 2013 3973 δακρύων

363 3984 485 4046 τοὺς
514 3982 818 4062 ὀφθαλμοὺς
875 3981 1200 4061 πληρωθεὶς,
1232 3985 1324 4039 τοῦ
1379 4004 1437 4039 τε
1493 3983 1676 4061 θρόνου
1724 3985 1795 4049 ὡς
1854 3983 2015 4064 εἶχεν

361 4072 615 4145 ἀναπηδᾷ
663 4075 755 4129 καὶ
810 4075 917 4129 τῶν
977 4069 1155 4129 ποδῶν
1210 4072 1410 4130 ἐκείνου
1460 4071 1780 4148 λαϐόμενος,
1833 4075 2019 4153 μυρίας

357 4163 496 4240 πρὸς
527 4162 658 4219 Θεόν
693 4162 1026 4241 εὐχαριστῶν
1073 4162 1216 4241 ἠφίει
1261 4163 1463 4243 φωνάς,
1502 4162 1638 4228 Δόξα
1680 4184 1788 4239 σοι,
1821 4162 2015 4242 λέγων,

359 4253 519 4332 Κύριε
570 4249 815 4327 βασιλεῦ,
847 4249 969 4316 δόξα
1012 4272 1120 4310 σοι.
1154 4249 1288 4308 ’1δώ
1343 4253 1429 4308 καὶ
1457 4251 1621 4308 πάλιν
1669 4254 1698 4308 6
1759 4251 1887 4328 ἐμὸς
1923 4253 2016 4309 οὗ·

355 4363 450 4404 τος
505 4339 692 4420 σωτὴρ
721 4342 749 4396 6
781 4341 905 4416 ἐμὸς
949 4339 1169 4419 ὁδηγὺς,
1201 4341 1236 4408 ἡ
1267 4345 1366 4407 τῆς
1415 4339 1552 4417 ἐμῆς
1585 4339 1794 4408 ἐλπίδος
1842 4341 2020 4422 ἀρχή.

357 4431 507 4489 Εἶτα
567 4433 661 4486 καὶ
710 4431 840 4506 πρὸς
891 4430 1049 4488 αὐτὸν
1099 4431 1194 4486 τὸν
1254 4436 1490 4508 Μάρκον,
1544 4428 1697 4510 Ἰδοὺ,
1745 4432 1925 4512 φησὶν,
1976 4432 2022 4488 ὦ

354 4521 561 4599 Πάτερ,
593 4520 657 4575 τὸ
684 4519 827 4598 παρὰ
873 4526 966 4576 σοῦ
1003 4537 1098 4595 μοι
1129 4517 1418 4599 προρῤηθὲν
1449 4518 1603 4583 τέλος
1655 4519 1850 4599 εἴληφε
1905 4529 2018 4602 νῦν,

2092 3351 2345 3435 viderat,
2377 3355 2694 3418 conferens
2743 3355 3023 3436 pontifex,
3059 3354 3336 3416 eumdem
3382 3353 3607 3435 ipsum,
3642 3355 3746 3436 qui

2097 3441 2212 3504 sibi
2243 3443 2304 3504 in
2333 3445 2532 3526 quiete
2560 3445 2721 3508 visus
2749 3445 2962 3522 fuerat,
2997 3444 3221 3507 intueri
3251 3451 3342 3506 est
3397 3462 3743 3525 persuasus.

2097 3529 2294 3604 Quare
2357 3533 2626 3597 hilariter
2698 3535 2866 3597 illum
2924 3533 3246 3596 admodum
3312 3533 3747 3615 complexatus,

2095 3623 2342 3704 Deoque
2363 3625 2867 3705 quemadmodum
2903 3635 3138 3706 tempus
3156 3621 3510 3706 postulabat,
3533 3623 3748 3703 gratias

2095 3729 2299 3793 agens,
2333 3714 2394 3775 in
2420 3714 2563 3776 sede
2583 3715 2900 3777 locandum
2923 3715 3215 3797 praecipit.
3244 3714 3469 3776 Aderat
3499 3723 3559 3774 et
3585 3716 3746 3775 Mar-

2096 3819 2202 3864 cus
2221 3805 2456 3866 cseteris
2474 3804 2766 3866 assidens.
2783 3804 2973 3878 Quem
2997 3803 3314 3883 Gregorius
3346 3804 3742 3884 conspicatus,

2098 3891 2228 3970 ejus
2257 3903 2395 3953 sunt
2424 3892 2640 3958 elicitze
2667 3893 2880 3974 gaudio
2923 3892 3218 3974 lacrymae,
3252 3911 3321 3955 ac
3350 3911 3384 3954 a
3415 3894 3580 3969 sede,
3612 3909 3746 3953 cum

2103 3981 2360 4060 primum
2393 3982 2603 4062 potuit,
2636 3981 3084 4059 exsiliens,sese
3106 3983 3179 4044 ad
3210 3982 3368 4045 illius
3401 3982 3584 4062 pedes
3605 3999 3748 4062 pro-

2094 4069 2263 4150 jecit,
2297 4069 2541 4153 Deoque
2597 4071 2956 4153 multiplices
3003 4081 3063 4134 et
3110 4071 3479 4134 immortales
3533 4071 3751 4151 gratias

2102 4159 2218 4238 egit
2250 4177 2264 4223 :
2301 4157 2384 4222 Te
2412 4158 2621 4239 gloria,
2654 4159 2890 4224 Christe
2920 4160 3049 4222 Rex
3095 4159 3442 4241 (inquiens),
3476 4168 3532 4221 te
3563 4160 3753 4238 gloria

2102 4248 2296 4314 decet.
2329 4247 2416 4312 En
2458 4249 2570 4312 tibi
2600 4267 2809 4312 rursus
2850 4257 3116 4312 servator
3160 4267 3352 4324 meus,
3387 4247 3507 4310 dux
3553 4264 3746 4323 meus,

2103 4339 2230 4420 spei
2257 4357 2405 4401 mea;
2427 4339 2808 4422 principium.
2832 4338 3063 4403 Deinde
3092 4340 3356 4403 Marcum
3387 4337 3580 4418 ipsum
3608 4336 3754 4398 allo-

2104 4428 2343 4509 quitur:
2376 4426 2532 4492 Ecce
2558 4436 2746 4506 tuum,
2779 4431 2974 4506 Pater,
2995 4428 3118 4510 jam
3150 4428 3380 4510 pridem
3399 4425 3748 4509 praedictum

2102 4518 2448 4582 vaticinium
2483 4537 2641 4582 nunc
2659 4521 2840 4583 ﬁnem
2870 4519 3264 4600 accepit,fore
3293 4526 3356 4580 ut
3389 4535 3498 4580 nos
3526 4516 3750 4598 denuo,

354 4611 448 4666 καὶ
504 4606 674 4667 πάλιν
730 4607 994 4678 ἀλλήλους
1051 4609 1188 4666 κατά
1247 4630 1308 4686 γε
1363 4609 1458 4676 τὴν
1490 4616 1757 4687 παροῦσαν
1815 4611 2011 4689 ὁρῶμεν

2106 4607 2218 4670 hac
2264 4602 2442 4671 etiam
2490 4609 2773 4690 praesenti
2803 4611 2938 4686 vita,
2974 4620 3182 4672 mutuo
3224 4607 3587 4673 videremus.
3643 4607 3752 4671 His

354 4700 530 4769 ζωήν.
595 4705 770 4756 Ταῦτα
826 4703 920 4756 τοῦ
976 4700 1271 4776 Γρηγορίου
1311 4700 1445 4778 πρὸς
1501 4700 1592 4755 τὸν
1655 4699 1871 4777 Μάρκον
1931 4698 2024 4756 οὒκ

358 4786 618 4866 ἀδακρυτὶ
676 4786 947 4867 λέγοντος,
1002 4785 1291 4864 ἒθαύμαζόν
1348 4809 1408 4844 τε
1479 4790 1526 4845 οἱ
1599 4789 1880 4870 παρόντες,
1939 4790 2026 4846 καὶ

359 4883 463 4944 τῆς
521 4882 705 4957 χαρᾶς
750 4876 1121 4940 κοινωνοῦντες
1181 4877 1590 4935 συνεκοινώνουν
1651 4880 1738 4937 καὶ
1768 4885 1874 4935 τῶν
1927 4877 2025 4935 δα-

362 4968 562 5043 κρύων.
643 4957 703 5024 Ὀ
763 4965 818 5022 δὲ
888 4964 952 5034 δή
1022 4967 1248 5031 πάππας
1317 4968 1438 5030 τοὺς
1513 4968 1613 5043 μὲν
1681 4974 2025 5048 παρεστῶτας

369 5057 609 5122 ἅπαντας
669 5056 730 5114 ἐκ
759 5055 925 5132 μέσου
979 5057 1232 5136 ποιήσας,
1265 5054 1356 5114 δύο
1399 5054 1455 5112 δὲ
1507 5055 1700 5133 μόνους
1743 5058 1850 5114 τῶν
1901 5057 2026 5114 ἔπι-

364 5146 585 5203 σκόπων
643 5147 733 5204 καὶ
788 5147 881 5202 τὸν
952 5147 1245 5224 Γρηγὸριον
1275 5144 1462 5222 μένειν
1518 5144 1793 5222 κελεύσας,
1827 5147 2024 5219 πάντα,

361 5237 435 5300 ὡς
487 5236 619 5316 εἶχε
650 5235 716 5292 τὰ
750 5243 844 5293 τοῦ
873 5233 1139 5314 δράματος
1184 5233 1539 5315 ἀπαγγέλλει,
1572 5236 1639 5292 τά
1689 5257 1750 5292 τε
1783 5237 1881 5303 τῆς
1921 5237 2030 5295 τῶν

357 5325 550 5406 ὄχλων
614 5326 879 5402 στάσεως,
947 5324 1035 5380 καὶ
1104 5324 1171 5380 τὰ
1240 5330 1343 5392 τῆς
1414 5345 1797 5403 κατασχουσης
1871 5327 2029 5385 αὐτὸν

355 5415 609 5492 ἀπορίας,
665 5417 794 5474 εἶτα
857 5414 951 5470 καὶ
1010 5413 1076 5469 τὰ
1129 5417 1230 5481 τῆς
1275 5414 1622 5495 ἐπιφανείσης
1694 5415 1836 5488 αὐτῷ
1890 5415 2030 5480 θείας

356 5504 560 5581 ὄψεωςο
609 5508 699 5566 ναὶ
755 5506 840 5564 ὅτι
908 5502 1109 5562 ἄνωθεν
1172 5501 1276 5571 ἤδη
1341 5503 1630 5569 ἐπίσκοπος
1679 5509 1780 5574 τῆς
1830 5502 2032 5584 Ἀκρα-

353 5599 599 5678 γαντίνων
650 5593 999 5664 Ἐκκλησίας
1051 5593 1522 5672 κεχειροτόνηται.
1559 5592 1738 5659 Οὕτως
1791 5594 2032 5661 εἰπόντος

340 5695 426 5755 τοῦ
452 5695 649 5757 πάππα
681 5692 714 5752 ὅ
771 5681 1090 5768 Γρηγόριος
1117 5682 1220 5750 τὴν
1263 5683 1556 5762 ἱερωσύνην
1603 5684 1779 5744 ὀκνῶν
1821 5685 1888 5756 ἧν
1945 5683 2030 5744 καὶ

2109 4715 2225 4759 non
2250 4699 2380 4760 sine
2405 4699 2723 4779 lacrymisa
2745 4699 3029 4778 Gregorio
3051 4700 3244 4775 dictis,
3273 4705 3598 4780 praesentes
3619 4717 3753 4760 om-

2107 4804 2215 4850 nes
2263 4787 2614 4870 mirabatur,
2647 4789 2964 4870 gaudiique
3013 4789 3333 4870 participes
3381 4789 3540 4864 facti,
3573 4788 3757 4869 lacry-

2112 4894 2238 4939 mas
2274 4893 2408 4940 cum
2441 4876 2559 4939 illis
2613 4877 3156 4943 communicabant.
3190 4885 3270 4942 At
3316 4896 3454 4940 vero
3488 4879 3758 4941 Pontifex

2108 4969 2259 5030 Max.
2317 4974 2638 5046 praesentes
2668 4984 2879 5031 omnes
2927 4966 3190 5048 dimittit,
3224 4968 3387 5032 solos
3441 4969 3758 5049 episcopos

2112 5058 2264 5120 duos
2293 5065 2469 5138 atque
2517 5058 2864 5138 Gregorium
2898 5060 3138 5134 retinet,
3171 5057 3374 5120 omnia
3418 5057 3538 5120 illis
3570 5056 3660 5139 (ut
3690 5075 3756 5120 se

2113 5145 2360 5226 habent)
2385 5155 2535 5222 acta,
2569 5157 2699 5210 tum
2735 5147 2922 5210 turbae
2950 5147 3329 5225 seditionem,
3369 5155 3490 5209 tum
3523 5147 3758 5209 dubita-

2113 5237 2361 5316 tionem,
2394 5254 2572 5313 quam
2624 5237 2935 5313 habuerat,
2969 5237 3295 5313 edisserit;
3361 5255 3548 5318 eaque
3595 5236 3762 5299 addit

2112 5344 2245 5408 quae
2273 5324 2389 5386 sibi
2431 5325 2493 5387 in
2523 5326 2771 5388 somniis
2814 5325 3093 5390 divinitus
3122 5334 3545 5408 apparuerant,
3589 5345 3760 5388 asse-

2115 5433 2257 5477 rens
2306 5414 2472 5479 illum
2528 5417 3012 5497 Agrigentiorum
3070 5416 3352 5480 Ecclesiae
3411 5417 3759 5498 episcopum

2117 5505 2348 5567 ccelitus
2399 5506 2657 5568 electum
2691 5524 2846 5569 esse.
2878 5505 3017 5570 Haec
3068 5524 3202 5570 cum
3237 5507 3499 5588 pontifex
3529 5507 3762 5570 locutus

2115 5602 2296 5672 esset,
2331 5593 2651 5674 Gregorius
2679 5597 3077 5660 sacerdotium
3126 5597 3461 5660 detrectare
3487 5613 3557 5660 ac
3582 5613 3761 5659 recu-

2113 5699 2271 5763 sare,
2287 5683 2600 5766 indignum
2612 5701 2693 5749 se
2706 5686 3026 5771 minusque
3045 5693 3209 5750 tanto
3219 5685 3458 5768 fastigio
3480 5685 3760 5750 idoneum
