4136 6480
324 357 443 435 229

1374 357 1562 428 VITA
1606 361 1666 426 s.
1712 351 2080 426 GREGORII
2123 344 2661 424 AGRIGENTINI.

3586 349 3707 425 230

324 503 664 585 προρῤηθεὶς,
725 503 826 568 τῆς
886 520 944 556 τε
1009 497 1270 579 προτέρας
1342 500 1500 556 αὐτὸν
1557 499 2038 573 ἇναμιμνήσκωνΑ

2123 510 2175 554 is
2207 499 2656 585 erat,generose
2683 489 3076 585 perferendos
3105 490 3699 585 anir_nabat.Quadam

324 579 659 662 ἆσιινζσεως,⁷
716 592 805 648 καὶ
895 589 1201 667 ὑπαλείφων
1281 589 1532 666 γενναίως
1600 587 1773 669 φέρειν
1863 587 1984 651 τοὺς

2123 590 2244 644 κιο
2272 600 2406 643 cum
2432 581 2717 644 Chariten
2739 579 3008 669 Gregorii
3029 588 3199 669 pater
3222 580 3379 643 lecto
3405 583 3704 645 surrexis-

326 680 786 756 ἐπελευσομένους
856 679 998 753 αὖτῷ
1052 679 1401 757 πειρασμοὺς.
1477 677 1567 734 Ἐν
1619 668 1722 753 μιᾷ
1777 674 1832 732 δὲ
1879 681 1986 732 τῶν

2123 677 2159 731 et
2185 669 2402 751 (neque
2427 669 2722 757 enimﬁlii
2750 668 2972 729 oblivio
3004 668 3171 730 illum
3199 677 3581 750 ceperat,nec
3607 671 3710 733 do-

336 778 531 828 νοκτῶν
594 769 837 848 Χαρίτων
891 756 1180 834 ἒξαναστὰίς
1237 770 1267 824 δ
1311 774 1403 824 τοῦ
1446 768 1736 846 Γρηγορίου
1783 765 1983 840 πατὴρ,

2123 777 2258 821 irem
2293 768 2529 839 tempus
2559 756 2945 848 absterserat,
2977 757 3081 819 sed
3115 759 3296 848 corde
3317 767 3491 841 atque
3512 760 3709 822 animo

341 860 450 918 οὖδὲ
497 861 603 937 γὰρ
646 845 822 928 λῆθην
877 855 1144 932 ἐλάμϐανε
1175 856 1266 914 τοῧ
1321 845 1532 930 παιδὸς,
1567 853 1681 912 οὐδὲ
1733 857 1760 912 ὁ
1795 854 1988 935 χρόνος

2124 854 2289 910 actus
2312 847 2494 937 vitam,
2510 845 2744 937 agebat)
2763 866 2832 937 ac
2855 856 2982 937 tum,
3003 847 3259 937 maxime
3290 850 3420 929 ejus
3445 851 3709 914 animum

333 951 428 1018 τὴν
482 935 673 1015 ὀδύνην
752 947 1032 1026 ἐμάρανεν,
1093 945 1212 1002 ἀλλ’
1283 946 1538 1004 ἒκόπτετο
1604 946 1672 1002 τὰ
1700 943 1988 1024 σπλάγχνα

2123 935 2408 998 itarissimi
2441 936 2546 997 ﬁlii
2579 935 2867 998 memoria
2896 936 3198 1010 subiisset,
3233 939 3486 1019 perinde
3505 958 3575 1002 ac
3597 940 3714 1002 do-

334 1040 423 1096 καὶ
478 1039 582 1105 τὴν
653 1024 873 1116 καρδίαν
932 1035 1236 1116 ἐστρέφετο,
1295 1037 1416 1092 τότε
1488 1033 1542 1090 δὲ
1609 1035 1695 1091 καὶ
1759 1032 1991 1109 μάλιστα

2123 1043 2199 1086 »το
2230 1024 2535 1100 furens,ad
2568 1024 2702 1086 illos
2733 1030 3088 1106 intempesta
3116 1038 3290 1090 nocte
3321 1039 3624 1110 properat,
3644 1047 3712 1092 ac

340 1135 430 1186 τοῦ
478 1113 740 1206 γιλτᾶτου
783 1125 972 1184 τέκνοῦ
1025 1113 1247 1201 mqu
1296 1121 1497 1198 λαϐὼν,
1535 1123 1766 1187 ἀναστὰς
1813 1122 1994 1200 ὥσπερ

2123 1113 2545 1206 im_lacrymis,
2593 1122 2715 1206 tum
2747 1115 3022 1206 suspiriis
3047 1116 3232 1178 ﬁlium
3264 1117 3620 1198 appellabat,
3655 1127 3717 1180 et

347 1220 429 1275 καὶ
589 1217 748 1274 πάθει
798 1217 1028 1291 μεθύων,
1061 1213 1200 1294 ἂωρΐ
1248 1216 1355 1270 τῶν
1400 1219 1600 1270 νυκτῶν
1652 1212 1995 1291 παραγίνεται

2123 1203 2232 1294 pud
2256 1205 2522 1294 Marcum
2555 1203 2744 1294 virum
2789 1203 3138 1294 prudentem
3175 1224 3344 1268 suam
3384 1207 3573 1288 ipsius
3605 1207 3716 1269 de-

346 1309 472 1383 πρὸς
529 1305 749 1370 αὖτοὺς,
802 1290 947 1362 Εἶτα
992 1290 1208 1382 δάκρυσί
1261 1325 1318 1360 τε
1370 1304 1457 1359 καὶ
1513 1290 1839 1379 στεναγμοῖς
1898 1300 1998 1356 ἇν-

2124 1290 2354 1354 lorabat
2385 1291 2803 1366 calamitatem,
2841 1292 3140 1375 simulque
3173 1295 3410 1358 illorum
3445 1297 3722 1377 preCibus

341 1380 596 1453 εκαλεττο
644 1397 742 1452 τὸν
791 1393 982 1469 παῖδα,
1016 1380 1103 1450 καῖ
1155 1394 1230 1458 ὡς
1259 1405 1387 1471 προς
1439 1390 1609 1448 εἰδότα
1637 1393 1728 1449 τὸν
1787 1390 1999 1469 Μάρκον

2126 1380 2307 1442 oloris
2336 1381 2804 1443 consolationem
2836 1381 2952 1471 sibi
2983 1396 3304 1464 suppetere
3343 1386 3720 1466 precabatur.

341 1482 688 1565 ἐξετράγῴδει
763 1485 886 1552 τὴν⁶
935 1482 1204 1561 συμφορὰν
1230 1529 1247 1556 ,
1305 1470 1412 1538 καί
1481 1479 1594 1556 ἅμα
1665 1480 1732 1548 τῆ
1803 1480 2002 1565 τούτων

2123 1477 2268 1533 'orro
2299 1472 2532 1535 Marcus
2559 1479 2758 1534 erecto
2787 1470 2986 1533 animo
3017 1473 3184 1535 illum
3212 1493 3342 1536 esse
3381 1475 3579 1557 jussit,
3613 1477 3722 1538 ad-

346 1559 488 1654 εζχῇ
541 1559 882 1652 παραψυχὴν
929 1559 1121 1648 ᾐτεῖτο
1173 1581 1267 1630 τοῦ
1305 1570 1500 1634 πάθους
1558 1568 1766 1630 λαϐεῖν.
1831 1560 1888 1628 ιΟ
1947 1566 2002 1624 δὲ

2128 1559 2356 1654 iditque
2391 1567 2670 1654 oportere
2698 1577 2763 1622 se
2797 1560 3132 1654 reminisci,
3165 1583 3298 1654 quae
3325 1565 3468 1626 olim
3499 1564 3626 1646 ipse
3651 1566 3728 1628 de

348 1649 563 1744 Μαρκος
628 1649 823 1730 ’ἀνίστη
901 1684 960 1720 τε
1030 1661 1189 1718 αύτὲιν
1255 1662 1340 1718 καὶ
1384 1663 1776 1738 ἀνεμίμνησκεν
1844 1661 1879 1716 ἅ
1949 1682 2006 1715 τε

2123 1649 2208 1712 lio
2241 1649 2437 1711 eidem
2471 1649 2721 1726 dixerat,
2757 1649 3040 1712 nimirum
3093 1670 3160 1714 se
3219 1653 3406 1716 ﬁlium
3467 1655 3726 1717 visurum

520 1762 618 1812 τοῦ
673 1751 862 1816 παιδὸς
933 1751 1099 1808 πάλαι
1158 1763 1414 1830 προεῖπεν
1472 1751 1640 1825 αὐτῷ,
1697 1749 1778 1808 ὅτι
1852 1749 2009 1807 αὐτὸν

2128 1757 2245 1816 sse,
2280 1749 2594 1822 propterea
2610 1749 2678 1832 ut
2707 1752 2998 1832 speraret,
3035 1742 3252 1820 aiebat,
3279 1763 3346 1808 se
3379 1747 3734 1826 promissio-

361 1845 577 1919 ὄψεται,
605 1845 693 1901 καὶ
739 1841 846 1918 ὅτι,
884 1840 1113 1904 Εὔελπις
1158 1839 1270 1922 ἔσο,
1303 1840 1498 1918 φησῖν,
1531 1843 1602 1907 ὡς
1633 1842 1693 1898 οὗ
1745 1841 2010 1918 ψεύσομαι
2034 1877 2073 1927 Β

369 1937 467 2000 τὴν
494 1932 802 2012 ἶιπόσχεοιν.

451 2020 580 2084 Al".
637 2021 859 2078 Ἤκουσε
925 2022 1171 2102 Χαρίτων
1239 2026 1428 2092 ταῦτα,
1486 2020 1576 2077 καὶ
1643 2020 1742 2088 τὴν
1798 2015 2011 2098 καρδίαν

365 2111 516 2174 εύῶς
571 2109 822 2167 ἐπάλλετο
860 2111 951 2168 καὶ
1001 2123 1130 2172 ταῖς
1178 2107 1381 2166 ἐλπίσιν
1425 2107 1627 2186 ἤρτητο
1667 2109 1756 2165 καὶ
1813 2108 2015 2186 ἀγωνίᾳ

359 2201 478 2258 τότε
552 2200 648 2256 καί
689 2198 896 2274 μᾶλλον
953 2198 1304 2266 κατείληπτο,
1361 2198 1524 2255 Πόθεν
1554 2195 1608 2254 δε
1664 2197 1728 2253 ἂν
1779 2197 1877 2254 καὶ
1910 2195 2015 2251 ἒπ-

356 2290 499 2369 έγνω
555 2289 648 2345 τὸν
710 2288 1020 2368 Γρηγόριον,
1056 2287 1141 2344 διὰ
1195 2287 1446 2344 τοσούτου
1501 2286 1600 2362 μὲν
1659 2287 1816 2343 αὐτὸν
1877 2285 2015 2365 ὁρῶν

356 2379 579 2459 χρόνον),
640 2375 855 2445 ἡλικίαν
903 2376 958 2433 δὲ
1026 2377 1142 2452 ἅμα
1213 2377 1302 2433 καὶ
1355 2376 1549 2456 σχῆμα
1625 2373 2018 2454 μεταϐαλόντα,

368 2469 428 2524 0'3
486 2468 594 2542 μὴν
666 2465 810 2523 ἀλλὰ
869 2467 953 2524 καὶ
1013 2465 1294 2546 έγκρατεία
1362 2465 1618 2546 τοσαύτῃ,
1654 2467 1785 2543 πρὸς
1830 2461 1885 2520 δὲ
1933 2463 2020 2519 καὶ

371 2557 690 2629 κακοπαθείᾳ
763 2555 862 2625 τιὶν
935 2554 1079 2634 ὥραν
1148 2555 1490 2634 ἔκτρίψαντα.
1578 2552 1729 2612 Ἀλλ’
1814 2554 2018 2617 ἱκεϊνος

368 2643 622 2725 ἓτίνωσκέ
676 2665 739 2702 τε
796 2644 878 2721 μὴ
939 2644 1292 2723 γινώσκοντα,
1352 2644 1441 2700 καὶ
1497 2647 1604 2700 τῶν
1667 2650 1754 2701 :06
1821 2644 2020 2720 πατρὸς

361 2736 540 2814 λόγων
602 2734 835 2814 ἆκούων,
888 2732 1198 2791 ἒπαθαίνετο
1251 2731 1346 2809 μὲν
1393 2731 1540 2791 ἔνδον
1594 2735 1682 2789 καὶ
1740 2733 2021 2812 συνεστρέ-

356 2847 486 2906 φετο
529 2825 636 2893 τὴν
694 2823 906 2903 ψυχὴν,
953 2822 1153 2903 ἐπεῖχε
1211 2819 1265 2878 δὲ
1322 2820 1470 2899 ὅμως
1528 2823 1716 2880 ἑαυτὸν
1773 2825 1860 2879 καὶ
1919 2825 2024 2879 τῶν

357 2914 602 2993 δακρύων
655 2911 891 2991 ἐκράτει.
948 2912 1088 2969 Εἶτα
1143 2913 1276 2991 πρὸς
1337 2913 1429 2968 τὸν
1487 2915 1765 2993 Χαρίτωνα
1821 2915 2026 2969 πυνθα-

366 3005 614 3084 νόμενος,
652 2993 720 3059 Ἠ
773 3000 827 3057 δὲ
856 3003 950 3059 τοῦ
993 2999 1182 3066 παιδὸς
1215 2999 1360 3058 τοῦδε
1420 2999 1622 3081 μάτηρ,
1659 3002 1705 3058 ὦ
1761 3001 2023 3082 ἄνθρωπε,

370 3101 490 3169 πού,
548 3092 739 3174 φησὶν,
799 3090 941 3172 ἄρτι,
1000 3097 1154 3168 ποῦ;
1223 3091 1282 3149 ’0
1354 3088 1408 3147 δὲ
1482 3092 1676 3172 χρόνος
1748 3090 1800 3157 ἒξ
1872 3091 2030 3170 οὗπερ

367 3182 515 3247 οὗτος
576 3178 858 3254 ἀπώλετο,
889 3186 1054 3246 πόσος
1088 3196 1104 3256 ;
1166 3178 1227 3238 Ὀ
1257 3177 1310 3235 δὲ
1341 3180 1438 3249 τὴν
1478 3179 1684 3260 μητέρα
1714 3179 1812 3255 μέν
1855 3186 2030 3252 ζῶσαν

363 3272 467 3353 ἔφη
527 3272 624 3328 καὶ
695 3271 986 3328 πενθοῦσὰν
1045 3268 1188 3327 οἴκοι
1256 3268 1602 3350 καταλιπεῖν,
1652 3256 2088 3349 τρισκαιιδὲκα·-(2

356 3384 457 3420 τον
517 3359 579 3416 δὲ
625 3365 704 3435 τῷ
752 3358 894 3416 παιδ³
942 3358 1248 3417 ἀπολωλότι
1305 3357 1573 3428 διηνύσθαι
1630 3361 1852 3440 χρόνον.
1903 3358 2032 3418 Ἐν-

362 3451 535 3508 ταῦθα
580 3449 878 3528 Γρηγόριος
935 3450 1010 3529 (τί
1072 3450 1173 3528 γὰρ
1231 3449 1319 3507 καὶ
1374 3452 1563 3507 παθεῖν
1597 3447 1785 3530 ἔδει);
1840 3453 1906 3510 τὰ
1934 3451 2032 3528 μὶν

373 3539 471 3607 τῆς
527 3542 737 3620 μητρὸς
785 3537 983 3618 δάκρυα
1031 3538 1118 3596 ἐπὶ
1144 3544 1264 3595 νοῦν
1321 3536 1525 3620 λαϐὼν,
1550 3542 1618 3596 τὰ
1663 3537 1719 3598 δι
1774 3547 1866 3599 τοῦ
1921 3563 2034 3598 πα-

385 3629 506 3705 τρὸς
552 3627 656 3695 ἤδη
712 3629 801 3686 καὶ
858 3628 1120 3708 καθορῶν,
1167 3628 1371 3704 καὶμὴ
1430 3627 1599 3710 φέρων
1661 3627 1800 3686 οὕτω
1851 3628 2033 3694 δεινῶς

391 3717 740 3794 κοπτόμενον,
797 3719 912 3793 ἅμα
981 3716 1038 3774 δὲ
1099 3719 1187 3775 καὶ
1244 3719 1402 3783 αὐτὸς
1472 3717 1671 3798 φίλτρῳ
1742 3727 2037 3798 συγγενικῷ

395 3808 661 3882 νικηθεὶς,
728 3807 965 3888 δακρύων
1034 3830 1092 3865 τε
1162 3807 1457 3888 πληροῦται
1523 3809 1643 3874 τοὺς
1708 3809 2032 3892 ὀφθαλμοὺς,

392 3899 482 3954 καὶ
536 3895 777 3978 καθέδρας
835 3897 1126 3965 ὶξαναστὰς
1174 3913 1290 3965 τοῖς
1346 3901 1473 3956 ποσὶ
1525 3899 1899 3978 περιπλέκεται
1947 3908 2038 3958 τοῦ

383 3990 609 4061 παρτὸς,
640 3977 706 4044 Ὠ
767 3989 957 4067 πάτερ,
988 3987 1184 4068 λέγων,
1221 3988 1329 4068 ἐγὼ
1386 3989 1477 4053 σὸς
1527 3977 1664 4071 υἱδς,
1696 3988 1826 4071 ἐγὼ,
1872 3991 2040 4070 πάτερ

378 4077 661 4159 ᾳλόίπαις,
727 4079 786 4134 ὃν
837 4071 1034 4158 σφόδρα
1091 4078 1387 4152 ἐπιζητεῖς,
1432 4083 1530 4146 τῆς
1589 4079 1756 4159 εὐχῆς
1815 4082 1843 4136 δ
1897 4081 2040 4160 βλασ-

379 4168 510 4233 στὸς
552 4167 652 4235 τῆς
694 4166 950 4246 ὑμετέρας
1005 4168 1138 4244 εγὼ,
1173 4169 1200 4223 ὁ
1248 4168 1386 4224 κατά
1436 4189 1497 4247 γε
1551 4169 1614 4225 τὸ
1645 4170 1736 4225 σὸν
1795 4167 2044 4247 βούλημα

379 4256 434 4322 ἐξ
493 4257 671 4314 αὐτῶν
743 4254 938 4313 ὠδίνων
1009 4261 1127 4330 Θεῷ
1211 4257 1553 4336 καθιερωθεΐς
1625 4260 1653 4315 δ
1727 4259 2040 4339 Γρηγόριος.

387 4347 536 4415 Πλὴν
599 4344 722 4402 ἀλλ’
767 4345 952 4426 ἔμοιγέ
997 4345 1149 4412 ’ἱλεος
1206 4346 1330 4416 εἴης
1384 4355 1476 4406 τοῦ
1529 4347 1818 4426 δράματος,
1850 4371 2042 4430 πατερ,

376 4437 472 4494 καὶ
535 4433 711 4512 μηδὲν
768 4458 858 4511 μοι
915 4443 1006 4494 τοῦ
1051 4436 1248 4503 πάθους
1303 4439 1534 4514 μηνίσῃς
1580 4439 1656 4502 ὠς
1702 4437 1918 4496 πολλῶν
1948 4437 2045 4496 δα-

2094 1849 2231 1893 nem
2259 1849 2429 1893 suam
2461 1829 2805 1911 neutiquam
2839 1829 3279 1897 frustraturum.

2177 2007 2740 2099 XXXlIl.__Audivit
2792 2009 2917 2071 haec
2970 2010 3248 2099 Chariten
3297 2013 3737 2099 confestimque

2096 2099 2278 2162 corde
2311 2097 2566 2178 prosilit,
2617 2115 2842 2179 speque
2882 2098 3084 2160 animo
3134 2101 3478 2185 ﬁuctuabat,
3511 2122 3578 2167 ac
3609 2097 3732 2168 tum

2099 2187 2281 2250 multo
2315 2194 2497 2266 magis
2522 2205 2742 2266 angore
2765 2187 3144 2251 detinebatur
3167 2211 3184 2268 ;
3207 2209 3403 2269 neque
3422 2210 3560 2255 vero
3583 2194 3736 2258 Gre—

2098 2277 2695 2357 gorium,quanquam
2719 2276 2891 2338 toties
2909 2275 3494 2359 viderat,agnoscere
3517 2283 3733 2364 potuit,

2102 2384 2291 2447 usque
2321 2367 2468 2427 adeo
2490 2383 2602 2446 qua
2625 2373 2818 2440 astate,
2852 2383 2968 2447 qua
2999 2368 3182 2447 ﬁgura
3207 2378 3266 2431 et
3286 2369 3446 2432 cultu
3471 2373 3736 2453 corporis

2101 2457 2448 2518 immutatus
2473 2463 2598 2516 erat
2620 2475 2635 2531 ;
2668 2458 2878 2534 ingens
2899 2457 3057 2519 enim
3082 2458 3142 2519 in
3165 2459 3328 2520 omni
3348 2478 3415 2522 re
3437 2462 3743 2525 continen-

2107 2543 2364 2626 tia,addo
2386 2543 2562 2606 etiam
2588 2545 2879 2607 malorum
2904 2546 3487 2629 tolerantia,omnem
3512 2551 3745 2614 absum-

2107 2642 2309 2716 pserat
2339 2635 2872 2716 pulchritudinem.
2925 2638 3004 2698 At
3033 2637 3135 2699 ille
3168 2657 3286 2700 non
3317 2651 3742 2720 agnoscentem

2105 2725 2366 2804 agnovit,
2400 2742 2860 2807 sermonemque
2883 2727 3065 2806 patris
3093 2728 3366 2804 audiens,
3401 2729 3622 2792 acriter
3653 2731 3745 2793 in-

2109 2823 2202 2876 tus
2233 2815 2478 2877 aﬁ‘ectus
2509 2814 2710 2877 animo
2754 2815 3184 2892 incalescebat,
3235 2835 3301 2879 se
3356 2818 3748 2882 nihilominus

2106 2903 2240 2984 ipse
2287 2902 2652 2976 continebat,
2697 2902 2932 2984 sibique
2962 2909 3333 2986 temperabat
3362 2925 3395 2970 a
3447 2908 3745 2990 lacrymis.

2111 2992 2343 3056 Deinde
2365 2993 2632 3071 quaerita
2655 2992 2992 3064 Charitone,
3032 2991 3296 3074 Hujusce
3331 2998 3498 3076 pueri
3534 3007 3746 3074 mater,

2113 3082 2272 3144 bone
2306 3081 2397 3143 vir
2424 3081 2778 3163 (inquiens),
2805 3081 2907 3145 ubi
2939 3081 3202 3160 interim,
3228 3084 3326 3147 ubi
3348 3085 3466 3164 agit
3487 3085 3612 3149 Z’Ex
3632 3108 3750 3165 quo

2113 3190 2252 3236 vero
2284 3171 2380 3234 hic
2413 3173 2606 3254 periit,
2641 3180 2929 3250 quantum
2985 3174 3233 3236 interest
3281 3175 3612 3257 temporis?
3645 3173 3752 3240 Ille

2115 3269 2362 3325 matrem
2395 3261 2637 3342 quidem
2668 3260 2884 3344 vivere,
2917 3281 2984 3325 ac
3035 3263 3339 3344 lugentem
3388 3265 3551 3327 domi
3601 3265 3750 3329 reli-

2113 3353 2336 3433 quisse,
2370 3359 2649 3414 caeterum
2679 3350 2752 3414 ab
2792 3353 3014 3415 amisso
3055 3353 3178 3415 ﬁlio
3226 3354 3511 3417 tredecim
3565 3373 3756 3418 annos

2113 3442 2405 3505 interesse
2428 3440 2594 3503 dixit.
2618 3441 2728 3504 Hic
2760 3440 3082 3522 Gregorius
3114 3443 3362 3526 (aliquid
3392 3451 3553 3507 enim
3584 3464 3756 3509 com-

2118 3532 2341 3594 moveri
2374 3529 2541 3592 illum
2577 3537 3044 3594 consentaneum
3071 3531 3209 3615 fuit)
3241 3534 3447 3597 matris
3467 3536 3756 3616 lacrymas

2118 3618 2318 3682 animo
2345 3619 2772 3700 complectens,
2805 3621 2906 3700 qui
2933 3630 3156 3702 patrem
3191 3627 3364 3704 paulo
3395 3631 3532 3687 ante
3563 3627 3754 3706 lacry-

2123 3717 2380 3772 mantem
2407 3710 2651 3785 viderat,
2687 3728 2881 3791 neque
2912 3710 3136 3775 diutius
3183 3713 3384 3776 ferens
3425 3714 3593 3777 illum
3640 3723 3759 3778 tam

2119 3799 2375 3880 graviter
2403 3798 2541 3878 angi
2567 3799 2721 3880 (pari
2745 3799 2903 3862 enim
2935 3809 2995 3863 et
3016 3800 3146 3882 ipse
3177 3803 3430 3865 naturali
3451 3803 3759 3867 charitatis

2121 3889 2336 3952 ardore
2358 3898 2694 3951 commotus
2715 3895 2846 3970 est),
2868 3889 3063 3953 subito
3078 3893 3337 3955 suffusus
3354 3894 3558 3956 oculos
3583 3896 3763 3976 lacry-

2124 3982 2258 4057 mis,
2318 3979 2463 4042 sede
2519 3979 2794 4062 exiliens,
2855 3981 3104 4061 pedibus
3152 3983 3335 4063 patris
3372 3983 3758 4050 advolvitur:

2125 4068 2298 4133 Pater
2323 4068 2788 4152 (inquiens),ego
2816 4079 2953 4132 tuus
2978 4070 3156 4153 ﬁlius;
3183 4073 3757 4156 ego,inquam,sum,

2127 4167 2292 4242 pater
2311 4160 2742 4235 amantissime,
2765 4159 3104 4242 Gregorius,
3131 4183 3307 4245 quem
3336 4173 3645 4246 tantopere
3665 4167 3766 4229 in-

2129 4252 2341 4335 quiris,
2371 4251 2583 4312 vestris
2600 4251 2878 4331 precibus
2901 4253 2962 4314 in
2994 4251 3188 4316 lucem
3221 4253 3438 4330 editus,
3463 4273 3554 4336 ac,
3583 4266 3764 4320 utvo-

2126 4340 2311 4418 luisti,
2346 4340 2418 4402 ab
2450 4339 2595 4420 ipsis
2620 4340 2931 4405 cunabulis
2969 4343 3091 4407 Deo
3123 4350 3406 4408 sacratus.
3440 4342 3764 4408 Verumta-

2129 4449 2292 4505 men,
2329 4431 2409 4492 mi
2441 4438 2606 4512 pater
2631 4430 2951 4512 (obsecro),
2979 4433 3768 4518 miserere,mibique,quod

381 4526 564 4606 κρύων
624 4525 774 4599 αίτίῳ
817 4546 898 4583 σοι
947 4525 1242 4607 γενομένῳ.
1295 4527 1466 4587 Ταῦτά
1507 4548 1566 4584 τε
1610 4525 1783 4606 ἔλεγε,
1815 4529 1903 4586 καὶ
1933 4527 2038 4605 ἅμα

2129 4520 2453 4583 admissum
2483 4529 2572 4583 est
2593 4521 2891 4601 condona,
2917 4543 3029 4588 nec
3058 4541 3154 4588 me
3184 4526 3269 4588 uti
3313 4526 3629 4589 multarum
3686 4525 3771 4587 la-

383 4705 621 4784 ἄρῤητος
679 4703 943 4780 ἐλάμϐανε
990 4706 1092 4774 τὴν
1145 4705 1388 4784 καρδίαν,
1419 4707 1508 4764 καὶ
1561 4707 1640 4782 τῷ
1669 4705 1903 4787 περιόντι
1949 4711 2050 4774 τῆς

385 4795 722 4874 εὖφροσύνης
781 4795 813 4863 ἢ
855 4793 1074 4874 γλῶσσα
1120 4795 1414 4865 πεπέδητο.
1477 4797 1616 4854 Εἶτα
1671 4798 1794 4861 τοὺς
1852 4795 2054 4876 ὀφθαλ-

389 4887 528 4960 μοὺς
615 4883 957 4965 ἆτενέστερον
1040 4885 1341 4944 ἐπιϐάλλων
1429 4893 1508 4962 τῷ
1591 4886 1887 4966 Γρηγορίῳ,
1956 4886 2055 4956 τὴν

390 4973 517 5051 ἄψιν
587 4994 650 5030 τε
721 4975 1116 5055 περιεργότερον
1169 4975 1486 5057 ἀνιχνεύων,
1547 4976 1634 5033 καὶ
1700 4978 1772 5042 ὼς
1844 4976 1906 5032 ἂν
1977 4999 2056 5049 τις

393 5066 544 5123 εἴποι
606 5064 704 5122 σὺν
755 5063 993 5146 ἀκριϐείᾳ
1060 5069 1246 5124 τούτον
1313 5065 1636 5146 ῥινηλατῶν,
1684 5069 1773 5123 καὶ
1850 5089 2055 5124 πιστω-

394 5157 502 5219 θεὶς
559 5153 726 5212 αύτὸυ
778 5155 920 5212 εἶναι
979 5157 1071 5212 τὸν
1128 5155 1402 5238 φίλτατον,
1449 5157 1605 5214 αὖτὸν
1665 5155 1906 5237 ἀτεχνῶς
1966 5156 2057 5213 τόν

391 5249 540 5304 θεῖον
585 5244 908 5326 Γρηγόριον,
968 5245 1309 5326 ἆντιπεριφὺς
1364 5247 1456 5304 καὶ
1512 5246 1688 5317 αὐτὸς,
1747 5244 1911 5324 ἐφίλει
1969 5247 2057 5303 καὶ

388 5339 466 5402 ὡς
526 5333 720 5405 ἥδιστα
776 5338 1180 5416 κατησπάζετο,
1239 5337 1325 5394 καὶ
1383 5335 1470 5416 ὑφ’
1531 5333 1729 5404 ἡδονῆς
1789 5333 2062 5414 δακρύοντι

388 5422 732 5504 συνεδάκρυε,
781 5423 952 5489 Μόλις
1012 5427 1103 5482 οὗν
1159 5430 1264 5482 τῶν
1316 5423 1549 5505 δακρύων
1608 5425 1790 5490 αὖτοϊς
1854 5446 2064 5481 παυσα-

394 5516 597 5596 μένων,
672 5517 701 5572 ὁ
772 5515 990 5594 Μάρκος
1079 5513 1410 5594 ἀμφοτέρους
1493 5512 1816 5593 παραλαϐὼν
1900 5511 2064 5580 οὕτως

391 5609 521 5686 εἶχε
566 5601 691 5681 παρ’
721 5603 858 5674 ὅλην
904 5603 1008 5673 τήν
1043 5603 1229 5678 νύκτα,
1258 5602 1463 5670 πολλὰς
1515 5602 1606 5660 σὺν
1637 5601 1821 5681 ἐκείνῳ
1874 5599 2063 5682 διομο-

394 5695 680 5778 λογοόντας
707 5703 786 5776 τῷ
813 5695 998 5777 Κυρίῳ
1029 5698 1286 5774 χάριτας.

381 4579 614 4696 ἐριφὺς
687 4579 974 4688 ἦόπεὶζετο⁸
1027 4579 1119 4675 τὲῖ
1175 4579 1400 4696 πατέρα.
1460 4625 1563 4676 T06
1633 4579 1722 4673 δὲ.
1749 4579 1895 4698 ἑαρᾶ
1949 4579 2038 4692 prim

2132 4627 2463 4692 crymarum
2483 4619 2787 4676 auctorem
2805 4579 3150 4695 pr’tedolore
3169 4617 3422 4697 amplius
3447 4615 3770 4682 insectare.

2131 4700 2272 4763 Haec
2303 4699 2472 4776 dixit,
2516 4701 2816 4781 simulque
2855 4706 3165 4788 complexu
3219 4719 3450 4788 patrem
3507 4705 3772 4770 tenebat.

2136 4790 2426 4864 Quocirca
2478 4791 2678 4854 laetitia
2736 4793 3004 4874 quaedam
3050 4795 3422 4858 admirabilis
3469 4815 3576 4859 cor
3617 4795 3778 4858 illius

2137 4880 2341 4956 subiit,
2374 4899 2444 4944 ac
2462 4881 2801 4944 incredibili
2829 4885 3044 4963 gaudio
3071 4886 3206 4965 ejus
3224 4885 3414 4966 ipsius
3435 4885 3636 4964 lingua
3661 4887 3778 4946 im-

2139 4972 2510 5056 pediebatur.
2540 4972 2767 5035 Deinde
2818 4974 2893 5037 ad
2951 4973 3304 5054 Gregorium
3347 4975 3552 5039 oculos
3609 4975 3784 5038 ﬁxius

2139 5063 2454 5145 adjiciens,
2487 5070 2796 5143 aspectum
2824 5063 2952 5142 ejus
2977 5063 3312 5126 accuratius
3342 5064 3688 5144 vestigabat,
3724 5073 3785 5128 et

2141 5153 2431 5234 sagaciter
2462 5152 2551 5231 (ut
2582 5151 2663 5213 ita
2691 5151 2902 5232 dicam)
2925 5153 3271 5218 venabatur.
3297 5153 3446 5216 Tum
3481 5155 3677 5236 ipsum
3698 5153 3786 5217 di-

2142 5262 2276 5304 vum
2305 5242 2656 5320 Gregorium
2691 5241 3144 5306 dilectissimum
3200 5243 3387 5306 ﬁlium
3421 5263 3553 5308 esse
3583 5244 3788 5309 certis-

2143 5335 2296 5395 sime
2327 5347 2670 5414 persuasus,
2704 5331 2863 5394 hunc
2894 5333 3153 5396 vicissim
3185 5334 3791 5416 complexus,suavis-

2145 5421 2296 5484 sime
2345 5419 2750 5496 osculabatur,
2810 5439 2879 5483 ac
2926 5440 3063 5485 cum
3116 5423 3477 5504 lacrymante
3508 5423 3629 5486 ﬁlio
3660 5424 3790 5504 ipse

2149 5512 2371 5595 pariter
2400 5529 2522 5592 pm
2549 5509 2753 5573 laetitia
2798 5510 3258 5591 lacrymabatur.
3296 5512 3564 5595 Cumque
3616 5532 3650 5575 a
3695 5514 3790 5576 la-

2148 5601 2366 5684 crymis
2385 5599 2690 5683 paulisper
2712 5609 3104 5682 temperatum
3118 5605 3536 5679 esset,Marcus
3555 5611 3792 5667 utrum-

2150 5711 2266 5775 que
2296 5691 2655 5774 suscipiens,
2708 5708 2923 5769 magno
2967 5694 3091 5758 Deo
3121 5693 3342 5776 gratias
3371 5698 3507 5775 egit,
3541 5691 3794 5774 illosque

2153 5792 2275 5850 tota
2302 5791 2477 5850 nocte
2503 5798 2711 5848 secum
2741 5779 2965 5847 habuit.
