4136 6436
452 317 564 392 231
1754 323 2036 390 MENSIS
2074 327 2087 390 i

2172 323 2521 393 iVEMBER.
3710 313 3830 390 232

533 459 787 524 XXXIV.
825 458 984 522 Bene
1008 467 1204 522 autem
1237 479 1409 522 mane
1429 460 1818 541 Agrigentini,
1845 461 2087 543 quibus-

2253 461 2391 526 ΛΜ.
2453 458 2696 541 Πρωίὲας
2750 458 2805 516 δὲ
2865 481 3160 538 γενομενης
3219 458 3338 516 κατ’
3392 459 3514 536 ὄψιν
3570 459 3730 516 πάλιν
3783 460 3833 515 οἱ

453 569 589 614 cum
623 549 903 612 Chariton
932 568 1001 611 ac
1031 548 1200 610 divus
1229 549 1551 628 Gregorius
1609 561 1802 626 erant,
1835 550 2087 632 pontifici

2181 550 2592 632 Ἀκραγαντττοι
2643 555 2721 622 τῷ
2783 550 2978 622 πάππα
3047 550 3417 624 παρίστανται⁶
3484 549 3574 604 σὺν
3647 552 3832 611 αὐτοῖς

453 657 663 702 rursus
713 637 1016 712 assistunt,
1081 657 1148 702 ac
1208 647 1471 700 mutuam
1503 639 1882 720 voluptatem,
1919 657 2087 719 quam

2179 639 2234 696 δὲ
2282 643 2371 699 καὶ
2430 640 2693 716 Χαρίτων,
2752 641 2839 695 καὶ
2899 641 3053 703 αὐτὸς
3113 643 3140 696 ὁ
3196 643 3338 702 θεῖος
3395 637 3704 717 Γρηγόριος,
3765 636 3834 704 ἧς

453 735 832 809 acceperant,
892 737 1262 807 repetentes,
1318 745 1585 806 magnam
1642 729 1914 808 ejusdem
1972 737 2087 789 tum

2179 730 2501 806 ἀπήμαυσαν
2566 727 2753 796 ἷὶδονῆς
2811 727 3076 799 ἀλλήλους
3120 727 3594 807 ἆναγνωρίσαντες,
3650 725 3834 806 σαφῶς

455 818 640 890 vultu,
673 825 796 878 tum
815 815 1018 878 habitu
1041 815 1533 894 signiﬁcationem
1559 817 1874 880 faciebant.
1902 817 2087 878 Ponti-

2176 823 2253 892 τῷ
2309 840 2366 875 τε
2398 819 2643 898 σχήματι
2676 819 2870 890 καὶτῷ
2926 817 3196 896 προσώπῳ
3243 816 3694 892 καταμηνόοντες,
3753 817 3837 888 τῷ

453 906 545 968 fex
580 906 651 966 ad
685 924 776 981 ea,
809 923 944 984 quae
970 912 1370 966 consentanea
1387 913 1607 983 essent,
1636 906 1916 986 populum
1946 906 2087 968 hor-

2175 906 2315 982 λαῷ.
2373 908 2554 966 Τοίνυν
2615 909 2641 962 ὁ
2707 907 2955 980 πάππας,
3009 907 3076 963 τὰ
3123 907 3425 976 καθήκοντα
3482 904 3832 983 παραινέσας,

453 1005 630 1067 tatus,
656 994 885 1066 docuit,
922 1002 983 1053 ut
1003 991 1286 1072 Gregorio
1307 996 1363 1056 in
1388 993 1667 1056 omnibus
1693 995 1828 1056 illos
1856 1013 2087 1075 parere,

2174 998 2262 1054 καὶ
2319 997 2466 1060 ὅπως
2517 997 2628 1076 χρὴ
2684 996 2856 1052 πάντα
2927 1003 3003 1070 τῷ
3062 995 3339 1076 Γρηγσρίῳ
3408 993 3670 1068 μείθεσθαι
3741 992 3833 1050 καὶ

453 1093 512 1146 et
547 1083 618 1144 ab
650 1083 778 1163 ipso
811 1081 885 1142 aii
919 1089 1227 1162 oporteat;
1282 1082 1587 1145 Charitoni
1635 1102 1775 1145 vero
1829 1084 2087 1146 laetitiam

2176 1087 2572 1160 ποιμαίνεσθαι·
2634 1092 2711 1158 τῷ
2762 1086 3021 1164 Χαρίτωνι
3077 1083 3130 1140 δὲ
3188 1089 3285 1152 τῆς
3345 1084 3666 1162 εὐφροσύνης
3696 1105 3829 1159 συγ-

451 1173 796 1251 gratulatus,
847 1169 1032 1230 ﬁlium
1080 1170 1164 1230 illi
1214 1171 1481 1234 tradidit.
1516 1171 1786 1249 Cumque
1835 1171 2087 1234 Felicem

2179 1176 2538 1248 κοινωνήσας,
2608 1176 2695 1231 καὶ
2764 1176 2855 1230 τὸν
2925 1176 3034 1231 υἱὸν
3112 1173 3398 1253 παραδοὺς,
3455 1171 3696 1236 δεδωκώς
3772 1195 3835 1230 τε

451 1263 823 1341 episcopum,
859 1259 1028 1338 cujus
1061 1279 1243 1340 Opera
1273 1260 1593 1340 Gregorius
1616 1262 1675 1320 in
1696 1262 1838 1322 sede
1863 1261 2087 1324 locare-

2180 1265 2362 1330 αὐτοῖς
2447 1265 2535 1322 καὶ
2617 1267 2903 1321 Φιλικᾶτον
2960 1265 3273 1341 ὶτιίσκοπον,
3346 1265 3392 1338 ᾦ
3475 1263 3838 1340 ἐπετέτραπτο

451 1357 566 1422 tur,
606 1352 832 1410 socium
867 1347 987 1409 illis
1012 1349 1401 1428 adjunxisset,
1437 1350 1598 1411 laetos
1651 1351 1814 1412 laetus
1844 1355 1969 1430 ipse
2001 1351 2087 1412 di-

2179 1355 2268 1410 τὸν
2325 1395 2338 1406 .
2366 1355 2653 1432 Γρηγόριον
2739 1351 3022 1432 ἐνιδρύσαι,
3107 1353 3546 1432 εὐφραινομένους
3644 1352 3838 1416 αὐτούς

451 1436 864 1501 misit.Verum
899 1456 1035 1499 cum
1067 1436 1428 1500 Panormum
1457 1439 1666 1500 urbem
1701 1441 2087 1521 appulissent,

2179 1443 2586 1521 εὐφραινόμενος
2651 1440 2990 1501 ἀποστέλλει.
3059 1441 3475 1498 Καταλαϐόντων
3543 1439 3598 1497 δὲ
3658 1442 3838 1499 αὐτων

448 1528 536 1590 vir
565 1529 801 1609 quidam
840 1527 1168 1588 monachus
1215 1528 1440 1602 habitu,
1499 1529 1770 1609 leprosus
1814 1548 2087 1610 corpore,

2177 1532 2274 1598 τὴν
2336 1536 2685 1610 Πανορμιτῶν
2743 1530 2922 1602 πόλιν,
2958 1532 3091 1607 ἁνήρ
3147 1553 3252 1604 τις,
3284 1532 3344 1587 τὸ
3403 1535 3596 1610 σχῆμα
3651 1553 3834 1606 μονα-

449 1635 700 1680 currens
729 1635 797 1678 ac
829 1615 1099 1696 Gregorii
1125 1618 1310 1698 pedes
1329 1619 1700 1698 complexus,
1730 1618 1928 1680 multis
1959 1637 2087 1680 cum

2177 1621 2301 1700 χὸς,
2359 1622 2420 1675 τὸ
2481 1621 2636 1695 σῶμα
2687 1617 2902 1700 λεπρὸς,
2953 1618 3166 1697 δραμὼν
3215 1621 3302 1675 καὶ
3353 1618 3669 1696 λαϐόμενος,
3723 1627 3838 1677 τῶν

450 1705 729 1787 lacrymis
756 1724 825 1767 ac
859 1705 1083 1786 ejulatu
1119 1707 1309 1768 morbi
1338 1707 1690 1769 levationem
1715 1707 2087 1771 obsecrabat.

2177 1699 2269 1768 τοῦ
2323 1709 2612 1787 Γρηγορίου
2667 1705 2864 1789 ποδῶν,
2891 1699 3036 1766 νέὅόα
3093 1709 3321 1788 κράζων,
3374 1710 3462 1765 καὶ
3509 1709 3838 1788 ἀπαλλαγὴν

449 1796 588 1859 llle:
623 1795 686 1858 Si
719 1794 914 1856 credis
976 1794 1216 1875 (inquit)
1247 1796 1396 1858 nihil
1449 1815 1584 1857 esse
1616 1797 1776 1876 quod
1821 1797 1944 1859 Deo
1977 1816 2087 1860 non

2177 1799 2362 1874 ᾐτεῖτο
2417 1805 2510 1854 του
2549 1799 2768 1862 πάθους.
2836 1797 2896 1856 Ὀ
2950 1796 3026 1873 δὲ,
3083 1799 3141 1856 Εἰ
3197 1800 3486 1870 πιστεύεις,
3533 1800 3692 1877 φησὶν
3748 1799 3838 1856 ὅτι

449 1885 528 1945 sit
552 1883 708 1946 factu
769 1901 876 1964 per
933 1884 1128 1964 facile,
1190 1901 1333 1946 ecce
1387 1885 1447 1946 in
1482 1887 1728 1947 nomine
1757 1888 1884 1963 ejus
1913 1904 2087 1948 sanus

2178 1887 2346 1963 μηδέν
2403 1887 2655 1944 ἀδύνατον
2689 1893 2767 1960 τῷ
2827 1893 2964 1966 Θεῷ,
2999 1887 3104 1943 ἰδοὺ
3147 1887 3307 1965 ὑγιὴς
3339 1886 3426 1943 ἐπι
3473 1894 3549 1960 τῷ
3606 1889 3839 1964 ὀνόματι

449 1982 599 2037 esto.
633 1975 770 2034 Haec
799 1973 968 2046 dixit,
995 1973 1387 2055 leprosusque
1411 1983 1696 2054 purgatus
1719 1983 1831 2038 est.
1864 1975 2087 2039 Viden-

2178 1976 2338 2033 αὖτοῦ
2395 1977 2505 2036 ἔσο.
2542 1985 2715 2034 Ταῦτα
2771 1975 2896 2056 ἔφη,
2930 1977 3018 2031 καὶ
3063 1978 3091 2032 ὁ
3141 1974 3334 2054 λεπρὸς
3384 1975 3708 2054 ἒκαθαίρετο,
3741 1987 3840 2044 καὶ

449 2072 545 2126 tes
605 2070 799 2123 autem
860 2061 1319 2142 obstupuerunt,
1378 2081 1448 2126 ac
1497 2062 1748 2126 sublatis
1792 2064 2087 2142 manibus,

2178 2070 2224 2123 οἱ
2282 2069 2506 2144 ὁρῶντες
2572 2064 2861 2145 ἒξίσταντο,
2918 2067 3009 2121 καὶ
3067 2065 3160 2122 σὺν
3210 2065 3435 2140 θαύματι
3493 2077 3686 2145 χεῖρας
3730 2065 3840 2122 αἵ-

446 2153 633 2215 Deum
668 2160 785 2212 tam
821 2151 1236 2213 admirabilem
1269 2151 1330 2212 in
1374 2153 1598 2216 sanctis
1645 2171 1714 2215 ac
1763 2153 2087 2234 gloriosum

2177 2175 2381 2233 ροντες,
2441 2155 2533 2209 τὸν
2604 2151 2659 2208 ἐν
2741 2153 2913 2230 ἁγίοις
2987 2152 3126 2210 οὕτω
3195 2154 3496 2230 θαυμαστὸν
3563 2151 3837 2226 ἐδόξαζον.

446 2238 1010 2306 celebrabant.Hinc
1035 2240 1108 2302 ad
1141 2241 1392 2315 flumen,
1427 2240 1531 2303 ubi
1546 2241 1937 2323 Peripolaaum
1959 2263 2087 2306 em-

2178 2240 2444 2301 Ἐντεῦθεν
2500 2245 2573 2305 είς
2625 2243 2715 2297 τὸν
2775 2244 3019 2318 ποταμὸν
3078 2243 3436 2321 καταίρουσιν,
3472 2241 3589 2299 ἔνθα
3619 2242 3685 2312 δὴ
3745 2257 3846 2312 καὶ

445 2332 680 2414 porium
716 2339 864 2404 erat,
893 2329 1135 2410 proprio
1168 2331 1410 2393 nomine
1439 2331 1525 2392 sic
1557 2331 1939 2412 appellatum,
1974 2332 2086 2396 de-

2172 2333 2228 2388 τὸ
2282 2331 2540 2408 ἒμπόριον
2597 2331 2689 2406 ἦν,
2750 2333 2811 2388 τὸ
2873 2331 3009 2389 οὕτω
3065 2331 3394 2408 καλούμενον
3457 2332 3843 2412 Περιπόλαιον.

442 2417 961 2482 scendunt.Atubi
983 2419 1142 2480 cives
1157 2419 1470 2501 episcopos
1483 2437 1623 2482 suos
1647 2439 1781 2482 cum
1800 2419 2086 2501 Gregorio

2172 2422 2406 2479 Γνωσθὲν
2465 2417 2520 2476 δὲ
2575 2433 2694 2486 τοῖς
2773 2425 2872 2489 τῆς
2931 2420 3140 2486 πόλεως
3199 2421 3280 2479 ὅτι
3339 2424 3476 2496 μετὰ
3546 2423 3846 2502 Γρηγορίου

445 2510 702 2592 quodam
736 2507 851 2570 sibi
883 2526 1130 2589 prorsus
1161 2509 1463 2588 incognito
1487 2508 1768 2588 (necdum
1801 2511 1960 2572 enim
1983 2529 2087 2573 au-

2172 2513 2312 2574 τινὸς
2366 2507 2484 2567 οὗδέ
2527 2512 2588 2566 τὸ
2651 2513 2902 2589 παράπαν
2961 2513 3148 2574 αὐτοῖς
3207 2513 3495 2592 γνωρίμου,
3529 2511 3675 2568 οὔπω
3735 2513 3848 2593 γὰρ

443 2601 699 2673 dierant,
726 2617 857 2680 quae
872 2597 1033 2660 circa
1051 2597 1433 2661 Charitonem
1462 2607 1591 2660 acta
1614 2609 1865 2679 essent),
1889 2617 2088 2663 rever—

445 2707 544 2752 sos
577 2706 712 2751 esse
743 2686 1293 2762 rescivere,turbati
1323 2687 1734 2764 vehementer,
1770 2707 1836 2750 ac
1861 2688 2092 2751 dubita-

439 2780 609 2843 tione
641 2777 805 2859 pleni
835 2775 1274 2858 (existimarent
1303 2775 1461 2838 enim
1515 2795 1697 2838 unum
1735 2795 1806 2840 ex
1837 2777 1912 2839 iis
1942 2797 2091 2860 quos

437 2867 556 2951 ipsi
589 2865 1259 2948 designarent,electum
1290 2865 1670 2944 iri),currunt
1702 2866 2092 2932 nihilominus

441 2957 1028 3038 omnes,obviamque
1041 2956 1260 3037 passim
1275 2956 1393 3019 illis
1406 2956 2088 3038 prodeunt,quibuscum

2170 2601 2425 2657 kmiOovro
2483 2599 2548 2656 τὰ
2579 2600 2696 2678 περὶ
2755 2602 2848 2656 τὸν
2908 2601 3210 2679 Χαρίτωνα,
3244 2601 3291 2657 οἱ
3323 2600 3496 2659 αὐτῶν
3554 2601 3846 2659 ἐπίσκοποι

2172 2688 2504 2759 ἐπανήκουσι
2540 2734 2559 2764 ,
2645 2687 2844 2769 σφόδρα
2931 2687 3375 2770 διαταραχθέντες
3445 2689 3540 2746 καί
3610 2689 3843 2766 ἀπορίας

2173 2775 2621 2858 ἀναπλησθέντες,
2657 2775 2748 2834 ἕνα
2802 2779 2903 2855 γὰρ
2959 2775 3297 2856 προσεδόκων
3352 2784 3459 2835 τῶν
3509 2776 3604 2835 ὑπ’
3661 2781 3841 2838 αὐτῶν

2172 2864 2621 2945 προϐαλλομένων
2671 2867 2770 2934 τὴν
2829 2872 3006 2947 ψῇφον
3057 2865 3267 2947 Ααϐεϊν,
3309 2867 3457 2939 ὅμως
3515 2890 3838 2946 προσυπανο

2171 2962 2367 3021 τῶντες
2423 2955 2595 3014 θέουσι
2648 2954 2934 3032 πανδημεί·
2983 2955 3099 3032 μεθ’
3155 2959 3230 3014 ὧν
3274 2957 3487 3028 ἀπήντα
3542 2959 3685 3014 καὶὸ
3731 2962 3836 3026 τῆς

445 3048 704 3113 occurrit
733 3047 910 3109 etiam
941 3065 1163 3128 praises
1193 3046 1314 3123 ille,
1333 3047 1433 3128 qui
1459 3052 1884 3111 monasterium
1918 3049 2086 3110 innoc

2174 3045 2351 3104 ἐκεῖσε
2401 3047 2566 3124 μονῆς
2645 3047 3042 3128 ἀφηγούμενος,
3100 3047 3164 3114 ἣν
3215 3052 3312 3115 τῆς
3369 3049 3628 3125 παναγίου
3685 3053 3835 3124 Παρ-

443 3137 600 3200 centi
629 3136 856 3215 Virgini
890 3134 996 3198 Dei
1027 3136 1195 3198 Matri
1237 3137 1464 3217 primus
1507 3135 1630 3197 illic
1685 3148 2087 3218 nuncuparat.

2172 3137 2322 3193 θένου
2376 3138 2464 3194 καὶ
2522 3136 2859 3214 Θεομήτορος
2909 3135 3278 3212 ἕπιονόμαζον.
3333 3135 3484 3194 Οὕτω
3529 3137 3618 3193 σὺν
3674 3135 3830 3214 ὄχλῳ

438 3225 641 3309 Itaque
673 3224 958 3304 Gregorio
983 3231 1176 3288 navim
1205 3225 1533 3304 egredienti
1563 3224 1716 3286 obvii
1747 3243 1883 3286 cum
1915 3225 2091 3290 turba

442 3317 612 3380 fiunt.
646 3315 752 3377 Ille
784 3315 1001 3396 populo
1031 3314 1334 3377 silentium
1378 3332 1558 3376 manu
1590 3312 1890 3396 indicens,
1924 3315 2089 3396 posi-

443 3407 642 3488 tisque
667 3407 724 3469 in
752 3415 970 3468 terram
1002 3403 1496 3486 genibus,oravit,
1533 3421 1601 3466 ac
1633 3421 1767 3466 mox
1801 3404 2085 3485 templum

441 3497 714 3580 protinus
740 3494 906 3575 petit.

521 3584 749 3649 XXXV.
784 3585 1078 3646 Caeterum
1108 3582 1268 3646 inter
1297 3581 1723 3645 ambulandum
1759 3581 2086 3646 monachus

440 3675 680 3759 quidam
707 3691 911 3737 errore
932 3671 1147 3733 mentis
1168 3672 1433 3747 affectus,
1455 3671 1557 3753 qui
1587 3689 1699 3734 nec
1729 3670 1890 3751 loqui
1915 3681 2086 3752 pote-

437 3773 553 3842 rat,
587 3781 699 3826 nec
729 3762 960 3824 aurium
1006 3763 1249 3822 omnino
1305 3779 1519 3823 sensus
1579 3762 1876 3841 particeps
1935 3769 2083 3842 erat,

443 3853 677 3917 obviam
707 3851 795 3913 illi
826 3849 1145 3932 profectus,
1183 3850 1315 3931 ejus
1339 3849 1412 3912 ad
1447 3850 1630 3931 pedes
1652 3848 1986 3930 procubuit.
2012 3849 2088 3912 At

444 3958 664 4023 praeses
693 3937 1185 4021 procumbentem
1237 3938 1634 4020 propellebat,
1688 3956 1800 4001 nec
1851 3939 2087 4004 sinebat

442 4030 629 4114 pedes
644 4029 804 4090 illius
816 4027 1412 4107 contingere.Verum
1431 4047 1565 4090 cum
1589 4027 1908 4109 Gregorius
1927 4029 2086 4092 hunc

440 4137 817 4202 nequaquam
851 4135 1056 4180 arcere
1086 4136 1120 4178 a
1150 4135 1216 4179 se
1259 4118 1666 4199 praecepisset,
1698 4118 2089 4182 vehementer

442 4206 1328 4292 saepirans,commiserationis
1350 4207 1637 4289 lacrymas
1663 4207 2086 4288 profudit,ma—

441 4318 680 4382 nusque
705 4298 766 4362 in
795 4297 1013 4361 coelum
1042 4296 1362 4361 attollens:
1398 4295 1652 4361 Domine
1681 4299 1820 4361 Jesu
1854 4297 2087 4361 Christe

438 4391 708 4473 (inquit),
742 4391 896 4452 Deus
927 4395 1153 4468 noster,
1188 4387 1324 4450 caeli
1366 4395 1659 4467 terraeque
1690 4395 1942 4462 creator,
1984 4393 2085 4468 qui

2173 3223 2361 3290 ἔξιοττι
2445 3233 2539 3282 τοῦ
2603 3224 2795 3281 πλοίου
2865 3232 2942 3300 τῷ
3023 3227 3294 3306 Γρηγορίῳ
3355 3226 3452 3294 τὴν
3533 3226 3822 3290 ὑπάντησιν

2173 3314 2468 3373 ἐποιοῦντο.
2516 3324 2556 3372 0
2614 3311 2695 3394 δὲ,
2728 3315 2939 3382 σιωπὴν
2967 3321 3046 3389 τῷ
3092 3313 3207 3389 λαῷ
3264 3320 3332 3391 τῇ
3375 3315 3521 3395 χειρὶ
3549 3314 3816 3391 σημήνας,

2169 3403 2282 3468 θεῖς
2338 3404 2404 3459 τὰ
2458 3403 2658 3483 γόνατα
2712 3404 3082 3484 προσηύχετο,
3147 3405 3237 3461 καὶ
3307 3405 3443 3478 μετὰ
3498 3404 3597 3472 τὴν
3654 3402 3824 3482 εὐχὴν

2168 3492 2253 3549 ἐπὶ
2281 3494 2374 3550 τὸν
2405 3495 2529 3549 ναὸν
2559 3492 2862 3572 ἐπορεύετο,

2249 3581 2378 3644 ΔΕ’.
2436 3582 2528 3640 Ἐν
2555 3595 2600 3660 ψ
2645 3579 2700 3638 δὲ
2743 3583 2839 3651 τὴν
2884 3583 3099 3662 πορείαν
3159 3581 3425 3656 ἐποιεῖτο,
3460 3583 3704 3664 μοναχός
3737 3605 3824 3647 τις

2169 3673 2493 3751 παράφορος,
2547 3673 2686 3748 μήτε
2744 3670 2919 3752 λέγειν
2978 3671 3264 3749 δυνάμενος
3312 3675 3452 3748 μήτε
3508 3673 3618 3748 μὴς
3685 3671 3829 3736 ὅλως

2169 3761 2402 3836 ἀκούειν,
2462 3761 2928 3841 προσυπαντήσας,
2988 3776 3109 3826 τοῖς
3178 3761 3377 3820 ἐκείνου
3449 3765 3580 3819 ποσί
3649 3784 3832 3836 προσ-

2169 3851 2410 3914 έπιπτεν,
2479 3849 2539 3909 Ὀ
2617 3852 2714 3928 μὲν
2790 3851 2878 3909 οὖν
2955 3853 3251 3931 ἡγούμενος
3326 3849 3572 3908 διωθεῖτο
3655 3873 3834 3930 προσ-

2169 3941 2430 3998 πίπτοντα
2487 3941 2575 3998 καὶ
2630 3943 2723 3999 οὒκ
2773 3941 2863 3997 εἴα
2903 3947 3011 3998 τῶν
3057 3939 3231 3998 ποδῶν
3283 3938 3564 3998 ἅπτεσθαι⁶
3613 3942 3642 3998 ὁ
3686 3943 3834 4020 ἱερὸς

2169 4029 2225 4086 δὲ
2295 4031 2610 4109 Γρηγόριος,
2673 4028 2939 4106 μηδαμῶς
3009 4029 3278 4109 ἀπείργειν
3348 4029 3833 4110 ἐγκελευσάμενος,

2169 4119 2312 4200 μέγα
2367 4140 2425 4176 τε
2481 4119 2757 4194 στενάξας,
2819 4121 2906 4176 καὶ
2963 4121 3235 4184 συππαθές
3284 4120 3506 4198 ὲπαφεὶς
3576 4117 3834 4201 δακρυον,

2168 4211 2263 4275 τὰς
2317 4222 2511 4290 χεῖρας
2545 4230 2603 4266 τε
2660 4209 2789 4288 ἄρας
2836 4215 2910 4272 εἰς
2971 4209 3214 4288 οὐρανὸν,
3251 4209 3429 4287 Κύριε,
3463 4209 3645 4289 φησὶν.
3709 4209 3836 4277 Ἱη-

2170 4301 2264 4356 σοῦ
2315 4299 2531 4376 Χριστὲ,
2587 4299 2615 4355 ὁ
2681 4301 2811 4364 Θεὸς
2867 4300 3052 4375 ἡμῶν,
3096 4300 3124 4354 ὀ
3183 4299 3414 4369 ποιήσας
3457 4300 3547 4355 τὸν
3607 4300 3840 4378 οὐρανὸν

2167 4391 2255 4444 καὶ
2312 4388 2412 4456 τὴν
2473 4390 2600 4467 γῆν,
2641 4389 2668 4445 ό
2729 4388 2817 4446 ἐπὶ
2871 4395 2940 4466 τῇ
2997 4389 3254 4464 πορουσίᾳ
3285 4409 3378 4444 σου
3429 4392 3498 4464 τῇ
3527 4388 3650 4466 ἁγία
3705 4390 3839 4456 τοὺς

437 4483 710 4562 leprosos
739 4494 939 4540 coram
965 4476 1164 4538 divina
1193 4476 1508 4556 praesentia
1538 4483 1636 4538 tua
1666 4476 1910 4556 sanasti,
1944 4495 2083 4538 sur-

2172 4479 2390 4557 λεπροὺς
2471 4478 2757 4552 ἰασάμενος
2828 4480 2916 4536 καὶ
2973 4477 3085 4535 ὦτα
3164 4477 3468 4557 κωφεύοντα
3538 4473 3837 4552 διανοίξας,

439 4571 549 4633 das
572 4585 747 4630 aures
776 4564 1087 4648 aperuisti,
1117 4573 1310 4628 mutos
1344 4565 1560 4646 linguae
1595 4565 1924 4643 restituisti,
1957 4565 2087 4648 ipse

441 4661 601 4722 hunc
631 4675 868 4719 servum
903 4665 1068 4718 tuum
1102 4655 1447 4719 incredibili
1491 4663 1591 4718 tua
1622 4655 1891 4735 potentia
1917 4674 2083 4732 sana,

442 4758 510 4810 ut
538 4765 758 4810 nomen
791 4755 956 4808 tuum
989 4753 1262 4808 sanctum
1293 4745 1570 4807 laudibus
1601 4751 1890 4825 perpetuo
1920 4744 2088 4808 cele-

440 4837 596 4903 bret.
631 4839 728 4902 Sic
758 4835 928 4917 dixit,
955 4845 1013 4898 et
1032 4836 1472 4919 apprehensum
1499 4833 1856 4896 monachum
1880 4842 2086 4896 conte-

441 4930 578 4992 stim
611 4926 828 5008 erexit,
861 4943 952 5007 ac,
1007 4927 1073 4989 In
1105 4929 1348 4988 nomine
1373 4927 1515 4986 Jesu
1547 4921 1764 4986 Christi
1798 4923 1950 5003 (ait),
1985 4921 2088 5006 qui

442 5021 697 5088 daemoni
728 5017 908 5080 surdo
939 5035 1008 5079 ac
1040 5023 1224 5091 muto,
1260 5024 1324 5078 ut
1346 5013 1588 5097 proprio
1613 5012 1893 5092 ﬁgmento
1925 5033 2090 5095 egre-

438 5109 704 5185 deretur,
742 5106 1078 5188 imperavit,
1116 5105 1382 5186 perfecte
1413 5112 1472 5166 et
1502 5103 1753 5185 loquere
1813 5111 1874 5167 et
1921 5105 2084 5181 audi,

439 5201 753 5280 Deumque
783 5195 1160 5258 conditorem
1196 5203 1366 5256 tuum
1399 5190 1596 5254 lauda.
1629 5188 1897 5254 Necdum
1919 5194 2089 5273 loqui

440 5289 722 5362 desierat,
780 5304 914 5348 cum
955 5283 1112 5366 quod
1147 5286 1381 5365 petebat
1433 5281 1707 5344 effectum
1754 5289 1890 5360 est;
1949 5302 2088 5345 nam

439 5378 536 5440 cui
567 5386 743 5439 antea
771 5375 974 5455 lingua
1005 5374 1221 5455 vincta,
1252 5382 1312 5435 et
1341 5371 1581 5435 auditus
1601 5369 1842 5433 vitiatus
1871 5372 2084 5451 fuerat,

438 5468 698 5531 clamare
727 5467 942 5548 erepit:
976 5465 1187 5543 Magna
1216 5469 1376 5539 sunt,
1440 5459 1696 5536 Christe,
1752 5479 1934 5543 opera
1964 5471 2088 5545 tua,

439 5575 572 5638 quae
592 5574 699 5638 per
717 5547 877 5618 hunc
889 5554 1078 5617 virum
1091 5554 1315 5634 justum
1341 5547 1844 5614 edidisti.Deinde
1862 5552 2092 5616 addidit

437 5647 527 5710 vir
562 5653 842 5708 sanctus:
873 5642 1167 5718 Quantum
1202 5641 1454 5706 interest
1501 5639 1812 5719 temporis,
1867 5660 1942 5706 ex
1973 5661 2088 5726 quo

2168 4567 2262 4623 καί
2295 4565 2545 4646 γλώσσης
2603 4564 2826 4643 δεσμοὺς
2881 4564 3154 4642 διαλυσας,
3214 4567 3369 4632 αὗτος
3429 4567 3524 4622 καί
3575 4565 3665 4623 τὸν
3696 4562 3837 4627 δοῦ-

2168 4654 2263 4712 λόν
2306 4678 2400 4712 σο)
2459 4663 2665 4733 τοῦτον,
2700 4656 2913 4736 ἀοράτῳ
2965 4653 3182 4732 δυνάμει
3226 4659 3294 4732 τῇ
3352 4659 3422 4730 σῇ
3478 4653 3838 4733 θεράπευσον,

2169 4745 2262 4802 ’ίνα
2324 4742 2605 4817 δοξαζηταί
2662 4768 2756 4804 σου
2804 4744 2892 4801 άεί
2942 4746 3004 4802 τὸ
3067 4744 3329 4822 πανάγιον
3384 4742 3576 4819 ὄνομα.
3642 4741 3838 4810 Οὕτως

2171 4833 2296 4916 ἔφη,
2357 4837 2446 4892 καὶ
2497 4845 2590 4896 τοῦ
2637 4843 2883 4916 μοναχοῦ
2947 4832 3266 4915 λαϐόμενος,
3316 4831 3557 4900 ἀνίστησί
3611 4853 3670 4889 τε
3735 4837 3839 4893 εὖ-

2170 4925 2282 4998 θὺς,
2326 4925 2434 5001 καὶ,
2475 4923 2567 4983 Ἐν
2624 4933 2700 5000 τῷ
2751 4925 2973 5000 ὀνόματι
3033 4923 3209 4991 Ἰησοῦ
3260 4929 3506 5002 Χριστοῦ,
3537 4921 3703 5000 λέγει,
3733 4928 3840 4980 τοῦ

2171 5012 2511 5080 ἐπιτάξαντος
2570 5014 2646 5090 τῷ
2694 5015 2859 5096 κωφῷ
2909 5014 2999 5073 καὶ
3051 5010 3234 5087 ἀλάλῳ
3291 5009 3496 5089 δαίμονι
3555 5012 3648 5069 τοῦ
3695 5010 3838 5072 ἰδίου

2171 5103 2486 5181 πλάσματος
2543 5103 2795 5180 ἐξελθεῖν,
2828 5102 2980 5161 λάλει
3033 5102 3225 5183 ὀρθῶς,
3261 5099 3420 5159 ἄκουὲ
3471 5122 3531 5158 τε
3585 5102 3674 5160 καὶ
3723 5102 3839 5158 αἴ-

2173 5217 2248 5251 νει
2275 5196 2368 5250 τὸν
2411 5195 2713 5264 ποιήσαντά
2744 5215 2802 5250 σε
2849 5193 3004 5252 Θεόν.
3035 5191 3195 5250 Οὔπω
3231 5191 3384 5256 τέλος
3439 5190 3603 5272 εἶχεν
3634 5191 3662 5246 ὀ
3721 5188 3837 5248 λδ-

2170 5306 2288 5364 γος,
2325 5285 2411 5340 καὶ
2469 5287 2542 5348 εἷς
2601 5283 2754 5364 ἔργον
2802 5281 3056 5358 ἐξέϐαινε,
3091 5282 3181 5338 καὶ
3231 5281 3259 5336 ὀ
3304 5281 3484 5358 κωφὸς
3542 5281 3674 5358 βοᾷν
3719 5279 3838 5360 ἥρ-

2171 5372 2317 5455 ξατο,
2379 5371 2601 5452 Μεγάλα
2631 5395 2726 5431 σου
2781 5373 2847 5431 τὰ
2905 5371 3054 5451 ἔργα,
3119 5369 3333 5450 Χριστὲ,
3386 5370 3452 5427 τὰ
3510 5367 3565 5426 δὲ
3594 5367 3677 5427 διὰ
3732 5376 3841 5428 τοῦ

2170 5461 2372 5521 δικαίου
2426 5461 2573 5520 τοῦδε
2601 5462 2917 5540 τελούμενα.
2974 5462 3114 5520 Εἶτα
3169 5459 3412 5539 προσθεὶς
3455 5459 3488 5516 ὅ
3534 5457 3832 5538 μακάριος,

2171 5553 2342 5610 Πόσον
2392 5552 2531 5630 ἔτος,
2564 5555 2754 5632 φησὶν,
2787 5550 2876 5632 αφ’
2936 5550 2996 5609 οὗ
3052 5547 3322 5618 πεπέδητο
3363 5550 3401 5619 ἡ
3458 5549 3610 5632 φωνή
3648 5567 3665 5624 ;
3723 5551 3834 5608 Καὶ

2171 5643 2198 5700 δ
2257 5643 2426 5710 ἰαθεὶς
2477 5646 2777 5722 μεμνῆσθαι
2825 5641 2929 5723 ἔφη
2979 5638 3249 5720 μηδέποτε
3278 5639 3314 5710 ἢ
3373 5637 3590 5699 ἀκοῦσαι
3621 5637 3821 5721 φωνῆς
