4136 6438
444 365 562 438 235

1751 355 2033 432 MENSIS
2069 359 2510 435 NOVEMBER.

3702 351 3824 426 236

430 528 572 572 vero
604 508 909 591 exemplar
937 520 1070 570 sese
1099 505 1216 570 illis
1268 507 1398 569 vitae
1430 513 1606 569 recta;
1641 507 2070 569 constituendae

2167 506 2390 589 Ξέχεται.
2431 508 2534 586 Πρὸ
2565 505 2619 562 δὲ
2651 505 2850 562 τούτων
2897 504 3053 568 αὒτὸς
3099 503 3167 570 ἧν
3224 505 3410 567 αὖτοῖς
3471 499 3814 581 παράδειγμα

436 602 908 682 pulcherrimum
941 601 1068 682 ipse
1097 599 1433 681 praastahat,
1466 599 1552 662 sic
1577 600 1865 679 vivens,ut
1887 600 2075 661 oratio

434 692 710 774 superius
735 691 1036 765 indicavit,
1061 691 1325 770 seipsum
1351 697 1572 751 tantum
1598 689 2072 770 supereminens,

435 789 784 863 tantumque
813 779 1120 860 utriusque
1144 779 1274 841 vita;
1295 779 1554 842 medium
1577 786 2073 859 agens,quantum

436 870 550 932 sibi
584 888 687 951 per
716 868 1016 949 dignitatis
1047 867 1458 930 excellentiam
1493 867 1726 929 licebat.
1771 865 1907 928 Post
1953 868 2076 929 haec

436 960 611 1022 etiam
647 960 802 1021 viros
828 957 948 1019 illis
977 965 1100 1018 tum
1134 956 1498 1029 sacerdotes,
1533 963 1652 1017 tum
1706 956 2006 1029 diaconos,
2045 975 2078 1016 a

436 1047 649 1128 quibus
679 1047 876 1110 divina
907 1054 964 1108 et
993 1064 1124 1126 qua:
1153 1046 1307 1108 ultra
1329 1063 1440 1108 nos
1466 1054 1623 1122 sunt,
1653 1054 2079 1127 peragerentur

433 1137 924 1216 constituit,quos
944 1135 1032 1196 illi
1055 1135 1352 1198 intuentes
1370 1135 1814 1216 imitantesque,
1835 1135 1895 1196 in
1914 1136 2078 1197 viros

431 1226 646 1288 virtute
697 1225 1068 1287 clarissimos
1123 1225 1463 1288 evaderent.
1530 1223 1692 1288 Inter
1742 1226 1848 1286 hos
1879 1243 2078 1286 sacros

431 1316 591 1377 viros
611 1314 948 1396 complures
975 1313 1090 1374 viri
1115 1322 1458 1394 praestantes
1486 1314 1742 1390 fuerunt,
1770 1314 1830 1375 in
1864 1313 2079 1396 quibus

431 1403 734 1479 Erasmus,
788 1403 1127 1466 Platonicus
1181 1421 1251 1466 ac
1309 1401 1735 1485 Philadelphus
1785 1405 2079 1484 praecipue

432 1493 698 1555 illustres
722 1494 980 1570 nituere,
995 1492 1096 1574 qui
1119 1510 1252 1555 cum
1279 1492 1378 1555 illo
1402 1492 1726 1574 plurimum
1751 1501 2077 1568 versantes,

2158 597 2464 672 κάλλιστον,
2531 595 2670 653 οὕτω
2725 596 2870 671 βιοὺς
2935 596 3009 655 ὡς
3069 590 3353 671 προλαϐὼν
3415 590 3571 657 ἔδειξε
3629 590 3818 669 λόγος,

2161 686 2368 760 μᾶλλον
2423 685 2474 742 δὲ
2534 693 2783 742 τοσοῦτον
2842 681 3150 760 ὑπερϐαλὼν
3207 683 3394 738 ἑαυτὸν
3451 682 3538 738 καὶ
3569 689 3826 738 τοσοῦτον

2160 775 2324 840 δείξας
2387 775 2639 853 ἑκατέρου
2697 774 2812 850 βίου
2869 774 2930 828 τὸ
2981 773 3145 848 μέσον
3196 773 3320 829 ὅσον
3374 770 3439 837 ἦν
3483 772 3568 827 καὶ
3621 772 3683 826 τὸ
3717 775 3826 836 τῆς

2161 864 2305 929 ἀξίας
2363 863 2630 943 διάφορον.
2695 863 2845 921 Μετὰ
2894 860 2948 918 δὲ
2999 863 3198 920 τούτων
3251 863 3336 918 καὶ
3388 859 3576 939 ἄνδρας
3631 863 3824 921 αὖτοῖς

2160 952 2370 1031 ἐφίστη,
2407 954 2576 1030 ἱερέας
2609 973 2664 1008 τε
2714 953 2802 1008 καὶ
2833 949 3131 1025 διακόνους,
3187 953 3275 1006 καὶ
3324 955 3410 1014 οἷς
3466 951 3530 1006 τὰ
3588 950 3710 1005 θεῖά
3759 968 3824 1004 τε

2159 1043 2406 1121 καὶὺπὲρ
2437 1044 2578 1116 ἡμᾶς
2614 1041 2845 1115 ἀνεῖται,
2901 1033 3030 1118 πρὸς
3092 1043 3178 1104 οῦς
3233 1041 3476 1099 κάκεῖνοι
3529 1037 3824 1112 βλέποντες

2160 1133 2248 1189 καὶ
2307 1133 2613 1206 ζηλοῦντες,
2677 1131 2826 1210 ἄκροι
2886 1133 2985 1198 τὴν
3045 1131 3238 1207 ἀρετὴν
3285 1129 3510 1205 ἔμελλον
3539 1124 3828 1196 ἀποϐήσεν

2160 1225 2297 1280 σθαι.
2337 1223 2548 1280 Τούτων
2579 1228 2682 1278 τῶν
2713 1223 2864 1300 ἱερῶν
2924 1219 3124 1297 ἀνδρῶν
3172 1221 3261 1276 καὶ
3327 1218 3477 1276 ἄλλοι
3537 1218 3634 1293 μὲν
3689 1219 3828 1274 επι-

2161 1312 2352 1390 φανεῖς
2410 1311 2770 1385 κατέστησαν,
2833 1310 2886 1366 ἐν
2946 1314 3129 1374 αὐτοῖς
3189 1308 3243 1365 δὲ
3313 1309 3520 1372 τούτοις
3579 1307 3828 1382 μάλιστα

2161 1399 2426 1480 διαφανῶς
2483 1399 2808 1477 ἐξέλαμψαν,
2873 1400 3147 1478 Ἔρασμὸς
3207 1419 3265 1454 τε
3324 1400 3410 1454 καὶ
3473 1395 3827 1460 Πλατώνικος

2161 1493 2247 1546 καὶ
2277 1489 2624 1570 Φιλάδελφος,
2657 1490 2709 1548 οἵ
2745 1511 2804 1568 γε
2837 1493 2979 1562 αὐτῷ
3027 1492 3115 1545 καὶ
3165 1489 3230 1545 τὰ
3287 1487 3518 1544 πλεῖστα
3570 1487 3828 1550 συνόντες

433 1600 505 1644 ac
535 1585 668 1662 ejus
695 1583 895 1657 vitam,
930 1581 1123 1662 quoad
1179 1581 1313 1644 ﬁeri
1345 1589 1598 1662 poterat,
1630 1581 1983 1659 eiﬁngentes
2015 1601 2077 1644 ac

2167 1582 2251 1638 καὶ
2309 1580 2390 1645 εἵς
2454 1580 2578 1638 ὅσον
2640 1580 2762 1648 ἐνῆν
2819 1583 2910 1636 τὸν
2955 1580 3153 1636 ἐκείνου
3196 1579 3310 1655 βίον
3352 1577 3826 1653 ἀποματτόμενοι,

437 1673 865 1752 exprimentes,
887 1672 1150 1751 insignes
1174 1677 1239 1734 ut
1263 1670 1365 1751 qui
1391 1670 1644 1734 maxime
1664 1670 1821 1752 apud
1844 1689 2082 1734 omnem

435 1760 867 1842 rempublicam
901 1761 1035 1822 facti
1063 1770 1221 1824 sunt.
1245 1758 1383 1823 Haec
1415 1779 1558 1824 sane
1578 1760 2082 1842 quemadmodum

435 1851 845 1928 eXposuimus,
879 1850 960 1912 ita
992 1867 1056 1912 se
1085 1849 1405 1912 habebant.

516 1938 832 2003 XXXVIII.
866 1937 1185 2002 Nonnullis
1218 1946 1348 2021 post
1376 1939 1587 2002 diebus
1636 1959 1770 2002 cum
1816 1941 1887 2003 D.
1922 1939 2074 2003 Gre-

2165 1670 2549 1745 ὲπισημότατοι
2611 1671 2752 1748 παρὰ
2823 1669 2969 1745 πάσῃ
3039 1667 3285 1740 πολιτείᾳ
3359 1668 3639 1746 γεγὸνασι,
3718 1665 3830 1723 Καὶ

2164 1769 2331 1818 ταῦτα
2362 1760 2462 1836 μὲν
2495 1759 2659 1824 οὕτως
2696 1759 3008 1838 ἒπράττετο.

2245 1937 2386 2000 AB'.
2424 1938 2550 1993 Μεθ’
2608 1937 2808 2014 ἡμέρας
2865 1935 2918 1992 δέ
2949 1957 3096 2001 τινας
3150 1936 3250 2004 τὴν
3309 1934 3466 1993 πόλιν
3511 1942 3603 1992 τοῦ
3633 1956 3830 2011 μακα-

435 2028 637 2107 gorius
668 2028 966 2090 civitatem
1000 2027 1215 2105 obiret,
1250 2046 1368 2109 quo
1412 2029 1794 2093 miseratione
1836 2038 2077 2110 paterna

2167 2028 2279 2106 ρίου
2334 2028 2658 2105 περιιόντος,
2711 2025 2796 2106 ἐφ’
2853 2029 2898 2100 ᾧ
2954 2029 3074 2088 τούς
3118 2024 3171 2080 έν
3231 2027 3407 2090 νόσοις
3477 2023 3830 2104 σπλάγχνοις

437 2124 689 2198 aegrotos
718 2117 1017 2192 inviseret,
1053 2116 1168 2178 alia
1198 2116 1439 2198 quidem
1473 2136 1608 2180 cum
1645 2137 1919 2194 numero,
1957 2128 2077 2180 tum

2167 2130 2447 2196 πατρικοῖς
2520 2116 2928 2191 ἐπισκέψασθαι,
3003 2116 3090 2171 καὶ
3150 2114 3288 2172 ἄλλα
3359 2115 3456 2190 μὲν
3529 2115 3826 2171 τετέλεστο

436 2205 841 2285 magnitudine
855 2207 1102 2285 majora,
1124 2224 1300 2287 quam
1326 2214 1389 2268 ut
1410 2207 1597 2269 oratio
1623 2209 2077 2290 complectatur,

2167 2206 2432 2286 μεγαλεῖα
2489 2207 2710 2284 κρείττω
2767 2205 2928 2282 λόγω)
2982 2211 3059 2278 τῷ
3109 2225 3164 2260 τε
3221 2203 3413 2275 πλήθει
3473 2206 3560 2261 καὶ
3597 2211 3673 2279 τῷ
3701 2225 3822 2280 με-

437 2294 597 2358 edita
628 2304 788 2359 sunt.
817 2296 934 2360 Sed
968 2314 1176 2371 unum,
1231 2297 1392 2374 quod
1452 2298 1696 2362 auribus
1757 2302 1964 2362 vestris
1996 2309 2077 2362 est

2167 2297 2327 2376 γέθει,
2389 2297 2444 2352 ἓν
2500 2293 2553 2351 δὲ
2611 2294 2675 2362 δὴ
2734 2295 2822 2352 καὶ
2872 2293 3014 2368 τόδε,
3065 2295 3093 2350 ὃ
3129 2307 3252 2358 ταῖς
3289 2294 3566 2374 ὑμετέραις
3615 2294 3828 2358 ἀκοαῖς

437 2393 668 2464 gratum
694 2385 982 2462 futurum,
1017 2383 1355 2463 largiemur.
1404 2385 1659 2450 Sabinus
1681 2388 1918 2469 quidam
1944 2408 2077 2470 pre-

2167 2388 2482 2467 χαρίσομαι.
2574 2383 2802 2449 Σαϐῖνός
2886 2406 2967 2449 τις
3054 2381 3444 2462 πρεσϐύτερος,
3529 2385 3828 2463 θυγάτριον

440 2473 638 2554 shyter
669 2474 908 2537 ﬁliolam
942 2473 1245 2556 pulchram
1281 2475 1521 2556 quidem
1558 2495 1625 2542 ac
1657 2478 1828 2540 valde
1855 2479 2077 2558 gratio-

2167 2477 2309 2556 ’έχων
2339 2477 2437 2543 τὴν
2469 2476 2565 2551 μὲν
2595 2475 2734 2555 ὥραν
2767 2476 2855 2532 καὶ
2905 2475 3039 2531 πάνυ
3089 2473 3362 2552 λαμπρὰν,
3421 2475 3559 2549 νόσῳ
3601 2472 3655 2530 δὲ
3706 2471 3825 2542 ἤδη

440 2579 566 2624 sam
591 2563 816 2639 habuit,
844 2573 1122 2627 casterum
1152 2565 1361 2626 morbo
1384 2564 1669 2628 diuturno
1685 2567 1808 2646 jam
1833 2586 2077 2648 oppres-

2167 2567 2488 2643 παρειμένην
2547 2565 2759 2644 χρονίᾳ,
2823 2566 2907 2620 καὶ
2966 2561 3048 2642 ἐφ’
3109 2561 3253 2627 ὅλοις
3306 2563 3457 2618 Ἐννέα
3502 2563 3719 2642 χρόνοις
3749 2567 3824 2621 τὸ

440 2667 730 2732 sam,quae
751 2670 959 2715 novem
986 2652 1156 2714 anuis
1181 2671 1416 2716 movere
1433 2671 1497 2715 se
1515 2674 1815 2736 nunquam
1836 2658 2077 2720 omnino

2167 2652 2409 2733 παράπαν
2468 2658 2745 2721 κινηθῆναι
2805 2655 2884 2728 μὴ
2941 2651 3260 2732 δυναμένην,
3321 2651 3506 2720 ἐπειδὴ
3535 2654 3825 2731 περιιόντα

441 2747 739 2819 potuerat.
774 2740 827 2802 Is
859 2761 991 2803 cum
1024 2742 1262 2804 beatum
1297 2741 1488 2803 virum
1548 2762 1618 2806 ea
1670 2751 2077 2807 transeuntem

2167 2743 2380 2800 ἐπύθετο
2437 2746 2528 2799 τὸν
2583 2744 2865 2821 μακάριον,
2929 2741 3227 2821 ἐξαγαγὼν,
3287 2741 3400 2817 ἅμα
3459 2747 3527 2818 τῇ
3591 2747 3820 2821 γυναικὶ

439 2827 728 2906 audisset,
786 2829 945 2892 illam
995 2848 1113 2892 una
1143 2848 1277 2892 cum
1307 2849 1490 2893 uxore
1548 2833 1629 2896 uti
1687 2832 2076 2896 inanimatum

2167 2835 2238 2896 ὡς
2268 2835 2457 2912 φόρτον
2492 2834 2707 2911 ἄψυχον
2737 2833 2934 2898 ταύτην
2994 2834 3096 2910 πρὸ
3153 2838 3246 2888 τοῦ
3305 2829 3550 2896 πυλῶνος
3604 2833 3759 2890 ἐτίθει
3799 2853 3814 2868 ·

440 2919 735 2998 quoddam
766 2919 997 3000 pondus
1026 2926 1164 2982 ante
1193 2919 1547 2982 vestibulum
1595 2925 1886 3003 exposuit.
1918 2923 2077 3003 (Illac

2167 2923 2370 2980 ἐκεῖθεν
2427 2923 2526 3001 γὰρ
2587 2920 2777 2998 ἔμελλε
2835 2923 2921 2977 καὶ
2975 2924 3003 2978 ὁ
3065 2921 3235 2998 μέγας
3302 2919 3598 3000 διέρχεθαι.
3637 2913 3729 2987 Ὠς
3760 2920 3823 2979 δὲ

439 3007 599 3069 enim
657 3008 745 3069 vir
803 3027 1056 3089 magnus
1112 3009 1227 3071 iter
1276 3010 1539 3073 facturus
1588 3016 1759 3090 erat).
1793 3015 1914 3087 Quo
1944 3014 2077 3077 illuc

2167 3010 2230 3080 δὴ
2261 3016 2348 3069 καὶ
2378 3019 2455 3087 τῷ
2485 3015 2633 3086 τοπῷ
2684 3011 2929 3091 ἧγγιζον,
2979 3013 3014 3078 ἡ
3065 3012 3249 3089 μήτηρ
3309 3015 3406 3078 τῆς
3465 3012 3657 3091 κόρης,
3719 3016 3818 3069 οἷα

439 3105 776 3179 appetente,
811 3098 1024 3178 puellae
1072 3107 1261 3160 mater
1295 3099 1381 3179 (ut
1443 3119 1570 3162 mos
1622 3111 1710 3165 est
1769 3102 2077 3184 matribus]

2167 3101 2220 3158 δὲ
2275 3104 2340 3163 τὰ
2399 3100 2644 3178 μητέρων
2699 3103 2787 3157 καὶ
2844 3108 3008 3157 ταῦτα
3061 3103 3318 3179 θυγατρὸς
3391 3102 3640 3169 τοιαύτης
3708 3104 3813 3158 ἀν-

436 3194 571 3253 ﬁlim
589 3195 1010 3279 pulchritudine
1023 3212 1088 3254 ac
1107 3206 1263 3256 aetate
1286 3197 1548 3257 ﬂorentis
1568 3215 1765 3258 casum
1793 3203 2077 3271 miserata,

2167 3192 2358 3260 θούσης
2417 3192 2527 3269 ὥρᾳ
2585 3211 2642 3247 τε
2701 3192 2787 3248 καὶ
2840 3211 3048 3261 νεοτητι
3113 3189 3248 3250 πάνυ
3316 3191 3602 3268 περιπαθὲς
3671 3192 3809 3247 ἀνα·

438 3283 562 3337 tum
596 3278 984 3340 vehementer
1005 3279 1147 3338 ﬂere
1177 3297 1244 3339 ac
1275 3297 1806 3360 currere,seseque
1834 3282 2077 3362 hujusce

2167 3279 2458 3353 κλαύσασα,
2494 3280 2586 3336 καῗ
2631 3278 2921 3358 δραμοῦσα,
2971 3279 3166 3346 ἑαυτὴν
3215 3291 3332 3343 τοῖς
3393 3280 3572 3336 τούτου
3631 3301 3802 3358 προσ-

439 3365 624 3445 patris
652 3367 722 3427 ad
759 3367 941 3444 pedes
973 3367 1294 3446 projicere.
1333 3368 1439 3430 llle
1482 3369 1624 3449 quid
1657 3389 1805 3450 opus
1835 3359 2077 3434 haberet

2167 3370 2334 3447 ρίπτει
2365 3369 2540 3430 ποσίν.
2580 3359 2637 3426 ’0
2665 3366 2719 3425 δὲ
2749 3368 3020 3447 ἐρωτήσας
3053 3371 3113 3424 οὗ
3173 3365 3367 3444 δέοιτο,
3412 3370 3508 3424 καί
3564 3369 3660 3435 τὴν
3712 3369 3804 3424 αἱ-

440 3462 842 3536 percontatus,
905 3474 1139 3519 causam
1202 3456 1427 3530 didicit,
1475 3459 1722 3538 ejusque
1763 3479 1831 3521 ac
1875 3459 2077 3523 Sabini

2167 3459 2277 3515 τίαν
2345 3460 2524 3534 μιθών
2595 3459 2956 3536 κατοικτείρας
3027 3478 3084 3513 τε
3149 3458 3347 3526 ταύτην
3419 3459 3507 3514 καὶ
3577 3455 3812 3515 Σαϐῖνον

441 3541 831 3633 calamitatem
895 3545 1230 3621 miseratus,
1293 3547 1506 3626 positis
1559 3549 1807 3626 genibus
1867 3553 2076 3633 oravit,

2167 3553 2260 3615 τῆς
2318 3555 2612 3628 συμφορᾶς,
2671 3547 2785 3610 θεῖς
2838 3549 2904 3604 τὰ
2942 3546 3137 3626 γόνατα
3189 3545 3522 3625 προσηύξατο
3582 3546 3758 3626 λέγων
3799 3566 3816 3584 ⁸

440 3632 683 3695 dicens:
717 3633 967 3696 Domine
997 3638 1139 3697 Jesu
1170 3635 1427 3711 Christe,
1483 3639 1642 3701 Deus
1693 3648 1920 3717 noster,
1977 3632 2073 3718 ne,

2167 3639 2318 3716 Κύριε
2379 3637 2554 3705 Ἰησοῦ
2619 3637 2855 3718 Χριστὲ,
2896 3640 2923 3693 ὁ
2982 3637 3112 3700 Θεός
3166 3637 3346 3710 ἡμῶν,
3399 3634 3542 3693 ἔπιδε
3589 3639 3681 3694 καὶ
3723 3645 3820 3694 νῦν

431 3739 658 3811 (ιιιωεο,
690 3731 916 3784 avertas
948 3725 1151 3785 oculos
1183 3743 1215 3785 a
1243 3725 1519 3805 precibus
1550 3729 1704 3790 sersi
1728 3727 1833 3805 tui,
1864 3749 2077 3811 meque

2167 3729 2246 3785 επὶ
2277 3729 2376 3796 τὴν
2432 3729 2738 3808 προσευχὴν
2796 3734 2889 3784 τοῦ
2939 3725 3122 3784 δούλου
3183 3748 3299 3806 σου,
3370 3728 3456 3782 καὶ
3515 3726 3820 3784 ἐπάκουσὸν

431 3810 612 3873 hodie
644 3811 929 3873 humilem
956 3814 1197 3887 exaudi,
1233 3824 1413 3894 atque
1446 3816 1596 3878 hanc
1619 3819 1869 3897 puellam
1894 3810 2077 3899 gratia

2167 3841 2262 3895 μου
2292 3826 2383 3876 τοῦ
2417 3826 2674 3875 ταπεινοῦ
2719 3818 2973 3895 σήμερον,
3036 3817 3124 3872 καὶ
3183 3815 3463 3891 ἰπίσκεψαι
3514 3816 3609 3884 τὴν
3637 3815 3818 3873 παῖδα

429 3917 500 3961 ac
532 3902 796 3980 potentia
825 3901 910 3963 tui
941 3903 1124 3964 sancti
1178 3902 1436 3983 Spiritus
1467 3906 1700 3985 erigens
1732 3909 1939 3972 invise.
1974 3911 2077 3973 His

2167 3910 2356 3976 ταύτην
2388 3908 2690 3977 ἀναστήσας
2745 3908 2908 3974 αὐτὴν
2966 3911 3032 3982 τῇ
3090 3906 3271 3984 χάριτι
3331 3908 3417 3961 καὶ
3472 3903 3686 3982 δυνάμει
3716 3915 3820 3965 τοῦ

433 3988 916 4078 dictis,surrexit,
950 4011 1016 4054 ac
1038 3991 1205 4071 signo
1232 3994 1424 4055 crucis
1451 3997 1701 4074 puellam
1728 3998 2072 4078 obsignans,

2167 4000 2417 4076 παναγίου
2472 4018 2565 4054 σου
2623 3996 2952 4071 Πνεύματος.
3014 4002 3188 4052 Ταῦτα
3259 3995 3421 4051 εἰπὼν
3481 3995 3565 4050 καὶ
3621 3992 3814 4053 διανα-

429 4075 495 4138 In
529 4080 770 4170 uomine
799 4079 938 4143 Jesu
972 4081 1190 4144 Christi
1222 4084 1340 4162 (ait)
1376 4102 1654 4164 exsurge,
1686 4095 1744 4148 et
1781 4075 2077 4170 sta'super

2167 4088 2284 4152 στὰς
2320 4075 2416 4160 τῷ
2473 4087 2681 4159 σημείῳ
2737 4091 2828 4142 τοῦ
2885 4090 3106 4160 σταυροῦ
3154 4085 3424 4163 σφραγίζει
3473 4087 3571 4151 τὴν
3617 4085 3811 4166 κόρην,

430 4167 618 4255 pedes
645 4178 797 4234 tuos.
833 4171 971 4234 Haec
1005 4171 1101 4232 ille
1133 4171 1300 4252 dixit,
1336 4183 1393 4234 et
1419 4174 1615 4254 puella
1642 4178 1908 4255 protinus
1938 4167 2075 4241 sur-

2167 4177 2246 4231 καὶ
2276 4173 2331 4228 ἰν
2387 4181 2464 4248 τῷ
2518 4174 2736 4248 ὀνόματι
2798 4175 2890 4230 τοῦ
2941 4179 3166 4250 Χριστοῦ
3206 4172 3376 4251 λέγει·
3415 4192 3446 4231 (
3481 4172 3691 4251 Ἔγειρε
3719 4175 3812 4230 καὶ

425 4253 599 4331 rexit,
633 4265 810 4337 atque
860 4258 1191 4336 singulares
1241 4253 1565 4324 immortali
1619 4253 1740 4326 Deo
1803 4267 2073 4329 universi

2167 4261 2308 4330 ετῆθι
2367 4263 2452 4318 ἐπὶ
2509 4263 2630 4326 τοὺς
2687 4259 2851 4325 πόδας
2901 4284 3015 4325 σου.
3052 4285 3076 4320 ι
3113 4261 3294 4326 Οὕτως
3325 4265 3352 4318 ὁ
3385 4262 3481 4338 μὲν
3512 4264 3667 4318 εἶπεν
3699 4278 3714 4295 ⁸
3771 4265 3808 4332 ἡ

425 4345 643 4420 gratias
657 4356 929 4425 egerunt;
949 4347 1152 4410 aderat
1179 4350 1336 4411 enim
1355 4361 1569 4414 cuncta
1590 4353 1845 4416 civitatis
1867 4357 2073 4419 multi-

2167 4350 2210 4406 δὲ
2240 4351 2517 4432 ἀνιστατο,
2547 4353 2634 4408 καὶ
2685 4352 2994 4432 εὐχαριστία
3054 4358 3198 4408 πᾶσα
3254 4358 3330 4426 τῷ
3389 4359 3506 4426 Θεῷ
3562 4351 3808 4426 ἂνεπέμ-

425 4433 592 4525 tudo,
627 4453 764 4510 qua:
795 4436 981 4498 virum
1017 4448 1282 4500 sanctum
1319 4441 1392 4502 ob
1425 4459 1494 4502 ea
1524 4461 1652 4522 quae
1682 4445 1754 4504 ab
1786 4444 1914 4525 ipso
1961 4449 2069 4507 {ie-

2167 4461 2308 4503 ιτετο.
2340 4429 2437 4499 Ἠν
2467 4429 2566 4520 γαρ
2595 4442 2655 4497 τὸ
2687 4429 2889 4508 πληθος
2948 4441 3091 4498 ἅπαν
3131 4441 3239 4509 τῆς
3297 4442 3508 4506 πόλεως
3541 4443 3809 4517 ἑπόμενον

424 4519 588 4636 ham,
625 4525 1040 4636 admiratione,
1074 4537 1136 4590 ut
1167 4545 1272 4607 par
1323 4540 1473 4630 erat,
1505 4519 1827 4610 perculsa,-
1860 4553 2074 4616 seque-

2167 4535 2231 4604 τῷ
2260 4531 2418 4610 ἁγίῳ,
2463 4519 2550 4586 καῖ
2593 4543 2712 4594 τοῖς
2759 4529 2847 4586 ὑπ’
2909 4533 3065 4588 αὐτοῦ
3123 4531 3447 4608 γινομένοις,
3507 4533 3582 4595 ὡς
3633 4531 3810 4608 εἰκὸς,

426 4609 623 4702 batur.
651 4613 917 4695 Cumque
941 4615 1272 4678 universam
1307 4609 1604 4682 civitatein
1629 4609 2064 4702 pertransisset,

2167 4609 2611 4695 εκπληττόμενον.
2676 4626 2853 4676 Πᾶσαν
2902 4619 2956 4675 δὲ
3015 4621 3118 4688 τὴν
3165 4620 3324 4678 πόλιν
3356 4619 3667 4698 περιελθὼν,
3713 4626 3816 4679 καὶ

425 4700 846 4795 omnibusque,
881 4724 1011 4784 quae
1039 4707 1155 4767 illis
1189 4709 1329 4794 usui
1356 4719 1576 4785 essent,
1630 4700 2065 4795 'prOSpexisset,

2167 4714 2283 4765 πᾶσι
2315 4709 2379 4764 τὰ
2409 4712 2540 4789 πρὸς
2583 4711 2682 4777 τὴν
2741 4710 2926 4790 χρείαν
2968 4712 3360 4791 παρεσχηκὼς,
3425 4711 3498 4774 εἷς
3552 4711 3652 4778 τὴν
3702 4709 3814 4766 έκ-

425 4788 498 4882 ad
528 4791 872 4882 ecclesiam,
909 4813 1040 4856 cum
1079 4792 1479 4861 ecclesiastico
1531 4788 1685 4862 coetu
1716 4788 2063 4867 revertitur}

2167 4797 2380 4866 ιλησίαν
2436 4788 2605 4874 αὖθις,
2667 4788 2872 4876 σύναμα
2926 4804 3004 4874 τῷ
3051 4788 3258 4878 κλήρῳ
3321 4802 3475 4857 παντὶ
3534 4801 3813 4882 επάνεισι,

424 4875 762 4969 divinisque
794 4885 1046 4962 peractis
1077 4885 1408 4963 sacriﬁciis,
1435 4888 1836 4952 ecclesiastico
1863 4893 2063 4968 cmtui,

2167 4889 2238 4945 ιαῖ
2296 4890 2394 4957 τὴν
2451 4890 2590 4946 θείαν
2648 4875 2973 4968 λειτουργίαν
3043 4875 3377 4969 mutem,
3451 4893 3527 4964 τῷ
3592 4875 3812 4958 ἐκκληέ

422 4967 618 5062 viduis
673 4989 741 5062 ac
803 4973 1042 5054 pupillis
1094 4975 1379 5039 omnibus
1427 4996 1692 5040 mensam
1741 4967 2063 5062 apposuit;

2167 4983 2411 5050 τιαστικῷ
2489 4998 2545 5034 τε
2628 4967 2968 5057 κληρώματι,
3030 4980 3116 5035 καὶ
3185 4967 3382 5058 χήραις
3455 4979 3650 5042 πάσαις
3709 4981 3810 5036 καὶ

421 5058 639 5148 quibus
669 5060 822 5140 ipse,
857 5064 955 5124 vili
987 5065 1257 5126 accintus
1291 5085 1507 5147 panno,
1544 5089 1660 5130 una
1709 5058 1844 5131 cum
1878 5072 2067 5134 tribus

2167 5068 2404 5148 Ξρφανοῖς
2472 5066 2734 5144 τραπέζας
2793 5069 3060 5146 παραθεὶς,
3122 5071 3282 5132 αὐτὸς
3340 5065 3576 5136 διηκόνει
3635 5067 3812 5144 ῥάκος

418 5147 708 5243 diaconis,
741 5151 819 5243 de
855 5152 1072 5243 quibus
1108 5157 1470 5217 mentionem
1507 5157 2062 5243 fecirnus,Flrasnio,

2167 5147 2495 5233 ἰιεζωσμένος
2556 5155 2666 5232 ἅμα
2723 5169 2840 5220 τοῖς
2912 5160 3333 5232 μνημονευθεῖσι
3406 5159 3543 5234 τρισὶ
3614 5155 3812 5213 διακό-

418 5237 812 5330 _I_’_hiladelpho
839 5230 896 5303 et
919 5241 1241 5322 Platonico,
1273 5246 1667 5309 ministrabat.
1693 5230 1896 5330 Neque
1916 5230 2064 5312 tere;

2167 5269 2282 5323 νοις,
2342 5230 2617 5325 Ἕράσμῳ,
2675 5230 2991 5326 Φιλαδέλίρω
3031 5230 3132 5303 καὶ
3189 5268 3264 5318 τῳ
3316 5230 3664 5318 Πλατωνίκῳ.
3724 5250 3809 5302 οδ

417 5325 575 5426 illius
605 5337 795 5390 mater
823 5330 894 5393 ab
922 5332 1214 5409 ejusmodi
1250 5336 1580 5398 ministerio
1611 5325 1818 5400 aberat
1850 5363 1864 5417 ;
1920 5341 2062 5420 quin

2167 5337 2254 5403 ιὴν
2310 5335 2425 5392 οὒδὲ
2482 5338 2518 5403 ἡ
2577 5336 2759 5412 μήτηρ
2831 5325 2988 5395 αὐτοῦ
3056 5341 3154 5404 τῆς
3223 5337 3472 5403 τοιαύτης
3543 5333 3802 5413 ἔργασίας

413 5421 545 5506 ipsa
579 5437 696 5478 una
728 5438 861 5481 cum
895 5421 1150 5504 ancillis,
1206 5435 1495 5506 quotquot
1540 5427 1810 5506 aderant,
1873 5429 2064 5493 viduis

2167 5424 2568 5505 ιπελιμπᾶνετο,
2625 5424 2763 5480 ἀλλὰ
2815 5427 2906 5481 diu
2964 5429 3097 5502 αὖτῇ
3157 5427 3242 5482 καὶ
3299 5425 3421 5483 ὅσαι
3475 5428 3580 5481 τῶν
3632 5429 3802 5503 θερα-

413 5505 605 5582 pedes
628 5507 860 5601 illarum
879 5510 1234 5601 _lavando,ac
1252 5505 1430 5576 omne
1453 5517 1684 5596 pietatis
1707 5518 2058 5601 obsequium

2167 5515 2396 5572 ταινίδων
2452 5517 2698 5594 ὒπῆρχον
2769 5529 2891 5580 ταῖς
2956 5517 3156 5596 χήραις
3228 5513 3638 5595 ἐξυπηρετοῦντο
3719 5535 3801 5568 νι-

414 5597 777 5688 praestando,
813 5599 1248 5662 ministrabant.
1274 5601 1339 5664 In
1365 5605 1478 5666 hoc
1507 5615 1704 5669 autem
1740 5597 2060 5688 Gregorius

2167 5606 2371 5665 ττουσαί
2429 5626 2486 5662 τε
2537 5607 2658 5669 τοὺς
2718 5603 2884 5670 πόδας
2934 5609 3129 5688 αὐτῶν,
3167 5607 3256 5665 καὶ
3287 5606 3385 5674 τὴν
3416 5604 3583 5669 ἄλλην
3617 5607 3799 5659 πᾶσαν

411 5682 816 5768 incumbebat,
854 5698 920 5752 ut
980 5692 1166 5753 sacris
1213 5691 1486 5756 initiatos
1527 5703 1651 5759 tum
1729 5699 1800 5760 ad
1860 5654 2055 5766 iivirtu-

2167 5654 2882 5779 [εξζτζξὶανῖτρέᾶᾇρέροῦἆᾷἷῖ
2931 5654 3130 5778 ἧξᾗῶ
3169 5654 3256 5755 ἓξ
3283 5654 3798 5779 ᾖξ”τᾷ”’ὗέη’ἧᾉρὶζ,ζ
