4136 6424
300 353 423 427 237

1356 350 1542 432 ‘VITA
1586 369 1645 432 s.
1691 367 2063 436 GREGORII
2104 355 2646 440 AGRIGENTINI.

3572 379 3690 447 238

301 503 426 566 τοὺς
473 506 569 558 τοῦ
604 499 811 592 κλήρου
861 485 1123 592 ῥυθμίζειν
1179 504 1309 582 πρὸς
1359 501 1553 582 ἀρετὴν
1598 505 1662 562 τὰ
1715 508 1836 563 θεῖά
1893 529 1950 565 τε

2040 514 2177 588 tem,
2233 515 2356 570 tum
2414 509 2488 570 ad
2535 509 2776 592 eloquia
2821 509 3024 573 divina
3077 511 3442 589 meditanda,
3489 515 3690 578 infor-

299 589 728 667 παρασκευάζειν
783 589 1076 665 ἑκμελετᾷν
1131 591 1311 670 λόγια,
1362 594 1450 650 καὶ
1493 595 1566 658 ὡς
1619 595 1738 652 οἷόν
1783 618 1840 653 τε
1870 599 1960 654 τὸν

305 679 422 735 νοῦν
459 681 634 736 αὐτῶν
666 679 1011 738 ἀναπτύσσειν
1023 728 1035 742 .

385 767 524 829 ΔΘ’.
604 766 739 826 Δλλ’
807 769 927 826 ἐπεὶ
986 769 1234 828 ἀδύνατον
1313 771 1379 838 ἧν
1449 771 1585 829 οὕτω
1654 772 1957 853 φιλοπόνως

303 856 555 933 μετιόντα
627 860 726 927 τὴν
795 860 1014 937 ἀρετὴν,
1087 861 1178 916 τὸν
1246 870 1340 920 τοῦ
1408 885 1641 940 πονηρου
1709 863 1955 940 δαίμονος

299 950 491 1023 φθόνον
552 946 858 1029 διαφυγεῖν,
889 950 1002 1027 ὥρα
1056 957 1141 1006 νῦν
1189 949 1420 1016 ἐξειπεῖν
1479 951 1619 1016 οἵοις
1652 957 1954 1032 περιπίπτει

298 1050 652 1114 πειρασμοῖς.
699 1035 928 1102 Ζαόἷνος
988 1040 1088 1116 γὰρ
1145 1040 1230 1095 καὶ
1291 1049 1686 1118 Κρισκεντῖνος,
1723 1045 1811 1106 οὒς
1865 1047 1954 1100 καὶ

304 1126 331 1180 ὃ
389 1125 549 1203 λόγος
597 1127 800 1206 φθάσας
859 1125 1130 1196 ἐδήλωσεν
1183 1129 1284 1184 ὑπὸ
1312 1131 1409 1185 τοῦ
1458 1129 1692 1201 πλήθους
1723 1133 1797 1195 εἷς
1854 1135 1952 1201 τὴν

304 1213 604 1281 ὶπισκοπήν
666 1213 1094 1294 προϐιϐάζεσθαι,
1155 1218 1299 1274 οὗτοι
1363 1217 1449 1274 ἐπὶ
1507 1221 1568 1275 τὸ
1639 1222 1767 1279 αὐτὸ
1823 1243 1950 1277 συν-

301 1302 567 1378 ἐλθόντες,
619 1307 709 1360 καὶ
758 1306 831 1367 εἰς
891 1303 1180 1388 συμϐάσεις
1230 1306 1603 1386 χωρὴσαντες,
1637 1308 1803 1366 πάλαι
1855 1313 1954 1388 γὰρ

293 1389 542 1472 διάᾳιροι
601 1395 1044 1468 καθειστήκεσαν,
1106 1379 1270 1458 Ἕωῖ
1301 1379 1432 1453 πότε
1491 1397 1682 1477 ἡμεῖς,
1745 1379 1950 1478 ἔλεγον,

292 1479 753 1556 ὁποταγησομεθα
811 1488 887 1555 τῷ
954 1486 1112 1559 γόητι
1178 1484 1344 1558 τούτῳ
1403 1485 1490 1541 καὶ
1547 1489 1833 1565 φαρμακῶ,
1896 1489 1953 1552 ὃς

296 1569 551 1646 μαγείαις
609 1567 723 1646 ἅμα
777 1571 870 1627 καὶ
924 1573 1185 1649 τεθτρείας
1254 1573 1432 1646 ἓξιστᾷ
1487 1575 1606 1640 τοὺς
1677 1577 1958 1643 εὔηθεστέ-

302 1677 423 1732 ρους
494 1660 603 1713 τῶν
675 1657 859 1732 ξένων,
933 1659 1081 1726 ὅπως
1150 1660 1512 1742 διαπεφεδγὼς
1583 1670 1688 1720 τῶν
1759 1663 1957 1722 ἐνθένδε

307 1747 467 1822 μάγῳ
529 1749 632 1804 τινὶ
701 1749 1006 1828 παρέμεινε,
1058 1749 1304 1807 κάκεῖθεν
1364 1757 1539 1808 πᾶσαν
1603 1756 1958 1834 κακοτεχνίαν

315 1833 626 1910 ἒξήντλησε,
692 1835 906 1895 πλανῶν
978 1839 1100 1901 τοὺς
1173 1838 1501 1919 ἀνθρώπους,
1579 1845 1671 1898 οἶα
1744 1841 1798 1898 δὲ
1832 1833 1837 1834 ν
1869 1847 1956 1900 καὶ

321 1923 503 1998 Σέμων
554 1923 744 1991 ἱκεῖνος
787 1923 991 2000 δαίμων
1048 1926 1392 2008 ὲξανθρώπων
1436 1930 1742 2006 γενόμενος.
1798 1921 1950 2010 Ὀρᾳς

319 2011 423 2089 γὰρ
453 2014 528 2076 ὡς
572 2013 672 2070 οὔθ’
701 2012 835 2076 ὅλως
879 2013 1062 2096 ἐσθίει,
1088 2015 1203 2074 οὔτε
1248 2019 1410 2094 πίνει,
1443 2019 1470 2073 ὃ
1513 2017 1609 2074 καΐ
1668 2023 1714 2076 οἱ
1759 2017 1948 2095 δαίμο-

311 2121 400 2164 νες
451 2101 644 2177 κομιδῆ
696 2113 960 2183 ποιοῦσι;
1009 2113 1183 2164 Ταῦτα
1239 2108 1368 2186 πρὸς
1398 2105 1662 2178 ἀλλήλους
1714 2110 1949 2176 εἰπόντες

299 2188 802 2268 προσλαμϐάνονται
864 2191 983 2269 μεθ’
1043 2195 1241 2252 ἑαυτῶν
1296 2197 1384 2253 καὶ
1439 2203 1534 2255 τοῦ
1590 2195 1790 2277 κλήρου
1863 2222 1950 2256 τι-

295 2280 416 2342 νάς·
478 2281 824 2338 ὑποσπῶνται
867 2279 922 2337 δὲ
973 2285 1059 2342 καὶ
1101 2291 1195 2342 τοῦ
1224 2283 1355 2341 λαοῦ
1401 2283 1560 2365 μὲρος
1604 2288 1698 2344 οὐκ
1746 2287 1949 2368 ὀλίγον,

298 2371 388 2424 καὶ
458 2368 643 2447 ὅρκοις
716 2369 984 2440 ἀλλήλους
1060 2371 1590 2450 κατεμπεδώσαντες,
1663 2373 1834 2452 δρᾶμά
1903 2401 1954 2434 τι

308 2460 682 2530 συσκεάζονται
725 2465 825 2526 τῆς
855 2468 949 2518 τοῦ
997 2464 1344 2528 κεκινηκοτός
1392 2463 1579 2526 αὐτοὺς
1610 2465 1739 2542 πρὸς
1794 2467 1958 2524 ταῦτα

311 2550 658 2628 κακοτεχνίας
733 2547 967 2614 ἐπάξιον.
1031 2549 1344 2626 ’Λκολιίστῳ
1409 2553 1508 2630 γάρ
1576 2577 1679 2610 τινι
1753 2559 1958 2633 γυναικὶ

305 2637 705 2715 προσελθόντες,
763 2640 859 2707 τήν
904 2639 1046 2719 ὥραν
1103 2639 1442 2721 περικαλλεῖ,
1487 2642 1718 2719 τοῦνομα
1789 2644 1955 2702 Εὔδο-

298 2729 438 2802 κίαν,
505 2729 600 2784 καὶ
668 2729 868 2796 ταύτην
925 2731 1202 2808 χρήμασιν
1259 2730 1658 2807 ἀναπείσαντες,
1705 2741 1801 2812 φεῦ
1855 2740 1949 2802 τῆς

294 2815 626 2882 ἀναιδείαςί
703 2820 796 2874 τοῦ
860 2819 1153 2875 ἐπισκόπου
1222 2819 1504 2876 κατειπεῖν
1571 2822 1950 2900 ἀναγκάζουσιν

297 2906 366 2969 ὣς
427 2904 531 2983 ἄρα
591 2905 690 2973 εἴη
748 2908 912 2974 αὐτὴν
969 2906 1240 2985 ἐγνωκώς,
1289 2899 1381 2967 Ὠς
1441 2911 1530 2965 οὖν
1584 2899 1813 2987 ἤρτυσαν
1854 2917 1953 2980 τὴν

303 2991 614 3074 ἰπιόουλὴν,
664 2995 879 3066 ἐζήτουν
923 2998 1106 3073 καιρὸν
1164 2997 1282 3053 καθ’
1341 2998 1398 3053 ὃν
1441 2996 1505 3054 ἂν
1563 2998 1698 3055 εἴσω
1757 3001 1952 3068 ταύτην

301 3083 595 3163 παραϐύσαι
659 3095 755 3144 τοῦ
822 3086 1166 3143 ἐπισκοπείου
1219 3079 1560 3156 δυνήσονται,
1620 3087 1792 3168 ’Ὥραν
1862 3091 1951 3146 οὖν

293 3171 620 3249 φυλάξαντες
693 3173 811 3232 καθ’
866 3177 933 3242 ἣν
1009 3179 1037 3232 ὁ
1103 3175 1271 3254 μέγας
1331 3177 1508 3250 μέσων
1578 3178 1780 3234 νύκτων
1840 3177 1950 3255 ἅμα

2047 605 2258 672 maret,
2312 616 2642 679 eorumque
2693 617 2929 680 sensus,
2976 618 3154 681 quam
3204 602 3692 666 commodissime

2043 691 2266 762 posset,
2302 685 2646 764 explicaret.

2119 769 2384 836 XXXIX.
2408 774 2523 836 Sed
2539 773 2776 855 quando
2801 773 2930 836 ﬁeri
2957 793 3074 838 non
3095 785 3316 859 potest,
3333 797 3691 861 quemquam

2044 865 2159 919 tam
2195 861 2402 922 sedulo
2427 863 2703 926 virtutem
2739 864 3164 945 consectari,ut
3188 867 3377 928 hostis
3401 867 3694 931 daemonis

2042 945 2302 1011 declinet
2323 951 2636 1026 invidiam,
2664 952 2843 1014 instat
2874 972 3054 1034 nunc,
3090 963 3174 1033 ut,
3201 973 3335 1036 qua:
3359 955 3528 1018 illum
3557 965 3691 1018 ten-

2044 1038 2300 1100 tationes
2360 1039 2710 1114 invaserint,
2775 1060 3233 1122 persequamur.
3294 1043 3553 1106 Sabinus
3624 1064 3694 1108 ac

2040 1125 2489 1209 Crescentinus,
2513 1149 2664 1210 quos
2686 1131 2962 1210 superius
2991 1150 3025 1193 a
3049 1132 3431 1194 multitudine
3462 1134 3694 1214 episco-

2038 1235 2146 1296 pos
2174 1217 2518 1298 designatos
2541 1219 2729 1283 fuisse
2752 1221 3690 1303 demonstravimus,ambo,inito

2037 1304 2283 1381 fcedere,
2322 1307 2666 1386 conspirant
2697 1308 2818 1385 (diu
2875 1308 3034 1371 enim
3067 1317 3304 1372 mutuas
3353 1310 3692 1373 simultates

2037 1395 2397 1475 gesserant).
2431 1395 2752 1479 Quousque
2782 1416 2891 1460 nos
2927 1397 3254 1480 (dicentes)
3288 1401 3427 1461 huic
3460 1399 3690 1481 impos-

2040 1483 2155 1544 tori
2207 1493 2386 1565 atque
2422 1487 2686 1548 veneﬁco
2742 1487 3160 1565 subjiciemnr,
3200 1487 3305 1564 qui
3351 1487 3573 1566 ignaris
3619 1509 3692 1552 ac

2045 1573 2515 1652 simplicioribus
2563 1575 2910 1638 hominibus
2943 1576 3403 1638 admirationem
3460 1579 3692 1657 praesti-

2039 1660 2152 1739 giis
2173 1681 2237 1723 ac
2257 1661 2334 1723 im
2346 1665 2606 1743 posturis
2629 1665 2888 1727 excitat?
2908 1669 3000 1728 An
3023 1665 3371 1744 ignoramus
3394 1666 3690 1743 quemad-

2042 1750 2282 1812 modum
2310 1753 2448 1815 hinc
2477 1754 2776 1833 effugerit,
2803 1764 2861 1816 et
2884 1773 3019 1816 cum
3052 1754 3308 1834 quodam
3336 1773 3504 1835 mago
3529 1774 3694 1819 man-

2040 1840 2208 1914 serit,
2243 1860 2276 1902 a
2329 1861 2447 1922 quo
2480 1844 2765 1906 nefariam
2820 1845 2976 1906 hanc
3026 1853 3084 1904 et
3114 1842 3445 1906 maleﬁcam
3500 1855 3690 1907 artem

2037 1929 2254 2005 hausit,
2319 1951 2433 2011 qua
2492 1932 2838 1994 hominibus
2905 1931 3095 1994 instar
3166 1931 3430 1995 Simonis
3500 1933 3684 2011 illius,

2035 2018 2267 2080 daemon
2294 2037 2362 2080 ex
2389 2020 2739 2084 hominibus
2763 2022 2977 2096 factus,
3007 2020 3289 2101 imponit?
3309 2019 3439 2083 Non
3462 2022 3685 2100 cernis,

2033 2117 2098 2168 ut
2123 2125 2319 2185 neque
2348 2109 2592 2171 omnino
2615 2111 2910 2186 comedat,
2935 2127 3130 2189 neque
3160 2108 3348 2184 bibat,
3374 2109 3531 2190 quod
3561 2109 3685 2172 dae-

2037 2214 2247 2258 mones
2277 2197 2535 2260 subinde
2559 2198 2812 2262 faciunt?
2841 2199 2980 2261 Haec
3009 2198 3168 2261 inter
3190 2216 3256 2260 se
3279 2199 3688 2280 commentati,

2038 2302 2240 2347 secum
2273 2288 2452 2349 etiam
2485 2288 2740 2361 clericos
2771 2286 3060 2369 quosdam
3098 2287 3425 2362 asciscunt,
3457 2295 3518 2349 et
3569 2305 3689 2348 non

2038 2377 2305 2455 exiguam
2335 2378 2538 2458 populi
2573 2389 2806 2459 partem
2832 2377 3200 2450 convellunt,
3235 2377 3416 2440 ﬁdem
3439 2377 3596 2439 inter
3626 2394 3691 2438 se

2033 2466 2462 2546 jusjurandum
2488 2467 2993 2550 dant,captiosum
3021 2467 3692 2547 ﬁgmcntnm,arte,qnm

2040 2553 2115 2615 ad
2147 2557 2261 2617 hoc
2293 2555 2428 2617 illos
2452 2554 3126 2638 impellebat,insidiosa
3153 2553 3398 2634 dignum
3432 2556 3690 2617 commi-

2040 2642 2379 2706 niscuntur.
2417 2647 2568 2708 Nam
2603 2644 2916 2707 mulierem
2949 2643 3266 2725 quamdam
3300 2642 3690 2724 impudicam,

2039 2731 2301 2813 alioquin
2323 2732 3122 2814 pulchritudineinsignem,
3147 2729 3691 2792 Eudociamnomi-

2039 2822 2728 2902 ne,conveniunt:quam
2751 2822 3007 2904 pecunia
3038 2829 3379 2900 corruptam
3405 2820 3696 2883 inducunt

2038 2917 2244 2971 contra
2263 2910 2794 2992 episcopum(proh
2809 2908 3256 2993 pudor!)palam
3280 2926 3563 2970 sesecurn
3580 2907 3682 2969 illo

2037 2998 2438 3061 concubuisse
2460 2999 2872 3063 testimonium
2897 2998 3128 3073 dicere;
3151 2996 3250 3077 qui
3272 3014 3406 3059 cum
3437 2995 3688 3076 perﬁdia

2037 3098 2096 3149 et
2127 3088 2300 3168 plena
2331 3086 2571 3152 subdoli
2591 3108 2656 3151 ac
2681 3088 2904 3150 versuti
2932 3085 3118 3149 animi
3137 3084 3388 3148 consilia
3413 3083 3690 3148 institue-

2033 3185 2196 3252 runt,
2240 3185 2540 3254 quatenus
2590 3183 2650 3239 in
2682 3177 3032 3258 episcopum
3086 3175 3247 3236 illam
3285 3172 3680 3236 insinuarent.

285 3279 406 3329 τοῖς
470 3267 656 3344 τρισῖν
715 3265 936 3330 ἱκείνοις
981 3266 1328 3331 οἰκειοτάτοις
1388 3272 1494 3324 τῶν
1560 3264 1816 3326 διακόνων
1878 3271 1948 3332 εἰς

2040 3265 2233 3339 Quare
2265 3275 2501 3348 tempus
2533 3265 2874 3342 observant,
2909 3283 3027 3345 quo
3057 3264 3150 3326 vir
3180 3281 3431 3342 magnus
3475 3262 3686 3326 mediis

285 3357 382 3412 τὸν
439 3357 574 3411 ναὸν
631 3355 845 3434 κατῄει,
906 3356 999 3419 τὰς
1075 3357 1312 3425 συνήθεις
1383 3354 1702 3414 ἐπιτελέσων
1760 3358 1947 3438 εὐχάς.

288 3442 381 3502 Ἐν
438 3446 610 3520 ταύτῃ
669 3442 735 3509 δὴ
783 3443 1060 3524 χρήμασιν
1118 3447 1164 3502 οἱ
1203 3441 1470 3503 ἐπίϐουλοι
1529 3447 1651 3510 τοὺς
1693 3449 1951 3526 θυρωροὺς

297 3535 702 3613 ὒποφθείραντες
735 3582 752 3609 ,
829 3533 1127 3613 εἰσάγουσιν
1201 3536 1273 3598 είς
1362 3535 1454 3592 τὸν
1537 3534 1630 3592 τοῦ
1714 3535 1951 3616 μεγάλου

307 3625 641 3704 κοιτωνὶσκον
697 3625 798 3690 τὴν
853 3624 1046 3704 κόρην,
1105 3625 1191 3680 καὶ
1247 3622 1302 3681 ἐν
1358 3625 1524 3703 γωνίᾳ
1586 3627 1771 3682 ἱστῶσι
1825 3632 1946 3703 μιᾷ.

315 3701 379 3768 Ὀ
439 3708 518 3785 δέ,
548 3709 651 3768 Emi
693 3713 786 3778 τὰς
836 3701 1164 3792 εόχὰςῆδη
1209 3701 1493 3788 τελέσειεν,
1557 3713 1708 3790 ἀνῄει
1762 3701 1835 3772 τε
1877 3718 1949 3780 εἷς

313 3798 474 3854 αὐτὸν
533 3801 613 3855 καὶ
635 3798 834 3875 βιϐλίον
892 3800 979 3858 ἐπὶ
1009 3813 1202 3879 χεῖρας
1260 3800 1439 3878 λαβὼν
1482 3803 1575 3859 τὸν
1621 3803 1735 3879 βίον
1779 3826 1952 3882 προσ-

309 3889 550 3968 εχόντως
579 3887 709 3966 διῄει
767 3894 860 3948 τοῦ
916 3889 1117 3948 πολλοῦ
1168 3893 1258 3948 τόν
1287 3912 1344 3948 τε
1403 3889 1566 3971 λόγον
1615 3893 1700 3949 καὶ
1731 3895 1948 3972 τρόπον,

300 3977 549 4039 Ἰωάννου
575 3987 667 4036 τοῦ
697 3981 1073 4059 Χρυσοστόμου
1101 3981 1261 4061 φημί,

376 4161 475 4220 Μ’,
556 4147 619 4214 Ἠ
687 4154 740 4212 8‘s
809 4155 876 4226 δὴ
942 4158 1079 4239 κόρη
1135 4161 1207 4226 είς
1264 4157 1428 4218 ὕπνον
1497 4159 1612 4238 ἄρτι
1679 4182 1947 4242 κατενεχ-

289 4251 452 4304 θεῖσα
502 4247 692 4324 βαθυν,
723 4245 829 4305 οὔτ’
876 4249 1056 4316 εκείνη
1106 4251 1196 4307 τὸν
1242 4251 1412 4330 μέγαν
1441 4247 1724 4308 ἀνελθόντα
1781 4256 1948 4320 συνῆ-

288 4359 407 4400 κεν,
470 4337 605 4396 Οὔτε
664 4338 820 4396 πάλιν
880 4337 1032 4404 αὐτὸς
1091 4339 1189 4407 τὴν
1242 4340 1407 4420 κόρην
1466 4339 1628 4415 ἑώρα,
1659 4339 1824 4398 Πόθεν
1885 4339 1947 4399 ἂν

283 4428 377 4484 καὶ
438 4427 755 4484 ὑπώπτευσε
814 4429 1016 4508 καθαρᾷ
1067 4430 1285 4506 τοιαύτῃ
1337 4433 1492 4509 ψυχῇ
1519 4431 1608 4486 καὶ
1665 4431 1943 4511 παρθένος,

285 4515 675 4592 κρυπτομένην
730 4517 803 4581 ὡς
849 4518 965 4574 οἷόν
1021 4541 1078 4576 τε
1126 4523 1213 4577 καὶ
1257 4517 1530 4575 διαλαθεῖν
1587 4517 1944 4596 βουλομένην,

2036 3354 2312 3416 noctibus
2357 3374 2474 3416 una
2507 3373 2640 3417 cum
2673 3355 2944 3417 diaconis
2998 3353 3116 3415 illis
3149 3353 3338 3415 tribus
3369 3350 3482 3413 sibi
3511 3350 3682 3413 fami-

2034 3444 2367 3506 liarissimis
2391 3445 2452 3506 in
2470 3445 2756 3526 templum
2775 3444 2842 3506 ad
2859 3452 3174 3506 consuetas
3197 3459 3406 3522 preces
3428 3443 3686 3504 descen-

2033 3535 2178 3596 dere
2225 3533 2480 3596 solebat.
2517 3533 2907 3596 Insidiatores
2962 3533 3204 3595 interim
3239 3530 3516 3612 pecunia,
3550 3550 3685 3593 cum

2029 3622 2384 3702 ianitoribus
2406 3624 2821 3705 pasciscuntur
2846 3630 2908 3683 ut
2939 3623 3198 3703 puellam
3232 3621 3294 3682 in
3325 3620 3546 3682 lectum
3574 3621 3686 3681 viri

2036 3714 2231 3792 magni
2264 3712 2623 3774 submittere
2655 3713 2854 3792 liceat,
2887 3721 2948 3774 et
2979 3711 3109 3792 ipse
3139 3710 3199 3770 in
3233 3707 3454 3788 angulo
3484 3713 3684 3771 consi-

2037 3801 2209 3865 dunt.
2245 3800 2375 3878 Ille,
2409 3801 2622 3864 solutis
2673 3801 2975 3882 precibus,
3010 3799 3356 3862 cubiculum
3403 3797 3568 3877 petit,
3605 3798 3682 3859 li-

2036 3889 2333 3970 brumque
2368 3909 2547 3952 manu
2581 3891 2986 3970 prehendens,
3012 3888 3189 3950 vitam
3219 3887 3466 3950 Joannis
3496 3886 3684 3968 Chry-

2031 3979 2300 4056 sostom‘i,
2339 3987 2402 4041 ut
2457 3978 2601 4041 clari
2636 3978 2876 4055 litteris,
2913 3978 2994 4039 ita
3039 3975 3306 4039 moribus
3338 3987 3394 4038 et
3443 3974 3684 4055 ingenio

2031 4069 2306 4144 maximi,
2339 4067 2754 4132 attendissime
2786 4066 3108 4148 percurrit.

2110 4159 2236 4224 XL.
2271 4157 2458 4220 Porro
2494 4156 2693 4238 puella
2725 4155 3061 4219 arctissimo
3093 4153 3268 4236 paulo
3297 4166 3438 4215 ante
3475 4172 3686 4216 somno

2032 4248 2300 4324 detenta,
2336 4265 2531 4327 neque
2565 4246 2694 4327 ipsa
2725 4247 2917 4308 virum
2951 4261 3230 4324 magnum
3259 4243 3684 4306 ascendentem

2031 4336 2238 4414 sensit,
2275 4355 2472 4418 neque
2523 4353 2730 4396 rursus
2774 4336 2902 4416 ipse
2956 4332 3215 4415 puellam
3273 4330 3437 4392 vidit.
3489 4327 3682 4406 Unde,

2031 4423 2309 4502 obsecro,
2341 4425 2546 4486 isthaac
2607 4425 2900 4485 innocens
2933 4432 2991 4485 et
3052 4418 3434 4482 immaculata
3483 4418 3682 4480 anima

2031 4515 2325 4595 suspicari
2355 4514 2567 4576 habuit
2599 4513 2858 4594 puellam
2893 4521 3074 4594 prout
3103 4518 3334 4592 poterat
3364 4507 3681 4584 occultari,

292 4597 304 4610 .
449 4606 468 4625 ,
578 4609 601 4627 ν
710 4606 735 4624 η
953 4609 966 4626 ,
1070 4610 1080 4623 ,
1689 4608 1703 4627 ε

309 4616 350 4666 Ο
403 4628 508 4684 μεν
541 4628 633 4664 ουν
681 4628 816 4666 ουτω
846 4630 980 4686 μετα
1029 4631 1129 4676 την
1176 4609 1472 4688 ἀνάγνωσιν
1521 4606 1606 4666 ἐπὶ
1651 4629 1743 4675 τας
1789 4610 1946 4667 ἑωθι-

2040 4613 2094 4667 et
2122 4604 2410 4667 libentem
2444 4603 2569 4666 illic
2601 4605 2856 4666 latenter
2904 4601 3238 4681 conjec-tam
3273 4617 3338 4660 se
3368 4598 3624 4660 voluisse
3655 4603 3682 4660 ?

292 4698 385 4761 νὰς
445 4697 642 4774 καθῄει
689 4698 848 4756 πάλιν
914 4697 1076 4772 ᾠόἀςο
1138 4699 1251 4756 ἐπεὶ
1310 4698 1364 4755 δὲ
1407 4699 1496 4754 καὶ
1552 4699 1745 4764 ταύτας
1805 4697 1952 4769 πλή-

292 4789 473 4866 ρώσας
525 4788 682 4863 ἆνῄει
726 4789 933 4866 σύναμα
964 4795 1040 4862 τῷ
1090 4788 1272 4868 κλήρῳ
1300 4789 1458 4846 παντὶ
1513 4789 1601 4844 καὶ
1653 4802 1771 4854 τοῖς
1829 4811 1954 4845 συν-

296 4879 511 4934 ελθοῦσι
585 4884 679 4934 τοῦ
747 4879 1007 4953 πλήθους,
1067 4878 1192 4935 εἶτα
1261 4879 1349 4934 καὶ
1417 4890 1698 4957 παραινεῖν
1771 4881 1956 4940 αὺτοῖς

301 4962 496 5045 ἤρξατο
555 4968 621 5025 τὰ
678 4970 944 5050 σωτήρια,
985 4971 1074 5026 καὶ
1127 4968 1341 5045 ἕτοιμος
1399 4966 1463 5035 ἦν
1515 4969 1602 5022 καὶ
1647 4971 1798 5024 θείων
1856 4965 1954 5024 λο-

305 5058 429 5134 γίων
475 5057 776 5138 ἀναγνώσει
833 5061 928 5124 τὰς
986 5059 1199 5116 ἐκείνων
1266 5060 1454 5137 θρέψαι
1510 5057 1714 5138 ψυχᾶς,
1779 5056 1958 5134 ὥσπερ

305 5146 502 5206 εἴθιστο
551 5148 669 5207 καθ’
728 5151 970 5216 ἐκαστην
1024 5161 1224 5228 ποιεῖν,
1260 5148 1445 5205 αὐτίκα
1505 5151 1552 5205 οἱ
1610 5149 1727 5227 περὶ
1790 5156 1955 5225 Κρισ-

301 5251 556 5318 κεντῐνον,
604 5243 808 5322 θηρ’ων
863 5237 1018 5307 δίκην
1073 5238 1270 5319 ἀγρίων
1323 5236 1468 5296 ἔνδον
1523 5236 1953 5301 συνεισπεσόντες

295 5327 393 5396 τῆς
458 5355 512 5391 τε
561 5337 730 5418 νόρης
791 5325 1312 5418 ἐπιλαμϐάνονταιΚ
1338 5327 1427 5385 καὶ
1485 5329 1560 5392 εἰς
1631 5328 1692 5382 τὸ
1748 5324 1951 5394 πλῆθος

296 5416 537 5512 iam“,
593 5411 737 5508 βοῆς
799 5424 926 5512 ἅμα
1005 5419 1092 5474 καὶ
1159 5411 1374 5496 θορύϐου
1439 5418 1526 5475 καὶ
1581 5414 1828 5496 ταραχῆς
1887 5417 1952 5473 τὰ

292 5502 441 5580 πάντα
487 5502 860 5605 πληροῦντες.
906 5502 974 5568 ὀ
1019 5507 1283 5605 ἀρελγὴς,
1314 5509 1342 5563 ὃ
1374 5507 1670 5605 ἐναγὴς,ὁ
1717 5505 1947 5605 ᾅγάξυδς.

285 5605 324 5663 οξ
371 5617 538 5694 μιαροὶ
733 5610 896 5678 ὄντι,
940 5598 1086 5694 κατα
1116 5605 1234 5694 ¹τοῦ
1286 5596 1482 5694 σφόδρα
1517 5599 1761 5694 *καθαροῦ
1816 5596 1950 5694 κρά-

273 5683 473 5793 ζοντες,
507 5709 591 5767 καὶ
641 5683 794 5784 ’ἅμα
863 5715 964 5768 τῳ
1018 5684 1208 5757 πλήθει
1268 5689 1361 5757 τὴν
1413 5690 1621 5768 ἑταίραν
1693 5683 1950 5766 παραδει-

2040 4694 2150 4757 llle
2179 4694 2361 4774 igitur
2391 4701 2525 4775 post
2549 4693 2865 4756 lectionem
2895 4691 2968 4754 ad
3002 4688 3318 4752 matutinas
3363 4688 3570 4750 laudes
3600 4690 3687 4750 ire

2039 4783 2373 4864 contendit,
2408 4781 2624 4863 quibus
2655 4779 2927 4863 expletis,
2964 4799 3082 4842 una
3129 4797 3264 4840 cum
3302 4776 3468 4839 omni
3518 4795 3686 4839 sacro

2040 4874 2274 4949 ordine,
2308 4891 2377 4935 ac
2406 4873 2539 4934 aliis
2561 4891 2627 4934 ex
2654 4870 2874 4953 populo
2897 4869 3318 4932 comitantibus
3349 4867 3683 4929 revertitur.

2041 4961 2191 5025 Tum
2251 4961 2475 5024 hortari
2526 4961 2684 5041 illos,
2719 4978 2786 5022 ac
2849 4959 3131 5023 salutaria
3181 4975 3430 5020 monere
3487 4958 3686 5038 coepit,

2041 5051 2313 5133 illudque
2355 5049 2686 5127 laborabat,
2721 5058 2806 5130 ut,
2840 5048 3000 5131 quod
3045 5047 3296 5125 singulis
3325 5046 3451 5108 fere
3476 5045 3691 5109 diebus

2039 5161 2216 5222 agere
2242 5147 2874 5216 consueverat,eorum
2898 5139 3131 5200 animos
3155 5137 3488 5199 divinarum
3512 5135 3690 5198 Litte-

2035 5249 2238 5294 rarum
2262 5230 2518 5293 lectione
2533 5230 2990 5292 reﬁceret.Tum
3009 5224 3486 5291 Crescentiniani
3502 5224 3692 5288 instar

2035 5322 2296 5384 terarum
2329 5319 2650 5400 agrestium
2700 5319 3021 5394 irruentes,
3058 5317 3313 5398 puellam
3367 5314 3688 5395 arripiunt,

2037 5429 2292 5490 eamque
2317 5427 2516 5474 coram
2543 5408 2761 5490 populo
2783 5415 3070 5481 statuunt,
3097 5404 3690 5480 clamore,turbatio-

2038 5519 2138 5575 ne,
2167 5519 2234 5562 ac
2260 5499 2514 5562 tumultu
2540 5499 2738 5560 omnia
2767 5497 3022 5580 implent
3059 5517 3074 5558 :
3112 5497 3413 5577 Improbe,
3440 5499 3694 5557 sceleste

2037 5609 2107 5654 ac
2127 5587 2641 5671 exsecrabilis,qui
2670 5606 2808 5650 vere
2835 5587 3050 5650 nefarii
3071 5593 3475 5662 erant,contra
3496 5584 3690 5652 virum

2038 5681 2286 5747 omnino
2331 5689 2600 5744 sanctum
2659 5678 3081 5756 vociferantes,
3119 5676 3267 5740 nihil
3318 5676 3513 5738 minus
3559 5687 3693 5735 sese
