  <div class='ocr_page' id='page_1' title='image "/cluster/home/n/w/nwhite01/storage/ocr_20150623/116:no.3/coo.31924054870203/127.png"; bbox 0 0 4136 6444; ppageno 0'>
   <div class='ocr_carea' id='block_1_1' title="bbox 447 419 570 490">
    <p class='ocr_par' dir='ltr' id='par_1_1' title="bbox 447 419 570 490">
     <span class='ocr_line' id='line_1_1' title="bbox 447 419 570 490; baseline -0.016 0"><span class='ocrx_word' id='word_1_1' title='bbox 447 419 570 490; x_wconf 80' lang='lat'>239</span> 
     </span>
    </p>
   </div>
   <div class='ocr_carea' id='block_1_2' title="bbox 1757 403 2522 487">
    <p class='ocr_par' dir='ltr' id='par_1_2' title="bbox 1757 403 2522 487">
     <span class='ocr_line' id='line_1_2' title="bbox 1757 403 2522 487; baseline -0.01 0"><span class='ocrx_word' id='word_1_2' title='bbox 1757 409 2036 487; x_wconf 83' lang='lat' dir='ltr'><strong>MENSIS</strong></span> <span class='ocrx_word' id='word_1_3' title='bbox 2077 403 2522 486; x_wconf 75' lang='lat' dir='ltr'><strong>NOVEMBER.</strong></span> 
     </span>
    </p>
   </div>
   <div class='ocr_carea' id='block_1_3' title="bbox 3710 394 3826 476">
    <p class='ocr_par' dir='ltr' id='par_1_3' title="bbox 3710 394 3826 476">
     <span class='ocr_line' id='line_1_3' title="bbox 3710 394 3826 476; baseline 0.009 -1"><span class='ocrx_word' id='word_1_4' title='bbox 3710 394 3826 476; x_wconf 56' lang='lat'><strong>2&#39;40</strong></span> 
     </span>
    </p>
   </div>
   <div class='ocr_carea' id='block_1_4' title="bbox 453 545 2116 633">
    <p class='ocr_par' dir='ltr' id='par_1_4' title="bbox 453 554 2116 633">
     <span class='ocr_line' id='line_1_4' title="bbox 453 554 2116 633; baseline -0.002 -11"><span class='ocrx_word' id='word_1_5' title='bbox 453 555 819 622; x_wconf 78' lang='lat' dir='ltr'><strong>multitudini</strong></span> <span class='ocrx_word' id='word_1_6' title='bbox 850 555 1265 620; x_wconf 81' lang='lat' dir='ltr'><strong>ostendebant.</strong></span> <span class='ocrx_word' id='word_1_7' title='bbox 1297 556 1508 619; x_wconf 85' lang='lat' dir='ltr'><strong>Caeteri</strong></span> <span class='ocrx_word' id='word_1_8' title='bbox 1533 557 1674 619; x_wconf 91' lang='lat' dir='ltr'><strong>talia</strong></span> <span class='ocrx_word' id='word_1_9' title='bbox 1694 554 2088 633; x_wconf 88' lang='lat' dir='ltr'><strong>videntes,ad-</strong></span> <span class='ocrx_word' id='word_1_10' title='bbox 2115 606 2116 610; x_wconf 56' lang='grc' dir='ltr'><strong>η</strong></span> 
     </span>
    </p>
   </div>
   <div class='ocr_carea' id='block_1_5' title="bbox 2203 545 3824 633">
    <p class='ocr_par' dir='ltr' id='par_1_5' title="bbox 2203 545 3824 627">
     <span class='ocr_line' id='line_1_5' title="bbox 2203 545 3824 627; baseline -0.004 -16"><span class='ocrx_word' id='word_1_11' title='bbox 2203 555 2412 617; x_wconf 67' lang='grc' dir='ltr'>ινύντες,</span> <span class='ocrx_word' id='word_1_12' title='bbox 2466 562 2525 610; x_wconf 86' lang='lat' dir='ltr'><strong>0t</strong></span> <span class='ocrx_word' id='word_1_13' title='bbox 2580 549 2635 608; x_wconf 81' lang='grc' dir='ltr'><strong>δέ</strong></span> <span class='ocrx_word' id='word_1_14' title='bbox 2684 560 2846 610; x_wconf 80' lang='grc' dir='ltr'>ταῦτα</span> <span class='ocrx_word' id='word_1_15' title='bbox 2903 550 3132 620; x_wconf 72' lang='grc' dir='ltr'>ὁρῶντες</span> <span class='ocrx_word' id='word_1_16' title='bbox 3183 545 3434 617; x_wconf 71' lang='grc' dir='ltr'>ἐκπλήξει</span> <span class='ocrx_word' id='word_1_17' title='bbox 3478 568 3535 604; x_wconf 85' lang='grc' dir='ltr'><strong>τε</strong></span> <span class='ocrx_word' id='word_1_18' title='bbox 3584 545 3824 627; x_wconf 70' lang='grc' dir='ltr'>εἴχοντο,</span> 
     </span>
    </p>
   </div>
   <div class='ocr_carea' id='block_1_6' title="bbox 456 636 2116 726">
    <p class='ocr_par' dir='ltr' id='par_1_6' title="bbox 456 646 2108 726">
     <span class='ocr_line' id='line_1_6' title="bbox 456 646 2108 726; baseline -0.003 -15"><span class='ocrx_word' id='word_1_19' title='bbox 456 649 775 711; x_wconf 88' lang='lat' dir='ltr'><strong>miratione</strong></span> <span class='ocrx_word' id='word_1_20' title='bbox 797 666 863 709; x_wconf 92' lang='lat' dir='ltr'><strong>ac</strong></span> <span class='ocrx_word' id='word_1_21' title='bbox 885 647 1251 708; x_wconf 77' lang='lat' dir='ltr'><strong>dubitatione</strong></span> <span class='ocrx_word' id='word_1_22' title='bbox 1278 646 1942 726; x_wconf 87' lang='lat' dir='ltr'><strong>percellebantur.Nam</strong></span> <span class='ocrx_word' id='word_1_23' title='bbox 1972 665 2108 707; x_wconf 85' lang='lat' dir='ltr'><strong>mu-</strong></span> 
     </span>
    </p>
   </div>
   <div class='ocr_carea' id='block_1_7' title="bbox 2203 636 3829 726">
    <p class='ocr_par' dir='ltr' id='par_1_7' title="bbox 2203 636 3829 720">
     <span class='ocr_line' id='line_1_7' title="bbox 2203 636 3829 720; baseline -0.004 -20"><span class='ocrx_word' id='word_1_24' title='bbox 2203 648 2288 709; x_wconf 77' lang='grc' dir='ltr'><strong>ιὴν</strong></span> <span class='ocrx_word' id='word_1_25' title='bbox 2347 643 2444 718; x_wconf 77' lang='grc' dir='ltr'><strong>μὲν</strong></span> <span class='ocrx_word' id='word_1_26' title='bbox 2502 641 2709 720; x_wconf 74' lang='grc' dir='ltr'>φαύλην</span> <span class='ocrx_word' id='word_1_27' title='bbox 2762 640 2966 706; x_wconf 65' lang='grc' dir='ltr'>ἐκείνην</span> <span class='ocrx_word' id='word_1_28' title='bbox 3018 651 3246 717; x_wconf 75' lang='grc' dir='ltr'>γυναῖκα</span> <span class='ocrx_word' id='word_1_29' title='bbox 3305 636 3440 694; x_wconf 80' lang='grc' dir='ltr'>εἵσω</span> <span class='ocrx_word' id='word_1_30' title='bbox 3488 637 3579 694; x_wconf 70' lang='grc' dir='ltr'>τοῦ</span> <span class='ocrx_word' id='word_1_31' title='bbox 3634 657 3829 694; x_wconf 85' lang='grc' dir='ltr'>κοιτω-</span> 
     </span>
    </p>
   </div>
   <div class='ocr_carea' id='block_1_8' title="bbox 456 736 2105 814">
    <p class='ocr_par' dir='ltr' id='par_1_8' title="bbox 456 736 2105 814">
     <span class='ocr_line' id='line_1_8' title="bbox 456 736 2105 814; baseline -0.004 -14"><span class='ocrx_word' id='word_1_32' title='bbox 456 738 667 800; x_wconf 91' lang='lat' dir='ltr'><strong>lierem</strong></span> <span class='ocrx_word' id='word_1_33' title='bbox 699 737 861 799; x_wconf 88' lang='lat' dir='ltr'><strong>illam</strong></span> <span class='ocrx_word' id='word_1_34' title='bbox 887 737 1156 799; x_wconf 84' lang='lat' dir='ltr'><strong>vitiosam</strong></span> <span class='ocrx_word' id='word_1_35' title='bbox 1185 737 1340 798; x_wconf 86' lang='lat' dir='ltr'><strong>intra</strong></span> <span class='ocrx_word' id='word_1_36' title='bbox 1370 736 1714 797; x_wconf 89' lang='lat' dir='ltr'><strong>cubiculum</strong></span> <span class='ocrx_word' id='word_1_37' title='bbox 1746 743 2105 814; x_wconf 64' lang='lat' dir='ltr'><strong>praesentem</strong></span> 
     </span>
    </p>
   </div>
   <div class='ocr_carea' id='block_1_9' title="bbox 458 822 2108 904">
    <p class='ocr_par' dir='ltr' id='par_1_9' title="bbox 458 822 2108 904">
     <span class='ocr_line' id='line_1_9' title="bbox 458 822 2108 904; baseline -0.004 -16"><span class='ocrx_word' id='word_1_38' title='bbox 458 825 835 888; x_wconf 85' lang='lat' dir='ltr'><strong>cernebant:</strong></span> <span class='ocrx_word' id='word_1_39' title='bbox 899 823 1074 886; x_wconf 86' lang='lat' dir='ltr'><strong>vitam</strong></span> <span class='ocrx_word' id='word_1_40' title='bbox 1128 842 1265 886; x_wconf 92' lang='lat' dir='ltr'><strong>vero</strong></span> <span class='ocrx_word' id='word_1_41' title='bbox 1319 843 1389 886; x_wconf 87' lang='lat' dir='ltr'><strong>ac</strong></span> <span class='ocrx_word' id='word_1_42' title='bbox 1441 843 1637 886; x_wconf 90' lang='lat' dir='ltr'><strong>mores</strong></span> <span class='ocrx_word' id='word_1_43' title='bbox 1681 825 1788 885; x_wconf 85' lang='lat' dir='ltr'><strong>viri</strong></span> <span class='ocrx_word' id='word_1_44' title='bbox 1840 822 2108 904; x_wconf 81' lang='lat' dir='ltr'><strong>praeclari</strong></span> 
     </span>
    </p>
   </div>
   <div class='ocr_carea' id='block_1_10' title="bbox 458 911 2107 992">
    <p class='ocr_par' dir='ltr' id='par_1_10' title="bbox 458 911 2107 992">
     <span class='ocr_line' id='line_1_10' title="bbox 458 911 2107 992; baseline -0.001 -16"><span class='ocrx_word' id='word_1_45' title='bbox 458 914 801 992; x_wconf 87' lang='lat' dir='ltr'><strong>hujusmodi</strong></span> <span class='ocrx_word' id='word_1_46' title='bbox 831 911 1267 991; x_wconf 85' lang='lat' dir='ltr'><strong>suspicionibus</strong></span> <span class='ocrx_word' id='word_1_47' title='bbox 1293 914 1546 974; x_wconf 83' lang='lat' dir='ltr'><strong>maxime</strong></span> <span class='ocrx_word' id='word_1_48' title='bbox 1575 913 1874 975; x_wconf 88' lang='lat' dir='ltr'><strong>adversari</strong></span> <span class='ocrx_word' id='word_1_49' title='bbox 1907 932 1973 974; x_wconf 92' lang='lat' dir='ltr'><strong>ac</strong></span> <span class='ocrx_word' id='word_1_50' title='bbox 2005 929 2107 974; x_wconf 90' lang='lat' dir='ltr'><strong>re—</strong></span> 
     </span>
    </p>
   </div>
   <div class='ocr_carea' id='block_1_11' title="bbox 465 1000 2108 1083">
    <p class='ocr_par' dir='ltr' id='par_1_11' title="bbox 465 1000 2108 1083">
     <span class='ocr_line' id='line_1_11' title="bbox 465 1000 2108 1083; baseline -0.002 -19"><span class='ocrx_word' id='word_1_51' title='bbox 465 1021 732 1083; x_wconf 85' lang='lat' dir='ltr'><strong>pugnare</strong></span> <span class='ocrx_word' id='word_1_52' title='bbox 766 1002 1321 1064; x_wconf 86' lang='lat' dir='ltr'><strong>noverant.Atvero</strong></span> <span class='ocrx_word' id='word_1_53' title='bbox 1351 1003 1748 1082; x_wconf 62' lang='lat' dir='ltr'><strong>sycophantae,</strong></span> <span class='ocrx_word' id='word_1_54' title='bbox 1782 1003 2020 1081; x_wconf 82' lang='lat' dir='ltr'><strong>injectis</strong></span> <span class='ocrx_word' id='word_1_55' title='bbox 2052 1000 2108 1061; x_wconf 90' lang='lat' dir='ltr'><strong>in</strong></span> 
     </span>
    </p>
   </div>
   <div class='ocr_carea' id='block_1_12' title="bbox 461 1089 2109 1170">
    <p class='ocr_par' dir='ltr' id='par_1_12' title="bbox 461 1089 2109 1170">
     <span class='ocr_line' id='line_1_12' title="bbox 461 1089 2109 1170; baseline -0.001 -20"><span class='ocrx_word' id='word_1_56' title='bbox 461 1091 654 1152; x_wconf 87' lang='lat' dir='ltr'><strong>virum</strong></span> <span class='ocrx_word' id='word_1_57' title='bbox 671 1099 938 1152; x_wconf 82' lang='lat' dir='ltr'><strong>sanctum</strong></span> <span class='ocrx_word' id='word_1_58' title='bbox 957 1090 1286 1165; x_wconf 82' lang='lat' dir='ltr'><strong>mauibus(o</strong></span> <span class='ocrx_word' id='word_1_59' title='bbox 1303 1089 1594 1152; x_wconf 87' lang='lat' dir='ltr'><strong>insaniam</strong></span> <span class='ocrx_word' id='word_1_60' title='bbox 1615 1089 2109 1170; x_wconf 84' lang='lat' dir='ltr'><strong>detestabileml),</strong></span> 
     </span>
    </p>
   </div>
   <div class='ocr_carea' id='block_1_13' title="bbox 463 1178 2114 1260">
    <p class='ocr_par' dir='ltr' id='par_1_13' title="bbox 463 1178 2114 1260">
     <span class='ocr_line' id='line_1_13' title="bbox 463 1178 2114 1260; baseline -0.001 -20"><span class='ocrx_word' id='word_1_61' title='bbox 463 1197 574 1260; x_wconf 90' lang='lat' dir='ltr'><strong>per</strong></span> <span class='ocrx_word' id='word_1_62' title='bbox 603 1179 802 1240; x_wconf 89' lang='lat' dir='ltr'><strong>omnia</strong></span> <span class='ocrx_word' id='word_1_63' title='bbox 834 1179 963 1240; x_wconf 91' lang='lat' dir='ltr'><strong>loca</strong></span> <span class='ocrx_word' id='word_1_64' title='bbox 1012 1178 1350 1240; x_wconf 82' lang='lat' dir='ltr'><strong>trahebant.</strong></span> <span class='ocrx_word' id='word_1_65' title='bbox 1387 1178 1494 1240; x_wconf 87' lang='lat' dir='ltr'><strong>Hic</strong></span> <span class='ocrx_word' id='word_1_66' title='bbox 1528 1180 1842 1241; x_wconf 90' lang='lat' dir='ltr'><strong>multitudo</strong></span> <span class='ocrx_word' id='word_1_67' title='bbox 1899 1179 2114 1241; x_wconf 90' lang='lat' dir='ltr'><strong>amaris</strong></span> 
     </span>
    </p>
   </div>
   <div class='ocr_carea' id='block_1_14' title="bbox 465 1267 2113 1349">
    <p class='ocr_par' dir='ltr' id='par_1_14' title="bbox 465 1267 2113 1349">
     <span class='ocr_line' id='line_1_14' title="bbox 465 1267 2113 1349; baseline -0.001 -19"><span class='ocrx_word' id='word_1_68' title='bbox 465 1287 602 1330; x_wconf 93' lang='lat' dir='ltr'><strong>cum</strong></span> <span class='ocrx_word' id='word_1_69' title='bbox 618 1268 890 1349; x_wconf 84' lang='lat' dir='ltr'><strong>lacrymis</strong></span> <span class='ocrx_word' id='word_1_70' title='bbox 911 1267 1134 1349; x_wconf 89' lang='lat' dir='ltr'><strong>pariter</strong></span> <span class='ocrx_word' id='word_1_71' title='bbox 1161 1268 1680 1348; x_wconf 81' lang='lat' dir='ltr'><strong>Iugebat,perinde</strong></span> <span class='ocrx_word' id='word_1_72' title='bbox 1703 1287 1770 1329; x_wconf 90' lang='lat' dir='ltr'><strong>ac</strong></span> <span class='ocrx_word' id='word_1_73' title='bbox 1793 1269 1841 1328; x_wconf 96' lang='lat' dir='ltr'><strong>si</strong></span> <span class='ocrx_word' id='word_1_74' title='bbox 1865 1270 2113 1349; x_wconf 84' lang='lat' dir='ltr'><strong>quisque</strong></span> 
     </span>
    </p>
   </div>
   <div class='ocr_carea' id='block_1_15' title="bbox 466 1355 2115 1438">
    <p class='ocr_par' dir='ltr' id='par_1_15' title="bbox 466 1355 2115 1438">
     <span class='ocr_line' id='line_1_15' title="bbox 466 1355 2115 1438; baseline 0 -20"><span class='ocrx_word' id='word_1_75' title='bbox 466 1355 736 1438; x_wconf 76' lang='lat' dir='ltr'><strong>illorum,</strong></span> <span class='ocrx_word' id='word_1_76' title='bbox 763 1357 945 1430; x_wconf 91' lang='lat' dir='ltr'><strong>idem,</strong></span> <span class='ocrx_word' id='word_1_77' title='bbox 979 1356 1078 1436; x_wconf 89' lang='lat' dir='ltr'><strong>qui</strong></span> <span class='ocrx_word' id='word_1_78' title='bbox 1131 1357 1258 1418; x_wconf 64' lang='lat' dir='ltr'><strong>haec</strong></span> <span class='ocrx_word' id='word_1_79' title='bbox 1292 1366 1616 1438; x_wconf 87' lang='lat' dir='ltr'><strong>pateretur,</strong></span> <span class='ocrx_word' id='word_1_80' title='bbox 1648 1358 1982 1418; x_wconf 79' lang='lat' dir='ltr'><strong>exsisteret.</strong></span> <span class='ocrx_word' id='word_1_81' title='bbox 2031 1355 2115 1418; x_wconf 87' lang='lat' dir='ltr'><strong>[ta</strong></span> 
     </span>
    </p>
   </div>
   <div class='ocr_carea' id='block_1_16' title="bbox 466 1447 2110 1526">
    <p class='ocr_par' dir='ltr' id='par_1_16' title="bbox 466 1447 2110 1526">
     <span class='ocr_line' id='line_1_16' title="bbox 466 1447 2110 1526; baseline 0.001 -20"><span class='ocrx_word' id='word_1_82' title='bbox 466 1447 594 1508; x_wconf 73' lang='lat' dir='ltr'><strong>haec</strong></span> <span class='ocrx_word' id='word_1_83' title='bbox 628 1463 859 1520; x_wconf 90' lang='lat' dir='ltr'><strong>omnes,</strong></span> <span class='ocrx_word' id='word_1_84' title='bbox 897 1455 1063 1506; x_wconf 88' lang='lat' dir='ltr'><strong>extra</strong></span> <span class='ocrx_word' id='word_1_85' title='bbox 1117 1464 1334 1526; x_wconf 90' lang='lat' dir='ltr'><strong>paucos</strong></span> <span class='ocrx_word' id='word_1_86' title='bbox 1366 1447 1540 1526; x_wconf 83' lang='lat' dir='ltr'><strong>longe</strong></span> <span class='ocrx_word' id='word_1_87' title='bbox 1594 1447 2110 1526; x_wconf 85' lang='lat' dir='ltr'><strong>ﬂagitiosissimos,</strong></span> 
     </span>
    </p>
   </div>
   <div class='ocr_carea' id='block_1_17' title="bbox 467 1533 2114 1615">
    <p class='ocr_par' dir='ltr' id='par_1_17' title="bbox 467 1533 2114 1615">
     <span class='ocr_line' id='line_1_17' title="bbox 467 1533 2114 1615; baseline 0 -21"><span class='ocrx_word' id='word_1_88' title='bbox 467 1535 662 1614; x_wconf 90' lang='lat' dir='ltr'><strong>iisque</strong></span> <span class='ocrx_word' id='word_1_89' title='bbox 695 1533 984 1614; x_wconf 80' lang='lat' dir='ltr'><strong>exceptis,</strong></span> <span class='ocrx_word' id='word_1_90' title='bbox 1010 1535 1111 1612; x_wconf 88' lang='lat' dir='ltr'><strong>qui</strong></span> <span class='ocrx_word' id='word_1_91' title='bbox 1139 1535 1359 1614; x_wconf 89' lang='lat' dir='ltr'><strong>impuri</strong></span> <span class='ocrx_word' id='word_1_92' title='bbox 1383 1546 1557 1615; x_wconf 88' lang='lat' dir='ltr'><strong>atque</strong></span> <span class='ocrx_word' id='word_1_93' title='bbox 1587 1535 1812 1615; x_wconf 82' lang='lat' dir='ltr'><strong>profani</strong></span> <span class='ocrx_word' id='word_1_94' title='bbox 1844 1535 2114 1615; x_wconf 88' lang='lat' dir='ltr'><strong>conjura-</strong></span> 
     </span>
    </p>
   </div>
   <div class='ocr_carea' id='block_1_18' title="bbox 469 1623 2109 1705">
    <p class='ocr_par' dir='ltr' id='par_1_18' title="bbox 469 1623 2109 1705">
     <span class='ocr_line' id='line_1_18' title="bbox 469 1623 2109 1705; baseline -0.001 -21"><span class='ocrx_word' id='word_1_95' title='bbox 469 1625 618 1686; x_wconf 89' lang='lat' dir='ltr'><strong>tioui</strong></span> <span class='ocrx_word' id='word_1_96' title='bbox 663 1633 1116 1697; x_wconf 86' lang='lat' dir='ltr'><strong>consenserant,</strong></span> <span class='ocrx_word' id='word_1_97' title='bbox 1152 1623 1226 1684; x_wconf 91' lang='lat' dir='ltr'><strong>de</strong></span> <span class='ocrx_word' id='word_1_98' title='bbox 1270 1624 1371 1686; x_wconf 91' lang='lat' dir='ltr'><strong>illo</strong></span> <span class='ocrx_word' id='word_1_99' title='bbox 1403 1626 1657 1703; x_wconf 83' lang='lat' dir='ltr'><strong>graviter</strong></span> <span class='ocrx_word' id='word_1_100' title='bbox 1711 1624 2109 1705; x_wconf 84' lang='lat' dir='ltr'><strong>perferebant.</strong></span> 
     </span>
    </p>
   </div>
   <div class='ocr_carea' id='block_1_19' title="bbox 467 1711 2118 1791">
    <p class='ocr_par' dir='ltr' id='par_1_19' title="bbox 467 1711 2118 1791">
     <span class='ocr_line' id='line_1_19' title="bbox 467 1711 2118 1791; baseline 0 -17"><span class='ocrx_word' id='word_1_101' title='bbox 467 1712 572 1774; x_wconf 85' lang='lat' dir='ltr'><strong>Isti</strong></span> <span class='ocrx_word' id='word_1_102' title='bbox 603 1713 760 1774; x_wconf 90' lang='lat' dir='ltr'><strong>enim</strong></span> <span class='ocrx_word' id='word_1_103' title='bbox 788 1711 1037 1774; x_wconf 88' lang='lat' dir='ltr'><strong>meliora</strong></span> <span class='ocrx_word' id='word_1_104' title='bbox 1061 1713 1275 1787; x_wconf 90' lang='lat' dir='ltr'><strong>secuti,</strong></span> <span class='ocrx_word' id='word_1_105' title='bbox 1299 1713 1670 1791; x_wconf 86' lang='lat' dir='ltr'><strong>ﬁgmentum,</strong></span> <span class='ocrx_word' id='word_1_106' title='bbox 1700 1723 1761 1775; x_wconf 89' lang='lat' dir='ltr'><strong>ut</strong></span> <span class='ocrx_word' id='word_1_107' title='bbox 1781 1731 1913 1775; x_wconf 88' lang='lat' dir='ltr'><strong>sese</strong></span> <span class='ocrx_word' id='word_1_108' title='bbox 1934 1713 2118 1774; x_wconf 88' lang='lat' dir='ltr'><strong>habe-</strong></span> 
     </span>
    </p>
   </div>
   <div class='ocr_carea' id='block_1_20' title="bbox 470 1801 2112 1883">
    <p class='ocr_par' dir='ltr' id='par_1_20' title="bbox 470 1801 2112 1883">
     <span class='ocr_line' id='line_1_20' title="bbox 470 1801 2112 1883; baseline -0.001 -19"><span class='ocrx_word' id='word_1_109' title='bbox 470 1802 591 1878; x_wconf 90' lang='lat' dir='ltr'><strong>bat,</strong></span> <span class='ocrx_word' id='word_1_110' title='bbox 626 1801 930 1881; x_wconf 82' lang='lat' dir='ltr'><strong>suspicati,</strong></span> <span class='ocrx_word' id='word_1_111' title='bbox 959 1809 1193 1880; x_wconf 88' lang='lat' dir='ltr'><strong>tempus</strong></span> <span class='ocrx_word' id='word_1_112' title='bbox 1221 1801 1292 1861; x_wconf 90' lang='lat' dir='ltr'><strong>ab</strong></span> <span class='ocrx_word' id='word_1_113' title='bbox 1325 1820 1394 1862; x_wconf 89' lang='lat' dir='ltr'><strong>ea</strong></span> <span class='ocrx_word' id='word_1_114' title='bbox 1438 1821 1555 1883; x_wconf 90' lang='lat' dir='ltr'><strong>quo</strong></span> <span class='ocrx_word' id='word_1_115' title='bbox 1588 1813 1744 1864; x_wconf 83' lang='lat' dir='ltr'><strong>esset</strong></span> <span class='ocrx_word' id='word_1_116' title='bbox 1775 1804 1833 1863; x_wconf 94' lang='lat' dir='ltr'><strong>in</strong></span> <span class='ocrx_word' id='word_1_117' title='bbox 1866 1802 2112 1864; x_wconf 91' lang='lat' dir='ltr'><strong>domum</strong></span> 
     </span>
    </p>
   </div>
   <div class='ocr_carea' id='block_1_21' title="bbox 2191 724 3834 808">
    <p class='ocr_par' dir='ltr' id='par_1_21' title="bbox 2191 724 3834 808">
     <span class='ocr_line' id='line_1_21' title="bbox 2191 724 3834 808; baseline -0.002 -22"><span class='ocrx_word' id='word_1_118' title='bbox 2191 734 2367 789; x_wconf 88' lang='grc' dir='ltr'>νίσκου</span> <span class='ocrx_word' id='word_1_119' title='bbox 2436 737 2701 808; x_wconf 79' lang='grc' dir='ltr'>παροῦσαν</span> <span class='ocrx_word' id='word_1_120' title='bbox 2767 729 3094 808; x_wconf 87' lang='grc' dir='ltr'>βλέποντες,</span> <span class='ocrx_word' id='word_1_121' title='bbox 3164 729 3254 784; x_wconf 79' lang='grc' dir='ltr'><strong>τὸν</strong></span> <span class='ocrx_word' id='word_1_122' title='bbox 3319 735 3411 784; x_wconf 83' lang='grc' dir='ltr'><strong>τοῦ</strong></span> <span class='ocrx_word' id='word_1_123' title='bbox 3477 725 3709 804; x_wconf 76' lang='grc' dir='ltr'><strong>μεγάλου</strong></span> <span class='ocrx_word' id='word_1_124' title='bbox 3779 724 3834 782; x_wconf 77' lang='grc' dir='ltr'>δὲ</span> 
     </span>
    </p>
   </div>
   <div class='ocr_carea' id='block_1_22' title="bbox 2192 815 3836 897">
    <p class='ocr_par' dir='ltr' id='par_1_22' title="bbox 2192 815 3836 897">
     <span class='ocr_line' id='line_1_22' title="bbox 2192 815 3836 897; baseline -0.004 -21"><span class='ocrx_word' id='word_1_125' title='bbox 2192 822 2304 897; x_wconf 84' lang='grc' dir='ltr'>βίον</span> <span class='ocrx_word' id='word_1_126' title='bbox 2359 816 2585 897; x_wconf 73' lang='grc' dir='ltr'>ἀκριϐῶς</span> <span class='ocrx_word' id='word_1_127' title='bbox 2643 817 2836 880; x_wconf 75' lang='grc' dir='ltr'>εἶδότες</span> <span class='ocrx_word' id='word_1_128' title='bbox 2894 820 3026 896; x_wconf 86' lang='grc' dir='ltr'>πρὸς</span> <span class='ocrx_word' id='word_1_129' title='bbox 3081 818 3329 882; x_wconf 81' lang='grc' dir='ltr'><strong>τοιαύτας</strong></span> <span class='ocrx_word' id='word_1_130' title='bbox 3376 817 3623 878; x_wconf 79' lang='grc' dir='ltr'>ὑπονοίας</span> <span class='ocrx_word' id='word_1_131' title='bbox 3683 815 3836 871; x_wconf 82' lang='grc' dir='ltr'>ἀντι-</span> 
     </span>
    </p>
   </div>
   <div class='ocr_carea' id='block_1_23' title="bbox 2193 903 3840 988">
    <p class='ocr_par' dir='ltr' id='par_1_23' title="bbox 2193 903 3840 988">
     <span class='ocr_line' id='line_1_23' title="bbox 2193 903 3840 988; baseline -0.005 -22"><span class='ocrx_word' id='word_1_132' title='bbox 2193 913 2573 988; x_wconf 77' lang='grc' dir='ltr'>φθεγγομενον,</span> <span class='ocrx_word' id='word_1_133' title='bbox 2641 910 2700 965; x_wconf 82' lang='grc' dir='ltr'><strong>Οἱ</strong></span> <span class='ocrx_word' id='word_1_134' title='bbox 2757 905 2809 961; x_wconf 81' lang='grc' dir='ltr'>δὲ</span> <span class='ocrx_word' id='word_1_135' title='bbox 2867 905 2933 975; x_wconf 77' lang='grc' dir='ltr'><strong>δὴ</strong></span> <span class='ocrx_word' id='word_1_136' title='bbox 2965 907 3308 984; x_wconf 74' lang='grc' dir='ltr'><strong>συκοφάνται,</strong></span> <span class='ocrx_word' id='word_1_137' title='bbox 3345 917 3540 984; x_wconf 85' lang='grc' dir='ltr'>χεῖρας</span> <span class='ocrx_word' id='word_1_138' title='bbox 3575 911 3647 977; x_wconf 83' lang='grc' dir='ltr'>τῷ</span> <span class='ocrx_word' id='word_1_139' title='bbox 3704 903 3840 981; x_wconf 84' lang='grc' dir='ltr'>ἀγίῳ</span> 
     </span>
    </p>
   </div>
   <div class='ocr_carea' id='block_1_24' title="bbox 2194 991 3842 1070">
    <p class='ocr_par' dir='ltr' id='par_1_24' title="bbox 2194 991 3842 1070">
     <span class='ocr_line' id='line_1_24' title="bbox 2194 991 3842 1070; baseline -0.004 -16"><span class='ocrx_word' id='word_1_140' title='bbox 2194 997 2534 1060; x_wconf 76' lang='grc' dir='ltr'>ἐπιϐαλόντες</span> <span class='ocrx_word' id='word_1_141' title='bbox 2595 996 2756 1070; x_wconf 88' lang='grc' dir='ltr'>μέσον</span> <span class='ocrx_word' id='word_1_142' title='bbox 2809 1002 2900 1053; x_wconf 83' lang='grc' dir='ltr'>τοῦ</span> <span class='ocrx_word' id='word_1_143' title='bbox 2959 995 3290 1068; x_wconf 71' lang='grc' dir='ltr'>ἓπισκοπίου,</span> <span class='ocrx_word' id='word_1_144' title='bbox 3325 996 3368 1048; x_wconf 82' lang='grc' dir='ltr'><strong><em>ὦ</em></strong></span> <span class='ocrx_word' id='word_1_145' title='bbox 3398 994 3590 1067; x_wconf 88' lang='grc' dir='ltr'>μανίας</span> <span class='ocrx_word' id='word_1_146' title='bbox 3647 991 3842 1067; x_wconf 82' lang='grc' dir='ltr'>δαιμο-</span> 
     </span>
    </p>
   </div>
   <div class='ocr_carea' id='block_1_25' title="bbox 2196 1082 3842 1159">
    <p class='ocr_par' dir='ltr' id='par_1_25' title="bbox 2196 1082 3842 1159">
     <span class='ocr_line' id='line_1_25' title="bbox 2196 1082 3842 1159; baseline -0.004 -17"><span class='ocrx_word' id='word_1_147' title='bbox 2196 1088 2392 1154; x_wconf 73' lang='grc' dir='ltr'>νικῆςι</span> <span class='ocrx_word' id='word_1_148' title='bbox 2452 1085 2719 1159; x_wconf 68' lang='grc' dir='ltr'>ἓλκαυσιν,</span> <span class='ocrx_word' id='word_1_149' title='bbox 2767 1087 2986 1141; x_wconf 61' lang='grc' dir='ltr'>ενταῦθα</span> <span class='ocrx_word' id='word_1_150' title='bbox 3044 1087 3131 1140; x_wconf 84' lang='grc' dir='ltr'><strong>καὶ</strong></span> <span class='ocrx_word' id='word_1_151' title='bbox 3189 1085 3248 1141; x_wconf 81' lang='grc' dir='ltr'>τὸ</span> <span class='ocrx_word' id='word_1_152' title='bbox 3297 1082 3500 1150; x_wconf 84' lang='grc' dir='ltr'>πλῆθος</span> <span class='ocrx_word' id='word_1_153' title='bbox 3560 1083 3747 1158; x_wconf 82' lang='grc' dir='ltr'>μικρόν</span> <span class='ocrx_word' id='word_1_154' title='bbox 3791 1103 3842 1136; x_wconf 92' lang='grc' dir='ltr'><strong>τι</strong></span> 
     </span>
    </p>
   </div>
   <div class='ocr_carea' id='block_1_26' title="bbox 2198 1171 3844 1253">
    <p class='ocr_par' dir='ltr' id='par_1_26' title="bbox 2198 1171 3844 1253">
     <span class='ocr_line' id='line_1_26' title="bbox 2198 1171 3844 1253; baseline -0.003 -22"><span class='ocrx_word' id='word_1_155' title='bbox 2198 1177 2332 1252; x_wconf 76' lang='grc' dir='ltr'>μετὰ</span> <span class='ocrx_word' id='word_1_156' title='bbox 2389 1173 2622 1253; x_wconf 77' lang='grc' dir='ltr'><strong>δακρύων</strong></span> <span class='ocrx_word' id='word_1_157' title='bbox 2695 1179 2883 1238; x_wconf 81' lang='grc' dir='ltr'>κοινῶς</span> <span class='ocrx_word' id='word_1_158' title='bbox 2939 1171 3230 1247; x_wconf 77' lang='grc' dir='ltr'><strong>ὠλόλυξαν,</strong></span> <span class='ocrx_word' id='word_1_159' title='bbox 3293 1174 3380 1228; x_wconf 79' lang='grc' dir='ltr'><strong>καὶ</strong></span> <span class='ocrx_word' id='word_1_160' title='bbox 3453 1173 3632 1250; x_wconf 83' lang='grc' dir='ltr'>ὥσπερ</span> <span class='ocrx_word' id='word_1_161' title='bbox 3687 1171 3844 1236; x_wconf 69' lang='grc' dir='ltr'>αὐτὸς</span> 
     </span>
    </p>
   </div>
   <div class='ocr_carea' id='block_1_27' title="bbox 2195 1260 3846 1342">
    <p class='ocr_par' dir='ltr' id='par_1_27' title="bbox 2195 1260 3846 1342">
     <span class='ocr_line' id='line_1_27' title="bbox 2195 1260 3846 1342; baseline -0.002 -20"><span class='ocrx_word' id='word_1_162' title='bbox 2195 1266 2269 1322; x_wconf 80' lang='grc' dir='ltr'>ὢν</span> <span class='ocrx_word' id='word_1_163' title='bbox 2309 1265 2528 1327; x_wconf 77' lang='grc' dir='ltr'>ἕκαστος</span> <span class='ocrx_word' id='word_1_164' title='bbox 2585 1266 2612 1320; x_wconf 79' lang='lat'><strong>6</strong></span> <span class='ocrx_word' id='word_1_165' title='bbox 2670 1273 2831 1322; x_wconf 81' lang='grc' dir='ltr'>ταῦτα</span> <span class='ocrx_word' id='word_1_166' title='bbox 2887 1263 3141 1342; x_wconf 84' lang='grc' dir='ltr'>πάσχων,</span> <span class='ocrx_word' id='word_1_167' title='bbox 3203 1261 3381 1326; x_wconf 69' lang='grc' dir='ltr'>Οὕτως</span> <span class='ocrx_word' id='word_1_168' title='bbox 3454 1261 3584 1339; x_wconf 80' lang='grc' dir='ltr'><strong>ὑπὲρ</strong></span> <span class='ocrx_word' id='word_1_169' title='bbox 3646 1260 3846 1318; x_wconf 79' lang='grc' dir='ltr'>ἐκείνου</span> 
     </span>
    </p>
   </div>
   <div class='ocr_carea' id='block_1_28' title="bbox 2197 1346 3844 1430">
    <p class='ocr_par' dir='ltr' id='par_1_28' title="bbox 2197 1346 3844 1430">
     <span class='ocr_line' id='line_1_28' title="bbox 2197 1346 3844 1430; baseline -0.004 -20"><span class='ocrx_word' id='word_1_170' title='bbox 2197 1356 2387 1419; x_wconf 85' lang='grc' dir='ltr'>πάντες</span> <span class='ocrx_word' id='word_1_171' title='bbox 2438 1352 2620 1416; x_wconf 80' lang='grc' dir='ltr'>δεινῶς</span> <span class='ocrx_word' id='word_1_172' title='bbox 2683 1352 2992 1430; x_wconf 80' lang='grc' dir='ltr'>ἐκόπτοντο,</span> <span class='ocrx_word' id='word_1_173' title='bbox 3039 1350 3181 1418; x_wconf 78' lang='grc' dir='ltr'>πλὴν</span> <span class='ocrx_word' id='word_1_174' title='bbox 3238 1350 3428 1430; x_wconf 72' lang='grc' dir='ltr'>ὀλίγων</span> <span class='ocrx_word' id='word_1_175' title='bbox 3480 1356 3588 1406; x_wconf 83' lang='grc' dir='ltr'><strong>τῶν</strong></span> <span class='ocrx_word' id='word_1_176' title='bbox 3646 1346 3844 1428; x_wconf 78' lang='grc' dir='ltr'>σφόδρα</span> 
     </span>
    </p>
   </div>
   <div class='ocr_carea' id='block_1_29' title="bbox 2197 1439 3846 1519">
    <p class='ocr_par' dir='ltr' id='par_1_29' title="bbox 2197 1439 3846 1519">
     <span class='ocr_line' id='line_1_29' title="bbox 2197 1439 3846 1519; baseline -0.003 -20"><span class='ocrx_word' id='word_1_177' title='bbox 2197 1443 2593 1519; x_wconf 79' lang='grc' dir='ltr'>πονηροτάτων,</span> <span class='ocrx_word' id='word_1_178' title='bbox 2649 1444 2736 1497; x_wconf 85' lang='grc' dir='ltr'><strong>καὶ</strong></span> <span class='ocrx_word' id='word_1_179' title='bbox 2796 1441 2921 1496; x_wconf 77' lang='grc' dir='ltr'>ὅσον</span> <span class='ocrx_word' id='word_1_180' title='bbox 2977 1442 3300 1507; x_wconf 68' lang='grc' dir='ltr'>ὲκοινώνησε</span> <span class='ocrx_word' id='word_1_181' title='bbox 3353 1442 3452 1506; x_wconf 84' lang='grc' dir='ltr'><strong>τῆς</strong></span> <span class='ocrx_word' id='word_1_182' title='bbox 3513 1439 3846 1512; x_wconf 70' lang='grc' dir='ltr'><strong>συνωμοσίας</strong></span> 
     </span>
    </p>
   </div>
   <div class='ocr_carea' id='block_1_30' title="bbox 2196 1526 3843 1610">
    <p class='ocr_par' dir='ltr' id='par_1_30' title="bbox 2196 1526 3843 1610">
     <span class='ocr_line' id='line_1_30' title="bbox 2196 1526 3843 1610; baseline -0.004 -22"><span class='ocrx_word' id='word_1_183' title='bbox 2196 1545 2313 1596; x_wconf 86' lang='grc' dir='ltr'>τοῖς</span> <span class='ocrx_word' id='word_1_184' title='bbox 2382 1532 2636 1610; x_wconf 84' lang='grc' dir='ltr'>ἀνιέροις,</span> <span class='ocrx_word' id='word_1_185' title='bbox 2699 1533 2745 1587; x_wconf 75' lang='grc' dir='ltr'><strong>οἱ</strong></span> <span class='ocrx_word' id='word_1_186' title='bbox 2805 1530 2984 1605; x_wconf 88' lang='grc' dir='ltr'>μέντοι</span> <span class='ocrx_word' id='word_1_187' title='bbox 3069 1551 3130 1607; x_wconf 85' lang='grc' dir='ltr'><strong>γε</strong></span> <span class='ocrx_word' id='word_1_188' title='bbox 3183 1535 3278 1606; x_wconf 76' lang='grc' dir='ltr'><strong>τῆς</strong></span> <span class='ocrx_word' id='word_1_189' title='bbox 3337 1529 3539 1608; x_wconf 80' lang='grc' dir='ltr'>ἀγαθῆς</span> <span class='ocrx_word' id='word_1_190' title='bbox 3611 1526 3843 1607; x_wconf 82' lang='grc' dir='ltr'>μερίδος,</span> 
     </span>
    </p>
   </div>
   <div class='ocr_carea' id='block_1_31' title="bbox 2198 1618 3850 1699">
    <p class='ocr_par' dir='ltr' id='par_1_31' title="bbox 2198 1618 3850 1699">
     <span class='ocr_line' id='line_1_31' title="bbox 2198 1618 3850 1699; baseline -0.002 -23"><span class='ocrx_word' id='word_1_191' title='bbox 2198 1621 2326 1699; x_wconf 81' lang='grc' dir='ltr'>ὅπερ</span> <span class='ocrx_word' id='word_1_192' title='bbox 2388 1622 2453 1688; x_wconf 83' lang='grc' dir='ltr'><strong>ῆν</strong></span> <span class='ocrx_word' id='word_1_193' title='bbox 2508 1623 2574 1676; x_wconf 81' lang='grc' dir='ltr'><strong>τὰ</strong></span> <span class='ocrx_word' id='word_1_194' title='bbox 2633 1627 2724 1676; x_wconf 81' lang='grc' dir='ltr'><strong>τοῦ</strong></span> <span class='ocrx_word' id='word_1_195' title='bbox 2777 1618 3038 1697; x_wconf 76' lang='grc' dir='ltr'><strong>δράματος</strong></span> <span class='ocrx_word' id='word_1_196' title='bbox 3091 1621 3535 1698; x_wconf 77' lang='grc' dir='ltr'>ὑποπτεύσαντες,</span> <span class='ocrx_word' id='word_1_197' title='bbox 3569 1619 3659 1674; x_wconf 82' lang='grc' dir='ltr'><strong>τὸν</strong></span> <span class='ocrx_word' id='word_1_198' title='bbox 3718 1639 3850 1673; x_wconf 84' lang='grc' dir='ltr'>και-</span> 
     </span>
    </p>
   </div>
   <div class='ocr_carea' id='block_1_32' title="bbox 2197 1698 3848 1788">
    <p class='ocr_par' dir='ltr' id='par_1_32' title="bbox 2197 1698 3848 1788">
     <span class='ocr_line' id='line_1_32' title="bbox 2197 1698 3848 1788; baseline -0.003 -22"><span class='ocrx_word' id='word_1_199' title='bbox 2197 1698 2308 1788; x_wconf 11' lang='grc' dir='ltr'>ρὸνγ</span> <span class='ocrx_word' id='word_1_200' title='bbox 2348 1710 2571 1788; x_wconf 76' lang='grc' dir='ltr'>ἠρώτων</span> <span class='ocrx_word' id='word_1_201' title='bbox 2631 1709 2750 1765; x_wconf 87' lang='grc' dir='ltr'>καθ’</span> <span class='ocrx_word' id='word_1_202' title='bbox 2807 1709 2866 1764; x_wconf 80' lang='grc' dir='ltr'><strong>’ὃν</strong></span> <span class='ocrx_word' id='word_1_203' title='bbox 2923 1711 3090 1786; x_wconf 84' lang='grc' dir='ltr'>ταύτῃ</span> <span class='ocrx_word' id='word_1_204' title='bbox 3150 1710 3277 1788; x_wconf 82' lang='grc' dir='ltr'>φησὶ</span> <span class='ocrx_word' id='word_1_205' title='bbox 3339 1707 3604 1769; x_wconf 89' lang='grc' dir='ltr'>συνέλθοι.</span> <span class='ocrx_word' id='word_1_206' title='bbox 3653 1698 3716 1763; x_wconf 69' lang='grc' dir='ltr'><em>Ἠ</em></span> <span class='ocrx_word' id='word_1_207' title='bbox 3771 1703 3848 1778; x_wconf 76' lang='grc' dir='ltr'>δὲ,</span> 
     </span>
    </p>
   </div>
   <div class='ocr_carea' id='block_1_33' title="bbox 2197 1793 3853 1876">
    <p class='ocr_par' dir='ltr' id='par_1_33' title="bbox 2197 1793 3853 1876">
     <span class='ocr_line' id='line_1_33' title="bbox 2197 1793 3853 1876; baseline -0.004 -22"><span class='ocrx_word' id='word_1_208' title='bbox 2197 1801 2370 1862; x_wconf 85' lang='grc' dir='ltr'>καθὼς</span> <span class='ocrx_word' id='word_1_209' title='bbox 2427 1795 2848 1876; x_wconf 73' lang='grc' dir='ltr'>προεδεδίδικτο,</span> <span class='ocrx_word' id='word_1_210' title='bbox 2910 1798 3058 1853; x_wconf 75' lang='grc' dir='ltr'><strong>Μετὰ</strong></span> <span class='ocrx_word' id='word_1_211' title='bbox 3128 1799 3250 1861; x_wconf 85' lang='grc' dir='ltr'>τοὺς</span> <span class='ocrx_word' id='word_1_212' title='bbox 3313 1796 3610 1873; x_wconf 72' lang='grc' dir='ltr'>ἑσπερίους,</span> <span class='ocrx_word' id='word_1_213' title='bbox 3665 1793 3853 1872; x_wconf 76' lang='grc' dir='ltr'>ἔλεγεν</span> 
     </span>
    </p>
   </div>
   <div class='ocr_carea' id='block_1_34' title="bbox 469 1886 2116 1972">
    <p class='ocr_par' dir='ltr' id='par_1_34' title="bbox 469 1889 2108 1971">
     <span class='ocr_line' id='line_1_34' title="bbox 469 1889 2108 1971; baseline 0 -20"><span class='ocrx_word' id='word_1_214' title='bbox 469 1891 830 1962; x_wconf 88' lang='lat' dir='ltr'><strong>introducta,</strong></span> <span class='ocrx_word' id='word_1_215' title='bbox 865 1889 1340 1951; x_wconf 89' lang='lat' dir='ltr'><strong>sciscitabantur.</strong></span> <span class='ocrx_word' id='word_1_216' title='bbox 1378 1889 1482 1952; x_wconf 88' lang='lat' dir='ltr'><strong>Illa</strong></span> <span class='ocrx_word' id='word_1_217' title='bbox 1535 1891 1622 1971; x_wconf 87' lang='lat' dir='ltr'><strong>(ut</strong></span> <span class='ocrx_word' id='word_1_218' title='bbox 1652 1890 1861 1952; x_wconf 90' lang='lat' dir='ltr'><strong>edocta</strong></span> <span class='ocrx_word' id='word_1_219' title='bbox 1891 1891 2108 1971; x_wconf 85' lang='lat' dir='ltr'><strong>fuerat)</strong></span> 
     </span>
    </p>
   </div>
   <div class='ocr_carea' id='block_1_35' title="bbox 2203 1886 3852 1972">
    <p class='ocr_par' dir='ltr' id='par_1_35' title="bbox 2203 1886 3852 1969">
     <span class='ocr_line' id='line_1_35' title="bbox 2203 1886 3852 1969; baseline -0.004 -21"><span class='ocrx_word' id='word_1_220' title='bbox 2203 1892 2413 1964; x_wconf 65' lang='grc' dir='ltr'>ὕμνους,</span> <span class='ocrx_word' id='word_1_221' title='bbox 2477 1891 2612 1946; x_wconf 84' lang='grc' dir='ltr'>κατὰ</span> <span class='ocrx_word' id='word_1_222' title='bbox 2671 1890 2889 1969; x_wconf 82' lang='grc' dir='ltr'>πρώτην</span> <span class='ocrx_word' id='word_1_223' title='bbox 2947 1890 3179 1964; x_wconf 85' lang='grc' dir='ltr'>μάλιστα</span> <span class='ocrx_word' id='word_1_224' title='bbox 3245 1895 3343 1956; x_wconf 89' lang='grc' dir='ltr'><strong>τῆς</strong></span> <span class='ocrx_word' id='word_1_225' title='bbox 3415 1891 3601 1952; x_wconf 79' lang='grc' dir='ltr'>νυκτὸς</span> <span class='ocrx_word' id='word_1_226' title='bbox 3672 1886 3852 1966; x_wconf 80' lang='grc' dir='ltr'>φυλα-</span> 
     </span>
    </p>
   </div>
   <div class='ocr_carea' id='block_1_36' title="bbox 471 1977 2115 2059">
    <p class='ocr_par' dir='ltr' id='par_1_36' title="bbox 471 1977 2115 2059">
     <span class='ocr_line' id='line_1_36' title="bbox 471 1977 2115 2059; baseline -0.002 -17"><span class='ocrx_word' id='word_1_227' title='bbox 471 1998 506 2042; x_wconf 86' lang='lat' dir='ltr'><strong>a</strong></span> <span class='ocrx_word' id='word_1_228' title='bbox 531 1977 1170 2059; x_wconf 86' lang='lat' dir='ltr'><strong>vespertinislaudibus</strong></span> <span class='ocrx_word' id='word_1_229' title='bbox 1195 1978 1304 2039; x_wconf 92' lang='lat' dir='ltr'><strong>sub</strong></span> <span class='ocrx_word' id='word_1_230' title='bbox 1328 1981 1579 2058; x_wconf 91' lang='lat' dir='ltr'><strong>primam</strong></span> <span class='ocrx_word' id='word_1_231' title='bbox 1607 1981 1729 2042; x_wconf 91' lang='lat' dir='ltr'><strong>fere</strong></span> <span class='ocrx_word' id='word_1_232' title='bbox 1755 1980 1948 2041; x_wconf 89' lang='lat' dir='ltr'><strong>noctis</strong></span> <span class='ocrx_word' id='word_1_233' title='bbox 1965 1979 2115 2058; x_wconf 81' lang='lat' dir='ltr'><strong>vigi-</strong></span> 
     </span>
    </p>
   </div>
   <div class='ocr_carea' id='block_1_37' title="bbox 468 2067 2112 2148">
    <p class='ocr_par' dir='ltr' id='par_1_37' title="bbox 468 2067 2112 2148">
     <span class='ocr_line' id='line_1_37' title="bbox 468 2067 2112 2148; baseline 0.001 -20"><span class='ocrx_word' id='word_1_234' title='bbox 468 2068 637 2142; x_wconf 90' lang='lat' dir='ltr'><strong>liam,</strong></span> <span class='ocrx_word' id='word_1_235' title='bbox 672 2068 843 2129; x_wconf 83' lang='lat' dir='ltr'><strong>dixit.</strong></span> <span class='ocrx_word' id='word_1_236' title='bbox 897 2067 988 2130; x_wconf 88' lang='lat' dir='ltr'><strong>Ad</strong></span> <span class='ocrx_word' id='word_1_237' title='bbox 1023 2068 1149 2129; x_wconf 84' lang='lat' dir='ltr'><strong>haec</strong></span> <span class='ocrx_word' id='word_1_238' title='bbox 1181 2087 1314 2128; x_wconf 91' lang='lat' dir='ltr'><strong>cum</strong></span> <span class='ocrx_word' id='word_1_239' title='bbox 1366 2067 1790 2148; x_wconf 86' lang='lat' dir='ltr'><strong>Philadelphus</strong></span> <span class='ocrx_word' id='word_1_240' title='bbox 1821 2069 2112 2130; x_wconf 87' lang='lat' dir='ltr'><strong>diaconus</strong></span> 
     </span>
    </p>
   </div>
   <div class='ocr_carea' id='block_1_38' title="bbox 472 2155 2114 2237">
    <p class='ocr_par' dir='ltr' id='par_1_38' title="bbox 472 2155 2114 2237">
     <span class='ocr_line' id='line_1_38' title="bbox 472 2155 2114 2237; baseline 0 -20"><span class='ocrx_word' id='word_1_241' title='bbox 472 2157 882 2237; x_wconf 84' lang='lat' dir='ltr'><strong>propheticum</strong></span> <span class='ocrx_word' id='word_1_242' title='bbox 897 2155 1043 2216; x_wconf 93' lang='lat' dir='ltr'><strong>illud</strong></span> <span class='ocrx_word' id='word_1_243' title='bbox 1062 2155 1943 2236; x_wconf 81' lang='lat' dir='ltr'><strong>respondisset:«0bmutescant</strong></span> <span class='ocrx_word' id='word_1_244' title='bbox 1961 2157 2114 2218; x_wconf 86' lang='lat' dir='ltr'><strong>labia</strong></span> 
     </span>
    </p>
   </div>
   <div class='ocr_carea' id='block_1_39' title="bbox 473 2245 2108 2326">
    <p class='ocr_par' dir='ltr' id='par_1_39' title="bbox 473 2245 2108 2326">
     <span class='ocr_line' id='line_1_39' title="bbox 473 2245 2108 2326; baseline -0.003 -20"><span class='ocrx_word' id='word_1_245' title='bbox 473 2245 807 2326; x_wconf 86' lang='lat' dir='ltr'><strong>mendacia,</strong></span> <span class='ocrx_word' id='word_1_246' title='bbox 831 2262 962 2324; x_wconf 85' lang='lat' dir='ltr'><strong>quae</strong></span> <span class='ocrx_word' id='word_1_247' title='bbox 985 2245 1336 2306; x_wconf 86' lang='lat' dir='ltr'><strong>veteratorie</strong></span> <span class='ocrx_word' id='word_1_248' title='bbox 1357 2245 1642 2325; x_wconf 89' lang='lat' dir='ltr'><strong>injustum</strong></span> <span class='ocrx_word' id='word_1_249' title='bbox 1672 2247 2002 2323; x_wconf 90' lang='lat' dir='ltr'><strong>loquuntur</strong></span> <span class='ocrx_word' id='word_1_250' title='bbox 2017 2245 2108 2322; x_wconf 79' lang='lat'><strong>9,»</strong></span> 
     </span>
    </p>
   </div>
   <div class='ocr_carea' id='block_1_40' title="bbox 471 2333 2116 2415">
    <p class='ocr_par' dir='ltr' id='par_1_40' title="bbox 471 2333 2116 2415">
     <span class='ocr_line' id='line_1_40' title="bbox 471 2333 2116 2415; baseline 0.001 -20"><span class='ocrx_word' id='word_1_251' title='bbox 471 2334 918 2396; x_wconf 88' lang='lat' dir='ltr'><strong>Crescentimus</strong></span> <span class='ocrx_word' id='word_1_252' title='bbox 949 2333 1256 2412; x_wconf 91' lang='lat' dir='ltr'><strong>improbus</strong></span> <span class='ocrx_word' id='word_1_253' title='bbox 1287 2335 1454 2396; x_wconf 91' lang='lat' dir='ltr'><strong>illum</strong></span> <span class='ocrx_word' id='word_1_254' title='bbox 1486 2335 1782 2397; x_wconf 87' lang='lat' dir='ltr'><strong>invadens</strong></span> <span class='ocrx_word' id='word_1_255' title='bbox 1800 2335 2116 2415; x_wconf 88' lang='lat' dir='ltr'><strong>percussit.</strong></span> 
     </span>
    </p>
   </div>
   <div class='ocr_carea' id='block_1_41' title="bbox 471 2423 2118 2486">
    <p class='ocr_par' dir='ltr' id='par_1_41' title="bbox 471 2423 2118 2486">
     <span class='ocr_line' id='line_1_41' title="bbox 471 2423 2118 2486; baseline -0.001 0"><span class='ocrx_word' id='word_1_256' title='bbox 471 2424 621 2486; x_wconf 86' lang='lat' dir='ltr'><strong>Tum</strong></span> <span class='ocrx_word' id='word_1_257' title='bbox 657 2423 1038 2484; x_wconf 89' lang='lat' dir='ltr'><strong>multitudine</strong></span> <span class='ocrx_word' id='word_1_258' title='bbox 1086 2433 1294 2485; x_wconf 88' lang='lat' dir='ltr'><strong>contra</strong></span> <span class='ocrx_word' id='word_1_259' title='bbox 1345 2423 1510 2485; x_wconf 89' lang='lat' dir='ltr'><strong>illum</strong></span> <span class='ocrx_word' id='word_1_260' title='bbox 1547 2425 1859 2486; x_wconf 87' lang='lat' dir='ltr'><strong>confestim</strong></span> <span class='ocrx_word' id='word_1_261' title='bbox 1914 2425 2118 2486; x_wconf 89' lang='lat' dir='ltr'><strong>insur-</strong></span> 
     </span>
    </p>
   </div>
   <div class='ocr_carea' id='block_1_42' title="bbox 472 2512 2115 2592">
    <p class='ocr_par' dir='ltr' id='par_1_42' title="bbox 472 2512 2115 2592">
     <span class='ocr_line' id='line_1_42' title="bbox 472 2512 2115 2592; baseline 0.002 -19"><span class='ocrx_word' id='word_1_262' title='bbox 472 2520 670 2592; x_wconf 86' lang='lat' dir='ltr'><strong>gente,</strong></span> <span class='ocrx_word' id='word_1_263' title='bbox 708 2530 916 2592; x_wconf 92' lang='lat' dir='ltr'><strong>parum</strong></span> <span class='ocrx_word' id='word_1_264' title='bbox 946 2512 1304 2592; x_wconf 88' lang='lat' dir='ltr'><strong>abfuit,quin</strong></span> <span class='ocrx_word' id='word_1_265' title='bbox 1325 2513 1744 2574; x_wconf 89' lang='lat' dir='ltr'><strong>crudelissime</strong></span> <span class='ocrx_word' id='word_1_266' title='bbox 1777 2523 2115 2588; x_wconf 88' lang='lat' dir='ltr'><strong>necaretur,</strong></span> 
     </span>
    </p>
   </div>
   <div class='ocr_carea' id='block_1_43' title="bbox 475 2601 2121 2680">
    <p class='ocr_par' dir='ltr' id='par_1_43' title="bbox 475 2601 2121 2680">
     <span class='ocr_line' id='line_1_43' title="bbox 475 2601 2121 2680; baseline 0.001 -18"><span class='ocrx_word' id='word_1_267' title='bbox 475 2601 592 2662; x_wconf 88' lang='lat' dir='ltr'><strong>nisi</strong></span> <span class='ocrx_word' id='word_1_268' title='bbox 622 2601 709 2661; x_wconf 91' lang='lat' dir='ltr'><strong>vir</strong></span> <span class='ocrx_word' id='word_1_269' title='bbox 741 2618 986 2680; x_wconf 81' lang='lat' dir='ltr'><strong>magnus</strong></span> <span class='ocrx_word' id='word_1_270' title='bbox 1018 2619 1341 2661; x_wconf 83' lang='lat' dir='ltr'><strong>conversus</strong></span> <span class='ocrx_word' id='word_1_271' title='bbox 1372 2620 1474 2662; x_wconf 91' lang='lat' dir='ltr'><strong>eos</strong></span> <span class='ocrx_word' id='word_1_272' title='bbox 1504 2602 1916 2664; x_wconf 87' lang='lat' dir='ltr'><strong>adhortatione</strong></span> <span class='ocrx_word' id='word_1_273' title='bbox 1950 2621 2121 2664; x_wconf 91' lang='lat' dir='ltr'><strong>com-</strong></span> 
     </span>
    </p>
   </div>
   <div class='ocr_carea' id='block_1_44' title="bbox 475 2688 2122 2772">
    <p class='ocr_par' dir='ltr' id='par_1_44' title="bbox 475 2688 2122 2772">
     <span class='ocr_line' id='line_1_44' title="bbox 475 2688 2122 2772; baseline 0.001 -20"><span class='ocrx_word' id='word_1_274' title='bbox 475 2690 828 2772; x_wconf 89' lang='lat' dir='ltr'><strong>pescuisset.</strong></span> <span class='ocrx_word' id='word_1_275' title='bbox 857 2689 934 2752; x_wconf 89' lang='lat' dir='ltr'><strong>Se</strong></span> <span class='ocrx_word' id='word_1_276' title='bbox 958 2708 1096 2751; x_wconf 91' lang='lat' dir='ltr'><strong>vero</strong></span> <span class='ocrx_word' id='word_1_277' title='bbox 1123 2688 1449 2752; x_wconf 91' lang='lat' dir='ltr'><strong>tortoribus</strong></span> <span class='ocrx_word' id='word_1_278' title='bbox 1472 2701 1742 2771; x_wconf 88' lang='lat' dir='ltr'><strong>prompte</strong></span> <span class='ocrx_word' id='word_1_279' title='bbox 1768 2693 2122 2754; x_wconf 88' lang='lat' dir='ltr'><strong>trahendum</strong></span> 
     </span>
    </p>
   </div>
   <div class='ocr_carea' id='block_1_45' title="bbox 476 2778 2124 2860">
    <p class='ocr_par' dir='ltr' id='par_1_45' title="bbox 476 2778 2124 2860">
     <span class='ocr_line' id='line_1_45' title="bbox 476 2778 2124 2860; baseline 0.001 -19"><span class='ocrx_word' id='word_1_280' title='bbox 476 2778 764 2842; x_wconf 80' lang='lat' dir='ltr'><strong>exhibuit.</strong></span> <span class='ocrx_word' id='word_1_281' title='bbox 800 2780 877 2840; x_wconf 89' lang='lat' dir='ltr'><strong>At</strong></span> <span class='ocrx_word' id='word_1_282' title='bbox 905 2779 1034 2839; x_wconf 85' lang='lat' dir='ltr'><strong>haec</strong></span> <span class='ocrx_word' id='word_1_283' title='bbox 1065 2779 1368 2860; x_wconf 63' lang='lat' dir='ltr'><strong>praecipua</strong></span> <span class='ocrx_word' id='word_1_284' title='bbox 1399 2797 1577 2841; x_wconf 90' lang='lat' dir='ltr'><strong>causa</strong></span> <span class='ocrx_word' id='word_1_285' title='bbox 1608 2779 1737 2854; x_wconf 89' lang='lat' dir='ltr'><strong>fuit,</strong></span> <span class='ocrx_word' id='word_1_286' title='bbox 1777 2790 1836 2841; x_wconf 92' lang='lat' dir='ltr'><strong>ut</strong></span> <span class='ocrx_word' id='word_1_287' title='bbox 1888 2779 2028 2841; x_wconf 91' lang='lat' dir='ltr'><strong>dum</strong></span> <span class='ocrx_word' id='word_1_288' title='bbox 2060 2798 2124 2842; x_wconf 91' lang='lat' dir='ltr'><strong>se</strong></span> 
     </span>
    </p>
   </div>
   <div class='ocr_carea' id='block_1_46' title="bbox 470 2868 2123 2950">
    <p class='ocr_par' dir='ltr' id='par_1_46' title="bbox 470 2868 2123 2950">
     <span class='ocr_line' id='line_1_46' title="bbox 470 2868 2123 2950; baseline 0.002 -21"><span class='ocrx_word' id='word_1_289' title='bbox 470 2875 601 2948; x_wconf 91' lang='lat' dir='ltr'><strong>ipse</strong></span> <span class='ocrx_word' id='word_1_290' title='bbox 629 2868 713 2930; x_wconf 86' lang='lat' dir='ltr'><strong>uti</strong></span> <span class='ocrx_word' id='word_1_291' title='bbox 745 2886 912 2928; x_wconf 88' lang='lat' dir='ltr'><strong>reum</strong></span> <span class='ocrx_word' id='word_1_292' title='bbox 947 2868 1428 2930; x_wconf 87' lang='lat' dir='ltr'><strong>criminatoribus</strong></span> <span class='ocrx_word' id='word_1_293' title='bbox 1474 2870 1672 2949; x_wconf 80' lang='lat' dir='ltr'><strong>offert,</strong></span> <span class='ocrx_word' id='word_1_294' title='bbox 1704 2887 1976 2948; x_wconf 83' lang='lat' dir='ltr'><strong>magnam</strong></span> <span class='ocrx_word' id='word_1_295' title='bbox 2014 2889 2123 2950; x_wconf 92' lang='lat' dir='ltr'><strong>po-</strong></span> 
     </span>
    </p>
   </div>
   <div class='ocr_carea' id='block_1_47' title="bbox 475 2956 2125 3037">
    <p class='ocr_par' dir='ltr' id='par_1_47' title="bbox 475 2956 2125 3037">
     <span class='ocr_line' id='line_1_47' title="bbox 475 2956 2125 3037; baseline 0.001 -19"><span class='ocrx_word' id='word_1_296' title='bbox 475 2959 611 3036; x_wconf 91' lang='lat' dir='ltr'><strong>pulo</strong></span> <span class='ocrx_word' id='word_1_297' title='bbox 646 2956 1011 3037; x_wconf 79' lang='lat' dir='ltr'><strong>suspicionis</strong></span> <span class='ocrx_word' id='word_1_298' title='bbox 1038 2959 1412 3019; x_wconf 86' lang='lat' dir='ltr'><strong>occasionem</strong></span> <span class='ocrx_word' id='word_1_299' title='bbox 1449 2958 1787 3031; x_wconf 88' lang='lat' dir='ltr'><strong>dederit,ne</strong></span> <span class='ocrx_word' id='word_1_300' title='bbox 1815 2958 2043 3021; x_wconf 88' lang='lat' dir='ltr'><strong>crimen</strong></span> <span class='ocrx_word' id='word_1_301' title='bbox 2064 2959 2125 3020; x_wconf 87' lang='lat' dir='ltr'><strong>in</strong></span> 
     </span>
    </p>
   </div>
   <div class='ocr_carea' id='block_1_48' title="bbox 475 3045 2120 3127">
    <p class='ocr_par' dir='ltr' id='par_1_48' title="bbox 475 3045 2120 3127">
     <span class='ocr_line' id='line_1_48' title="bbox 475 3045 2120 3127; baseline 0.002 -20"><span class='ocrx_word' id='word_1_302' title='bbox 475 3065 540 3108; x_wconf 92' lang='lat' dir='ltr'><strong>se</strong></span> <span class='ocrx_word' id='word_1_303' title='bbox 583 3045 856 3126; x_wconf 85' lang='lat' dir='ltr'><strong>recipere</strong></span> <span class='ocrx_word' id='word_1_304' title='bbox 905 3047 1154 3123; x_wconf 84' lang='lat' dir='ltr'><strong>videret,</strong></span> <span class='ocrx_word' id='word_1_305' title='bbox 1183 3047 1400 3127; x_wconf 90' lang='lat' dir='ltr'><strong>illaque</strong></span> <span class='ocrx_word' id='word_1_306' title='bbox 1446 3048 1696 3109; x_wconf 92' lang='lat' dir='ltr'><strong>omnino</strong></span> <span class='ocrx_word' id='word_1_307' title='bbox 1729 3067 1865 3109; x_wconf 88' lang='lat' dir='ltr'><strong>vera</strong></span> <span class='ocrx_word' id='word_1_308' title='bbox 1898 3058 2120 3124; x_wconf 90' lang='lat' dir='ltr'><strong>essent,</strong></span> 
     </span>
    </p>
   </div>
   <div class='ocr_carea' id='block_1_49' title="bbox 476 3136 2123 3218">
    <p class='ocr_par' dir='ltr' id='par_1_49' title="bbox 476 3136 2123 3218">
     <span class='ocr_line' id='line_1_49' title="bbox 476 3136 2123 3218; baseline 0.002 -21"><span class='ocrx_word' id='word_1_309' title='bbox 476 3154 611 3213; x_wconf 84' lang='lat' dir='ltr'><strong>quae</strong></span> <span class='ocrx_word' id='word_1_310' title='bbox 657 3143 863 3198; x_wconf 89' lang='lat' dir='ltr'><strong>contra</strong></span> <span class='ocrx_word' id='word_1_311' title='bbox 894 3155 957 3196; x_wconf 91' lang='lat' dir='ltr'><strong>se</strong></span> <span class='ocrx_word' id='word_1_312' title='bbox 1001 3146 1380 3199; x_wconf 85' lang='lat' dir='ltr'><strong>accusatores</strong></span> <span class='ocrx_word' id='word_1_313' title='bbox 1427 3136 1831 3207; x_wconf 89' lang='lat' dir='ltr'><strong>intenderant,</strong></span> <span class='ocrx_word' id='word_1_314' title='bbox 1869 3147 1927 3198; x_wconf 89' lang='lat' dir='ltr'><strong>et</strong></span> <span class='ocrx_word' id='word_1_315' title='bbox 1981 3157 2123 3218; x_wconf 89' lang='lat' dir='ltr'><strong>pro-</strong></span> 
     </span>
    </p>
   </div>
   <div class='ocr_carea' id='block_1_50' title="bbox 2197 1975 3854 2058">
    <p class='ocr_par' dir='ltr' id='par_1_50' title="bbox 2197 1975 3854 2058">
     <span class='ocr_line' id='line_1_50' title="bbox 2197 1975 3854 2058; baseline -0.004 -21"><span class='ocrx_word' id='word_1_316' title='bbox 2197 1980 2321 2046; x_wconf 75' lang='grc' dir='ltr'><strong>κῆν.</strong></span> <span class='ocrx_word' id='word_1_317' title='bbox 2385 1977 2716 2058; x_wconf 75' lang='grc' dir='ltr'>Φιλαδέλφου</span> <span class='ocrx_word' id='word_1_318' title='bbox 2789 1977 2842 2035; x_wconf 80' lang='grc' dir='ltr'>δὲ</span> <span class='ocrx_word' id='word_1_319' title='bbox 2901 1982 2992 2037; x_wconf 72' lang='grc' dir='ltr'><strong>τοῦ</strong></span> <span class='ocrx_word' id='word_1_320' title='bbox 3063 1978 3306 2058; x_wconf 74' lang='grc' dir='ltr'>διακόνου</span> <span class='ocrx_word' id='word_1_321' title='bbox 3367 1979 3500 2056; x_wconf 77' lang='grc' dir='ltr'>πρὸς</span> <span class='ocrx_word' id='word_1_322' title='bbox 3567 1982 3732 2033; x_wconf 82' lang='grc' dir='ltr'>ταῦτα</span> <span class='ocrx_word' id='word_1_323' title='bbox 3796 1975 3854 2030; x_wconf 74' lang='grc' dir='ltr'><strong>τὰ</strong></span> 
     </span>
    </p>
   </div>
   <div class='ocr_carea' id='block_1_51' title="bbox 2197 2053 3856 2150">
    <p class='ocr_par' dir='ltr' id='par_1_51' title="bbox 2197 2053 3856 2150">
     <span class='ocr_line' id='line_1_51' title="bbox 2197 2053 3856 2150; baseline -0.004 -24"><span class='ocrx_word' id='word_1_324' title='bbox 2197 2071 2528 2148; x_wconf 76' lang='grc' dir='ltr'>προφητικὸν</span> <span class='ocrx_word' id='word_1_325' title='bbox 2598 2053 2780 2140; x_wconf 65' lang='grc' dir='ltr'>ἐκείνοι)</span> <span class='ocrx_word' id='word_1_326' title='bbox 2867 2069 3129 2150; x_wconf 79' lang='grc' dir='ltr'>εἰπόντος,</span> <span class='ocrx_word' id='word_1_327' title='bbox 3227 2090 3251 2125; x_wconf 72' lang='grc' dir='ltr'>ι</span> <span class='ocrx_word' id='word_1_328' title='bbox 3285 2053 3493 2124; x_wconf 62' lang='grc' dir='ltr'>Ἃλάλκ</span> <span class='ocrx_word' id='word_1_329' title='bbox 3563 2067 3856 2144; x_wconf 74' lang='grc' dir='ltr'>γενηθήτω</span> 
     </span>
    </p>
   </div>
   <div class='ocr_carea' id='block_1_52' title="bbox 2197 2153 3861 2238">
    <p class='ocr_par' dir='ltr' id='par_1_52' title="bbox 2197 2153 3861 2238">
     <span class='ocr_line' id='line_1_52' title="bbox 2197 2153 3861 2238; baseline -0.004 -23"><span class='ocrx_word' id='word_1_330' title='bbox 2197 2161 2261 2215; x_wconf 76' lang='grc' dir='ltr'>τὰ</span> <span class='ocrx_word' id='word_1_331' title='bbox 2320 2159 2481 2238; x_wconf 81' lang='grc' dir='ltr'>χείλη</span> <span class='ocrx_word' id='word_1_332' title='bbox 2541 2158 2606 2214; x_wconf 78' lang='grc' dir='ltr'><strong>τὰ</strong></span> <span class='ocrx_word' id='word_1_333' title='bbox 2657 2156 2807 2213; x_wconf 80' lang='grc' dir='ltr'>δόλια</span> <span class='ocrx_word' id='word_1_334' title='bbox 2876 2159 2942 2212; x_wconf 79' lang='grc' dir='ltr'>τὰ</span> <span class='ocrx_word' id='word_1_335' title='bbox 2999 2157 3260 2214; x_wconf 76' lang='grc' dir='ltr'>λαλοῦντα</span> <span class='ocrx_word' id='word_1_336' title='bbox 3313 2165 3449 2212; x_wconf 77' lang='grc' dir='ltr'>κατα</span> <span class='ocrx_word' id='word_1_337' title='bbox 3506 2163 3599 2212; x_wconf 79' lang='grc' dir='ltr'><strong>τοῦ</strong></span> <span class='ocrx_word' id='word_1_338' title='bbox 3653 2153 3861 2211; x_wconf 76' lang='grc' dir='ltr'>δικαίου</span> 
     </span>
    </p>
   </div>
   <div class='ocr_carea' id='block_1_53' title="bbox 2203 2244 3860 2326">
    <p class='ocr_par' dir='ltr' id='par_1_53' title="bbox 2203 2244 3860 2326">
     <span class='ocr_line' id='line_1_53' title="bbox 2203 2244 3860 2326; baseline -0.003 -23"><span class='ocrx_word' id='word_1_339' title='bbox 2203 2249 2423 2323; x_wconf 81' lang='grc' dir='ltr'>ἀνομίαν</span> <span class='ocrx_word' id='word_1_340' title='bbox 2457 2272 2483 2302; x_wconf 69' lang='grc' dir='ltr'>ιι</span> <span class='ocrx_word' id='word_1_341' title='bbox 2525 2295 2540 2326; x_wconf 88' lang='grc'><strong>,</strong></span> <span class='ocrx_word' id='word_1_342' title='bbox 2614 2245 2828 2325; x_wconf 82' lang='grc' dir='ltr'>δραμὼν</span> <span class='ocrx_word' id='word_1_343' title='bbox 2895 2249 2921 2302; x_wconf 98' lang='lat'><strong>6</strong></span> <span class='ocrx_word' id='word_1_344' title='bbox 2993 2247 3191 2326; x_wconf 77' lang='grc' dir='ltr'>ἀνίερος</span> <span class='ocrx_word' id='word_1_345' title='bbox 3262 2256 3640 2325; x_wconf 77' lang='grc' dir='ltr'>Κρισκεντῖνος</span> <span class='ocrx_word' id='word_1_346' title='bbox 3711 2244 3860 2300; x_wconf 85' lang='grc' dir='ltr'>παίει</span> 
     </span>
    </p>
   </div>
   <div class='ocr_carea' id='block_1_54' title="bbox 2204 2332 3860 2414">
    <p class='ocr_par' dir='ltr' id='par_1_54' title="bbox 2204 2332 3860 2414">
     <span class='ocr_line' id='line_1_54' title="bbox 2204 2332 3860 2414; baseline -0.004 -21"><span class='ocrx_word' id='word_1_347' title='bbox 2204 2339 2338 2393; x_wconf 86' lang='grc' dir='ltr'>κατὰ</span> <span class='ocrx_word' id='word_1_348' title='bbox 2397 2335 2588 2414; x_wconf 80' lang='grc' dir='ltr'>κόῤῥης</span> <span class='ocrx_word' id='word_1_349' title='bbox 2663 2335 2840 2397; x_wconf 72' lang='grc' dir='ltr'>αὗτόν.</span> <span class='ocrx_word' id='word_1_350' title='bbox 2918 2334 3039 2392; x_wconf 80' lang='grc' dir='ltr'><strong>Ἐπὶ</strong></span> <span class='ocrx_word' id='word_1_351' title='bbox 3109 2336 3282 2408; x_wconf 84' lang='grc' dir='ltr'>τούτῳ</span> <span class='ocrx_word' id='word_1_352' title='bbox 3349 2332 3860 2403; x_wconf 67' lang='grc' dir='ltr'>καταστασιάζωσιι</span> 
     </span>
    </p>
   </div>
   <div class='ocr_carea' id='block_1_55' title="bbox 2205 2422 3862 2502">
    <p class='ocr_par' dir='ltr' id='par_1_55' title="bbox 2205 2422 3862 2502">
     <span class='ocr_line' id='line_1_55' title="bbox 2205 2422 3862 2502; baseline -0.003 -20"><span class='ocrx_word' id='word_1_353' title='bbox 2205 2427 2363 2484; x_wconf 68' lang='grc' dir='ltr'><strong>αὸτοῦ</strong></span> <span class='ocrx_word' id='word_1_354' title='bbox 2425 2433 2526 2482; x_wconf 87' lang='grc' dir='ltr'><strong>πᾶν</strong></span> <span class='ocrx_word' id='word_1_355' title='bbox 2588 2426 2649 2480; x_wconf 76' lang='grc' dir='ltr'><strong>τὸ</strong></span> <span class='ocrx_word' id='word_1_356' title='bbox 2708 2423 2934 2498; x_wconf 87' lang='grc' dir='ltr'>πλῆθος,</span> <span class='ocrx_word' id='word_1_357' title='bbox 2997 2425 3083 2481; x_wconf 76' lang='grc' dir='ltr'>καὶ</span> <span class='ocrx_word' id='word_1_358' title='bbox 3161 2430 3353 2502; x_wconf 79' lang='grc' dir='ltr'><strong>μικροῦ</strong></span> <span class='ocrx_word' id='word_1_359' title='bbox 3411 2422 3471 2479; x_wconf 71' lang='grc' dir='ltr'>ἂν</span> <span class='ocrx_word' id='word_1_360' title='bbox 3528 2428 3712 2479; x_wconf 82' lang='grc' dir='ltr'>τοῦτον</span> <span class='ocrx_word' id='word_1_361' title='bbox 3777 2423 3862 2477; x_wconf 83' lang='grc' dir='ltr'>καὶ</span> 
     </span>
    </p>
   </div>
   <div class='ocr_carea' id='block_1_56' title="bbox 2203 2511 3860 2593">
    <p class='ocr_par' dir='ltr' id='par_1_56' title="bbox 2203 2511 3860 2593">
     <span class='ocr_line' id='line_1_56' title="bbox 2203 2511 3860 2593; baseline -0.003 -22"><span class='ocrx_word' id='word_1_362' title='bbox 2203 2515 2572 2593; x_wconf 62' lang='grc' dir='ltr'>διεσπάσαντο,</span> <span class='ocrx_word' id='word_1_363' title='bbox 2636 2515 2679 2568; x_wconf 74' lang='grc' dir='ltr'>εἰ</span> <span class='ocrx_word' id='word_1_364' title='bbox 2749 2513 2828 2588; x_wconf 79' lang='grc' dir='ltr'>μὴ</span> <span class='ocrx_word' id='word_1_365' title='bbox 2899 2516 2926 2568; x_wconf 90' lang='lat'><strong>6</strong></span> <span class='ocrx_word' id='word_1_366' title='bbox 2999 2512 3193 2591; x_wconf 87' lang='grc' dir='ltr'>μέγας,</span> <span class='ocrx_word' id='word_1_367' title='bbox 3247 2511 3606 2592; x_wconf 74' lang='grc' dir='ltr'>ἐπιστραφεὶς,</span> <span class='ocrx_word' id='word_1_368' title='bbox 3670 2514 3860 2572; x_wconf 73' lang='grc' dir='ltr'>αὖτοὺς</span> 
     </span>
    </p>
   </div>
   <div class='ocr_carea' id='block_1_57' title="bbox 2206 2599 3858 2681">
    <p class='ocr_par' dir='ltr' id='par_1_57' title="bbox 2206 2599 3858 2681">
     <span class='ocr_line' id='line_1_57' title="bbox 2206 2599 3858 2681; baseline -0.004 -21"><span class='ocrx_word' id='word_1_369' title='bbox 2206 2605 2300 2680; x_wconf 76' lang='grc' dir='ltr'><strong>μὲν</strong></span> <span class='ocrx_word' id='word_1_370' title='bbox 2392 2602 2695 2681; x_wconf 82' lang='grc' dir='ltr'>παραινέσει</span> <span class='ocrx_word' id='word_1_371' title='bbox 2786 2605 3052 2681; x_wconf 76' lang='grc' dir='ltr'>κατέσχεν</span> <span class='ocrx_word' id='word_1_372' title='bbox 3085 2651 3098 2677; x_wconf 93' lang='grc'><strong>,</strong></span> <span class='ocrx_word' id='word_1_373' title='bbox 3172 2603 3359 2658; x_wconf 78' lang='grc' dir='ltr'>ἑαυτὸν</span> <span class='ocrx_word' id='word_1_374' title='bbox 3441 2599 3496 2656; x_wconf 85' lang='grc' dir='ltr'>δὲ</span> <span class='ocrx_word' id='word_1_375' title='bbox 3585 2599 3858 2678; x_wconf 83' lang='grc' dir='ltr'>παρέσχεν</span> 
     </span>
    </p>
   </div>
   <div class='ocr_carea' id='block_1_58' title="bbox 2208 2686 3858 2769">
    <p class='ocr_par' dir='ltr' id='par_1_58' title="bbox 2208 2686 3858 2769">
     <span class='ocr_line' id='line_1_58' title="bbox 2208 2686 3858 2769; baseline -0.001 -21"><span class='ocrx_word' id='word_1_376' title='bbox 2208 2693 2432 2768; x_wconf 73' lang='grc' dir='ltr'>ἑτοίμως</span> <span class='ocrx_word' id='word_1_377' title='bbox 2484 2691 2628 2769; x_wconf 76' lang='grc' dir='ltr'>ἄγειν</span> <span class='ocrx_word' id='word_1_378' title='bbox 2667 2703 2786 2754; x_wconf 83' lang='grc' dir='ltr'>τοῖς</span> <span class='ocrx_word' id='word_1_379' title='bbox 2817 2689 3049 2752; x_wconf 76' lang='grc' dir='ltr'>ἕλκουσι.</span> <span class='ocrx_word' id='word_1_380' title='bbox 3104 2692 3266 2748; x_wconf 78' lang='grc' dir='ltr'>Τοῦτο</span> <span class='ocrx_word' id='word_1_381' title='bbox 3309 2689 3364 2746; x_wconf 69' lang='grc' dir='ltr'>δὲ</span> <span class='ocrx_word' id='word_1_382' title='bbox 3397 2687 3460 2756; x_wconf 80' lang='grc' dir='ltr'><strong>δὴ</strong></span> <span class='ocrx_word' id='word_1_383' title='bbox 3503 2689 3590 2748; x_wconf 79' lang='grc' dir='ltr'><strong>καὶ</strong></span> <span class='ocrx_word' id='word_1_384' title='bbox 3621 2686 3858 2764; x_wconf 80' lang='grc' dir='ltr'>μάλιστα</span> 
     </span>
    </p>
   </div>
   <div class='ocr_carea' id='block_1_59' title="bbox 2206 2777 3859 2861">
    <p class='ocr_par' dir='ltr' id='par_1_59' title="bbox 2206 2777 3859 2861">
     <span class='ocr_line' id='line_1_59' title="bbox 2206 2777 3859 2861; baseline -0.004 -23"><span class='ocrx_word' id='word_1_385' title='bbox 2206 2785 2266 2838; x_wconf 87' lang='grc' dir='ltr'>τὸ</span> <span class='ocrx_word' id='word_1_386' title='bbox 2336 2781 2596 2861; x_wconf 81' lang='grc' dir='ltr'>παρέχειν</span> <span class='ocrx_word' id='word_1_387' title='bbox 2657 2781 2842 2836; x_wconf 77' lang='grc' dir='ltr'>ἑαυτὸν</span> <span class='ocrx_word' id='word_1_388' title='bbox 2893 2783 2968 2844; x_wconf 87' lang='grc' dir='ltr'>ὡς</span> <span class='ocrx_word' id='word_1_389' title='bbox 3025 2781 3304 2836; x_wconf 67' lang='grc' dir='ltr'>δπειίθυνον</span> <span class='ocrx_word' id='word_1_390' title='bbox 3367 2780 3596 2853; x_wconf 76' lang='grc' dir='ltr'>ὑποψίας</span> <span class='ocrx_word' id='word_1_391' title='bbox 3667 2777 3859 2858; x_wconf 80' lang='grc' dir='ltr'>χώραν</span> 
     </span>
    </p>
   </div>
   <div class='ocr_carea' id='block_1_60' title="bbox 2208 2865 3859 2948">
    <p class='ocr_par' dir='ltr' id='par_1_60' title="bbox 2208 2865 3859 2948">
     <span class='ocr_line' id='line_1_60' title="bbox 2208 2865 3859 2948; baseline -0.004 -20"><span class='ocrx_word' id='word_1_392' title='bbox 2208 2870 2374 2928; x_wconf 70' lang='grc' dir='ltr'>ἐδίδου</span> <span class='ocrx_word' id='word_1_393' title='bbox 2428 2878 2504 2943; x_wconf 86' lang='grc' dir='ltr'><strong>τῷ</strong></span> <span class='ocrx_word' id='word_1_394' title='bbox 2561 2869 2738 2944; x_wconf 79' lang='grc' dir='ltr'>δήμῳ,</span> <span class='ocrx_word' id='word_1_395' title='bbox 2771 2869 2881 2948; x_wconf 85' lang='grc' dir='ltr'>καὶ,</span> <span class='ocrx_word' id='word_1_396' title='bbox 2918 2870 3060 2938; x_wconf 78' lang='grc' dir='ltr'>Μήτι</span> <span class='ocrx_word' id='word_1_397' title='bbox 3121 2890 3182 2946; x_wconf 89' lang='grc' dir='ltr'>γε</span> <span class='ocrx_word' id='word_1_398' title='bbox 3222 2865 3321 2948; x_wconf 66' lang='grc' dir='ltr'><strong>ἄρα</strong></span> <span class='ocrx_word' id='word_1_399' title='bbox 3363 2868 3450 2924; x_wconf 78' lang='grc' dir='ltr'><strong>καὶ</strong></span> <span class='ocrx_word' id='word_1_400' title='bbox 3494 2866 3670 2934; x_wconf 81' lang='grc' dir='ltr'>ἀληθῆ</span> <span class='ocrx_word' id='word_1_401' title='bbox 3701 2867 3740 2934; x_wconf 76' lang='grc' dir='ltr'><strong>ἦ</strong></span> <span class='ocrx_word' id='word_1_402' title='bbox 3794 2865 3859 2923; x_wconf 75' lang='grc' dir='ltr'><strong>τὰ</strong></span> 
     </span>
    </p>
   </div>
   <div class='ocr_carea' id='block_1_61' title="bbox 2207 2953 3858 3040">
    <p class='ocr_par' dir='ltr' id='par_1_61' title="bbox 2207 2953 3858 3040">
     <span class='ocr_line' id='line_1_61' title="bbox 2207 2953 3858 3040; baseline -0.004 -22"><span class='ocrx_word' id='word_1_403' title='bbox 2207 2963 2350 3040; x_wconf 78' lang='grc' dir='ltr'>παρὰ</span> <span class='ocrx_word' id='word_1_404' title='bbox 2411 2967 2515 3017; x_wconf 84' lang='grc' dir='ltr'>τῶν</span> <span class='ocrx_word' id='word_1_405' title='bbox 2576 2958 2889 3037; x_wconf 84' lang='grc' dir='ltr'>κατηγόρων</span> <span class='ocrx_word' id='word_1_406' title='bbox 2951 2959 3298 3036; x_wconf 79' lang='grc' dir='ltr'>είσαγόμενα,</span> <span class='ocrx_word' id='word_1_407' title='bbox 3358 2956 3568 3037; x_wconf 73' lang='grc' dir='ltr'>ἔλεγον,</span> <span class='ocrx_word' id='word_1_408' title='bbox 3624 2957 3713 3013; x_wconf 81' lang='grc' dir='ltr'><strong>καὶ</strong></span> <span class='ocrx_word' id='word_1_409' title='bbox 3774 2953 3858 3012; x_wconf 79' lang='grc' dir='ltr'>διὰ</span> 
     </span>
    </p>
   </div>
   <div class='ocr_carea' id='block_1_62' title="bbox 2207 3046 3856 3127">
    <p class='ocr_par' dir='ltr' id='par_1_62' title="bbox 2207 3046 3856 3127">
     <span class='ocr_line' id='line_1_62' title="bbox 2207 3046 3856 3127; baseline -0.005 -19"><span class='ocrx_word' id='word_1_410' title='bbox 2207 3059 2362 3108; x_wconf 81' lang='grc' dir='ltr'>τοῦτο</span> <span class='ocrx_word' id='word_1_411' title='bbox 2415 3053 2476 3106; x_wconf 82' lang='grc' dir='ltr'>τὸ</span> <span class='ocrx_word' id='word_1_412' title='bbox 2527 3047 2757 3110; x_wconf 71' lang='grc' dir='ltr'>συνειδὸς</span> <span class='ocrx_word' id='word_1_413' title='bbox 2817 3046 2960 3104; x_wconf 81' lang='grc' dir='ltr'>ἔνδον</span> <span class='ocrx_word' id='word_1_414' title='bbox 2993 3055 3323 3126; x_wconf 65' lang='grc' dir='ltr'>κατηγοροῦν</span> <span class='ocrx_word' id='word_1_415' title='bbox 3379 3047 3525 3127; x_wconf 75' lang='grc' dir='ltr'>ἔχων</span> <span class='ocrx_word' id='word_1_416' title='bbox 3555 3046 3650 3103; x_wconf 77' lang='grc' dir='ltr'>οὒκ</span> <span class='ocrx_word' id='word_1_417' title='bbox 3703 3046 3856 3102; x_wconf 78' lang='grc' dir='ltr'>ἀντι-</span> 
     </span>
    </p>
   </div>
   <div class='ocr_carea' id='block_1_63' title="bbox 2734 3135 3853 3216">
    <p class='ocr_par' dir='ltr' id='par_1_63' title="bbox 2734 3135 3853 3216">
     <span class='ocr_line' id='line_1_63' title="bbox 2734 3135 3853 3216; baseline -0.004 -23"><span class='ocrx_word' id='word_1_418' title='bbox 2734 3137 2853 3194; x_wconf 72' lang='grc' dir='ltr'>ἀλλ’</span> <span class='ocrx_word' id='word_1_419' title='bbox 2939 3136 3056 3196; x_wconf 77' lang='grc' dir='ltr'>οὐδὲ</span> <span class='ocrx_word' id='word_1_420' title='bbox 3129 3137 3406 3194; x_wconf 78' lang='grc' dir='ltr'>ἀντειπεῖν</span> <span class='ocrx_word' id='word_1_421' title='bbox 3475 3137 3606 3216; x_wconf 78' lang='grc' dir='ltr'>πρὸς</span> <span class='ocrx_word' id='word_1_422' title='bbox 3674 3135 3853 3197; x_wconf 74' lang='grc' dir='ltr'>αὐτοὺς</span> 
     </span>
    </p>
   </div>
   <div class='ocr_carea' id='block_1_64' title="bbox 2207 3139 2674 3219">
    <p class='ocr_par' dir='ltr' id='par_1_64' title="bbox 2207 3139 2674 3219">
     <span class='ocr_line' id='line_1_64' title="bbox 2207 3139 2674 3219; baseline -0.009 -21"><span class='ocrx_word' id='word_1_423' title='bbox 2207 3139 2396 3219; x_wconf 80' lang='grc' dir='ltr'>πρᾶξαι</span> <span class='ocrx_word' id='word_1_424' title='bbox 2471 3141 2632 3215; x_wconf 85' lang='grc' dir='ltr'>μόνον</span> <span class='ocrx_word' id='word_1_425' title='bbox 2657 3186 2674 3219; x_wconf 82' lang='grc'><strong>,</strong></span> 
     </span>
    </p>
   </div>
   <div class='ocr_carea' id='block_1_65' title="bbox 477 3226 2116 3308">
    <p class='ocr_par' dir='ltr' id='par_1_65' title="bbox 477 3226 2116 3308">
     <span class='ocr_line' id='line_1_65' title="bbox 477 3226 2116 3308; baseline 0.002 -21"><span class='ocrx_word' id='word_1_426' title='bbox 477 3235 685 3307; x_wconf 86' lang='lat' dir='ltr'><strong>pterea</strong></span> <span class='ocrx_word' id='word_1_427' title='bbox 711 3226 1082 3288; x_wconf 86' lang='lat' dir='ltr'><strong>conscientia</strong></span> <span class='ocrx_word' id='word_1_428' title='bbox 1108 3227 1274 3287; x_wconf 91' lang='lat' dir='ltr'><strong>illum</strong></span> <span class='ocrx_word' id='word_1_429' title='bbox 1297 3227 1545 3287; x_wconf 89' lang='lat' dir='ltr'><strong>interior</strong></span> <span class='ocrx_word' id='word_1_430' title='bbox 1569 3228 1890 3308; x_wconf 82' lang='lat' dir='ltr'><strong>evinceret,</strong></span> <span class='ocrx_word' id='word_1_431' title='bbox 1924 3238 2116 3291; x_wconf 83' lang='lat' dir='ltr'><strong>utnon</strong></span> 
     </span>
    </p>
   </div>
   <div class='ocr_carea' id='block_1_66' title="bbox 2203 3226 3314 3308">
    <p class='ocr_par' dir='ltr' id='par_1_66' title="bbox 2212 3226 3314 3304">
     <span class='ocr_line' id='line_1_66' title="bbox 2212 3226 3314 3304; baseline -0.005 -16"><span class='ocrx_word' id='word_1_432' title='bbox 2212 3230 2447 3289; x_wconf 80' lang='grc' dir='ltr'>δύναται.</span> <span class='ocrx_word' id='word_1_433' title='bbox 2487 3231 2584 3288; x_wconf 83' lang='grc' dir='ltr'><strong>Καὶ</strong></span> <span class='ocrx_word' id='word_1_434' title='bbox 2613 3240 2732 3292; x_wconf 76' lang='grc' dir='ltr'>τοὺς</span> <span class='ocrx_word' id='word_1_435' title='bbox 2766 3229 2865 3304; x_wconf 83' lang='grc' dir='ltr'><strong>μὲν</strong></span> <span class='ocrx_word' id='word_1_436' title='bbox 2892 3236 3056 3285; x_wconf 80' lang='grc' dir='ltr'>ταῦτα</span> <span class='ocrx_word' id='word_1_437' title='bbox 3086 3226 3314 3289; x_wconf 80' lang='grc' dir='ltr'>ἐκλόνει,</span> 
     </span>
    </p>
   </div>
   <div class='ocr_carea' id='block_1_67' title="bbox 475 3311 3845 3401">
    <p class='ocr_par' dir='ltr' id='par_1_67' title="bbox 475 3311 3845 3401">
     <span class='ocr_line' id='line_1_67' title="bbox 475 3311 3845 3401; baseline -0.001 -23"><span class='ocrx_word' id='word_1_438' title='bbox 475 3317 670 3378; x_wconf 92' lang='lat' dir='ltr'><strong>solum</strong></span> <span class='ocrx_word' id='word_1_439' title='bbox 717 3334 821 3396; x_wconf 90' lang='lat' dir='ltr'><strong>pro</strong></span> <span class='ocrx_word' id='word_1_440' title='bbox 853 3334 915 3377; x_wconf 90' lang='lat' dir='ltr'><strong>se</strong></span> <span class='ocrx_word' id='word_1_441' title='bbox 945 3315 1167 3396; x_wconf 91' lang='lat' dir='ltr'><strong>aliquid</strong></span> <span class='ocrx_word' id='word_1_442' title='bbox 1199 3334 1394 3396; x_wconf 82' lang='lat' dir='ltr'><strong>agere,</strong></span> <span class='ocrx_word' id='word_1_443' title='bbox 1432 3317 1534 3378; x_wconf 90' lang='lat' dir='ltr'><strong>sed</strong></span> <span class='ocrx_word' id='word_1_444' title='bbox 1569 3335 1642 3377; x_wconf 90' lang='lat' dir='ltr'><strong>ne</strong></span> <span class='ocrx_word' id='word_1_445' title='bbox 1685 3318 1841 3398; x_wconf 87' lang='lat' dir='ltr'><strong>loqui</strong></span> <span class='ocrx_word' id='word_1_446' title='bbox 1876 3319 2120 3394; x_wconf 90' lang='lat' dir='ltr'><strong>quidem</strong></span> <span class='ocrx_word' id='word_1_447' title='bbox 2167 3327 2372 3384; x_wconf 91' lang='lat' dir='ltr'><strong>contra</strong></span> <span class='ocrx_word' id='word_1_448' title='bbox 2400 3319 2725 3401; x_wconf 88' lang='lat' dir='ltr'><strong>quidquam</strong></span> <span class='ocrx_word' id='word_1_449' title='bbox 2778 3317 3050 3380; x_wconf 89' lang='lat' dir='ltr'><strong>auderet.</strong></span> <span class='ocrx_word' id='word_1_450' title='bbox 3086 3315 3189 3379; x_wconf 88' lang='lat' dir='ltr'><strong>His</strong></span> <span class='ocrx_word' id='word_1_451' title='bbox 3222 3334 3368 3379; x_wconf 89' lang='lat' dir='ltr'><strong>sane</strong></span> <span class='ocrx_word' id='word_1_452' title='bbox 3398 3311 3845 3396; x_wconf 87' lang='lat' dir='ltr'><strong>cogitationibus</strong></span> 
     </span>
    </p>
   </div>
   <div class='ocr_carea' id='block_1_68' title="bbox 475 3405 1410 3484">
    <p class='ocr_par' dir='ltr' id='par_1_68' title="bbox 475 3405 1410 3484">
     <span class='ocr_line' id='line_1_68' title="bbox 475 3405 1410 3484; baseline 0 -18"><span class='ocrx_word' id='word_1_453' title='bbox 475 3405 712 3467; x_wconf 90' lang='lat' dir='ltr'><strong>illorum</strong></span> <span class='ocrx_word' id='word_1_454' title='bbox 744 3405 929 3466; x_wconf 90' lang='lat' dir='ltr'><strong>animi</strong></span> <span class='ocrx_word' id='word_1_455' title='bbox 962 3405 1410 3484; x_wconf 82' lang='lat' dir='ltr'><strong>torquebantur.</strong></span> 
     </span>
    </p>
   </div>
   <div class='ocr_carea' id='block_1_69' title="bbox 556 3490 2125 3574">
    <p class='ocr_par' dir='ltr' id='par_1_69' title="bbox 556 3490 2125 3574">
     <span class='ocr_line' id='line_1_69' title="bbox 556 3490 2125 3574; baseline 0.005 -21"><span class='ocrx_word' id='word_1_456' title='bbox 556 3492 700 3554; x_wconf 83' lang='lat' dir='ltr'><strong>XLI.</strong></span> <span class='ocrx_word' id='word_1_457' title='bbox 755 3490 988 3554; x_wconf 83' lang='lat' dir='ltr'><strong>Interea</strong></span> <span class='ocrx_word' id='word_1_458' title='bbox 1019 3512 1156 3554; x_wconf 85' lang='lat' dir='ltr'><strong>vero</strong></span> <span class='ocrx_word' id='word_1_459' title='bbox 1211 3493 1470 3574; x_wconf 90' lang='lat' dir='ltr'><strong>improbi</strong></span> <span class='ocrx_word' id='word_1_460' title='bbox 1503 3495 1779 3556; x_wconf 87' lang='lat' dir='ltr'><strong>homines</strong></span> <span class='ocrx_word' id='word_1_461' title='bbox 1830 3497 2125 3562; x_wconf 86' lang='lat' dir='ltr'><strong>seditione</strong></span> 
     </span>
    </p>
   </div>
   <div class='ocr_carea' id='block_1_70' title="bbox 477 3581 2120 3664">
    <p class='ocr_par' dir='ltr' id='par_1_70' title="bbox 477 3581 2120 3664">
     <span class='ocr_line' id='line_1_70' title="bbox 477 3581 2120 3664; baseline 0.005 -22"><span class='ocrx_word' id='word_1_462' title='bbox 477 3581 865 3664; x_wconf 71' lang='lat' dir='ltr'><strong>prazvalontes</strong></span> <span class='ocrx_word' id='word_1_463' title='bbox 935 3581 1123 3642; x_wconf 89' lang='lat' dir='ltr'><strong>virum</strong></span> <span class='ocrx_word' id='word_1_464' title='bbox 1196 3592 1466 3644; x_wconf 89' lang='lat' dir='ltr'><strong>sanctum</strong></span> <span class='ocrx_word' id='word_1_465' title='bbox 1530 3584 1707 3645; x_wconf 93' lang='lat' dir='ltr'><strong>domo</strong></span> <span class='ocrx_word' id='word_1_466' title='bbox 1780 3587 2120 3662; x_wconf 86' lang='lat' dir='ltr'><strong>exturbant,</strong></span> 
     </span>
    </p>
   </div>
   <div class='ocr_carea' id='block_1_71' title="bbox 479 3671 2123 3755">
    <p class='ocr_par' dir='ltr' id='par_1_71' title="bbox 479 3671 2123 3755">
     <span class='ocr_line' id='line_1_71' title="bbox 479 3671 2123 3755; baseline 0.004 -22"><span class='ocrx_word' id='word_1_467' title='bbox 479 3689 740 3749; x_wconf 90' lang='lat' dir='ltr'><strong>eumque</strong></span> <span class='ocrx_word' id='word_1_468' title='bbox 790 3671 849 3731; x_wconf 92' lang='lat' dir='ltr'><strong>in</strong></span> <span class='ocrx_word' id='word_1_469' title='bbox 883 3672 1210 3732; x_wconf 90' lang='lat' dir='ltr'><strong>custodiam</strong></span> <span class='ocrx_word' id='word_1_470' title='bbox 1247 3672 1505 3753; x_wconf 80' lang='lat' dir='ltr'><strong>tradunt,</strong></span> <span class='ocrx_word' id='word_1_471' title='bbox 1542 3673 1823 3754; x_wconf 84' lang='lat' dir='ltr'><strong>lignoque</strong></span> <span class='ocrx_word' id='word_1_472' title='bbox 1871 3676 2123 3755; x_wconf 83' lang='lat' dir='ltr'><strong>pedibus</strong></span> 
     </span>
    </p>
   </div>
   <div class='ocr_carea' id='block_1_72' title="bbox 478 3760 2122 3839">
    <p class='ocr_par' dir='ltr' id='par_1_72' title="bbox 478 3760 2122 3839">
     <span class='ocr_line' id='line_1_72' title="bbox 478 3760 2122 3839; baseline 0.004 -17"><span class='ocrx_word' id='word_1_473' title='bbox 478 3760 634 3822; x_wconf 91' lang='lat' dir='ltr'><strong>illius</strong></span> <span class='ocrx_word' id='word_1_474' title='bbox 667 3760 889 3839; x_wconf 88' lang='lat' dir='ltr'><strong>injecto</strong></span> <span class='ocrx_word' id='word_1_475' title='bbox 921 3761 1358 3823; x_wconf 89' lang='lat' dir='ltr'><strong>communiunt.</strong></span> <span class='ocrx_word' id='word_1_476' title='bbox 1390 3761 1530 3824; x_wconf 86' lang='lat' dir='ltr'><strong>Erat</strong></span> <span class='ocrx_word' id='word_1_477' title='bbox 1558 3772 1755 3825; x_wconf 92' lang='lat' dir='ltr'><strong>autem</strong></span> <span class='ocrx_word' id='word_1_478' title='bbox 1787 3764 1888 3826; x_wconf 90' lang='lat' dir='ltr'><strong>illa</strong></span> <span class='ocrx_word' id='word_1_479' title='bbox 1919 3775 2122 3828; x_wconf 88' lang='lat' dir='ltr'><strong>custo-</strong></span> 
     </span>
    </p>
   </div>
   <div class='ocr_carea' id='block_1_73' title="bbox 477 3849 2120 3936">
    <p class='ocr_par' dir='ltr' id='par_1_73' title="bbox 477 3849 2120 3936">
     <span class='ocr_line' id='line_1_73' title="bbox 477 3849 2120 3936; baseline 0.004 -25"><span class='ocrx_word' id='word_1_480' title='bbox 477 3849 597 3922; x_wconf 92' lang='lat' dir='ltr'><strong>dia,</strong></span> <span class='ocrx_word' id='word_1_481' title='bbox 634 3867 749 3928; x_wconf 90' lang='lat' dir='ltr'><strong>qua</strong></span> <span class='ocrx_word' id='word_1_482' title='bbox 803 3867 1047 3929; x_wconf 84' lang='lat' dir='ltr'><strong>magnus</strong></span> <span class='ocrx_word' id='word_1_483' title='bbox 1096 3849 1198 3911; x_wconf 92' lang='lat' dir='ltr'><strong>ille</strong></span> <span class='ocrx_word' id='word_1_484' title='bbox 1255 3851 1576 3928; x_wconf 82' lang='lat' dir='ltr'><strong>Gregorius</strong></span> <span class='ocrx_word' id='word_1_485' title='bbox 1627 3851 1821 3932; x_wconf 78' lang='lat' dir='ltr'><strong>Lybis,</strong></span> <span class='ocrx_word' id='word_1_486' title='bbox 1857 3856 1960 3931; x_wconf 93' lang='lat' dir='ltr'><strong>qui</strong></span> <span class='ocrx_word' id='word_1_487' title='bbox 2013 3875 2120 3936; x_wconf 92' lang='lat' dir='ltr'><strong>pro</strong></span> 
     </span>
    </p>
   </div>
   <div class='ocr_carea' id='block_1_74' title="bbox 478 3939 2118 4019">
    <p class='ocr_par' dir='ltr' id='par_1_74' title="bbox 478 3939 2118 4019">
     <span class='ocr_line' id='line_1_74' title="bbox 478 3939 2118 4019; baseline 0.004 -19"><span class='ocrx_word' id='word_1_488' title='bbox 478 3939 714 4000; x_wconf 82' lang='lat' dir='ltr'><strong>Christo</strong></span> <span class='ocrx_word' id='word_1_489' title='bbox 768 3947 1020 4001; x_wconf 88' lang='lat' dir='ltr'><strong>mortem</strong></span> <span class='ocrx_word' id='word_1_490' title='bbox 1074 3939 1347 4019; x_wconf 87' lang='lat' dir='ltr'><strong>oppetiit,</strong></span> <span class='ocrx_word' id='word_1_491' title='bbox 1383 3940 1656 4002; x_wconf 91' lang='lat' dir='ltr'><strong>detentus</strong></span> <span class='ocrx_word' id='word_1_492' title='bbox 1703 3941 1914 4005; x_wconf 90' lang='lat' dir='ltr'><strong>fuerat.</strong></span> <span class='ocrx_word' id='word_1_493' title='bbox 1971 3944 2118 4006; x_wconf 88' lang='lat' dir='ltr'><strong>Cum</strong></span> 
     </span>
    </p>
   </div>
   <div class='ocr_carea' id='block_1_75' title="bbox 477 4025 2120 4114">
    <p class='ocr_par' dir='ltr' id='par_1_75' title="bbox 477 4025 2120 4114">
     <span class='ocr_line' id='line_1_75' title="bbox 477 4025 2120 4114; baseline 0.003 -26"><span class='ocrx_word' id='word_1_494' title='bbox 477 4025 657 4104; x_wconf 83' lang='lat' dir='ltr'><strong>igitur</strong></span> <span class='ocrx_word' id='word_1_495' title='bbox 704 4025 860 4087; x_wconf 88' lang='lat' dir='ltr'><strong>fama</strong></span> <span class='ocrx_word' id='word_1_496' title='bbox 907 4026 1062 4107; x_wconf 84' lang='lat' dir='ltr'><strong>apud</strong></span> <span class='ocrx_word' id='word_1_497' title='bbox 1120 4046 1329 4088; x_wconf 92' lang='lat' dir='ltr'><strong>omnes</strong></span> <span class='ocrx_word' id='word_1_498' title='bbox 1371 4039 1799 4105; x_wconf 85' lang='lat' dir='ltr'><strong>crebresceret,</strong></span> <span class='ocrx_word' id='word_1_499' title='bbox 1839 4033 2120 4114; x_wconf 88' lang='lat' dir='ltr'><strong>frequens</strong></span> 
     </span>
    </p>
   </div>
   <div class='ocr_carea' id='block_1_76' title="bbox 480 4115 2116 4202">
    <p class='ocr_par' dir='ltr' id='par_1_76' title="bbox 480 4115 2116 4202">
     <span class='ocr_line' id='line_1_76' title="bbox 480 4115 2116 4202; baseline 0.004 -27"><span class='ocrx_word' id='word_1_500' title='bbox 480 4115 745 4195; x_wconf 57' lang='lat' dir='ltr'><strong>quaedam</strong></span> <span class='ocrx_word' id='word_1_501' title='bbox 782 4115 1101 4177; x_wconf 87' lang='lat' dir='ltr'><strong>multitudo</strong></span> <span class='ocrx_word' id='word_1_502' title='bbox 1127 4135 1232 4196; x_wconf 88' lang='lat' dir='ltr'><strong>pro</strong></span> <span class='ocrx_word' id='word_1_503' title='bbox 1265 4117 1494 4179; x_wconf 90' lang='lat' dir='ltr'><strong>foribus</strong></span> <span class='ocrx_word' id='word_1_504' title='bbox 1526 4120 1784 4182; x_wconf 89' lang='lat' dir='ltr'><strong>carceris</strong></span> <span class='ocrx_word' id='word_1_505' title='bbox 1816 4120 2116 4202; x_wconf 65' lang='lat' dir='ltr'><strong>haerebat;</strong></span> 
     </span>
    </p>
   </div>
   <div class='ocr_carea' id='block_1_77' title="bbox 481 4203 2120 4291">
    <p class='ocr_par' dir='ltr' id='par_1_77' title="bbox 481 4203 2120 4291">
     <span class='ocr_line' id='line_1_77' title="bbox 481 4203 2120 4291; baseline 0.006 -28"><span class='ocrx_word' id='word_1_506' title='bbox 481 4221 730 4284; x_wconf 80' lang='lat' dir='ltr'><strong>quorum</strong></span> <span class='ocrx_word' id='word_1_507' title='bbox 762 4203 860 4266; x_wconf 89' lang='lat' dir='ltr'><strong>alii</strong></span> <span class='ocrx_word' id='word_1_508' title='bbox 895 4206 1191 4281; x_wconf 89' lang='lat' dir='ltr'><strong>manibus,</strong></span> <span class='ocrx_word' id='word_1_509' title='bbox 1219 4206 1320 4267; x_wconf 86' lang='lat' dir='ltr'><strong>alii</strong></span> <span class='ocrx_word' id='word_1_510' title='bbox 1345 4207 1596 4286; x_wconf 92' lang='lat' dir='ltr'><strong>pedibus</strong></span> <span class='ocrx_word' id='word_1_511' title='bbox 1628 4218 1825 4288; x_wconf 90' lang='lat' dir='ltr'><strong>portas</strong></span> <span class='ocrx_word' id='word_1_512' title='bbox 1856 4211 2120 4291; x_wconf 87' lang='lat' dir='ltr'><strong>perfrin-</strong></span> 
     </span>
    </p>
   </div>
   <div class='ocr_carea' id='block_1_78' title="bbox 477 4293 2122 4371">
    <p class='ocr_par' dir='ltr' id='par_1_78' title="bbox 477 4293 2122 4371">
     <span class='ocr_line' id='line_1_78' title="bbox 477 4293 2122 4371; baseline 0.004 -15"><span class='ocrx_word' id='word_1_513' title='bbox 477 4293 714 4371; x_wconf 83' lang='lat' dir='ltr'><strong>gebant,</strong></span> <span class='ocrx_word' id='word_1_514' title='bbox 742 4293 1244 4356; x_wconf 90' lang='lat' dir='ltr'><strong>nonnulliferreis</strong></span> <span class='ocrx_word' id='word_1_515' title='bbox 1271 4295 1534 4356; x_wconf 87' lang='lat' dir='ltr'><strong>vectibus</strong></span> <span class='ocrx_word' id='word_1_516' title='bbox 1566 4298 1842 4359; x_wconf 89' lang='lat' dir='ltr'><strong>demoliri</strong></span> <span class='ocrx_word' id='word_1_517' title='bbox 1864 4319 1931 4362; x_wconf 89' lang='lat' dir='ltr'><strong>ac</strong></span> <span class='ocrx_word' id='word_1_518' title='bbox 1955 4319 2122 4363; x_wconf 85' lang='lat' dir='ltr'><strong>ever-</strong></span> 
     </span>
    </p>
   </div>
   <div class='ocr_carea' id='block_1_79' title="bbox 2289 3495 3856 3576">
    <p class='ocr_par' dir='ltr' id='par_1_79' title="bbox 2289 3495 3856 3576">
     <span class='ocr_line' id='line_1_79' title="bbox 2289 3495 3856 3576; baseline -0.004 -19"><span class='ocrx_word' id='word_1_519' title='bbox 2289 3500 2435 3562; x_wconf 60' lang='grc' dir='ltr'><strong>ΜΝ.</strong></span> <span class='ocrx_word' id='word_1_520' title='bbox 2500 3499 2590 3558; x_wconf 82' lang='grc' dir='ltr'><strong>Ἐν</strong></span> <span class='ocrx_word' id='word_1_521' title='bbox 2618 3499 2853 3573; x_wconf 78' lang='grc' dir='ltr'>τοσούτῳ</span> <span class='ocrx_word' id='word_1_522' title='bbox 2912 3495 2964 3554; x_wconf 79' lang='grc' dir='ltr'>δὲ</span> <span class='ocrx_word' id='word_1_523' title='bbox 2997 3497 3102 3554; x_wconf 81' lang='grc' dir='ltr'><strong>τῶν</strong></span> <span class='ocrx_word' id='word_1_524' title='bbox 3163 3496 3382 3576; x_wconf 82' lang='grc' dir='ltr'>ἀνιέρων</span> <span class='ocrx_word' id='word_1_525' title='bbox 3427 3495 3640 3553; x_wconf 74' lang='grc' dir='ltr'>ἐκείνων</span> <span class='ocrx_word' id='word_1_526' title='bbox 3692 3495 3856 3572; x_wconf 73' lang='grc' dir='ltr'>ὕπερ-</span> 
     </span>
    </p>
   </div>
   <div class='ocr_carea' id='block_1_80' title="bbox 2207 3582 3856 3673">
    <p class='ocr_par' dir='ltr' id='par_1_80' title="bbox 2207 3582 3856 3673">
     <span class='ocr_line' id='line_1_80' title="bbox 2207 3582 3856 3673; baseline -0.005 -24"><span class='ocrx_word' id='word_1_527' title='bbox 2207 3614 2421 3673; x_wconf 77' lang='grc' dir='ltr'>σχυσαν</span> <span class='ocrx_word' id='word_1_528' title='bbox 2458 3591 2789 3663; x_wconf 78' lang='grc' dir='ltr'>τὸσύστημα,</span> <span class='ocrx_word' id='word_1_529' title='bbox 2821 3590 2915 3645; x_wconf 78' lang='grc' dir='ltr'>τοῦ</span> <span class='ocrx_word' id='word_1_530' title='bbox 2945 3587 3298 3645; x_wconf 72' lang='grc' dir='ltr'>ἒπισκοπείου</span> <span class='ocrx_word' id='word_1_531' title='bbox 3329 3609 3386 3644; x_wconf 87' lang='grc' dir='ltr'>τε</span> <span class='ocrx_word' id='word_1_532' title='bbox 3419 3587 3510 3643; x_wconf 78' lang='grc' dir='ltr'><strong>τδν</strong></span> <span class='ocrx_word' id='word_1_533' title='bbox 3545 3584 3696 3664; x_wconf 72' lang='grc' dir='ltr'>ἅγιον</span> <span class='ocrx_word' id='word_1_534' title='bbox 3727 3582 3856 3650; x_wconf 71' lang='grc' dir='ltr'>ἔξω·</span> 
     </span>
    </p>
   </div>
   <div class='ocr_carea' id='block_1_81' title="bbox 2204 3673 3858 3758">
    <p class='ocr_par' dir='ltr' id='par_1_81' title="bbox 2204 3673 3858 3758">
     <span class='ocr_line' id='line_1_81' title="bbox 2204 3673 3858 3758; baseline -0.004 -19"><span class='ocrx_word' id='word_1_535' title='bbox 2204 3687 2371 3756; x_wconf 82' lang='grc' dir='ltr'>θοῠσι,</span> <span class='ocrx_word' id='word_1_536' title='bbox 2407 3681 2494 3737; x_wconf 81' lang='grc' dir='ltr'>καὶ</span> <span class='ocrx_word' id='word_1_537' title='bbox 2545 3679 2723 3758; x_wconf 78' lang='grc' dir='ltr'>εἱρκτῆ</span> <span class='ocrx_word' id='word_1_538' title='bbox 2752 3685 2939 3736; x_wconf 61' lang='grc' dir='ltr'>τοῦτον</span> <span class='ocrx_word' id='word_1_539' title='bbox 2998 3674 3366 3756; x_wconf 84' lang='grc' dir='ltr'>παραδιδόασι,</span> <span class='ocrx_word' id='word_1_540' title='bbox 3394 3678 3516 3740; x_wconf 82' lang='grc' dir='ltr'>τοὺς</span> <span class='ocrx_word' id='word_1_541' title='bbox 3566 3673 3730 3738; x_wconf 82' lang='grc' dir='ltr'>πόδας</span> <span class='ocrx_word' id='word_1_542' title='bbox 3781 3680 3858 3748; x_wconf 83' lang='grc' dir='ltr'><strong>τῷ</strong></span> 
     </span>
    </p>
   </div>
   <div class='ocr_carea' id='block_1_82' title="bbox 2205 3765 3860 3849">
    <p class='ocr_par' dir='ltr' id='par_1_82' title="bbox 2205 3765 3860 3849">
     <span class='ocr_line' id='line_1_82' title="bbox 2205 3765 3860 3849; baseline -0.005 -21"><span class='ocrx_word' id='word_1_543' title='bbox 2205 3770 2339 3845; x_wconf 80' lang='grc' dir='ltr'>ξύλῳ</span> <span class='ocrx_word' id='word_1_544' title='bbox 2389 3769 2832 3849; x_wconf 76' lang='grc' dir='ltr'>ἀσφαλισάμενοι,</span> <span class='ocrx_word' id='word_1_545' title='bbox 2869 3767 3048 3846; x_wconf 75' lang='grc' dir='ltr'>εἱρκτῆ</span> <span class='ocrx_word' id='word_1_546' title='bbox 3080 3765 3132 3822; x_wconf 80' lang='grc' dir='ltr'>δὲ</span> <span class='ocrx_word' id='word_1_547' title='bbox 3188 3767 3256 3832; x_wconf 87' lang='grc' dir='ltr'>ῆν</span> <span class='ocrx_word' id='word_1_548' title='bbox 3313 3765 3489 3832; x_wconf 73' lang='grc' dir='ltr'>ἐκείνη</span> <span class='ocrx_word' id='word_1_549' title='bbox 3548 3765 3584 3831; x_wconf 55' lang='lat' dir='ltr'><strong>in</strong></span> <span class='ocrx_word' id='word_1_550' title='bbox 3628 3766 3716 3822; x_wconf 77' lang='grc' dir='ltr'><strong>καὶ</strong></span> <span class='ocrx_word' id='word_1_551' title='bbox 3767 3765 3860 3820; x_wconf 82' lang='grc' dir='ltr'><strong>τὸν</strong></span> 
     </span>
    </p>
   </div>
   <div class='ocr_carea' id='block_1_83' title="bbox 2206 3852 3854 3939">
    <p class='ocr_par' dir='ltr' id='par_1_83' title="bbox 2206 3852 3854 3939">
     <span class='ocr_line' id='line_1_83' title="bbox 2206 3852 3854 3939; baseline -0.005 -21"><span class='ocrx_word' id='word_1_552' title='bbox 2206 3862 2339 3919; x_wconf 88' lang='grc' dir='ltr'>πάνυ</span> <span class='ocrx_word' id='word_1_553' title='bbox 2414 3859 2704 3939; x_wconf 82' lang='grc' dir='ltr'>Γρηγόριον</span> <span class='ocrx_word' id='word_1_554' title='bbox 2773 3859 2863 3914; x_wconf 84' lang='grc' dir='ltr'><strong>τὸν</strong></span> <span class='ocrx_word' id='word_1_555' title='bbox 2934 3853 3090 3916; x_wconf 81' lang='grc' dir='ltr'>Λίϐυν</span> <span class='ocrx_word' id='word_1_556' title='bbox 3176 3857 3237 3912; x_wconf 80' lang='grc' dir='ltr'>τὸ</span> <span class='ocrx_word' id='word_1_557' title='bbox 3310 3855 3628 3934; x_wconf 77' lang='grc' dir='ltr'>μαρτυρικὸν</span> <span class='ocrx_word' id='word_1_558' title='bbox 3698 3852 3854 3918; x_wconf 83' lang='grc' dir='ltr'>τέλος</span> 
     </span>
    </p>
   </div>
   <div class='ocr_carea' id='block_1_84' title="bbox 2203 3943 3856 4030">
    <p class='ocr_par' dir='ltr' id='par_1_84' title="bbox 2203 3943 3856 4030">
     <span class='ocr_line' id='line_1_84' title="bbox 2203 3943 3856 4030; baseline -0.005 -23"><span class='ocrx_word' id='word_1_559' title='bbox 2203 3951 2331 4030; x_wconf 80' lang='grc' dir='ltr'>ὑπὲρ</span> <span class='ocrx_word' id='word_1_560' title='bbox 2403 3955 2627 4027; x_wconf 78' lang='grc' dir='ltr'>Χριστοῦ</span> <span class='ocrx_word' id='word_1_561' title='bbox 2699 3946 2977 4023; x_wconf 80' lang='grc' dir='ltr'>δεξάμενον</span> <span class='ocrx_word' id='word_1_562' title='bbox 3038 3944 3174 4004; x_wconf 76' lang='grc' dir='ltr'>εἶδε.</span> <span class='ocrx_word' id='word_1_563' title='bbox 3249 3949 3355 4014; x_wconf 78' lang='grc' dir='ltr'>Τῆς</span> <span class='ocrx_word' id='word_1_564' title='bbox 3430 3945 3619 4024; x_wconf 76' lang='grc' dir='ltr'>φήμης</span> <span class='ocrx_word' id='word_1_565' title='bbox 3680 3943 3856 4002; x_wconf 85' lang='grc' dir='ltr'>τοίνυν</span> 
     </span>
    </p>
   </div>
   <div class='ocr_carea' id='block_1_85' title="bbox 2203 4033 3856 4116">
    <p class='ocr_par' dir='ltr' id='par_1_85' title="bbox 2203 4033 3856 4116">
     <span class='ocr_line' id='line_1_85' title="bbox 2203 4033 3856 4116; baseline -0.005 -19"><span class='ocrx_word' id='word_1_566' title='bbox 2203 4043 2406 4104; x_wconf 81' lang='grc' dir='ltr'>πάντας</span> <span class='ocrx_word' id='word_1_567' title='bbox 2467 4037 2877 4116; x_wconf 83' lang='grc' dir='ltr'>δισδραμούσης,</span> <span class='ocrx_word' id='word_1_568' title='bbox 2938 4033 3076 4091; x_wconf 81' lang='grc' dir='ltr'>πολύ</span> <span class='ocrx_word' id='word_1_569' title='bbox 3148 4057 3198 4090; x_wconf 91' lang='grc' dir='ltr'><strong>τι</strong></span> <span class='ocrx_word' id='word_1_570' title='bbox 3268 4033 3472 4103; x_wconf 88' lang='grc' dir='ltr'>πλῆθος</span> <span class='ocrx_word' id='word_1_571' title='bbox 3530 4034 3662 4112; x_wconf 82' lang='grc' dir='ltr'>πρὸς</span> <span class='ocrx_word' id='word_1_572' title='bbox 3730 4035 3856 4094; x_wconf 78' lang='grc' dir='ltr'>ταῖς</span> 
     </span>
    </p>
   </div>
   <div class='ocr_carea' id='block_1_86' title="bbox 2202 4121 3861 4207">
    <p class='ocr_par' dir='ltr' id='par_1_86' title="bbox 2202 4121 3861 4207">
     <span class='ocr_line' id='line_1_86' title="bbox 2202 4121 3861 4207; baseline -0.007 -21"><span class='ocrx_word' id='word_1_573' title='bbox 2202 4131 2378 4207; x_wconf 80' lang='grc' dir='ltr'>θύραις</span> <span class='ocrx_word' id='word_1_574' title='bbox 2434 4125 2736 4205; x_wconf 77' lang='grc' dir='ltr'>συνηνέχθη</span> <span class='ocrx_word' id='word_1_575' title='bbox 2791 4130 2891 4190; x_wconf 89' lang='grc' dir='ltr'><strong>τῆς</strong></span> <span class='ocrx_word' id='word_1_576' title='bbox 2947 4124 3210 4204; x_wconf 56' lang='grc' dir='ltr'>φυλακῆς</span> <span class='ocrx_word' id='word_1_577' title='bbox 3269 4123 3357 4180; x_wconf 84' lang='grc' dir='ltr'><strong>καὶ</strong></span> <span class='ocrx_word' id='word_1_578' title='bbox 3399 4121 3601 4179; x_wconf 83' lang='grc' dir='ltr'>τούτων</span> <span class='ocrx_word' id='word_1_579' title='bbox 3649 4123 3700 4178; x_wconf 76' lang='grc' dir='ltr'>οἱ</span> <span class='ocrx_word' id='word_1_580' title='bbox 3760 4122 3861 4198; x_wconf 74' lang='grc' dir='ltr'><strong>μὲν</strong></span> 
     </span>
    </p>
   </div>
   <div class='ocr_carea' id='block_1_87' title="bbox 2205 4208 3862 4299">
    <p class='ocr_par' dir='ltr' id='par_1_87' title="bbox 2205 4208 3862 4299">
     <span class='ocr_line' id='line_1_87' title="bbox 2205 4208 3862 4299; baseline -0.005 -25"><span class='ocrx_word' id='word_1_581' title='bbox 2205 4221 2360 4299; x_wconf 81' lang='grc' dir='ltr'>χερσὶ</span> <span class='ocrx_word' id='word_1_582' title='bbox 2415 4219 2502 4272; x_wconf 82' lang='grc' dir='ltr'>καὶ</span> <span class='ocrx_word' id='word_1_583' title='bbox 2559 4214 2722 4272; x_wconf 70' lang='grc' dir='ltr'>ποσὶν</span> <span class='ocrx_word' id='word_1_584' title='bbox 2780 4211 2928 4276; x_wconf 82' lang='grc' dir='ltr'>ἰδίοις</span> <span class='ocrx_word' id='word_1_585' title='bbox 2972 4213 3067 4276; x_wconf 83' lang='grc' dir='ltr'>τὰς</span> <span class='ocrx_word' id='word_1_586' title='bbox 3115 4210 3281 4278; x_wconf 79' lang='grc' dir='ltr'>πύλας</span> <span class='ocrx_word' id='word_1_587' title='bbox 3337 4211 3666 4291; x_wconf 80' lang='grc' dir='ltr'>ἐναράσσειν,</span> <span class='ocrx_word' id='word_1_588' title='bbox 3700 4214 3749 4268; x_wconf 74' lang='grc' dir='ltr'><strong>οἱ</strong></span> <span class='ocrx_word' id='word_1_589' title='bbox 3805 4208 3862 4266; x_wconf 75' lang='grc' dir='ltr'>δὲ</span> 
     </span>
    </p>
   </div>
   <div class='ocr_carea' id='block_1_88' title="bbox 2205 4299 3861 4384">
    <p class='ocr_par' dir='ltr' id='par_1_88' title="bbox 2205 4299 3861 4384">
     <span class='ocr_line' id='line_1_88' title="bbox 2205 4299 3861 4384; baseline -0.004 -20"><span class='ocrx_word' id='word_1_590' title='bbox 2205 4310 2291 4364; x_wconf 84' lang='grc' dir='ltr'><strong>καὶ</strong></span> <span class='ocrx_word' id='word_1_591' title='bbox 2351 4304 2590 4384; x_wconf 76' lang='grc' dir='ltr'>μοχλοῖς</span> <span class='ocrx_word' id='word_1_592' title='bbox 2635 4300 2878 4380; x_wconf 75' lang='grc' dir='ltr'>σιδηροῖς</span> <span class='ocrx_word' id='word_1_593' title='bbox 2927 4300 3242 4380; x_wconf 76' lang='grc' dir='ltr'>ἀναῤῥησειν</span> <span class='ocrx_word' id='word_1_594' title='bbox 3299 4300 3460 4364; x_wconf 69' lang='grc' dir='ltr'>αὐτὰς</span> <span class='ocrx_word' id='word_1_595' title='bbox 3520 4299 3861 4380; x_wconf 67' lang='grc' dir='ltr'>ἐπεχείρουν,</span> 
     </span>
    </p>
   </div>
   <div class='ocr_carea' id='block_1_89' title="bbox 477 4383 2116 4470">
    <p class='ocr_par' dir='ltr' id='par_1_89' title="bbox 477 4383 2116 4470">
     <span class='ocr_line' id='line_1_89' title="bbox 477 4383 2116 4470; baseline 0.004 -26"><span class='ocrx_word' id='word_1_596' title='bbox 477 4394 605 4446; x_wconf 90' lang='lat' dir='ltr'><strong>tere</strong></span> <span class='ocrx_word' id='word_1_597' title='bbox 626 4383 759 4444; x_wconf 86' lang='lat' dir='ltr'><strong>illas</strong></span> <span class='ocrx_word' id='word_1_598' title='bbox 781 4383 1396 4463; x_wconf 84' lang='lat' dir='ltr'><strong>agrediebantur.Non</strong></span> <span class='ocrx_word' id='word_1_599' title='bbox 1429 4385 1678 4447; x_wconf 84' lang='lat' dir='ltr'><strong>deerant</strong></span> <span class='ocrx_word' id='word_1_600' title='bbox 1703 4389 2008 4470; x_wconf 83' lang='lat' dir='ltr'><strong>etiam,qui</strong></span> <span class='ocrx_word' id='word_1_601' title='bbox 2033 4408 2116 4452; x_wconf 87' lang='lat' dir='ltr'><strong>se-</strong></span> 
     </span>
    </p>
   </div>
   <div class='ocr_carea' id='block_1_90' title="bbox 2203 4383 3866 4470">
    <p class='ocr_par' dir='ltr' id='par_1_90' title="bbox 2207 4388 3866 4468">
     <span class='ocr_line' id='line_1_90' title="bbox 2207 4388 3866 4468; baseline -0.005 -17"><span class='ocrx_word' id='word_1_602' title='bbox 2207 4394 2313 4451; x_wconf 72' lang='grc' dir='ltr'>εἴ.σῖ</span> <span class='ocrx_word' id='word_1_603' title='bbox 2385 4392 2438 4448; x_wconf 81' lang='grc' dir='ltr'>δὲ</span> <span class='ocrx_word' id='word_1_604' title='bbox 2507 4394 2558 4448; x_wconf 77' lang='grc' dir='ltr'><strong>οἳ</strong></span> <span class='ocrx_word' id='word_1_605' title='bbox 2633 4392 2718 4447; x_wconf 79' lang='grc' dir='ltr'>καὶ</span> <span class='ocrx_word' id='word_1_606' title='bbox 2771 4391 2906 4448; x_wconf 79' lang='grc' dir='ltr'>κάτὰ</span> <span class='ocrx_word' id='word_1_607' title='bbox 2963 4388 3256 4468; x_wconf 87' lang='grc' dir='ltr'>συμμορίας</span> <span class='ocrx_word' id='word_1_608' title='bbox 3314 4390 3595 4452; x_wconf 87' lang='grc' dir='ltr'>συστάντες</span> <span class='ocrx_word' id='word_1_609' title='bbox 3646 4388 3866 4446; x_wconf 85' lang='grc' dir='ltr'>ἀνελεῖν</span> 
     </span>
    </p>
   </div>
   <div class='ocr_carea' id='block_1_91' title="bbox 479 4473 2116 4558">
    <p class='ocr_par' dir='ltr' id='par_1_91' title="bbox 479 4473 2116 4554">
     <span class='ocr_line' id='line_1_91' title="bbox 479 4473 2116 4554; baseline 0.004 -20"><span class='ocrx_word' id='word_1_610' title='bbox 479 4473 706 4535; x_wconf 89' lang='lat' dir='ltr'><strong>ditione</strong></span> <span class='ocrx_word' id='word_1_611' title='bbox 729 4474 789 4532; x_wconf 91' lang='lat' dir='ltr'><strong>in</strong></span> <span class='ocrx_word' id='word_1_612' title='bbox 822 4473 1040 4554; x_wconf 91' lang='lat' dir='ltr'><strong>populo</strong></span> <span class='ocrx_word' id='word_1_613' title='bbox 1072 4474 1244 4554; x_wconf 87' lang='lat' dir='ltr'><strong>facta,</strong></span> <span class='ocrx_word' id='word_1_614' title='bbox 1268 4474 1548 4536; x_wconf 88' lang='lat' dir='ltr'><strong>Sabinum</strong></span> <span class='ocrx_word' id='word_1_615' title='bbox 1569 4495 1636 4537; x_wconf 90' lang='lat' dir='ltr'><strong>ac</strong></span> <span class='ocrx_word' id='word_1_616' title='bbox 1669 4476 2116 4541; x_wconf 89' lang='lat' dir='ltr'><strong>Crescentinum</strong></span> 
     </span>
    </p>
   </div>
   <div class='ocr_carea' id='block_1_92' title="bbox 2203 4473 3865 4558">
    <p class='ocr_par' dir='ltr' id='par_1_92' title="bbox 2206 4473 3865 4558">
     <span class='ocr_line' id='line_1_92' title="bbox 2206 4473 3865 4558; baseline -0.004 -19"><span class='ocrx_word' id='word_1_617' title='bbox 2206 4482 2435 4540; x_wconf 77' lang='grc' dir='ltr'>Σαϐῖνον</span> <span class='ocrx_word' id='word_1_618' title='bbox 2506 4503 2563 4538; x_wconf 87' lang='grc' dir='ltr'><strong>τε</strong></span> <span class='ocrx_word' id='word_1_619' title='bbox 2631 4481 2719 4537; x_wconf 74' lang='grc' dir='ltr'><strong>καὶ</strong></span> <span class='ocrx_word' id='word_1_620' title='bbox 2797 4489 3172 4558; x_wconf 82' lang='grc' dir='ltr'>Κρισκεντῖνον</span> <span class='ocrx_word' id='word_1_621' title='bbox 3243 4475 3546 4540; x_wconf 76' lang='grc' dir='ltr'><strong>ἐϐούλοντο.</strong></span> <span class='ocrx_word' id='word_1_622' title='bbox 3607 4473 3765 4534; x_wconf 80' lang='grc' dir='ltr'>Ἀλλ’</span> <span class='ocrx_word' id='word_1_623' title='bbox 3837 4478 3865 4532; x_wconf 91' lang='lat'><strong>6</strong></span> 
     </span>
    </p>
   </div>
   <div class='ocr_carea' id='block_1_93' title="bbox 478 4560 2116 4652">
    <p class='ocr_par' dir='ltr' id='par_1_93' title="bbox 478 4560 2116 4652">
     <span class='ocr_line' id='line_1_93' title="bbox 478 4560 2116 4652; baseline 0.005 -32"><span class='ocrx_word' id='word_1_624' title='bbox 478 4560 821 4652; x_wconf 82' lang='lat' dir='ltr'><strong>interficere</strong></span> <span class='ocrx_word' id='word_1_625' title='bbox 863 4561 1486 4652; x_wconf 19' lang='lat' dir='ltr'><strong>_cogitabant.ﬂVerum</strong></span> <span class='ocrx_word' id='word_1_626' title='bbox 1522 4583 1653 4625; x_wconf 91' lang='lat' dir='ltr'><strong>cum</strong></span> <span class='ocrx_word' id='word_1_627' title='bbox 1681 4565 1898 4627; x_wconf 90' lang='lat' dir='ltr'><strong>Christi</strong></span> <span class='ocrx_word' id='word_1_628' title='bbox 1930 4567 2116 4628; x_wconf 89' lang='lat' dir='ltr'><strong>disci-</strong></span> 
     </span>
    </p>
   </div>
   <div class='ocr_carea' id='block_1_94' title="bbox 2203 4560 3866 4652">
    <p class='ocr_par' dir='ltr' id='par_1_94' title="bbox 2208 4566 3866 4652">
     <span class='ocr_line' id='line_1_94' title="bbox 2208 4566 3866 4652; baseline -0.005 -21"><span class='ocrx_word' id='word_1_629' title='bbox 2208 4575 2437 4652; x_wconf 75' lang='grc' dir='ltr'>Χριστοῦ</span> <span class='ocrx_word' id='word_1_630' title='bbox 2489 4572 2732 4647; x_wconf 81' lang='grc' dir='ltr'>μαθητής</span> <span class='ocrx_word' id='word_1_631' title='bbox 2783 4589 2839 4626; x_wconf 88' lang='grc' dir='ltr'><strong>τε</strong></span> <span class='ocrx_word' id='word_1_632' title='bbox 2889 4571 2975 4625; x_wconf 83' lang='grc' dir='ltr'><strong>καὶ</strong></span> <span class='ocrx_word' id='word_1_633' title='bbox 3029 4567 3278 4639; x_wconf 74' lang='grc' dir='ltr'>ζηλωτὴς</span> <span class='ocrx_word' id='word_1_634' title='bbox 3331 4569 3436 4624; x_wconf 77' lang='grc' dir='ltr'><strong>τῶν</strong></span> <span class='ocrx_word' id='word_1_635' title='bbox 3468 4566 3866 4645; x_wconf 67' lang='grc' dir='ltr'>μελετωμένων</span> 
     </span>
    </p>
   </div>
   <div class='ocr_carea' id='block_1_95' title="bbox 481 4645 2116 4738">
    <p class='ocr_par' dir='ltr' id='par_1_95' title="bbox 481 4648 2116 4738">
     <span class='ocr_line' id='line_1_95' title="bbox 481 4648 2116 4738; baseline 0.006 -30"><span class='ocrx_word' id='word_1_636' title='bbox 481 4651 657 4729; x_wconf 88' lang='lat' dir='ltr'><strong>pulus</strong></span> <span class='ocrx_word' id='word_1_637' title='bbox 678 4667 744 4709; x_wconf 92' lang='lat' dir='ltr'><strong>ac</strong></span> <span class='ocrx_word' id='word_1_638' title='bbox 776 4648 1037 4738; x_wconf 88' lang='lat' dir='ltr'><strong>imitator</strong></span> <span class='ocrx_word' id='word_1_639' title='bbox 1065 4650 1189 4712; x_wconf 73' lang='grc' dir='ltr'>ιιεοο</span> <span class='ocrx_word' id='word_1_640' title='bbox 1223 4651 1354 4712; x_wconf 92' lang='lat' dir='ltr'><strong>illos</strong></span> <span class='ocrx_word' id='word_1_641' title='bbox 1400 4652 1676 4714; x_wconf 91' lang='lat' dir='ltr'><strong>meditari</strong></span> <span class='ocrx_word' id='word_1_642' title='bbox 1709 4658 2023 4730; x_wconf 86' lang='lat' dir='ltr'><strong>sensisset,</strong></span> <span class='ocrx_word' id='word_1_643' title='bbox 2053 4675 2116 4718; x_wconf 80' lang='lat' dir='ltr'><strong>ex</strong></span> 
     </span>
    </p>
   </div>
   <div class='ocr_carea' id='block_1_96' title="bbox 2203 4645 3863 4738">
    <p class='ocr_par' dir='ltr' id='par_1_96' title="bbox 2207 4645 3863 4738">
     <span class='ocr_line' id='line_1_96' title="bbox 2207 4645 3863 4738; baseline -0.005 -16"><span class='ocrx_word' id='word_1_644' title='bbox 2207 4645 2405 4722; x_wconf 73' lang='grc' dir='ltr'>τούτων</span> <span class='ocrx_word' id='word_1_645' title='bbox 2465 4645 2797 4738; x_wconf 79' lang='grc' dir='ltr'>αἰσθόμενος,</span> <span class='ocrx_word' id='word_1_646' title='bbox 2832 4657 3031 4715; x_wconf 82' lang='grc' dir='ltr'>ἔνδοθεν</span> <span class='ocrx_word' id='word_1_647' title='bbox 3081 4658 3268 4721; x_wconf 74' lang='grc' dir='ltr'>αὐτοὺς</span> <span class='ocrx_word' id='word_1_648' title='bbox 3314 4656 3600 4737; x_wconf 82' lang='grc' dir='ltr'>παρεκάλει</span> <span class='ocrx_word' id='word_1_649' title='bbox 3655 4655 3863 4735; x_wconf 86' lang='grc' dir='ltr'>λέγων·</span> 
     </span>
    </p>
   </div>
   <div class='ocr_carea' id='block_1_97' title="bbox 482 4737 2116 4828">
    <p class='ocr_par' dir='ltr' id='par_1_97' title="bbox 482 4737 2116 4828">
     <span class='ocr_line' id='line_1_97' title="bbox 482 4737 2116 4828; baseline 0.005 -30"><span class='ocrx_word' id='word_1_650' title='bbox 482 4755 721 4828; x_wconf 82' lang='lat' dir='ltr'><strong>carcere</strong></span> <span class='ocrx_word' id='word_1_651' title='bbox 768 4737 928 4828; x_wconf 86' lang='lat' dir='ltr'><strong>ipsos</strong></span> <span class='ocrx_word' id='word_1_652' title='bbox 963 4739 1351 4828; x_wconf 84' lang='lat' dir='ltr'><strong>hortabatur:</strong></span> <span class='ocrx_word' id='word_1_653' title='bbox 1409 4740 1795 4823; x_wconf 86' lang='lat' dir='ltr'><strong>Nequaquam</strong></span> <span class='ocrx_word' id='word_1_654' title='bbox 1831 4761 1958 4821; x_wconf 85' lang='lat' dir='ltr'><strong>vos,</strong></span> <span class='ocrx_word' id='word_1_655' title='bbox 1995 4746 2116 4823; x_wconf 88' lang='lat' dir='ltr'><strong>ﬁlii,</strong></span> 
     </span>
    </p>
   </div>
   <div class='ocr_carea' id='block_1_98' title="bbox 2203 4737 3864 4828">
    <p class='ocr_par' dir='ltr' id='par_1_98' title="bbox 2209 4737 3864 4828">
     <span class='ocr_line' id='line_1_98' title="bbox 2209 4737 3864 4828; baseline -0.004 -19"><span class='ocrx_word' id='word_1_656' title='bbox 2209 4757 2298 4822; x_wconf 82' lang='grc' dir='ltr'><strong>Μὴ</strong></span> <span class='ocrx_word' id='word_1_657' title='bbox 2341 4755 2498 4827; x_wconf 78' lang='grc' dir='ltr'>ὑμεῖς</span> <span class='ocrx_word' id='word_1_658' title='bbox 2559 4771 2644 4828; x_wconf 86' lang='grc' dir='ltr'>γε,</span> <span class='ocrx_word' id='word_1_659' title='bbox 2677 4749 2722 4804; x_wconf 85' lang='grc' dir='ltr'><strong>ὦ</strong></span> <span class='ocrx_word' id='word_1_660' title='bbox 2779 4737 2958 4823; x_wconf 83' lang='grc' dir='ltr'>τέκνα,</span> <span class='ocrx_word' id='word_1_661' title='bbox 2994 4745 3162 4823; x_wconf 80' lang='grc' dir='ltr'>μηδὲν</span> <span class='ocrx_word' id='word_1_662' title='bbox 3209 4755 3446 4806; x_wconf 81' lang='grc' dir='ltr'>τοιοῦτον</span> <span class='ocrx_word' id='word_1_663' title='bbox 3501 4751 3620 4825; x_wconf 78' lang='grc' dir='ltr'>περὶ</span> <span class='ocrx_word' id='word_1_664' title='bbox 3668 4747 3864 4812; x_wconf 69' lang='grc' dir='ltr'>αὐτοὺς</span> 
     </span>
    </p>
   </div>
   <div class='ocr_carea' id='block_1_99' title="bbox 485 4826 2116 4922">
    <p class='ocr_par' dir='ltr' id='par_1_99' title="bbox 485 4826 2116 4922">
     <span class='ocr_line' id='line_1_99' title="bbox 485 4826 2116 4922; baseline 0.005 -34"><span class='ocrx_word' id='word_1_665' title='bbox 485 4826 730 4922; x_wconf 80' lang='lat' dir='ltr'><strong>(aiebat)</strong></span> <span class='ocrx_word' id='word_1_666' title='bbox 795 4827 908 4922; x_wconf 82' lang='lat' dir='ltr'><strong>tale</strong></span> <span class='ocrx_word' id='word_1_667' title='bbox 959 4827 1284 4922; x_wconf 88' lang='lat' dir='ltr'><strong>quidquam</strong></span> <span class='ocrx_word' id='word_1_668' title='bbox 1338 4829 1397 4889; x_wconf 92' lang='lat' dir='ltr'><strong>in</strong></span> <span class='ocrx_word' id='word_1_669' title='bbox 1433 4831 2116 4922; x_wconf 5' lang='lat' dir='ltr'><strong>illosydeliberaveritis.</strong></span> 
     </span>
    </p>
   </div>
   <div class='ocr_carea' id='block_1_100' title="bbox 2203 4826 3866 4922">
    <p class='ocr_par' dir='ltr' id='par_1_100' title="bbox 2208 4826 3866 4922">
     <span class='ocr_line' id='line_1_100' title="bbox 2208 4826 3866 4922; baseline -0.005 -22"><span class='ocrx_word' id='word_1_670' title='bbox 2208 4826 2582 4922; x_wconf 75' lang='grc' dir='ltr'>βουλεύσησθε,</span> <span class='ocrx_word' id='word_1_671' title='bbox 2645 4836 2780 4914; x_wconf 72' lang='grc' dir='ltr'>μηδὲ</span> <span class='ocrx_word' id='word_1_672' title='bbox 2835 4837 3042 4916; x_wconf 78' lang='grc' dir='ltr'>γένοιτό</span> <span class='ocrx_word' id='word_1_673' title='bbox 3098 4859 3200 4892; x_wconf 92' lang='grc' dir='ltr'>τινι</span> <span class='ocrx_word' id='word_1_674' title='bbox 3261 4834 3312 4902; x_wconf 78' lang='grc' dir='ltr'>ἐξ</span> <span class='ocrx_word' id='word_1_675' title='bbox 3367 4838 3513 4912; x_wconf 77' lang='grc' dir='ltr'>ὑμῶν</span> <span class='ocrx_word' id='word_1_676' title='bbox 3571 4849 3738 4916; x_wconf 74' lang='grc' dir='ltr'>χεῖρα</span> <span class='ocrx_word' id='word_1_677' title='bbox 3795 4833 3866 4892; x_wconf 85' lang='grc' dir='ltr'>δι’</span> 
     </span>
    </p>
   </div>
   <div class='ocr_carea' id='block_1_101' title="bbox 477 4918 2116 5009">
    <p class='ocr_par' dir='ltr' id='par_1_101' title="bbox 477 4918 2116 5000">
     <span class='ocr_line' id='line_1_101' title="bbox 477 4918 2116 5000; baseline 0.002 -20"><span class='ocrx_word' id='word_1_678' title='bbox 477 4918 802 4980; x_wconf 87' lang='lat' dir='ltr'><strong>Aversetur</strong></span> <span class='ocrx_word' id='word_1_679' title='bbox 830 4918 939 4977; x_wconf 88' lang='lat' dir='ltr'><strong>hoc</strong></span> <span class='ocrx_word' id='word_1_680' title='bbox 973 4920 1149 4998; x_wconf 87' lang='lat' dir='ltr'><strong>Deus,</strong></span> <span class='ocrx_word' id='word_1_681' title='bbox 1187 4927 1526 4980; x_wconf 86' lang='lat' dir='ltr'><strong>utvestrum</strong></span> <span class='ocrx_word' id='word_1_682' title='bbox 1559 4920 1774 5000; x_wconf 91' lang='lat' dir='ltr'><strong>aliquis</strong></span> <span class='ocrx_word' id='word_1_683' title='bbox 1808 4941 2017 4985; x_wconf 88' lang='lat' dir='ltr'><strong>manus</strong></span> <span class='ocrx_word' id='word_1_684' title='bbox 2067 4932 2116 4986; x_wconf 90' lang='lat' dir='ltr'><strong>el</strong></span> 
     </span>
    </p>
   </div>
   <div class='ocr_carea' id='block_1_102' title="bbox 2203 4918 3863 5009">
    <p class='ocr_par' dir='ltr' id='par_1_102' title="bbox 2208 4918 3863 5009">
     <span class='ocr_line' id='line_1_102' title="bbox 2208 4918 3863 5009; baseline -0.004 -21"><span class='ocrx_word' id='word_1_685' title='bbox 2208 4918 2303 5009; x_wconf 75' lang='grc' dir='ltr'>έμὲ</span> <span class='ocrx_word' id='word_1_686' title='bbox 2352 4930 2443 4987; x_wconf 81' lang='grc' dir='ltr'><strong>καί</strong></span> <span class='ocrx_word' id='word_1_687' title='bbox 2508 4929 2691 5008; x_wconf 77' lang='grc' dir='ltr'>ψυχήν</span> <span class='ocrx_word' id='word_1_688' title='bbox 2761 4927 3007 5003; x_wconf 74' lang='grc' dir='ltr'>μολυναιο</span> <span class='ocrx_word' id='word_1_689' title='bbox 3071 4928 3147 5002; x_wconf 76' lang='grc' dir='ltr'>μὴ</span> <span class='ocrx_word' id='word_1_690' title='bbox 3205 4927 3278 4986; x_wconf 80' lang='grc' dir='ltr'><strong>εἰς</strong></span> <span class='ocrx_word' id='word_1_691' title='bbox 3335 4933 3584 4983; x_wconf 81' lang='grc' dir='ltr'>τοσοῦτον</span> <span class='ocrx_word' id='word_1_692' title='bbox 3647 4924 3863 5002; x_wconf 71' lang='grc' dir='ltr'>ἥκοιμι,</span> 
     </span>
    </p>
   </div>
   <div class='ocr_carea' id='block_1_103' title="bbox 477 5006 2116 5097">
    <p class='ocr_par' dir='ltr' id='par_1_103' title="bbox 477 5006 2116 5097">
     <span class='ocr_line' id='line_1_103' title="bbox 477 5006 2116 5097; baseline 0.005 -31"><span class='ocrx_word' id='word_1_693' title='bbox 477 5006 733 5068; x_wconf 90' lang='lat' dir='ltr'><strong>animam</strong></span> <span class='ocrx_word' id='word_1_694' title='bbox 770 5014 1017 5097; x_wconf 81' lang='lat' dir='ltr'><strong>propter</strong></span> <span class='ocrx_word' id='word_1_695' title='bbox 1061 5025 1158 5067; x_wconf 91' lang='lat' dir='ltr'><strong>me</strong></span> <span class='ocrx_word' id='word_1_696' title='bbox 1195 5014 1308 5068; x_wconf 91' lang='lat' dir='ltr'><strong>tam</strong></span> <span class='ocrx_word' id='word_1_697' title='bbox 1362 5009 1518 5070; x_wconf 71' lang='lat' dir='ltr'><strong>fmde</strong></span> <span class='ocrx_word' id='word_1_698' title='bbox 1551 5020 1935 5089; x_wconf 88' lang='lat' dir='ltr'><strong>conspurcet.</strong></span> <span class='ocrx_word' id='word_1_699' title='bbox 1994 5011 2116 5075; x_wconf 89' lang='lat' dir='ltr'><strong>Non</strong></span> 
     </span>
    </p>
   </div>
   <div class='ocr_carea' id='block_1_104' title="bbox 2203 5006 3868 5097">
    <p class='ocr_par' dir='ltr' id='par_1_104' title="bbox 2209 5006 3868 5097">
     <span class='ocr_line' id='line_1_104' title="bbox 2209 5006 3868 5097; baseline -0.005 -16"><span class='ocrx_word' id='word_1_700' title='bbox 2209 5006 2388 5096; x_wconf 77' lang='grc' dir='ltr'>τέκνα,</span> <span class='ocrx_word' id='word_1_701' title='bbox 2456 5006 2780 5097; x_wconf 78' lang='grc' dir='ltr'>δυστυχίας,</span> <span class='ocrx_word' id='word_1_702' title='bbox 2842 5014 3047 5092; x_wconf 81' lang='grc' dir='ltr'>μᾶλλον</span> <span class='ocrx_word' id='word_1_703' title='bbox 3103 5014 3157 5070; x_wconf 80' lang='grc' dir='ltr'>δὲ</span> <span class='ocrx_word' id='word_1_704' title='bbox 3212 5014 3480 5080; x_wconf 87' lang='grc' dir='ltr'>ἀπωλείας</span> <span class='ocrx_word' id='word_1_705' title='bbox 3553 5015 3686 5094; x_wconf 77' lang='grc' dir='ltr'><strong>ἐγώ.</strong></span> <span class='ocrx_word' id='word_1_706' title='bbox 3771 5015 3868 5072; x_wconf 76' lang='grc' dir='ltr'>Διά</span> 
     </span>
    </p>
   </div>
   <div class='ocr_carea' id='block_1_105' title="bbox 478 5095 2116 5187">
    <p class='ocr_par' dir='ltr' id='par_1_105' title="bbox 478 5095 2116 5187">
     <span class='ocr_line' id='line_1_105' title="bbox 478 5095 2116 5187; baseline 0.005 -31"><span class='ocrx_word' id='word_1_707' title='bbox 478 5113 765 5187; x_wconf 70' lang='lat' dir='ltr'><strong>eousque,</strong></span> <span class='ocrx_word' id='word_1_708' title='bbox 823 5095 952 5187; x_wconf 79' lang='lat' dir='ltr'><strong>filii,</strong></span> <span class='ocrx_word' id='word_1_709' title='bbox 1012 5103 1322 5187; x_wconf 84' lang='lat' dir='ltr'><strong>quisquam</strong></span> <span class='ocrx_word' id='word_1_710' title='bbox 1393 5097 1754 5160; x_wconf 88' lang='lat' dir='ltr'><strong>infelicitatis</strong></span> <span class='ocrx_word' id='word_1_711' title='bbox 1829 5101 2116 5165; x_wconf 84' lang='lat' dir='ltr'><strong>deveniat.</strong></span> 
     </span>
    </p>
   </div>
   <div class='ocr_carea' id='block_1_106' title="bbox 2203 5095 3870 5187">
    <p class='ocr_par' dir='ltr' id='par_1_106' title="bbox 2208 5104 3870 5187">
     <span class='ocr_line' id='line_1_106' title="bbox 2208 5104 3870 5187; baseline -0.005 -17"><span class='ocrx_word' id='word_1_712' title='bbox 2208 5121 2370 5170; x_wconf 79' lang='grc' dir='ltr'>ταῦτα</span> <span class='ocrx_word' id='word_1_713' title='bbox 2425 5111 2521 5187; x_wconf 79' lang='grc' dir='ltr'>μὲν</span> <span class='ocrx_word' id='word_1_714' title='bbox 2575 5107 2756 5164; x_wconf 78' lang='grc' dir='ltr'>ἐατέον</span> <span class='ocrx_word' id='word_1_715' title='bbox 2807 5106 3080 5185; x_wconf 80' lang='grc' dir='ltr'>ἀνθρώπου</span> <span class='ocrx_word' id='word_1_716' title='bbox 3137 5104 3314 5182; x_wconf 71' lang='grc' dir='ltr'>ἕνεκα,</span> <span class='ocrx_word' id='word_1_717' title='bbox 3366 5107 3459 5162; x_wconf 84' lang='grc' dir='ltr'><strong>καί</strong></span> <span class='ocrx_word' id='word_1_718' title='bbox 3519 5112 3683 5162; x_wconf 80' lang='grc' dir='ltr'>ταῦτα</span> <span class='ocrx_word' id='word_1_719' title='bbox 3732 5104 3870 5162; x_wconf 87' lang='grc' dir='ltr'>δυσ-</span> 
     </span>
    </p>
   </div>
   <div class='ocr_carea' id='block_1_107' title="bbox 475 5182 2116 5274">
    <p class='ocr_par' dir='ltr' id='par_1_107' title="bbox 475 5182 2116 5270">
     <span class='ocr_line' id='line_1_107' title="bbox 475 5182 2116 5270; baseline 0.005 -26"><span class='ocrx_word' id='word_1_720' title='bbox 475 5182 723 5244; x_wconf 87' lang='lat' dir='ltr'><strong>Praestat</strong></span> <span class='ocrx_word' id='word_1_721' title='bbox 746 5184 902 5244; x_wconf 91' lang='lat' dir='ltr'><strong>enim</strong></span> <span class='ocrx_word' id='word_1_722' title='bbox 934 5201 1028 5244; x_wconf 90' lang='lat' dir='ltr'><strong>me</strong></span> <span class='ocrx_word' id='word_1_723' title='bbox 1054 5186 1238 5263; x_wconf 76' lang='lat' dir='ltr'><strong>magis</strong></span> <span class='ocrx_word' id='word_1_724' title='bbox 1263 5203 1394 5246; x_wconf 84' lang='lat' dir='ltr'><strong>esse</strong></span> <span class='ocrx_word' id='word_1_725' title='bbox 1420 5187 1961 5266; x_wconf 80' lang='lat' dir='ltr'><strong>perdendumzideo</strong></span> <span class='ocrx_word' id='word_1_726' title='bbox 1984 5209 2116 5270; x_wconf 89' lang='lat' dir='ltr'><strong>per-</strong></span> 
     </span>
    </p>
   </div>
   <div class='ocr_carea' id='block_1_108' title="bbox 2203 5182 3871 5274">
    <p class='ocr_par' dir='ltr' id='par_1_108' title="bbox 2208 5182 3871 5274">
     <span class='ocr_line' id='line_1_108' title="bbox 2208 5182 3871 5274; baseline -0.005 -15"><span class='ocrx_word' id='word_1_727' title='bbox 2208 5205 2371 5272; x_wconf 81' lang='grc' dir='ltr'>τήνου</span> <span class='ocrx_word' id='word_1_728' title='bbox 2425 5182 2627 5260; x_wconf 69' lang='grc' dir='ltr'>ποιεῖν,</span> <span class='ocrx_word' id='word_1_729' title='bbox 2688 5202 2789 5254; x_wconf 84' lang='grc' dir='ltr'><strong>Τοῦ</strong></span> <span class='ocrx_word' id='word_1_730' title='bbox 2840 5182 2934 5258; x_wconf 79' lang='grc' dir='ltr'>τὰς</span> <span class='ocrx_word' id='word_1_731' title='bbox 2982 5197 3135 5272; x_wconf 85' lang='grc' dir='ltr'>θύρας</span> <span class='ocrx_word' id='word_1_732' title='bbox 3168 5192 3224 5249; x_wconf 76' lang='grc' dir='ltr'>δὲ</span> <span class='ocrx_word' id='word_1_733' title='bbox 3285 5193 3532 5274; x_wconf 76' lang='grc' dir='ltr'>ἀράσσειν</span> <span class='ocrx_word' id='word_1_734' title='bbox 3583 5195 3671 5251; x_wconf 78' lang='grc' dir='ltr'><strong>καὶ</strong></span> <span class='ocrx_word' id='word_1_735' title='bbox 3699 5197 3871 5271; x_wconf 85' lang='grc' dir='ltr'>θορυ-</span> 
     </span>
    </p>
   </div>
   <div class='ocr_carea' id='block_1_109' title="bbox 476 5273 2116 5368">
    <p class='ocr_par' dir='ltr' id='par_1_109' title="bbox 476 5273 2116 5347">
     <span class='ocr_line' id='line_1_109' title="bbox 476 5273 2116 5347; baseline 0.006 -15"><span class='ocrx_word' id='word_1_736' title='bbox 476 5273 752 5335; x_wconf 89' lang='lat' dir='ltr'><strong>mittendi</strong></span> <span class='ocrx_word' id='word_1_737' title='bbox 804 5283 962 5347; x_wconf 89' lang='lat' dir='ltr'><strong>sunt,</strong></span> <span class='ocrx_word' id='word_1_738' title='bbox 1003 5283 1068 5333; x_wconf 88' lang='lat' dir='ltr'><strong>ut</strong></span> <span class='ocrx_word' id='word_1_739' title='bbox 1116 5274 1176 5334; x_wconf 90' lang='lat' dir='ltr'><strong>in</strong></span> <span class='ocrx_word' id='word_1_740' title='bbox 1235 5274 1539 5336; x_wconf 79' lang='lat' dir='ltr'><strong>hominem</strong></span> <span class='ocrx_word' id='word_1_741' title='bbox 1589 5277 1875 5340; x_wconf 80' lang='lat' dir='ltr'><strong>miserum</strong></span> <span class='ocrx_word' id='word_1_742' title='bbox 1922 5280 2116 5342; x_wconf 63' lang='lat' dir='ltr'><strong>saevire</strong></span> 
     </span>
    </p>
   </div>
   <div class='ocr_carea' id='block_1_110' title="bbox 2203 5273 3873 5368">
    <p class='ocr_par' dir='ltr' id='par_1_110' title="bbox 2210 5273 3873 5368">
     <span class='ocr_line' id='line_1_110' title="bbox 2210 5273 3873 5368; baseline -0.007 -20"><span class='ocrx_word' id='word_1_743' title='bbox 2210 5291 2328 5348; x_wconf 74' lang='grc' dir='ltr'>ϐεϊν</span> <span class='ocrx_word' id='word_1_744' title='bbox 2383 5287 2776 5368; x_wconf 77' lang='grc' dir='ltr'>ὑποσχομένοις</span> <span class='ocrx_word' id='word_1_745' title='bbox 2835 5287 3005 5364; x_wconf 74' lang='grc' dir='ltr'>εὐχῆς</span> <span class='ocrx_word' id='word_1_746' title='bbox 3077 5285 3288 5363; x_wconf 77' lang='grc' dir='ltr'>ἔχεσθε,</span> <span class='ocrx_word' id='word_1_747' title='bbox 3325 5273 3422 5341; x_wconf 67' lang='grc' dir='ltr'>καὶ</span> <span class='ocrx_word' id='word_1_748' title='bbox 3475 5284 3615 5363; x_wconf 82' lang='grc' dir='ltr'>παρᾶ</span> <span class='ocrx_word' id='word_1_749' title='bbox 3673 5285 3873 5362; x_wconf 77' lang='grc' dir='ltr'>Κυρίου</span> 
     </span>
    </p>
   </div>
   <div class='ocr_carea' id='block_1_111' title="bbox 475 5362 2116 5458">
    <p class='ocr_par' dir='ltr' id='par_1_111' title="bbox 475 5362 2116 5458">
     <span class='ocr_line' id='line_1_111' title="bbox 475 5362 2116 5458; baseline 0.005 -35"><span class='ocrx_word' id='word_1_750' title='bbox 475 5362 848 5458; x_wconf 77' lang='lat' dir='ltr'><strong>possint._Ab</strong></span> <span class='ocrx_word' id='word_1_751' title='bbox 872 5362 1275 5440; x_wconf 84' lang='lat' dir='ltr'><strong>infringendis</strong></span> <span class='ocrx_word' id='word_1_752' title='bbox 1306 5383 1453 5458; x_wconf 79' lang='lat' dir='ltr'><strong>vero</strong></span> <span class='ocrx_word' id='word_1_753' title='bbox 1480 5366 1807 5448; x_wconf 85' lang='lat' dir='ltr'><strong>foribus,ab</strong></span> <span class='ocrx_word' id='word_1_754' title='bbox 1833 5371 1995 5431; x_wconf 88' lang='lat' dir='ltr'><strong>omni</strong></span> <span class='ocrx_word' id='word_1_755' title='bbox 2029 5379 2116 5432; x_wconf 92' lang='lat' dir='ltr'><strong>tu-</strong></span> 
     </span>
    </p>
   </div>
   <div class='ocr_carea' id='block_1_112' title="bbox 2203 5362 3875 5458">
    <p class='ocr_par' dir='ltr' id='par_1_112' title="bbox 2211 5362 3875 5458">
     <span class='ocr_line' id='line_1_112' title="bbox 2211 5362 3875 5458; baseline -0.006 -20"><span class='ocrx_word' id='word_1_756' title='bbox 2211 5382 2397 5458; x_wconf 84' lang='grc' dir='ltr'>μένετε</span> <span class='ocrx_word' id='word_1_757' title='bbox 2431 5362 2860 5450; x_wconf 38' lang='grc' dir='ltr'>τῆν-ἐκδίκησιν,</span> <span class='ocrx_word' id='word_1_758' title='bbox 2897 5362 2994 5428; x_wconf 70' lang='grc' dir='ltr'>κᾶν</span> <span class='ocrx_word' id='word_1_759' title='bbox 3024 5362 3210 5449; x_wconf 81' lang='grc' dir='ltr'>μηδεὶς</span> <span class='ocrx_word' id='word_1_760' title='bbox 3260 5362 3416 5437; x_wconf 72' lang='grc' dir='ltr'>δκνος</span> <span class='ocrx_word' id='word_1_761' title='bbox 3443 5362 3574 5450; x_wconf 77' lang='grc' dir='ltr'>ὑμῖν</span> <span class='ocrx_word' id='word_1_762' title='bbox 3622 5371 3875 5454; x_wconf 71' lang='grc' dir='ltr'>ἓνοχλῇ,</span> 
     </span>
    </p>
   </div>
   <div class='ocr_carea' id='block_1_113' title="bbox 473 5452 2116 5547">
    <p class='ocr_par' dir='ltr' id='par_1_113' title="bbox 473 5452 2116 5539">
     <span class='ocr_line' id='line_1_113' title="bbox 473 5452 2116 5539; baseline 0.007 -27"><span class='ocrx_word' id='word_1_763' title='bbox 473 5453 662 5514; x_wconf 92' lang='lat' dir='ltr'><strong>multu</strong></span> <span class='ocrx_word' id='word_1_764' title='bbox 690 5452 1087 5529; x_wconf 90' lang='lat' dir='ltr'><strong>abstinentes,</strong></span> <span class='ocrx_word' id='word_1_765' title='bbox 1123 5461 1314 5534; x_wconf 87' lang='lat' dir='ltr'><strong>orate,</strong></span> <span class='ocrx_word' id='word_1_766' title='bbox 1351 5454 1761 5539; x_wconf 88' lang='lat' dir='ltr'><strong>ultionemque</strong></span> <span class='ocrx_word' id='word_1_767' title='bbox 1792 5477 1825 5519; x_wconf 90' lang='lat' dir='ltr'><strong>a</strong></span> <span class='ocrx_word' id='word_1_768' title='bbox 1869 5459 2116 5523; x_wconf 88' lang='lat' dir='ltr'><strong>Domino</strong></span> 
     </span>
    </p>
   </div>
   <div class='ocr_carea' id='block_1_114' title="bbox 2203 5452 3875 5547">
    <p class='ocr_par' dir='ltr' id='par_1_114' title="bbox 2212 5452 3875 5547">
     <span class='ocr_line' id='line_1_114' title="bbox 2212 5452 3875 5547; baseline -0.005 -19"><span class='ocrx_word' id='word_1_769' title='bbox 2212 5452 2298 5528; x_wconf 67' lang='grc' dir='ltr'><strong>καὶ</strong></span> <span class='ocrx_word' id='word_1_770' title='bbox 2367 5472 2543 5528; x_wconf 77' lang='grc' dir='ltr'>αὖτοθι</span> <span class='ocrx_word' id='word_1_771' title='bbox 2603 5463 3050 5547; x_wconf 81' lang='grc' dir='ltr'>προσκαρτερεῖτέ</span> <span class='ocrx_word' id='word_1_772' title='bbox 3111 5487 3200 5540; x_wconf 88' lang='grc' dir='ltr'>μοι</span> <span class='ocrx_word' id='word_1_773' title='bbox 3273 5462 3550 5544; x_wconf 79' lang='grc' dir='ltr'>φυλακῆς,</span> <span class='ocrx_word' id='word_1_774' title='bbox 3617 5464 3693 5539; x_wconf 79' lang='grc' dir='ltr'><strong>μὴ</strong></span> <span class='ocrx_word' id='word_1_775' title='bbox 3750 5452 3875 5519; x_wconf 16' lang='grc' dir='ltr'>ήκαὶ</span> 
     </span>
    </p>
   </div>
   <div class='ocr_carea' id='block_1_115' title="bbox 472 5541 2116 5643">
    <p class='ocr_par' dir='ltr' id='par_1_115' title="bbox 472 5541 2116 5626">
     <span class='ocr_line' id='line_1_115' title="bbox 472 5541 2116 5626; baseline 0.006 -23"><span class='ocrx_word' id='word_1_776' title='bbox 472 5549 831 5624; x_wconf 82' lang='lat' dir='ltr'><strong>exspectate.</strong></span> <span class='ocrx_word' id='word_1_777' title='bbox 869 5541 1035 5613; x_wconf 86' lang='lat' dir='ltr'><strong>Quod</strong></span> <span class='ocrx_word' id='word_1_778' title='bbox 1069 5542 1120 5603; x_wconf 89' lang='lat' dir='ltr'><strong>si</strong></span> <span class='ocrx_word' id='word_1_779' title='bbox 1150 5543 1281 5624; x_wconf 85' lang='lat' dir='ltr'><strong>quis</strong></span> <span class='ocrx_word' id='word_1_780' title='bbox 1312 5544 1478 5606; x_wconf 89' lang='lat' dir='ltr'><strong>vobis</strong></span> <span class='ocrx_word' id='word_1_781' title='bbox 1517 5547 1816 5626; x_wconf 86' lang='lat' dir='ltr'><strong>negotium</strong></span> <span class='ocrx_word' id='word_1_782' title='bbox 1849 5550 2116 5614; x_wconf 87' lang='lat' dir='ltr'><strong>facesse-</strong></span> 
     </span>
    </p>
   </div>
   <div class='ocr_carea' id='block_1_116' title="bbox 2203 5541 3872 5643">
    <p class='ocr_par' dir='ltr' id='par_1_116' title="bbox 2210 5541 3872 5643">
     <span class='ocr_line' id='line_1_116' title="bbox 2210 5541 3872 5643; baseline -0.006 -24"><span class='ocrx_word' id='word_1_783' title='bbox 2210 5586 2259 5620; x_wconf 89' lang='grc' dir='ltr'>τι</span> <span class='ocrx_word' id='word_1_784' title='bbox 2319 5574 2509 5643; x_wconf 81' lang='grc' dir='ltr'>χεῖρον</span> <span class='ocrx_word' id='word_1_785' title='bbox 2543 5559 2589 5617; x_wconf 78' lang='grc' dir='ltr'><strong>οἱ</strong></span> <span class='ocrx_word' id='word_1_786' title='bbox 2634 5541 2957 5635; x_wconf 14' lang='grc' dir='ltr'>θῆρεςήπερὶ</span> <span class='ocrx_word' id='word_1_787' title='bbox 2988 5551 3082 5629; x_wconf 78' lang='grc' dir='ltr'><strong>ἐμὲ</strong></span> <span class='ocrx_word' id='word_1_788' title='bbox 3122 5541 3524 5631; x_wconf 57' lang='grc' dir='ltr'>βουλεῶονται.</span> <span class='ocrx_word' id='word_1_789' title='bbox 3585 5561 3764 5610; x_wconf 82' lang='grc' dir='ltr'>ταῦτα</span> <span class='ocrx_word' id='word_1_790' title='bbox 3813 5547 3872 5609; x_wconf 77' lang='grc' dir='ltr'>δὲ</span> 
     </span>
    </p>
   </div>
   <div class='ocr_carea' id='block_1_117' title="bbox 550 5715 1070 5793">
    <p class='ocr_par' dir='ltr' id='par_1_117' title="bbox 550 5715 1070 5793">
     <span class='ocr_line' id='line_1_117' title="bbox 550 5715 1070 5793; baseline 0.004 -14"><span class='ocrx_word' id='word_1_791' title='bbox 550 5715 583 5767; x_wconf 79' lang='lat'>9</span> <span class='ocrx_word' id='word_1_792' title='bbox 611 5716 767 5781; x_wconf 88' lang='lat' dir='ltr'><strong>Psal.</strong></span> <span class='ocrx_word' id='word_1_793' title='bbox 797 5732 974 5793; x_wconf 82' lang='lat' dir='ltr'><strong>Lxxn,</strong></span> <span class='ocrx_word' id='word_1_794' title='bbox 1009 5718 1070 5787; x_wconf 91' lang='lat'><strong>8.</strong></span> 
     </span>
    </p>
   </div>
  </div>
