4136 6420
458 395 576 470 243

1761 387 2040 455 MENSIS
2081 385 2523 450 NOVEMBER.

3723 378 3848 448 244

451 529 935 616 addcbant,quod
959 529 1033 594 de
1056 527 1336 594 custodia
1359 543 1550 609 nuper
1571 523 1902 616 acciderat:
1939 521 2094 616 quod
2121 565 2123 572 ι

2209 525 2456 597 ιαθιστᾷν·
2516 523 2559 579 εί
2592 519 2636 578 δ’
2698 517 2980 616 οὖν,“ᾁλλᾶ
3037 518 3096 576 τὸ
3130 539 3191 597 γε
3253 515 3421 599 χωρίς
3453 516 3666 577 συνόδου
3720 518 3850 599 κρί-

453 648 590 692 cum
613 634 732 690 tam
756 612 1045 704 magnum
1074 621 1403 703 praesertim
1431 626 1618 691 esset,
1652 634 1726 676 ne
1757 615 1843 676 illi
1867 612 2111 704 quidem

457 701 983 780 necessitatem'sui
1007 701 1335 773 excusandi
1359 707 1536 768 tribul
1563 713 1861 786 oportere:
1892 701 2113 782 alioqui

459 808 510 870 si
561 808 688 868 sine
720 802 972 866 concilio
1025 800 1464 880 judicarentur,
1501 796 1630 857 fore
1673 793 1940 854 omnium
1992 790 2110 851 ini-

461 896 817 974 quissimum
869 889 1239 952 asserebant.
1273 887 1408 948 Haec
1438 882 1819 974 multitudine
1835 880 2109 974 _concla-

463 969 682 1056 mante,
717 981 1010 1044 exarchus
1063 977 1255 1052 palam
1291 973 1647 1056 perterritus
1679 981 1788 1034 est.
1823 969 2112 1044 Quocirca

464 1074 537 1136 de
562 1073 704 1135 sede
726 1066 1289 1148 surrexit,dixitqne
1307 1065 1380 1126 ad
1409 1063 1745 1144 pontificem
1765 1061 2109 1135 maximum,

462 1183 577 1243 quo
591 1161 664 1224 de
678 1161 787 1224 hac
802 1168 921 1220 tota
943 1174 1115 1218 causa
1134 1151 1783 1234 cognosceret,referre
1806 1157 2108 1230 oportere.

459 1238 533 1315 Ut
578 1258 798 1322 tamen,
833 1266 966 1310 cum
1003 1245 1141 1308 illuc
1175 1243 1498 1308 accesserit
1532 1239 1751 1322 aliquid
1785 1239 1976 1300 relatu
2017 1238 2112 1298 di-

461 1359 641 1420 gnum
694 1337 932 1410 habeat,
970 1334 1255 1398 Sabinum
1290 1351 1357 1394 ac
1418 1329 1871 1393 Crescentinum
1905 1327 2116 1389 adesse

457 1429 654 1512 jubet,
685 1428 1062 1509 puellamque
1096 1441 1298 1485 coram
1327 1421 1472 1512 ipsis
1497 1427 1912 1512 percontatur,
1947 1436 2022 1478 an
2048 1435 2117 1478 ea

465 1509 601 1602 quae
643 1509 744 1602 illi
797 1516 872 1578 de
926 1513 1224 1593 ejusmodi
1283 1511 1528 1573 homine
1582 1509 1942 1582 nuntiarant,
1979 1525 2113 1568 vera

466 1597 712 1670 omnino
736 1603 1072 1668 essent.llla
1098 1620 1236 1664 vero
1260 1598 1632 1671 fatetur.Quo
1660 1597 1841 1675 dicto,
1880 1598 2116 1676 impuro

467 1697 662 1759 amata
685 1694 1099 1775 spirito,humi
1122 1687 1932 1768 trahebatur,confestimque
1951 1688 2119 1775 juxta

470 1786 576 1847 viri
626 1774 815 1846 sancti
849 1789 1143 1864 prostrata
1175 1779 1359 1860 pedes
1423 1776 1808 1856 miserabilis,
1840 1774 2118 1864 dentibus

2195 617 2370 669 νεσθαι
2428 618 2532 668 τῶν
2564 611 2776 668 πάντων
2819 607 3000 684 ’έλεγον
3059 607 3410 669 ἀδικώτατον.
3470 617 3696 668 Τοιαῦτα
3753 617 3852 666 τοῦ

2195 702 2430 774 πλήθους
2487 703 2745 780 βοῶντος,
2783 702 2810 756 6
2867 697 3092 777 ἔξαρχος
3149 701 3371 778 φανερὸς
3421 699 3491 767 ἧν
3545 699 3852 778 κατάφοϐος

2196 793 2448 871 γεγονὼςο
2530 791 2645 849 ὅθεν
2712 792 2799 847 καὶ
2865 797 2958 846 τοῦ
3028 791 3126 862 μὲν
3196 791 3440 866 βήματος
3513 788 3850 869 ἐξανίστατο,

2198 884 2328 960 πρὸς
2369 881 2422 937 δί
2475 884 2566 939 τὸν
2595 882 2819 938 πάππαν
2868 878 3142 958 ἀναφέρειν
3174 879 3343 935 πάντα
3400 877 3511 935 δεῖν
3568 878 3848 958 ’έφασκεινο

2194 971 2386 1045 ’Ὅμως
2444 971 2536 1027 ’ἕνα
2596 971 2682 1026 καὶ
2736 993 2784 1026 τι
2847 970 3274 1048 παραγενόμενος
3332 969 3460 1044 πρὸς
3520 968 3677 1024 αὑτὸν
3736 968 3854 1025 ἀπ-

2196 1060 2472 1140 αγγέλλειν
2531 1060 2680 1141 ἔχοι,
2729 1058 2960 1117 Σαϐϊνόν
3016 1082 3072 1116 τε
3131 1060 3217 1115 καὶ
3278 1067 3652 1135 Κρισκενττνον
3705 1080 3850 1135 προ-

2196 1149 2562 1226 καλεσάμενος
2639 1149 2774 1205 κατᾶ
2861 1149 3144 1228 πρόσωπον
3204 1147 3375 1204 αὐτῶν
3459 1147 3558 1214 τὴν
3639 1147 3858 1224 ἑταίραν

2197 1241 2404 1318 ἠρώτα,
2474 1243 2530 1298 Ei
2605 1237 2782 1306 ἀληθῆ
2841 1261 2901 1316 γε
2954 1240 3118 1297 ταῦτα
3175 1238 3328 1317 φησὶ,
3376 1238 3511 1315 ἅπερ
3565 1236 3710 1294 οὗτοι
3767 1243 3863 1293 τοῦ

2199 1329 2384 1410 ἀνδρὸς
2437 1327 2914 1407 καταγγέλλουσιν,
2979 1319 3039 1386 Ἠ
3099 1327 3176 1404 δὲ,
3235 1330 3355 1403 Ναὶ,
3409 1328 3560 1408 φησὶ,
3596 1329 3683 1384 καὶ
3747 1324 3862 1402 ἅμα

2198 1425 2274 1492 τῷ
2332 1418 2478 1497 λόγῷ
2554 1419 2774 1494 πονήρῷ
2841 1418 3104 1492 πνεύματι
3159 1418 3495 1496 κατάσχετος
3575 1428 3862 1493 γεγονυῖα,

2199 1515 2267 1583 τῇ
2331 1515 2387 1586 τῇ
2419 1505 2855 1585 προσηῤῥάχθην,
2892 1505 3095 1576 ἐλεεινή
3129 1527 3186 1562 τε
3221 1506 3362 1574 παρὰ
3405 1505 3526 1568 τοὺς
3557 1513 3650 1562 τοῦ
3707 1505 3863 1581 ἁγίου

2201 1598 2364 1661 πόδας
2451 1597 2591 1662 εὖθὺς
2646 1596 2860 1668 ἔκειτο,
2933 1608 3206 1674 τετριγυέα
3277 1595 3401 1659 τοὺς
3461 1593 3706 1674 ὀδόντας,
3765 1594 3862 1649 καί

2201 1687 2364 1766 ἀφρὸν
2447 1693 2539 1743 τοῦ
2635 1686 2900 1760 στὸματος
2997 1685 3362 1747 ἆποπιύουσα,
3454 1685 3588 1761 Πρὸς
3689 1690 3862 1742 ταῦτα

2203 1779 2362 1854 φρίκη
2407 1777 2528 1838 τοὺς
2581 1775 2816 1852 δρῶντας
2872 1771 3166 1852 ὶλάμϐανε,
3224 1773 3312 1830 καὶ
3364 1771 3523 1830 πλέον
3570 1770 3742 1848 μηδὲν
3789 1775 3862 1836 εἰς

469 1874 752 1947 stridens,
784 1861 960 1954 atque
1012 1889 1116 1932 ore
1160 1887 1402 1950 spumas
1435 1884 1614 1946 agens
1665 1863 2118 1946 procumbebat.

2209 1866 2381 1920 πίστιν
2438 1869 2543 1919 τῶν
2577 1861 2881 1942 λεγομένων
2923 1861 3098 1931 ἠξίουν
3150 1870 3334 1933 ζητεῖν
3378 1865 3470 1918 τὸν
3514 1863 3745 1942 ἔξαρχον
3776 1862 3864 1918 καὶ

469 1968 622 2026 Tum
653 1981 754 2025 eos
773 1961 872 2044 qui
895 1962 1370 2033 aderant,tantus
1392 1965 1641 2036 repente
1666 1965 1858 2016 terror
1880 1954 2112 2044 invasit,

469 2062 532 2114 ut
580 2051 726 2114 nihil
761 2043 1049 2133 praeterea
1078 2049 1138 2110 in
1174 2049 1353 2110 ﬁdem
1405 2046 1701 2108 dictorum
1737 2045 1809 2107 ab
1860 2043 2118 2106 exarcho

471 2141 855 2223 quaerendum
917 2157 1052 2201 esse
1099 2137 1555 2208 arbitrarentur,
1624 2133 1953 2214 prmsertim
2015 2136 2120 2210 qui

470 2238 637 2292 erant
661 2247 802 2291 sana
831 2235 1054 2308 mente,
1081 2245 1276 2303 neque
1294 2227 1494 2286 animo
1519 2223 1688 2284 valde
1703 2223 2118 2284 czecutiebant.

469 2318 774 2382 Sabiniani
797 2335 934 2379 vero
950 2315 1208 2397 improbi
1231 2314 1614 2394 sycophanta:
1627 2311 1814 2373 virum
1833 2310 2126 2390 insignem

474 2408 625 2470 nihil
659 2408 851 2479 veriti,
889 2403 1337 2478 cavillabantur,
1373 2401 1728 2482 alebantque
1765 2421 1778 2462 :
1813 2399 1966 2472 Quid
1999 2401 2130 2460 aliis

466 2495 726 2558 testibus
757 2494 1120 2574 indigemus,
1148 2491 1387 2574 quando
1416 2491 1491 2553 de
1524 2491 1815 2552 voluntate
1841 2507 1949 2549 sua
1970 2491 2129 2551 Deus

473 2605 582 2648 nos
611 2594 730 2647 tam
760 2584 1073 2646 manifeste
1101 2580 1392 2645 certiores
1415 2580 1587 2642 faciat
1613 2581 1641 2640 ?
1669 2579 1884 2642 Omnia
1909 2578 2130 2658 [ιι-ωειὶ-

472 2676 586 2753 giis
642 2671 1048 2748 ascribebant,
1101 2680 1158 2732 et
1205 2669 1637 2731 miraculorum
1696 2669 1810 2729 vim
1865 2668 2128 2729 divinam

472 2764 864 2844 imposturam
897 2759 1298 2841 appellabant.
1335 2761 1412 2820 At
1442 2757 1647 2820 Sabini
1673 2775 1820 2818 uxor
1841 2775 1962 2819 una
1990 2774 2126 2817 cum

473 2853 759 2931 ﬁlia,quaa
779 2869 934 2912 caeca
965 2849 1265 2930 surdaque
1296 2848 1470 2929 paulo
1496 2854 1637 2908 ante
1666 2845 1878 2921 fuerat,
1903 2863 1971 2908 ac
2009 2845 2129 2926 ple-

475 2943 646 3023 rique
677 2940 776 3002 alii
811 2957 881 3001 ex
914 2940 1008 3013 iis,
1039 2939 1139 3020 qui
1174 2937 1361 3000 sanati
1417 2937 1671 3011 fuerant,
1705 2935 1778 2997 ad
1812 2935 1971 2998 beati
2016 2935 2128 2997 viri

472 3032 655 3113 pedes
671 3049 805 3092 sese
829 3030 1039 3090 ﬂentes
1060 3029 1458 3108 projecere,et
1481 3044 1554 3086 ne
1581 3033 1784 3088 contra
1799 3043 1862 3088 se
1883 3025 1958 3087 ob
1984 3025 2127 3087 alio-

470 3138 604 3181 rum
631 3118 898 3183 convicia
928 3136 994 3180 ac
1029 3117 1445 3198 petulantiam,
1470 3115 1909 3196 impiorumque
1942 3114 2124 3177 male-

2201 1957 2435 2033 μᾶλιστά
2494 1979 2553 2036 γε
2611 1958 2724 2013 ὅσοι
2768 1958 2830 2013 τὸ
2891 1955 3122 2021 συνειδὸς
3184 1957 3329 2035 ὑγιὲς
3375 1957 3562 2036 εἶχον,
3600 1959 3688 2012 καὶ
3739 1957 3866 2036 oio-Ai

2206 2049 2336 2105 πάνυ
2395 2049 2491 2114 τὴν
2553 2048 2739 2126 ψυχὴν
2797 2044 3126 2124 ἐτύφλωττον
3159 2048 3205 2102 οἱ
3265 2045 3318 2101 δὲ
3380 2049 3496 2122 περῖ
3555 2047 3646 2102 τὸν
3679 2044 3864 2102 Σαϐῖ-

2205 2161 2294 2194 νον
2353 2137 2530 2213 μιαροὶ
2603 2134 2945 2214 συκοφάνται,
3008 2133 3145 2209 μηδὲ
3204 2136 3293 2190 τὸν
3347 2139 3612 2212 περιφανῆ
3674 2135 3867 2192 τοῦτον

2213 2225 2529 2288 αἰδεσθέντες
2593 2223 2843 2304 ἔλεγχον.
2906 2226 3004 2282 Καὶ
3062 2226 3111 2280 τί
3166 2223 3265 2302 γὰρ
3337 2222 3468 2280 ἄλλο
3519 2224 3606 2280 καὶ
3673 2224 3861 2298 εἶπὸν,

2212 2315 2377 2379 οὕτως
2449 2317 2549 2371 ὑπὸ
2625 2322 2754 2371 Θεοῦ
2825 2317 2981 2373 αὒτοῦ
3037 2314 3599 2392 καταμαρτυρούμενοι
3663 2314 3864 2390 μαγείᾳ

2211 2408 2270 2461 τὸ
2354 2411 2455 2460 πᾶν
2513 2402 2730 2479 ἐδίδουν,
2793 2405 2878 2460 καὶ
2951 2405 3200 2480 γοητείαν
3256 2405 3354 2470 τὴν
3437 2405 3866 2481 Θαυματουργίαν

2213 2493 2455 2554 ἐκάλουν,
2519 2486 2582 2547 ἸΙ
2640 2492 2692 2547 δὲ
2744 2503 2836 2551 τοῦ
2895 2490 3154 2548 Σαϐαίνου
3198 2491 3330 2569 γυνὴ
3381 2492 3492 2566 ἅμα
3537 2490 3601 2567 δῇ
3649 2495 3866 2570 θυγατρὶ

2211 2584 2306 2639 καὶ
2367 2586 2394 2639 6
2444 2582 2572 2639 ποτέ
2635 2580 2830 2647 ἄλαλος
2888 2583 2974 2638 καὶ
3006 2582 3207 2660 κωφὸς,
3240 2582 3329 2637 κοί
3379 2579 3531 2637 ἄλλοι
3561 2583 3669 2636 τῶν
3698 2584 3864 2659 θερα-

2212 2672 2503 2730 πεύθέντων
2553 2673 2774 2751 συχνοί,
2824 2671 3183 2748 προσέπιπτὸν
3239 2691 3293 2726 τε
3345 2683 3461 2734 τοῖς
3523 2676 3617 2727 τοῦ
3678 2692 3864 2744 μακα-

2211 2764 2322 2840 ρίου
2385 2763 2507 2837 μοσὶ
2561 2760 2857 2831 κλαίοντες,
2926 2762 3013 2816 καὶ
3072 2758 3239 2835 μηδὲν
3289 2763 3472 2824 αύτοῒς
3519 2765 3868 2834 μνησικακῆ-

2212 2876 2296 2910 σαι
2353 2857 2452 2919 τῆς
2507 2850 2697 2930 ἑτέρων
2751 2850 2927 2907 ἕνεκεν
2987 2851 3288 2930 παροινίας,
3348 2847 3485 2924 μηδὲ
3535 2849 3632 2916 τῆς
3690 2849 3864 2926 βλασ-

2211 2941 2414 3021 φημίας
2471 2942 2577 2995 τῶν
2606 2938 2811 2996 ἀσεϐῶν
2856 2937 3087 3001 ἐδέοντο.
3151 2929 3212 2995 Ἠ
3272 2936 3325 2994 δέ
3373 2957 3432 3015 γε
3492 2938 3718 3015 ρηθετσα
3775 2946 3864 2996 τοῦ

2213 3029 2434 3087 Σαϐίνου
2508 3030 2641 3106 γυνή
2715 3030 2876 3106 ὀργῆς
2963 3027 3268 3094 πλησθετσα
3335 3025 3542 3090 δικαίας
3616 3029 3706 3083 καί
3788 3033 3862 3100 τῷ

2212 3121 2409 3184 ταύτης
2445 3115 2587 3196 ἀνδρὶ
2617 3115 2811 3196 σφόδρα
2870 3115 3056 3194 πικρόν
3098 3137 3145 3170 τι
3199 3113 3289 3171 καί
3315 3115 3539 3189 μανικὸν
3595 3114 3854 3189 βλέψασα,

475 3209 796 3272 dicentiam
834 3219 1214 3288 acceptarum
1278 3206 1628 3284 injuriarum
1661 3204 2123 3284 indignationem

2217 3207 2508 3274 ’Λπόστηθί
2564 3228 2691 3281 μου,
2757 3204 2931 3284 ἔλεγε,
2988 3205 3146 3280 μιαρὲ
3205 3205 3292 3260 καὶ
3356 3203 3476 3278 ἐμοί
3543 3203 3624 3258 καὶ
3685 3207 3852 3272 σαυτῷ

473 3307 800 3362 exsereret,
841 3295 1260 3359 obsecrabant.
1295 3294 1478 3356 Porro
1501 3295 1706 3356 eadem
1729 3293 1934 3356 Sabini
1958 3311 2123 3374 uxor,

2217 3295 2483 3369 ἒπίόουλε,
2534 3296 2592 3360 ὃς
2649 3297 2740 3351 τὸν
2793 3295 2950 3370 ἡμῶν
3004 3295 3219 3372 σωτῆρα
3275 3295 3362 3349 καὶ
3421 3291 3712 3371 εὐεργέτην,
3765 3290 3850 3344 τὸν

467 3389 627 3468 justa
655 3386 730 3448 de
761 3404 941 3447 causa
974 3384 1302 3463 indignata,
1335 3383 1522 3444 virum
1553 3401 1722 3445 suum
1760 3391 1922 3444 torve
1969 3382 2123 3463 aspi-

2216 3386 2362 3463 λόγῷ
2411 3385 2558 3461 μόνῳ
2588 3385 2648 3440 τὸ
2702 3385 2976 3463 θυγάτριον
3035 3385 3190 3458 ἡμῶν
3237 3381 3626 3461 θεραπεύσαντα
3683 3377 3854 3436 τοιού-

476 3493 638 3548 cere,
675 3494 742 3536 ac
772 3479 995 3537 acriter
1025 3474 1342 3553 increpare
1373 3477 1574 3554 C(‘Bplt,
1609 3481 1666 3534 et
1697 3473 1899 3532 dicere
1935 3494 1947 3535 :
1984 3471 2123 3535 Hinc

2216 3497 2327 3537 τοις
2399 3475 2654 3550 ἧμείψω,
2717 3477 2808 3529 καὶ
2882 3471 3000 3532 οὐδὲ
3057 3473 3220 3532 ταῦτά
3285 3494 3369 3529 σοι
3432 3469 3706 3547 βλέποντι,
3776 3474 3859 3524 νῦν

470 3564 705 3627 facesse
741 3565 1025 3642 sceleste,
1060 3563 1210 3623 mihi
1251 3571 1310 3623 et
1343 3562 1450 3623 tibi
1500 3562 1613 3642 ipsi
1665 3563 1886 3642 pariter
1916 3561 2123 3624 insidi-

2220 3564 2387 3639 ἄθλιε,
2423 3563 2675 3637 μετάνοία
2732 3564 2821 3618 τὸν
2877 3561 3138 3640 λογισμὸν
3187 3560 3580 3641 ἐπεισέρχεται,
3642 3565 3861 3618 Τοιαῦτα

475 3662 624 3716 ator.
659 3653 937 3715 Hazccine
969 3651 1199 3714 homini
1233 3651 1528 3732 beneﬁce,
1563 3651 1752 3731 dequo
1789 3651 1960 3711 nobis
1992 3652 2123 3732 opti-

2218 3655 2313 3721 τῆς
2386 3655 2633 3731 γὺναικὸς
2692 3652 2952 3729 λεγούσης
2998 3654 3025 3708 ὁ
3085 3648 3311 3714 Σαϐῖνος
3382 3650 3480 3718 τὴν
3542 3671 3601 3706 τε
3677 3648 3864 3730 χροιὰν

469 3760 564 3804 me
614 3744 848 3820 merito,
884 3741 985 3823 qui
1041 3743 1168 3802 solo
1225 3759 1504 3802 sermone
1571 3741 1807 3802 ﬁliolan
1875 3750 2123 3803 nostram

2221 3739 2408 3817 ἤμειϐε
2462 3743 2642 3798 καὶτὸ
2698 3763 2981 3821 προσωπον
3042 3742 3180 3812 αὖτῷ
3238 3738 3546 3813 συνέπιπτε,
3582 3739 3670 3794 καὶ
3730 3735 3864 3796 ὅλως

469 3831 712 3893 sanitati
769 3830 1058 3903 restituit,
1108 3830 1402 3891 beneficia
1447 3828 1730 3910 rependis
1757 3836 1784 3892 ?
1814 3831 2020 3912 Neque
2054 3840 2123 3906 te,

2222 3834 2427 3911 ἄφωνος
2504 3832 2592 3905 ἦν,
2653 3831 2726 3895 είς
2813 3838 2998 3888 τοῦτον
3052 3828 3116 3894 δη
3192 3833 3292 3895 τῆς
3349 3825 3498 3894 δίκης
3572 3823 3864 3906 προϐάσης.

473 3921 701 3997 infelix,
734 3921 874 3983 talia
925 3927 1306 3981 contuentem
1363 3938 1520 3981 nunc
1573 3920 1691 3979 ulla
1749 3920 2172 4000 cogitationum
2233 3920 2566 3982 istiusmodi
2620 3918 2782 3982 subit
2831 3917 3229 3998 poenitentia?
3279 3915 3418 3978 Haec
3469 3934 3604 3976 cum
3656 3913 3871 3976 mulier

479 4017 960 4090 persequeretur,
997 4009 1250 4070 Sabinus
1281 4009 1538 4070 colorem
1577 4009 1850 4082 mutavit,
1887 4027 2073 4092 seque
2104 4014 2163 4074 in
2198 4021 2415 4074 terram
2444 4009 2686 4090 ahjecit,
2716 4009 2877 4070 vocis
2908 4008 3152 4070 omnino
3177 4023 3390 4087 expers
3423 4004 3607 4066 factus
3634 4022 3648 4067 :
3685 4020 3870 4085 usque

478 4119 549 4162 eo
583 4099 780 4160 divina
815 4118 948 4160 sese
981 4099 1242 4160 vindicta
1274 4098 1504 4161 extulit.

557 4187 755 4251 XLIII.
793 4188 871 4249 Ex
906 4206 1020 4270 quo
1053 4206 1190 4249 vero
1227 4188 1518 4250 exarchus
1551 4187 1699 4250 nihil
1750 4189 1902 4250 ultra
1935 4200 2123 4252 contra

2301 4191 2442 4249 Ml".
2508 4189 2662 4247 Ἐπεὶ
2723 4187 2890 4264 μηδὲν
2950 4192 3105 4267 εἷγεν
3142 4190 3169 4244 ὃ
3229 4183 3449 4264 ἔξαρχος
3505 4181 3629 4262 παρ’
3690 4174 3874 4243 ἑαυτοῦ

479 4297 544 4341 se
573 4277 952 4340 statuendum
983 4276 1213 4348 habuit,
1246 4295 1452 4338 rursus
1489 4284 1576 4338 vir
1607 4277 1814 4340 beatus
1839 4279 1894 4340 in
1931 4290 2123 4341 custo-

2219 4284 2611 4363 ἀποφήνασθαι,
2676 4280 2820 4344 αὖθις
2900 4283 2928 4337 6
2987 4281 3249 4358 μακᾶριος
3306 4283 3557 4358 ὥρμησεν
3613 4274 3702 4334 ἐπὶ
3779 4275 3874 4341 τὴν

481 4368 636 4429 diam
672 4368 979 4448 conjectus
1010 4374 1120 4440 est,
1152 4366 1344 4427 donec
1388 4368 1668 4427 universa
1718 4367 1840 4428 haac
1872 4369 2123 4449 pontiﬁci

2221 4374 2454 4452 εἱρκτὴν,
2508 4372 2700 4452 μέχρις
2735 4372 2795 4426 ἂν
2855 4373 2920 4427 τὰ
2974 4371 3095 4428 κατ’
3155 4372 3309 4428 αὒτὸν
3367 4376 3443 4443 τῷ
3487 4369 3680 4440 πᾰππᾳ
3731 4388 3875 4444 γνωο

486 4476 636 4557 max.
681 4456 1257 4563 perspecta‘fierent.
1289 4455 1578 4563 Caeterum
1614 4457 1715 4516 ille
1775 4457 2040 4536 praeibat,
2075 4467 2123 4518 et

2222 4465 2318 4521 σιὰ
2379 4463 2659 4539 γένωνται,
2697 4462 2888 4540 προῄει
2945 4460 2998 4516 δὲ
3046 4462 3243 4524 παντὸς
3304 4461 3446 4533 αύτῷ
3493 4465 3586 4514 τοῦ
3644 4455 3874 4526 πλήθοϋς

481 4545 796 4606 universus
847 4543 1100 4623 populus
1143 4543 1642 4624 subsequebatur,
1677 4546 1834 4606 hunc
1888 4547 2123 4628 quidem

2218 4551 2546 4632 ἐφεπομὲνου
2625 4552 2711 4607 καὶ
2771 4554 2861 4607 τὸν
2921 4549 3016 4626 μὲν
3100 4549 3384 4626 εὒιρημίαις
3452 4549 3694 4623 μορίαις,
3760 4546 3876 4604 τοὺς

483 4633 756 4695 maximls
781 4633 1080 4707 laudibus,
1114 4634 1613 4714 quadruplatores
1632 4653 1768 4696 vero
1797 4625 1928 4698 illos
1963 4637 2123 4698 innu-

2217 4625 2271 4698 δέ
2324 4642 2652 4721 συκοφάντας
2715 4625 2949 4705 πολλαῖς
2996 4653 3119 4702 ταῖς
3150 4625 3324 4717 ὕϐρεσι
3368 4637 3682 4714 βάλλοντος.
3751 4625 3878 4693 Ἐσ-

484 4725 665 4786 meris
715 4724 1094 4786 contumeliis
1127 4734 1502 4804 prosecutus.
1538 4727 1668 4787 1am
1725 4743 1862 4786 vero
1921 4744 2123 4807 vesper

2220 4731 2384 4811 πέρας
2463 4729 2517 4787 δὲ
2585 4729 2683 4797 ἤδη
2763 4728 3197 4804 καταλαϐούσης,
3262 4725 3442 4794 ἐπειδὴ
3502 4725 3718 4783 δέδοκτο
3789 4724 3877 4780 τὸν

479 4813 817 4876 advenerat.
859 4814 1124 4877 Proinde
1156 4832 1288 4875 cum
1321 4815 1446 4894 jam
1477 4823 1634 4876 esset
1681 4815 2016 4890 decretum,
2054 4819 2107 4876 vi

480 4921 612 4965 rum
675 4911 942 4966 sanctum
990 4903 1063 4964 ad
1126 4905 1466 4981 pontiﬁcem
1515 4903 1776 4980 mittere,
1810 4905 2004 4967 visum
2053 4914 2143 4968 est

2225 4821 2486 4900 μακάριον
2543 4821 2677 4898 πρὸς
2745 4820 2833 4876 τὸν
2891 4821 3114 4876 πάππαν
3179 4818 3569 4886 ἆποσταλῆται,
3631 4813 3876 4872 συνεϐού-

2224 4911 2342 4970 λευε
2398 4917 2475 4988 τῷ
2507 4909 2717 4990 ἑξάρχψ
2777 4910 2902 4989 ἀωρὶ
2960 4915 3064 4966 τῶν
3126 4914 3353 4984 νυκτῶν,
3387 4907 3472 4963 καὶ
3521 4912 3612 4962 τοῦ
3646 4903 3876 4971 πλήθους

481 4993 741 5056 exarcbo
789 4993 1147 5073 intempesta
1180 4999 1375 5066 nocte,
1414 4992 1693 5055 universo
1755 4995 1970 5075 populo
2009 4995 2143 5058 dor-

483 5081 728 5158 miente,
766 5100 874 5163 per
902 5090 1162 5163 portam,
1196 5099 1315 5164 qua
1357 5083 1622 5145 tenditur
1651 5083 1723 5145 ad
1760 5101 1945 5165 mare,
1981 5085 2142 5148 hunc

480 5173 634 5235 clam
687 5189 720 5234 e
750 5172 989 5234 civitate
1034 5171 1337 5233 deducere
1376 5193 1392 5248 ;
1445 5171 1948 5236 animadverterat
1980 5175 2138 5238 enim

484 5261 926 5324 multitudinem
950 5260 1031 5336 id,
1063 5261 1110 5322 si
1137 5262 1496 5329 rescivisset.
1525 5281 1645 5324 non
1670 5263 2091 5345 permissuram
2120 5285 2134 5326 :

479 5352 640 5429 quod
695 5368 841 5413 sane
873 5370 941 5412 ex
973 5351 1270 5413 sententia
1301 5351 1541 5414 cecidit.
1605 5351 1750 5413 Nam
1784 5354 2016 5415 occulte
2048 5355 2140 5415 ci-

482 5441 655 5503 vitate
691 5458 966 5519 egressus
991 5448 1102 5501 est.
1138 5441 1209 5502 At
1243 5451 1520 5521 parentes
1552 5443 1682 5520 ejus
1707 5444 1933 5524 (neque
1977 5443 2137 5506 enim

482 5530 643 5609 quod
693 5529 870 5592 fiebat
899 5529 1268 5607 ignorabant)
1305 5530 1491 5591 filium
1546 5533 1756 5592 flentes
1788 5550 1857 5594 ac
1909 5532 2141 5595 lamen—

482 5624 679 5681 tantes
705 5618 1110 5696 sequebantur
1137 5639 1150 5679 :
1191 5628 1249 5680 et
1279 5619 1420 5681 licet
1443 5638 1512 5682 ex
1547 5620 1620 5680 iis
1649 5641 1780 5703 quae
1813 5640 2141 5702 praecesse-

520 5714 607 5787 nt,
657 5708 793 5787 quis
829 5708 1038 5769 hnrum
1073 5707 1304 5770 futurus
1357 5709 1490 5770 finis
1523 5720 1704 5791 esset,
1740 5713 1824 5774 uti
1864 5713 2138 5792 ejusdem

2223 5001 2550 5082 ἠρεμοῦντος
2611 5000 2832 5073 παντὸς,
2880 4997 2964 5056 διὰ
3021 4997 3116 5067 τῆς
3176 4997 3436 5078 φερούσης
3497 4991 3582 5052 διὰ
3634 4993 3734 5062 τὴν
3791 4991 3877 5048 ea.

2223 5089 2420 5147 λατταν
2481 5088 2682 5164 πύλης,
2714 5087 2879 5166 λάθρα
2909 5092 3006 5155 τῆς
3063 5085 3276 5148 πόλεως
3329 5087 3511 5143 τοῦτον
3569 5081 3878 5162 ἐξαγαγεῖν

2225 5177 2339 5255 ᾔδει
2369 5179 2469 5258 γὰρ
2500 5179 2572 5241 ὡς
2606 5177 2701 5234 οὒκ
2750 5177 2980 5258 ἥσυχίαν
3011 5175 3113 5242 ἕξει
3144 5178 3205 5233 τὸ
3236 5174 3440 5244 πλῆθος
3487 5173 3818 5248 αἶσθόμενον’
3852 5168 3880 5222 ὃ

2225 5267 2290 5332 δὴ
2345 5271 2431 5325 καὶ
2489 5269 2624 5324 κατὰ
2669 5267 2893 5344 γνώμην
2963 5266 3279 5345 ὶπρᾶττετο,
3326 5266 3413 5322 καὶ
3458 5261 3596 5339 ἐξῄει
3653 5259 3879 5340 κρδφίως

2226 5358 2322 5426 τῆς
2381 5356 2608 5424 πόλεως.
2663 5356 2731 5414 Ἦ
2790 5354 2845 5412 δὲ
2901 5358 3082 5433 μήτηρ
3130 5358 3223 5412 καὶ
3287 5357 3315 5411 6
3373 5353 3570 5432 πατὴρ,
3607 5348 3721 5408 οὗδέ
3782 5348 3880 5423 γὰρ

2226 5447 2497 5511 κάκείνους
2555 5446 2805 5503 ἐλάνθασε
2862 5448 2923 5502 τὸ
2986 5446 3292 5525 γινόμενον,
3353 5442 3572 5500 ε’ίποντο
3627 5447 3704 5514 τῷ
3759 5437 3879 5512 υἱῷ,

2227 5537 2499 5601 κλαίοντές
2559 5558 2615 5592 τε
2648 5542 2850 5613 πικρῶς
2897 5537 2986 5592 καὶ
3044 5534 3446 5616 ·’λοφ·›ρόμενοι,
3493 5531 3580 5589 καὶ
3613 5533 3728 5586 οἷον
3785 5525 3880 5597 μὲν

2227 5626 2371 5683 ἔσται
2429 5629 2489 5682 τὸ
2520 5626 2710 5706 πέρας,
2743 5625 2804 5681 ἔκ
2837 5630 2941 5682 τῶν
2998 5625 3096 5693 ἤδη
3147 5613 3462 5704 έρθασάντων
3494 5619 3670 5682 καλῶς
3731 5613 3878 5671 εἰκέ-

2224 5725 2423 5792 ζοντες,
2459 5701 2605 5792 ὅμως
2666 5714 2720 5771 δὲ
2777 5719 2868 5773 οἷα
2925 5729 3104 5795 γονεῖς
3138 5701 3214 5792 τῷ
3272 5711 3455 5788 ἀδήλῳ
3517 5711 3614 5778 τὴν
3668 5701 3876 5786 καρδίαν
