  <div class='ocr_page' id='page_1' title='image "/cluster/home/n/w/nwhite01/storage/ocr_20150623/116:no.3/coo.31924054870203/130.png"; bbox 0 0 4136 6432; ppageno 0'>
   <div class='ocr_carea' id='block_1_1' title="bbox 358 364 473 433">
    <p class='ocr_par' dir='ltr' id='par_1_1' title="bbox 358 364 473 433">
     <span class='ocr_line' id='line_1_1' title="bbox 358 364 473 433; baseline 0.009 -1"><span class='ocrx_word' id='word_1_1' title='bbox 358 364 473 433; x_wconf 73' lang='grc'><strong>245</strong></span> 
     </span>
    </p>
   </div>
   <div class='ocr_carea' id='block_1_2' title="bbox 1418 370 2707 440">
    <p class='ocr_par' dir='ltr' id='par_1_2' title="bbox 1418 370 2707 440">
     <span class='ocr_line' id='line_1_2' title="bbox 1418 370 2707 440; baseline 0.002 -2"><span class='ocrx_word' id='word_1_2' title='bbox 1418 371 1607 438; x_wconf 78' lang='lat' dir='ltr'><strong>VITA</strong></span> <span class='ocrx_word' id='word_1_3' title='bbox 1646 372 1706 436; x_wconf 90' lang='lat' dir='ltr'><strong>S.</strong></span> <span class='ocrx_word' id='word_1_4' title='bbox 1755 372 2124 438; x_wconf 82' lang='lat' dir='ltr'><strong>GREGORII</strong></span> <span class='ocrx_word' id='word_1_5' title='bbox 2162 370 2707 440; x_wconf 81' lang='lat' dir='ltr'><strong>AGRIGENTINI.</strong></span> 
     </span>
    </p>
   </div>
   <div class='ocr_carea' id='block_1_3' title="bbox 3637 373 3758 451">
    <p class='ocr_par' dir='ltr' id='par_1_3' title="bbox 3637 373 3758 451">
     <span class='ocr_line' id='line_1_3' title="bbox 3637 373 3758 451; baseline 0.025 -3"><span class='ocrx_word' id='word_1_6' title='bbox 3637 373 3758 451; x_wconf 76' lang='lat'><strong>246</strong></span> 
     </span>
    </p>
   </div>
   <div class='ocr_carea' id='block_1_4' title="bbox 360 504 2002 600">
    <p class='ocr_par' dir='ltr' id='par_1_4' title="bbox 360 504 2002 589">
     <span class='ocr_line' id='line_1_4' title="bbox 360 504 2002 589; baseline 0.003 -26"><span class='ocrx_word' id='word_1_7' title='bbox 360 504 788 582; x_wconf 73' lang='grc' dir='ltr'>διαόονοόμενοι.</span> <span class='ocrx_word' id='word_1_8' title='bbox 869 505 1026 568; x_wconf 82' lang='grc' dir='ltr'>Ἀλλ’</span> <span class='ocrx_word' id='word_1_9' title='bbox 1089 510 1118 568; x_wconf 86' lang='lat'><strong>6</strong></span> <span class='ocrx_word' id='word_1_10' title='bbox 1176 505 1433 589; x_wconf 72' lang='grc' dir='ltr'>μακάριος</span> <span class='ocrx_word' id='word_1_11' title='bbox 1505 514 1612 570; x_wconf 83' lang='grc' dir='ltr'>τῶν</span> <span class='ocrx_word' id='word_1_12' title='bbox 1665 533 1723 569; x_wconf 85' lang='grc' dir='ltr'><strong>τε</strong></span> <span class='ocrx_word' id='word_1_13' title='bbox 1778 510 2002 588; x_wconf 66' lang='grc' dir='ltr'>δακρύωι</span> 
     </span>
    </p>
   </div>
   <div class='ocr_carea' id='block_1_5' title="bbox 2086 504 3745 600">
    <p class='ocr_par' dir='ltr' id='par_1_5' title="bbox 2099 509 3745 600">
     <span class='ocr_line' id='line_1_5' title="bbox 2099 509 3745 600; baseline 0.007 -28"><span class='ocrx_word' id='word_1_14' title='bbox 2099 509 2422 586; x_wconf 84' lang='lat' dir='ltr'><strong>familares,</strong></span> <span class='ocrx_word' id='word_1_15' title='bbox 2464 509 2650 592; x_wconf 85' lang='lat' dir='ltr'><strong>probe</strong></span> <span class='ocrx_word' id='word_1_16' title='bbox 2680 511 3073 593; x_wconf 88' lang='lat' dir='ltr'><strong>conjicerent,</strong></span> <span class='ocrx_word' id='word_1_17' title='bbox 3096 511 3512 593; x_wconf 80' lang='lat' dir='ltr'><strong>nihilominus,</strong></span> <span class='ocrx_word' id='word_1_18' title='bbox 3549 525 3614 581; x_wconf 88' lang='lat' dir='ltr'><strong>ut</strong></span> <span class='ocrx_word' id='word_1_19' title='bbox 3642 539 3745 600; x_wconf 52' lang='lat' dir='ltr'><strong>pa.</strong></span> 
     </span>
    </p>
   </div>
   <div class='ocr_carea' id='block_1_6' title="bbox 359 597 2002 681">
    <p class='ocr_par' dir='ltr' id='par_1_6' title="bbox 359 597 2002 681">
     <span class='ocr_line' id='line_1_6' title="bbox 359 597 2002 681; baseline 0.004 -27"><span class='ocrx_word' id='word_1_20' title='bbox 359 597 605 671; x_wconf 79' lang='grc' dir='ltr'>ἐπειρᾶτο</span> <span class='ocrx_word' id='word_1_21' title='bbox 668 599 865 654; x_wconf 76' lang='grc' dir='ltr'>παύειν</span> <span class='ocrx_word' id='word_1_22' title='bbox 939 599 1154 672; x_wconf 72' lang='grc' dir='ltr'>αὖτοὺς,</span> <span class='ocrx_word' id='word_1_23' title='bbox 1201 604 1286 657; x_wconf 77' lang='grc' dir='ltr'>καὶ</span> <span class='ocrx_word' id='word_1_24' title='bbox 1344 601 1576 681; x_wconf 78' lang='grc' dir='ltr'>ἡσυχίαν</span> <span class='ocrx_word' id='word_1_25' title='bbox 1626 602 1774 681; x_wconf 75' lang='grc' dir='ltr'>ἄγειν</span> <span class='ocrx_word' id='word_1_26' title='bbox 1823 604 2002 677; x_wconf 87' lang='grc' dir='ltr'>παραί-</span> 
     </span>
    </p>
   </div>
   <div class='ocr_carea' id='block_1_7' title="bbox 2086 597 3748 681">
    <p class='ocr_par' dir='ltr' id='par_1_7' title="bbox 2101 597 3748 676">
     <span class='ocr_line' id='line_1_7' title="bbox 2101 597 3748 676; baseline 0.005 -11"><span class='ocrx_word' id='word_1_27' title='bbox 2101 610 2305 665; x_wconf 89' lang='lat' dir='ltr'><strong>rentes</strong></span> <span class='ocrx_word' id='word_1_28' title='bbox 2352 618 2552 676; x_wconf 85' lang='lat' dir='ltr'><strong>rerum</strong></span> <span class='ocrx_word' id='word_1_29' title='bbox 2585 602 3008 666; x_wconf 84' lang='lat' dir='ltr'><strong>incertitudine</strong></span> <span class='ocrx_word' id='word_1_30' title='bbox 3057 604 3235 666; x_wconf 91' lang='lat' dir='ltr'><strong>corde</strong></span> <span class='ocrx_word' id='word_1_31' title='bbox 3270 605 3574 670; x_wconf 87' lang='lat' dir='ltr'><strong>nutabant.</strong></span> <span class='ocrx_word' id='word_1_32' title='bbox 3627 597 3748 673; x_wconf 70' lang='lat' dir='ltr'><strong>Ve-</strong></span> 
     </span>
    </p>
   </div>
   <div class='ocr_carea' id='block_1_8' title="bbox 367 685 2002 778">
    <p class='ocr_par' dir='ltr' id='par_1_8' title="bbox 367 685 1996 778">
     <span class='ocr_line' id='line_1_8' title="bbox 367 685 1996 778; baseline 0.004 -35"><span class='ocrx_word' id='word_1_33' title='bbox 367 709 464 765; x_wconf 86' lang='grc' dir='ltr'>νει,</span> <span class='ocrx_word' id='word_1_34' title='bbox 493 688 580 743; x_wconf 70' lang='grc' dir='ltr'><strong>καὶ</strong></span> <span class='ocrx_word' id='word_1_35' title='bbox 631 685 828 778; x_wconf 66' lang='grc' dir='ltr'>ἐπειδή</span> <span class='ocrx_word' id='word_1_36' title='bbox 870 691 1026 778; x_wconf 64' lang='grc' dir='ltr'>πρὸς</span> <span class='ocrx_word' id='word_1_37' title='bbox 1087 693 1164 763; x_wconf 85' lang='grc' dir='ltr'>τῷ</span> <span class='ocrx_word' id='word_1_38' title='bbox 1214 689 1442 766; x_wconf 81' lang='grc' dir='ltr'>αἰγιαλῴ</span> <span class='ocrx_word' id='word_1_39' title='bbox 1501 693 1741 770; x_wconf 75' lang='grc' dir='ltr'>ἣγγισεν,</span> <span class='ocrx_word' id='word_1_40' title='bbox 1770 693 1996 772; x_wconf 49' lang='grc' dir='ltr'>εὕλεσθα</span> 
     </span>
    </p>
   </div>
   <div class='ocr_carea' id='block_1_9' title="bbox 2086 685 3748 778">
    <p class='ocr_par' dir='ltr' id='par_1_9' title="bbox 2101 691 3748 778">
     <span class='ocr_line' id='line_1_9' title="bbox 2101 691 3748 778; baseline 0.007 -26"><span class='ocrx_word' id='word_1_41' title='bbox 2101 710 2232 754; x_wconf 89' lang='lat' dir='ltr'><strong>rum</strong></span> <span class='ocrx_word' id='word_1_42' title='bbox 2265 691 2498 753; x_wconf 84' lang='lat' dir='ltr'><strong>divinus</strong></span> <span class='ocrx_word' id='word_1_43' title='bbox 2529 691 2616 753; x_wconf 88' lang='lat' dir='ltr'><strong>vir</strong></span> <span class='ocrx_word' id='word_1_44' title='bbox 2643 694 2791 754; x_wconf 87' lang='lat' dir='ltr'><strong>ﬂere</strong></span> <span class='ocrx_word' id='word_1_45' title='bbox 2823 693 2958 755; x_wconf 89' lang='lat' dir='ltr'><strong>illos</strong></span> <span class='ocrx_word' id='word_1_46' title='bbox 2990 693 3366 774; x_wconf 78' lang='lat' dir='ltr'><strong>prohibebat,</strong></span> <span class='ocrx_word' id='word_1_47' title='bbox 3407 703 3650 778; x_wconf 88' lang='lat' dir='ltr'><strong>tutoque</strong></span> <span class='ocrx_word' id='word_1_48' title='bbox 3677 718 3748 762; x_wconf 90' lang='lat' dir='ltr'><strong>ac</strong></span> 
     </span>
    </p>
   </div>
   <div class='ocr_carea' id='block_1_10' title="bbox 364 776 2002 868">
    <p class='ocr_par' dir='ltr' id='par_1_10' title="bbox 364 776 2002 857">
     <span class='ocr_line' id='line_1_10' title="bbox 364 776 2002 857; baseline 0.004 -24"><span class='ocrx_word' id='word_1_49' title='bbox 364 776 561 844; x_wconf 75' lang='grc' dir='ltr'>μᾶλλον</span> <span class='ocrx_word' id='word_1_50' title='bbox 635 776 770 854; x_wconf 72' lang='grc' dir='ltr'>ὑπὲρ</span> <span class='ocrx_word' id='word_1_51' title='bbox 824 777 992 834; x_wconf 73' lang='grc' dir='ltr'>αὗτοῦ</span> <span class='ocrx_word' id='word_1_52' title='bbox 1069 780 1391 852; x_wconf 74' lang='grc' dir='ltr'><strong>παραινέσας</strong></span> <span class='ocrx_word' id='word_1_53' title='bbox 1451 779 1569 856; x_wconf 88' lang='grc' dir='ltr'>μετ’</span> <span class='ocrx_word' id='word_1_54' title='bbox 1627 784 1871 857; x_wconf 64' lang='grc' dir='ltr'>εὐθυμίας</span> <span class='ocrx_word' id='word_1_55' title='bbox 1939 789 2002 856; x_wconf 70' lang='grc' dir='ltr'>τιῖ</span> 
     </span>
    </p>
   </div>
   <div class='ocr_carea' id='block_1_11' title="bbox 2086 776 3747 868">
    <p class='ocr_par' dir='ltr' id='par_1_11' title="bbox 2097 776 3747 868">
     <span class='ocr_line' id='line_1_11' title="bbox 2097 776 3747 868; baseline 0.004 -25"><span class='ocrx_word' id='word_1_56' title='bbox 2097 781 2232 843; x_wconf 60' lang='lat' dir='ltr'><strong>lauto</strong></span> <span class='ocrx_word' id='word_1_57' title='bbox 2263 781 2462 842; x_wconf 87' lang='lat' dir='ltr'><strong>animo</strong></span> <span class='ocrx_word' id='word_1_58' title='bbox 2506 799 2640 844; x_wconf 89' lang='lat' dir='ltr'><strong>esse</strong></span> <span class='ocrx_word' id='word_1_59' title='bbox 2671 781 3040 844; x_wconf 76' lang='lat' dir='ltr'><strong>hortabatur.</strong></span> <span class='ocrx_word' id='word_1_60' title='bbox 3094 783 3208 846; x_wconf 87' lang='lat' dir='ltr'><strong>Ubi</strong></span> <span class='ocrx_word' id='word_1_61' title='bbox 3239 802 3376 846; x_wconf 88' lang='lat' dir='ltr'><strong>vero</strong></span> <span class='ocrx_word' id='word_1_62' title='bbox 3410 776 3570 848; x_wconf 79' lang='lat' dir='ltr'><strong>littus</strong></span> <span class='ocrx_word' id='word_1_63' title='bbox 3605 806 3747 868; x_wconf 83' lang='lat' dir='ltr'><strong>pro-</strong></span> 
     </span>
    </p>
   </div>
   <div class='ocr_carea' id='block_1_12' title="bbox 355 865 2013 947">
    <p class='ocr_par' dir='ltr' id='par_1_12' title="bbox 355 865 2013 947">
     <span class='ocr_line' id='line_1_12' title="bbox 355 865 2013 947; baseline 0.002 -23"><span class='ocrx_word' id='word_1_64' title='bbox 355 869 524 940; x_wconf 75' lang='grc' dir='ltr'>πλοίῳ</span> <span class='ocrx_word' id='word_1_65' title='bbox 580 865 859 926; x_wconf 76' lang='grc' dir='ltr'>ἐπέϐαινε.</span> <span class='ocrx_word' id='word_1_66' title='bbox 927 871 1204 945; x_wconf 74' lang='grc' dir='ltr'>Συνεισῂει</span> <span class='ocrx_word' id='word_1_67' title='bbox 1260 869 1314 926; x_wconf 81' lang='grc' dir='ltr'>δὲ</span> <span class='ocrx_word' id='word_1_68' title='bbox 1358 873 1499 947; x_wconf 77' lang='grc' dir='ltr'>αὒτῷ</span> <span class='ocrx_word' id='word_1_69' title='bbox 1529 879 1636 929; x_wconf 80' lang='grc' dir='ltr'><strong>τῶν</strong></span> <span class='ocrx_word' id='word_1_70' title='bbox 1693 873 1790 946; x_wconf 79' lang='grc' dir='ltr'>μὲν</span> <span class='ocrx_word' id='word_1_71' title='bbox 1833 871 2013 932; x_wconf 76' lang='grc' dir='ltr'>ἄλλων</span> 
     </span>
    </p>
   </div>
   <div class='ocr_carea' id='block_1_13' title="bbox 350 957 2012 1036">
    <p class='ocr_par' dir='ltr' id='par_1_13' title="bbox 350 957 2012 1036">
     <span class='ocr_line' id='line_1_13' title="bbox 350 957 2012 1036; baseline 0.002 -20"><span class='ocrx_word' id='word_1_72' title='bbox 350 957 517 1021; x_wconf 56' lang='grc' dir='ltr'>οιἘεὶς</span> <span class='ocrx_word' id='word_1_73' title='bbox 572 957 654 1013; x_wconf 80' lang='grc' dir='ltr'><strong>ὅτι</strong></span> <span class='ocrx_word' id='word_1_74' title='bbox 716 958 797 1028; x_wconf 79' lang='grc' dir='ltr'><strong>μὴ</strong></span> <span class='ocrx_word' id='word_1_75' title='bbox 856 959 1020 1033; x_wconf 82' lang='grc' dir='ltr'>μόνος</span> <span class='ocrx_word' id='word_1_76' title='bbox 1082 958 1452 1034; x_wconf 80' lang='grc' dir='ltr'>Πλατωνικὸς,</span> <span class='ocrx_word' id='word_1_77' title='bbox 1511 963 1568 1026; x_wconf 81' lang='grc' dir='ltr'>ὃς</span> <span class='ocrx_word' id='word_1_78' title='bbox 1626 963 1767 1036; x_wconf 76' lang='grc' dir='ltr'>αὒτῷ</span> <span class='ocrx_word' id='word_1_79' title='bbox 1820 963 1905 1019; x_wconf 70' lang='grc' dir='ltr'><strong>καὶ</strong></span> <span class='ocrx_word' id='word_1_80' title='bbox 1945 963 2012 1020; x_wconf 82' lang='grc' dir='ltr'><strong>τὰ</strong></span> 
     </span>
    </p>
   </div>
   <div class='ocr_carea' id='block_1_14' title="bbox 347 1049 2008 1126">
    <p class='ocr_par' dir='ltr' id='par_1_14' title="bbox 347 1049 2008 1126">
     <span class='ocr_line' id='line_1_14' title="bbox 347 1049 2008 1126; baseline 0.002 -21"><span class='ocrx_word' id='word_1_81' title='bbox 347 1051 482 1126; x_wconf 72' lang='grc' dir='ltr'>πρὸς</span> <span class='ocrx_word' id='word_1_82' title='bbox 554 1049 850 1125; x_wconf 72' lang='grc' dir='ltr'><strong>ὑπηρεσίαν</strong></span> <span class='ocrx_word' id='word_1_83' title='bbox 902 1049 1208 1112; x_wconf 80' lang='grc' dir='ltr'>καθίστατο,</span> <span class='ocrx_word' id='word_1_84' title='bbox 1285 1051 1389 1108; x_wconf 83' lang='grc' dir='ltr'><strong>Τὸν</strong></span> <span class='ocrx_word' id='word_1_85' title='bbox 1445 1049 1501 1108; x_wconf 79' lang='grc' dir='ltr'><strong>δὲ</strong></span> <span class='ocrx_word' id='word_1_86' title='bbox 1571 1051 1847 1110; x_wconf 80' lang='grc' dir='ltr'><strong>ἀπόπλουν</strong></span> <span class='ocrx_word' id='word_1_87' title='bbox 1902 1052 2008 1120; x_wconf 81' lang='grc' dir='ltr'>ἡδη</span> 
     </span>
    </p>
   </div>
   <div class='ocr_carea' id='block_1_15' title="bbox 351 1135 2009 1219">
    <p class='ocr_par' dir='ltr' id='par_1_15' title="bbox 351 1135 2009 1219">
     <span class='ocr_line' id='line_1_15' title="bbox 351 1135 2009 1219; baseline 0.002 -25"><span class='ocrx_word' id='word_1_88' title='bbox 351 1141 622 1195; x_wconf 74' lang='grc' dir='ltr'>ποιεῖσθαι</span> <span class='ocrx_word' id='word_1_89' title='bbox 685 1135 933 1210; x_wconf 85' lang='grc' dir='ltr'>μέλλων,</span> <span class='ocrx_word' id='word_1_90' title='bbox 963 1137 1140 1195; x_wconf 82' lang='grc' dir='ltr'>πολλὰ</span> <span class='ocrx_word' id='word_1_91' title='bbox 1188 1141 1367 1205; x_wconf 70' lang='grc' dir='ltr'>αὐτοῖς</span> <span class='ocrx_word' id='word_1_92' title='bbox 1417 1142 1667 1219; x_wconf 79' lang='grc' dir='ltr'>περὶτῆς</span> <span class='ocrx_word' id='word_1_93' title='bbox 1725 1140 2009 1208; x_wconf 76' lang='grc' dir='ltr'><strong>ἐκκλησίας</strong></span> 
     </span>
    </p>
   </div>
   <div class='ocr_carea' id='block_1_16' title="bbox 351 1226 2008 1308">
    <p class='ocr_par' dir='ltr' id='par_1_16' title="bbox 351 1226 2008 1308">
     <span class='ocr_line' id='line_1_16' title="bbox 351 1226 2008 1308; baseline 0.001 -24"><span class='ocrx_word' id='word_1_94' title='bbox 351 1230 437 1284; x_wconf 83' lang='grc' dir='ltr'>καί</span> <span class='ocrx_word' id='word_1_95' title='bbox 487 1236 588 1285; x_wconf 75' lang='grc' dir='ltr'><strong>τοῦ</strong></span> <span class='ocrx_word' id='word_1_96' title='bbox 645 1228 898 1301; x_wconf 73' lang='grc' dir='ltr'><strong>ποιμνίου</strong></span> <span class='ocrx_word' id='word_1_97' title='bbox 970 1226 1369 1306; x_wconf 79' lang='grc' dir='ltr'>διεμαρτύρετο,</span> <span class='ocrx_word' id='word_1_98' title='bbox 1431 1232 1503 1293; x_wconf 81' lang='grc' dir='ltr'>ὡς</span> <span class='ocrx_word' id='word_1_99' title='bbox 1559 1237 1634 1304; x_wconf 82' lang='grc' dir='ltr'><strong>τῷ</strong></span> <span class='ocrx_word' id='word_1_100' title='bbox 1688 1237 1804 1304; x_wconf 84' lang='grc' dir='ltr'><strong>Θεῷ</strong></span> <span class='ocrx_word' id='word_1_101' title='bbox 1847 1230 2008 1308; x_wconf 89' lang='grc' dir='ltr'>λόγον</span> 
     </span>
    </p>
   </div>
   <div class='ocr_carea' id='block_1_17' title="bbox 343 1316 2008 1397">
    <p class='ocr_par' dir='ltr' id='par_1_17' title="bbox 343 1316 2008 1397">
     <span class='ocr_line' id='line_1_17' title="bbox 343 1316 2008 1397; baseline 0.002 -25"><span class='ocrx_word' id='word_1_102' title='bbox 343 1323 451 1372; x_wconf 80' lang='grc' dir='ltr'>τῶν</span> <span class='ocrx_word' id='word_1_103' title='bbox 511 1318 587 1380; x_wconf 82' lang='grc' dir='ltr'>εἷς</span> <span class='ocrx_word' id='word_1_104' title='bbox 645 1318 812 1382; x_wconf 63' lang='grc' dir='ltr'>αὐτὴν</span> <span class='ocrx_word' id='word_1_105' title='bbox 865 1316 1243 1394; x_wconf 66' lang='grc' dir='ltr'>πραττομένων</span> <span class='ocrx_word' id='word_1_106' title='bbox 1293 1316 1600 1397; x_wconf 67' lang='grc' dir='ltr'>ὖνρέξοντας.</span> <span class='ocrx_word' id='word_1_107' title='bbox 1665 1322 1725 1376; x_wconf 77' lang='lat' dir='ltr'><strong>Oi</strong></span> <span class='ocrx_word' id='word_1_108' title='bbox 1756 1318 1811 1374; x_wconf 79' lang='grc' dir='ltr'><strong>δὲ</strong></span> <span class='ocrx_word' id='word_1_109' title='bbox 1870 1317 2008 1394; x_wconf 80' lang='grc' dir='ltr'>μηδέ</span> 
     </span>
    </p>
   </div>
   <div class='ocr_carea' id='block_1_18' title="bbox 340 1405 2008 1486">
    <p class='ocr_par' dir='ltr' id='par_1_18' title="bbox 340 1405 2008 1486">
     <span class='ocr_line' id='line_1_18' title="bbox 340 1405 2008 1486; baseline 0.008 -24"><span class='ocrx_word' id='word_1_110' title='bbox 340 1406 490 1462; x_wconf 74' lang='grc' dir='ltr'>οἷίτω</span> <span class='ocrx_word' id='word_1_111' title='bbox 536 1406 637 1471; x_wconf 73' lang='grc' dir='ltr'><strong>τῆς</strong></span> <span class='ocrx_word' id='word_1_112' title='bbox 689 1406 950 1482; x_wconf 71' lang='grc' dir='ltr'>πονηρίας</span> <span class='ocrx_word' id='word_1_113' title='bbox 999 1406 1239 1486; x_wconf 75' lang='grc' dir='ltr'>ὑφέντες,</span> <span class='ocrx_word' id='word_1_114' title='bbox 1270 1405 1336 1473; x_wconf 77' lang='grc' dir='ltr'>ἦν</span> <span class='ocrx_word' id='word_1_115' title='bbox 1385 1409 1486 1486; x_wconf 64' lang='grc' dir='ltr'>γὰρ</span> <span class='ocrx_word' id='word_1_116' title='bbox 1535 1406 1600 1474; x_wconf 71' lang='grc' dir='ltr'><strong>δὴ</strong></span> <span class='ocrx_word' id='word_1_117' title='bbox 1635 1409 1719 1464; x_wconf 72' lang='grc' dir='ltr'>καὶ</span> <span class='ocrx_word' id='word_1_118' title='bbox 1776 1410 1803 1465; x_wconf 78' lang='grc' dir='ltr'>δ</span> <span class='ocrx_word' id='word_1_119' title='bbox 1852 1407 2008 1486; x_wconf 76' lang='grc' dir='ltr'>’ἐξαρ-</span> 
     </span>
    </p>
   </div>
   <div class='ocr_carea' id='block_1_19' title="bbox 343 1494 2009 1578">
    <p class='ocr_par' dir='ltr' id='par_1_19' title="bbox 343 1494 2009 1578">
     <span class='ocr_line' id='line_1_19' title="bbox 343 1494 2009 1578; baseline 0.002 -27"><span class='ocrx_word' id='word_1_120' title='bbox 343 1517 452 1575; x_wconf 66' lang='grc' dir='ltr'><strong>χος</strong></span> <span class='ocrx_word' id='word_1_121' title='bbox 531 1497 654 1557; x_wconf 78' lang='grc' dir='ltr'>οἷος</span> <span class='ocrx_word' id='word_1_122' title='bbox 689 1496 808 1570; x_wconf 82' lang='grc' dir='ltr'>περὶ</span> <span class='ocrx_word' id='word_1_123' title='bbox 862 1495 994 1551; x_wconf 69' lang='grc' dir='ltr'>αὐτὰ</span> <span class='ocrx_word' id='word_1_124' title='bbox 1041 1494 1210 1568; x_wconf 78' lang='grc' dir='ltr'>μηδὲν</span> <span class='ocrx_word' id='word_1_125' title='bbox 1266 1503 1371 1553; x_wconf 80' lang='grc' dir='ltr'><strong>τῶν</strong></span> <span class='ocrx_word' id='word_1_126' title='bbox 1422 1497 1764 1573; x_wconf 83' lang='grc' dir='ltr'>συκὸφαντῶν</span> <span class='ocrx_word' id='word_1_127' title='bbox 1821 1497 2009 1578; x_wconf 80' lang='grc' dir='ltr'>διαφέ-</span> 
     </span>
    </p>
   </div>
   <div class='ocr_carea' id='block_1_20' title="bbox 345 1581 2007 1663">
    <p class='ocr_par' dir='ltr' id='par_1_20' title="bbox 345 1581 2007 1663">
     <span class='ocr_line' id='line_1_20' title="bbox 345 1581 2007 1663; baseline 0.002 -25"><span class='ocrx_word' id='word_1_128' title='bbox 345 1604 462 1659; x_wconf 85' lang='grc' dir='ltr'>ρειν</span> <span class='ocrx_word' id='word_1_129' title='bbox 514 1583 584 1639; x_wconf 82' lang='grc' dir='ltr'><strong>τά</strong></span> <span class='ocrx_word' id='word_1_130' title='bbox 625 1605 686 1638; x_wconf 85' lang='grc' dir='ltr'><strong>τε</strong></span> <span class='ocrx_word' id='word_1_131' title='bbox 745 1581 882 1639; x_wconf 80' lang='grc' dir='ltr'>ἄλλα</span> <span class='ocrx_word' id='word_1_132' title='bbox 931 1595 1049 1645; x_wconf 69' lang='grc' dir='ltr'>τοῖς</span> <span class='ocrx_word' id='word_1_133' title='bbox 1099 1585 1420 1663; x_wconf 80' lang='grc' dir='ltr'>κατηγόροις</span> <span class='ocrx_word' id='word_1_134' title='bbox 1479 1586 1698 1660; x_wconf 80' lang='grc' dir='ltr'>ἐτίθετο,</span> <span class='ocrx_word' id='word_1_135' title='bbox 1745 1587 1835 1643; x_wconf 87' lang='grc' dir='ltr'><strong>καὶ</strong></span> <span class='ocrx_word' id='word_1_136' title='bbox 1889 1589 2007 1643; x_wconf 88' lang='grc' dir='ltr'>τότε</span> 
     </span>
    </p>
   </div>
   <div class='ocr_carea' id='block_1_21' title="bbox 349 1671 2009 1754">
    <p class='ocr_par' dir='ltr' id='par_1_21' title="bbox 349 1671 2009 1754">
     <span class='ocr_line' id='line_1_21' title="bbox 349 1671 2009 1754; baseline 0.004 -28"><span class='ocrx_word' id='word_1_137' title='bbox 349 1672 807 1751; x_wconf 68' lang='grc' dir='ltr'><strong>ἀποκρινάμενος,</strong></span> <span class='ocrx_word' id='word_1_138' title='bbox 871 1671 1068 1738; x_wconf 77' lang='grc' dir='ltr'>Μηδεὶς</span> <span class='ocrx_word' id='word_1_139' title='bbox 1149 1673 1286 1730; x_wconf 81' lang='grc' dir='ltr'>ἔστω</span> <span class='ocrx_word' id='word_1_140' title='bbox 1342 1697 1424 1731; x_wconf 90' lang='grc' dir='ltr'><strong>σοι</strong></span> <span class='ocrx_word' id='word_1_141' title='bbox 1495 1675 1654 1754; x_wconf 87' lang='grc' dir='ltr'>λόγος</span> <span class='ocrx_word' id='word_1_142' title='bbox 1713 1677 1836 1754; x_wconf 86' lang='grc' dir='ltr'>περί</span> <span class='ocrx_word' id='word_1_143' title='bbox 1910 1697 2009 1743; x_wconf 86' lang='grc' dir='ltr'><strong>της</strong></span> 
     </span>
    </p>
   </div>
   <div class='ocr_carea' id='block_1_22' title="bbox 355 1761 2011 1843">
    <p class='ocr_par' dir='ltr' id='par_1_22' title="bbox 355 1761 2011 1843">
     <span class='ocr_line' id='line_1_22' title="bbox 355 1761 2011 1843; baseline 0.002 -27"><span class='ocrx_word' id='word_1_144' title='bbox 355 1761 710 1840; x_wconf 64' lang='grc' dir='ltr'>Ἐκκλησίας,</span> <span class='ocrx_word' id='word_1_145' title='bbox 772 1764 932 1841; x_wconf 80' lang='grc' dir='ltr'>φησὶν</span> <span class='ocrx_word' id='word_1_146' title='bbox 988 1762 1034 1818; x_wconf 85' lang='grc' dir='ltr'><strong>ὦ</strong></span> <span class='ocrx_word' id='word_1_147' title='bbox 1091 1764 1368 1841; x_wconf 81' lang='grc' dir='ltr'>Γρήγόριε⁶</span> <span class='ocrx_word' id='word_1_148' title='bbox 1427 1772 1665 1829; x_wconf 84' lang='grc' dir='ltr'>τοιοῦτος</span> <span class='ocrx_word' id='word_1_149' title='bbox 1718 1766 1818 1843; x_wconf 83' lang='grc' dir='ltr'>γὰρ</span> <span class='ocrx_word' id='word_1_150' title='bbox 1875 1767 2011 1840; x_wconf 71' lang='grc' dir='ltr'>ἡμῖν</span> 
     </span>
    </p>
   </div>
   <div class='ocr_carea' id='block_1_23' title="bbox 2096 868 3741 954">
    <p class='ocr_par' dir='ltr' id='par_1_23' title="bbox 2096 868 3741 954">
     <span class='ocr_line' id='line_1_23' title="bbox 2096 868 3741 954; baseline 0.005 -24"><span class='ocrx_word' id='word_1_151' title='bbox 2096 870 2228 949; x_wconf 83' lang='lat' dir='ltr'><strong>pius</strong></span> <span class='ocrx_word' id='word_1_152' title='bbox 2283 868 2552 948; x_wconf 80' lang='lat' dir='ltr'><strong>contigit,</strong></span> <span class='ocrx_word' id='word_1_153' title='bbox 2588 886 2692 931; x_wconf 88' lang='lat' dir='ltr'><strong>eos</strong></span> <span class='ocrx_word' id='word_1_154' title='bbox 2747 879 2811 932; x_wconf 92' lang='lat' dir='ltr'><strong>ut</strong></span> <span class='ocrx_word' id='word_1_155' title='bbox 2849 889 2954 950; x_wconf 90' lang='lat' dir='ltr'><strong>pro</strong></span> <span class='ocrx_word' id='word_1_156' title='bbox 3008 889 3074 932; x_wconf 91' lang='lat' dir='ltr'><strong>se</strong></span> <span class='ocrx_word' id='word_1_157' title='bbox 3131 880 3393 952; x_wconf 76' lang='lat' dir='ltr'><strong>orarent,</strong></span> <span class='ocrx_word' id='word_1_158' title='bbox 3445 882 3741 954; x_wconf 86' lang='lat' dir='ltr'><strong>precatus,</strong></span> 
     </span>
    </p>
   </div>
   <div class='ocr_carea' id='block_1_24' title="bbox 2094 959 3745 1029">
    <p class='ocr_par' dir='ltr' id='par_1_24' title="bbox 2094 959 3745 1029">
     <span class='ocr_line' id='line_1_24' title="bbox 2094 959 3745 1029; baseline 0.006 -10"><span class='ocrx_word' id='word_1_159' title='bbox 2094 959 2374 1020; x_wconf 83' lang='lat' dir='ltr'><strong>alacriter</strong></span> <span class='ocrx_word' id='word_1_160' title='bbox 2402 976 2610 1019; x_wconf 88' lang='lat' dir='ltr'><strong>navem</strong></span> <span class='ocrx_word' id='word_1_161' title='bbox 2643 959 3014 1022; x_wconf 78' lang='lat' dir='ltr'><strong>conscendit.</strong></span> <span class='ocrx_word' id='word_1_162' title='bbox 3051 961 3232 1022; x_wconf 89' lang='lat' dir='ltr'><strong>Porro</strong></span> <span class='ocrx_word' id='word_1_163' title='bbox 3256 959 3627 1026; x_wconf 88' lang='lat' dir='ltr'><strong>Platonicum</strong></span> <span class='ocrx_word' id='word_1_164' title='bbox 3653 983 3745 1029; x_wconf 89' lang='lat' dir='ltr'><strong>se-</strong></span> 
     </span>
    </p>
   </div>
   <div class='ocr_carea' id='block_1_25' title="bbox 2092 1047 3744 1134">
    <p class='ocr_par' dir='ltr' id='par_1_25' title="bbox 2092 1047 3744 1134">
     <span class='ocr_line' id='line_1_25' title="bbox 2092 1047 3744 1134; baseline 0.004 -22"><span class='ocrx_word' id='word_1_165' title='bbox 2092 1067 2226 1112; x_wconf 91' lang='lat' dir='ltr'><strong>cum</strong></span> <span class='ocrx_word' id='word_1_166' title='bbox 2262 1047 2486 1122; x_wconf 89' lang='lat' dir='ltr'><strong>habuit,</strong></span> <span class='ocrx_word' id='word_1_167' title='bbox 2524 1057 2808 1128; x_wconf 70' lang='lat' dir='ltr'><strong>praeterea</strong></span> <span class='ocrx_word' id='word_1_168' title='bbox 2846 1050 3173 1124; x_wconf 88' lang='lat' dir='ltr'><strong>neminem,</strong></span> <span class='ocrx_word' id='word_1_169' title='bbox 3207 1055 3308 1130; x_wconf 91' lang='lat' dir='ltr'><strong>qui</strong></span> <span class='ocrx_word' id='word_1_170' title='bbox 3339 1060 3400 1112; x_wconf 91' lang='lat' dir='ltr'><strong>et</strong></span> <span class='ocrx_word' id='word_1_171' title='bbox 3429 1053 3581 1132; x_wconf 89' lang='lat' dir='ltr'><strong>ipse,</strong></span> <span class='ocrx_word' id='word_1_172' title='bbox 3612 1072 3744 1134; x_wconf 85' lang='lat' dir='ltr'><strong>quae</strong></span> 
     </span>
    </p>
   </div>
   <div class='ocr_carea' id='block_1_26' title="bbox 2092 1136 3740 1213">
    <p class='ocr_par' dir='ltr' id='par_1_26' title="bbox 2092 1136 3740 1213">
     <span class='ocr_line' id='line_1_26' title="bbox 2092 1136 3740 1213; baseline 0.005 -15"><span class='ocrx_word' id='word_1_173' title='bbox 2092 1137 2165 1198; x_wconf 89' lang='lat' dir='ltr'><strong>ad</strong></span> <span class='ocrx_word' id='word_1_174' title='bbox 2198 1136 2630 1212; x_wconf 73' lang='lat' dir='ltr'><strong>navigationem</strong></span> <span class='ocrx_word' id='word_1_175' title='bbox 2665 1138 3004 1200; x_wconf 89' lang='lat' dir='ltr'><strong>necessaria</strong></span> <span class='ocrx_word' id='word_1_176' title='bbox 3037 1147 3230 1213; x_wconf 91' lang='lat' dir='ltr'><strong>erant,</strong></span> <span class='ocrx_word' id='word_1_177' title='bbox 3265 1139 3463 1202; x_wconf 92' lang='lat' dir='ltr'><strong>eidem</strong></span> <span class='ocrx_word' id='word_1_178' title='bbox 3511 1141 3740 1206; x_wconf 89' lang='lat' dir='ltr'><strong>instru-</strong></span> 
     </span>
    </p>
   </div>
   <div class='ocr_carea' id='block_1_27' title="bbox 2090 1224 3743 1306">
    <p class='ocr_par' dir='ltr' id='par_1_27' title="bbox 2090 1224 3743 1306">
     <span class='ocr_line' id='line_1_27' title="bbox 2090 1224 3743 1306; baseline 0.005 -20"><span class='ocrx_word' id='word_1_179' title='bbox 2090 1233 2278 1288; x_wconf 79' lang='lat' dir='ltr'><strong>xerat.</strong></span> <span class='ocrx_word' id='word_1_180' title='bbox 2314 1224 2460 1287; x_wconf 89' lang='lat' dir='ltr'><strong>Cum</strong></span> <span class='ocrx_word' id='word_1_181' title='bbox 2491 1243 2628 1286; x_wconf 86' lang='lat' dir='ltr'><strong>vero</strong></span> <span class='ocrx_word' id='word_1_182' title='bbox 2646 1226 2768 1305; x_wconf 88' lang='lat' dir='ltr'><strong>jam</strong></span> <span class='ocrx_word' id='word_1_183' title='bbox 2797 1245 2861 1288; x_wconf 91' lang='lat' dir='ltr'><strong>se</strong></span> <span class='ocrx_word' id='word_1_184' title='bbox 2891 1227 3242 1306; x_wconf 85' lang='lat' dir='ltr'><strong>navigationi</strong></span> <span class='ocrx_word' id='word_1_185' title='bbox 3267 1237 3424 1291; x_wconf 82' lang='lat' dir='ltr'><strong>esset</strong></span> <span class='ocrx_word' id='word_1_186' title='bbox 3456 1231 3743 1294; x_wconf 90' lang='lat' dir='ltr'><strong>commis-</strong></span> 
     </span>
    </p>
   </div>
   <div class='ocr_carea' id='block_1_28' title="bbox 2092 1314 3741 1397">
    <p class='ocr_par' dir='ltr' id='par_1_28' title="bbox 2092 1314 3741 1397">
     <span class='ocr_line' id='line_1_28' title="bbox 2092 1314 3741 1397; baseline 0.005 -21"><span class='ocrx_word' id='word_1_187' title='bbox 2092 1332 2288 1386; x_wconf 88' lang='lat' dir='ltr'><strong>surus,</strong></span> <span class='ocrx_word' id='word_1_188' title='bbox 2322 1314 2574 1375; x_wconf 89' lang='lat' dir='ltr'><strong>multum</strong></span> <span class='ocrx_word' id='word_1_189' title='bbox 2608 1316 2681 1376; x_wconf 84' lang='lat' dir='ltr'><strong>de</strong></span> <span class='ocrx_word' id='word_1_190' title='bbox 2705 1315 2999 1392; x_wconf 85' lang='lat' dir='ltr'><strong>Ecclesia,</strong></span> <span class='ocrx_word' id='word_1_191' title='bbox 3035 1316 3229 1397; x_wconf 86' lang='lat' dir='ltr'><strong>deque</strong></span> <span class='ocrx_word' id='word_1_192' title='bbox 3259 1336 3436 1397; x_wconf 83' lang='lat' dir='ltr'><strong>grege</strong></span> <span class='ocrx_word' id='word_1_193' title='bbox 3466 1320 3602 1382; x_wconf 89' lang='lat' dir='ltr'><strong>illos</strong></span> <span class='ocrx_word' id='word_1_194' title='bbox 3631 1321 3741 1384; x_wconf 90' lang='lat' dir='ltr'><strong>im-</strong></span> 
     </span>
    </p>
   </div>
   <div class='ocr_carea' id='block_1_29' title="bbox 2092 1402 3738 1489">
    <p class='ocr_par' dir='ltr' id='par_1_29' title="bbox 2092 1402 3738 1489">
     <span class='ocr_line' id='line_1_29' title="bbox 2092 1402 3738 1489; baseline 0.005 -25"><span class='ocrx_word' id='word_1_195' title='bbox 2092 1405 2318 1484; x_wconf 87' lang='lat' dir='ltr'><strong>plorata</strong></span> <span class='ocrx_word' id='word_1_196' title='bbox 2353 1402 2469 1464; x_wconf 74' lang='lat' dir='ltr'><strong>[ide</strong></span> <span class='ocrx_word' id='word_1_197' title='bbox 2498 1402 2823 1466; x_wconf 86' lang='lat' dir='ltr'><strong>obtestatus</strong></span> <span class='ocrx_word' id='word_1_198' title='bbox 2856 1416 2945 1466; x_wconf 89' lang='lat' dir='ltr'><strong>est</strong></span> <span class='ocrx_word' id='word_1_199' title='bbox 2983 1427 2996 1468; x_wconf 90' lang='lat'><strong><em>:</em></strong></span> <span class='ocrx_word' id='word_1_200' title='bbox 3056 1423 3273 1486; x_wconf 88' lang='lat' dir='ltr'><strong>nempe</strong></span> <span class='ocrx_word' id='word_1_201' title='bbox 3302 1425 3407 1486; x_wconf 89' lang='lat' dir='ltr'><strong>pro</strong></span> <span class='ocrx_word' id='word_1_202' title='bbox 3437 1409 3738 1489; x_wconf 88' lang='lat' dir='ltr'><strong>omnibus,</strong></span> 
     </span>
    </p>
   </div>
   <div class='ocr_carea' id='block_1_30' title="bbox 2097 1491 3740 1579">
    <p class='ocr_par' dir='ltr' id='par_1_30' title="bbox 2097 1491 3740 1579">
     <span class='ocr_line' id='line_1_30' title="bbox 2097 1491 3740 1579; baseline 0.005 -26"><span class='ocrx_word' id='word_1_203' title='bbox 2097 1495 2154 1554; x_wconf 91' lang='lat' dir='ltr'><strong>in</strong></span> <span class='ocrx_word' id='word_1_204' title='bbox 2186 1491 2402 1574; x_wconf 89' lang='lat' dir='ltr'><strong>quibus</strong></span> <span class='ocrx_word' id='word_1_205' title='bbox 2434 1499 2640 1555; x_wconf 87' lang='lat' dir='ltr'><strong>contra</strong></span> <span class='ocrx_word' id='word_1_206' title='bbox 2670 1493 2860 1574; x_wconf 90' lang='lat' dir='ltr'><strong>ipsam</strong></span> <span class='ocrx_word' id='word_1_207' title='bbox 2904 1495 3109 1557; x_wconf 83' lang='lat' dir='ltr'><strong>saevire</strong></span> <span class='ocrx_word' id='word_1_208' title='bbox 3141 1515 3209 1557; x_wconf 89' lang='lat' dir='ltr'><strong>ac</strong></span> <span class='ocrx_word' id='word_1_209' title='bbox 3241 1497 3495 1574; x_wconf 87' lang='lat' dir='ltr'><strong>grassari</strong></span> <span class='ocrx_word' id='word_1_210' title='bbox 3527 1516 3740 1579; x_wconf 79' lang='lat' dir='ltr'><strong>perre-</strong></span> 
     </span>
    </p>
   </div>
   <div class='ocr_carea' id='block_1_31' title="bbox 2093 1582 3743 1656">
    <p class='ocr_par' dir='ltr' id='par_1_31' title="bbox 2093 1582 3743 1656">
     <span class='ocr_line' id='line_1_31' title="bbox 2093 1582 3743 1656; baseline 0.004 -12"><span class='ocrx_word' id='word_1_211' title='bbox 2093 1582 2312 1656; x_wconf 84' lang='lat' dir='ltr'><strong>xerint,</strong></span> <span class='ocrx_word' id='word_1_212' title='bbox 2349 1585 2472 1645; x_wconf 90' lang='lat' dir='ltr'><strong>Deo</strong></span> <span class='ocrx_word' id='word_1_213' title='bbox 2517 1582 2809 1646; x_wconf 90' lang='lat' dir='ltr'><strong>rationem</strong></span> <span class='ocrx_word' id='word_1_214' title='bbox 2844 1601 2976 1644; x_wconf 78' lang='lat' dir='ltr'><strong>esse</strong></span> <span class='ocrx_word' id='word_1_215' title='bbox 3035 1584 3396 1648; x_wconf 88' lang='lat' dir='ltr'><strong>reddituros.</strong></span> <span class='ocrx_word' id='word_1_216' title='bbox 3431 1585 3505 1648; x_wconf 87' lang='lat' dir='ltr'><strong>Hi</strong></span> <span class='ocrx_word' id='word_1_217' title='bbox 3536 1607 3611 1650; x_wconf 92' lang='lat' dir='ltr'><strong>ne</strong></span> <span class='ocrx_word' id='word_1_218' title='bbox 3654 1588 3743 1651; x_wconf 88' lang='lat' dir='ltr'><strong>sic</strong></span> 
     </span>
    </p>
   </div>
   <div class='ocr_carea' id='block_1_32' title="bbox 2094 1671 3738 1755">
    <p class='ocr_par' dir='ltr' id='par_1_32' title="bbox 2094 1671 3738 1755">
     <span class='ocr_line' id='line_1_32' title="bbox 2094 1671 3738 1755; baseline 0.004 -22"><span class='ocrx_word' id='word_1_219' title='bbox 2094 1671 2334 1753; x_wconf 87' lang='lat' dir='ltr'><strong>quidem</strong></span> <span class='ocrx_word' id='word_1_220' title='bbox 2361 1691 2394 1734; x_wconf 90' lang='lat' dir='ltr'><strong>a</strong></span> <span class='ocrx_word' id='word_1_221' title='bbox 2418 1671 2680 1752; x_wconf 89' lang='lat' dir='ltr'><strong>nequitia</strong></span> <span class='ocrx_word' id='word_1_222' title='bbox 2699 1681 3104 1752; x_wconf 86' lang='lat' dir='ltr'><strong>temperarunt</strong></span> <span class='ocrx_word' id='word_1_223' title='bbox 3125 1693 3231 1737; x_wconf 89' lang='lat' dir='ltr'><strong>sua</strong></span> <span class='ocrx_word' id='word_1_224' title='bbox 3257 1698 3269 1734; x_wconf 90' lang='lat'><strong>:</strong></span> <span class='ocrx_word' id='word_1_225' title='bbox 3305 1675 3602 1755; x_wconf 87' lang='lat' dir='ltr'><strong>siquidem</strong></span> <span class='ocrx_word' id='word_1_226' title='bbox 3628 1696 3738 1740; x_wconf 88' lang='lat' dir='ltr'><strong>nec</strong></span> 
     </span>
    </p>
   </div>
   <div class='ocr_carea' id='block_1_33' title="bbox 2095 1761 3740 1845">
    <p class='ocr_par' dir='ltr' id='par_1_33' title="bbox 2095 1761 3740 1845">
     <span class='ocr_line' id='line_1_33' title="bbox 2095 1761 3740 1845; baseline 0.003 -21"><span class='ocrx_word' id='word_1_227' title='bbox 2095 1761 2386 1824; x_wconf 84' lang='lat' dir='ltr'><strong>exarchus</strong></span> <span class='ocrx_word' id='word_1_228' title='bbox 2434 1761 2564 1841; x_wconf 90' lang='lat' dir='ltr'><strong>ipse</strong></span> <span class='ocrx_word' id='word_1_229' title='bbox 2599 1761 2658 1823; x_wconf 91' lang='lat' dir='ltr'><strong>in</strong></span> <span class='ocrx_word' id='word_1_230' title='bbox 2717 1764 2848 1841; x_wconf 86' lang='lat' dir='ltr'><strong>ejus</strong></span> <span class='ocrx_word' id='word_1_231' title='bbox 2891 1781 3071 1826; x_wconf 89' lang='lat' dir='ltr'><strong>causa</strong></span> <span class='ocrx_word' id='word_1_232' title='bbox 3122 1783 3156 1826; x_wconf 91' lang='lat' dir='ltr'><strong>a</strong></span> <span class='ocrx_word' id='word_1_233' title='bbox 3185 1765 3571 1845; x_wconf 81' lang='lat' dir='ltr'><strong>aequissimis</strong></span> <span class='ocrx_word' id='word_1_234' title='bbox 3622 1766 3740 1829; x_wconf 82' lang='lat' dir='ltr'><strong>illis</strong></span> 
     </span>
    </p>
   </div>
   <div class='ocr_carea' id='block_1_34' title="bbox 366 1850 2002 1936">
    <p class='ocr_par' dir='ltr' id='par_1_34' title="bbox 366 1850 2002 1934">
     <span class='ocr_line' id='line_1_34' title="bbox 366 1850 2002 1934; baseline 0.004 -30"><span class='ocrx_word' id='word_1_235' title='bbox 366 1850 584 1926; x_wconf 77' lang='grc' dir='ltr'>εὓρηται</span> <span class='ocrx_word' id='word_1_236' title='bbox 641 1852 750 1906; x_wconf 76' lang='grc' dir='ltr'>ἀντὶ</span> <span class='ocrx_word' id='word_1_237' title='bbox 822 1859 917 1908; x_wconf 79' lang='grc' dir='ltr'>σοῦ</span> <span class='ocrx_word' id='word_1_238' title='bbox 971 1853 1102 1928; x_wconf 81' lang='grc' dir='ltr'>πρὸς</span> <span class='ocrx_word' id='word_1_239' title='bbox 1160 1854 1219 1908; x_wconf 85' lang='grc' dir='ltr'><strong>ὃν</strong></span> <span class='ocrx_word' id='word_1_240' title='bbox 1278 1853 1394 1913; x_wconf 70' lang='grc' dir='ltr'><strong>οὐδὲ</strong></span> <span class='ocrx_word' id='word_1_241' title='bbox 1449 1857 1556 1910; x_wconf 85' lang='grc' dir='ltr'><strong>τῶν</strong></span> <span class='ocrx_word' id='word_1_242' title='bbox 1600 1855 1806 1934; x_wconf 74' lang='grc' dir='ltr'>ἐχθρῶν</span> <span class='ocrx_word' id='word_1_243' title='bbox 1844 1855 2002 1919; x_wconf 71' lang='grc' dir='ltr'>οὐδεὶς</span> 
     </span>
    </p>
   </div>
   <div class='ocr_carea' id='block_1_35' title="bbox 2086 1850 3740 1936">
    <p class='ocr_par' dir='ltr' id='par_1_35' title="bbox 2093 1850 3740 1936">
     <span class='ocr_line' id='line_1_35' title="bbox 2093 1850 3740 1936; baseline 0.003 -23"><span class='ocrx_word' id='word_1_244' title='bbox 2093 1850 2438 1914; x_wconf 89' lang='lat' dir='ltr'><strong>hominibus</strong></span> <span class='ocrx_word' id='word_1_245' title='bbox 2487 1851 2813 1932; x_wconf 87' lang='lat' dir='ltr'><strong>quidquam</strong></span> <span class='ocrx_word' id='word_1_246' title='bbox 2844 1852 2970 1914; x_wconf 84' lang='lat' dir='ltr'><strong>fere</strong></span> <span class='ocrx_word' id='word_1_247' title='bbox 3022 1852 3300 1934; x_wconf 85' lang='lat' dir='ltr'><strong>distabat,</strong></span> <span class='ocrx_word' id='word_1_248' title='bbox 3334 1872 3472 1916; x_wconf 92' lang='lat' dir='ltr'><strong>cum</strong></span> <span class='ocrx_word' id='word_1_249' title='bbox 3515 1855 3740 1936; x_wconf 88' lang='lat' dir='ltr'><strong>alioqui</strong></span> 
     </span>
    </p>
   </div>
   <div class='ocr_carea' id='block_1_36' title="bbox 368 1938 2002 2021">
    <p class='ocr_par' dir='ltr' id='par_1_36' title="bbox 368 1938 2002 2021">
     <span class='ocr_line' id='line_1_36' title="bbox 368 1938 2002 2021; baseline 0.004 -27"><span class='ocrx_word' id='word_1_250' title='bbox 368 1938 492 2018; x_wconf 68' lang='grc' dir='ltr'>ἔχει</span> <span class='ocrx_word' id='word_1_251' title='bbox 553 1961 601 1995; x_wconf 91' lang='grc' dir='ltr'><strong>τι</strong></span> <span class='ocrx_word' id='word_1_252' title='bbox 660 1941 1099 2018; x_wconf 70' lang='grc' dir='ltr'>προφασίσασθαι.</span> <span class='ocrx_word' id='word_1_253' title='bbox 1156 1948 1326 1999; x_wconf 78' lang='grc' dir='ltr'>Ταῦτα</span> <span class='ocrx_word' id='word_1_254' title='bbox 1382 1941 1436 2000; x_wconf 81' lang='grc' dir='ltr'><strong>δὲ</strong></span> <span class='ocrx_word' id='word_1_255' title='bbox 1486 1944 1604 2020; x_wconf 88' lang='grc' dir='ltr'>περί</span> <span class='ocrx_word' id='word_1_256' title='bbox 1661 1965 1801 2008; x_wconf 90' lang='grc' dir='ltr'>τινος</span> <span class='ocrx_word' id='word_1_257' title='bbox 1850 1942 2002 2021; x_wconf 77' lang='grc' dir='ltr'>ἔλεγε</span> 
     </span>
    </p>
   </div>
   <div class='ocr_carea' id='block_1_37' title="bbox 363 2029 2003 2110">
    <p class='ocr_par' dir='ltr' id='par_1_37' title="bbox 363 2029 2003 2110">
     <span class='ocr_line' id='line_1_37' title="bbox 363 2029 2003 2110; baseline 0.003 -26"><span class='ocrx_word' id='word_1_258' title='bbox 363 2029 590 2084; x_wconf 76' lang='grc' dir='ltr'>Λευκίου</span> <span class='ocrx_word' id='word_1_259' title='bbox 643 2031 924 2108; x_wconf 72' lang='grc' dir='ltr'>αἱρετικοῦ,</span> <span class='ocrx_word' id='word_1_260' title='bbox 985 2031 1042 2092; x_wconf 85' lang='grc' dir='ltr'>ὃς</span> <span class='ocrx_word' id='word_1_261' title='bbox 1097 2034 1215 2110; x_wconf 78' lang='grc' dir='ltr'>περὶ</span> <span class='ocrx_word' id='word_1_262' title='bbox 1267 2032 1367 2099; x_wconf 74' lang='grc' dir='ltr'><strong>τὴν</strong></span> <span class='ocrx_word' id='word_1_263' title='bbox 1422 2034 1560 2106; x_wconf 76' lang='grc' dir='ltr'><strong>ἑῴαν</strong></span> <span class='ocrx_word' id='word_1_264' title='bbox 1614 2032 1874 2096; x_wconf 77' lang='grc' dir='ltr'>πολλάκις</span> <span class='ocrx_word' id='word_1_265' title='bbox 1927 2034 2003 2107; x_wconf 80' lang='grc' dir='ltr'>τῷ</span> 
     </span>
    </p>
   </div>
   <div class='ocr_carea' id='block_1_38' title="bbox 348 2119 2000 2198">
    <p class='ocr_par' dir='ltr' id='par_1_38' title="bbox 348 2119 2000 2198">
     <span class='ocr_line' id='line_1_38' title="bbox 348 2119 2000 2198; baseline 0.004 -25"><span class='ocrx_word' id='word_1_266' title='bbox 348 2119 631 2195; x_wconf 78' lang='grc' dir='ltr'>Γρηγορίῳ</span> <span class='ocrx_word' id='word_1_267' title='bbox 712 2125 818 2174; x_wconf 80' lang='grc' dir='ltr'>τῶν</span> <span class='ocrx_word' id='word_1_268' title='bbox 891 2119 1204 2198; x_wconf 81' lang='grc' dir='ltr'><strong>παραδόξων</strong></span> <span class='ocrx_word' id='word_1_269' title='bbox 1275 2121 1452 2179; x_wconf 79' lang='grc' dir='ltr'>ἕνεκεν</span> <span class='ocrx_word' id='word_1_270' title='bbox 1527 2127 1626 2189; x_wconf 80' lang='grc' dir='ltr'>τῆς</span> <span class='ocrx_word' id='word_1_271' title='bbox 1696 2121 2000 2196; x_wconf 75' lang='grc' dir='ltr'>οἰκονομίας</span> 
     </span>
    </p>
   </div>
   <div class='ocr_carea' id='block_1_39' title="bbox 343 2205 1999 2289">
    <p class='ocr_par' dir='ltr' id='par_1_39' title="bbox 343 2205 1999 2289">
     <span class='ocr_line' id='line_1_39' title="bbox 343 2205 1999 2289; baseline 0.002 -25"><span class='ocrx_word' id='word_1_272' title='bbox 343 2215 584 2284; x_wconf 77' lang='grc' dir='ltr'><strong>Χριστοῦ</strong></span> <span class='ocrx_word' id='word_1_273' title='bbox 641 2205 928 2284; x_wconf 76' lang='grc' dir='ltr'>δογμάτων</span> <span class='ocrx_word' id='word_1_274' title='bbox 980 2208 1282 2289; x_wconf 81' lang='grc' dir='ltr'>διαλεχθεὶς</span> <span class='ocrx_word' id='word_1_275' title='bbox 1337 2213 1424 2272; x_wconf 74' lang='grc' dir='ltr'><strong>καὶ</strong></span> <span class='ocrx_word' id='word_1_276' title='bbox 1500 2210 1815 2275; x_wconf 73' lang='grc' dir='ltr'>τοσαυτάκις</span> <span class='ocrx_word' id='word_1_277' title='bbox 1874 2213 1999 2267; x_wconf 63' lang='lat' dir='ltr'><strong>Em-</strong></span> 
     </span>
    </p>
   </div>
   <div class='ocr_carea' id='block_1_40' title="bbox 341 2296 2007 2380">
    <p class='ocr_par' dir='ltr' id='par_1_40' title="bbox 341 2296 2007 2380">
     <span class='ocr_line' id='line_1_40' title="bbox 341 2296 2007 2380; baseline 0.003 -27"><span class='ocrx_word' id='word_1_278' title='bbox 341 2299 664 2377; x_wconf 83' lang='grc' dir='ltr'>στομηθείς,</span> <span class='ocrx_word' id='word_1_279' title='bbox 726 2296 976 2378; x_wconf 75' lang='grc' dir='ltr'>διάφορος</span> <span class='ocrx_word' id='word_1_280' title='bbox 1036 2300 1134 2374; x_wconf 82' lang='grc' dir='ltr'>μὲν</span> <span class='ocrx_word' id='word_1_281' title='bbox 1179 2299 1322 2374; x_wconf 74' lang='grc' dir='ltr'>αὐτῷ</span> <span class='ocrx_word' id='word_1_282' title='bbox 1376 2300 1437 2357; x_wconf 79' lang='grc' dir='ltr'><strong>ἐκ</strong></span> <span class='ocrx_word' id='word_1_283' title='bbox 1489 2298 1692 2360; x_wconf 83' lang='grc' dir='ltr'>πολλοῦ</span> <span class='ocrx_word' id='word_1_284' title='bbox 1748 2300 2007 2380; x_wconf 86' lang='grc' dir='ltr'>ἐγεγόνει,</span> 
     </span>
    </p>
   </div>
   <div class='ocr_carea' id='block_1_41' title="bbox 348 2385 2010 2466">
    <p class='ocr_par' dir='ltr' id='par_1_41' title="bbox 348 2385 2010 2466">
     <span class='ocr_line' id='line_1_41' title="bbox 348 2385 2010 2466; baseline 0.002 -26"><span class='ocrx_word' id='word_1_285' title='bbox 348 2387 468 2441; x_wconf 83' lang='grc' dir='ltr'>τότε</span> <span class='ocrx_word' id='word_1_286' title='bbox 519 2385 577 2442; x_wconf 76' lang='grc' dir='ltr'><strong>δὲ</strong></span> <span class='ocrx_word' id='word_1_287' title='bbox 609 2391 761 2463; x_wconf 70' lang='grc' dir='ltr'>παρά</span> <span class='ocrx_word' id='word_1_288' title='bbox 808 2409 910 2443; x_wconf 89' lang='grc' dir='ltr'>τινι</span> <span class='ocrx_word' id='word_1_289' title='bbox 959 2388 1325 2466; x_wconf 81' lang='grc' dir='ltr'>κρυπτόμενος</span> <span class='ocrx_word' id='word_1_290' title='bbox 1372 2395 1478 2446; x_wconf 83' lang='grc' dir='ltr'>τῶν</span> <span class='ocrx_word' id='word_1_291' title='bbox 1510 2395 1608 2456; x_wconf 80' lang='grc' dir='ltr'>τῆς</span> <span class='ocrx_word' id='word_1_292' title='bbox 1650 2388 1884 2463; x_wconf 87' lang='grc' dir='ltr'>πόλεως,</span> <span class='ocrx_word' id='word_1_293' title='bbox 1918 2391 2010 2447; x_wconf 84' lang='grc' dir='ltr'>τὸν</span> 
     </span>
    </p>
   </div>
   <div class='ocr_carea' id='block_1_42' title="bbox 354 2475 2009 2557">
    <p class='ocr_par' dir='ltr' id='par_1_42' title="bbox 354 2475 2009 2557">
     <span class='ocr_line' id='line_1_42' title="bbox 354 2475 2009 2557; baseline 0.002 -26"><span class='ocrx_word' id='word_1_294' title='bbox 354 2496 411 2530; x_wconf 85' lang='grc' dir='ltr'><strong>τε</strong></span> <span class='ocrx_word' id='word_1_295' title='bbox 439 2498 680 2532; x_wconf 73' lang='grc' dir='ltr'>κωιεωνα</span> <span class='ocrx_word' id='word_1_296' title='bbox 739 2484 926 2533; x_wconf 84' lang='grc' dir='ltr'>τοῦτον</span> <span class='ocrx_word' id='word_1_297' title='bbox 955 2483 1054 2544; x_wconf 80' lang='grc' dir='ltr'>τῆς</span> <span class='ocrx_word' id='word_1_298' title='bbox 1087 2475 1336 2546; x_wconf 74' lang='grc' dir='ltr'>διαϐολῆς</span> <span class='ocrx_word' id='word_1_299' title='bbox 1389 2480 1542 2542; x_wconf 75' lang='grc' dir='ltr'>αὐτὸς</span> <span class='ocrx_word' id='word_1_300' title='bbox 1575 2479 1638 2547; x_wconf 74' lang='grc' dir='ltr'><strong>ἦν</strong></span> <span class='ocrx_word' id='word_1_301' title='bbox 1684 2481 1711 2535; x_wconf 96' lang='lat'><strong>6</strong></span> <span class='ocrx_word' id='word_1_302' title='bbox 1741 2486 1818 2553; x_wconf 85' lang='grc' dir='ltr'>τῷ</span> <span class='ocrx_word' id='word_1_303' title='bbox 1865 2486 2009 2557; x_wconf 88' lang='grc' dir='ltr'>Γρη-</span> 
     </span>
    </p>
   </div>
   <div class='ocr_carea' id='block_1_43' title="bbox 356 2566 2009 2648">
    <p class='ocr_par' dir='ltr' id='par_1_43' title="bbox 356 2566 2009 2648">
     <span class='ocr_line' id='line_1_43' title="bbox 356 2566 2009 2648; baseline 0.005 -31"><span class='ocrx_word' id='word_1_304' title='bbox 356 2566 510 2642; x_wconf 74' lang='grc' dir='ltr'>γορίῳ</span> <span class='ocrx_word' id='word_1_305' title='bbox 540 2566 765 2643; x_wconf 81' lang='grc' dir='ltr'>κιρνῶν,</span> <span class='ocrx_word' id='word_1_306' title='bbox 826 2567 950 2628; x_wconf 85' lang='grc' dir='ltr'>τοῖς</span> <span class='ocrx_word' id='word_1_307' title='bbox 1004 2568 1352 2646; x_wconf 79' lang='grc' dir='ltr'>συκοφάνταις</span> <span class='ocrx_word' id='word_1_308' title='bbox 1381 2571 1640 2648; x_wconf 77' lang='grc' dir='ltr'>ὑποφυεϊς</span> <span class='ocrx_word' id='word_1_309' title='bbox 1701 2569 1787 2625; x_wconf 86' lang='grc' dir='ltr'>καὶ</span> <span class='ocrx_word' id='word_1_310' title='bbox 1839 2575 2009 2625; x_wconf 80' lang='grc' dir='ltr'>πᾶσαν</span> 
     </span>
    </p>
   </div>
   <div class='ocr_carea' id='block_1_44' title="bbox 346 2646 2011 2736">
    <p class='ocr_par' dir='ltr' id='par_1_44' title="bbox 346 2646 2011 2736">
     <span class='ocr_line' id='line_1_44' title="bbox 346 2646 2011 2736; baseline 0.002 -26"><span class='ocrx_word' id='word_1_311' title='bbox 346 2658 530 2720; x_wconf 69' lang='grc' dir='ltr'>αὐτοῖς</span> <span class='ocrx_word' id='word_1_312' title='bbox 563 2657 835 2720; x_wconf 75' lang='grc' dir='ltr'>ὑποτιθεὶς</span> <span class='ocrx_word' id='word_1_313' title='bbox 895 2657 995 2724; x_wconf 68' lang='grc' dir='ltr'>τὴν</span> <span class='ocrx_word' id='word_1_314' title='bbox 1028 2646 1232 2724; x_wconf 59' lang='grc' dir='ltr'>σκηνὴν</span> <span class='ocrx_word' id='word_1_315' title='bbox 1274 2665 1364 2716; x_wconf 81' lang='grc' dir='ltr'><strong>τοῦ</strong></span> <span class='ocrx_word' id='word_1_316' title='bbox 1412 2657 1675 2736; x_wconf 81' lang='grc' dir='ltr'>δράματος</span> <span class='ocrx_word' id='word_1_317' title='bbox 1727 2662 1773 2732; x_wconf 80' lang='grc' dir='ltr'>ᾧ</span> <span class='ocrx_word' id='word_1_318' title='bbox 1825 2655 1892 2724; x_wconf 76' lang='grc' dir='ltr'>δὴ</span> <span class='ocrx_word' id='word_1_319' title='bbox 1925 2661 2011 2715; x_wconf 81' lang='grc' dir='ltr'><strong>καὶ</strong></span> 
     </span>
    </p>
   </div>
   <div class='ocr_carea' id='block_1_45' title="bbox 339 2744 2009 2826">
    <p class='ocr_par' dir='ltr' id='par_1_45' title="bbox 339 2744 2009 2826">
     <span class='ocr_line' id='line_1_45' title="bbox 339 2744 2009 2826; baseline 0.002 -26"><span class='ocrx_word' id='word_1_320' title='bbox 339 2746 464 2800; x_wconf 88' lang='grc' dir='ltr'>τότε</span> <span class='ocrx_word' id='word_1_321' title='bbox 525 2747 596 2800; x_wconf 76' lang='grc' dir='ltr'><strong>τὰ</strong></span> <span class='ocrx_word' id='word_1_322' title='bbox 668 2747 771 2811; x_wconf 79' lang='grc' dir='ltr'>τῆς</span> <span class='ocrx_word' id='word_1_323' title='bbox 831 2744 1130 2814; x_wconf 77' lang='grc' dir='ltr'>ἐπισκοπῆς</span> <span class='ocrx_word' id='word_1_324' title='bbox 1179 2747 1520 2826; x_wconf 83' lang='grc' dir='ltr'>ἐνεχείριζον.</span> <span class='ocrx_word' id='word_1_325' title='bbox 1582 2746 1735 2804; x_wconf 79' lang='grc' dir='ltr'>Ἀλλ’</span> <span class='ocrx_word' id='word_1_326' title='bbox 1804 2749 1851 2805; x_wconf 86' lang='grc' dir='ltr'><strong>οἰ</strong></span> <span class='ocrx_word' id='word_1_327' title='bbox 1911 2747 2009 2823; x_wconf 77' lang='grc' dir='ltr'><strong>μὲν</strong></span> 
     </span>
    </p>
   </div>
   <div class='ocr_carea' id='block_1_46' title="bbox 343 2835 2008 2913">
    <p class='ocr_par' dir='ltr' id='par_1_46' title="bbox 343 2835 2008 2913">
     <span class='ocr_line' id='line_1_46' title="bbox 343 2835 2008 2913; baseline 0.002 -23"><span class='ocrx_word' id='word_1_328' title='bbox 343 2842 587 2891; x_wconf 75' lang='grc' dir='ltr'>τοσαῦτα</span> <span class='ocrx_word' id='word_1_329' title='bbox 641 2835 885 2899; x_wconf 81' lang='grc' dir='ltr'>εἰπόντες</span> <span class='ocrx_word' id='word_1_330' title='bbox 941 2835 1124 2893; x_wconf 79' lang='grc' dir='ltr'>πλέειν</span> <span class='ocrx_word' id='word_1_331' title='bbox 1175 2837 1515 2913; x_wconf 81' lang='grc' dir='ltr'>ἀπέπεμπον·</span> <span class='ocrx_word' id='word_1_332' title='bbox 1575 2839 1620 2892; x_wconf 78' lang='grc' dir='ltr'>οἱ</span> <span class='ocrx_word' id='word_1_333' title='bbox 1679 2835 1733 2892; x_wconf 80' lang='grc' dir='ltr'>δὲ</span> <span class='ocrx_word' id='word_1_334' title='bbox 1780 2835 1846 2904; x_wconf 77' lang='grc' dir='ltr'><strong>δὴ</strong></span> <span class='ocrx_word' id='word_1_335' title='bbox 1903 2843 2008 2894; x_wconf 85' lang='grc' dir='ltr'>τῶν</span> 
     </span>
    </p>
   </div>
   <div class='ocr_carea' id='block_1_47' title="bbox 349 2924 2002 3004">
    <p class='ocr_par' dir='ltr' id='par_1_47' title="bbox 349 2924 2002 3004">
     <span class='ocr_line' id='line_1_47' title="bbox 349 2924 2002 3004; baseline 0.002 -25"><span class='ocrx_word' id='word_1_336' title='bbox 349 2925 786 3002; x_wconf 63' lang='grc' dir='ltr'>Ἀκραγαντίνων</span> <span class='ocrx_word' id='word_1_337' title='bbox 844 2924 1106 3004; x_wconf 60' lang='grc' dir='ltr'>ἄρχοντές</span> <span class='ocrx_word' id='word_1_338' title='bbox 1151 2948 1207 2982; x_wconf 93' lang='grc' dir='ltr'><strong>τε</strong></span> <span class='ocrx_word' id='word_1_339' title='bbox 1266 2928 1355 2982; x_wconf 84' lang='grc' dir='ltr'><strong>καὶ</strong></span> <span class='ocrx_word' id='word_1_340' title='bbox 1419 2928 1480 2984; x_wconf 82' lang='grc' dir='ltr'>τὸ</span> <span class='ocrx_word' id='word_1_341' title='bbox 1543 2925 1730 2983; x_wconf 80' lang='grc' dir='ltr'>λοιπὸν</span> <span class='ocrx_word' id='word_1_342' title='bbox 1773 2924 2002 3000; x_wconf 76' lang='grc' dir='ltr'>πλῆθος,</span> 
     </span>
    </p>
   </div>
   <div class='ocr_carea' id='block_1_48' title="bbox 354 3013 2008 3094">
    <p class='ocr_par' dir='ltr' id='par_1_48' title="bbox 354 3013 2008 3094">
     <span class='ocr_line' id='line_1_48' title="bbox 354 3013 2008 3094; baseline 0.002 -26"><span class='ocrx_word' id='word_1_343' title='bbox 354 3013 532 3081; x_wconf 73' lang='grc' dir='ltr'>ἐπειδὴ</span> <span class='ocrx_word' id='word_1_344' title='bbox 595 3016 718 3092; x_wconf 86' lang='grc' dir='ltr'><strong>περὶ</strong></span> <span class='ocrx_word' id='word_1_345' title='bbox 788 3016 889 3074; x_wconf 74' lang='grc' dir='ltr'>τὴν</span> <span class='ocrx_word' id='word_1_346' title='bbox 947 3014 1021 3071; x_wconf 75' lang='grc' dir='ltr'>ἕω</span> <span class='ocrx_word' id='word_1_347' title='bbox 1077 3017 1212 3072; x_wconf 78' lang='grc' dir='ltr'>κατὰ</span> <span class='ocrx_word' id='word_1_348' title='bbox 1268 3016 1366 3083; x_wconf 76' lang='grc' dir='ltr'>τὴν</span> <span class='ocrx_word' id='word_1_349' title='bbox 1424 3014 1666 3094; x_wconf 77' lang='grc' dir='ltr'>φυλακὴν</span> <span class='ocrx_word' id='word_1_350' title='bbox 1707 3014 2008 3094; x_wconf 76' lang='grc' dir='ltr'>ἀθροισθέν-</span> 
     </span>
    </p>
   </div>
   <div class='ocr_carea' id='block_1_49' title="bbox 346 3102 2006 3184">
    <p class='ocr_par' dir='ltr' id='par_1_49' title="bbox 346 3102 2006 3184">
     <span class='ocr_line' id='line_1_49' title="bbox 346 3102 2006 3184; baseline 0.002 -25"><span class='ocrx_word' id='word_1_351' title='bbox 346 3125 456 3177; x_wconf 76' lang='grc' dir='ltr'>τες,</span> <span class='ocrx_word' id='word_1_352' title='bbox 520 3105 602 3178; x_wconf 73' lang='grc' dir='ltr'>μὴ</span> <span class='ocrx_word' id='word_1_353' title='bbox 665 3102 866 3182; x_wconf 64' lang='grc' dir='ltr'>εὕροιεν</span> <span class='ocrx_word' id='word_1_354' title='bbox 927 3107 1018 3161; x_wconf 82' lang='grc' dir='ltr'><strong>τὸν</strong></span> <span class='ocrx_word' id='word_1_355' title='bbox 1079 3106 1391 3184; x_wconf 81' lang='grc' dir='ltr'>Γρηγόριον,</span> <span class='ocrx_word' id='word_1_356' title='bbox 1452 3103 1676 3184; x_wconf 76' lang='grc' dir='ltr'>ἤρξαντο</span> <span class='ocrx_word' id='word_1_357' title='bbox 1745 3105 2006 3183; x_wconf 87' lang='grc' dir='ltr'>ταράττε-</span> 
     </span>
    </p>
   </div>
   <div class='ocr_carea' id='block_1_50' title="bbox 2090 1941 3734 2022">
    <p class='ocr_par' dir='ltr' id='par_1_50' title="bbox 2090 1941 3734 2022">
     <span class='ocr_line' id='line_1_50' title="bbox 2090 1941 3734 2022; baseline 0.003 -19"><span class='ocrx_word' id='word_1_358' title='bbox 2090 1961 2124 2003; x_wconf 89' lang='lat' dir='ltr'><strong>a</strong></span> <span class='ocrx_word' id='word_1_359' title='bbox 2171 1941 2542 2004; x_wconf 82' lang='lat' dir='ltr'><strong>delatoribus</strong></span> <span class='ocrx_word' id='word_1_360' title='bbox 2570 1948 2689 2003; x_wconf 90' lang='lat' dir='ltr'><strong>tum</strong></span> <span class='ocrx_word' id='word_1_361' title='bbox 2736 1943 2912 2022; x_wconf 84' lang='lat' dir='ltr'><strong>judex</strong></span> <span class='ocrx_word' id='word_1_362' title='bbox 2959 1952 3122 2005; x_wconf 83' lang='lat' dir='ltr'><strong>esset</strong></span> <span class='ocrx_word' id='word_1_363' title='bbox 3153 1943 3444 2008; x_wconf 90' lang='lat' dir='ltr'><strong>delectus.</strong></span> <span class='ocrx_word' id='word_1_364' title='bbox 3493 1944 3734 2008; x_wconf 91' lang='lat' dir='ltr'><strong>Nullum</strong></span> 
     </span>
    </p>
   </div>
   <div class='ocr_carea' id='block_1_51' title="bbox 2088 2029 3736 2112">
    <p class='ocr_par' dir='ltr' id='par_1_51' title="bbox 2088 2029 3736 2112">
     <span class='ocr_line' id='line_1_51' title="bbox 2088 2029 3736 2112; baseline 0.004 -20"><span class='ocrx_word' id='word_1_365' title='bbox 2088 2031 2191 2093; x_wconf 89' lang='lat' dir='ltr'><strong>tibi</strong></span> <span class='ocrx_word' id='word_1_366' title='bbox 2224 2031 2484 2112; x_wconf 63' lang='lat' dir='ltr'><strong>posthaec</strong></span> <span class='ocrx_word' id='word_1_367' title='bbox 2514 2029 2705 2109; x_wconf 82' lang='lat' dir='ltr'><strong>(dixit)</strong></span> <span class='ocrx_word' id='word_1_368' title='bbox 2736 2031 3006 2112; x_wconf 86' lang='lat' dir='ltr'><strong>Gregorii</strong></span> <span class='ocrx_word' id='word_1_369' title='bbox 3029 2033 3204 2095; x_wconf 92' lang='lat' dir='ltr'><strong>liceat</strong></span> <span class='ocrx_word' id='word_1_370' title='bbox 3225 2033 3300 2094; x_wconf 92' lang='lat' dir='ltr'><strong>de</strong></span> <span class='ocrx_word' id='word_1_371' title='bbox 3325 2031 3588 2096; x_wconf 85' lang='lat' dir='ltr'><strong>Ecclesia</strong></span> <span class='ocrx_word' id='word_1_372' title='bbox 3609 2052 3736 2098; x_wconf 92' lang='lat' dir='ltr'><strong>ser-</strong></span> 
     </span>
    </p>
   </div>
   <div class='ocr_carea' id='block_1_52' title="bbox 2086 2119 3730 2202">
    <p class='ocr_par' dir='ltr' id='par_1_52' title="bbox 2086 2119 3730 2202">
     <span class='ocr_line' id='line_1_52' title="bbox 2086 2119 3730 2202; baseline 0.003 -20"><span class='ocrx_word' id='word_1_373' title='bbox 2086 2138 2324 2182; x_wconf 91' lang='lat' dir='ltr'><strong>monem</strong></span> <span class='ocrx_word' id='word_1_374' title='bbox 2358 2119 2580 2182; x_wconf 89' lang='lat' dir='ltr'><strong>habere</strong></span> <span class='ocrx_word' id='word_1_375' title='bbox 2615 2142 2632 2201; x_wconf 85' lang='lat'><strong>;</strong></span> <span class='ocrx_word' id='word_1_376' title='bbox 2669 2121 2861 2182; x_wconf 88' lang='lat' dir='ltr'><strong>virum</strong></span> <span class='ocrx_word' id='word_1_377' title='bbox 2896 2123 3056 2184; x_wconf 91' lang='lat' dir='ltr'><strong>enim</strong></span> <span class='ocrx_word' id='word_1_378' title='bbox 3092 2121 3385 2202; x_wconf 83' lang='lat' dir='ltr'><strong>ejusmodi</strong></span> <span class='ocrx_word' id='word_1_379' title='bbox 3415 2121 3476 2183; x_wconf 91' lang='lat' dir='ltr'><strong>in</strong></span> <span class='ocrx_word' id='word_1_380' title='bbox 3515 2124 3601 2186; x_wconf 90' lang='lat' dir='ltr'><strong>tui</strong></span> <span class='ocrx_word' id='word_1_381' title='bbox 3635 2125 3730 2186; x_wconf 90' lang='lat' dir='ltr'><strong>lo-</strong></span> 
     </span>
    </p>
   </div>
   <div class='ocr_carea' id='block_1_53' title="bbox 2092 2208 3734 2292">
    <p class='ocr_par' dir='ltr' id='par_1_53' title="bbox 2092 2208 3734 2292">
     <span class='ocr_line' id='line_1_53' title="bbox 2092 2208 3734 2292; baseline 0.002 -21"><span class='ocrx_word' id='word_1_382' title='bbox 2092 2228 2226 2272; x_wconf 90' lang='lat' dir='ltr'><strong>cum</strong></span> <span class='ocrx_word' id='word_1_383' title='bbox 2252 2208 2728 2292; x_wconf 83' lang='lat' dir='ltr'><strong>subrogavimus,</strong></span> <span class='ocrx_word' id='word_1_384' title='bbox 2754 2211 2815 2272; x_wconf 91' lang='lat' dir='ltr'><strong>in</strong></span> <span class='ocrx_word' id='word_1_385' title='bbox 2847 2229 3023 2292; x_wconf 91' lang='lat' dir='ltr'><strong>quem</strong></span> <span class='ocrx_word' id='word_1_386' title='bbox 3043 2230 3118 2275; x_wconf 91' lang='lat' dir='ltr'><strong>ne</strong></span> <span class='ocrx_word' id='word_1_387' title='bbox 3143 2211 3468 2274; x_wconf 87' lang='lat' dir='ltr'><strong>adversarii</strong></span> <span class='ocrx_word' id='word_1_388' title='bbox 3492 2213 3734 2292; x_wconf 88' lang='lat' dir='ltr'><strong>quidem</strong></span> 
     </span>
    </p>
   </div>
   <div class='ocr_carea' id='block_1_54' title="bbox 2093 2300 3733 2381">
    <p class='ocr_par' dir='ltr' id='par_1_54' title="bbox 2093 2300 3733 2381">
     <span class='ocr_line' id='line_1_54' title="bbox 2093 2300 3733 2381; baseline 0.002 -19"><span class='ocrx_word' id='word_1_389' title='bbox 2093 2300 2314 2381; x_wconf 89' lang='lat' dir='ltr'><strong>aliquid</strong></span> <span class='ocrx_word' id='word_1_390' title='bbox 2369 2300 2588 2363; x_wconf 78' lang='lat' dir='ltr'><strong>habent</strong></span> <span class='ocrx_word' id='word_1_391' title='bbox 2620 2301 2884 2381; x_wconf 86' lang='lat' dir='ltr'><strong>culpare.</strong></span> <span class='ocrx_word' id='word_1_392' title='bbox 2937 2301 3076 2364; x_wconf 84' lang='lat' dir='ltr'><strong>Haec</strong></span> <span class='ocrx_word' id='word_1_393' title='bbox 3133 2310 3333 2362; x_wconf 89' lang='lat' dir='ltr'><strong>autem</strong></span> <span class='ocrx_word' id='word_1_394' title='bbox 3366 2301 3440 2362; x_wconf 90' lang='lat' dir='ltr'><strong>de</strong></span> <span class='ocrx_word' id='word_1_395' title='bbox 3491 2301 3733 2366; x_wconf 89' lang='lat' dir='ltr'><strong>Eleusio</strong></span> 
     </span>
    </p>
   </div>
   <div class='ocr_carea' id='block_1_55' title="bbox 2093 2388 3738 2472">
    <p class='ocr_par' dir='ltr' id='par_1_55' title="bbox 2093 2388 3738 2472">
     <span class='ocr_line' id='line_1_55' title="bbox 2093 2388 3738 2472; baseline 0.003 -22"><span class='ocrx_word' id='word_1_396' title='bbox 2093 2389 2354 2470; x_wconf 90' lang='lat' dir='ltr'><strong>quodam</strong></span> <span class='ocrx_word' id='word_1_397' title='bbox 2385 2389 2667 2453; x_wconf 84' lang='lat' dir='ltr'><strong>haeretico</strong></span> <span class='ocrx_word' id='word_1_398' title='bbox 2691 2389 2946 2466; x_wconf 90' lang='lat' dir='ltr'><strong>dicebat,</strong></span> <span class='ocrx_word' id='word_1_399' title='bbox 2974 2390 3074 2472; x_wconf 92' lang='lat' dir='ltr'><strong>qui</strong></span> <span class='ocrx_word' id='word_1_400' title='bbox 3110 2391 3170 2452; x_wconf 91' lang='lat' dir='ltr'><strong>in</strong></span> <span class='ocrx_word' id='word_1_401' title='bbox 3192 2388 3436 2455; x_wconf 88' lang='lat' dir='ltr'><strong>Oriente</strong></span> <span class='ocrx_word' id='word_1_402' title='bbox 3458 2409 3738 2472; x_wconf 77' lang='lat' dir='ltr'><strong>saepenu-</strong></span> 
     </span>
    </p>
   </div>
   <div class='ocr_carea' id='block_1_56' title="bbox 2096 2479 3736 2562">
    <p class='ocr_par' dir='ltr' id='par_1_56' title="bbox 2096 2479 3736 2562">
     <span class='ocr_line' id='line_1_56' title="bbox 2096 2479 3736 2562; baseline 0.002 -22"><span class='ocrx_word' id='word_1_403' title='bbox 2096 2497 2262 2542; x_wconf 90' lang='lat' dir='ltr'><strong>mero</strong></span> <span class='ocrx_word' id='word_1_404' title='bbox 2317 2499 2450 2542; x_wconf 90' lang='lat' dir='ltr'><strong>cum</strong></span> <span class='ocrx_word' id='word_1_405' title='bbox 2484 2479 2773 2560; x_wconf 87' lang='lat' dir='ltr'><strong>Gregorio</strong></span> <span class='ocrx_word' id='word_1_406' title='bbox 2822 2481 2897 2542; x_wconf 90' lang='lat' dir='ltr'><strong>de</strong></span> <span class='ocrx_word' id='word_1_407' title='bbox 2926 2479 3291 2542; x_wconf 80' lang='lat' dir='ltr'><strong>admirandis</strong></span> <span class='ocrx_word' id='word_1_408' title='bbox 3339 2481 3736 2562; x_wconf 88' lang='lat' dir='ltr'><strong>dogmatibus,</strong></span> 
     </span>
    </p>
   </div>
   <div class='ocr_carea' id='block_1_57' title="bbox 2094 2568 3741 2651">
    <p class='ocr_par' dir='ltr' id='par_1_57' title="bbox 2094 2568 3741 2651">
     <span class='ocr_line' id='line_1_57' title="bbox 2094 2568 3741 2651; baseline 0.003 -21"><span class='ocrx_word' id='word_1_409' title='bbox 2094 2569 2288 2649; x_wconf 90' lang='lat' dir='ltr'><strong>deque</strong></span> <span class='ocrx_word' id='word_1_410' title='bbox 2314 2587 2584 2647; x_wconf 89' lang='lat' dir='ltr'><strong>munere,</strong></span> <span class='ocrx_word' id='word_1_411' title='bbox 2623 2569 2782 2651; x_wconf 89' lang='lat' dir='ltr'><strong>quod</strong></span> <span class='ocrx_word' id='word_1_412' title='bbox 2816 2568 3109 2647; x_wconf 87' lang='lat' dir='ltr'><strong>Christus,</strong></span> <span class='ocrx_word' id='word_1_413' title='bbox 3139 2571 3240 2631; x_wconf 90' lang='lat' dir='ltr'><strong>Dei</strong></span> <span class='ocrx_word' id='word_1_414' title='bbox 3270 2569 3533 2632; x_wconf 88' lang='lat' dir='ltr'><strong>Patrisin</strong></span> <span class='ocrx_word' id='word_1_415' title='bbox 3566 2571 3741 2635; x_wconf 88' lang='lat' dir='ltr'><strong>terris</strong></span> 
     </span>
    </p>
   </div>
   <div class='ocr_carea' id='block_1_58' title="bbox 2096 2657 3738 2740">
    <p class='ocr_par' dir='ltr' id='par_1_58' title="bbox 2096 2657 3738 2740">
     <span class='ocr_line' id='line_1_58' title="bbox 2096 2657 3738 2740; baseline 0.002 -20"><span class='ocrx_word' id='word_1_416' title='bbox 2096 2659 2352 2737; x_wconf 85' lang='lat' dir='ltr'><strong>legatum</strong></span> <span class='ocrx_word' id='word_1_417' title='bbox 2415 2677 2644 2738; x_wconf 85' lang='lat' dir='ltr'><strong>agens,</strong></span> <span class='ocrx_word' id='word_1_418' title='bbox 2703 2657 2976 2734; x_wconf 90' lang='lat' dir='ltr'><strong>obierat,</strong></span> <span class='ocrx_word' id='word_1_419' title='bbox 3037 2658 3332 2721; x_wconf 81' lang='lat' dir='ltr'><strong>acerrime</strong></span> <span class='ocrx_word' id='word_1_420' title='bbox 3387 2659 3738 2740; x_wconf 76' lang='lat' dir='ltr'><strong>disputaret,</strong></span> 
     </span>
    </p>
   </div>
   <div class='ocr_carea' id='block_1_59' title="bbox 2094 2747 3742 2828">
    <p class='ocr_par' dir='ltr' id='par_1_59' title="bbox 2094 2747 3742 2828">
     <span class='ocr_line' id='line_1_59' title="bbox 2094 2747 3742 2828; baseline 0.002 -18"><span class='ocrx_word' id='word_1_421' title='bbox 2094 2766 2226 2810; x_wconf 90' lang='lat' dir='ltr'><strong>cum</strong></span> <span class='ocrx_word' id='word_1_422' title='bbox 2290 2747 2478 2810; x_wconf 90' lang='lat' dir='ltr'><strong>nihilo</strong></span> <span class='ocrx_word' id='word_1_423' title='bbox 2544 2747 2740 2809; x_wconf 79' lang='lat' dir='ltr'><strong>secius</strong></span> <span class='ocrx_word' id='word_1_424' title='bbox 2805 2751 2979 2828; x_wconf 87' lang='lat' dir='ltr'><strong>plane</strong></span> <span class='ocrx_word' id='word_1_425' title='bbox 3043 2765 3360 2825; x_wconf 82' lang='lat' dir='ltr'><strong>repressus</strong></span> <span class='ocrx_word' id='word_1_426' title='bbox 3423 2749 3496 2811; x_wconf 88' lang='lat' dir='ltr'><strong>ab</strong></span> <span class='ocrx_word' id='word_1_427' title='bbox 3557 2770 3626 2813; x_wconf 90' lang='lat' dir='ltr'><strong>eo</strong></span> <span class='ocrx_word' id='word_1_428' title='bbox 3671 2770 3742 2814; x_wconf 89' lang='lat' dir='ltr'><strong>ac</strong></span> 
     </span>
    </p>
   </div>
   <div class='ocr_carea' id='block_1_60' title="bbox 2095 2836 3738 2917">
    <p class='ocr_par' dir='ltr' id='par_1_60' title="bbox 2095 2836 3738 2917">
     <span class='ocr_line' id='line_1_60' title="bbox 2095 2836 3738 2917; baseline 0.004 -21"><span class='ocrx_word' id='word_1_429' title='bbox 2095 2836 2282 2899; x_wconf 85' lang='lat' dir='ltr'><strong>victus</strong></span> <span class='ocrx_word' id='word_1_430' title='bbox 2312 2838 2544 2900; x_wconf 88' lang='lat' dir='ltr'><strong>fuisset.</strong></span> <span class='ocrx_word' id='word_1_431' title='bbox 2580 2836 2689 2899; x_wconf 91' lang='lat' dir='ltr'><strong>Hic</strong></span> <span class='ocrx_word' id='word_1_432' title='bbox 2712 2836 3078 2917; x_wconf 89' lang='lat' dir='ltr'><strong>jampridem</strong></span> <span class='ocrx_word' id='word_1_433' title='bbox 3123 2837 3318 2900; x_wconf 87' lang='lat' dir='ltr'><strong>eidem</strong></span> <span class='ocrx_word' id='word_1_434' title='bbox 3361 2839 3738 2904; x_wconf 86' lang='lat' dir='ltr'><strong>admirabilis</strong></span> 
     </span>
    </p>
   </div>
   <div class='ocr_carea' id='block_1_61' title="bbox 2087 2924 3737 3008">
    <p class='ocr_par' dir='ltr' id='par_1_61' title="bbox 2087 2924 3737 3008">
     <span class='ocr_line' id='line_1_61' title="bbox 2087 2924 3737 3008; baseline 0.002 -21"><span class='ocrx_word' id='word_1_435' title='bbox 2087 2924 2439 3006; x_wconf 86' lang='lat' dir='ltr'><strong>habebatur,</strong></span> <span class='ocrx_word' id='word_1_436' title='bbox 2477 2926 2643 3006; x_wconf 89' lang='lat' dir='ltr'><strong>isque</strong></span> <span class='ocrx_word' id='word_1_437' title='bbox 2673 2934 2792 2987; x_wconf 89' lang='lat' dir='ltr'><strong>tum</strong></span> <span class='ocrx_word' id='word_1_438' title='bbox 2826 2925 2982 3006; x_wconf 89' lang='lat' dir='ltr'><strong>apud</strong></span> <span class='ocrx_word' id='word_1_439' title='bbox 3033 2927 3220 2988; x_wconf 81' lang='lat' dir='ltr'><strong>civem</strong></span> <span class='ocrx_word' id='word_1_440' title='bbox 3248 2926 3566 3008; x_wconf 88' lang='lat' dir='ltr'><strong>quemdam</strong></span> <span class='ocrx_word' id='word_1_441' title='bbox 3600 2929 3737 2991; x_wconf 90' lang='lat' dir='ltr'><strong>lati-</strong></span> 
     </span>
    </p>
   </div>
   <div class='ocr_carea' id='block_1_62' title="bbox 2087 3013 3741 3097">
    <p class='ocr_par' dir='ltr' id='par_1_62' title="bbox 2087 3013 3741 3097">
     <span class='ocr_line' id='line_1_62' title="bbox 2087 3013 3741 3097; baseline 0.003 -21"><span class='ocrx_word' id='word_1_442' title='bbox 2087 3013 2266 3086; x_wconf 87' lang='lat' dir='ltr'><strong>tabat,</strong></span> <span class='ocrx_word' id='word_1_443' title='bbox 2301 3015 2404 3094; x_wconf 91' lang='lat' dir='ltr'><strong>qui</strong></span> <span class='ocrx_word' id='word_1_444' title='bbox 2453 3013 2822 3076; x_wconf 89' lang='lat' dir='ltr'><strong>delatoribus</strong></span> <span class='ocrx_word' id='word_1_445' title='bbox 2870 3016 3248 3097; x_wconf 86' lang='lat' dir='ltr'><strong>conjunctus,</strong></span> <span class='ocrx_word' id='word_1_446' title='bbox 3306 3017 3462 3078; x_wconf 91' lang='lat' dir='ltr'><strong>hanc</strong></span> <span class='ocrx_word' id='word_1_447' title='bbox 3520 3026 3741 3081; x_wconf 83' lang='lat' dir='ltr'><strong>contu—</strong></span> 
     </span>
    </p>
   </div>
   <div class='ocr_carea' id='block_1_63' title="bbox 2091 3102 3730 3184">
    <p class='ocr_par' dir='ltr' id='par_1_63' title="bbox 2091 3102 3730 3184">
     <span class='ocr_line' id='line_1_63' title="bbox 2091 3102 3730 3184; baseline 0.003 -20"><span class='ocrx_word' id='word_1_448' title='bbox 2091 3103 2285 3165; x_wconf 69' lang='lat' dir='ltr'><strong>meliae</strong></span> <span class='ocrx_word' id='word_1_449' title='bbox 2334 3103 2633 3184; x_wconf 91' lang='lat' dir='ltr'><strong>potionem</strong></span> <span class='ocrx_word' id='word_1_450' title='bbox 2665 3102 2936 3181; x_wconf 83' lang='lat' dir='ltr'><strong>Gregorii</strong></span> <span class='ocrx_word' id='word_1_451' title='bbox 2987 3103 3202 3166; x_wconf 89' lang='lat' dir='ltr'><strong>callide</strong></span> <span class='ocrx_word' id='word_1_452' title='bbox 3253 3105 3730 3182; x_wconf 86' lang='lat' dir='ltr'><strong>commiscuerat,</strong></span> 
     </span>
    </p>
   </div>
   <div class='ocr_carea' id='block_1_64' title="bbox 343 3192 2002 3289">
    <p class='ocr_par' dir='ltr' id='par_1_64' title="bbox 343 3195 2002 3274">
     <span class='ocr_line' id='line_1_64' title="bbox 343 3195 2002 3274; baseline 0.001 -25"><span class='ocrx_word' id='word_1_453' title='bbox 343 3197 462 3249; x_wconf 83' lang='grc' dir='ltr'>σθαι</span> <span class='ocrx_word' id='word_1_454' title='bbox 538 3195 630 3249; x_wconf 79' lang='grc' dir='ltr'><strong>καὶ</strong></span> <span class='ocrx_word' id='word_1_455' title='bbox 703 3197 943 3272; x_wconf 76' lang='grc' dir='ltr'>θρηνεῖν,</span> <span class='ocrx_word' id='word_1_456' title='bbox 1020 3196 1106 3250; x_wconf 86' lang='grc' dir='ltr'>καὶ</span> <span class='ocrx_word' id='word_1_457' title='bbox 1198 3196 1520 3270; x_wconf 86' lang='grc' dir='ltr'>νομίσαντες</span> <span class='ocrx_word' id='word_1_458' title='bbox 1605 3195 1774 3274; x_wconf 65' lang='grc' dir='ltr'>κρύφα</span> <span class='ocrx_word' id='word_1_459' title='bbox 1849 3195 2002 3251; x_wconf 73' lang='grc' dir='ltr'>αὐτὸν</span> 
     </span>
    </p>
   </div>
   <div class='ocr_carea' id='block_1_65' title="bbox 2086 3192 3736 3289">
    <p class='ocr_par' dir='ltr' id='par_1_65' title="bbox 2091 3192 3736 3274">
     <span class='ocr_line' id='line_1_65' title="bbox 2091 3192 3736 3274; baseline 0.002 -20"><span class='ocrx_word' id='word_1_460' title='bbox 2091 3192 2328 3274; x_wconf 91' lang='lat' dir='ltr'><strong>illisque</strong></span> <span class='ocrx_word' id='word_1_461' title='bbox 2375 3211 2616 3254; x_wconf 90' lang='lat' dir='ltr'><strong>omnem</strong></span> <span class='ocrx_word' id='word_1_462' title='bbox 2664 3201 2828 3254; x_wconf 89' lang='lat' dir='ltr'><strong>actus</strong></span> <span class='ocrx_word' id='word_1_463' title='bbox 2874 3211 3143 3267; x_wconf 87' lang='lat' dir='ltr'><strong>scenam,</strong></span> <span class='ocrx_word' id='word_1_464' title='bbox 3197 3193 3311 3255; x_wconf 92' lang='lat' dir='ltr'><strong>hoc</strong></span> <span class='ocrx_word' id='word_1_465' title='bbox 3362 3201 3476 3270; x_wconf 90' lang='lat' dir='ltr'><strong>est,</strong></span> <span class='ocrx_word' id='word_1_466' title='bbox 3527 3195 3736 3272; x_wconf 81' lang='lat' dir='ltr'><strong>ﬂagitii</strong></span> 
     </span>
    </p>
   </div>
   <div class='ocr_carea' id='block_1_66' title="bbox 331 3280 2002 3363">
    <p class='ocr_par' dir='ltr' id='par_1_66' title="bbox 331 3282 2002 3363">
     <span class='ocr_line' id='line_1_66' title="bbox 331 3282 2002 3363; baseline 0.002 -26"><span class='ocrx_word' id='word_1_467' title='bbox 331 3283 689 3360; x_wconf 71' lang='grc' dir='ltr'>ἀνῃρεῖσθαι,</span> <span class='ocrx_word' id='word_1_468' title='bbox 763 3284 957 3340; x_wconf 78' lang='grc' dir='ltr'>στάσιν</span> <span class='ocrx_word' id='word_1_469' title='bbox 1032 3285 1170 3341; x_wconf 85' lang='grc' dir='ltr'>κατά</span> <span class='ocrx_word' id='word_1_470' title='bbox 1211 3305 1270 3340; x_wconf 90' lang='grc' dir='ltr'><strong>τε</strong></span> <span class='ocrx_word' id='word_1_471' title='bbox 1332 3291 1425 3341; x_wconf 79' lang='grc' dir='ltr'>τοῦ</span> <span class='ocrx_word' id='word_1_472' title='bbox 1491 3282 1717 3363; x_wconf 76' lang='grc' dir='ltr'>ἐξάρχου</span> <span class='ocrx_word' id='word_1_473' title='bbox 1767 3285 1855 3341; x_wconf 88' lang='grc' dir='ltr'><strong>καὶ</strong></span> <span class='ocrx_word' id='word_1_474' title='bbox 1915 3287 2002 3340; x_wconf 76' lang='grc' dir='ltr'>τοῦ</span> 
     </span>
    </p>
   </div>
   <div class='ocr_carea' id='block_1_67' title="bbox 2086 3280 3736 3363">
    <p class='ocr_par' dir='ltr' id='par_1_67' title="bbox 2092 3280 3736 3362">
     <span class='ocr_line' id='line_1_67' title="bbox 2092 3280 3736 3362; baseline 0.002 -19"><span class='ocrx_word' id='word_1_475' title='bbox 2092 3283 2402 3344; x_wconf 81' lang='lat' dir='ltr'><strong>materiam</strong></span> <span class='ocrx_word' id='word_1_476' title='bbox 2448 3289 2626 3362; x_wconf 88' lang='lat' dir='ltr'><strong>atque</strong></span> <span class='ocrx_word' id='word_1_477' title='bbox 2657 3280 2991 3360; x_wconf 89' lang='lat' dir='ltr'><strong>subjectum</strong></span> <span class='ocrx_word' id='word_1_478' title='bbox 3049 3282 3430 3355; x_wconf 78' lang='lat' dir='ltr'><strong>ministraret,</strong></span> <span class='ocrx_word' id='word_1_479' title='bbox 3465 3283 3562 3344; x_wconf 91' lang='lat' dir='ltr'><strong>cui</strong></span> <span class='ocrx_word' id='word_1_480' title='bbox 3612 3292 3736 3346; x_wconf 91' lang='lat' dir='ltr'><strong>tum</strong></span> 
     </span>
    </p>
   </div>
   <div class='ocr_carea' id='block_1_68' title="bbox 331 3371 2006 3452">
    <p class='ocr_par' dir='ltr' id='par_1_68' title="bbox 331 3371 2006 3452">
     <span class='ocr_line' id='line_1_68' title="bbox 331 3371 2006 3452; baseline 0.001 -25"><span class='ocrx_word' id='word_1_481' title='bbox 331 3394 579 3450; x_wconf 85' lang='grc' dir='ltr'>πονηρου</span> <span class='ocrx_word' id='word_1_482' title='bbox 655 3371 925 3451; x_wconf 83' lang='grc' dir='ltr'>συνεδρίου</span> <span class='ocrx_word' id='word_1_483' title='bbox 995 3371 1253 3452; x_wconf 74' lang='grc' dir='ltr'>χαλεπὴν</span> <span class='ocrx_word' id='word_1_484' title='bbox 1319 3374 1580 3440; x_wconf 78' lang='grc' dir='ltr'>ἀνῆπτον.</span> <span class='ocrx_word' id='word_1_485' title='bbox 1656 3374 1752 3431; x_wconf 77' lang='grc' dir='ltr'>Καὶ</span> <span class='ocrx_word' id='word_1_486' title='bbox 1795 3373 2006 3452; x_wconf 78' lang='grc' dir='ltr'>πρῶτον</span> 
     </span>
    </p>
   </div>
   <div class='ocr_carea' id='block_1_69' title="bbox 340 3460 1998 3542">
    <p class='ocr_par' dir='ltr' id='par_1_69' title="bbox 340 3460 1998 3542">
     <span class='ocr_line' id='line_1_69' title="bbox 340 3460 1998 3542; baseline 0.004 -27"><span class='ocrx_word' id='word_1_487' title='bbox 340 3463 440 3533; x_wconf 71' lang='grc' dir='ltr'>μὲν</span> <span class='ocrx_word' id='word_1_488' title='bbox 502 3469 604 3540; x_wconf 74' lang='grc' dir='ltr'><strong>πῦρ</strong></span> <span class='ocrx_word' id='word_1_489' title='bbox 665 3460 944 3537; x_wconf 76' lang='grc' dir='ltr'>λαϐόντες,</span> <span class='ocrx_word' id='word_1_490' title='bbox 979 3463 1272 3542; x_wconf 70' lang='grc' dir='ltr'>ὃφάπτουσι</span> <span class='ocrx_word' id='word_1_491' title='bbox 1327 3463 1449 3528; x_wconf 80' lang='grc' dir='ltr'>τοὺς</span> <span class='ocrx_word' id='word_1_492' title='bbox 1502 3461 1687 3527; x_wconf 78' lang='grc' dir='ltr'>οἴκους</span> <span class='ocrx_word' id='word_1_493' title='bbox 1739 3465 1846 3520; x_wconf 80' lang='grc' dir='ltr'>τῶν</span> <span class='ocrx_word' id='word_1_494' title='bbox 1905 3485 1998 3521; x_wconf 81' lang='grc' dir='ltr'>συ-</span> 
     </span>
    </p>
   </div>
   <div class='ocr_carea' id='block_1_70' title="bbox 349 3550 2003 3631">
    <p class='ocr_par' dir='ltr' id='par_1_70' title="bbox 349 3550 2003 3631">
     <span class='ocr_line' id='line_1_70' title="bbox 349 3550 2003 3631; baseline 0.004 -29"><span class='ocrx_word' id='word_1_495' title='bbox 349 3553 626 3628; x_wconf 60' lang='grc' dir='ltr'>κοςξαντὼν</span> <span class='ocrx_word' id='word_1_496' title='bbox 714 3550 942 3608; x_wconf 83' lang='grc' dir='ltr'>Σαϐίνου</span> <span class='ocrx_word' id='word_1_497' title='bbox 1027 3554 1114 3608; x_wconf 84' lang='grc' dir='ltr'><strong>καὶ</strong></span> <span class='ocrx_word' id='word_1_498' title='bbox 1202 3557 1594 3631; x_wconf 82' lang='grc' dir='ltr'>Κρισκεντίνου’</span> <span class='ocrx_word' id='word_1_499' title='bbox 1680 3552 1865 3609; x_wconf 78' lang='grc' dir='ltr'>ἔπειτα</span> <span class='ocrx_word' id='word_1_500' title='bbox 1949 3550 2003 3608; x_wconf 77' lang='grc' dir='ltr'><strong>δὲ</strong></span> 
     </span>
    </p>
   </div>
   <div class='ocr_carea' id='block_1_71' title="bbox 359 3639 1996 3721">
    <p class='ocr_par' dir='ltr' id='par_1_71' title="bbox 359 3639 1996 3721">
     <span class='ocr_line' id='line_1_71' title="bbox 359 3639 1996 3721; baseline 0.002 -29"><span class='ocrx_word' id='word_1_501' title='bbox 359 3641 448 3693; x_wconf 79' lang='grc' dir='ltr'><strong>καὶ</strong></span> <span class='ocrx_word' id='word_1_502' title='bbox 521 3641 700 3702; x_wconf 68' lang='grc' dir='ltr'>αὖτοὺς</span> <span class='ocrx_word' id='word_1_503' title='bbox 778 3639 1010 3704; x_wconf 69' lang='grc' dir='ltr'>ἐκείνους</span> <span class='ocrx_word' id='word_1_504' title='bbox 1073 3643 1276 3720; x_wconf 78' lang='grc' dir='ltr'>ὁρμῶσι</span> <span class='ocrx_word' id='word_1_505' title='bbox 1334 3640 1779 3721; x_wconf 62' lang='grc' dir='ltr'>διαχειρίσασθαι.</span> <span class='ocrx_word' id='word_1_506' title='bbox 1846 3639 1996 3699; x_wconf 85' lang='grc' dir='ltr'>Ἀλλ’</span> 
     </span>
    </p>
   </div>
   <div class='ocr_carea' id='block_1_72' title="bbox 360 3726 1995 3809">
    <p class='ocr_par' dir='ltr' id='par_1_72' title="bbox 360 3726 1995 3809">
     <span class='ocr_line' id='line_1_72' title="bbox 360 3726 1995 3809; baseline 0.004 -27"><span class='ocrx_word' id='word_1_507' title='bbox 360 3726 510 3782; x_wconf 64' lang='grc' dir='ltr'>οὗτοι</span> <span class='ocrx_word' id='word_1_508' title='bbox 568 3729 660 3801; x_wconf 75' lang='grc' dir='ltr'><strong>μὲν</strong></span> <span class='ocrx_word' id='word_1_509' title='bbox 717 3732 790 3790; x_wconf 77' lang='grc' dir='ltr'>εἷς</span> <span class='ocrx_word' id='word_1_510' title='bbox 849 3732 948 3797; x_wconf 70' lang='grc' dir='ltr'><strong>τὴν</strong></span> <span class='ocrx_word' id='word_1_511' title='bbox 1004 3730 1296 3798; x_wconf 72' lang='grc' dir='ltr'>ἐκκλησίαν</span> <span class='ocrx_word' id='word_1_512' title='bbox 1354 3731 1818 3809; x_wconf 81' lang='grc' dir='ltr'>προσπεφευγότες</span> <span class='ocrx_word' id='word_1_513' title='bbox 1876 3728 1995 3788; x_wconf 85' lang='grc' dir='ltr'>δια-</span> 
     </span>
    </p>
   </div>
   <div class='ocr_carea' id='block_1_73' title="bbox 358 3814 2001 3899">
    <p class='ocr_par' dir='ltr' id='par_1_73' title="bbox 358 3814 2001 3899">
     <span class='ocr_line' id='line_1_73' title="bbox 358 3814 2001 3899; baseline -0.002 -21"><span class='ocrx_word' id='word_1_514' title='bbox 358 3814 518 3894; x_wconf 75' lang='grc' dir='ltr'>δρῷσι</span> <span class='ocrx_word' id='word_1_515' title='bbox 562 3820 644 3874; x_wconf 81' lang='grc' dir='ltr'><strong>τόν</strong></span> <span class='ocrx_word' id='word_1_516' title='bbox 673 3818 928 3883; x_wconf 64' lang='grc' dir='ltr'>κίνδυνον.</span> <span class='ocrx_word' id='word_1_517' title='bbox 975 3820 1186 3884; x_wconf 78' lang='grc' dir='ltr'>Φθάσας</span> <span class='ocrx_word' id='word_1_518' title='bbox 1219 3821 1318 3899; x_wconf 81' lang='grc' dir='ltr'>γὰρ</span> <span class='ocrx_word' id='word_1_519' title='bbox 1371 3823 1398 3877; x_wconf 90' lang='lat'><strong>6</strong></span> <span class='ocrx_word' id='word_1_520' title='bbox 1460 3820 1698 3898; x_wconf 80' lang='grc' dir='ltr'>Χαρίτων</span> <span class='ocrx_word' id='word_1_521' title='bbox 1752 3822 1814 3876; x_wconf 74' lang='grc' dir='ltr'><strong>τὸ</strong></span> <span class='ocrx_word' id='word_1_522' title='bbox 1861 3819 2001 3888; x_wconf 74' lang='grc' dir='ltr'><strong>πλῆ-</strong></span> 
     </span>
    </p>
   </div>
   <div class='ocr_carea' id='block_1_74' title="bbox 346 3911 1998 3990">
    <p class='ocr_par' dir='ltr' id='par_1_74' title="bbox 346 3911 1998 3990">
     <span class='ocr_line' id='line_1_74' title="bbox 346 3911 1998 3990; baseline 0.002 -26"><span class='ocrx_word' id='word_1_523' title='bbox 346 3913 438 3965; x_wconf 63' lang='grc' dir='ltr'><strong>θος</strong></span> <span class='ocrx_word' id='word_1_524' title='bbox 483 3913 616 3968; x_wconf 71' lang='grc' dir='ltr'>κατὰ</span> <span class='ocrx_word' id='word_1_525' title='bbox 673 3912 837 3974; x_wconf 80' lang='grc' dir='ltr'>πόδας</span> <span class='ocrx_word' id='word_1_526' title='bbox 871 3915 1056 3978; x_wconf 68' lang='grc' dir='ltr'>αἰετοῖς</span> <span class='ocrx_word' id='word_1_527' title='bbox 1102 3912 1363 3986; x_wconf 75' lang='grc' dir='ltr'>ἑπόμενον</span> <span class='ocrx_word' id='word_1_528' title='bbox 1423 3913 1593 3990; x_wconf 75' lang='grc' dir='ltr'>εἴργει</span> <span class='ocrx_word' id='word_1_529' title='bbox 1643 3915 1704 3969; x_wconf 84' lang='grc' dir='ltr'>τὸ</span> <span class='ocrx_word' id='word_1_530' title='bbox 1761 3914 1839 3986; x_wconf 78' lang='grc' dir='ltr'>μὴ</span> <span class='ocrx_word' id='word_1_531' title='bbox 1902 3911 1998 3969; x_wconf 74' lang='grc' dir='ltr'>καῖ</span> 
     </span>
    </p>
   </div>
   <div class='ocr_carea' id='block_1_75' title="bbox 339 3999 2000 4081">
    <p class='ocr_par' dir='ltr' id='par_1_75' title="bbox 339 3999 2000 4081">
     <span class='ocr_line' id='line_1_75' title="bbox 339 3999 2000 4081; baseline 0.001 -25"><span class='ocrx_word' id='word_1_532' title='bbox 339 4009 436 4058; x_wconf 78' lang='grc' dir='ltr'>τοῦ</span> <span class='ocrx_word' id='word_1_533' title='bbox 495 4001 640 4075; x_wconf 80' lang='grc' dir='ltr'>ἱεροῦ</span> <span class='ocrx_word' id='word_1_534' title='bbox 695 3999 840 4057; x_wconf 71' lang='grc' dir='ltr'>ἔνδον</span> <span class='ocrx_word' id='word_1_535' title='bbox 903 4003 1092 4064; x_wconf 76' lang='grc' dir='ltr'>αὖτοὺς</span> <span class='ocrx_word' id='word_1_536' title='bbox 1153 3999 1480 4081; x_wconf 76' lang='grc' dir='ltr'>ἀποσφάξαι,</span> <span class='ocrx_word' id='word_1_537' title='bbox 1530 4003 1622 4057; x_wconf 80' lang='grc' dir='ltr'><strong>σὺν</strong></span> <span class='ocrx_word' id='word_1_538' title='bbox 1665 4003 1766 4077; x_wconf 72' lang='grc' dir='ltr'>βοῇ</span> <span class='ocrx_word' id='word_1_539' title='bbox 1822 4001 2000 4078; x_wconf 85' lang='grc' dir='ltr'>πολλῇ</span> 
     </span>
    </p>
   </div>
   <div class='ocr_carea' id='block_1_76' title="bbox 339 4087 1996 4169">
    <p class='ocr_par' dir='ltr' id='par_1_76' title="bbox 339 4087 1996 4169">
     <span class='ocr_line' id='line_1_76' title="bbox 339 4087 1996 4169; baseline 0.001 -26"><span class='ocrx_word' id='word_1_540' title='bbox 339 4090 430 4144; x_wconf 75' lang='grc' dir='ltr'>καὶ</span> <span class='ocrx_word' id='word_1_541' title='bbox 475 4087 636 4162; x_wconf 82' lang='grc' dir='ltr'>μόλις</span> <span class='ocrx_word' id='word_1_542' title='bbox 680 4091 867 4155; x_wconf 74' lang='grc' dir='ltr'>αὖτοὺς</span> <span class='ocrx_word' id='word_1_543' title='bbox 921 4113 1015 4150; x_wconf 86' lang='grc' dir='ltr'><strong>του</strong></span> <span class='ocrx_word' id='word_1_544' title='bbox 1043 4091 1442 4169; x_wconf 70' lang='grc' dir='ltr'>ἐγχειρήματος</span> <span class='ocrx_word' id='word_1_545' title='bbox 1492 4091 1828 4155; x_wconf 75' lang='grc' dir='ltr'>ἀποπαύσας.</span> <span class='ocrx_word' id='word_1_546' title='bbox 1893 4091 1996 4148; x_wconf 67' lang='grc' dir='ltr'><strong>Καὶ</strong></span> 
     </span>
    </p>
   </div>
   <div class='ocr_carea' id='block_1_77' title="bbox 331 4178 1998 4260">
    <p class='ocr_par' dir='ltr' id='par_1_77' title="bbox 331 4178 1998 4260">
     <span class='ocr_line' id='line_1_77' title="bbox 331 4178 1998 4260; baseline 0.002 -28"><span class='ocrx_word' id='word_1_547' title='bbox 331 4179 403 4232; x_wconf 73' lang='grc' dir='ltr'><strong>τὰ</strong></span> <span class='ocrx_word' id='word_1_548' title='bbox 462 4178 565 4251; x_wconf 79' lang='grc' dir='ltr'>μὲν</span> <span class='ocrx_word' id='word_1_549' title='bbox 620 4180 722 4244; x_wconf 65' lang='grc' dir='ltr'><strong>της</strong></span> <span class='ocrx_word' id='word_1_550' title='bbox 784 4180 1020 4241; x_wconf 77' lang='grc' dir='ltr'>στάσεως</span> <span class='ocrx_word' id='word_1_551' title='bbox 1084 4178 1186 4236; x_wconf 76' lang='grc' dir='ltr'><strong>ὦδε</strong></span> <span class='ocrx_word' id='word_1_552' title='bbox 1242 4181 1306 4236; x_wconf 76' lang='grc' dir='ltr'><strong>τὸ</strong></span> <span class='ocrx_word' id='word_1_553' title='bbox 1337 4181 1500 4258; x_wconf 83' lang='grc' dir='ltr'>πέρας</span> <span class='ocrx_word' id='word_1_554' title='bbox 1555 4181 1709 4260; x_wconf 77' lang='grc' dir='ltr'>εἶχε.</span> <span class='ocrx_word' id='word_1_555' title='bbox 1747 4179 1998 4237; x_wconf 80' lang='grc' dir='ltr'>Καταλα-</span> 
     </span>
    </p>
   </div>
   <div class='ocr_carea' id='block_1_78' title="bbox 326 4261 2000 4348">
    <p class='ocr_par' dir='ltr' id='par_1_78' title="bbox 326 4261 2000 4348">
     <span class='ocr_line' id='line_1_78' title="bbox 326 4261 2000 4348; baseline 0.001 -26"><span class='ocrx_word' id='word_1_556' title='bbox 326 4265 523 4328; x_wconf 74' lang='grc' dir='ltr'>ϐόντος</span> <span class='ocrx_word' id='word_1_557' title='bbox 571 4266 626 4322; x_wconf 75' lang='grc' dir='ltr'><strong>δὲ</strong></span> <span class='ocrx_word' id='word_1_558' title='bbox 662 4277 752 4326; x_wconf 79' lang='grc' dir='ltr'>τοῦ</span> <span class='ocrx_word' id='word_1_559' title='bbox 807 4270 954 4348; x_wconf 80' lang='grc' dir='ltr'>ἁγίου</span> <span class='ocrx_word' id='word_1_560' title='bbox 985 4270 1085 4338; x_wconf 75' lang='grc' dir='ltr'><strong>τὴν</strong></span> <span class='ocrx_word' id='word_1_561' title='bbox 1141 4261 1351 4345; x_wconf 79' lang='grc' dir='ltr'>Ῥώμην</span> <span class='ocrx_word' id='word_1_562' title='bbox 1386 4272 1413 4326; x_wconf 89' lang='lat'><strong>6</strong></span> <span class='ocrx_word' id='word_1_563' title='bbox 1466 4269 1688 4332; x_wconf 75' lang='grc' dir='ltr'>πάππας</span> <span class='ocrx_word' id='word_1_564' title='bbox 1720 4269 1817 4336; x_wconf 67' lang='grc' dir='ltr'>τὴν</span> <span class='ocrx_word' id='word_1_565' title='bbox 1874 4268 2000 4326; x_wconf 82' lang='grc' dir='ltr'>ἐπι-</span> 
     </span>
    </p>
   </div>
   <div class='ocr_carea' id='block_1_79' title="bbox 327 4355 2001 4438">
    <p class='ocr_par' dir='ltr' id='par_1_79' title="bbox 327 4355 2001 4438">
     <span class='ocr_line' id='line_1_79' title="bbox 327 4355 2001 4438; baseline 0.001 -26"><span class='ocrx_word' id='word_1_566' title='bbox 327 4355 540 4423; x_wconf 63' lang='grc' dir='ltr'>στολὴν</span> <span class='ocrx_word' id='word_1_567' title='bbox 605 4355 884 4432; x_wconf 80' lang='grc' dir='ltr'>δεξάμενος</span> <span class='ocrx_word' id='word_1_568' title='bbox 943 4367 1040 4415; x_wconf 81' lang='grc' dir='ltr'>τοῦ</span> <span class='ocrx_word' id='word_1_569' title='bbox 1092 4357 1318 4438; x_wconf 65' lang='grc' dir='ltr'>ἐξάρχου</span> <span class='ocrx_word' id='word_1_570' title='bbox 1377 4360 1462 4415; x_wconf 84' lang='grc' dir='ltr'><strong>καὶ</strong></span> <span class='ocrx_word' id='word_1_571' title='bbox 1533 4360 1596 4414; x_wconf 81' lang='grc' dir='ltr'>τὰ</span> <span class='ocrx_word' id='word_1_572' title='bbox 1655 4357 2001 4437; x_wconf 82' lang='grc' dir='ltr'>γεγραμμένα</span> 
     </span>
    </p>
   </div>
   <div class='ocr_carea' id='block_1_80' title="bbox 328 4445 1998 4523">
    <p class='ocr_par' dir='ltr' id='par_1_80' title="bbox 328 4445 1998 4523">
     <span class='ocr_line' id='line_1_80' title="bbox 328 4445 1998 4523; baseline 0.001 -22"><span class='ocrx_word' id='word_1_573' title='bbox 328 4445 760 4520; x_wconf 76' lang='grc' dir='ltr'>ἀναλεξάμενος,</span> <span class='ocrx_word' id='word_1_574' title='bbox 821 4446 1057 4523; x_wconf 79' lang='grc' dir='ltr'>θάμϐους</span> <span class='ocrx_word' id='word_1_575' title='bbox 1117 4448 1230 4522; x_wconf 78' lang='grc' dir='ltr'><strong>ἅμα</strong></span> <span class='ocrx_word' id='word_1_576' title='bbox 1287 4448 1386 4505; x_wconf 78' lang='grc' dir='ltr'>καῖ</span> <span class='ocrx_word' id='word_1_577' title='bbox 1449 4449 1614 4506; x_wconf 83' lang='grc' dir='ltr'><strong>θυμοῦ</strong></span> <span class='ocrx_word' id='word_1_578' title='bbox 1672 4446 1998 4521; x_wconf 81' lang='grc' dir='ltr'>πληρωθεὶς,</span> 
     </span>
    </p>
   </div>
   <div class='ocr_carea' id='block_1_81' title="bbox 327 4534 1995 4614">
    <p class='ocr_par' dir='ltr' id='par_1_81' title="bbox 327 4534 1995 4614">
     <span class='ocr_line' id='line_1_81' title="bbox 327 4534 1995 4614; baseline 0.001 -23"><span class='ocrx_word' id='word_1_579' title='bbox 327 4538 422 4591; x_wconf 76' lang='grc' dir='ltr'><strong>καὶ</strong></span> <span class='ocrx_word' id='word_1_580' title='bbox 473 4534 619 4609; x_wconf 73' lang='grc' dir='ltr'>μηδὲ</span> <span class='ocrx_word' id='word_1_581' title='bbox 680 4538 749 4597; x_wconf 79' lang='grc' dir='ltr'>εἰς</span> <span class='ocrx_word' id='word_1_582' title='bbox 782 4536 905 4611; x_wconf 69' lang='grc' dir='ltr'>ὅφιν</span> <span class='ocrx_word' id='word_1_583' title='bbox 966 4536 1144 4594; x_wconf 75' lang='grc' dir='ltr'>ἐλθεῖν</span> <span class='ocrx_word' id='word_1_584' title='bbox 1177 4539 1320 4610; x_wconf 77' lang='grc' dir='ltr'>αὐτῷ</span> <span class='ocrx_word' id='word_1_585' title='bbox 1379 4539 1471 4594; x_wconf 77' lang='grc' dir='ltr'>τὸν</span> <span class='ocrx_word' id='word_1_586' title='bbox 1531 4534 1682 4614; x_wconf 77' lang='grc' dir='ltr'>ἅγιον</span> <span class='ocrx_word' id='word_1_587' title='bbox 1742 4535 1995 4607; x_wconf 69' lang='grc' dir='ltr'>ἀξιώσας,</span> 
     </span>
    </p>
   </div>
   <div class='ocr_carea' id='block_1_82' title="bbox 325 4622 1996 4704">
    <p class='ocr_par' dir='ltr' id='par_1_82' title="bbox 325 4622 1996 4704">
     <span class='ocr_line' id='line_1_82' title="bbox 325 4622 1996 4704; baseline 0.016 -27"><span class='ocrx_word' id='word_1_588' title='bbox 325 4622 557 4699; x_wconf 70' lang='grc' dir='ltr'>ἇιριτον</span> <span class='ocrx_word' id='word_1_589' title='bbox 618 4624 827 4682; x_wconf 76' lang='grc' dir='ltr'>ἐκέλευε</span> <span class='ocrx_word' id='word_1_590' title='bbox 855 4627 1146 4704; x_wconf 67' lang='grc' dir='ltr'>συρόμενόν</span> <span class='ocrx_word' id='word_1_591' title='bbox 1193 4648 1249 4682; x_wconf 89' lang='grc' dir='ltr'><strong>τε</strong></span> <span class='ocrx_word' id='word_1_592' title='bbox 1280 4627 1368 4682; x_wconf 84' lang='grc' dir='ltr'><strong>καὶ</strong></span> <span class='ocrx_word' id='word_1_593' title='bbox 1399 4624 1742 4701; x_wconf 78' lang='grc' dir='ltr'>ὑϐριζόμενον</span> <span class='ocrx_word' id='word_1_594' title='bbox 1771 4633 1841 4700; x_wconf 69' lang='grc' dir='ltr'><strong>τῇ</strong></span> <span class='ocrx_word' id='word_1_595' title='bbox 1894 4649 1996 4704; x_wconf 68' lang='grc' dir='ltr'><strong>φυ⁸</strong></span> 
     </span>
    </p>
   </div>
   <div class='ocr_carea' id='block_1_83' title="bbox 325 4711 1997 4796">
    <p class='ocr_par' dir='ltr' id='par_1_83' title="bbox 325 4711 1997 4796">
     <span class='ocr_line' id='line_1_83' title="bbox 325 4711 1997 4796; baseline 0.001 -28"><span class='ocrx_word' id='word_1_596' title='bbox 325 4715 473 4788; x_wconf 78' lang='grc' dir='ltr'><strong>λακῇ</strong></span> <span class='ocrx_word' id='word_1_597' title='bbox 504 4711 768 4790; x_wconf 74' lang='grc' dir='ltr'>δίδοσθαι,</span> <span class='ocrx_word' id='word_1_598' title='bbox 797 4715 888 4776; x_wconf 75' lang='grc' dir='ltr'><strong>τάς</strong></span> <span class='ocrx_word' id='word_1_599' title='bbox 920 4736 978 4771; x_wconf 89' lang='grc' dir='ltr'><strong>τε</strong></span> <span class='ocrx_word' id='word_1_600' title='bbox 1015 4729 1209 4796; x_wconf 71' lang='grc' dir='ltr'>χεῖρας</span> <span class='ocrx_word' id='word_1_601' title='bbox 1253 4714 1391 4772; x_wconf 80' lang='grc' dir='ltr'>ἀλλὰ</span> <span class='ocrx_word' id='word_1_602' title='bbox 1425 4715 1524 4789; x_wconf 73' lang='grc' dir='ltr'>μὲν</span> <span class='ocrx_word' id='word_1_603' title='bbox 1552 4714 1647 4771; x_wconf 71' lang='grc' dir='ltr'>καὶ</span> <span class='ocrx_word' id='word_1_604' title='bbox 1678 4716 1800 4780; x_wconf 84' lang='grc' dir='ltr'>τοὺς</span> <span class='ocrx_word' id='word_1_605' title='bbox 1835 4712 1997 4778; x_wconf 81' lang='grc' dir='ltr'>πόδας</span> 
     </span>
    </p>
   </div>
   <div class='ocr_carea' id='block_1_84' title="bbox 332 4795 1996 4882">
    <p class='ocr_par' dir='ltr' id='par_1_84' title="bbox 332 4795 1996 4882">
     <span class='ocr_line' id='line_1_84' title="bbox 332 4795 1996 4882; baseline 0.001 -24"><span class='ocrx_word' id='word_1_606' title='bbox 332 4801 530 4878; x_wconf 69' lang='grc' dir='ltr'>σίδηρα</span> <span class='ocrx_word' id='word_1_607' title='bbox 592 4801 946 4868; x_wconf 74' lang='grc' dir='ltr'>διαξεθέντας.</span> <span class='ocrx_word' id='word_1_608' title='bbox 988 4795 1045 4864; x_wconf 64' lang='grc' dir='ltr'><strong>Ὀ</strong></span> <span class='ocrx_word' id='word_1_609' title='bbox 1091 4803 1144 4860; x_wconf 81' lang='grc' dir='ltr'><strong>δὲ</strong></span> <span class='ocrx_word' id='word_1_610' title='bbox 1175 4806 1264 4863; x_wconf 82' lang='grc' dir='ltr'><strong>καὶ</strong></span> <span class='ocrx_word' id='word_1_611' title='bbox 1294 4803 1463 4869; x_wconf 67' lang='grc' dir='ltr'>οῧτως</span> <span class='ocrx_word' id='word_1_612' title='bbox 1508 4805 1996 4882; x_wconf 69' lang='grc' dir='ltr'>ἐμπαροινούμενος</span> 
     </span>
    </p>
   </div>
   <div class='ocr_carea' id='block_1_85' title="bbox 337 4892 1997 4969">
    <p class='ocr_par' dir='ltr' id='par_1_85' title="bbox 337 4892 1997 4969">
     <span class='ocr_line' id='line_1_85' title="bbox 337 4892 1997 4969; baseline 0.002 -22"><span class='ocrx_word' id='word_1_613' title='bbox 337 4895 428 4947; x_wconf 84' lang='grc' dir='ltr'><strong>καὶ</strong></span> <span class='ocrx_word' id='word_1_614' title='bbox 483 4898 560 4967; x_wconf 76' lang='grc' dir='ltr'><strong>τῇ</strong></span> <span class='ocrx_word' id='word_1_615' title='bbox 590 4895 772 4969; x_wconf 74' lang='grc' dir='ltr'>εἱρκτῇ</span> <span class='ocrx_word' id='word_1_616' title='bbox 825 4892 1226 4968; x_wconf 80' lang='grc' dir='ltr'>ἐμϐαλλόμενος</span> <span class='ocrx_word' id='word_1_617' title='bbox 1259 4895 1348 4950; x_wconf 81' lang='grc' dir='ltr'>καὶ</span> <span class='ocrx_word' id='word_1_618' title='bbox 1386 4893 1740 4968; x_wconf 78' lang='grc' dir='ltr'>δεσμούμενος</span> <span class='ocrx_word' id='word_1_619' title='bbox 1772 4896 1828 4950; x_wconf 71' lang='grc' dir='ltr'>ἓν</span> <span class='ocrx_word' id='word_1_620' title='bbox 1887 4901 1997 4950; x_wconf 82' lang='grc' dir='ltr'><strong>πᾶ-</strong></span> 
     </span>
    </p>
   </div>
   <div class='ocr_carea' id='block_1_86' title="bbox 341 4983 2001 5076">
    <p class='ocr_par' dir='ltr' id='par_1_86' title="bbox 341 4983 2001 5076">
     <span class='ocr_line' id='line_1_86' title="bbox 341 4983 2001 5076; baseline 0.001 -40"><span class='ocrx_word' id='word_1_621' title='bbox 341 5003 423 5036; x_wconf 84' lang='grc' dir='ltr'><strong>σιν</strong></span> <span class='ocrx_word' id='word_1_622' title='bbox 479 4983 659 5056; x_wconf 76' lang='grc' dir='ltr'>ἑαυτῷ</span> <span class='ocrx_word' id='word_1_623' title='bbox 716 4983 911 5058; x_wconf 81' lang='grc' dir='ltr'>ὁμοίως</span> <span class='ocrx_word' id='word_1_624' title='bbox 968 4985 1057 5054; x_wconf 78' lang='grc' dir='ltr'><strong>ἦν,</strong></span> <span class='ocrx_word' id='word_1_625' title='bbox 1091 4985 1180 5040; x_wconf 85' lang='grc' dir='ltr'><strong>καὶ</strong></span> <span class='ocrx_word' id='word_1_626' title='bbox 1240 4984 1484 5040; x_wconf 68' lang='grc' dir='ltr'>ὓπόθεσιν</span> <span class='ocrx_word' id='word_1_627' title='bbox 1543 4985 1604 5040; x_wconf 76' lang='grc' dir='ltr'>οὗ</span> <span class='ocrx_word' id='word_1_628' title='bbox 1655 4984 1846 5063; x_wconf 60' lang='grc' dir='ltr'>μικρὰν</span> <span class='ocrx_word' id='word_1_629' title='bbox 1891 4983 2001 5076; x_wconf 49' lang='lat' dir='ltr'><strong>&quot;nixo</strong></span> 
     </span>
    </p>
   </div>
   <div class='ocr_carea' id='block_1_87' title="bbox 345 5070 2001 5151">
    <p class='ocr_par' dir='ltr' id='par_1_87' title="bbox 345 5070 2001 5151">
     <span class='ocr_line' id='line_1_87' title="bbox 345 5070 2001 5151; baseline 0.003 -26"><span class='ocrx_word' id='word_1_630' title='bbox 345 5070 559 5144; x_wconf 67' lang='grc' dir='ltr'>ἀτιμίαν</span> <span class='ocrx_word' id='word_1_631' title='bbox 619 5077 718 5137; x_wconf 78' lang='grc' dir='ltr'><strong>τῆς</strong></span> <span class='ocrx_word' id='word_1_632' title='bbox 765 5073 895 5149; x_wconf 82' lang='grc' dir='ltr'>πρὸς</span> <span class='ocrx_word' id='word_1_633' title='bbox 949 5074 1082 5128; x_wconf 76' lang='grc' dir='ltr'><strong>Θεὸν</strong></span> <span class='ocrx_word' id='word_1_634' title='bbox 1151 5073 1393 5130; x_wconf 78' lang='grc' dir='ltr'>ἐποιεῖτο</span> <span class='ocrx_word' id='word_1_635' title='bbox 1452 5073 1814 5151; x_wconf 70' lang='grc' dir='ltr'>εὐχαριστίας.</span> <span class='ocrx_word' id='word_1_636' title='bbox 1892 5070 2001 5130; x_wconf 53' lang='grc' dir='ltr'><strong>’ἶνα</strong></span> 
     </span>
    </p>
   </div>
   <div class='ocr_carea' id='block_1_88' title="bbox 339 5155 1997 5241">
    <p class='ocr_par' dir='ltr' id='par_1_88' title="bbox 339 5155 1997 5241">
     <span class='ocr_line' id='line_1_88' title="bbox 339 5155 1997 5241; baseline 0.002 -26"><span class='ocrx_word' id='word_1_637' title='bbox 339 5155 391 5215; x_wconf 57' lang='grc' dir='ltr'><em>ἃ</em></span> <span class='ocrx_word' id='word_1_638' title='bbox 446 5162 541 5216; x_wconf 80' lang='grc' dir='ltr'>καὶ</span> <span class='ocrx_word' id='word_1_639' title='bbox 615 5160 824 5236; x_wconf 79' lang='grc' dir='ltr'>μᾶλλον</span> <span class='ocrx_word' id='word_1_640' title='bbox 883 5161 1245 5238; x_wconf 81' lang='grc' dir='ltr'>ὰπαράκλιτος</span> <span class='ocrx_word' id='word_1_641' title='bbox 1315 5163 1350 5234; x_wconf 71' lang='grc' dir='ltr'>ᾗ</span> <span class='ocrx_word' id='word_1_642' title='bbox 1409 5162 1659 5241; x_wconf 76' lang='grc' dir='ltr'>ἀνιαροΐς</span> <span class='ocrx_word' id='word_1_643' title='bbox 1719 5171 1997 5227; x_wconf 77' lang='grc' dir='ltr'>τοσούτοις</span> 
     </span>
    </p>
   </div>
   <div class='ocr_carea' id='block_1_89' title="bbox 333 5248 1993 5332">
    <p class='ocr_par' dir='ltr' id='par_1_89' title="bbox 333 5248 1993 5332">
     <span class='ocr_line' id='line_1_89' title="bbox 333 5248 1993 5332; baseline 0.003 -28"><span class='ocrx_word' id='word_1_644' title='bbox 333 5253 892 5332; x_wconf 79' lang='grc' dir='ltr'>περιστοιχιζόμενος,</span> <span class='ocrx_word' id='word_1_645' title='bbox 956 5248 1068 5306; x_wconf 74' lang='grc' dir='ltr'><strong>οὐδὲ</strong></span> <span class='ocrx_word' id='word_1_646' title='bbox 1144 5254 1234 5307; x_wconf 74' lang='grc' dir='ltr'><strong>τὸν</strong></span> <span class='ocrx_word' id='word_1_647' title='bbox 1313 5249 1558 5308; x_wconf 84' lang='grc' dir='ltr'>διάκονον</span> <span class='ocrx_word' id='word_1_648' title='bbox 1616 5255 1759 5326; x_wconf 81' lang='grc' dir='ltr'>αὒτῷ</span> <span class='ocrx_word' id='word_1_649' title='bbox 1843 5251 1993 5309; x_wconf 84' lang='grc' dir='ltr'>Πλα-</span> 
     </span>
    </p>
   </div>
   <div class='ocr_carea' id='block_1_90' title="bbox 330 5339 1992 5421">
    <p class='ocr_par' dir='ltr' id='par_1_90' title="bbox 330 5339 1992 5421">
     <span class='ocr_line' id='line_1_90' title="bbox 330 5339 1992 5421; baseline 0.003 -28"><span class='ocrx_word' id='word_1_650' title='bbox 330 5341 554 5396; x_wconf 74' lang='grc' dir='ltr'>τωνικὸν</span> <span class='ocrx_word' id='word_1_651' title='bbox 609 5345 680 5404; x_wconf 72' lang='grc' dir='ltr'>εἷς</span> <span class='ocrx_word' id='word_1_652' title='bbox 712 5344 815 5408; x_wconf 74' lang='grc' dir='ltr'><strong>την</strong></span> <span class='ocrx_word' id='word_1_653' title='bbox 870 5339 1116 5420; x_wconf 67' lang='grc' dir='ltr'>πρυλακην</span> <span class='ocrx_word' id='word_1_654' title='bbox 1149 5341 1303 5421; x_wconf 76' lang='grc' dir='ltr'>εἴων,</span> <span class='ocrx_word' id='word_1_655' title='bbox 1337 5340 1461 5396; x_wconf 71' lang='grc' dir='ltr'>ἀλλ’</span> <span class='ocrx_word' id='word_1_656' title='bbox 1516 5341 1682 5420; x_wconf 82' lang='grc' dir='ltr'>ἑτέρῳ</span> <span class='ocrx_word' id='word_1_657' title='bbox 1711 5342 1811 5398; x_wconf 84' lang='grc' dir='ltr'>τινὶ</span> <span class='ocrx_word' id='word_1_658' title='bbox 1842 5343 1992 5416; x_wconf 85' lang='grc' dir='ltr'>τόπῳ</span> 
     </span>
    </p>
   </div>
   <div class='ocr_carea' id='block_1_91' title="bbox 333 5429 1086 5511">
    <p class='ocr_par' dir='ltr' id='par_1_91' title="bbox 333 5429 1086 5511">
     <span class='ocr_line' id='line_1_91' title="bbox 333 5429 1086 5511; baseline 0.007 -28"><span class='ocrx_word' id='word_1_659' title='bbox 333 5441 574 5490; x_wconf 71' lang='grc' dir='ltr'>κάκεῖνον</span> <span class='ocrx_word' id='word_1_660' title='bbox 603 5429 1086 5511; x_wconf 69' lang='grc' dir='ltr'>ἔγκατακλείουσι.</span> 
     </span>
    </p>
   </div>
   <div class='ocr_carea' id='block_1_92' title="bbox 2089 3364 3737 3450">
    <p class='ocr_par' dir='ltr' id='par_1_92' title="bbox 2089 3364 3737 3450">
     <span class='ocr_line' id='line_1_92' title="bbox 2089 3364 3737 3450; baseline 0.002 -19"><span class='ocrx_word' id='word_1_661' title='bbox 2089 3371 2176 3432; x_wconf 89' lang='lat' dir='ltr'><strong>illi</strong></span> <span class='ocrx_word' id='word_1_662' title='bbox 2226 3372 2629 3450; x_wconf 89' lang='lat' dir='ltr'><strong>episcopatum</strong></span> <span class='ocrx_word' id='word_1_663' title='bbox 2663 3370 3183 3434; x_wconf 88' lang='lat' dir='ltr'><strong>concrediderant.</strong></span> <span class='ocrx_word' id='word_1_664' title='bbox 3239 3364 3344 3431; x_wconf 82' lang='lat' dir='ltr'><strong>His</strong></span> <span class='ocrx_word' id='word_1_665' title='bbox 3390 3371 3588 3449; x_wconf 86' lang='lat' dir='ltr'><strong>dictis,</strong></span> <span class='ocrx_word' id='word_1_666' title='bbox 3624 3391 3737 3434; x_wconf 91' lang='lat' dir='ltr'><strong>na-</strong></span> 
     </span>
    </p>
   </div>
   <div class='ocr_carea' id='block_1_93' title="bbox 2090 3459 3736 3543">
    <p class='ocr_par' dir='ltr' id='par_1_93' title="bbox 2090 3459 3736 3543">
     <span class='ocr_line' id='line_1_93' title="bbox 2090 3459 3736 3543; baseline 0.003 -23"><span class='ocrx_word' id='word_1_667' title='bbox 2090 3459 2441 3540; x_wconf 83' lang='lat' dir='ltr'><strong>vigationem</strong></span> <span class='ocrx_word' id='word_1_668' title='bbox 2476 3461 2574 3523; x_wconf 88' lang='lat' dir='ltr'><strong>ille</strong></span> <span class='ocrx_word' id='word_1_669' title='bbox 2603 3460 2806 3522; x_wconf 90' lang='lat' dir='ltr'><strong>subiit.</strong></span> <span class='ocrx_word' id='word_1_670' title='bbox 2841 3461 3213 3540; x_wconf 84' lang='lat' dir='ltr'><strong>Agrigentini</strong></span> <span class='ocrx_word' id='word_1_671' title='bbox 3255 3479 3390 3522; x_wconf 88' lang='lat' dir='ltr'><strong>vero</strong></span> <span class='ocrx_word' id='word_1_672' title='bbox 3422 3461 3533 3522; x_wconf 88' lang='lat' dir='ltr'><strong>viri</strong></span> <span class='ocrx_word' id='word_1_673' title='bbox 3565 3463 3736 3543; x_wconf 89' lang='lat' dir='ltr'><strong>prin-</strong></span> 
     </span>
    </p>
   </div>
   <div class='ocr_carea' id='block_1_94' title="bbox 2090 3549 3740 3631">
    <p class='ocr_par' dir='ltr' id='par_1_94' title="bbox 2090 3549 3740 3631">
     <span class='ocr_line' id='line_1_94' title="bbox 2090 3549 3740 3631; baseline 0.001 -19"><span class='ocrx_word' id='word_1_674' title='bbox 2090 3550 2254 3631; x_wconf 87' lang='lat' dir='ltr'><strong>cipes</strong></span> <span class='ocrx_word' id='word_1_675' title='bbox 2277 3568 2396 3612; x_wconf 91' lang='lat' dir='ltr'><strong>una</strong></span> <span class='ocrx_word' id='word_1_676' title='bbox 2426 3567 2560 3612; x_wconf 92' lang='lat' dir='ltr'><strong>cum</strong></span> <span class='ocrx_word' id='word_1_677' title='bbox 2585 3549 2816 3631; x_wconf 89' lang='lat' dir='ltr'><strong>reliqua</strong></span> <span class='ocrx_word' id='word_1_678' title='bbox 2841 3550 3383 3627; x_wconf 86' lang='lat' dir='ltr'><strong>multitudine,cum</strong></span> <span class='ocrx_word' id='word_1_679' title='bbox 3408 3551 3740 3613; x_wconf 88' lang='lat' dir='ltr'><strong>custodiam</strong></span> 
     </span>
    </p>
   </div>
   <div class='ocr_carea' id='block_1_95' title="bbox 2080 3639 3738 3720">
    <p class='ocr_par' dir='ltr' id='par_1_95' title="bbox 2080 3639 3738 3720">
     <span class='ocr_line' id='line_1_95' title="bbox 2080 3639 3738 3720; baseline 0.002 -20"><span class='ocrx_word' id='word_1_680' title='bbox 2080 3657 2318 3701; x_wconf 86' lang='lat' dir='ltr'><strong>summo</strong></span> <span class='ocrx_word' id='word_1_681' title='bbox 2351 3657 2523 3701; x_wconf 87' lang='lat' dir='ltr'><strong>mane</strong></span> <span class='ocrx_word' id='word_1_682' title='bbox 2555 3639 2709 3701; x_wconf 82' lang='lat' dir='ltr'><strong>facto</strong></span> <span class='ocrx_word' id='word_1_683' title='bbox 2741 3639 2980 3719; x_wconf 87' lang='lat' dir='ltr'><strong>agmine</strong></span> <span class='ocrx_word' id='word_1_684' title='bbox 3009 3639 3549 3720; x_wconf 85' lang='lat' dir='ltr'><strong>petiissent,neque</strong></span> <span class='ocrx_word' id='word_1_685' title='bbox 3577 3643 3738 3704; x_wconf 83' lang='lat' dir='ltr'><strong>Gre-</strong></span> 
     </span>
    </p>
   </div>
   <div class='ocr_carea' id='block_1_96' title="bbox 2080 3726 3736 3809">
    <p class='ocr_par' dir='ltr' id='par_1_96' title="bbox 2080 3726 3736 3809">
     <span class='ocr_line' id='line_1_96' title="bbox 2080 3726 3736 3809; baseline 0.002 -20"><span class='ocrx_word' id='word_1_686' title='bbox 2080 3729 2312 3806; x_wconf 85' lang='lat' dir='ltr'><strong>gorium</strong></span> <span class='ocrx_word' id='word_1_687' title='bbox 2343 3727 2758 3809; x_wconf 83' lang='lat' dir='ltr'><strong>reperiissent,</strong></span> <span class='ocrx_word' id='word_1_688' title='bbox 2795 3726 3033 3791; x_wconf 86' lang='lat' dir='ltr'><strong>turbare</strong></span> <span class='ocrx_word' id='word_1_689' title='bbox 3066 3730 3286 3804; x_wconf 88' lang='lat' dir='ltr'><strong>omnia,</strong></span> <span class='ocrx_word' id='word_1_690' title='bbox 3315 3728 3736 3804; x_wconf 85' lang='lat' dir='ltr'><strong>commiscere,</strong></span> 
     </span>
    </p>
   </div>
   <div class='ocr_carea' id='block_1_97' title="bbox 2081 3816 3735 3897">
    <p class='ocr_par' dir='ltr' id='par_1_97' title="bbox 2081 3816 3735 3897">
     <span class='ocr_line' id='line_1_97' title="bbox 2081 3816 3735 3897; baseline 0.001 -19"><span class='ocrx_word' id='word_1_691' title='bbox 2081 3835 2150 3879; x_wconf 91' lang='lat' dir='ltr'><strong>ac</strong></span> <span class='ocrx_word' id='word_1_692' title='bbox 2172 3817 2487 3878; x_wconf 89' lang='lat' dir='ltr'><strong>lamentari</strong></span> <span class='ocrx_word' id='word_1_693' title='bbox 2519 3825 2852 3897; x_wconf 88' lang='lat' dir='ltr'><strong>coeperunt.</strong></span> <span class='ocrx_word' id='word_1_694' title='bbox 2888 3816 3310 3880; x_wconf 81' lang='lat' dir='ltr'><strong>Existimantcs</strong></span> <span class='ocrx_word' id='word_1_695' title='bbox 3332 3825 3530 3879; x_wconf 89' lang='lat' dir='ltr'><strong>autem</strong></span> <span class='ocrx_word' id='word_1_696' title='bbox 3565 3817 3735 3880; x_wconf 92' lang='lat' dir='ltr'><strong>illum</strong></span> 
     </span>
    </p>
   </div>
   <div class='ocr_carea' id='block_1_98' title="bbox 2082 3905 3736 3981">
    <p class='ocr_par' dir='ltr' id='par_1_98' title="bbox 2082 3905 3736 3981">
     <span class='ocr_line' id='line_1_98' title="bbox 2082 3905 3736 3981; baseline 0 -12"><span class='ocrx_word' id='word_1_697' title='bbox 2082 3905 2234 3969; x_wconf 91' lang='lat' dir='ltr'><strong>clam</strong></span> <span class='ocrx_word' id='word_1_698' title='bbox 2283 3905 2358 3967; x_wconf 91' lang='lat' dir='ltr'><strong>de</strong></span> <span class='ocrx_word' id='word_1_699' title='bbox 2409 3905 2606 3967; x_wconf 91' lang='lat' dir='ltr'><strong>medio</strong></span> <span class='ocrx_word' id='word_1_700' title='bbox 2640 3906 2964 3981; x_wconf 89' lang='lat' dir='ltr'><strong>sublatum,</strong></span> <span class='ocrx_word' id='word_1_701' title='bbox 3002 3906 3316 3970; x_wconf 88' lang='lat' dir='ltr'><strong>tumultum</strong></span> <span class='ocrx_word' id='word_1_702' title='bbox 3359 3925 3427 3969; x_wconf 87' lang='lat' dir='ltr'><strong>ac</strong></span> <span class='ocrx_word' id='word_1_703' title='bbox 3484 3907 3736 3970; x_wconf 88' lang='lat' dir='ltr'><strong>seditio-</strong></span> 
     </span>
    </p>
   </div>
   <div class='ocr_carea' id='block_1_99' title="bbox 2086 3995 3735 4076">
    <p class='ocr_par' dir='ltr' id='par_1_99' title="bbox 2086 3995 3735 4076">
     <span class='ocr_line' id='line_1_99' title="bbox 2086 3995 3735 4076; baseline 0.002 -19"><span class='ocrx_word' id='word_1_704' title='bbox 2086 4013 2222 4057; x_wconf 87' lang='lat' dir='ltr'><strong>nem</strong></span> <span class='ocrx_word' id='word_1_705' title='bbox 2247 3999 2453 4057; x_wconf 89' lang='lat' dir='ltr'><strong>contra</strong></span> <span class='ocrx_word' id='word_1_706' title='bbox 2476 3996 2823 4073; x_wconf 85' lang='lat' dir='ltr'><strong>exarchum,</strong></span> <span class='ocrx_word' id='word_1_707' title='bbox 2843 3995 3093 4076; x_wconf 90' lang='lat' dir='ltr'><strong>ejusque</strong></span> <span class='ocrx_word' id='word_1_708' title='bbox 3115 4014 3481 4058; x_wconf 87' lang='lat' dir='ltr'><strong>assessorem</strong></span> <span class='ocrx_word' id='word_1_709' title='bbox 3509 3997 3735 4060; x_wconf 72' lang='lat' dir='ltr'><strong>moles~</strong></span> 
     </span>
    </p>
   </div>
   <div class='ocr_carea' id='block_1_100' title="bbox 2083 4082 3731 4164">
    <p class='ocr_par' dir='ltr' id='par_1_100' title="bbox 2083 4082 3731 4164">
     <span class='ocr_line' id='line_1_100' title="bbox 2083 4082 3731 4164; baseline 0.003 -18"><span class='ocrx_word' id='word_1_710' title='bbox 2083 4083 2370 4146; x_wconf 89' lang='lat' dir='ltr'><strong>tissimam</strong></span> <span class='ocrx_word' id='word_1_711' title='bbox 2391 4083 2751 4145; x_wconf 86' lang='lat' dir='ltr'><strong>excitarunt.</strong></span> <span class='ocrx_word' id='word_1_712' title='bbox 2773 4082 2856 4145; x_wconf 86' lang='lat' dir='ltr'><strong>Ac</strong></span> <span class='ocrx_word' id='word_1_713' title='bbox 2882 4084 3141 4164; x_wconf 89' lang='lat' dir='ltr'><strong>primum</strong></span> <span class='ocrx_word' id='word_1_714' title='bbox 3165 4085 3406 4162; x_wconf 89' lang='lat' dir='ltr'><strong>quidem</strong></span> <span class='ocrx_word' id='word_1_715' title='bbox 3432 4086 3639 4149; x_wconf 89' lang='lat' dir='ltr'><strong>Sabini</strong></span> <span class='ocrx_word' id='word_1_716' title='bbox 3661 4107 3731 4152; x_wconf 86' lang='lat' dir='ltr'><strong>ac</strong></span> 
     </span>
    </p>
   </div>
   <div class='ocr_carea' id='block_1_101' title="bbox 2082 4172 3737 4253">
    <p class='ocr_par' dir='ltr' id='par_1_101' title="bbox 2082 4172 3737 4253">
     <span class='ocr_line' id='line_1_101' title="bbox 2082 4172 3737 4253; baseline 0.001 -16"><span class='ocrx_word' id='word_1_717' title='bbox 2082 4173 2449 4237; x_wconf 86' lang='lat' dir='ltr'><strong>Crescentini</strong></span> <span class='ocrx_word' id='word_1_718' title='bbox 2473 4172 2968 4253; x_wconf 82' lang='lat' dir='ltr'><strong>sycophantarum</strong></span> <span class='ocrx_word' id='word_1_719' title='bbox 3003 4175 3214 4236; x_wconf 91' lang='lat' dir='ltr'><strong>domos</strong></span> <span class='ocrx_word' id='word_1_720' title='bbox 3235 4174 3590 4251; x_wconf 90' lang='lat' dir='ltr'><strong>incendunt;</strong></span> <span class='ocrx_word' id='word_1_721' title='bbox 3622 4177 3737 4240; x_wconf 86' lang='lat' dir='ltr'><strong>de-</strong></span> 
     </span>
    </p>
   </div>
   <div class='ocr_carea' id='block_1_102' title="bbox 2083 4261 3736 4342">
    <p class='ocr_par' dir='ltr' id='par_1_102' title="bbox 2083 4261 3736 4342">
     <span class='ocr_line' id='line_1_102' title="bbox 2083 4261 3736 4342; baseline 0.002 -17"><span class='ocrx_word' id='word_1_722' title='bbox 2083 4263 2226 4325; x_wconf 90' lang='lat' dir='ltr'><strong>inde</strong></span> <span class='ocrx_word' id='word_1_723' title='bbox 2281 4262 2414 4323; x_wconf 76' lang='lat' dir='ltr'><strong>illos</strong></span> <span class='ocrx_word' id='word_1_724' title='bbox 2445 4262 2605 4342; x_wconf 89' lang='lat' dir='ltr'><strong>ipsos</strong></span> <span class='ocrx_word' id='word_1_725' title='bbox 2654 4261 2997 4324; x_wconf 71' lang='lat' dir='ltr'><strong>interficere</strong></span> <span class='ocrx_word' id='word_1_726' title='bbox 3044 4264 3363 4333; x_wconf 85' lang='lat' dir='ltr'><strong>adoritur;</strong></span> <span class='ocrx_word' id='word_1_727' title='bbox 3420 4263 3526 4325; x_wconf 91' lang='lat' dir='ltr'><strong>sed</strong></span> <span class='ocrx_word' id='word_1_728' title='bbox 3575 4266 3613 4326; x_wconf 92' lang='lat' dir='ltr'><strong>ii</strong></span> <span class='ocrx_word' id='word_1_729' title='bbox 3660 4267 3736 4328; x_wconf 89' lang='lat' dir='ltr'><strong>ad</strong></span> 
     </span>
    </p>
   </div>
   <div class='ocr_carea' id='block_1_103' title="bbox 2084 4351 3736 4433">
    <p class='ocr_par' dir='ltr' id='par_1_103' title="bbox 2084 4351 3736 4433">
     <span class='ocr_line' id='line_1_103' title="bbox 2084 4351 3736 4433; baseline 0.001 -18"><span class='ocrx_word' id='word_1_730' title='bbox 2084 4351 2400 4416; x_wconf 81' lang='lat' dir='ltr'><strong>ecclesiam</strong></span> <span class='ocrx_word' id='word_1_731' title='bbox 2435 4354 2573 4430; x_wconf 80' lang='lat' dir='ltr'><strong>fuga</strong></span> <span class='ocrx_word' id='word_1_732' title='bbox 2607 4370 2738 4414; x_wconf 87' lang='lat' dir='ltr'><strong>sese</strong></span> <span class='ocrx_word' id='word_1_733' title='bbox 2768 4353 3127 4432; x_wconf 90' lang='lat' dir='ltr'><strong>recipientes</strong></span> <span class='ocrx_word' id='word_1_734' title='bbox 3170 4352 3503 4433; x_wconf 90' lang='lat' dir='ltr'><strong>periculum</strong></span> <span class='ocrx_word' id='word_1_735' title='bbox 3537 4354 3736 4416; x_wconf 88' lang='lat' dir='ltr'><strong>decli-</strong></span> 
     </span>
    </p>
   </div>
   <div class='ocr_carea' id='block_1_104' title="bbox 2083 4440 3734 4524">
    <p class='ocr_par' dir='ltr' id='par_1_104' title="bbox 2083 4440 3734 4524">
     <span class='ocr_line' id='line_1_104' title="bbox 2083 4440 3734 4524; baseline 0.001 -20"><span class='ocrx_word' id='word_1_736' title='bbox 2083 4451 2322 4505; x_wconf 89' lang='lat' dir='ltr'><strong>narunt.</strong></span> <span class='ocrx_word' id='word_1_737' title='bbox 2371 4440 2592 4504; x_wconf 89' lang='lat' dir='ltr'><strong>Verum</strong></span> <span class='ocrx_word' id='word_1_738' title='bbox 2628 4441 2909 4503; x_wconf 84' lang='lat' dir='ltr'><strong>Chariton</strong></span> <span class='ocrx_word' id='word_1_739' title='bbox 2961 4441 3151 4504; x_wconf 78' lang='lat' dir='ltr'><strong>turbae</strong></span> <span class='ocrx_word' id='word_1_740' title='bbox 3183 4443 3314 4504; x_wconf 92' lang='lat' dir='ltr'><strong>illos</strong></span> <span class='ocrx_word' id='word_1_741' title='bbox 3361 4443 3734 4524; x_wconf 81' lang='lat' dir='ltr'><strong>insequentis</strong></span> 
     </span>
    </p>
   </div>
   <div class='ocr_carea' id='block_1_105' title="bbox 2086 4531 3734 4614">
    <p class='ocr_par' dir='ltr' id='par_1_105' title="bbox 2086 4531 3734 4614">
     <span class='ocr_line' id='line_1_105' title="bbox 2086 4531 3734 4614; baseline 0.001 -19"><span class='ocrx_word' id='word_1_742' title='bbox 2086 4532 2346 4612; x_wconf 83' lang='lat' dir='ltr'><strong>vestigiis</strong></span> <span class='ocrx_word' id='word_1_743' title='bbox 2378 4532 2688 4607; x_wconf 86' lang='lat' dir='ltr'><strong>insistens,</strong></span> <span class='ocrx_word' id='word_1_744' title='bbox 2724 4531 2942 4606; x_wconf 80' lang='lat' dir='ltr'><strong>ell‘ecit,</strong></span> <span class='ocrx_word' id='word_1_745' title='bbox 2978 4551 3054 4594; x_wconf 88' lang='lat' dir='ltr'><strong>ne</strong></span> <span class='ocrx_word' id='word_1_746' title='bbox 3105 4532 3262 4594; x_wconf 85' lang='lat' dir='ltr'><strong>intra</strong></span> <span class='ocrx_word' id='word_1_747' title='bbox 3296 4533 3583 4614; x_wconf 89' lang='lat' dir='ltr'><strong>templum</strong></span> <span class='ocrx_word' id='word_1_748' title='bbox 3628 4535 3734 4614; x_wconf 91' lang='lat' dir='ltr'><strong>ju-</strong></span> 
     </span>
    </p>
   </div>
   <div class='ocr_carea' id='block_1_106' title="bbox 2023 4599 3737 4704">
    <p class='ocr_par' dir='ltr' id='par_1_106' title="bbox 2023 4599 3737 4704">
     <span class='ocr_line' id='line_1_106' title="bbox 2023 4599 3737 4704; baseline 0.002 -20"><span class='ocrx_word' id='word_1_749' title='bbox 2023 4599 2451 4703; x_wconf 41' lang='lat' dir='ltr'><strong>Dgular&#39;entur,</strong></span> <span class='ocrx_word' id='word_1_750' title='bbox 2488 4621 2580 4684; x_wconf 77' lang='lat' dir='ltr'><strong>vix</strong></span> <span class='ocrx_word' id='word_1_751' title='bbox 2613 4622 2746 4683; x_wconf 85' lang='lat' dir='ltr'><strong>illos</strong></span> <span class='ocrx_word' id='word_1_752' title='bbox 2779 4641 2993 4702; x_wconf 84' lang='lat' dir='ltr'><strong>magno</strong></span> <span class='ocrx_word' id='word_1_753' title='bbox 3039 4623 3300 4684; x_wconf 88' lang='lat' dir='ltr'><strong>clamore</strong></span> <span class='ocrx_word' id='word_1_754' title='bbox 3328 4623 3400 4686; x_wconf 86' lang='lat' dir='ltr'><strong>ab</strong></span> <span class='ocrx_word' id='word_1_755' title='bbox 3422 4599 3737 4704; x_wconf 58' lang='lat' dir='ltr'><strong>ejusmodi</strong></span> 
     </span>
    </p>
   </div>
   <div class='ocr_carea' id='block_1_107' title="bbox 2086 4711 3738 4794">
    <p class='ocr_par' dir='ltr' id='par_1_107' title="bbox 2086 4711 3738 4794">
     <span class='ocr_line' id='line_1_107' title="bbox 2086 4711 3738 4794; baseline 0.002 -20"><span class='ocrx_word' id='word_1_756' title='bbox 2086 4713 2363 4794; x_wconf 89' lang='lat' dir='ltr'><strong>petitione</strong></span> <span class='ocrx_word' id='word_1_757' title='bbox 2395 4731 2462 4774; x_wconf 89' lang='lat' dir='ltr'><strong>ac</strong></span> <span class='ocrx_word' id='word_1_758' title='bbox 2498 4711 2722 4774; x_wconf 90' lang='lat' dir='ltr'><strong>insultu</strong></span> <span class='ocrx_word' id='word_1_759' title='bbox 2777 4712 3208 4793; x_wconf 84' lang='lat' dir='ltr'><strong>comprimens.</strong></span> <span class='ocrx_word' id='word_1_760' title='bbox 3242 4715 3444 4794; x_wconf 87' lang='lat' dir='ltr'><strong>Itaque</strong></span> <span class='ocrx_word' id='word_1_761' title='bbox 3495 4715 3738 4778; x_wconf 90' lang='lat' dir='ltr'><strong>seditio-</strong></span> 
     </span>
    </p>
   </div>
   <div class='ocr_carea' id='block_1_108' title="bbox 2084 4801 3737 4882">
    <p class='ocr_par' dir='ltr' id='par_1_108' title="bbox 2084 4801 3737 4882">
     <span class='ocr_line' id='line_1_108' title="bbox 2084 4801 3737 4882; baseline 0.002 -18"><span class='ocrx_word' id='word_1_762' title='bbox 2084 4821 2220 4864; x_wconf 91' lang='lat' dir='ltr'><strong>nem</strong></span> <span class='ocrx_word' id='word_1_763' title='bbox 2249 4801 2542 4882; x_wconf 89' lang='lat' dir='ltr'><strong>ejusmodi</strong></span> <span class='ocrx_word' id='word_1_764' title='bbox 2577 4801 2713 4863; x_wconf 83' lang='lat' dir='ltr'><strong>tinis</strong></span> <span class='ocrx_word' id='word_1_765' title='bbox 2733 4803 2984 4880; x_wconf 84' lang='lat' dir='ltr'><strong>excepit.</strong></span> <span class='ocrx_word' id='word_1_766' title='bbox 3021 4801 3164 4872; x_wconf 86' lang='lat' dir='ltr'><strong>Cum</strong></span> <span class='ocrx_word' id='word_1_767' title='bbox 3203 4821 3339 4865; x_wconf 77' lang='lat' dir='ltr'><strong>vero</strong></span> <span class='ocrx_word' id='word_1_768' title='bbox 3373 4804 3466 4865; x_wconf 80' lang='lat' dir='ltr'><strong>vir</strong></span> <span class='ocrx_word' id='word_1_769' title='bbox 3495 4813 3737 4868; x_wconf 86' lang='lat' dir='ltr'><strong>sanctus</strong></span> 
     </span>
    </p>
   </div>
   <div class='ocr_carea' id='block_1_109' title="bbox 2082 4891 3730 4974">
    <p class='ocr_par' dir='ltr' id='par_1_109' title="bbox 2082 4891 3730 4974">
     <span class='ocr_line' id='line_1_109' title="bbox 2082 4891 3730 4974; baseline 0.002 -20"><span class='ocrx_word' id='word_1_770' title='bbox 2082 4892 2328 4954; x_wconf 85' lang='lat' dir='ltr'><strong>Romam</strong></span> <span class='ocrx_word' id='word_1_771' title='bbox 2385 4891 2777 4971; x_wconf 79' lang='lat' dir='ltr'><strong>pervenisset,</strong></span> <span class='ocrx_word' id='word_1_772' title='bbox 2815 4893 3079 4970; x_wconf 83' lang='lat' dir='ltr'><strong>pontifex</strong></span> <span class='ocrx_word' id='word_1_773' title='bbox 3136 4912 3292 4956; x_wconf 84' lang='lat' dir='ltr'><strong>max.</strong></span> <span class='ocrx_word' id='word_1_774' title='bbox 3350 4896 3610 4974; x_wconf 86' lang='lat' dir='ltr'><strong>acceptis</strong></span> <span class='ocrx_word' id='word_1_775' title='bbox 3657 4895 3730 4957; x_wconf 91' lang='lat' dir='ltr'><strong>ab</strong></span> 
     </span>
    </p>
   </div>
   <div class='ocr_carea' id='block_1_110' title="bbox 2084 4981 3731 5062">
    <p class='ocr_par' dir='ltr' id='par_1_110' title="bbox 2084 4981 3731 5062">
     <span class='ocr_line' id='line_1_110' title="bbox 2084 4981 3731 5062; baseline 0.002 -18"><span class='ocrx_word' id='word_1_776' title='bbox 2084 4983 2340 5045; x_wconf 84' lang='lat' dir='ltr'><strong>exarcho</strong></span> <span class='ocrx_word' id='word_1_777' title='bbox 2372 4982 2610 5057; x_wconf 84' lang='lat' dir='ltr'><strong>litteris,</strong></span> <span class='ocrx_word' id='word_1_778' title='bbox 2642 4981 2837 5062; x_wconf 87' lang='lat' dir='ltr'><strong>iisque</strong></span> <span class='ocrx_word' id='word_1_779' title='bbox 2875 5001 3009 5059; x_wconf 64' lang='lat' dir='ltr'><strong>qua;</strong></span> <span class='ocrx_word' id='word_1_780' title='bbox 3041 4981 3116 5043; x_wconf 89' lang='lat' dir='ltr'><strong>ab</strong></span> <span class='ocrx_word' id='word_1_781' title='bbox 3142 4983 3271 5062; x_wconf 89' lang='lat' dir='ltr'><strong>ipso</strong></span> <span class='ocrx_word' id='word_1_782' title='bbox 3315 4983 3731 5047; x_wconf 88' lang='lat' dir='ltr'><strong>scribebantur</strong></span> 
     </span>
    </p>
   </div>
   <div class='ocr_carea' id='block_1_111' title="bbox 2085 5065 3726 5155">
    <p class='ocr_par' dir='ltr' id='par_1_111' title="bbox 2085 5065 3726 5155">
     <span class='ocr_line' id='line_1_111' title="bbox 2085 5065 3726 5155; baseline 0.002 -21"><span class='ocrx_word' id='word_1_783' title='bbox 2085 5065 2359 5149; x_wconf 72' lang='lat' dir='ltr'><strong>cegnitis,</strong></span> <span class='ocrx_word' id='word_1_784' title='bbox 2387 5072 2780 5136; x_wconf 83' lang='lat' dir='ltr'><strong>admiratione</strong></span> <span class='ocrx_word' id='word_1_785' title='bbox 2811 5093 2876 5135; x_wconf 91' lang='lat' dir='ltr'><strong>ac</strong></span> <span class='ocrx_word' id='word_1_786' title='bbox 2909 5075 2998 5136; x_wconf 89' lang='lat' dir='ltr'><strong>ira</strong></span> <span class='ocrx_word' id='word_1_787' title='bbox 3033 5075 3265 5155; x_wconf 90' lang='lat' dir='ltr'><strong>plenus,</strong></span> <span class='ocrx_word' id='word_1_788' title='bbox 3300 5094 3419 5137; x_wconf 91' lang='lat' dir='ltr'><strong>non</strong></span> <span class='ocrx_word' id='word_1_789' title='bbox 3463 5084 3554 5138; x_wconf 88' lang='lat' dir='ltr'><strong>est</strong></span> <span class='ocrx_word' id='word_1_790' title='bbox 3584 5095 3726 5154; x_wconf 88' lang='lat' dir='ltr'><strong>pas-</strong></span> 
     </span>
    </p>
   </div>
   <div class='ocr_carea' id='block_1_112' title="bbox 2082 5163 3726 5245">
    <p class='ocr_par' dir='ltr' id='par_1_112' title="bbox 2082 5163 3726 5245">
     <span class='ocr_line' id='line_1_112' title="bbox 2082 5163 3726 5245; baseline 0.002 -22"><span class='ocrx_word' id='word_1_791' title='bbox 2082 5180 2185 5224; x_wconf 88' lang='lat' dir='ltr'><strong>sus</strong></span> <span class='ocrx_word' id='word_1_792' title='bbox 2215 5163 2410 5223; x_wconf 84' lang='lat' dir='ltr'><strong>virum</strong></span> <span class='ocrx_word' id='word_1_793' title='bbox 2460 5171 2729 5225; x_wconf 87' lang='lat' dir='ltr'><strong>sanctum</strong></span> <span class='ocrx_word' id='word_1_794' title='bbox 2767 5163 3051 5244; x_wconf 89' lang='lat' dir='ltr'><strong>suiipsius</strong></span> <span class='ocrx_word' id='word_1_795' title='bbox 3079 5164 3247 5226; x_wconf 87' lang='lat' dir='ltr'><strong>adire</strong></span> <span class='ocrx_word' id='word_1_796' title='bbox 3298 5166 3673 5245; x_wconf 72' lang='lat' dir='ltr'><strong>praesentiam</strong></span> <span class='ocrx_word' id='word_1_797' title='bbox 3710 5187 3726 5243; x_wconf 93' lang='lat'><strong>;</strong></span> 
     </span>
    </p>
   </div>
   <div class='ocr_carea' id='block_1_113' title="bbox 2079 5252 3723 5335">
    <p class='ocr_par' dir='ltr' id='par_1_113' title="bbox 2079 5252 3723 5335">
     <span class='ocr_line' id='line_1_113' title="bbox 2079 5252 3723 5335; baseline 0.002 -21"><span class='ocrx_word' id='word_1_798' title='bbox 2079 5252 2225 5333; x_wconf 90' lang='lat' dir='ltr'><strong>quin</strong></span> <span class='ocrx_word' id='word_1_799' title='bbox 2258 5253 2434 5314; x_wconf 87' lang='lat' dir='ltr'><strong>etiam</strong></span> <span class='ocrx_word' id='word_1_800' title='bbox 2470 5253 2692 5315; x_wconf 88' lang='lat' dir='ltr'><strong>indicta</strong></span> <span class='ocrx_word' id='word_1_801' title='bbox 2715 5272 2891 5314; x_wconf 89' lang='lat' dir='ltr'><strong>causa</strong></span> <span class='ocrx_word' id='word_1_802' title='bbox 2911 5262 3162 5316; x_wconf 85' lang='lat' dir='ltr'><strong>tractum</strong></span> <span class='ocrx_word' id='word_1_803' title='bbox 3187 5255 3351 5317; x_wconf 89' lang='lat' dir='ltr'><strong>illum</strong></span> <span class='ocrx_word' id='word_1_804' title='bbox 3378 5264 3553 5335; x_wconf 89' lang='lat' dir='ltr'><strong>atque</strong></span> <span class='ocrx_word' id='word_1_805' title='bbox 3574 5275 3723 5318; x_wconf 91' lang='lat' dir='ltr'><strong>con-</strong></span> 
     </span>
    </p>
   </div>
   <div class='ocr_carea' id='block_1_114' title="bbox 2079 5343 3725 5427">
    <p class='ocr_par' dir='ltr' id='par_1_114' title="bbox 2079 5343 3725 5427">
     <span class='ocr_line' id='line_1_114' title="bbox 2079 5343 3725 5427; baseline 0.004 -23"><span class='ocrx_word' id='word_1_806' title='bbox 2079 5343 2397 5404; x_wconf 92' lang='lat' dir='ltr'><strong>tumeliose</strong></span> <span class='ocrx_word' id='word_1_807' title='bbox 2428 5344 2695 5418; x_wconf 90' lang='lat' dir='ltr'><strong>illusum,</strong></span> <span class='ocrx_word' id='word_1_808' title='bbox 2726 5343 2998 5406; x_wconf 82' lang='lat' dir='ltr'><strong>manibus</strong></span> <span class='ocrx_word' id='word_1_809' title='bbox 3031 5354 3319 5424; x_wconf 70' lang='lat' dir='ltr'><strong>prmterea</strong></span> <span class='ocrx_word' id='word_1_810' title='bbox 3355 5345 3725 5427; x_wconf 88' lang='lat' dir='ltr'><strong>pedibusque</strong></span> 
     </span>
    </p>
   </div>
   <div class='ocr_carea' id='block_1_115' title="bbox 2075 5435 3721 5514">
    <p class='ocr_par' dir='ltr' id='par_1_115' title="bbox 2075 5435 3721 5514">
     <span class='ocr_line' id='line_1_115' title="bbox 2075 5435 3721 5514; baseline 0.002 -21"><span class='ocrx_word' id='word_1_811' title='bbox 2075 5439 2284 5494; x_wconf 88' lang='lat' dir='ltr'><strong>catena</strong></span> <span class='ocrx_word' id='word_1_812' title='bbox 2330 5435 2620 5513; x_wconf 86' lang='lat' dir='ltr'><strong>vinctum,</strong></span> <span class='ocrx_word' id='word_1_813' title='bbox 2653 5435 2711 5494; x_wconf 90' lang='lat' dir='ltr'><strong>in</strong></span> <span class='ocrx_word' id='word_1_814' title='bbox 2771 5449 3075 5496; x_wconf 87' lang='lat' dir='ltr'><strong>carcerem</strong></span> <span class='ocrx_word' id='word_1_815' title='bbox 3109 5435 3552 5514; x_wconf 87' lang='lat' dir='ltr'><strong>conjiciendum</strong></span> <span class='ocrx_word' id='word_1_816' title='bbox 3599 5437 3721 5496; x_wconf 85' lang='lat' dir='ltr'><strong>im-</strong></span> 
     </span>
    </p>
   </div>
   <div class='ocr_carea' id='block_1_116' title="bbox 330 5516 3720 5604">
    <p class='ocr_par' dir='ltr' id='par_1_116' title="bbox 330 5516 3720 5604">
     <span class='ocr_line' id='line_1_116' title="bbox 330 5516 3720 5604; baseline 0.001 -22"><span class='ocrx_word' id='word_1_817' title='bbox 330 5526 556 5601; x_wconf 79' lang='lat' dir='ltr'><strong>perarit.</strong></span> <span class='ocrx_word' id='word_1_818' title='bbox 617 5521 934 5590; x_wconf 78' lang='lat' dir='ltr'><strong>Caeterum</strong></span> <span class='ocrx_word' id='word_1_819' title='bbox 997 5516 1094 5578; x_wconf 90' lang='lat' dir='ltr'><strong>ille</strong></span> <span class='ocrx_word' id='word_1_820' title='bbox 1143 5518 1404 5582; x_wconf 88' lang='lat' dir='ltr'><strong>ludibrio</strong></span> <span class='ocrx_word' id='word_1_821' title='bbox 1439 5527 1555 5581; x_wconf 88' lang='lat' dir='ltr'><strong>tam</strong></span> <span class='ocrx_word' id='word_1_822' title='bbox 1610 5519 1864 5600; x_wconf 82' lang='lat' dir='ltr'><strong>turpiter</strong></span> <span class='ocrx_word' id='word_1_823' title='bbox 1910 5519 2168 5598; x_wconf 88' lang='lat' dir='ltr'><strong>habitus,</strong></span> <span class='ocrx_word' id='word_1_824' title='bbox 2204 5523 2260 5584; x_wconf 89' lang='lat' dir='ltr'><strong>in</strong></span> <span class='ocrx_word' id='word_1_825' title='bbox 2295 5541 2723 5604; x_wconf 88' lang='lat' dir='ltr'><strong>carceremque</strong></span> <span class='ocrx_word' id='word_1_826' title='bbox 2765 5542 2833 5586; x_wconf 89' lang='lat' dir='ltr'><strong>ac</strong></span> <span class='ocrx_word' id='word_1_827' title='bbox 2887 5524 3138 5587; x_wconf 86' lang='lat' dir='ltr'><strong>vinculis</strong></span> <span class='ocrx_word' id='word_1_828' title='bbox 3197 5524 3586 5604; x_wconf 88' lang='lat' dir='ltr'><strong>mancipatus,</strong></span> <span class='ocrx_word' id='word_1_829' title='bbox 3625 5525 3720 5585; x_wconf 89' lang='lat' dir='ltr'><strong>ni-</strong></span> 
     </span>
    </p>
   </div>
   <div class='ocr_carea' id='block_1_117' title="bbox 317 5607 3716 5694">
    <p class='ocr_par' dir='ltr' id='par_1_117' title="bbox 317 5607 3716 5694">
     <span class='ocr_line' id='line_1_117' title="bbox 317 5607 3716 5694; baseline -0.001 -18"><span class='ocrx_word' id='word_1_830' title='bbox 317 5612 632 5680; x_wconf 83' lang='lat' dir='ltr'><strong>hilominus</strong></span> <span class='ocrx_word' id='word_1_831' title='bbox 694 5607 1096 5675; x_wconf 88' lang='lat' dir='ltr'><strong>omnibusin</strong></span> <span class='ocrx_word' id='word_1_832' title='bbox 1148 5609 1329 5671; x_wconf 84' lang='lat' dir='ltr'><strong>rebus</strong></span> <span class='ocrx_word' id='word_1_833' title='bbox 1375 5609 1467 5671; x_wconf 93' lang='lat' dir='ltr'><strong>sui</strong></span> <span class='ocrx_word' id='word_1_834' title='bbox 1525 5610 1740 5672; x_wconf 88' lang='lat' dir='ltr'><strong>similis</strong></span> <span class='ocrx_word' id='word_1_835' title='bbox 1798 5629 1931 5674; x_wconf 88' lang='lat' dir='ltr'><strong>esse</strong></span> <span class='ocrx_word' id='word_1_836' title='bbox 1985 5615 2267 5692; x_wconf 85' lang='lat' dir='ltr'><strong>perrexit,</strong></span> <span class='ocrx_word' id='word_1_837' title='bbox 2303 5624 2479 5694; x_wconf 80' lang='lat' dir='ltr'><strong>atque</strong></span> <span class='ocrx_word' id='word_1_838' title='bbox 2522 5615 2884 5676; x_wconf 86' lang='lat' dir='ltr'><strong>contumelia</strong></span> <span class='ocrx_word' id='word_1_839' title='bbox 2917 5613 2977 5676; x_wconf 90' lang='lat' dir='ltr'><strong>in</strong></span> <span class='ocrx_word' id='word_1_840' title='bbox 3031 5634 3302 5693; x_wconf 89' lang='lat' dir='ltr'><strong>magnam</strong></span> <span class='ocrx_word' id='word_1_841' title='bbox 3353 5613 3716 5694; x_wconf 86' lang='lat' dir='ltr'><strong>agendarum</strong></span> 
     </span>
    </p>
   </div>
   <div class='ocr_carea' id='block_1_118' title="bbox 299 5695 3713 5800">
    <p class='ocr_par' dir='ltr' id='par_1_118' title="bbox 299 5695 3713 5800">
     <span class='ocr_line' id='line_1_118' title="bbox 299 5695 3713 5800; baseline -0.004 -21"><span class='ocrx_word' id='word_1_842' title='bbox 299 5710 416 5779; x_wconf 83' lang='lat' dir='ltr'><strong>Deo</strong></span> <span class='ocrx_word' id='word_1_843' title='bbox 458 5710 814 5800; x_wconf 81' lang='lat' dir='ltr'><strong>gratiarum</strong></span> <span class='ocrx_word' id='word_1_844' title='bbox 851 5695 1242 5763; x_wconf 87' lang='lat' dir='ltr'><strong>occasionem</strong></span> <span class='ocrx_word' id='word_1_845' title='bbox 1300 5717 1442 5765; x_wconf 84' lang='lat' dir='ltr'><strong>usus</strong></span> <span class='ocrx_word' id='word_1_846' title='bbox 1473 5707 1584 5764; x_wconf 90' lang='lat' dir='ltr'><strong>est.</strong></span> <span class='ocrx_word' id='word_1_847' title='bbox 1623 5699 1698 5767; x_wconf 93' lang='lat' dir='ltr'><strong>Ut</strong></span> <span class='ocrx_word' id='word_1_848' title='bbox 1749 5721 1886 5771; x_wconf 88' lang='lat' dir='ltr'><strong>vero</strong></span> <span class='ocrx_word' id='word_1_849' title='bbox 1945 5704 2396 5785; x_wconf 85' lang='lat' dir='ltr'><strong>consolationis,</strong></span> <span class='ocrx_word' id='word_1_850' title='bbox 2428 5714 2511 5774; x_wconf 88' lang='lat' dir='ltr'><strong>tot</strong></span> <span class='ocrx_word' id='word_1_851' title='bbox 2560 5705 2990 5790; x_wconf 82' lang='lat' dir='ltr'><strong>circumseptus</strong></span> <span class='ocrx_word' id='word_1_852' title='bbox 3033 5705 3341 5788; x_wconf 84' lang='lat' dir='ltr'><strong>molestiis,</strong></span> <span class='ocrx_word' id='word_1_853' title='bbox 3381 5703 3564 5784; x_wconf 82' lang='lat' dir='ltr'><strong>magis</strong></span> <span class='ocrx_word' id='word_1_854' title='bbox 3605 5721 3713 5766; x_wconf 84' lang='lat' dir='ltr'><strong>ex-</strong></span> 
     </span>
    </p>
   </div>
  </div>
