4136 6418
474 395 594 467 24⁸7

1777 397 2058 463 MENSIS
2099 395 2541 463 NOVEMBER.

3733 391 3855 461 248

477 551 618 621 pers
646 543 828 621 esset,
860 556 937 601 ne
983 535 1351 601 Platonicum
1405 535 1646 618 quidem
1697 534 2013 597 diaconum
2064 534 2125 594 in
2178 530 2451 595 custodia
2500 548 2635 595 cum
2685 529 2817 614 ipso
2868 548 3002 595 esse
3053 529 3500 614 permiserunt:
3554 531 3661 595 sed
3709 530 3850 596 alibi

478 628 738 707 quodam
772 629 834 691 in
865 628 994 691 loco
1026 630 1320 711 captivum
1346 628 1516 689 illum
1552 626 1851 689 detinent.

559 718 761 783 XLIV.
813 721 1048 782 Interea
1076 719 1216 780 dum
1268 719 1358 779 vir
1405 716 1610 779 beatus
1661 715 1895 777 vincula
1948 721 2121 795 pate-

2288 711 2433 774 MA'.
2501 721 2603 773 Τοῦ
2648 715 2907 794 μακαρίου
2943 714 3115 771 τοίνυν
3173 714 3227 771 ἐν
3267 716 3336 790 τῇ
3384 713 3591 792 φυλακῇ
3633 712 3863 795 διακαρ-

479 818 667 882 retur,
708 808 1135 891 precibusque,
1192 813 1260 869 ut
1313 806 1397 867 illi
1456 806 1638 866 moris
1709 811 1856 878 erat,
1910 802 2128 864 mediis

480 898 757 961 noctibus
816 896 1148 977 invigilans,
1183 894 1531 970 excubaret,
1561 894 1659 955 lux
1717 911 1856 955 eum
1917 894 2128 970 ingens

482 986 915 1051 circumfulsit:
968 995 1027 1048 et
1053 1004 1193 1047 ecce
1241 984 1320 1045 ibi
1355 984 1468 1046 viri
1517 984 1658 1058 duo,
1693 983 1884 1044 forma
1926 983 2127 1043 cultu-

483 1097 597 1159 que
628 1076 893 1157 corporis
915 1075 1216 1156 apostolos
1236 1074 1590 1154 referentes,
1618 1073 1924 1146 assistunt,
1951 1089 2127 1133 eum-

482 1182 599 1248 ‘que
645 1164 738 1227 his
771 1164 976 1226 verbis
1028 1164 1334 1227 alfantur:
1384 1163 1555 1225 Salve
1607 1161 1826 1224 Christi
1884 1161 2127 1238 famule,

479 1254 774 1336 nobisque
818 1254 1032 1316 dilecte
1062 1252 1359 1333 Gregori;
1412 1252 1704 1313 Dominus
1763 1251 1990 1313 idcirco
2023 1268 2131 1311 nos

480 1344 735 1418 misit,ut
759 1351 816 1405 te
838 1342 1345 1423 vinculis,quibus
1366 1342 1585 1421 injuste
1607 1341 1867 1421 illigatus
1894 1358 1982 1420 es,
2006 1339 2131 1401 sol-

478 1452 779 1508 veremus,
813 1451 882 1495 ac
938 1450 1047 1493 nos
1079 1432 1323 1513 quidem
1370 1431 1445 1492 ob
1479 1433 1870 1492 constantiam
1921 1448 1988 1491 ac
2020 1448 2130 1509 pa-

478 1523 747 1586 tientiam
780 1531 938 1585 tuam
973 1523 1114 1597 huc,
1151 1535 1208 1583 te
1235 1529 1302 1583 ut
1346 1522 1541 1583 laetum
1578 1519 1993 1594 redderemus,
2028 1537 2129 1579 ac-

483 1612 1056 1692 cessimus.0portet
1085 1610 1245 1672 enim
1271 1618 1329 1672 et
1360 1612 1513 1673 hanc
1545 1609 1754 1671 urbem
1792 1608 1997 1669 multis
2028 1608 2134 1668 abs

482 1713 547 1764 te
604 1702 791 1781 signis
820 1702 994 1763 editis
1044 1700 1183 1761 frui.
1215 1699 1352 1762 Haec
1403 1700 1583 1762 simul
1634 1717 1701 1760 ac
1733 1698 1916 1760 locuti
1969 1705 2129 1770 sunt,

481 1792 719 1854 vincula
751 1792 1091 1870 tetigerunt,
1128 1808 1259 1871 quae
1287 1789 1361 1851 ab
1391 1791 1522 1869 ejus
1555 1789 1827 1850 manibus
1856 1787 2134 1869 pedibus-

484 1899 601 1962 que
637 1888 889 1962 repente
919 1879 1267 1942 ceciderunt
1302 1901 1319 1951 ;
1376 1897 1512 1941 mox
1549 1877 1898 1957 Gregorium
1930 1894 2133 1938 assur-

483 1978 745 2050 gentem,
783 1977 1283 2050 tremeutemque,
1320 1986 1554 2030 necnon
1609 1968 1823 2046 gratias
1859 1973 2133 2045 agentem

2209 810 2505 882 τεροῦντος,
2567 804 2653 860 καὶ
2710 810 2778 880 τῇ
2836 806 3000 883 εὐχῇ,
3040 807 3113 867 ὡς
3173 803 3313 883 ἔθος,
3364 803 3860 883 ἐπαγρυπνοῦντος,

2212 897 2329 971 περὶ
2374 892 2539 967 μέσας
2571 894 2762 954 νύκτας
2818 892 3016 972 apes»
3075 900 3188 971 φῶς
3246 914 3304 949 τε
3336 894 3476 971 μέγα
3528 893 3864 971 περιλάμπει

2212 985 2393 1056 αὐτὸν,
2429 984 2516 1038 καὶ
2569 981 2677 1039 ἰδοὺ
2720 982 2810 1039 δύο
2866 982 3047 1063 ἄνδρες
3105 984 3160 1039 ἐν
3215 985 3465 1063 σχήματι
3522 983 3869 1056 ἀποστολικῷ

2213 1072 2545 1146 ἐπιστάντες,
2636 1073 2888 1151 Χαίροις,
2976 1078 3119 1148 αὖτῷ
3200 1072 3453 1151 λέγουσι,
3540 1072 3690 1131 δοῦλε
3776 1083 3869 1132 τοῦ

2215 1169 2444 1241 Χριστοῦ
2516 1165 2613 1218 καὶ
2673 1163 2810 1237 ἡμῖν
2885 1161 3205 1239 ἠγαπημένε
3265 1164 3545 1241 Γρηγόριε,
3593 1164 3622 1218 ὁ
3677 1164 3867 1240 Κύριος

2213 1249 2546 1306 ἀπέσταλκεν
2604 1252 2749 1324 ἡμας
2807 1251 2963 1307 λῦσαί
3013 1272 3072 1307 σε
3121 1257 3228 1307 τῶν
3285 1250 3495 1325 δεσμῶν
3524 1252 3614 1314 οἷς
3671 1250 3868 1314 ἀδίκους

2214 1337 2498 1415 ἐνδέδεσαι,
2557 1340 2653 1396 καὶ
2693 1342 2861 1414 ἡμεῖς
2906 1339 2961 1396 δὲ
3033 1338 3430 1421 ἀπόδεχόμενοί
3471 1362 3530 1397 σε
3590 1347 3691 1408 τῆς
3739 1363 3867 1420 καρο

2213 1430 2389 1506 τερίας
2462 1430 2550 1485 καὶ
2621 1433 2721 1495 τῆς
2793 1429 3066 1505 ὑπομονῆς
3139 1433 3410 1509 πάρεσμεν
3473 1437 3870 1510 συνευφραιθηο

2214 1519 2432 1593 σόμενοί
2500 1538 2610 1580 σοι.
2660 1528 2758 1575 Δεῖ
2799 1517 2855 1574 δὲ
2899 1521 2987 1575 καὶ
3032 1519 3130 1587 τὴν
3189 1518 3347 1575 πόλιν
3390 1521 3589 1587 ταύτην
3652 1520 3872 1578 πολλῶν

2217 1610 2319 1665 τῶν
2389 1609 2491 1665 ὑπὸ
2557 1614 2650 1664 σοῦ
2708 1607 3180 1683 τελεσθησομένων
3246 1608 3547 1668 ἀπολαῦσαι
3603 1611 3872 1685 σημείων.

2217 1706 2393 1756 Ταῦτα
2423 1696 2635 1775 ἔλεγον,
2665 1698 2757 1753 καὶ
2809 1698 2921 1772 ἅμα
2982 1704 3086 1753 τῶν
3147 1694 3357 1772 δεσμῶν
3408 1698 3668 1764 ἥπτοντο.
3702 1700 3767 1757 Οἱ
3824 1697 3876 1754 δὲ

2219 1787 2366 1851 εὒθὺς
2416 1792 2523 1841 τῶν
2579 1807 2637 1842 τε
2696 1788 2897 1866 χειρῶν
2958 1787 3123 1846 αὺτοῦ
3193 1790 3281 1844 καὶ
3337 1784 3515 1844 ποδῶν
3573 1788 3876 1867 ἐξέπιπτον,

2219 1877 2304 1931 καὶ
2375 1875 2680 1932 ἀναστάντα
2751 1874 2914 1931 πάλιν
2987 1878 3078 1933 τὸν
3146 1880 3437 1956 Γρηγόριον
3509 1878 3880 1952 ἀσπασάμενοι

2219 1966 2482 2040 τρέμοντά
2592 1988 2649 2022 τε
2736 1966 2825 2022 καὶ
2908 1967 3073 2044 χάριν
3171 1966 3538 2044 ὁμολογοῦντα
3626 1968 3880 2032 ἀπιόντες

484 2057 806 2139 complexi,
852 2058 1143 2120 abeuntes
1195 2076 1265 2119 ex
1322 2057 1510 2119 oculis
1552 2059 1683 2136 ejus
1730 2056 1918 2136 elapsi
1969 2062 2129 2116 sunt.

2217 2055 2455 2133 ᾤχοντο,
2517 2055 2641 2110 εἶτα
2700 2055 2795 2111 καὶ
2854 2054 2939 2112 ἐπὶ
2996 2058 3087 2112 τὸν
3146 2056 3486 2114 Πλατωνικὸν
3534 2057 3877 2137 ὰιρικόμενοι,

482 2149 714 2211 Deinde
743 2148 815 2211 ad
867 2147 1231 2210 Platonicum
1265 2148 1644 2217 accedentes,
1679 2163 1747 2207 ac
1780 2148 1972 2225 ipsum
2005 2144 2128 2205 sol-

480 2246 711 2312 ventes,
747 2256 818 2301 eo
868 2238 971 2299 ubi
1001 2238 1323 2316 Gregorius
1385 2245 1532 2311 erat,
1569 2234 1972 2306 deduxerunt,
2010 2232 2127 2294 ibi-

485 2346 602 2408 que
649 2326 820 2388 illum
851 2328 1171 2407 reliquere.
1226 2325 1338 2399 Qui
1391 2345 1510 2388 non
1568 2325 1762 2398 aliter,
1798 2342 1865 2385 ac
1917 2322 1967 2383 si
2002 2322 2129 2384 haec

470 2418 615 2495 ‘ipsa
648 2435 754 2497 per
780 2418 1040 2498 quietem
1072 2418 1341 2490 vidisset,
1375 2424 1689 2496 postquam
1726 2414 1797 2476 ad
1832 2431 1896 2475 se
1925 2411 2126 2480 rediit,

485 2506 837 2587 Gregorium
865 2506 1539 2583 intuitus,admiratione
1560 2522 1628 2566 ac
1651 2503 1865 2584 gaudio
1882 2502 2133 2563 allectus

487 2603 598 2670 est,
625 2613 880 2677 moxque
908 2596 969 2657 in
1003 2595 1249 2675 agendis
1279 2595 1401 2658 Deo
1442 2594 1646 2674 gratiis
1672 2602 1829 2654 totus
1861 2600 1954 2653 est
1982 2609 2130 2652 con-

485 2684 1016 2749 versus.Praeterea
1039 2686 1149 2748 hac
1179 2686 1307 2766 ipsa
1333 2685 1482 2746 hora
1506 2683 1666 2745 aliud
1691 2680 1959 2761 contigit.
1986 2678 2132 2741 Nam

488 2781 686 2837 custos
748 2775 1006 2838 carceris
1062 2775 1252 2837 ﬁlium
1297 2774 1527 2854 jamdiu
1591 2773 1826 2853 impuro
1878 2770 2135 2831 amatum

488 2864 699 2944 spiritu
730 2863 960 2936 habuit,
994 2882 1170 2946 quem
1207 2864 1501 2926 columnae
1530 2861 1846 2942 illigatum,
1887 2877 2072 2940 prope
2103 2877 2137 2919 a

488 2957 611 3015 suis
633 2952 862 3014 aedibus
886 2952 1417 3016 observabat.Tum
1442 2971 1580 3014 vero
1604 2953 1985 3029 daemon,quo
2010 2949 2138 3010 erat

462 3049 821 3121 correptus,
850 3042 1051 3105 fractis
1075 3042 1328 3105 vinculis
1357 3042 1982 3123 puerumimpotenter
2012 3038 2137 3098 im-

489 3129 719 3211 pellens
734 3130 840 3192 viri
856 3131 1041 3194 sancti
1057 3131 1690 3212 pedibusillicit.atque
1706 3130 1870 3191 illum
1890 3147 1921 3189 a
1937 3128 2135 3209 preci-

491 3218 599 3280 bus
629 3219 1371 3301 exturbavit,clamansque
1402 3237 1469 3281 ac
1500 3237 1566 3281 se
1597 3220 1884 3290 volutans,
1920 3234 1993 3278 ex
2028 3234 2133 3277 ore

488 3326 758 3387 spumam
784 3307 1016 3388 agebat.
1042 3309 1146 3370 Ille
1162 3326 1303 3372 vero
1335 3327 1410 3369 ne
1427 3309 1515 3370 sic
1541 3307 1783 3387 quidem
1809 3308 1883 3368 ab
1904 3306 2131 3367 orando

487 3414 751 3478 cessans,
784 3397 926 3478 quin
958 3399 1154 3477 potius
1184 3397 1389 3459 oculos
1419 3415 1487 3458 ac
1523 3408 1786 3458 mentem
1821 3397 1877 3457 in
1912 3396 2128 3457 coelum

489 3486 729 3560 tollens,
751 3487 881 3567 ejus
902 3486 1001 3568 qui
1022 3486 1338 3567 spirituum
1366 3486 1660 3563 legionem
1693 3484 2008 3565 proﬂigare
2037 3501 2137 3563 po-

487 3574 622 3650 tuit,
658 3577 937 3638 auxilium
985 3576 1364 3656 implorabat.
1428 3574 1660 3637 Deinde
1719 3592 1894 3635 manu
1953 3589 2137 3651 super

488 3681 645 3742 egre
690 3664 961 3726 affectum
993 3663 1290 3744 imposita,
1326 3669 1411 3724 uti
1462 3679 1714 3743 nequam
1747 3679 1984 3723 servum
2021 3659 2135 3722 Do-

488 3753 690 3839 minus
715 3754 794 3834 10,
816 3753 1148 3815 daemonem
1175 3752 1490 3831 profugere
1517 3753 1730 3831 coegit.
1758 3753 1954 3831 Atque
1979 3751 2137 3812 hunc

487 3842 729 3922 quidem
764 3849 824 3903 in
851 3842 1009 3904 bunc
1042 3842 1281 3902 modum
1317 3859 1351 3904 a
1382 3841 1652 3903 daemone
1679 3841 1977 3902 liberavit.

565 3928 735 3994 XLV.
770 3934 849 3994 At
878 3949 1015 3993 vero
1038 3937 1240 3993 custos
1265 3931 1524 3993 carceris
1554 3949 1689 3992 cum
1716 3948 1926 3991 somno
1969 3930 2133 3990 solu-

487 4026 581 4081 tus
629 4019 1007 4094 surrexisset,
1041 4039 1235 4100 neque
1265 4020 1453 4082 filium
1502 4020 1795 4082 columnae
1839 4018 2127 4097 illigatum

485 4106 754 4184 vidisset,
790 4110 1139 4173 existimans
1171 4111 1329 4172 hunc
1362 4130 1395 4172 a
1438 4110 1765 4172 saevissimo
1798 4110 2008 4190 Spiritu
2042 4109 2131 4171 la-

486 4198 722 4278 pidibus
751 4199 1009 4280 allisum,
1043 4208 1141 4260 aut
1172 4202 1338 4281 aquis
1370 4200 1754 4281 praefocatum
1795 4216 1949 4272 esse,
1986 4200 2130 4259 ﬂere

484 4289 856 4351 amarissime
908 4289 1109 4370 coepit,
1165 4290 1499 4370 faciemque
1546 4290 1906 4369 percutiens,
1957 4287 2127 4349 illum

484 4378 575 4441 uti
590 4385 889 4440 mortuum
911 4377 1377 4440 lamentabatur:
1406 4396 1709 4440 carcerem
1726 4386 1917 4438 autem
1943 4395 2125 4439 accu-

484 4472 670 4530 ratius
718 4467 1105 4547 perlustrans,
1140 4485 1211 4529 ac
1259 4470 1386 4545 ejus
1416 4477 1619 4547 patere
1665 4468 1897 4546 januas,
1931 4466 2125 4528 lucem

485 4564 775 4638 praeterea
826 4556 1017 4635 ipsam
1075 4574 1355 4637 cernens,
1388 4557 1630 4637 capillos
1684 4566 1806 4617 tum
1837 4558 2125 4630 lacerare,

488 4664 642 4722 eque
661 4646 856 4724 capite
877 4645 1243 4727 convellere,
1272 4647 1479 4708 faciem
1507 4647 1645 4708 item
1681 4647 1981 4726 plangere,
2012 4664 2127 4725 pu-

2215 2143 2466 2209 λύσαντές
2524 2166 2580 2200 τε
2611 2145 2885 2218 κάκεῖνον,
2918 2147 3008 2201 καὶ
3067 2145 3261 2224 μέχρις
3320 2147 3381 2200 οὗ
3436 2147 3504 2227 ἦν
3547 2148 3876 2227 Γρηγόριος,

2214 2232 2601 2313 ὁδηγήσαντες,
2654 2237 2742 2290 καὶ
2787 2236 2944 2291 αὐτὸν
2992 2234 3388 2309 ἀπελίμπανον.
3453 2226 3510 2293 Ὀ
3570 2234 3627 2291 δὲ
3682 2238 3763 2299 ὼς
3824 2236 3877 2292 ἐν

2211 2321 2357 2394 ὕπνῳ
2413 2330 2578 2379 ταῦτα
2648 2325 2809 2402 ὁρῶν,
2868 2321 3155 2402 ἐπειδήπερ
3224 2323 3275 2379 ἐν
3348 2322 3532 2382 ἑαῦτοῦ
3592 2325 3857 2403 ἐγεγόνει,

2212 2413 2302 2467 καὶ
2357 2414 2449 2467 τὸν
2494 2413 2785 2490 Γρηγόριον
2818 2412 3069 2469 ἐθεάσατο
3117 2412 3423 2482 ἐκπλήξεώς
3475 2435 3534 2472 τε
3585 2415 3674 2471 καὶ
3750 2437 3863 2494 χα-

2216 2507 2309 2578 ρᾶς
2356 2499 2673 2577 ἐπληροῦτο,
2737 2503 2822 2557 καί
2870 2504 2998 2580 πρὸς
3056 2502 3155 2569 τὴν
3211 2504 3285 2566 εἰς
3338 2504 3467 2559 Θεὸν
3518 2503 3863 2583 εὐχαριστίαν

2219 2589 2489 2667 ἐτρέπετο.
2558 2592 2693 2668 Πρὸς
2734 2591 2938 2656 τούτοις
2996 2589 3051 2646 δὲ
3099 2592 3187 2648 καὶ
3235 2591 3412 2667 ἕτερόν
3439 2615 3490 2649 τι
3545 2594 3668 2651 κατ’
3700 2596 3862 2661 αὐτὴν

2219 2679 2458 2735 ἐτελεῖτο
2511 2680 2609 2747 τὴν
2653 2680 2817 2757 ὥραν
2862 2682 2890 2736 ὁ
2945 2682 3046 2758 γὰρ
3075 2678 3141 2748 δὴ
3198 2679 3532 2761 δεσμοφύλας
3583 2686 3714 2763 εἶχε
3768 2684 3863 2759 μὶν

2219 2771 2327 2829 υἱὸν
2360 2773 2576 2847 πονῆρῴ
2606 2772 2865 2844 πνεύματι
2911 2771 3150 2849 κάτοχον
3209 2772 3434 2850 χρόνους
3477 2771 3582 2839 ἤδη
3612 2775 3861 2854 συχνοὺς,

2221 2860 2278 2914 ὃν
2332 2859 2418 2914 καὶ
2462 2860 2595 2915 κίονι
2655 2858 2944 2933 περιδήσας
2987 2863 3091 2937 πρὸ
3135 2862 3237 2927 τῆς
3283 2861 3450 2924 οἰκίας
3510 2861 3702 2939 ἐτήρη,
3750 2864 3864 2920 τότε

2222 2946 2276 3003 δὲ
2312 2948 2369 3003 τὲ
2426 2947 2594 3024 δεσμὰ
2625 2948 2906 3027 διαρρήξας
2960 2952 2987 3004 ὀ
3018 2947 3223 3025 δαίμων
3280 2952 3370 3006 καὶ
3403 2952 3649 3029 ἀκρατῶς
3707 2952 3863 3010 ἐλαύ-

2222 3060 2327 3093 νων
2368 3039 2460 3094 τὸν
2514 3037 2682 3094 παῖδα
2727 3041 2829 3117 πρὸ
2885 3046 2993 3095 τῶν
3034 3038 3209 3096 ποδῶν
3250 3038 3512 3097 κατέϐαλε
3554 3049 3649 3099 τοῦ
3692 3043 3855 3121 ἁγίου,

2217 3128 2276 3191 ὃς
2334 3132 2475 3201 αὐτῷ
2537 3130 2625 3184 καὶ
2685 3128 2785 3195 τὴν
2840 3129 3008 3209 εὐχὴν
3066 3128 3399 3211 διετάραττε,
3457 3132 3601 3207 βοῶν
3660 3153 3718 3187 τε
3772 3133 3853 3187 καὶ

2216 3216 2529 3298 κυλιόμενος
2613 3219 2700 3273 καὶ
2782 3218 2946 3297 ἀφρὸν
3027 3226 3118 3276 τοῦ
3168 3221 3432 3295 στόματος
3520 3221 3843 3298 παραπτόων.

2220 3297 2278 3362 Ὀ
2327 3304 2381 3361 δὲ
2421 3304 2558 3380 μηδὲ
2590 3306 2729 3363 οὕτω
2779 3313 2880 3374 τῆς
2934 3312 3109 3388 εὐχῆς
3153 3309 3415 3390 ἀποστὰς,
3452 3297 3660 3389 ἄραςγδὶ
3707 3306 3841 3384 μᾶλ-

2222 3399 2311 3451 λον
2369 3397 2442 3458 εἷς
2471 3397 2689 3472 οὐρανὸν
2743 3395 3003 3473 καίὅμμα
3035 3400 3127 3455 καί
3181 3402 3325 3479 νοῦν,
3371 3401 3458 3456 καὶ
3504 3402 3595 3456 τὸν
3637 3398 3847 3475 δυνάμε-

2220 3506 2310 3541 νον
2386 3483 2624 3563 λεγεῶνα
2679 3488 2995 3560 πνευμάτων
3066 3489 3316 3564 ἐπιτιμᾷν
3384 3489 3849 3564 ἐπικαλετάμενος,

2220 3575 2344 3629 εἶτα
2412 3577 2500 3631 καὶ
2557 3588 2722 3654 χεῖρα
2781 3579 2857 3649 τῷ
2922 3578 3181 3658 πάσχοντι
3224 3579 3414 3661 ἐπιθίς,
3476 3581 3711 3658 πονηρὸν
3765 3582 3853 3635 οἷα

2220 3661 2404 3720 δοῦλον
2453 3664 2716 3731 δεσπότης
2764 3664 3030 3745 δραπέτην
3059 3670 3153 3724 τδτ
3202 3666 3423 3744 δαίμονα
3474 3669 3850 3748 ἀπειργάσατο,

2218 3755 2311 3810 καὶ
2337 3754 2522 3810 τοῦτον
2553 3755 2652 3830 μὲν
2681 3754 2845 3819 οὕτως
2877 3767 2969 3815 τοῦ
2998 3755 3244 3834 δαίμονος
3275 3757 3631 3822 ἀπαλλάττει,
3834 3776 3841 3783 ’

2296 3932 2435 3993 ΜΕ¹.
2483 3933 2545 3991 Ὀ
2596 3932 2649 3989 δὲ
2699 3932 3028 4014 δεσμοφύλαξ
3077 3945 3168 3995 τοῦ
3222 3936 3388 3999 ὕπνου
3446 3933 3732 4000 διαναστὰς
3785 3940 3852 4000 ὡς

2218 4022 2305 4078 τὸν
2360 4024 2468 4079 υἱὸν
2530 4023 2623 4080 οὒκ
2664 4022 2778 4079 εἶδε
2839 4022 3220 4101 προδεδεμένον
3288 4033 3368 4100 τῷ
3422 4028 3586 4099 κίονι,
3637 4028 3855 4103 νομίσας

2216 4114 2352 4168 κατὰ
2422 4115 2628 4190 πετρῶν
2671 4113 2704 4180 ἢ
2750 4111 2865 4169 καθ’
2909 4112 3096 4178 ὕδατος
3166 4116 3269 4171 ὕπὸ
3310 4123 3405 4173 τοῦ
3474 4127 3705 4191 μανικοῦ
3746 4116 3857 4173 δαί-

2212 4222 2375 4275 μονος
2444 4201 2752 4281 ἀπερρίφθαι
2821 4201 3031 4276 τοῦτον,
3084 4203 3373 4262 ἂνὲκλαυσέ
3444 4226 3502 4261 τε
3576 4205 3701 4262 λίαν
3768 4226 3860 4262 πι-

2209 4291 2359 4367 κρὸν,
2406 4295 2494 4345 καὶ
2562 4292 2624 4346 τὸ
2667 4290 2951 4368 πρόσωπον
3023 4293 3193 4366 τύψας
3264 4295 3337 4360 ὡς
3409 4292 3513 4362 ἤδη
3574 4293 3869 4361 τεθνηκότα

2210 4380 2436 4457 ἐθρήνει,
2498 4376 2958 4456 περιϐλεψάμενος
3017 4380 3072 4438 δὲ
3130 4386 3218 4438 καὶ
3286 4384 3386 4451 τὴν
3442 4382 3689 4463 φυλακὴν
3748 4380 3866 4439 ἰδὼν

2209 4469 2293 4523 ότι
2347 4488 2405 4523 τε
2453 4468 2671 4535 κᾶκείνη
2732 4471 2826 4533 τὰς
2885 4471 3041 4547 θύρας
3101 4471 3365 4552 ἠνὲῳκτο,
3398 4475 3485 4530 καὶ
3539 4478 3648 4551 φῶς
3705 4473 3865 4539 αὐτὴν

2212 4558 2583 4636 περιηόγαζεν,
2644 4556 2897 4636 ’Ἤρξατο
2952 4560 3152 4617 τίλλειν
3199 4563 3294 4624 τὰς
3343 4564 3533 4641 τρίχας
3608 4568 3710 4629 τῆς
3768 4582 3859 4616 κε-

2211 4646 2409 4725 φαλῆς,
2470 4649 2557 4702 καὶ
2627 4649 2689 4703 τὸ
2754 4649 3038 4725 πρόσωπον
3101 4652 3244 4715 αὖθις
3304 4653 3540 4726 τύπτειν,
3609 4651 3862 4732 ἐκπεφευ·

487 4741 619 4796 tans
640 4740 829 4796 virum
863 4742 1128 4795 sanctum
1163 4736 1516 4816 profugisse.
1544 4735 1757 4797 Postea
1780 4752 1916 4795 vero
1949 4752 2123 4815 quam

2216 4736 2357 4809 γέναι
2408 4735 2558 4802 δόξας
2617 4739 2704 4793 τὸν
2755 4737 2931 4816 ἅγιον.
2993 4740 3089 4803 Ὠς
3136 4740 3190 4797 δὲ
3250 4741 3555 4817 παρέκυψεν
3613 4740 3749 4798 εἴσω
3784 4759 3851 4795 κα

484 4823 863 4905 introspexit,
886 4842 953 4885 ac
986 4824 1153 4885 illum
1190 4824 1337 4887 inibi
1369 4845 1489 4888 una
1517 4844 1654 4887 cum
1686 4826 1989 4888 Platonico
2020 4841 2125 4885 ca-

484 4921 729 4975 nentem
778 4913 1108 4975 consistere
1152 4933 1270 4976 non
1303 4916 1521 4991 solum,
1567 4916 1668 4977 sed
1700 4916 1876 4975 etiam
1937 4913 2125 4974 ﬁlium

484 5003 615 5082 ejus
644 5002 865 5064 decoro
895 5020 965 5063 ac
1006 5003 1283 5083 prudenti
1310 5012 1552 5085 aspectu
1589 5022 1775 5084 prope
1818 5004 1981 5065 illum
2016 5021 2123 5082 po-

484 5092 666 5154 situm
719 5091 892 5163 vidit,
924 5091 1055 5172 ejus
1081 5093 1349 5155 animum
1400 5103 1605 5174 stupor
1633 5094 1865 5168 invasit,
1899 5110 1965 5155 ac
2019 5109 2125 5154 ve-

483 5198 617 5244 rum
676 5182 1042 5263 conjectans,
1094 5182 1281 5243 virum
1326 5185 1553 5263 justum
1600 5184 1948 5245 admiranda
2001 5183 2129 5244 haec

482 5269 770 5340 edidisse.
802 5286 1148 5345 accurrens,
1183 5272 1312 5352 ejus
1346 5273 1598 5353 pedibus
1632 5274 1996 5356 provolutus,
2033 5272 2130 5334 ei-

481 5359 618 5420 dem
653 5367 929 5440 tanquam
959 5359 1036 5421 de
1064 5378 1129 5422 se
1159 5361 1383 5442 optime
1416 5363 1627 5424 merito
1668 5369 1881 5444 partim
1913 5363 2129 5440 gratias

476 5447 705 5527 agebat,
734 5449 949 5529 partim
972 5450 1206 5517 veniam
1239 5470 1343 5532 pro
1373 5451 1448 5515 iis
1470 5471 1602 5533 quae
1630 5452 2130 5533 gesserat,impo-

474 5537 603 5599 sitis
654 5537 741 5601 illi
771 5537 1025 5602 vinculis
1080 5539 1436 5618 postulabat.
1468 5541 1698 5605 Exinde
1748 5544 1937 5606 multo
1991 5558 2125 5605 cum

559 5713 618 5765 l0
642 5715 823 5779 Marc.
855 5733 910 5794 ν,
934 5713 973 5776 2
1001 5734 1171 5800 seqq.

2210 4823 2320 4881 εἶδε
2380 4833 2564 4883 τοῦτον
2620 4828 2825 4883 ἑστῶτα
2898 4831 2987 4885 καὶ
3043 4829 3256 4910 ᾅδοντα,
3315 4832 3403 4887 καὶ
3462 4832 3555 4887 τόν
3621 4830 3853 4888 Πλατω-

2216 4916 2355 4972 νικὸν
2427 4916 2519 4972 σὺν
2590 4918 2756 4991 αὐτῷ,
2802 4919 2862 4975 οὗ
2904 4919 3012 4993 μὴν
3072 4920 3211 4977 ἀλλὰ
3272 4922 3360 4977 καὶ
3404 4921 3493 4977 τὸν
3550 4923 3661 4977 υἱὸν
3718 4921 3854 4988 αὗτῷ

2208 5007 2597 5085 καθεστηκότα,
2632 5009 2719 5064 καὶ
2761 5010 2820 5062 tv
2851 5014 3032 5083 σεμνῷ
3071 5011 3158 5065 καὶ
3215 5012 3446 5090 σώφρονι
3492 5012 3569 5084 τῷ
3610 5010 3854 5090 σχήματι

2211 5118 2317 5173 παρ
2359 5096 2644 5170 στάμενον,
2696 5095 2931 5172 θάμϐους
2986 5097 3317 5173 ἐμπίπλαται
3375 5101 3477 5168 τὴν
3532 5100 3741 5179 ψυχὴν,
3773 5092 3858 5151 καὶ

2208 5187 2270 5243 τὸ
2328 5185 2524 5253 ἀληθὲς
2582 5185 2796 5251 εἰκάσας
2853 5190 3251 5265 θαυματουργὸν
3315 5190 3457 5247 εἶναι
3514 5191 3606 5246 τὸν
3662 5188 3859 5244 δίκαιον

2211 5274 2425 5352 δραμὼν
2483 5281 2803 5352 προσπίπτει
2850 5290 2968 5340 τοῖς
3012 5279 3199 5336 τούτου
3240 5281 3391 5359 ποσὶ,
3442 5288 3595 5339 τοῦτο
3649 5277 3745 5353 μὲν
3775 5273 3856 5354 ἐφ’

2212 5367 2301 5431 οἷς
2347 5366 2621 5422 ἐπεπὸνθει
2682 5366 3037 5446 εὔχαριστῶν,
3072 5374 3226 5424 τοῦτο
3276 5366 3329 5423 δὲ
3403 5367 3487 5448 ἐφ’
3546 5371 3629 5433 οἷς
3676 5364 3854 5442 ἔδρασε

2211 5454 2379 5530 δεσμὰ
2457 5457 2681 5532 περιθεὶς
2750 5456 3073 5534 συγγνώμην
3145 5458 3325 5531 αἰτῶν,
3374 5460 3463 5516 καὶ
3535 5455 3587 5522 ἐξ
3657 5454 3852 5511 ἐκείνου

2211 5543 2358 5626 φόϐῳ
2385 5566 2443 5603 τε
2470 5545 2674 5620 πωλλῷ
2702 5547 2793 5603 τὸν
2822 5546 2976 5626 ἅγιον
3030 5544 3287 5625 διηκόνει,
3315 5550 3404 5605 καὶ
3461 5547 3618 5605 παντὶ
3671 5545 3848 5623 τρὺπῳ
