4136 6420
466 365 574 447 251

1774 378 2060 445 MENSIS
2098 375 2543 446 NOVEMBER.

3722 366 3852 442 252

467 539 532 594 ut
558 529 852 601 delatores
883 535 1044 620 ipsos
1065 557 1196 601 cum
1223 535 1516 599 mandatis
1538 521 2102 604 remitteret,simul-

2205 520 2518 599 ιατηγὸρους
2574 513 2965 596 συναγαγόντα,
3028 513 3116 572 καὶ
3175 513 3274 583 την
3331 509 3628 594 λεγομένην
3691 535 3842 592 συμ-

468 648 584 708 que
635 619 969 698 mulierem.
1035 632 1206 711 cujus
1261 630 1450 710 stupri
1509 619 1986 690 insimulabatur,
2036 633 2104 676 ac

470 738 605 782 eum
625 741 800 802 quem
816 722 873 783 in
889 723 1017 801 ejus
1039 722 1233 782 locum
1253 720 1621 783 sacerdotem
1649 711 2098 802 substituerent.

469 797 702 872 necnon
725 797 1098 874 mandatores
1119 830 1328 872 omnes
1355 808 1694 889 Byzantium
1720 797 2106 864 deducendos

469 911 705 963 curaret
722 920 910 981 eaque
926 900 1430 978 quemadmodum
1465 916 1595 960 sese
1627 894 1947 966 habebant,
1975 905 2106 968 quas

469 1002 675 1053 contra
719 1011 1015 1072 quemque
1063 990 1316 1052 dicenda
1379 995 1599 1055 essent,
1666 981 2104 1065 praescriberet.

469 1079 604 1141 Haec
626 1100 760 1142 cum
788 1081 1049 1159 pontifex
1075 1080 1582 1156 manutiliajurta
1606 1096 1673 1138 ac
1706 1080 2110 1135 consentanea

467 1170 666 1230 omnia
698 1170 1049 1242 censuisset,
1085 1171 1221 1231 hinc
1255 1170 1450 1233 mittit.
1481 1177 1599 1228 tum
1635 1165 1735 1246 qui
1758 1163 2053 1224 delatores
2075 1179 2108 1222 e

465 1258 669 1319 Sicilia
727 1259 1044 1338 profectos.
1103 1259 1174 1319 ad
1237 1259 1624 1337 qumstionem
1685 1274 1754 1316 ac
1810 1253 2106 1332 judicium

465 1347 852 1415 abducerent.
889 1358 1008 1410 tum
1056 1349 1154 1428 qui
1187 1349 1412 1410 litteras
1463 1345 1817 1423 patriarchas
1876 1343 2110 1424 ipsique

466 1439 591 1515 regi
649 1439 1190 1517 Constantinopolis
1247 1439 1551 1500 afferrent.
1614 1435 1681 1496 Hi
1742 1441 1936 1494 autem
1990 1433 2109 1494 duo

469 1536 637 1590 erant
667 1529 958 1604 episcopi,
993 1529 1094 1598 qui
1130 1537 1300 1588 antea
1349 1526 1572 1606 synodo
1607 1526 1781 1585 etiam
1815 1523 2108 1584 interfue-

465 1627 620 1680 rant.
655 1618 841 1679 Porro
873 1637 974 1679 rex
1009 1619 1272 1689 itemque
1325 1616 1680 1692 patriarcha,
1741 1613 2002 1676 accentis
2045 1630 2112 1672 ac

470 1709 748 1782 perlectis
763 1709 1054 1787 ejusmodi
1083 1707 1537 1784 litteris,falsum
1563 1713 1620 1766 et
1645 1705 1885 1764 omnino
1911 1702 2109 1763 incre-

469 1796 651 1859 dibile
674 1799 924 1868 crimen,
952 1799 1120 1874 cujus
1151 1795 1471 1874 Gregorius
1497 1795 1873 1856 insimulatus
1899 1793 2109 1871 fuerat,

2188 615 2445 692 φθαρῆναι
2501 621 2753 687 γδναϊκα,
2815 607 2873 664 οὗ
2931 605 3042 681 μὴν
3096 603 3233 662 ἀλλὰ
3292 607 3380 662 καὶ
3435 605 3493 662 ὃν
3538 602 3652 662 ἀντ’
3681 607 3849 663 αὖτοῦ

2189 699 2572 778 προϐάλλονται
2631 697 2793 776 ἱερέα,
2855 697 3043 760 αὖτοὺς
3097 717 3153 751 τε
3212 697 3415 759 πάντας
3473 695 3527 759 ἐς
3573 696 3672 762 τὴν
3730 696 3846 752 Βύ-

2187 798 2372 862 ζαντος
2431 789 2688 865 πέμπειν,
2746 788 2834 844 καὶ
2890 786 2952 842 τᾶ
3011 783 3131 842 κατ’
3182 785 3368 848 αὐτοὺς
3419 784 3598 862 ὥσπερ
3650 784 3848 865 ἔχουσι

2187 880 2323 937 κατὰ
2379 877 2537 954 μέρος
2594 877 2833 956 γράφειν,
2892 875 2964 932 "A
3021 873 3086 941 δὴ
3141 876 3226 931 καὶ
3283 873 3614 954 συμφέροντα
3656 877 3847 951 κρίνας

2189 971 2216 1024 6
2272 969 2516 1035 πάπποις,
2571 967 2715 1022 ’ἐνθεν
2772 965 2871 1040 μὲν
2930 963 3137 1020 στέλλει
3195 964 3315 1027 τοὺς
3379 964 3484 1019 ἀπὸ
3558 962 3844 1038 Σικελίας,

2187 1058 2307 1122 τοὺς
2365 1054 2694 1133 κατηγόρους
2753 1051 3074 1132 ἀπάξοντας,
3137 1051 3339 1109 ἐκεῖθεν
3399 1050 3454 1107 δὲ
3505 1052 3621 1118 τοὺς
3670 1053 3854 1131 γράμ-

2191 1169 2334 1217 ματα
2386 1148 2513 1222 πρὸς
2594 1146 2685 1200 τὸν
2741 1143 2996 1222 ἀρχιερέα
3061 1140 3672 1206 Κωνσταντινουπὸλεως
3751 1142 3854 1198 καὶ

2192 1238 2348 1295 αὐτὸν
2406 1233 2626 1312 βασιλέα
2683 1234 3024 1307 ναμίσοντας.
3085 1231 3239 1290 Οὗτοι
3299 1231 3353 1286 δέ
3406 1231 3502 1308 ἄρα
3552 1231 3688 1299 ἦσαν
3734 1237 3854 1288 τῶν

2193 1326 2498 1383 ἐπισκόπων
2560 1327 2606 1380 οἱ
2667 1322 2776 1396 δύο,
2836 1322 3040 1385 οἵτινες
3097 1321 3468 1397 καὶπρότερον
3499 1324 3555 1376 ἐν
3614 1321 3682 1388 τῇ
3711 1342 3853 1377 συν-

2193 1414 2298 1490 όδῳ
2327 1414 2750 1492 παραγεγονότες
2812 1413 3082 1492 ὑπῆρχον.
3140 1400 3198 1468 Ὀ
3261 1408 3314 1467 δέ
3369 1409 3617 1486 βασιλεὺς
3675 1411 3764 1466 καὶ
3823 1412 3856 1466 6

2198 1510 2561 1584 πατριάρχης,
2633 1504 2698 1558 τὰ
2769 1508 2987 1558 τοιαῦτα
3057 1497 3329 1574 δεξάμενοι
3396 1499 3687 1576 γράμματα
3757 1500 3858 1556 καὶ

2196 1597 2533 1672 ἀναγνόντες,
2600 1593 2794 1649 ἅπίστα
2853 1591 3027 1647 πάντα
3082 1591 3148 1646 τὰ
3209 1588 3342 1646 κατά
3401 1590 3492 1644 τὸν
3554 1590 3860 1666 Γρηγόριον

2194 1686 2492 1762 ἡγήσαντο.
2555 1684 2754 1756 ’Ὁμως
2813 1683 2839 1736 6
2902 1681 2999 1754 μὲν
3051 1677 3299 1754 βασιλεὺς
3357 1676 3564 1734 στέλλει
3597 1679 3712 1733 tuc‘z
3739 1684 3859 1734 τῶν

2195 1775 2504 1831 οἰκιοτάτων
2565 1773 2852 1846 σπαθάριον
2923 1770 3223 1847 Μαρκιανὸν
3290 1767 3427 1824 οὕτω
3494 1766 3853 1841 καλούμενον,

463 1888 900 1964 judicaverunt.
949 1855 1236 1960 Quocirca
1272 1855 1382 1946 rex
1434 1884 1754 1959 quemdam
1815 1881 1888 1942 ab
1948 1855 2110 1959 regio

2205 1862 2400 1920 ττέλλει
2460 1861 2513 1917 δὲ
2570 1869 2752 1917 τοῦτον
2800 1860 3004 1932 σύναμα
3054 1870 3170 1921 τοῖς
3219 1857 3565 1919 ἐπισκόποις.
3625 1855 3859 1913 Στέλλει

2205 1953 2239 1964 ιι
2376 1953 2388 1964 ι
2456 1954 2468 1964 ι
2714 1951 2724 1964 ι
2968 1948 2980 1964 \
3181 1943 3224 1964 ἰ
3329 1945 3342 1964 1
3555 1947 3568 1964 ο
3614 1943 3637 1964 δ
3841 1947 3858 1964 ι

469 1978 927 2039 armamentario
989 1995 1241 2055 persano
1299 1975 1682 2042 familiarem,
1749 1972 2109 2032 Marcianum

469 2068 735 2140 nomine,
773 2087 888 2128 una
917 2087 1050 2127 cum
1089 2065 1386 2144 episcopis
1418 2069 1669 2124 Romam
1709 2061 1962 2122 remisit.
1999 2059 2112 2121 Pa-

471 2157 733 2219 triarcha
763 2158 968 2218 itidem
1005 2157 1268 2234 Ancyra».
1317 2154 1503 2233 Cyzici
1553 2173 1621 2213 ac
1649 2151 1913 2213 Corinthi
1955 2167 2110 2223 prae-

472 2247 653 2324 sules,
691 2246 908 2318 quibus
939 2247 1190 2307 accessit
1222 2245 1670 2320 Constantinus,
1703 2259 1877 2317 quem
1929 2240 2113 2318 pleri-

474 2354 588 2415 que
619 2354 651 2396 a
681 2335 899 2398 libellis
930 2334 1331 2410 appellabant,
1366 2335 1540 2410 cujus
1573 2331 1794 2392 mentio
1839 2327 2115 2403 superius

474 2434 563 2488 est
592 2426 764 2503 facta,
798 2425 972 2485 simul
1007 2424 1362 2485 de<tinavit:
1417 2421 1791 2484 mandantes.
1851 2428 1917 2478 ut
1948 2417 2008 2478 hi
2041 2415 2113 2476 ad

472 2515 647 2576 latam
681 2533 867 2594 usque
893 2514 1268 2579 sententiam.
1301 2511 1813 2591 quzestionemque
1838 2505 2114 2588 persolu-

474 2613 613 2667 tam.
647 2603 1004 2677 Gregorium
1026 2621 1228 2663 secum
1257 2601 1570 2662 haberent.

553 2692 760 2756 XLVI.
819 2691 864 2755 li
899 2711 1030 2754 cum
1063 2693 1312 2755 Romam
1347 2690 1654 2758 adiissent,
1690 2686 1929 2762 contigit
1959 2689 2116 2748 Mar-

473 2782 705 2842 cianum
736 2781 1082 2859 gravissimo
1119 2780 1326 2842 morbo
1357 2777 1648 2848 amictari,
1716 2776 1792 2837 ita
1837 2783 1898 2835 ut
1948 2791 2115 2853 spem

475 2869 551 2931 de
583 2870 740 2931 illius
764 2871 877 2930 vita
907 2869 1124 2931 medici
1163 2887 1399 2930 omnem
1459 2869 1891 2930 destituerem:
1948 2863 2118 2938 cujus

475 2959 564 3022 rei
595 2977 774 3022 causa
805 2959 1016 3038 ingens
1063 2959 1374 3040 episcopos
1405 2957 1578 3019 dolor
1629 2957 1947 3016 invaserat.
1990 2951 2117 3014 Mox

473 3067 606 3111 cum
641 3069 878 3111 omnem
911 3068 1112 3111 curam
1146 3049 1258 3110 fata
1303 3048 1628 3125 vincerent,
1665 3053 2120 3122 extremumque

474 3136 745 3218 spiritum
779 3139 1111 3211 anhelaret,
1145 3157 1212 3199 ac
1244 3138 1370 3198 sole
1402 3137 1473 3198 ad
1499 3153 1780 3196 occasum
1812 3140 2116 3210 vergente,

2194 1953 2249 2008 δὲ
2307 1953 2393 2008 καὶ
2450 1954 2477 2008 6
2540 1951 2876 2028 ποτριάρχης
2934 1948 3023 2003 τὸν
3069 1967 3126 2002 τε
3181 1943 3441 2024 Ἀγκύρας
3476 1943 3727 2024 πρὸεδρον
3756 1947 3861 2001 καὶ

2198 2043 2418 2113 Κνζίκου
2475 2041 2560 2096 καὶ
2617 2042 2708 2096 τὸν
2768 2038 3038 2115 Κορίνθο),
3111 2037 3190 2091 ναὶ
3249 2036 3354 2105 μὴν
3414 2035 3501 2091 καὶ
3557 2045 3860 2092 Κωνσταν-

2197 2147 2367 2205 τ’ῐνον,
2427 2133 2484 2187 ὃν
2545 2127 2926 2210 χαρτοφύλακα
2982 2139 3102 2190 τοῖς
3165 2123 3386 2187 πολλοῖς
3446 2125 3666 2192 σύνηθες
3720 2125 3861 2180 dvo-

2199 2224 2403 2296 μάζειν,
2467 2222 2582 2297 περὶ
2641 2229 2700 2277 οὗ
2759 2219 2842 2273 καὶ
2915 2216 3171 2293 πρότερον
3245 2217 3273 2270 6
3342 2213 3502 2290 λόγος
3574 2214 3853 2289 ἐμνήσθη,

2201 2312 2576 2385 ἐντειλάμενοι,
2615 2310 2816 2365 τούτοις
2847 2306 2980 2379 μευὰ
3040 2305 3099 2359 τὸ
3158 2302 3321 2380 πέρας
3380 2308 3479 2370 τῆς
3521 2304 3862 2383 ὒποθέσεως,

2199 2403 2288 2458 τὸν
2320 2399 2608 2478 Γρηγόριον
2640 2393 2756 2473 μεθ’
2800 2395 2998 2450 ἑαυτῶν
3028 2393 3275 2470 ἀγαγεῖν.

2287 2667 2705 2727 Καταλαόόντων
2753 2663 2804 2719 δὲ
2849 2664 2947 2729 τὴν
3001 2652 3237 2736 Ῥώμην,
3300 2657 3492 2726 συνέϐη
3548 2661 3638 2716 τὸν
3700 2667 3865 2738 Μαρ-

2199 2759 2384 2815 κιανὸν
2444 2757 2583 2828 νόσῳ
2651 2753 2919 2830 βαρυτάτῃ
2989 2762 3324 2828 περιπεσεῖν,
3399 2750 3488 2806 καὶ
3558 2751 3682 2814 τοὺς
3757 2750 3866 2825 μὲν

2200 2847 2408 2924 ἰατροὺς
2467 2845 2742 2918 ἀπειπεῖν,
2802 2840 2943 2916 λύπῃ
3001 2841 3056 2896 δὲ
3107 2839 3208 2916 ὅσῃ
3262 2840 3386 2904 τοὺς
3435 2839 3763 2903 ἐπισκόπους
3795 2841 3866 2897 τὸ

2202 2943 2421 3014 πρᾶγμα
2485 2932 2817 3008 περιϐαλεῖν,
2879 2930 3020 2996 Ἤδη
3080 2927 3134 2984 δὲ
3191 2931 3257 2986 τὰ
3317 2930 3523 3008 ἔσχατα
3574 2928 3860 3004 πνέοντος,

2199 3027 2296 3084 καῖ
2352 3032 2444 3083 τοῦ
2503 3023 2652 3092 ἡλίου
2700 3023 2817 3097 περὶ
2864 3020 3066 3095 δυσμὰς
3114 3017 3289 3098 ὄντος,
3338 3018 3586 3074 κάκείνου
3617 3017 3859 3093 μέλλον-

2201 3138 2289 3179 τος
2321 3113 2604 3185 ἐκλείπειν,
2652 3116 2687 3183 ἦ
2747 3113 2848 3188 πρὸ
2907 3108 3140 3188 βραχέος
3200 3111 3634 3183 μνημονευθετσα
3691 3109 3856 3183 γυνὴ,

479 3196 604 3306 ipse
634 3227 829 3290 lucem
861 3229 1015 3289 hanc
1045 3228 1367 3289 relicturus
1396 3226 1717 3294 videretur,
1768 3240 1839 3284 ea
1883 3220 2114 3283 mulier.

2205 3210 2267 3273 ἦς
2301 3203 2472 3274 δήπου
2502 3203 2677 3258 καὶτὸ
2727 3201 3002 3278 θλγάτριον
3060 3197 3294 3278 ἔναγχος
3354 3198 3492 3269 νόσῳ
3542 3196 3855 3274 περισχεθὲν

477 3317 644 3395 cujus
673 3317 852 3378 filiam
887 3317 1094 3378 morbo
1122 3324 1456 3391 correptam
1512 3312 1780 3390 Gregorii
1840 3309 2122 3388 precibus

477 3407 846 3468 curationem
904 3423 1095 3483 nuper
1147 3403 1451 3484 accepisse
1509 3402 1792 3473 diximus,
1854 3399 1987 3460 il'ac
2020 3397 2123 3458 ubi

479 3491 811 3554 Marcianus
842 3493 901 3553 in
935 3492 1086 3553 lecto
1118 3490 1534 3570 decumbebat,
1584 3488 1952 3567 praeteriens,
1989 3505 2123 3548 ser-

476 3597 686 3642 vorum
721 3581 1120 3661 plangentium
1154 3599 1222 3642 ac
1252 3579 1701 3642 lamentantium
1752 3576 2008 3638 ﬂebilem
2056 3593 2124 3637 ac

479 3670 806 3732 luctuosam
839 3689 1044 3732 vocem
1090 3670 1311 3731 audivit
1342 3691 1353 3730 :
1390 3670 1562 3747 cujus
1591 3684 1826 3728 causam
1865 3683 2123 3745 percon-

487 3759 892 3837 tata,gratiam
909 3777 1025 3821 non
1057 3759 1290 3838 celavit,
1315 3757 1418 3820 sed
1447 3757 1635 3835 palam
1665 3753 2123 3816 beneﬁcentiam

478 3849 732 3928 evulgat,
768 3858 827 3910 et
855 3867 984 3929 quas
1015 3849 1144 3928 ipsa
1172 3847 1544 3910 admirabilia
1603 3845 1662 3906 in
1702 3844 1822 3906 tilia
1851 3845 1929 3906 sit
1957 3859 2126 3904 asse-

477 3948 636 4011 cuta,
672 3937 789 3999 illis
818 3937 1150 4016 annuntiat,
1187 3935 1626 4015 servatorisque
1669 3953 1885 4013 praeco,
1940 3939 2002 3994 et
2035 3930 2125 3992 rei

477 4034 656 4104 gestae
687 4027 853 4087 testis
881 4027 1168 4089 classicus
1195 4026 1597 4088 constituitur.
1631 4023 1733 4085 Eia
1791 4025 1972 4099 agite,
2026 4021 2123 4081 in—

477 4115 629 4195 quit,
662 4115 934 4189 ﬁlii,ﬂetu
960 4135 1262 4194 represso,
1288 4114 1433 4175 mihi
1454 4111 2125 4192 obtemperate,ipsum-

481 4223 596 4283 que
625 4205 698 4266 ab
730 4205 859 4284 ipso
885 4208 1036 4268 lecto
1057 4203 1640 4282 tollentes,alacriter
1667 4220 1760 4262 me
1778 4200 2122 4282 sequimini.

482 4293 688 4355 Virum
721 4295 882 4356 enim
920 4295 1064 4357 mihi
1097 4295 1168 4356 ab
1200 4292 1565 4372 experientia
1616 4290 1770 4352 bene
1822 4289 2125 4367 cognitum

482 4383 648 4445 vobis
681 4383 1018 4464 ostendam,
1054 4384 1153 4463 qui
1186 4403 1288 4444 vos
1320 4400 1352 4442 a
1383 4383 1540 4443 luctu
1573 4381 1746 4442 facile
1779 4378 2124 4450 vindicabit,

483 4481 542 4534 et
566 4472 873 4534 dominum
907 4480 1166 4535 vestrum
1196 4472 1376 4532 multa
1405 4489 1539 4532 cum
1565 4470 1870 4531 celeritate
1892 4467 2131 4528 sanitati

2205 3297 2311 3352 τών
2369 3294 2659 3370 Γρηγορίου
2716 3290 2894 3369 ενόχῶν
2950 3287 3168 3360 ἠξίωτο,
3229 3289 3316 3344 καὶ
3371 3285 3654 3364 παραδόξου
3697 3289 3850 3360 θεραο

2207 3383 2356 3446 πείας
2416 3384 2692 3460 ἀπώνατο,
2753 3378 2838 3437 διὰ
2895 3377 2989 3445 τῆς
3049 3378 3216 3442 οίκίας
3275 3377 3394 3433 τότε
3445 3373 3850 3455 παρερχομένη,

2208 3474 2327 3529 ἔνθα
2382 3474 2470 3528 καὶ
2540 3473 2568 3526 6
2638 3471 2926 3546 σπαθάριος
2996 3466 3258 3544 κλινήρης
3310 3465 3614 3542 κατέκειτο,
3672 3464 3859 3522 ἀκούει

2207 3564 2339 3638 βοῆς
2371 3566 2664 3638 συμμιγοῦς
2697 3565 2801 3614 τῶν
2837 3555 3030 3614 παίδων
3061 3556 3220 3613 αὑτοῦ
3263 3554 3607 3630 κοπτομένων
3657 3575 3712 3611 τε
3773 3555 3866 3612 καὶ

2201 3652 2560 3729 θρηνούντωνο
2593 3649 2680 3707 καὶ
2715 3645 2898 3714 ἐπειδὴ
2929 3647 3029 3714 τὴν
3061 3646 3234 3702 αἶτίαν
3277 3643 3520 3719 ἐπύθετο,
3577 3644 3636 3702 οὒ
3686 3645 3869 3722 κρύπ-

2209 3764 2286 3799 τει
2317 3763 2417 3808 την
2450 3742 2632 3820 χάριν,
2667 3736 2804 3794 ἀλλὰ
2832 3738 3081 3815 κηρύττει
3136 3742 3318 3816 σαφῶς
3377 3736 3476 3802 τὴν
3536 3735 3871 3813 εὔεργεσίαν,

2209 3834 2296 3888 καὶ
2354 3834 2428 3885 ὧν
2453 3833 2587 3906 αὐτῇ
2644 3829 2942 3906 τετύχηκεν
2999 3825 3084 3882 ἐπὶ
3142 3831 3210 3900 τῇ
3256 3825 3468 3902 θυγατρὶ
3528 3824 3866 3900 θαυμασίων,

2209 3924 2297 3979 καὶ
2359 3923 2546 3984 αὐτοῖς
2603 3916 2954 3996 ἀπαγγέλλει,
3005 3915 3101 3972 καί
3145 3920 3388 3989 μηνυτῆς
3426 3918 3518 3971 τοῦ
3560 3915 3873 3994 σωτηρίας,

2209 4013 2353 4074 εὖθὺς
2411 4017 2642 4088 γίνεται,
2679 4009 2767 4064 καὶ
2819 4004 3052 4080 ἀψευδὴς
3084 4005 3280 4081 μάρτυς
3329 4007 3426 4072 τῆς
3487 4003 3874 4082 πεπραγμένου

2209 4103 2319 4180 καί,
2384 4101 2540 4177 Ἄγε,
2603 4098 2787 4178 φησὶν,
2839 4096 2885 4152 ὦ
2945 4092 3161 4173 παῖδες,
3219 4093 3341 4167 ἐμοί
3398 4095 3724 4168 πειθόμενοι,
3772 4100 3880 4150 τοῦ

2209 4192 2399 4270 θρήνου
2459 4187 2554 4263 μὲν
2611 4188 2904 4258 παύσασθε,
2964 4189 3150 4240 τοῦτον
3197 4181 3240 4238 δ’
3294 4184 3426 4259 αὐτῇ
3477 4181 3632 4258 κλίνῃ
3664 4182 3876 4256 προθύ-

2213 4301 2325 4355 μως
2387 4279 2601 4355 ἄραντες
2655 4275 2783 4348 ἐμοῖ
2842 4274 3051 4334 ἕπεσθε,
3118 4271 3280 4338 Δείξω
3333 4273 3433 4350 γὰρ
3477 4273 3606 4347 ὑμῖν
3658 4271 3876 4348 ἄνθρω-

2213 4392 2310 4427 πον
2343 4368 2404 4424 ἐκ
2434 4368 2614 4444 πείρας
2677 4364 2833 4421 αὖτὸν
2893 4363 3183 4440 ἐγνωκυϊα,
3250 4363 3308 4424 ὃς
3347 4361 3441 4418 τοῦ
3491 4360 3710 4424 πένθους
3765 4362 3884 4438 ῥᾳ-

2214 4457 2334 4521 δίως
2366 4460 2498 4529 sua;
2531 4453 2826 4519 ἀπαλλάξει
2861 4453 2952 4509 σὺν
2983 4450 3166 4525 πολλῴ
3219 4451 3378 4530 τάχει
3438 4453 3531 4506 τὸν
3594 4448 3879 4510 δεσπότην

481 4562 775 4622 restituet.
805 4561 945 4640 Ejus
965 4567 1226 4622 sermoni
1252 4560 1403 4622 servi
1431 4567 1666 4640 parent,
1703 4557 2119 4636 dominumque

2213 4550 2359 4622 ὑμῶν
2416 4546 2663 4620 ἰώμενος.
2722 4545 2994 4600 Πείθονται
3069 4555 3184 4605 τοῖς
3243 4542 3484 4620 ῥηθεῖσιν
3544 4543 3590 4597 οἱ
3653 4537 3882 4616 παῖδες,

481 4661 734 4729 repente
776 4650 1072 4718 tollentes,
1102 4650 1266 4728 juxta
1295 4649 1648 4727 custodiam,
1684 4647 1782 4708 ubi
1814 4645 2134 4724 Gregorius

485 4746 632 4814 erat,
670 4739 998 4819 deponunt.
1025 4738 1210 4812 Quem
1235 4739 1338 4800 ille
1356 4736 1778 4799 ardentissima
1803 4734 1953 4796 febri
1977 4752 2134 4794 com-

488 4835 714 4889 motum
748 4835 807 4889 et
836 4827 1260 4889 inﬂammatum
1295 4827 1616 4905 aspiciens,
1682 4825 1998 4884 miseratus
2045 4826 2134 4883 est

487 4916 1164 4997 hominem,lectumque
1188 4916 1467 4994 lacrymis
1495 4914 1799 4990 irrigabat.
1834 4915 2130 4973 Caeterum

488 5005 674 5066 semel
707 5003 869 5066 illum
901 5014 1078 5083 atque
1109 5007 1326 5068 iterum
1382 5022 1598 5066 vocans
1653 5005 1816 5082 (eum
1871 5019 2129 5079 namque

488 5113 593 5156 vox
622 5102 798 5176 atque
829 5114 1038 5158 sensus
1084 5095 1405 5167 defecerat,
1453 5112 1574 5176 nec
1613 5093 1934 5174 quidquam
1969 5089 2128 5170 loqui

491 5174 768 5264 poteratl,
814 5204 1052 5246 manum
1084 5185 1330 5261 quidem
1363 5174 1456 5246 illi
1481 5183 1568 5244 vir
1599 5182 1829 5243 divinus
1881 5180 2124 5260 adjecit,

490 5287 690 5335 mente
721 5291 859 5336 vero
886 5283 1046 5338 totus
1076 5275 1137 5334 in
1196 5273 1410 5335 ccelum
1472 5282 1734 5352 erectus,
1794 5271 2128 5350 faciemque

488 5379 654 5422 suam
679 5370 1034 5441 etaagrotum
1059 5363 1334 5444 lacrymis
1357 5360 1936 5442 perfundens,Deum
1959 5357 2133 5420 obse-

487 5450 710 5512 crabat.
747 5453 927 5529 Atqui
959 5471 1170 5532 preces
1192 5471 1467 5514 somnum
1510 5469 1840 5531 peperere;
1889 5466 2135 5510 somnus

2217 4639 2304 4694 καὶ
2333 4638 2421 4692 τὸν
2453 4635 2713 4700 δεσπότην
2769 4635 2914 4696 εὖίιῦς
2975 4629 3192 4709 ἄραντες
3239 4632 3370 4706 πρὸς
3417 4637 3484 4706 τῇ
3527 4633 3737 4709 φυλακῇ
3780 4651 3882 4685 τι-

2215 4729 2390 4783 θέασιν
2453 4724 2570 4781 ἔνθα
2627 4725 2694 4792 ἧν
2757 4723 3066 4802 Γρηγόριος.
3128 4721 3276 4779 Ἰδὼν
3333 4719 3387 4776 δὲ
3453 4722 3611 4777 αὐτὸν
3664 4718 3888 4784 ἐκεῖνος

2215 4815 2392 4894 λάϐρῳ
2451 4821 2653 4891 πυρετῴ
2704 4814 2971 4890 κατάκρας
3029 4810 3437 4889 διακαιόμενον,
3489 4810 3731 4889 οἷκτείρει
3780 4809 3888 4865 τὸν

2217 4904 2396 4984 ἄνδρα,
2455 4906 2542 4961 καὶ
2597 4908 2694 4972 τῆς
2752 4901 2938 4967 κλίνης
2993 4901 3190 4980 δάκρυα
3254 4897 3538 4979 καταχέει,
3609 4897 3891 4965 (hev/.02;

2213 4994 2267 5050 δὲ
2300 4994 2456 5050 αὐτὸν
2518 4990 2657 5057 ἅπαξ
2710 4991 2798 5047 καί
2853 4989 2953 5062 δὶς,
3014 4993 3086 5054 ὼς
3145 4987 3248 5056 ἤδη
3301 4991 3386 5046 καὶ
3439 4991 3474 5056 ἡ
3505 4988 3656 5066 φωνὴ
3689 4986 3782 5043 οιαῖ
3813 4988 3891 5044 τὸ

2213 5091 2432 5164 φρονοῦν
2485 5085 2693 5139 ἒκεϊνον
2745 5079 2972 5137 ἐπέλιπε
3025 5081 3113 5136 καὶ
3143 5083 3238 5137 οὐκ
3269 5079 3430 5158 εἶχεν
3462 5076 3610 5134 οὖδέν
3644 5074 3893 5156 φθέγξα-

2211 5179 2353 5253 σθαι,
2415 5173 2514 5238 τὴν
2573 5172 2672 5238 μὲν
2730 5183 2896 5249 χεῗρα
2942 5167 3026 5226 ἐπ’
3074 5170 3230 5227 αὗτὸν
3285 5170 3484 5230 ὁθεϊος
3516 5166 3648 5244 ἀνὴρ
3675 5167 3888 5239 τίθησι,

2210 5265 2310 5331 τὴν
2369 5263 2424 5318 δὲ
2476 5259 2707 5317 διάνοιαν
2765 5258 2897 5326 ὅλην
2965 5256 3098 5336 αἴρει
3158 5259 3288 5336 πρὸς
3348 5258 3592 5335 οὖρανὸν,
3646 5256 3735 5313 καὶ
3777 5253 3889 5313 δά-

2213 5375 2362 5431 κρυσι
2420 5352 2479 5407 τὸ
2534 5371 2589 5406 τε
2648 5352 2955 5428 πρὸσωπον,
3019 5349 3107 5404 καὶ
3161 5351 3250 5404 τὸν
3305 5346 3691 5418 κατακείμενον
3747 5344 3894 5421 βρέ-

2218 5466 2360 5523 χων,
2419 5439 2590 5496 δέεται
2649 5447 2742 5496 τοῦ
2802 5447 2953 5500 Θεοῦ.
3015 5443 3256 5516 Παρεϊχε
3310 5435 3366 5492 δὲ
3415 5435 3450 5501 ἡ
3483 5437 3580 5510 μὲν
3613 5432 3750 5512 εὐχή
3783 5434 3887 5490 τὸν

493 5550 713 5618 aegroto
761 5525 1015 5603 sal-utsin
1050 5543 1263 5604 attulit.
1299 5541 1442 5604 Cum
1477 5525 1633 5602 enim
1668 5525 1933 5620 quinque
1961 5556 2119 5617 supr:

2218 5535 2404 5613 ὕπνον,
2438 5536 2464 5590 6
2503 5531 2558 5588 δὲ
2588 5532 2748 5598 ὕπνος
2792 5537 2868 5604 τῷ
2920 5537 3156 5588 νοσοῦντι
3222 5532 3321 5595 τὴν
3384 5527 3674 5604 σωτηρίαν,
3715 5525 3887 5581 Πέντε

495 5628 696 5705 viginti
727 5629 856 5690 dies
884 5630 1176 5693 insomnis
1203 5630 1869 5704 duxisset,arctissimus
1898 5636 2016 5690 tum
2053 5627 2137 5688 illi

495 5732 740 5778 somnus
779 5716 1063 5802 obrepsit.
1124 5719 1292 5784 Servi
1347 5737 1508 5796 vero,
1543 5719 1645 5801 qui
1687 5717 1901 5782 mediis
1938 5716 2136 5780 eidem

2221 5627 2319 5704 γὰρ
2377 5625 2465 5680 καὶ
2523 5622 2731 5680 εἴκοσιν
2787 5620 2990 5699 ἡμέρας
3059 5618 3364 5680 διατελέσας
3439 5617 3656 5694 ἄϋπνος,
3728 5613 3888 5690 ὕπνῳ

2226 5717 2342 5771 τοτε
2372 5714 2526 5791 βαθεῖ
2586 5711 2907 5792 συνεσχέθη.
2970 5711 3041 5769 Τὰ
3085 5707 3141 5766 δὲ
3199 5706 3476 5789 παιδάρια,
3535 5706 3652 5785 περὶ
3711 5726 3886 5782 μεσας
