  <div class='ocr_page' id='page_1' title='image "/cluster/home/n/w/nwhite01/storage/ocr_20150623/116:no.3/coo.31924054870203/134.png"; bbox 0 0 4136 6484; ppageno 0'>
   <div class='ocr_carea' id='block_1_1' title="bbox 368 361 494 433">
    <p class='ocr_par' dir='ltr' id='par_1_1' title="bbox 368 361 494 433">
     <span class='ocr_line' id='line_1_1' title="bbox 368 361 494 433; baseline 0.008 -1"><span class='ocrx_word' id='word_1_1' title='bbox 368 361 494 433; x_wconf 80' lang='lat'><strong>253</strong></span> 
     </span>
    </p>
   </div>
   <div class='ocr_carea' id='block_1_2' title="bbox 1409 351 2713 427">
    <p class='ocr_par' dir='ltr' id='par_1_2' title="bbox 1409 351 2713 427">
     <span class='ocr_line' id='line_1_2' title="bbox 1409 351 2713 427; baseline -0.008 0"><span class='ocrx_word' id='word_1_2' title='bbox 1409 358 1601 427; x_wconf 78' lang='lat' dir='ltr'><strong>VITA</strong></span> <span class='ocrx_word' id='word_1_3' title='bbox 1644 359 1710 426; x_wconf 80' lang='lat' dir='ltr'><strong>S.</strong></span> <span class='ocrx_word' id='word_1_4' title='bbox 1751 355 2121 424; x_wconf 77' lang='lat' dir='ltr'><strong>GREGORII</strong></span> <span class='ocrx_word' id='word_1_5' title='bbox 2170 351 2713 425; x_wconf 83' lang='lat' dir='ltr'><strong>AGRIGENTINI.</strong></span> 
     </span>
    </p>
   </div>
   <div class='ocr_carea' id='block_1_3' title="bbox 3644 340 3758 418">
    <p class='ocr_par' dir='ltr' id='par_1_3' title="bbox 3644 340 3758 418">
     <span class='ocr_line' id='line_1_3' title="bbox 3644 340 3758 418; baseline 0.009 -1"><span class='ocrx_word' id='word_1_6' title='bbox 3644 340 3758 418; x_wconf 77' lang='lat'><strong>254</strong></span> 
     </span>
    </p>
   </div>
   <div class='ocr_carea' id='block_1_4' title="bbox 370 491 2042 581">
    <p class='ocr_par' dir='ltr' id='par_1_4' title="bbox 370 493 2030 581">
     <span class='ocr_line' id='line_1_4' title="bbox 370 493 2030 581; baseline -0.005 -20"><span class='ocrx_word' id='word_1_7' title='bbox 370 499 519 577; x_wconf 71' lang='grc' dir='ltr'><strong>αὗτῷ</strong></span> <span class='ocrx_word' id='word_1_8' title='bbox 564 494 929 581; x_wconf 69' lang='grc' dir='ltr'><strong>προσελθόντα</strong></span> <span class='ocrx_word' id='word_1_9' title='bbox 985 495 1202 572; x_wconf 75' lang='grc' dir='ltr'>νύκτας,</span> <span class='ocrx_word' id='word_1_10' title='bbox 1255 495 1399 578; x_wconf 74' lang='grc' dir='ltr'>εὗρον</span> <span class='ocrx_word' id='word_1_11' title='bbox 1457 495 1532 560; x_wconf 75' lang='grc' dir='ltr'>ὡς</span> <span class='ocrx_word' id='word_1_12' title='bbox 1593 495 1749 574; x_wconf 77' lang='grc' dir='ltr'>ὁμὲν</span> <span class='ocrx_word' id='word_1_13' title='bbox 1808 493 2030 576; x_wconf 72' lang='grc' dir='ltr'>πυρετὸς</span> 
     </span>
    </p>
   </div>
   <div class='ocr_carea' id='block_1_5' title="bbox 2128 491 3756 581">
    <p class='ocr_par' dir='ltr' id='par_1_5' title="bbox 2128 491 3756 577">
     <span class='ocr_line' id='line_1_5' title="bbox 2128 491 3756 577; baseline -0.001 -21"><span class='ocrx_word' id='word_1_14' title='bbox 2128 492 2393 558; x_wconf 80' lang='lat' dir='ltr'><strong>noctibus</strong></span> <span class='ocrx_word' id='word_1_15' title='bbox 2409 491 3006 577; x_wconf 79' lang='lat' dir='ltr'><strong>assistebant,febrim</strong></span> <span class='ocrx_word' id='word_1_16' title='bbox 3031 493 3451 568; x_wconf 86' lang='lat' dir='ltr'><strong>recessisse,et</strong></span> <span class='ocrx_word' id='word_1_17' title='bbox 3471 495 3756 571; x_wconf 78' lang='lat' dir='ltr'><strong>aegrotum</strong></span> 
     </span>
    </p>
   </div>
   <div class='ocr_carea' id='block_1_6' title="bbox 369 587 2033 671">
    <p class='ocr_par' dir='ltr' id='par_1_6' title="bbox 369 587 2033 671">
     <span class='ocr_line' id='line_1_6' title="bbox 369 587 2033 671; baseline -0.004 -21"><span class='ocrx_word' id='word_1_18' title='bbox 369 589 718 671; x_wconf 74' lang='grc' dir='ltr'>ἀπελήλατο,</span> <span class='ocrx_word' id='word_1_19' title='bbox 753 593 782 648; x_wconf 81' lang='lat'><strong>6</strong></span> <span class='ocrx_word' id='word_1_20' title='bbox 810 589 866 648; x_wconf 76' lang='grc' dir='ltr'>δὲ</span> <span class='ocrx_word' id='word_1_21' title='bbox 895 595 1068 648; x_wconf 80' lang='grc' dir='ltr'>νοσῶν</span> <span class='ocrx_word' id='word_1_22' title='bbox 1119 587 1336 669; x_wconf 68' lang='grc' dir='ltr'>ἔρρωτοθ</span> <span class='ocrx_word' id='word_1_23' title='bbox 1370 589 1492 652; x_wconf 71' lang='grc' dir='ltr'>οἶος</span> <span class='ocrx_word' id='word_1_24' title='bbox 1526 590 1554 645; x_wconf 99' lang='lat'><strong>6</strong></span> <span class='ocrx_word' id='word_1_25' title='bbox 1594 587 1858 666; x_wconf 86' lang='grc' dir='ltr'>μακάριος</span> <span class='ocrx_word' id='word_1_26' title='bbox 1887 609 2033 666; x_wconf 86' lang='grc' dir='ltr'>παρ-</span> 
     </span>
    </p>
   </div>
   <div class='ocr_carea' id='block_1_7' title="bbox 377 676 2032 759">
    <p class='ocr_par' dir='ltr' id='par_1_7' title="bbox 377 676 2032 759">
     <span class='ocr_line' id='line_1_7' title="bbox 377 676 2032 759; baseline -0.004 -21"><span class='ocrx_word' id='word_1_27' title='bbox 377 681 588 744; x_wconf 79' lang='grc' dir='ltr'>αινέσας</span> <span class='ocrx_word' id='word_1_28' title='bbox 655 686 776 753; x_wconf 81' lang='grc' dir='ltr'>Θεῷ</span> <span class='ocrx_word' id='word_1_29' title='bbox 827 681 924 749; x_wconf 75' lang='grc' dir='ltr'><strong>τὴν</strong></span> <span class='ocrx_word' id='word_1_30' title='bbox 988 679 1151 759; x_wconf 79' lang='grc' dir='ltr'>χάριν</span> <span class='ocrx_word' id='word_1_31' title='bbox 1209 679 1304 746; x_wconf 74' lang='grc' dir='ltr'><strong>τῆς</strong></span> <span class='ocrx_word' id='word_1_32' title='bbox 1361 679 1641 757; x_wconf 81' lang='grc' dir='ltr'><strong>θεραπείας</strong></span> <span class='ocrx_word' id='word_1_33' title='bbox 1714 676 2032 754; x_wconf 68' lang='grc' dir='ltr'>ὁμολογεῖν,</span> 
     </span>
    </p>
   </div>
   <div class='ocr_carea' id='block_1_8' title="bbox 381 766 2036 848">
    <p class='ocr_par' dir='ltr' id='par_1_8' title="bbox 381 766 2036 848">
     <span class='ocr_line' id='line_1_8' title="bbox 381 766 2036 848; baseline -0.005 -18"><span class='ocrx_word' id='word_1_34' title='bbox 381 774 531 833; x_wconf 65' lang='grc' dir='ltr'>ὠτὸς</span> <span class='ocrx_word' id='word_1_35' title='bbox 563 770 648 826; x_wconf 70' lang='grc' dir='ltr'>ἔτι</span> <span class='ocrx_word' id='word_1_36' title='bbox 677 769 778 838; x_wconf 67' lang='grc' dir='ltr'>τῆς</span> <span class='ocrx_word' id='word_1_37' title='bbox 835 771 1004 848; x_wconf 72' lang='grc' dir='ltr'>εὐχῆς</span> <span class='ocrx_word' id='word_1_38' title='bbox 1035 770 1123 825; x_wconf 80' lang='grc' dir='ltr'>καὶ</span> <span class='ocrx_word' id='word_1_39' title='bbox 1164 772 1263 833; x_wconf 80' lang='grc' dir='ltr'>τῆς</span> <span class='ocrx_word' id='word_1_40' title='bbox 1296 767 1583 846; x_wconf 76' lang='grc' dir='ltr'>ἀγρυπνίας</span> <span class='ocrx_word' id='word_1_41' title='bbox 1643 766 1855 846; x_wconf 52' lang='grc' dir='ltr'>εἴχετο.</span> <span class='ocrx_word' id='word_1_42' title='bbox 1905 768 2036 843; x_wconf 83' lang='grc' dir='ltr'>Περί</span> 
     </span>
    </p>
   </div>
   <div class='ocr_carea' id='block_1_9' title="bbox 377 855 2036 934">
    <p class='ocr_par' dir='ltr' id='par_1_9' title="bbox 377 855 2036 934">
     <span class='ocr_line' id='line_1_9' title="bbox 377 855 2036 934; baseline -0.002 -18"><span class='ocrx_word' id='word_1_43' title='bbox 377 859 428 916; x_wconf 68' lang='grc' dir='ltr'>δὲ</span> <span class='ocrx_word' id='word_1_44' title='bbox 469 861 563 924; x_wconf 87' lang='grc' dir='ltr'><strong>τάς</strong></span> <span class='ocrx_word' id='word_1_45' title='bbox 613 859 833 921; x_wconf 76' lang='grc' dir='ltr'><strong>ἑωθινὰς</strong></span> <span class='ocrx_word' id='word_1_46' title='bbox 892 858 1032 933; x_wconf 76' lang='grc' dir='ltr'>ᾠδὰς</span> <span class='ocrx_word' id='word_1_47' title='bbox 1087 863 1342 934; x_wconf 84' lang='grc' dir='ltr'>θυμιῶντι</span> <span class='ocrx_word' id='word_1_48' title='bbox 1403 864 1480 931; x_wconf 83' lang='grc' dir='ltr'>τῷ</span> <span class='ocrx_word' id='word_1_49' title='bbox 1528 857 1772 933; x_wconf 80' lang='grc' dir='ltr'>μακαρίῳ</span> <span class='ocrx_word' id='word_1_50' title='bbox 1827 855 2036 925; x_wconf 77' lang='grc' dir='ltr'>ἀνεπή-</span> 
     </span>
    </p>
   </div>
   <div class='ocr_carea' id='block_1_10' title="bbox 368 944 2042 1026">
    <p class='ocr_par' dir='ltr' id='par_1_10' title="bbox 368 944 2042 1026">
     <span class='ocr_line' id='line_1_10' title="bbox 368 944 2042 1026; baseline -0.005 -20"><span class='ocrx_word' id='word_1_51' title='bbox 368 949 502 1017; x_wconf 77' lang='grc' dir='ltr'>δησέ</span> <span class='ocrx_word' id='word_1_52' title='bbox 547 970 608 1006; x_wconf 85' lang='grc' dir='ltr'><strong>τε</strong></span> <span class='ocrx_word' id='word_1_53' title='bbox 643 951 673 1006; x_wconf 82' lang='lat'><strong>6</strong></span> <span class='ocrx_word' id='word_1_54' title='bbox 709 950 1014 1026; x_wconf 71' lang='grc' dir='ltr'><strong>Μαρκιανὸς</strong></span> <span class='ocrx_word' id='word_1_55' title='bbox 1044 954 1144 1016; x_wconf 79' lang='grc' dir='ltr'><strong>τῆς</strong></span> <span class='ocrx_word' id='word_1_56' title='bbox 1195 948 1406 1026; x_wconf 83' lang='grc' dir='ltr'>κλίνης,</span> <span class='ocrx_word' id='word_1_57' title='bbox 1439 947 1526 1002; x_wconf 78' lang='grc' dir='ltr'><strong>καὶ</strong></span> <span class='ocrx_word' id='word_1_58' title='bbox 1558 944 1682 1025; x_wconf 87' lang='grc' dir='ltr'>παρ’</span> <span class='ocrx_word' id='word_1_59' title='bbox 1733 947 1920 1003; x_wconf 80' lang='grc' dir='ltr'>ἑαυτοῦ</span> <span class='ocrx_word' id='word_1_60' title='bbox 1950 946 2042 1002; x_wconf 81' lang='grc' dir='ltr'><strong>τὸν</strong></span> 
     </span>
    </p>
   </div>
   <div class='ocr_carea' id='block_1_11' title="bbox 369 1034 2042 1114">
    <p class='ocr_par' dir='ltr' id='par_1_11' title="bbox 369 1034 2042 1114">
     <span class='ocr_line' id='line_1_11' title="bbox 369 1034 2042 1114; baseline -0.005 -18"><span class='ocrx_word' id='word_1_61' title='bbox 369 1040 662 1113; x_wconf 74' lang='grc' dir='ltr'><strong>ἰασάμενον</strong></span> <span class='ocrx_word' id='word_1_62' title='bbox 754 1040 1098 1107; x_wconf 76' lang='grc' dir='ltr'>κατανοήσας</span> <span class='ocrx_word' id='word_1_63' title='bbox 1183 1039 1270 1094; x_wconf 74' lang='grc' dir='ltr'><strong>καὶ</strong></span> <span class='ocrx_word' id='word_1_64' title='bbox 1355 1037 1600 1114; x_wconf 71' lang='grc' dir='ltr'>ἐπιγνοὺς</span> <span class='ocrx_word' id='word_1_65' title='bbox 1684 1034 2042 1113; x_wconf 80' lang='grc' dir='ltr'><strong>προσέπιπτεν</strong></span> 
     </span>
    </p>
   </div>
   <div class='ocr_carea' id='block_1_12' title="bbox 379 1121 2044 1206">
    <p class='ocr_par' dir='ltr' id='par_1_12' title="bbox 379 1121 2044 1206">
     <span class='ocr_line' id='line_1_12' title="bbox 379 1121 2044 1206; baseline -0.007 -17"><span class='ocrx_word' id='word_1_66' title='bbox 379 1131 532 1189; x_wconf 68' lang='grc' dir='ltr'><strong>αὗτοῦ</strong></span> <span class='ocrx_word' id='word_1_67' title='bbox 582 1142 708 1191; x_wconf 68' lang='grc' dir='ltr'>τοῖς</span> <span class='ocrx_word' id='word_1_68' title='bbox 748 1129 869 1185; x_wconf 78' lang='grc' dir='ltr'>ποσὶ</span> <span class='ocrx_word' id='word_1_69' title='bbox 916 1130 1002 1184; x_wconf 75' lang='grc' dir='ltr'>καὶ</span> <span class='ocrx_word' id='word_1_70' title='bbox 1051 1127 1474 1206; x_wconf 79' lang='grc' dir='ltr'>περιεπτύσσετο</span> <span class='ocrx_word' id='word_1_71' title='bbox 1533 1125 1774 1190; x_wconf 78' lang='grc' dir='ltr'><strong>τούτους⁹</strong></span> <span class='ocrx_word' id='word_1_72' title='bbox 1818 1126 1911 1181; x_wconf 81' lang='grc' dir='ltr'>τὸν</span> <span class='ocrx_word' id='word_1_73' title='bbox 1959 1121 2044 1179; x_wconf 78' lang='grc' dir='ltr'>διὰ</span> 
     </span>
    </p>
   </div>
   <div class='ocr_carea' id='block_1_13' title="bbox 380 1213 2037 1296">
    <p class='ocr_par' dir='ltr' id='par_1_13' title="bbox 380 1213 2037 1296">
     <span class='ocr_line' id='line_1_13' title="bbox 380 1213 2037 1296; baseline -0.005 -21"><span class='ocrx_word' id='word_1_74' title='bbox 380 1218 706 1296; x_wconf 70' lang='grc' dir='ltr'><strong>πραγμάτων</strong></span> <span class='ocrx_word' id='word_1_75' title='bbox 768 1217 927 1274; x_wconf 69' lang='grc' dir='ltr'>αὖτὸν</span> <span class='ocrx_word' id='word_1_76' title='bbox 983 1219 1230 1274; x_wconf 75' lang='grc' dir='ltr'><strong>σώσαντα</strong></span> <span class='ocrx_word' id='word_1_77' title='bbox 1283 1217 1484 1292; x_wconf 78' lang='grc' dir='ltr'>ῥήμασι</span> <span class='ocrx_word' id='word_1_78' title='bbox 1544 1227 1814 1295; x_wconf 76' lang='grc' dir='ltr'><strong>χρηστοῖς</strong></span> <span class='ocrx_word' id='word_1_79' title='bbox 1873 1213 2037 1288; x_wconf 84' lang='grc' dir='ltr'>ἆμει-</span> 
     </span>
    </p>
   </div>
   <div class='ocr_carea' id='block_1_14' title="bbox 372 1301 2040 1382">
    <p class='ocr_par' dir='ltr' id='par_1_14' title="bbox 372 1301 2040 1382">
     <span class='ocr_line' id='line_1_14' title="bbox 372 1301 2040 1382; baseline -0.005 -18"><span class='ocrx_word' id='word_1_80' title='bbox 372 1305 626 1382; x_wconf 78' lang='grc' dir='ltr'>ϐόμενος,</span> <span class='ocrx_word' id='word_1_81' title='bbox 673 1306 864 1364; x_wconf 77' lang='grc' dir='ltr'>ἔπειτα</span> <span class='ocrx_word' id='word_1_82' title='bbox 908 1307 966 1362; x_wconf 77' lang='grc' dir='ltr'>δὲ</span> <span class='ocrx_word' id='word_1_83' title='bbox 1019 1307 1185 1369; x_wconf 67' lang='grc' dir='ltr'>ἑστὼς</span> <span class='ocrx_word' id='word_1_84' title='bbox 1241 1303 1459 1382; x_wconf 75' lang='grc' dir='ltr'>συνῇδεν</span> <span class='ocrx_word' id='word_1_85' title='bbox 1502 1305 1646 1377; x_wconf 69' lang='grc' dir='ltr'>αὐτῷ</span> <span class='ocrx_word' id='word_1_86' title='bbox 1705 1310 1810 1359; x_wconf 84' lang='grc' dir='ltr'><strong>τῶν</strong></span> <span class='ocrx_word' id='word_1_87' title='bbox 1859 1301 2040 1376; x_wconf 73' lang='grc' dir='ltr'>ὕμνων</span> 
     </span>
    </p>
   </div>
   <div class='ocr_carea' id='block_1_15' title="bbox 370 1392 2035 1469">
    <p class='ocr_par' dir='ltr' id='par_1_15' title="bbox 370 1392 2035 1469">
     <span class='ocr_line' id='line_1_15' title="bbox 370 1392 2035 1469; baseline -0.004 -15"><span class='ocrx_word' id='word_1_88' title='bbox 370 1399 439 1454; x_wconf 75' lang='grc' dir='ltr'><strong>τα</strong></span> <span class='ocrx_word' id='word_1_89' title='bbox 505 1396 790 1458; x_wconf 63' lang='grc' dir='ltr'>ἐπίλοιπα.</span> <span class='ocrx_word' id='word_1_90' title='bbox 838 1396 991 1455; x_wconf 80' lang='grc' dir='ltr'>Ἐπεὶ</span> <span class='ocrx_word' id='word_1_91' title='bbox 1036 1395 1091 1452; x_wconf 80' lang='grc' dir='ltr'>δὲ</span> <span class='ocrx_word' id='word_1_92' title='bbox 1139 1395 1294 1458; x_wconf 82' lang='grc' dir='ltr'>τέλος</span> <span class='ocrx_word' id='word_1_93' title='bbox 1351 1398 1386 1464; x_wconf 78' lang='grc' dir='ltr'><strong>ἡ</strong></span> <span class='ocrx_word' id='word_1_94' title='bbox 1457 1395 1688 1469; x_wconf 77' lang='grc' dir='ltr'>ὁμνῳδία</span> <span class='ocrx_word' id='word_1_95' title='bbox 1745 1392 2035 1468; x_wconf 78' lang='grc' dir='ltr'>ἐλάμϐανε,</span> 
     </span>
    </p>
   </div>
   <div class='ocr_carea' id='block_1_16' title="bbox 370 1481 2038 1562">
    <p class='ocr_par' dir='ltr' id='par_1_16' title="bbox 370 1481 2038 1562">
     <span class='ocr_line' id='line_1_16' title="bbox 370 1481 2038 1562; baseline -0.004 -20"><span class='ocrx_word' id='word_1_96' title='bbox 370 1485 720 1551; x_wconf 65' lang='grc' dir='ltr'><strong>καθεσθέντες</strong></span> <span class='ocrx_word' id='word_1_97' title='bbox 780 1485 852 1550; x_wconf 76' lang='grc' dir='ltr'><strong>εἶξ</strong></span> <span class='ocrx_word' id='word_1_98' title='bbox 905 1485 1098 1562; x_wconf 70' lang='grc' dir='ltr'>λόγους</span> <span class='ocrx_word' id='word_1_99' title='bbox 1145 1485 1333 1561; x_wconf 75' lang='grc' dir='ltr'>ᾔεσαν.</span> <span class='ocrx_word' id='word_1_100' title='bbox 1395 1482 1686 1560; x_wconf 72' lang='grc' dir='ltr'><strong>Ἐθαύμαζε</strong></span> <span class='ocrx_word' id='word_1_101' title='bbox 1721 1481 1774 1538; x_wconf 84' lang='grc' dir='ltr'>δὲ</span> <span class='ocrx_word' id='word_1_102' title='bbox 1808 1484 1835 1537; x_wconf 80' lang='grc' dir='ltr'><strong>ὁ</strong></span> <span class='ocrx_word' id='word_1_103' title='bbox 1887 1487 2038 1558; x_wconf 86' lang='grc' dir='ltr'>Μαρ-</span> 
     </span>
    </p>
   </div>
   <div class='ocr_carea' id='block_1_17' title="bbox 374 1569 2040 1652">
    <p class='ocr_par' dir='ltr' id='par_1_17' title="bbox 374 1569 2040 1652">
     <span class='ocr_line' id='line_1_17' title="bbox 374 1569 2040 1652; baseline -0.005 -19"><span class='ocrx_word' id='word_1_104' title='bbox 374 1578 558 1642; x_wconf 76' lang='grc' dir='ltr'>κιανὸς</span> <span class='ocrx_word' id='word_1_105' title='bbox 621 1575 727 1647; x_wconf 72' lang='grc' dir='ltr'>οἵῳ</span> <span class='ocrx_word' id='word_1_106' title='bbox 771 1573 1154 1652; x_wconf 82' lang='grc' dir='ltr'>συγκέκλειστο</span> <span class='ocrx_word' id='word_1_107' title='bbox 1195 1577 1223 1630; x_wconf 91' lang='lat'><strong>6</strong></span> <span class='ocrx_word' id='word_1_108' title='bbox 1273 1573 1533 1650; x_wconf 83' lang='grc' dir='ltr'>μακάριος</span> <span class='ocrx_word' id='word_1_109' title='bbox 1590 1572 1760 1650; x_wconf 80' lang='grc' dir='ltr'>τόπῳ,</span> <span class='ocrx_word' id='word_1_110' title='bbox 1795 1569 1942 1634; x_wconf 80' lang='grc' dir='ltr'>ὅπως</span> <span class='ocrx_word' id='word_1_111' title='bbox 1984 1591 2040 1625; x_wconf 88' lang='grc' dir='ltr'><strong>τε</strong></span> 
     </span>
    </p>
   </div>
   <div class='ocr_carea' id='block_1_18' title="bbox 375 1658 2039 1744">
    <p class='ocr_par' dir='ltr' id='par_1_18' title="bbox 375 1658 2039 1744">
     <span class='ocr_line' id='line_1_18' title="bbox 375 1658 2039 1744; baseline -0.007 -21"><span class='ocrx_word' id='word_1_112' title='bbox 375 1667 576 1729; x_wconf 72' lang='grc' dir='ltr'>ἄπνους</span> <span class='ocrx_word' id='word_1_113' title='bbox 630 1667 720 1722; x_wconf 80' lang='grc' dir='ltr'><strong>καὶ</strong></span> <span class='ocrx_word' id='word_1_114' title='bbox 779 1665 1018 1744; x_wconf 74' lang='grc' dir='ltr'>ἀφεγγὴς</span> <span class='ocrx_word' id='word_1_115' title='bbox 1074 1664 1166 1737; x_wconf 81' lang='grc' dir='ltr'><strong>ἧν,</strong></span> <span class='ocrx_word' id='word_1_116' title='bbox 1203 1663 1320 1720; x_wconf 82' lang='grc' dir='ltr'>λίαν</span> <span class='ocrx_word' id='word_1_117' title='bbox 1351 1665 1442 1720; x_wconf 83' lang='grc' dir='ltr'>τὸν</span> <span class='ocrx_word' id='word_1_118' title='bbox 1489 1663 1796 1720; x_wconf 77' lang='grc' dir='ltr'>ἐνοικοῦντα</span> <span class='ocrx_word' id='word_1_119' title='bbox 1851 1658 2039 1718; x_wconf 74' lang='grc' dir='ltr'>λυπεῖν</span> 
     </span>
    </p>
   </div>
   <div class='ocr_carea' id='block_1_19' title="bbox 381 1747 2036 1830">
    <p class='ocr_par' dir='ltr' id='par_1_19' title="bbox 381 1747 2036 1830">
     <span class='ocr_line' id='line_1_19' title="bbox 381 1747 2036 1830; baseline -0.004 -20"><span class='ocrx_word' id='word_1_120' title='bbox 381 1753 693 1830; x_wconf 76' lang='grc' dir='ltr'>δυνάμενος.</span> <span class='ocrx_word' id='word_1_121' title='bbox 769 1754 873 1814; x_wconf 78' lang='grc' dir='ltr'><strong>Καὶ</strong></span> <span class='ocrx_word' id='word_1_122' title='bbox 929 1761 1098 1811; x_wconf 52' lang='lat' dir='ltr'><strong>uaco:</strong></span> <span class='ocrx_word' id='word_1_123' title='bbox 1157 1753 1253 1830; x_wconf 76' lang='grc' dir='ltr'>μὲν</span> <span class='ocrx_word' id='word_1_124' title='bbox 1311 1753 1510 1810; x_wconf 78' lang='grc' dir='ltr'>ἐκεῖνοι</span> <span class='ocrx_word' id='word_1_125' title='bbox 1569 1753 1699 1830; x_wconf 82' lang='grc' dir='ltr'>πρὸς</span> <span class='ocrx_word' id='word_1_126' title='bbox 1769 1747 2036 1820; x_wconf 77' lang='grc' dir='ltr'>ἀλλήλους</span> 
     </span>
    </p>
   </div>
   <div class='ocr_carea' id='block_1_20' title="bbox 389 1845 650 1903">
    <p class='ocr_par' dir='ltr' id='par_1_20' title="bbox 389 1845 650 1903">
     <span class='ocr_line' id='line_1_20' title="bbox 389 1845 650 1903; baseline 0.004 -1"><span class='ocrx_word' id='word_1_127' title='bbox 389 1845 650 1903; x_wconf 51' lang='lat' dir='ltr'><strong>futtilem.</strong></span> 
     </span>
    </p>
   </div>
   <div class='ocr_carea' id='block_1_21' title="bbox 2117 584 3754 666">
    <p class='ocr_par' dir='ltr' id='par_1_21' title="bbox 2117 584 3754 666">
     <span class='ocr_line' id='line_1_21' title="bbox 2117 584 3754 666; baseline -0.001 -19"><span class='ocrx_word' id='word_1_128' title='bbox 2117 585 2488 648; x_wconf 86' lang='lat' dir='ltr'><strong>convaluisse</strong></span> <span class='ocrx_word' id='word_1_129' title='bbox 2534 594 2910 666; x_wconf 74' lang='lat' dir='ltr'><strong>repererunt.</strong></span> <span class='ocrx_word' id='word_1_130' title='bbox 2950 585 3068 648; x_wconf 88' lang='lat' dir='ltr'><strong>Hos</strong></span> <span class='ocrx_word' id='word_1_131' title='bbox 3113 585 3201 648; x_wconf 85' lang='lat' dir='ltr'><strong>vir</strong></span> <span class='ocrx_word' id='word_1_132' title='bbox 3231 593 3472 649; x_wconf 88' lang='lat' dir='ltr'><strong>sanctus</strong></span> <span class='ocrx_word' id='word_1_133' title='bbox 3503 584 3754 665; x_wconf 82' lang='lat' dir='ltr'><strong>monuit,</strong></span> 
     </span>
    </p>
   </div>
   <div class='ocr_carea' id='block_1_22' title="bbox 2118 675 3766 756">
    <p class='ocr_par' dir='ltr' id='par_1_22' title="bbox 2118 675 3766 756">
     <span class='ocr_line' id='line_1_22' title="bbox 2118 675 3766 756; baseline 0.001 -20"><span class='ocrx_word' id='word_1_134' title='bbox 2118 675 2193 736; x_wconf 92' lang='lat' dir='ltr'><strong>de</strong></span> <span class='ocrx_word' id='word_1_135' title='bbox 2218 684 2460 756; x_wconf 87' lang='lat' dir='ltr'><strong>recepta</strong></span> <span class='ocrx_word' id='word_1_136' title='bbox 2487 677 2735 738; x_wconf 75' lang='lat' dir='ltr'><strong>sanitate</strong></span> <span class='ocrx_word' id='word_1_137' title='bbox 2757 678 2972 754; x_wconf 82' lang='lat' dir='ltr'><strong>gratias</strong></span> <span class='ocrx_word' id='word_1_138' title='bbox 2993 677 3114 740; x_wconf 91' lang='lat' dir='ltr'><strong>Deo</strong></span> <span class='ocrx_word' id='word_1_139' title='bbox 3146 675 3450 738; x_wconf 84' lang='lat' dir='ltr'><strong>habendas</strong></span> <span class='ocrx_word' id='word_1_140' title='bbox 3473 675 3766 754; x_wconf 78' lang='lat' dir='ltr'><strong>essezipse</strong></span> 
     </span>
    </p>
   </div>
   <div class='ocr_carea' id='block_1_23' title="bbox 2118 765 3764 846">
    <p class='ocr_par' dir='ltr' id='par_1_23' title="bbox 2118 765 3764 846">
     <span class='ocr_line' id='line_1_23' title="bbox 2118 765 3764 846; baseline 0.001 -21"><span class='ocrx_word' id='word_1_141' title='bbox 2118 765 2354 826; x_wconf 81' lang='lat' dir='ltr'><strong>interim</strong></span> <span class='ocrx_word' id='word_1_142' title='bbox 2415 765 2693 845; x_wconf 65' lang='lat' dir='ltr'><strong>precibus</strong></span> <span class='ocrx_word' id='word_1_143' title='bbox 2722 785 2792 829; x_wconf 87' lang='lat' dir='ltr'><strong>ac</strong></span> <span class='ocrx_word' id='word_1_144' title='bbox 2840 767 3054 846; x_wconf 82' lang='lat' dir='ltr'><strong>vigiliis</strong></span> <span class='ocrx_word' id='word_1_145' title='bbox 3083 766 3345 829; x_wconf 88' lang='lat' dir='ltr'><strong>vacabat.</strong></span> <span class='ocrx_word' id='word_1_146' title='bbox 3396 765 3764 829; x_wconf 85' lang='lat' dir='ltr'><strong>Marcianum</strong></span> 
     </span>
    </p>
   </div>
   <div class='ocr_carea' id='block_1_24' title="bbox 2118 855 3765 937">
    <p class='ocr_par' dir='ltr' id='par_1_24' title="bbox 2118 855 3765 937">
     <span class='ocr_line' id='line_1_24' title="bbox 2118 855 3765 937; baseline 0.002 -23"><span class='ocrx_word' id='word_1_147' title='bbox 2118 855 2424 935; x_wconf 87' lang='lat' dir='ltr'><strong>jucundus</strong></span> <span class='ocrx_word' id='word_1_148' title='bbox 2447 855 2643 918; x_wconf 92' lang='lat' dir='ltr'><strong>denuo</strong></span> <span class='ocrx_word' id='word_1_149' title='bbox 2684 875 2928 919; x_wconf 89' lang='lat' dir='ltr'><strong>somnus</strong></span> <span class='ocrx_word' id='word_1_150' title='bbox 2945 856 3284 937; x_wconf 84' lang='lat' dir='ltr'><strong>complexus</strong></span> <span class='ocrx_word' id='word_1_151' title='bbox 3302 865 3410 919; x_wconf 88' lang='lat' dir='ltr'><strong>est.</strong></span> <span class='ocrx_word' id='word_1_152' title='bbox 3438 855 3608 917; x_wconf 88' lang='lat' dir='ltr'><strong>Circa</strong></span> <span class='ocrx_word' id='word_1_153' title='bbox 3624 872 3765 917; x_wconf 87' lang='lat' dir='ltr'><strong>vero</strong></span> 
     </span>
    </p>
   </div>
   <div class='ocr_carea' id='block_1_25' title="bbox 2127 943 3765 1021">
    <p class='ocr_par' dir='ltr' id='par_1_25' title="bbox 2127 943 3765 1021">
     <span class='ocr_line' id='line_1_25' title="bbox 2127 943 3765 1021; baseline 0.001 -17"><span class='ocrx_word' id='word_1_154' title='bbox 2127 943 2444 1006; x_wconf 88' lang='lat' dir='ltr'><strong>matutinas</strong></span> <span class='ocrx_word' id='word_1_155' title='bbox 2492 946 2722 1021; x_wconf 90' lang='lat' dir='ltr'><strong>laudes,</strong></span> <span class='ocrx_word' id='word_1_156' title='bbox 2757 954 2966 1008; x_wconf 88' lang='lat' dir='ltr'><strong>orante</strong></span> <span class='ocrx_word' id='word_1_157' title='bbox 2995 946 3122 1008; x_wconf 89' lang='lat' dir='ltr'><strong>viro</strong></span> <span class='ocrx_word' id='word_1_158' title='bbox 3167 954 3394 1019; x_wconf 78' lang='lat' dir='ltr'><strong>sancto,</strong></span> <span class='ocrx_word' id='word_1_159' title='bbox 3430 947 3765 1008; x_wconf 89' lang='lat' dir='ltr'><strong>Marcianus</strong></span> 
     </span>
    </p>
   </div>
   <div class='ocr_carea' id='block_1_26' title="bbox 2126 1033 3767 1116">
    <p class='ocr_par' dir='ltr' id='par_1_26' title="bbox 2126 1033 3767 1116">
     <span class='ocr_line' id='line_1_26' title="bbox 2126 1033 3767 1116; baseline 0.001 -22"><span class='ocrx_word' id='word_1_160' title='bbox 2126 1033 2282 1094; x_wconf 89' lang='lat' dir='ltr'><strong>lecto</strong></span> <span class='ocrx_word' id='word_1_161' title='bbox 2305 1035 2581 1114; x_wconf 79' lang='lat' dir='ltr'><strong>prosiliit,</strong></span> <span class='ocrx_word' id='word_1_162' title='bbox 2609 1044 2666 1097; x_wconf 92' lang='lat' dir='ltr'><strong>et</strong></span> <span class='ocrx_word' id='word_1_163' title='bbox 2686 1037 2786 1116; x_wconf 89' lang='lat' dir='ltr'><strong>qui</strong></span> <span class='ocrx_word' id='word_1_164' title='bbox 2819 1055 2884 1098; x_wconf 90' lang='lat' dir='ltr'><strong>se</strong></span> <span class='ocrx_word' id='word_1_165' title='bbox 2913 1045 3170 1108; x_wconf 62' lang='lat' dir='ltr'><strong>sanat-at,</strong></span> <span class='ocrx_word' id='word_1_166' title='bbox 3195 1056 3265 1096; x_wconf 84' lang='lat' dir='ltr'><strong>ex</strong></span> <span class='ocrx_word' id='word_1_167' title='bbox 3297 1055 3361 1096; x_wconf 90' lang='lat' dir='ltr'><strong>se</strong></span> <span class='ocrx_word' id='word_1_168' title='bbox 3393 1034 3767 1114; x_wconf 79' lang='lat' dir='ltr'><strong>perspiciens</strong></span> 
     </span>
    </p>
   </div>
   <div class='ocr_carea' id='block_1_27' title="bbox 2125 1123 3765 1206">
    <p class='ocr_par' dir='ltr' id='par_1_27' title="bbox 2125 1123 3765 1206">
     <span class='ocr_line' id='line_1_27' title="bbox 2125 1123 3765 1206; baseline 0.001 -23"><span class='ocrx_word' id='word_1_169' title='bbox 2125 1132 2299 1203; x_wconf 83' lang='lat' dir='ltr'><strong>atque</strong></span> <span class='ocrx_word' id='word_1_170' title='bbox 2322 1142 2712 1203; x_wconf 82' lang='lat' dir='ltr'><strong>cognoscens,</strong></span> <span class='ocrx_word' id='word_1_171' title='bbox 2748 1127 2878 1204; x_wconf 89' lang='lat' dir='ltr'><strong>ejus</strong></span> <span class='ocrx_word' id='word_1_172' title='bbox 2905 1127 2975 1188; x_wconf 86' lang='lat' dir='ltr'><strong>ad</strong></span> <span class='ocrx_word' id='word_1_173' title='bbox 3011 1126 3196 1205; x_wconf 83' lang='lat' dir='ltr'><strong>pedes</strong></span> <span class='ocrx_word' id='word_1_174' title='bbox 3227 1125 3591 1206; x_wconf 72' lang='lat' dir='ltr'><strong>provolutus,</strong></span> <span class='ocrx_word' id='word_1_175' title='bbox 3629 1123 3765 1186; x_wconf 90' lang='lat' dir='ltr'><strong>illos</strong></span> 
     </span>
    </p>
   </div>
   <div class='ocr_carea' id='block_1_28' title="bbox 2125 1211 3768 1295">
    <p class='ocr_par' dir='ltr' id='par_1_28' title="bbox 2125 1211 3768 1295">
     <span class='ocr_line' id='line_1_28' title="bbox 2125 1211 3768 1295; baseline 0.001 -23"><span class='ocrx_word' id='word_1_176' title='bbox 2125 1211 2593 1292; x_wconf 81' lang='lat' dir='ltr'><strong>amplexabatur,</strong></span> <span class='ocrx_word' id='word_1_177' title='bbox 2629 1215 2946 1291; x_wconf 81' lang='lat' dir='ltr'><strong>verbisque</strong></span> <span class='ocrx_word' id='word_1_178' title='bbox 2977 1216 3192 1292; x_wconf 90' lang='lat' dir='ltr'><strong>quibus</strong></span> <span class='ocrx_word' id='word_1_179' title='bbox 3239 1223 3468 1295; x_wconf 87' lang='lat' dir='ltr'><strong>poterat</strong></span> <span class='ocrx_word' id='word_1_180' title='bbox 3493 1213 3768 1294; x_wconf 79' lang='lat' dir='ltr'><strong>gratiosis</strong></span> 
     </span>
    </p>
   </div>
   <div class='ocr_carea' id='block_1_29' title="bbox 2133 1299 3765 1385">
    <p class='ocr_par' dir='ltr' id='par_1_29' title="bbox 2133 1299 3765 1385">
     <span class='ocr_line' id='line_1_29' title="bbox 2133 1299 3765 1385; baseline 0.001 -23"><span class='ocrx_word' id='word_1_181' title='bbox 2133 1299 2490 1363; x_wconf 90' lang='lat' dir='ltr'><strong>beneﬁcium</strong></span> <span class='ocrx_word' id='word_1_182' title='bbox 2525 1303 2584 1364; x_wconf 90' lang='lat' dir='ltr'><strong>in</strong></span> <span class='ocrx_word' id='word_1_183' title='bbox 2617 1321 2683 1365; x_wconf 90' lang='lat' dir='ltr'><strong>se</strong></span> <span class='ocrx_word' id='word_1_184' title='bbox 2731 1305 3017 1384; x_wconf 83' lang='lat' dir='ltr'><strong>sanitatis,</strong></span> <span class='ocrx_word' id='word_1_185' title='bbox 3053 1305 3210 1385; x_wconf 90' lang='lat' dir='ltr'><strong>quod</strong></span> <span class='ocrx_word' id='word_1_186' title='bbox 3259 1313 3388 1366; x_wconf 87' lang='lat' dir='ltr'><strong>erat</strong></span> <span class='ocrx_word' id='word_1_187' title='bbox 3418 1305 3765 1377; x_wconf 83' lang='lat' dir='ltr'><strong>maximum,</strong></span> 
     </span>
    </p>
   </div>
   <div class='ocr_carea' id='block_1_30' title="bbox 2127 1391 3767 1474">
    <p class='ocr_par' dir='ltr' id='par_1_30' title="bbox 2127 1391 3767 1474">
     <span class='ocr_line' id='line_1_30' title="bbox 2127 1391 3767 1474; baseline 0.002 -24"><span class='ocrx_word' id='word_1_188' title='bbox 2127 1391 2575 1452; x_wconf 89' lang='lat' dir='ltr'><strong>munerabatur.</strong></span> <span class='ocrx_word' id='word_1_189' title='bbox 2631 1392 2896 1455; x_wconf 87' lang='lat' dir='ltr'><strong>Subinde</strong></span> <span class='ocrx_word' id='word_1_190' title='bbox 2940 1413 3078 1456; x_wconf 89' lang='lat' dir='ltr'><strong>vero</strong></span> <span class='ocrx_word' id='word_1_191' title='bbox 3123 1401 3305 1474; x_wconf 88' lang='lat' dir='ltr'><strong>stans,</strong></span> <span class='ocrx_word' id='word_1_192' title='bbox 3358 1393 3584 1468; x_wconf 90' lang='lat' dir='ltr'><strong>laudes,</strong></span> <span class='ocrx_word' id='word_1_193' title='bbox 3633 1411 3767 1469; x_wconf 78' lang='lat' dir='ltr'><strong>quae</strong></span> 
     </span>
    </p>
   </div>
   <div class='ocr_carea' id='block_1_31' title="bbox 2129 1479 3767 1564">
    <p class='ocr_par' dir='ltr' id='par_1_31' title="bbox 2129 1479 3767 1564">
     <span class='ocr_line' id='line_1_31' title="bbox 2129 1479 3767 1564; baseline 0.002 -25"><span class='ocrx_word' id='word_1_194' title='bbox 2129 1479 2375 1560; x_wconf 63' lang='lat' dir='ltr'><strong>reliqum</strong></span> <span class='ocrx_word' id='word_1_195' title='bbox 2395 1488 2589 1560; x_wconf 86' lang='lat' dir='ltr'><strong>erant,</strong></span> <span class='ocrx_word' id='word_1_196' title='bbox 2615 1501 2747 1544; x_wconf 91' lang='lat' dir='ltr'><strong>cum</strong></span> <span class='ocrx_word' id='word_1_197' title='bbox 2781 1483 2880 1544; x_wconf 90' lang='lat' dir='ltr'><strong>illo</strong></span> <span class='ocrx_word' id='word_1_198' title='bbox 2911 1483 3087 1545; x_wconf 88' lang='lat' dir='ltr'><strong>simul</strong></span> <span class='ocrx_word' id='word_1_199' title='bbox 3123 1483 3615 1564; x_wconf 83' lang='lat' dir='ltr'><strong>prosequebatur.</strong></span> <span class='ocrx_word' id='word_1_200' title='bbox 3649 1480 3767 1545; x_wconf 87' lang='lat' dir='ltr'><strong>Ubi</strong></span> 
     </span>
    </p>
   </div>
   <div class='ocr_carea' id='block_1_32' title="bbox 2123 1569 3765 1652">
    <p class='ocr_par' dir='ltr' id='par_1_32' title="bbox 2123 1569 3765 1652">
     <span class='ocr_line' id='line_1_32' title="bbox 2123 1569 3765 1652; baseline 0.004 -26"><span class='ocrx_word' id='word_1_201' title='bbox 2123 1586 2262 1630; x_wconf 85' lang='lat' dir='ltr'><strong>vero</strong></span> <span class='ocrx_word' id='word_1_202' title='bbox 2310 1569 2489 1632; x_wconf 87' lang='lat' dir='ltr'><strong>dictio</strong></span> <span class='ocrx_word' id='word_1_203' title='bbox 2542 1572 2783 1632; x_wconf 86' lang='lat' dir='ltr'><strong>laudum</strong></span> <span class='ocrx_word' id='word_1_204' title='bbox 2840 1574 3016 1634; x_wconf 88' lang='lat' dir='ltr'><strong>ﬁnem</strong></span> <span class='ocrx_word' id='word_1_205' title='bbox 3071 1573 3319 1652; x_wconf 68' lang='lat' dir='ltr'><strong>accepit,</strong></span> <span class='ocrx_word' id='word_1_206' title='bbox 3373 1572 3765 1650; x_wconf 86' lang='lat' dir='ltr'><strong>sedentesque</strong></span> 
     </span>
    </p>
   </div>
   <div class='ocr_carea' id='block_1_33' title="bbox 2121 1657 3760 1742">
    <p class='ocr_par' dir='ltr' id='par_1_33' title="bbox 2121 1657 3760 1742">
     <span class='ocr_line' id='line_1_33' title="bbox 2121 1657 3760 1742; baseline 0.002 -25"><span class='ocrx_word' id='word_1_207' title='bbox 2121 1657 2281 1738; x_wconf 91' lang='lat' dir='ltr'><strong>loqui</strong></span> <span class='ocrx_word' id='word_1_208' title='bbox 2307 1661 2977 1742; x_wconf 86' lang='lat' dir='ltr'><strong>coeperunt,mirabatur</strong></span> <span class='ocrx_word' id='word_1_209' title='bbox 3001 1670 3194 1725; x_wconf 90' lang='lat' dir='ltr'><strong>autem</strong></span> <span class='ocrx_word' id='word_1_210' title='bbox 3225 1661 3583 1733; x_wconf 87' lang='lat' dir='ltr'><strong>Marcianus,</strong></span> <span class='ocrx_word' id='word_1_211' title='bbox 3610 1677 3760 1740; x_wconf 86' lang='lat' dir='ltr'><strong>quo-</strong></span> 
     </span>
    </p>
   </div>
   <div class='ocr_carea' id='block_1_34' title="bbox 2121 1749 3770 1822">
    <p class='ocr_par' dir='ltr' id='par_1_34' title="bbox 2121 1749 3770 1822">
     <span class='ocr_line' id='line_1_34' title="bbox 2121 1749 3770 1822; baseline 0.001 -14"><span class='ocrx_word' id='word_1_212' title='bbox 2121 1765 2256 1808; x_wconf 89' lang='lat' dir='ltr'><strong>nam</strong></span> <span class='ocrx_word' id='word_1_213' title='bbox 2305 1749 2480 1811; x_wconf 92' lang='lat' dir='ltr'><strong>modo</strong></span> <span class='ocrx_word' id='word_1_214' title='bbox 2539 1751 2625 1812; x_wconf 86' lang='lat' dir='ltr'><strong>vir</strong></span> <span class='ocrx_word' id='word_1_215' title='bbox 2671 1751 2882 1813; x_wconf 83' lang='lat' dir='ltr'><strong>beatus</strong></span> <span class='ocrx_word' id='word_1_216' title='bbox 2938 1753 3059 1814; x_wconf 88' lang='lat' dir='ltr'><strong>illic</strong></span> <span class='ocrx_word' id='word_1_217' title='bbox 3118 1754 3434 1814; x_wconf 89' lang='lat' dir='ltr'><strong>conclusus</strong></span> <span class='ocrx_word' id='word_1_218' title='bbox 3485 1757 3660 1822; x_wconf 89' lang='lat' dir='ltr'><strong>esset,</strong></span> <span class='ocrx_word' id='word_1_219' title='bbox 3711 1756 3770 1809; x_wconf 92' lang='lat' dir='ltr'><strong>et</strong></span> 
     </span>
    </p>
   </div>
   <div class='ocr_carea' id='block_1_35' title="bbox 2118 1842 3765 1921">
    <p class='ocr_par' dir='ltr' id='par_1_35' title="bbox 2118 1842 3765 1921">
     <span class='ocr_line' id='line_1_35' title="bbox 2118 1842 3765 1921; baseline 0.001 -21"><span class='ocrx_word' id='word_1_220' title='bbox 2118 1842 2416 1919; x_wconf 91' lang='lat' dir='ltr'><strong>quomodo</strong></span> <span class='ocrx_word' id='word_1_221' title='bbox 2447 1843 2634 1905; x_wconf 88' lang='lat' dir='ltr'><strong>silens</strong></span> <span class='ocrx_word' id='word_1_222' title='bbox 2655 1863 2862 1907; x_wconf 80' lang='lat' dir='ltr'><strong>carcre</strong></span> <span class='ocrx_word' id='word_1_223' title='bbox 2885 1863 3014 1908; x_wconf 92' lang='lat' dir='ltr'><strong>sese</strong></span> <span class='ocrx_word' id='word_1_224' title='bbox 3035 1846 3262 1907; x_wconf 91' lang='lat' dir='ltr'><strong>lumine</strong></span> <span class='ocrx_word' id='word_1_225' title='bbox 3281 1851 3607 1921; x_wconf 87' lang='lat' dir='ltr'><strong>pateretur,</strong></span> <span class='ocrx_word' id='word_1_226' title='bbox 3632 1859 3765 1902; x_wconf 90' lang='lat' dir='ltr'><strong>cum</strong></span> 
     </span>
    </p>
   </div>
   <div class='ocr_carea' id='block_1_36' title="bbox 395 1927 3766 2015">
    <p class='ocr_par' dir='ltr' id='par_1_36' title="bbox 395 1927 3766 2015">
     <span class='ocr_line' id='line_1_36' title="bbox 395 1927 3766 2015; baseline -0.001 -21"><span class='ocrx_word' id='word_1_227' title='bbox 395 1933 618 2014; x_wconf 81' lang='lat' dir='ltr'><strong>alioqui</strong></span> <span class='ocrx_word' id='word_1_228' title='bbox 661 1933 1066 1995; x_wconf 76' lang='lat' dir='ltr'><strong>observantem</strong></span> <span class='ocrx_word' id='word_1_229' title='bbox 1105 1949 1191 2008; x_wconf 88' lang='lat' dir='ltr'><strong>se,</strong></span> <span class='ocrx_word' id='word_1_230' title='bbox 1228 1930 1432 2014; x_wconf 90' lang='lat' dir='ltr'><strong>ibique</strong></span> <span class='ocrx_word' id='word_1_231' title='bbox 1463 1930 1892 1993; x_wconf 85' lang='lat' dir='ltr'><strong>inhabitantem</strong></span> <span class='ocrx_word' id='word_1_232' title='bbox 1944 1927 2300 2006; x_wconf 77' lang='lat' dir='ltr'><strong>gravissime</strong></span> <span class='ocrx_word' id='word_1_233' title='bbox 2335 1942 2532 2012; x_wconf 86' lang='lat' dir='ltr'><strong>posset</strong></span> <span class='ocrx_word' id='word_1_234' title='bbox 2581 1933 2885 1996; x_wconf 80' lang='lat' dir='ltr'><strong>offendere</strong></span> <span class='ocrx_word' id='word_1_235' title='bbox 2911 1942 2939 1997; x_wconf 87' lang='lat'><strong><em>?</em></strong></span> <span class='ocrx_word' id='word_1_236' title='bbox 2985 1934 3056 1996; x_wconf 88' lang='lat' dir='ltr'><strong>Et</strong></span> <span class='ocrx_word' id='word_1_237' title='bbox 3086 1936 3208 1997; x_wconf 74' lang='lat' dir='ltr'><strong>haec</strong></span> <span class='ocrx_word' id='word_1_238' title='bbox 3264 1933 3504 2015; x_wconf 91' lang='lat' dir='ltr'><strong>quidem</strong></span> <span class='ocrx_word' id='word_1_239' title='bbox 3538 1930 3622 1992; x_wconf 88' lang='lat' dir='ltr'><strong>illi</strong></span> <span class='ocrx_word' id='word_1_240' title='bbox 3669 1929 3766 1990; x_wconf 90' lang='lat' dir='ltr'><strong>in-</strong></span> 
     </span>
    </p>
   </div>
   <div class='ocr_carea' id='block_1_37' title="bbox 395 2022 1024 2102">
    <p class='ocr_par' dir='ltr' id='par_1_37' title="bbox 395 2022 1024 2102">
     <span class='ocr_line' id='line_1_37' title="bbox 395 2022 1024 2102; baseline 0.002 -19"><span class='ocrx_word' id='word_1_241' title='bbox 395 2023 585 2084; x_wconf 75' lang='lat' dir='ltr'><strong>vicem</strong></span> <span class='ocrx_word' id='word_1_242' title='bbox 609 2022 1024 2102; x_wconf 83' lang='lat' dir='ltr'><strong>loquebantur.</strong></span> 
     </span>
    </p>
   </div>
   <div class='ocr_carea' id='block_1_38' title="bbox 475 2105 2044 2192">
    <p class='ocr_par' dir='ltr' id='par_1_38' title="bbox 475 2105 2044 2192">
     <span class='ocr_line' id='line_1_38' title="bbox 475 2105 2044 2192; baseline -0.003 -22"><span class='ocrx_word' id='word_1_243' title='bbox 475 2105 624 2175; x_wconf 61' lang='grc' dir='ltr'><strong>κη’.</strong></span> <span class='ocrx_word' id='word_1_244' title='bbox 684 2116 742 2173; x_wconf 79' lang='grc' dir='ltr'><strong>οἱ</strong></span> <span class='ocrx_word' id='word_1_245' title='bbox 773 2112 826 2169; x_wconf 80' lang='grc' dir='ltr'>δὲ</span> <span class='ocrx_word' id='word_1_246' title='bbox 882 2115 1167 2170; x_wconf 75' lang='grc' dir='ltr'>ἒπίσκοποι</span> <span class='ocrx_word' id='word_1_247' title='bbox 1217 2116 1264 2171; x_wconf 76' lang='grc' dir='ltr'>οἱ</span> <span class='ocrx_word' id='word_1_248' title='bbox 1319 2113 1525 2188; x_wconf 79' lang='grc' dir='ltr'>σύναμα</span> <span class='ocrx_word' id='word_1_249' title='bbox 1560 2119 1846 2192; x_wconf 76' lang='grc' dir='ltr'>Μαρκιαδῷ</span> <span class='ocrx_word' id='word_1_250' title='bbox 1901 2110 2044 2185; x_wconf 81' lang='grc' dir='ltr'>παρὰ</span> 
     </span>
    </p>
   </div>
   <div class='ocr_carea' id='block_1_39' title="bbox 378 2201 2042 2283">
    <p class='ocr_par' dir='ltr' id='par_1_39' title="bbox 378 2201 2042 2283">
     <span class='ocr_line' id='line_1_39' title="bbox 378 2201 2042 2283; baseline -0.002 -24"><span class='ocrx_word' id='word_1_251' title='bbox 378 2202 664 2280; x_wconf 82' lang='grc' dir='ltr'>βασιλέως</span> <span class='ocrx_word' id='word_1_252' title='bbox 729 2201 1039 2275; x_wconf 77' lang='grc' dir='ltr'>σταλέντες,</span> <span class='ocrx_word' id='word_1_253' title='bbox 1108 2203 1194 2283; x_wconf 76' lang='grc' dir='ltr'><strong>ἐφ’</strong></span> <span class='ocrx_word' id='word_1_254' title='bbox 1249 2206 1294 2277; x_wconf 80' lang='grc' dir='ltr'>ᾦ</span> <span class='ocrx_word' id='word_1_255' title='bbox 1348 2204 1413 2259; x_wconf 81' lang='grc' dir='ltr'>τὰ</span> <span class='ocrx_word' id='word_1_256' title='bbox 1475 2204 1588 2280; x_wconf 82' lang='grc' dir='ltr'>περὶ</span> <span class='ocrx_word' id='word_1_257' title='bbox 1640 2202 1926 2280; x_wconf 79' lang='grc' dir='ltr'>Γρηγορίου</span> <span class='ocrx_word' id='word_1_258' title='bbox 1969 2202 2042 2263; x_wconf 84' lang='grc' dir='ltr'>εἷς</span> 
     </span>
    </p>
   </div>
   <div class='ocr_carea' id='block_1_40' title="bbox 369 2292 2042 2371">
    <p class='ocr_par' dir='ltr' id='par_1_40' title="bbox 369 2292 2042 2371">
     <span class='ocr_line' id='line_1_40' title="bbox 369 2292 2042 2371; baseline -0.003 -22"><span class='ocrx_word' id='word_1_259' title='bbox 369 2293 590 2362; x_wconf 77' lang='grc' dir='ltr'>ἔρευναν</span> <span class='ocrx_word' id='word_1_260' title='bbox 647 2294 900 2370; x_wconf 72' lang='grc' dir='ltr'>ἀγαγεῖν,</span> <span class='ocrx_word' id='word_1_261' title='bbox 936 2294 1009 2355; x_wconf 83' lang='grc' dir='ltr'>εἷς</span> <span class='ocrx_word' id='word_1_262' title='bbox 1067 2293 1168 2359; x_wconf 74' lang='grc' dir='ltr'><strong>τὴν</strong></span> <span class='ocrx_word' id='word_1_263' title='bbox 1216 2292 1381 2348; x_wconf 79' lang='grc' dir='ltr'>οἰκίαν</span> <span class='ocrx_word' id='word_1_264' title='bbox 1426 2297 1564 2371; x_wconf 73' lang='grc' dir='ltr'>ᾗπερ</span> <span class='ocrx_word' id='word_1_265' title='bbox 1607 2294 1699 2349; x_wconf 73' lang='grc' dir='ltr'><strong>τὸν</strong></span> <span class='ocrx_word' id='word_1_266' title='bbox 1755 2292 2042 2366; x_wconf 77' lang='grc' dir='ltr'>σπαθάριον</span> 
     </span>
    </p>
   </div>
   <div class='ocr_carea' id='block_1_41' title="bbox 374 2379 2038 2461">
    <p class='ocr_par' dir='ltr' id='par_1_41' title="bbox 374 2379 2038 2461">
     <span class='ocr_line' id='line_1_41' title="bbox 374 2379 2038 2461; baseline -0.001 -23"><span class='ocrx_word' id='word_1_267' title='bbox 374 2382 572 2453; x_wconf 69' lang='grc' dir='ltr'>ὶξένιζε</span> <span class='ocrx_word' id='word_1_268' title='bbox 627 2383 940 2460; x_wconf 74' lang='grc' dir='ltr'>γεγονότες,</span> <span class='ocrx_word' id='word_1_269' title='bbox 978 2381 1092 2438; x_wconf 67' lang='grc' dir='ltr'>ἐπεὶ</span> <span class='ocrx_word' id='word_1_270' title='bbox 1151 2382 1252 2461; x_wconf 69' lang='grc' dir='ltr'>οὔχ</span> <span class='ocrx_word' id='word_1_271' title='bbox 1314 2381 1462 2461; x_wconf 70' lang='grc' dir='ltr'>εὖρον</span> <span class='ocrx_word' id='word_1_272' title='bbox 1516 2384 1674 2442; x_wconf 77' lang='grc' dir='ltr'>αὐτὸν</span> <span class='ocrx_word' id='word_1_273' title='bbox 1729 2379 2038 2447; x_wconf 75' lang='grc' dir='ltr'>τεθνηκέναι</span> 
     </span>
    </p>
   </div>
   <div class='ocr_carea' id='block_1_42' title="bbox 387 2469 2041 2551">
    <p class='ocr_par' dir='ltr' id='par_1_42' title="bbox 387 2469 2041 2551">
     <span class='ocr_line' id='line_1_42' title="bbox 387 2469 2041 2551; baseline -0.002 -23"><span class='ocrx_word' id='word_1_274' title='bbox 387 2471 486 2538; x_wconf 66' lang='grc' dir='ltr'><strong>ἤδη</strong></span> <span class='ocrx_word' id='word_1_275' title='bbox 542 2475 624 2528; x_wconf 65' lang='grc' dir='ltr'><strong>καὶ</strong></span> <span class='ocrx_word' id='word_1_276' title='bbox 654 2479 802 2551; x_wconf 77' lang='grc' dir='ltr'>ταφῇ</span> <span class='ocrx_word' id='word_1_277' title='bbox 863 2470 1078 2538; x_wconf 75' lang='grc' dir='ltr'>δοθῆναι</span> <span class='ocrx_word' id='word_1_278' title='bbox 1129 2473 1222 2528; x_wconf 85' lang='grc' dir='ltr'>τὸν</span> <span class='ocrx_word' id='word_1_279' title='bbox 1267 2470 1426 2550; x_wconf 74' lang='grc' dir='ltr'>ἄνδρα</span> <span class='ocrx_word' id='word_1_280' title='bbox 1473 2473 1812 2547; x_wconf 70' lang='grc' dir='ltr'>νομίσαντες,</span> <span class='ocrx_word' id='word_1_281' title='bbox 1845 2469 2041 2547; x_wconf 80' lang='grc' dir='ltr'>ᾔδεσαν</span> 
     </span>
    </p>
   </div>
   <div class='ocr_carea' id='block_1_43' title="bbox 389 2560 2041 2641">
    <p class='ocr_par' dir='ltr' id='par_1_43' title="bbox 389 2560 2041 2641">
     <span class='ocr_line' id='line_1_43' title="bbox 389 2560 2041 2641; baseline -0.002 -24"><span class='ocrx_word' id='word_1_282' title='bbox 389 2563 506 2641; x_wconf 73' lang='grc' dir='ltr'>γὰρ,</span> <span class='ocrx_word' id='word_1_283' title='bbox 561 2563 625 2617; x_wconf 74' lang='grc' dir='ltr'>τὸ</span> <span class='ocrx_word' id='word_1_284' title='bbox 698 2566 799 2627; x_wconf 74' lang='grc' dir='ltr'>τῆς</span> <span class='ocrx_word' id='word_1_285' title='bbox 873 2560 1015 2622; x_wconf 79' lang='grc' dir='ltr'>θείας</span> <span class='ocrx_word' id='word_1_286' title='bbox 1075 2561 1233 2640; x_wconf 78' lang='grc' dir='ltr'>φάναι</span> <span class='ocrx_word' id='word_1_287' title='bbox 1293 2562 1526 2640; x_wconf 71' lang='grc' dir='ltr'>Γραφῆς,</span> <span class='ocrx_word' id='word_1_288' title='bbox 1587 2562 1840 2639; x_wconf 80' lang='grc' dir='ltr'>κραταιὰν</span> <span class='ocrx_word' id='word_1_289' title='bbox 1899 2561 2041 2616; x_wconf 76' lang='grc' dir='ltr'>εἶναι</span> 
     </span>
    </p>
   </div>
   <div class='ocr_carea' id='block_1_44' title="bbox 381 2647 2040 2729">
    <p class='ocr_par' dir='ltr' id='par_1_44' title="bbox 381 2647 2040 2729">
     <span class='ocr_line' id='line_1_44' title="bbox 381 2647 2040 2729; baseline -0.004 -20"><span class='ocrx_word' id='word_1_290' title='bbox 381 2650 478 2716; x_wconf 71' lang='grc' dir='ltr'><strong>τήν</strong></span> <span class='ocrx_word' id='word_1_291' title='bbox 528 2648 830 2729; x_wconf 61' lang='grc' dir='ltr'>ἀρρωστίαν</span> <span class='ocrx_word' id='word_1_292' title='bbox 886 2648 1064 2722; x_wconf 68' lang='grc' dir='ltr'>αὒτοῦ,</span> <span class='ocrx_word' id='word_1_293' title='bbox 1122 2647 1392 2729; x_wconf 75' lang='grc' dir='ltr'>σῦμφορὰν</span> <span class='ocrx_word' id='word_1_294' title='bbox 1449 2650 1725 2707; x_wconf 72' lang='grc' dir='ltr'>ἐποιοῦντο</span> <span class='ocrx_word' id='word_1_295' title='bbox 1781 2651 1843 2706; x_wconf 80' lang='grc' dir='ltr'>τὸ</span> <span class='ocrx_word' id='word_1_296' title='bbox 1899 2654 2040 2726; x_wconf 80' lang='grc' dir='ltr'>πρᾶ-</span> 
     </span>
    </p>
   </div>
   <div class='ocr_carea' id='block_1_45' title="bbox 376 2736 2042 2819">
    <p class='ocr_par' dir='ltr' id='par_1_45' title="bbox 376 2736 2042 2819">
     <span class='ocr_line' id='line_1_45' title="bbox 376 2736 2042 2819; baseline -0.001 -25"><span class='ocrx_word' id='word_1_297' title='bbox 376 2761 511 2818; x_wconf 81' lang='grc' dir='ltr'>γμα,</span> <span class='ocrx_word' id='word_1_298' title='bbox 547 2739 643 2794; x_wconf 78' lang='grc' dir='ltr'><strong>καὶ</strong></span> <span class='ocrx_word' id='word_1_299' title='bbox 688 2739 904 2815; x_wconf 77' lang='grc' dir='ltr'>θρήνοις</span> <span class='ocrx_word' id='word_1_300' title='bbox 951 2737 1188 2809; x_wconf 74' lang='grc' dir='ltr'>εἷ’κοντο,</span> <span class='ocrx_word' id='word_1_301' title='bbox 1220 2739 1312 2796; x_wconf 88' lang='grc' dir='ltr'><strong>τόν</strong></span> <span class='ocrx_word' id='word_1_302' title='bbox 1363 2761 1422 2795; x_wconf 87' lang='grc' dir='ltr'><strong>τε</strong></span> <span class='ocrx_word' id='word_1_303' title='bbox 1466 2738 1617 2819; x_wconf 61' lang='grc' dir='ltr'>φίλον</span> <span class='ocrx_word' id='word_1_304' title='bbox 1669 2736 2042 2812; x_wconf 84' lang='grc' dir='ltr'>ἀποκλαιόμε-</span> 
     </span>
    </p>
   </div>
   <div class='ocr_carea' id='block_1_46' title="bbox 375 2826 2044 2905">
    <p class='ocr_par' dir='ltr' id='par_1_46' title="bbox 375 2826 2044 2905">
     <span class='ocr_line' id='line_1_46' title="bbox 375 2826 2044 2905; baseline -0.002 -20"><span class='ocrx_word' id='word_1_305' title='bbox 375 2850 479 2904; x_wconf 75' lang='lat' dir='ltr'><strong>vat,</strong></span> <span class='ocrx_word' id='word_1_306' title='bbox 512 2830 606 2886; x_wconf 78' lang='grc' dir='ltr'><strong>καὶ</strong></span> <span class='ocrx_word' id='word_1_307' title='bbox 654 2828 774 2904; x_wconf 75' lang='grc' dir='ltr'>ἅμα</span> <span class='ocrx_word' id='word_1_308' title='bbox 820 2829 883 2884; x_wconf 77' lang='grc' dir='ltr'>τὸ</span> <span class='ocrx_word' id='word_1_309' title='bbox 925 2827 1003 2903; x_wconf 79' lang='grc' dir='ltr'><strong>μὴ</strong></span> <span class='ocrx_word' id='word_1_310' title='bbox 1055 2827 1280 2905; x_wconf 81' lang='grc' dir='ltr'>μετρίως</span> <span class='ocrx_word' id='word_1_311' title='bbox 1340 2829 1514 2886; x_wconf 75' lang='grc' dir='ltr'>ο⁴ίσειν</span> <span class='ocrx_word' id='word_1_312' title='bbox 1569 2831 1660 2886; x_wconf 79' lang='grc' dir='ltr'><strong>τὸν</strong></span> <span class='ocrx_word' id='word_1_313' title='bbox 1710 2827 1956 2904; x_wconf 79' lang='grc' dir='ltr'>βασιλέα,</span> <span class='ocrx_word' id='word_1_314' title='bbox 1992 2826 2044 2882; x_wconf 77' lang='grc' dir='ltr'>ἒν</span> 
     </span>
    </p>
   </div>
   <div class='ocr_carea' id='block_1_47' title="bbox 383 2917 2043 2996">
    <p class='ocr_par' dir='ltr' id='par_1_47' title="bbox 383 2917 2043 2996">
     <span class='ocr_line' id='line_1_47' title="bbox 383 2917 2043 2996; baseline -0.002 -21"><span class='ocrx_word' id='word_1_315' title='bbox 383 2921 666 2994; x_wconf 71' lang='grc' dir='ltr'>προσθήκῃ</span> <span class='ocrx_word' id='word_1_316' title='bbox 736 2919 839 2984; x_wconf 70' lang='grc' dir='ltr'>τῆς</span> <span class='ocrx_word' id='word_1_317' title='bbox 897 2923 1170 2996; x_wconf 75' lang='grc' dir='ltr'>συμφορᾶς</span> <span class='ocrx_word' id='word_1_318' title='bbox 1225 2917 1513 2993; x_wconf 81' lang='grc' dir='ltr'>τιθέμενοι.</span> <span class='ocrx_word' id='word_1_319' title='bbox 1575 2917 1726 2976; x_wconf 70' lang='grc' dir='ltr'>Οὕτω</span> <span class='ocrx_word' id='word_1_320' title='bbox 1785 2918 1889 2973; x_wconf 79' lang='grc' dir='ltr'><strong>τῶν</strong></span> <span class='ocrx_word' id='word_1_321' title='bbox 1949 2917 2043 2972; x_wconf 80' lang='grc' dir='ltr'><strong>ἀν-</strong></span> 
     </span>
    </p>
   </div>
   <div class='ocr_carea' id='block_1_48' title="bbox 389 3001 2044 3085">
    <p class='ocr_par' dir='ltr' id='par_1_48' title="bbox 389 3001 2044 3085">
     <span class='ocr_line' id='line_1_48' title="bbox 389 3001 2044 3085; baseline -0.001 -22"><span class='ocrx_word' id='word_1_322' title='bbox 389 3004 513 3084; x_wconf 78' lang='grc' dir='ltr'>δρῶν</span> <span class='ocrx_word' id='word_1_323' title='bbox 573 3004 1013 3085; x_wconf 65' lang='grc' dir='ltr'>ὀλοφυρομένων,</span> <span class='ocrx_word' id='word_1_324' title='bbox 1072 3001 1181 3062; x_wconf 77' lang='grc' dir='ltr'>ἰδοὺ</span> <span class='ocrx_word' id='word_1_325' title='bbox 1238 3005 1336 3062; x_wconf 78' lang='grc' dir='ltr'><strong>καΐ</strong></span> <span class='ocrx_word' id='word_1_326' title='bbox 1392 3011 1501 3063; x_wconf 85' lang='grc' dir='ltr'><strong>τῶν</strong></span> <span class='ocrx_word' id='word_1_327' title='bbox 1559 3006 1895 3082; x_wconf 81' lang='grc' dir='ltr'>θεραπόντων</span> <span class='ocrx_word' id='word_1_328' title='bbox 1951 3010 2044 3061; x_wconf 80' lang='grc' dir='ltr'>τοῦ</span> 
     </span>
    </p>
   </div>
   <div class='ocr_carea' id='block_1_49' title="bbox 385 3093 2041 3175">
    <p class='ocr_par' dir='ltr' id='par_1_49' title="bbox 385 3093 2041 3175">
     <span class='ocr_line' id='line_1_49' title="bbox 385 3093 2041 3175; baseline -0.003 -22"><span class='ocrx_word' id='word_1_329' title='bbox 385 3097 672 3169; x_wconf 73' lang='grc' dir='ltr'>σπαθαρίου</span> <span class='ocrx_word' id='word_1_330' title='bbox 747 3099 855 3170; x_wconf 81' lang='grc' dir='ltr'>εἷς,</span> <span class='ocrx_word' id='word_1_331' title='bbox 913 3093 1093 3170; x_wconf 80' lang='grc' dir='ltr'>δρόμῳ</span> <span class='ocrx_word' id='word_1_332' title='bbox 1165 3097 1272 3158; x_wconf 80' lang='grc' dir='ltr'><strong>τῶς</strong></span> <span class='ocrx_word' id='word_1_333' title='bbox 1345 3095 1586 3175; x_wconf 70' lang='grc' dir='ltr'>φυλακῆς</span> <span class='ocrx_word' id='word_1_334' title='bbox 1659 3093 2041 3172; x_wconf 86' lang='grc' dir='ltr'>παραγεγονὼς</span> 
     </span>
    </p>
   </div>
   <div class='ocr_carea' id='block_1_50' title="bbox 373 3182 2044 3265">
    <p class='ocr_par' dir='ltr' id='par_1_50' title="bbox 373 3182 2044 3265">
     <span class='ocr_line' id='line_1_50' title="bbox 373 3182 2044 3265; baseline -0.002 -23"><span class='ocrx_word' id='word_1_335' title='bbox 373 3183 484 3242; x_wconf 78' lang='grc' dir='ltr'>λόει</span> <span class='ocrx_word' id='word_1_336' title='bbox 534 3187 634 3243; x_wconf 75' lang='grc' dir='ltr'><strong>τὸν</strong></span> <span class='ocrx_word' id='word_1_337' title='bbox 665 3189 864 3263; x_wconf 80' lang='grc' dir='ltr'>θρῆνον</span> <span class='ocrx_word' id='word_1_338' title='bbox 915 3183 1202 3262; x_wconf 72' lang='grc' dir='ltr'>εὐάγγελος</span> <span class='ocrx_word' id='word_1_339' title='bbox 1251 3185 1436 3248; x_wconf 69' lang='grc' dir='ltr'>αὐτοῖς</span> <span class='ocrx_word' id='word_1_340' title='bbox 1495 3186 1701 3265; x_wconf 78' lang='grc' dir='ltr'>φανεὶς,</span> <span class='ocrx_word' id='word_1_341' title='bbox 1734 3185 1824 3240; x_wconf 84' lang='grc' dir='ltr'><strong>καὶ</strong></span> <span class='ocrx_word' id='word_1_342' title='bbox 1871 3182 2044 3239; x_wconf 85' lang='grc' dir='ltr'>πάντα</span> 
     </span>
    </p>
   </div>
   <div class='ocr_carea' id='block_1_51' title="bbox 366 3272 2044 3350">
    <p class='ocr_par' dir='ltr' id='par_1_51' title="bbox 366 3272 2044 3350">
     <span class='ocr_line' id='line_1_51' title="bbox 366 3272 2044 3350; baseline -0.003 -17"><span class='ocrx_word' id='word_1_343' title='bbox 366 3277 494 3342; x_wconf 71' lang='grc' dir='ltr'><strong>ἑξῆς</strong></span> <span class='ocrx_word' id='word_1_344' title='bbox 544 3275 722 3332; x_wconf 77' lang='grc' dir='ltr'>εἰπὼν</span> <span class='ocrx_word' id='word_1_345' title='bbox 779 3274 874 3332; x_wconf 85' lang='grc' dir='ltr'><strong>τόν</strong></span> <span class='ocrx_word' id='word_1_346' title='bbox 931 3295 988 3333; x_wconf 80' lang='grc' dir='ltr'><strong>τε</strong></span> <span class='ocrx_word' id='word_1_347' title='bbox 1050 3277 1340 3350; x_wconf 76' lang='grc' dir='ltr'>ἰασάμενον</span> <span class='ocrx_word' id='word_1_348' title='bbox 1395 3276 1484 3331; x_wconf 88' lang='grc' dir='ltr'><strong>καὶ</strong></span> <span class='ocrx_word' id='word_1_349' title='bbox 1537 3275 1626 3330; x_wconf 77' lang='grc' dir='ltr'><strong>τὸν</strong></span> <span class='ocrx_word' id='word_1_350' title='bbox 1684 3276 1783 3341; x_wconf 76' lang='grc' dir='ltr'><strong>τῆς</strong></span> <span class='ocrx_word' id='word_1_351' title='bbox 1853 3272 2044 3335; x_wconf 76' lang='grc' dir='ltr'>ἰάσεως</span> 
     </span>
    </p>
   </div>
   <div class='ocr_carea' id='block_1_52' title="bbox 2206 2109 3766 2196">
    <p class='ocr_par' dir='ltr' id='par_1_52' title="bbox 2206 2109 3766 2196">
     <span class='ocr_line' id='line_1_52' title="bbox 2206 2109 3766 2196; baseline 0 -24"><span class='ocrx_word' id='word_1_352' title='bbox 2206 2109 2456 2175; x_wconf 82' lang='lat' dir='ltr'><strong>XLVIII.</strong></span> <span class='ocrx_word' id='word_1_353' title='bbox 2495 2115 2678 2177; x_wconf 85' lang='lat' dir='ltr'><strong>Porro</strong></span> <span class='ocrx_word' id='word_1_354' title='bbox 2713 2116 3002 2196; x_wconf 79' lang='lat' dir='ltr'><strong>episcopi,</strong></span> <span class='ocrx_word' id='word_1_355' title='bbox 3037 2116 3135 2196; x_wconf 90' lang='lat' dir='ltr'><strong>qui</strong></span> <span class='ocrx_word' id='word_1_356' title='bbox 3167 2115 3238 2177; x_wconf 89' lang='lat' dir='ltr'><strong>ab</strong></span> <span class='ocrx_word' id='word_1_357' title='bbox 3270 2133 3412 2193; x_wconf 80' lang='lat' dir='ltr'><strong>rege</strong></span> <span class='ocrx_word' id='word_1_358' title='bbox 3445 2131 3576 2175; x_wconf 92' lang='lat' dir='ltr'><strong>cum</strong></span> <span class='ocrx_word' id='word_1_359' title='bbox 3612 2111 3766 2173; x_wconf 87' lang='lat' dir='ltr'><strong>Mar-</strong></span> 
     </span>
    </p>
   </div>
   <div class='ocr_carea' id='block_1_53' title="bbox 2126 2200 3767 2284">
    <p class='ocr_par' dir='ltr' id='par_1_53' title="bbox 2126 2200 3767 2284">
     <span class='ocr_line' id='line_1_53' title="bbox 2126 2200 3767 2284; baseline -0.001 -21"><span class='ocrx_word' id='word_1_360' title='bbox 2126 2202 2295 2264; x_wconf 90' lang='lat' dir='ltr'><strong>ciano</strong></span> <span class='ocrx_word' id='word_1_361' title='bbox 2326 2203 2495 2264; x_wconf 87' lang='lat' dir='ltr'><strong>missi</strong></span> <span class='ocrx_word' id='word_1_362' title='bbox 2531 2203 2864 2278; x_wconf 87' lang='lat' dir='ltr'><strong>fuerant,ut</strong></span> <span class='ocrx_word' id='word_1_363' title='bbox 2893 2203 3162 2283; x_wconf 79' lang='lat' dir='ltr'><strong>Gregorii</strong></span> <span class='ocrx_word' id='word_1_364' title='bbox 3186 2223 3422 2267; x_wconf 87' lang='lat' dir='ltr'><strong>causam</strong></span> <span class='ocrx_word' id='word_1_365' title='bbox 3453 2200 3767 2284; x_wconf 65' lang='lat' dir='ltr'><strong>quaastioni</strong></span> 
     </span>
    </p>
   </div>
   <div class='ocr_carea' id='block_1_54' title="bbox 2124 2292 3766 2371">
    <p class='ocr_par' dir='ltr' id='par_1_54' title="bbox 2124 2292 3766 2371">
     <span class='ocr_line' id='line_1_54' title="bbox 2124 2292 3766 2371; baseline 0.001 -20"><span class='ocrx_word' id='word_1_366' title='bbox 2124 2301 2307 2371; x_wconf 83' lang='lat' dir='ltr'><strong>atque</strong></span> <span class='ocrx_word' id='word_1_367' title='bbox 2350 2292 2578 2368; x_wconf 90' lang='lat' dir='ltr'><strong>judicio</strong></span> <span class='ocrx_word' id='word_1_368' title='bbox 2610 2293 2954 2369; x_wconf 88' lang='lat' dir='ltr'><strong>subderent,</strong></span> <span class='ocrx_word' id='word_1_369' title='bbox 2991 2297 3232 2357; x_wconf 90' lang='lat' dir='ltr'><strong>domum</strong></span> <span class='ocrx_word' id='word_1_370' title='bbox 3279 2294 3380 2356; x_wconf 92' lang='lat' dir='ltr'><strong>ubi</strong></span> <span class='ocrx_word' id='word_1_371' title='bbox 3432 2293 3766 2355; x_wconf 85' lang='lat' dir='ltr'><strong>Marcianus</strong></span> 
     </span>
    </p>
   </div>
   <div class='ocr_carea' id='block_1_55' title="bbox 2123 2380 3769 2465">
    <p class='ocr_par' dir='ltr' id='par_1_55' title="bbox 2123 2380 3769 2465">
     <span class='ocr_line' id='line_1_55' title="bbox 2123 2380 3769 2465; baseline 0 -23"><span class='ocrx_word' id='word_1_372' title='bbox 2123 2380 2533 2444; x_wconf 86' lang='lat' dir='ltr'><strong>diversabatnr</strong></span> <span class='ocrx_word' id='word_1_373' title='bbox 2567 2385 2837 2465; x_wconf 78' lang='lat' dir='ltr'><strong>profecti,</strong></span> <span class='ocrx_word' id='word_1_374' title='bbox 2859 2405 2994 2446; x_wconf 90' lang='lat' dir='ltr'><strong>cum</strong></span> <span class='ocrx_word' id='word_1_375' title='bbox 3020 2386 3189 2448; x_wconf 91' lang='lat' dir='ltr'><strong>illum</strong></span> <span class='ocrx_word' id='word_1_376' title='bbox 3228 2387 3473 2446; x_wconf 90' lang='lat' dir='ltr'><strong>minime</strong></span> <span class='ocrx_word' id='word_1_377' title='bbox 3503 2381 3769 2444; x_wconf 80' lang='lat' dir='ltr'><strong>invenis—</strong></span> 
     </span>
    </p>
   </div>
   <div class='ocr_carea' id='block_1_56' title="bbox 2125 2471 3770 2557">
    <p class='ocr_par' dir='ltr' id='par_1_56' title="bbox 2125 2471 3770 2557">
     <span class='ocr_line' id='line_1_56' title="bbox 2125 2471 3770 2557; baseline 0 -24"><span class='ocrx_word' id='word_1_378' title='bbox 2125 2479 2565 2551; x_wconf 79' lang='lat' dir='ltr'><strong>sent,su~premo</strong></span> <span class='ocrx_word' id='word_1_379' title='bbox 2587 2473 2706 2536; x_wconf 83' lang='lat' dir='ltr'><strong>fato</strong></span> <span class='ocrx_word' id='word_1_380' title='bbox 2720 2477 3111 2557; x_wconf 87' lang='lat' dir='ltr'><strong>concessisse,</strong></span> <span class='ocrx_word' id='word_1_381' title='bbox 3137 2475 3568 2552; x_wconf 86' lang='lat' dir='ltr'><strong>hominemque</strong></span> <span class='ocrx_word' id='word_1_382' title='bbox 3581 2471 3770 2553; x_wconf 88' lang='lat' dir='ltr'><strong>sepul-</strong></span> 
     </span>
    </p>
   </div>
   <div class='ocr_carea' id='block_1_57' title="bbox 2125 2563 3766 2640">
    <p class='ocr_par' dir='ltr' id='par_1_57' title="bbox 2125 2563 3766 2640">
     <span class='ocr_line' id='line_1_57' title="bbox 2125 2563 3766 2640; baseline 0.001 -16"><span class='ocrx_word' id='word_1_383' title='bbox 2125 2579 2228 2624; x_wconf 88' lang='lat' dir='ltr'><strong>cro</strong></span> <span class='ocrx_word' id='word_1_384' title='bbox 2275 2563 2580 2624; x_wconf 88' lang='lat' dir='ltr'><strong>conditum</strong></span> <span class='ocrx_word' id='word_1_385' title='bbox 2630 2565 3056 2640; x_wconf 81' lang='lat' dir='ltr'><strong>existimantes,</strong></span> <span class='ocrx_word' id='word_1_386' title='bbox 3117 2565 3386 2628; x_wconf 80' lang='lat' dir='ltr'><strong>sciebant</strong></span> <span class='ocrx_word' id='word_1_387' title='bbox 3458 2563 3619 2625; x_wconf 88' lang='lat' dir='ltr'><strong>enim</strong></span> <span class='ocrx_word' id='word_1_388' title='bbox 3676 2569 3766 2639; x_wconf 80' lang='lat' dir='ltr'><strong>(ut.</strong></span> 
     </span>
    </p>
   </div>
   <div class='ocr_carea' id='block_1_58' title="bbox 2125 2651 3769 2736">
    <p class='ocr_par' dir='ltr' id='par_1_58' title="bbox 2125 2651 3769 2736">
     <span class='ocr_line' id='line_1_58' title="bbox 2125 2651 3769 2736; baseline 0.002 -25"><span class='ocrx_word' id='word_1_389' title='bbox 2125 2651 2326 2715; x_wconf 87' lang='lat' dir='ltr'><strong>verbis</strong></span> <span class='ocrx_word' id='word_1_390' title='bbox 2363 2661 2502 2736; x_wconf 88' lang='lat' dir='ltr'><strong>utar</strong></span> <span class='ocrx_word' id='word_1_391' title='bbox 2535 2655 2855 2736; x_wconf 59' lang='lat' dir='ltr'><strong>Scriptura;</strong></span> <span class='ocrx_word' id='word_1_392' title='bbox 2908 2656 3324 2735; x_wconf 82' lang='lat' dir='ltr'><strong>aegritudinem</strong></span> <span class='ocrx_word' id='word_1_393' title='bbox 3359 2655 3488 2736; x_wconf 87' lang='lat' dir='ltr'><strong>ejus</strong></span> <span class='ocrx_word' id='word_1_394' title='bbox 3534 2669 3769 2734; x_wconf 76' lang='lat' dir='ltr'><strong>gravem</strong></span> 
     </span>
    </p>
   </div>
   <div class='ocr_carea' id='block_1_59' title="bbox 2127 2743 3775 2824">
    <p class='ocr_par' dir='ltr' id='par_1_59' title="bbox 2127 2743 3775 2824">
     <span class='ocr_line' id='line_1_59' title="bbox 2127 2743 3775 2824; baseline 0.001 -22"><span class='ocrx_word' id='word_1_395' title='bbox 2127 2759 2307 2804; x_wconf 75' lang='lat' dir='ltr'><strong>esse:</strong></span> <span class='ocrx_word' id='word_1_396' title='bbox 2364 2744 2635 2806; x_wconf 91' lang='lat' dir='ltr'><strong>tulerunt</strong></span> <span class='ocrx_word' id='word_1_397' title='bbox 2687 2745 2945 2824; x_wconf 83' lang='lat' dir='ltr'><strong>graviter</strong></span> <span class='ocrx_word' id='word_1_398' title='bbox 2991 2753 3050 2808; x_wconf 92' lang='lat' dir='ltr'><strong>et</strong></span> <span class='ocrx_word' id='word_1_399' title='bbox 3092 2748 3331 2818; x_wconf 84' lang='lat' dir='ltr'><strong>acerbe,</strong></span> <span class='ocrx_word' id='word_1_400' title='bbox 3366 2743 3655 2820; x_wconf 84' lang='lat' dir='ltr'><strong>luctuque</strong></span> <span class='ocrx_word' id='word_1_401' title='bbox 3706 2759 3775 2804; x_wconf 92' lang='lat' dir='ltr'><strong>ac</strong></span> 
     </span>
    </p>
   </div>
   <div class='ocr_carea' id='block_1_60' title="bbox 2125 2831 3772 2912">
    <p class='ocr_par' dir='ltr' id='par_1_60' title="bbox 2125 2831 3772 2912">
     <span class='ocr_line' id='line_1_60' title="bbox 2125 2831 3772 2912; baseline -0.001 -21"><span class='ocrx_word' id='word_1_402' title='bbox 2125 2831 2404 2907; x_wconf 86' lang='lat' dir='ltr'><strong>squalore</strong></span> <span class='ocrx_word' id='word_1_403' title='bbox 2436 2832 2635 2905; x_wconf 86' lang='lat' dir='ltr'><strong>obsiti,</strong></span> <span class='ocrx_word' id='word_1_404' title='bbox 2670 2833 2848 2895; x_wconf 90' lang='lat' dir='ltr'><strong>amici</strong></span> <span class='ocrx_word' id='word_1_405' title='bbox 2881 2833 3102 2896; x_wconf 89' lang='lat' dir='ltr'><strong>obitum</strong></span> <span class='ocrx_word' id='word_1_406' title='bbox 3144 2835 3463 2896; x_wconf 84' lang='lat' dir='ltr'><strong>deﬂebant.</strong></span> <span class='ocrx_word' id='word_1_407' title='bbox 3498 2831 3568 2894; x_wconf 92' lang='lat' dir='ltr'><strong>At</strong></span> <span class='ocrx_word' id='word_1_408' title='bbox 3597 2849 3772 2912; x_wconf 89' lang='lat' dir='ltr'><strong>quam</strong></span> 
     </span>
    </p>
   </div>
   <div class='ocr_carea' id='block_1_61' title="bbox 2127 2920 3773 3003">
    <p class='ocr_par' dir='ltr' id='par_1_61' title="bbox 2127 2920 3773 3003">
     <span class='ocr_line' id='line_1_61' title="bbox 2127 2920 3773 3003; baseline 0 -23"><span class='ocrx_word' id='word_1_409' title='bbox 2127 2920 2368 2999; x_wconf 88' lang='lat' dir='ltr'><strong>quidem</strong></span> <span class='ocrx_word' id='word_1_410' title='bbox 2420 2922 2821 2984; x_wconf 83' lang='lat' dir='ltr'><strong>calamitatem</strong></span> <span class='ocrx_word' id='word_1_411' title='bbox 2869 2942 2986 2985; x_wconf 90' lang='lat' dir='ltr'><strong>non</strong></span> <span class='ocrx_word' id='word_1_412' title='bbox 3039 2923 3312 3003; x_wconf 82' lang='lat' dir='ltr'><strong>exiguam</strong></span> <span class='ocrx_word' id='word_1_413' title='bbox 3360 2924 3773 2984; x_wconf 85' lang='lat' dir='ltr'><strong>accessionem</strong></span> 
     </span>
    </p>
   </div>
   <div class='ocr_carea' id='block_1_62' title="bbox 2128 3008 3775 3091">
    <p class='ocr_par' dir='ltr' id='par_1_62' title="bbox 2128 3008 3775 3091">
     <span class='ocr_line' id='line_1_62' title="bbox 2128 3008 3775 3091; baseline 0 -21"><span class='ocrx_word' id='word_1_414' title='bbox 2128 3008 2400 3091; x_wconf 83' lang='lat' dir='ltr'><strong>faciebat,</strong></span> <span class='ocrx_word' id='word_1_415' title='bbox 2432 3011 2590 3088; x_wconf 89' lang='lat' dir='ltr'><strong>quod</strong></span> <span class='ocrx_word' id='word_1_416' title='bbox 2647 3011 3089 3074; x_wconf 72' lang='lat' dir='ltr'><strong>arbitrabantur</strong></span> <span class='ocrx_word' id='word_1_417' title='bbox 3137 3014 3249 3074; x_wconf 89' lang='lat' dir='ltr'><strong>hoc</strong></span> <span class='ocrx_word' id='word_1_418' title='bbox 3306 3030 3510 3091; x_wconf 82' lang='lat' dir='ltr'><strong>regem</strong></span> <span class='ocrx_word' id='word_1_419' title='bbox 3572 3010 3775 3091; x_wconf 90' lang='lat' dir='ltr'><strong>inique</strong></span> 
     </span>
    </p>
   </div>
   <div class='ocr_carea' id='block_1_63' title="bbox 2126 3097 3773 3179">
    <p class='ocr_par' dir='ltr' id='par_1_63' title="bbox 2126 3097 3773 3179">
     <span class='ocr_line' id='line_1_63' title="bbox 2126 3097 3773 3179; baseline 0.001 -20"><span class='ocrx_word' id='word_1_420' title='bbox 2126 3097 2444 3160; x_wconf 85' lang='lat' dir='ltr'><strong>admodum</strong></span> <span class='ocrx_word' id='word_1_421' title='bbox 2482 3117 2612 3161; x_wconf 87' lang='lat' dir='ltr'><strong>esse</strong></span> <span class='ocrx_word' id='word_1_422' title='bbox 2640 3101 2922 3165; x_wconf 90' lang='lat' dir='ltr'><strong>laturum.</strong></span> <span class='ocrx_word' id='word_1_423' title='bbox 2944 3102 3216 3179; x_wconf 87' lang='lat' dir='ltr'><strong>Cumque</strong></span> <span class='ocrx_word' id='word_1_424' title='bbox 3243 3106 3321 3163; x_wconf 90' lang='lat' dir='ltr'><strong>ita</strong></span> <span class='ocrx_word' id='word_1_425' title='bbox 3351 3101 3460 3163; x_wconf 89' lang='lat' dir='ltr'><strong>viri</strong></span> <span class='ocrx_word' id='word_1_426' title='bbox 3492 3100 3593 3161; x_wconf 86' lang='lat' dir='ltr'><strong>isti</strong></span> <span class='ocrx_word' id='word_1_427' title='bbox 3626 3116 3773 3160; x_wconf 77' lang='lat' dir='ltr'><strong>moe-</strong></span> 
     </span>
    </p>
   </div>
   <div class='ocr_carea' id='block_1_64' title="bbox 2127 3187 3768 3270">
    <p class='ocr_par' dir='ltr' id='par_1_64' title="bbox 2127 3187 3768 3270">
     <span class='ocr_line' id='line_1_64' title="bbox 2127 3187 3768 3270; baseline -0.001 -20"><span class='ocrx_word' id='word_1_428' title='bbox 2127 3205 2264 3250; x_wconf 89' lang='lat' dir='ltr'><strong>rore</strong></span> <span class='ocrx_word' id='word_1_429' title='bbox 2309 3189 2768 3270; x_wconf 82' lang='lat' dir='ltr'><strong>conficerentur,</strong></span> <span class='ocrx_word' id='word_1_430' title='bbox 2807 3209 2950 3254; x_wconf 89' lang='lat' dir='ltr'><strong>ecce</strong></span> <span class='ocrx_word' id='word_1_431' title='bbox 2997 3191 3105 3254; x_wconf 90' lang='lat' dir='ltr'><strong>tibi</strong></span> <span class='ocrx_word' id='word_1_432' title='bbox 3156 3211 3309 3254; x_wconf 89' lang='lat' dir='ltr'><strong>unus</strong></span> <span class='ocrx_word' id='word_1_433' title='bbox 3355 3209 3429 3252; x_wconf 81' lang='lat' dir='ltr'><strong>ex</strong></span> <span class='ocrx_word' id='word_1_434' title='bbox 3482 3187 3768 3251; x_wconf 83' lang='lat' dir='ltr'><strong>Marciani</strong></span> 
     </span>
    </p>
   </div>
   <div class='ocr_carea' id='block_1_65' title="bbox 2129 3276 3768 3362">
    <p class='ocr_par' dir='ltr' id='par_1_65' title="bbox 2129 3276 3768 3362">
     <span class='ocr_line' id='line_1_65' title="bbox 2129 3276 3768 3362; baseline 0 -25"><span class='ocrx_word' id='word_1_435' title='bbox 2129 3276 2439 3354; x_wconf 90' lang='lat' dir='ltr'><strong>ministris,</strong></span> <span class='ocrx_word' id='word_1_436' title='bbox 2471 3295 2647 3340; x_wconf 89' lang='lat' dir='ltr'><strong>cursu</strong></span> <span class='ocrx_word' id='word_1_437' title='bbox 2699 3287 2862 3341; x_wconf 88' lang='lat' dir='ltr'><strong>recta</strong></span> <span class='ocrx_word' id='word_1_438' title='bbox 2889 3280 3215 3344; x_wconf 86' lang='lat' dir='ltr'><strong>custodiam</strong></span> <span class='ocrx_word' id='word_1_439' title='bbox 3259 3287 3468 3362; x_wconf 86' lang='lat' dir='ltr'><strong>petens</strong></span> <span class='ocrx_word' id='word_1_440' title='bbox 3498 3278 3768 3343; x_wconf 81' lang='lat' dir='ltr'><strong>dolorem</strong></span> 
     </span>
    </p>
   </div>
   <div class='ocr_carea' id='block_1_66' title="bbox 367 3359 2042 3446">
    <p class='ocr_par' dir='ltr' id='par_1_66' title="bbox 367 3359 2039 3444">
     <span class='ocr_line' id='line_1_66' title="bbox 367 3359 2039 3444; baseline -0.004 -22"><span class='ocrx_word' id='word_1_441' title='bbox 367 3366 597 3444; x_wconf 83' lang='grc' dir='ltr'>τρόπον,</span> <span class='ocrx_word' id='word_1_442' title='bbox 635 3363 782 3420; x_wconf 74' lang='grc' dir='ltr'>ἀλλὰ</span> <span class='ocrx_word' id='word_1_443' title='bbox 838 3364 948 3439; x_wconf 76' lang='grc' dir='ltr'><strong>μὴν</strong></span> <span class='ocrx_word' id='word_1_444' title='bbox 1001 3365 1091 3420; x_wconf 79' lang='grc' dir='ltr'><strong>καὶ</strong></span> <span class='ocrx_word' id='word_1_445' title='bbox 1153 3367 1244 3422; x_wconf 79' lang='grc' dir='ltr'>τὸν</span> <span class='ocrx_word' id='word_1_446' title='bbox 1301 3366 1463 3421; x_wconf 83' lang='grc' dir='ltr'>τόπον</span> <span class='ocrx_word' id='word_1_447' title='bbox 1494 3363 1611 3420; x_wconf 80' lang='grc' dir='ltr'>ἔνθα</span> <span class='ocrx_word' id='word_1_448' title='bbox 1660 3361 1754 3418; x_wconf 65' lang='grc' dir='ltr'><strong>καί</strong></span> <span class='ocrx_word' id='word_1_449' title='bbox 1798 3367 1885 3417; x_wconf 80' lang='grc' dir='ltr'><strong>νῦν</strong></span> <span class='ocrx_word' id='word_1_450' title='bbox 1941 3359 2039 3436; x_wconf 69' lang='grc' dir='ltr'><strong>ἔτι⁹</strong></span> 
     </span>
    </p>
   </div>
   <div class='ocr_carea' id='block_1_67' title="bbox 2128 3359 3772 3446">
    <p class='ocr_par' dir='ltr' id='par_1_67' title="bbox 2129 3359 3772 3443">
     <span class='ocr_line' id='line_1_67' title="bbox 2129 3359 3772 3443; baseline 0 -16"><span class='ocrx_word' id='word_1_451' title='bbox 2129 3384 2369 3428; x_wconf 93' lang='lat' dir='ltr'><strong>omnem</strong></span> <span class='ocrx_word' id='word_1_452' title='bbox 2417 3367 2719 3443; x_wconf 75' lang='lat' dir='ltr'><strong>abstersit,</strong></span> <span class='ocrx_word' id='word_1_453' title='bbox 2754 3368 2950 3431; x_wconf 66' lang='lat' dir='ltr'><strong>laetum</strong></span> <span class='ocrx_word' id='word_1_454' title='bbox 3003 3369 3124 3432; x_wconf 90' lang='lat' dir='ltr'><strong>illis</strong></span> <span class='ocrx_word' id='word_1_455' title='bbox 3155 3359 3430 3432; x_wconf 78' lang='lat' dir='ltr'><strong>nuntium</strong></span> <span class='ocrx_word' id='word_1_456' title='bbox 3491 3369 3772 3442; x_wconf 79' lang='lat' dir='ltr'><strong>aﬁ‘erens,</strong></span> 
     </span>
    </p>
   </div>
   <div class='ocr_carea' id='block_1_68' title="bbox 374 3449 2034 3532">
    <p class='ocr_par' dir='ltr' id='par_1_68' title="bbox 374 3449 2034 3532">
     <span class='ocr_line' id='line_1_68' title="bbox 374 3449 2034 3532; baseline 0 -26"><span class='ocrx_word' id='word_1_457' title='bbox 374 3455 561 3532; x_wconf 61' lang='grc' dir='ltr'>φρὶν,</span> <span class='ocrx_word' id='word_1_458' title='bbox 627 3453 868 3532; x_wconf 73' lang='grc' dir='ltr'>ὑπάρχει</span> <span class='ocrx_word' id='word_1_459' title='bbox 935 3457 1009 3526; x_wconf 79' lang='grc' dir='ltr'>τῷ</span> <span class='ocrx_word' id='word_1_460' title='bbox 1065 3453 1337 3527; x_wconf 74' lang='grc' dir='ltr'>ἱασαμένῳ</span> <span class='ocrx_word' id='word_1_461' title='bbox 1405 3451 1770 3532; x_wconf 83' lang='grc' dir='ltr'>προσομιλῶν.</span> <span class='ocrx_word' id='word_1_462' title='bbox 1842 3455 1901 3508; x_wconf 86' lang='grc' dir='ltr'><strong>Οἱ</strong></span> <span class='ocrx_word' id='word_1_463' title='bbox 1958 3449 2034 3525; x_wconf 79' lang='grc' dir='ltr'>δὲ,</span> 
     </span>
    </p>
   </div>
   <div class='ocr_carea' id='block_1_69' title="bbox 385 3543 2044 3626">
    <p class='ocr_par' dir='ltr' id='par_1_69' title="bbox 385 3543 2044 3626">
     <span class='ocr_line' id='line_1_69' title="bbox 385 3543 2044 3626; baseline -0.002 -24"><span class='ocrx_word' id='word_1_464' title='bbox 385 3553 548 3602; x_wconf 66' lang='grc' dir='ltr'>ταῦτα</span> <span class='ocrx_word' id='word_1_465' title='bbox 590 3546 940 3620; x_wconf 71' lang='grc' dir='ltr'>ἀκούσαντες,</span> <span class='ocrx_word' id='word_1_466' title='bbox 990 3545 1156 3626; x_wconf 76' lang='grc' dir='ltr'>τάχει</span> <span class='ocrx_word' id='word_1_467' title='bbox 1216 3545 1401 3618; x_wconf 90' lang='grc' dir='ltr'>πολλῷ</span> <span class='ocrx_word' id='word_1_468' title='bbox 1457 3547 1586 3625; x_wconf 81' lang='grc' dir='ltr'>πρὸς</span> <span class='ocrx_word' id='word_1_469' title='bbox 1648 3544 1750 3612; x_wconf 77' lang='grc' dir='ltr'><strong>τὴν</strong></span> <span class='ocrx_word' id='word_1_470' title='bbox 1802 3543 2044 3624; x_wconf 74' lang='grc' dir='ltr'>φυλακὴν</span> 
     </span>
    </p>
   </div>
   <div class='ocr_carea' id='block_1_70' title="bbox 394 3633 2044 3714">
    <p class='ocr_par' dir='ltr' id='par_1_70' title="bbox 394 3633 2044 3714">
     <span class='ocr_line' id='line_1_70' title="bbox 394 3633 2044 3714; baseline -0.001 -25"><span class='ocrx_word' id='word_1_471' title='bbox 394 3633 562 3690; x_wconf 73' lang='grc' dir='ltr'>’ἔθεον’</span> <span class='ocrx_word' id='word_1_472' title='bbox 649 3639 768 3691; x_wconf 82' lang='grc' dir='ltr'>εἶτα</span> <span class='ocrx_word' id='word_1_473' title='bbox 837 3636 928 3692; x_wconf 79' lang='grc' dir='ltr'><strong>καὶ</strong></span> <span class='ocrx_word' id='word_1_474' title='bbox 996 3633 1143 3692; x_wconf 77' lang='grc' dir='ltr'>ἔνδον</span> <span class='ocrx_word' id='word_1_475' title='bbox 1217 3636 1492 3714; x_wconf 88' lang='grc' dir='ltr'>γενόμενοι</span> <span class='ocrx_word' id='word_1_476' title='bbox 1552 3636 1874 3714; x_wconf 74' lang='grc' dir='ltr'>εὑρίσκουσιν</span> <span class='ocrx_word' id='word_1_477' title='bbox 1946 3633 2044 3709; x_wconf 75' lang='grc' dir='ltr'>μὲν</span> 
     </span>
    </p>
   </div>
   <div class='ocr_carea' id='block_1_71' title="bbox 401 3723 2040 3804">
    <p class='ocr_par' dir='ltr' id='par_1_71' title="bbox 401 3723 2040 3804">
     <span class='ocr_line' id='line_1_71' title="bbox 401 3723 2040 3804; baseline 0 -26"><span class='ocrx_word' id='word_1_478' title='bbox 401 3723 600 3800; x_wconf 49' lang='lat' dir='ltr'><strong>ipsum</strong></span> <span class='ocrx_word' id='word_1_479' title='bbox 651 3725 774 3798; x_wconf 80' lang='grc' dir='ltr'>μετὰ</span> <span class='ocrx_word' id='word_1_480' title='bbox 835 3731 1142 3802; x_wconf 77' lang='grc' dir='ltr'>Μαρκιανοῦ</span> <span class='ocrx_word' id='word_1_481' title='bbox 1198 3727 1288 3782; x_wconf 81' lang='grc' dir='ltr'><strong>τὸν</strong></span> <span class='ocrx_word' id='word_1_482' title='bbox 1331 3725 1504 3804; x_wconf 82' lang='grc' dir='ltr'>μέγαν</span> <span class='ocrx_word' id='word_1_483' title='bbox 1565 3723 2040 3801; x_wconf 65' lang='grc' dir='ltr'>συγκαθεζόμενον</span> 
     </span>
    </p>
   </div>
   <div class='ocr_carea' id='block_1_72' title="bbox 404 3810 2043 3893">
    <p class='ocr_par' dir='ltr' id='par_1_72' title="bbox 404 3810 2043 3893">
     <span class='ocr_line' id='line_1_72' title="bbox 404 3810 2043 3893; baseline 0 -24"><span class='ocrx_word' id='word_1_484' title='bbox 404 3810 735 3890; x_wconf 80' lang='grc' dir='ltr'>Ἐπιγνόντες</span> <span class='ocrx_word' id='word_1_485' title='bbox 788 3813 845 3870; x_wconf 77' lang='grc' dir='ltr'>δὲ</span> <span class='ocrx_word' id='word_1_486' title='bbox 876 3817 1063 3871; x_wconf 78' lang='grc' dir='ltr'>τοῦτόν</span> <span class='ocrx_word' id='word_1_487' title='bbox 1097 3817 1172 3880; x_wconf 85' lang='grc' dir='ltr'><strong>εἰς</strong></span> <span class='ocrx_word' id='word_1_488' title='bbox 1229 3821 1332 3893; x_wconf 77' lang='grc' dir='ltr'>γῆν</span> <span class='ocrx_word' id='word_1_489' title='bbox 1359 3817 1500 3893; x_wconf 81' lang='grc' dir='ltr'>παρὰ</span> <span class='ocrx_word' id='word_1_490' title='bbox 1555 3815 1676 3876; x_wconf 77' lang='grc' dir='ltr'>τοὺς</span> <span class='ocrx_word' id='word_1_491' title='bbox 1707 3814 1892 3878; x_wconf 72' lang='grc' dir='ltr'>αὐτοὺς</span> <span class='ocrx_word' id='word_1_492' title='bbox 1935 3814 2043 3869; x_wconf 90' lang='grc' dir='ltr'>πό-</span> 
     </span>
    </p>
   </div>
   <div class='ocr_carea' id='block_1_73' title="bbox 394 3902 2046 3984">
    <p class='ocr_par' dir='ltr' id='par_1_73' title="bbox 394 3902 2046 3984">
     <span class='ocr_line' id='line_1_73' title="bbox 394 3902 2046 3984; baseline 0.001 -27"><span class='ocrx_word' id='word_1_493' title='bbox 394 3902 490 3965; x_wconf 62' lang='grc' dir='ltr'><strong>δας</strong></span> <span class='ocrx_word' id='word_1_494' title='bbox 557 3903 823 3979; x_wconf 71' lang='grc' dir='ltr'>πίπτουσι,</span> <span class='ocrx_word' id='word_1_495' title='bbox 893 3905 988 3960; x_wconf 82' lang='grc' dir='ltr'><strong>καὶ</strong></span> <span class='ocrx_word' id='word_1_496' title='bbox 1056 3905 1409 3984; x_wconf 81' lang='grc' dir='ltr'>συμμερισταὶ</span> <span class='ocrx_word' id='word_1_497' title='bbox 1472 3909 1567 3971; x_wconf 76' lang='grc' dir='ltr'>τῆς</span> <span class='ocrx_word' id='word_1_498' title='bbox 1639 3903 1834 3977; x_wconf 76' lang='grc' dir='ltr'>ἀρετῆς</span> <span class='ocrx_word' id='word_1_499' title='bbox 1905 3906 2046 3978; x_wconf 80' lang='grc' dir='ltr'><strong>αὖτῷ</strong></span> 
     </span>
    </p>
   </div>
   <div class='ocr_carea' id='block_1_74' title="bbox 383 3991 2045 4073">
    <p class='ocr_par' dir='ltr' id='par_1_74' title="bbox 383 3991 2045 4073">
     <span class='ocr_line' id='line_1_74' title="bbox 383 3991 2045 4073; baseline 0 -24"><span class='ocrx_word' id='word_1_500' title='bbox 383 3995 475 4049; x_wconf 79' lang='grc' dir='ltr'>καὶ</span> <span class='ocrx_word' id='word_1_501' title='bbox 527 3997 626 4059; x_wconf 78' lang='grc' dir='ltr'>τῆς</span> <span class='ocrx_word' id='word_1_502' title='bbox 659 3995 802 4071; x_wconf 80' lang='grc' dir='ltr'>παρὰ</span> <span class='ocrx_word' id='word_1_503' title='bbox 860 4002 991 4050; x_wconf 81' lang='grc' dir='ltr'>Θεοῦ</span> <span class='ocrx_word' id='word_1_504' title='bbox 1049 3997 1223 4073; x_wconf 72' lang='grc' dir='ltr'>εὐχῆς</span> <span class='ocrx_word' id='word_1_505' title='bbox 1273 3995 1515 4071; x_wconf 78' lang='grc' dir='ltr'>γενέσθαι</span> <span class='ocrx_word' id='word_1_506' title='bbox 1566 3991 1864 4068; x_wconf 70' lang='grc' dir='ltr'>εὗξάμενοι,</span> <span class='ocrx_word' id='word_1_507' title='bbox 1903 4015 2045 4070; x_wconf 89' lang='grc' dir='ltr'>παρ-</span> 
     </span>
    </p>
   </div>
   <div class='ocr_carea' id='block_1_75' title="bbox 379 4081 2050 4162">
    <p class='ocr_par' dir='ltr' id='par_1_75' title="bbox 379 4081 2050 4162">
     <span class='ocr_line' id='line_1_75' title="bbox 379 4081 2050 4162; baseline 0 -26"><span class='ocrx_word' id='word_1_508' title='bbox 379 4083 701 4153; x_wconf 72' lang='grc' dir='ltr'>εκαθέζοντο</span> <span class='ocrx_word' id='word_1_509' title='bbox 751 4081 839 4138; x_wconf 82' lang='grc' dir='ltr'><strong>καὶ</strong></span> <span class='ocrx_word' id='word_1_510' title='bbox 869 4084 1040 4162; x_wconf 72' lang='grc' dir='ltr'>αὐτοὶ,</span> <span class='ocrx_word' id='word_1_511' title='bbox 1069 4084 1134 4139; x_wconf 88' lang='grc' dir='ltr'><strong>τά</strong></span> <span class='ocrx_word' id='word_1_512' title='bbox 1184 4103 1241 4139; x_wconf 82' lang='grc' dir='ltr'><strong>τε</strong></span> <span class='ocrx_word' id='word_1_513' title='bbox 1299 4081 1435 4139; x_wconf 77' lang='grc' dir='ltr'>ἄλλα</span> <span class='ocrx_word' id='word_1_514' title='bbox 1484 4085 1575 4138; x_wconf 82' lang='grc' dir='ltr'>τὸν</span> <span class='ocrx_word' id='word_1_515' title='bbox 1633 4082 1922 4161; x_wconf 82' lang='grc' dir='ltr'>Γρηγόριον</span> <span class='ocrx_word' id='word_1_516' title='bbox 1953 4081 2050 4138; x_wconf 82' lang='grc' dir='ltr'><strong>ἐκ-</strong></span> 
     </span>
    </p>
   </div>
   <div class='ocr_carea' id='block_1_76' title="bbox 378 4170 2050 4248">
    <p class='ocr_par' dir='ltr' id='par_1_76' title="bbox 378 4170 2050 4248">
     <span class='ocr_line' id='line_1_76' title="bbox 378 4170 2050 4248; baseline 0.001 -21"><span class='ocrx_word' id='word_1_517' title='bbox 378 4170 783 4245; x_wconf 80' lang='grc' dir='ltr'>πληττόμενοι,</span> <span class='ocrx_word' id='word_1_518' title='bbox 815 4173 904 4228; x_wconf 79' lang='grc' dir='ltr'><strong>καὶ</strong></span> <span class='ocrx_word' id='word_1_519' title='bbox 954 4171 1101 4234; x_wconf 79' lang='grc' dir='ltr'>ὅπως</span> <span class='ocrx_word' id='word_1_520' title='bbox 1135 4175 1162 4228; x_wconf 93' lang='lat'><strong>6</strong></span> <span class='ocrx_word' id='word_1_521' title='bbox 1215 4179 1452 4236; x_wconf 80' lang='grc' dir='ltr'>τοιοῦτος</span> <span class='ocrx_word' id='word_1_522' title='bbox 1484 4172 1614 4248; x_wconf 89' lang='grc' dir='ltr'>πρός</span> <span class='ocrx_word' id='word_1_523' title='bbox 1647 4193 1704 4226; x_wconf 88' lang='grc' dir='ltr'><strong>τε</strong></span> <span class='ocrx_word' id='word_1_524' title='bbox 1733 4171 1832 4238; x_wconf 76' lang='grc' dir='ltr'><strong>τὴν</strong></span> <span class='ocrx_word' id='word_1_525' title='bbox 1889 4192 2050 4228; x_wconf 84' lang='grc' dir='ltr'>συκο-</span> 
     </span>
    </p>
   </div>
   <div class='ocr_carea' id='block_1_77' title="bbox 373 4257 2049 4340">
    <p class='ocr_par' dir='ltr' id='par_1_77' title="bbox 373 4257 2049 4340">
     <span class='ocr_line' id='line_1_77' title="bbox 373 4257 2049 4340; baseline 0.001 -24"><span class='ocrx_word' id='word_1_526' title='bbox 373 4267 616 4340; x_wconf 71' lang='grc' dir='ltr'>εραντίαν</span> <span class='ocrx_word' id='word_1_527' title='bbox 669 4261 854 4338; x_wconf 83' lang='grc' dir='ltr'>πράως</span> <span class='ocrx_word' id='word_1_528' title='bbox 905 4259 1044 4317; x_wconf 70' lang='grc' dir='ltr'>οὕτω</span> <span class='ocrx_word' id='word_1_529' title='bbox 1091 4259 1316 4318; x_wconf 82' lang='grc' dir='ltr'>διέκειτο</span> <span class='ocrx_word' id='word_1_530' title='bbox 1368 4263 1456 4318; x_wconf 83' lang='grc' dir='ltr'><strong>καὶ</strong></span> <span class='ocrx_word' id='word_1_531' title='bbox 1483 4262 1546 4317; x_wconf 85' lang='grc' dir='ltr'><strong>τό</strong></span> <span class='ocrx_word' id='word_1_532' title='bbox 1590 4257 1818 4340; x_wconf 76' lang='grc' dir='ltr'>ζοφῶδες</span> <span class='ocrx_word' id='word_1_533' title='bbox 1873 4259 2049 4317; x_wconf 74' lang='grc' dir='ltr'>ἐκεῖνο</span> 
     </span>
    </p>
   </div>
   <div class='ocr_carea' id='block_1_78' title="bbox 371 4349 2048 4430">
    <p class='ocr_par' dir='ltr' id='par_1_78' title="bbox 371 4349 2048 4430">
     <span class='ocr_line' id='line_1_78' title="bbox 371 4349 2048 4430; baseline 0 -24"><span class='ocrx_word' id='word_1_534' title='bbox 371 4351 473 4406; x_wconf 74' lang='grc' dir='ltr'>καὶ</span> <span class='ocrx_word' id='word_1_535' title='bbox 529 4350 783 4430; x_wconf 76' lang='grc' dir='ltr'>σκοτινὸν</span> <span class='ocrx_word' id='word_1_536' title='bbox 830 4351 1092 4430; x_wconf 71' lang='grc' dir='ltr'>βάραθρον</span> <span class='ocrx_word' id='word_1_537' title='bbox 1137 4353 1211 4416; x_wconf 87' lang='grc' dir='ltr'>ὡς</span> <span class='ocrx_word' id='word_1_538' title='bbox 1271 4349 1572 4430; x_wconf 84' lang='grc' dir='ltr'>περικαλλῆ</span> <span class='ocrx_word' id='word_1_539' title='bbox 1637 4371 1752 4406; x_wconf 86' lang='grc' dir='ltr'>τινα</span> <span class='ocrx_word' id='word_1_540' title='bbox 1810 4349 2048 4423; x_wconf 81' lang='grc' dir='ltr'>θάλαμον</span> 
     </span>
    </p>
   </div>
   <div class='ocr_carea' id='block_1_79' title="bbox 2129 3455 3772 3540">
    <p class='ocr_par' dir='ltr' id='par_1_79' title="bbox 2129 3455 3772 3540">
     <span class='ocr_line' id='line_1_79' title="bbox 2129 3455 3772 3540; baseline 0 -23"><span class='ocrx_word' id='word_1_541' title='bbox 2129 3455 2272 3517; x_wconf 91' lang='lat' dir='ltr'><strong>dum</strong></span> <span class='ocrx_word' id='word_1_542' title='bbox 2297 3455 2496 3520; x_wconf 88' lang='lat' dir='ltr'><strong>omnia</strong></span> <span class='ocrx_word' id='word_1_543' title='bbox 2528 3465 2650 3518; x_wconf 89' lang='lat' dir='ltr'><strong>tum</strong></span> <span class='ocrx_word' id='word_1_544' title='bbox 2671 3457 2994 3540; x_wconf 90' lang='lat' dir='ltr'><strong>medicum,</strong></span> <span class='ocrx_word' id='word_1_545' title='bbox 3022 3467 3145 3522; x_wconf 91' lang='lat' dir='ltr'><strong>tum</strong></span> <span class='ocrx_word' id='word_1_546' title='bbox 3179 3458 3504 3522; x_wconf 87' lang='lat' dir='ltr'><strong>curationis</strong></span> <span class='ocrx_word' id='word_1_547' title='bbox 3531 3456 3772 3520; x_wconf 91' lang='lat' dir='ltr'><strong>modum</strong></span> 
     </span>
    </p>
   </div>
   <div class='ocr_carea' id='block_1_80' title="bbox 2127 3545 3776 3628">
    <p class='ocr_par' dir='ltr' id='par_1_80' title="bbox 2127 3545 3776 3628">
     <span class='ocr_line' id='line_1_80' title="bbox 2127 3545 3776 3628; baseline -0.001 -20"><span class='ocrx_word' id='word_1_548' title='bbox 2127 3545 2431 3621; x_wconf 79' lang='lat' dir='ltr'><strong>sigillatim</strong></span> <span class='ocrx_word' id='word_1_549' title='bbox 2494 3556 2829 3628; x_wconf 86' lang='lat' dir='ltr'><strong>percenset,</strong></span> <span class='ocrx_word' id='word_1_550' title='bbox 2883 3549 3112 3611; x_wconf 88' lang='lat' dir='ltr'><strong>addens</strong></span> <span class='ocrx_word' id='word_1_551' title='bbox 3159 3551 3334 3612; x_wconf 87' lang='lat' dir='ltr'><strong>etiam</strong></span> <span class='ocrx_word' id='word_1_552' title='bbox 3393 3548 3616 3623; x_wconf 89' lang='lat' dir='ltr'><strong>locum,</strong></span> <span class='ocrx_word' id='word_1_553' title='bbox 3671 3545 3776 3608; x_wconf 88' lang='lat' dir='ltr'><strong>ubi</strong></span> 
     </span>
    </p>
   </div>
   <div class='ocr_carea' id='block_1_81' title="bbox 2129 3635 3773 3719">
    <p class='ocr_par' dir='ltr' id='par_1_81' title="bbox 2129 3635 3773 3719">
     <span class='ocr_line' id='line_1_81' title="bbox 2129 3635 3773 3719; baseline -0.001 -21"><span class='ocrx_word' id='word_1_554' title='bbox 2129 3636 2454 3698; x_wconf 89' lang='lat' dir='ltr'><strong>etiamnum</strong></span> <span class='ocrx_word' id='word_1_555' title='bbox 2518 3646 2722 3698; x_wconf 89' lang='lat' dir='ltr'><strong>mutuo</strong></span> <span class='ocrx_word' id='word_1_556' title='bbox 2771 3638 3192 3719; x_wconf 77' lang='lat' dir='ltr'><strong>loquebantur.</strong></span> <span class='ocrx_word' id='word_1_557' title='bbox 3253 3639 3357 3701; x_wconf 88' lang='lat' dir='ltr'><strong>His</strong></span> <span class='ocrx_word' id='word_1_558' title='bbox 3413 3637 3653 3712; x_wconf 88' lang='lat' dir='ltr'><strong>auditis,</strong></span> <span class='ocrx_word' id='word_1_559' title='bbox 3700 3635 3773 3698; x_wconf 90' lang='lat' dir='ltr'><strong>ad</strong></span> 
     </span>
    </p>
   </div>
   <div class='ocr_carea' id='block_1_82' title="bbox 2128 3725 3774 3806">
    <p class='ocr_par' dir='ltr' id='par_1_82' title="bbox 2128 3725 3774 3806">
     <span class='ocr_line' id='line_1_82' title="bbox 2128 3725 3774 3806; baseline 0 -20"><span class='ocrx_word' id='word_1_560' title='bbox 2128 3725 2453 3786; x_wconf 88' lang='lat' dir='ltr'><strong>custodiam</strong></span> <span class='ocrx_word' id='word_1_561' title='bbox 2484 3726 2664 3791; x_wconf 84' lang='lat' dir='ltr'><strong>multa</strong></span> <span class='ocrx_word' id='word_1_562' title='bbox 2696 3728 3006 3791; x_wconf 85' lang='lat' dir='ltr'><strong>celeritate</strong></span> <span class='ocrx_word' id='word_1_563' title='bbox 3037 3727 3411 3790; x_wconf 86' lang='lat' dir='ltr'><strong>contendunt</strong></span> <span class='ocrx_word' id='word_1_564' title='bbox 3441 3745 3455 3802; x_wconf 91' lang='lat'><strong>;</strong></span> <span class='ocrx_word' id='word_1_565' title='bbox 3491 3745 3605 3806; x_wconf 79' lang='lat' dir='ltr'><strong>quo</strong></span> <span class='ocrx_word' id='word_1_566' title='bbox 3637 3743 3774 3786; x_wconf 91' lang='lat' dir='ltr'><strong>cum</strong></span> 
     </span>
    </p>
   </div>
   <div class='ocr_carea' id='block_1_83' title="bbox 2131 3815 3772 3896">
    <p class='ocr_par' dir='ltr' id='par_1_83' title="bbox 2131 3815 3772 3896">
     <span class='ocr_line' id='line_1_83' title="bbox 2131 3815 3772 3896; baseline 0 -22"><span class='ocrx_word' id='word_1_567' title='bbox 2131 3815 2565 3893; x_wconf 80' lang='lat' dir='ltr'><strong>pervenissent,</strong></span> <span class='ocrx_word' id='word_1_568' title='bbox 2590 3815 3084 3896; x_wconf 79' lang='lat' dir='ltr'><strong>ingressi,ambos</strong></span> <span class='ocrx_word' id='word_1_569' title='bbox 3107 3819 3302 3880; x_wconf 88' lang='lat' dir='ltr'><strong>virum</strong></span> <span class='ocrx_word' id='word_1_570' title='bbox 3330 3816 3610 3879; x_wconf 82' lang='lat' dir='ltr'><strong>eximium</strong></span> <span class='ocrx_word' id='word_1_571' title='bbox 3637 3833 3772 3875; x_wconf 89' lang='lat' dir='ltr'><strong>cum</strong></span> 
     </span>
    </p>
   </div>
   <div class='ocr_carea' id='block_1_84' title="bbox 2129 3903 3769 3987">
    <p class='ocr_par' dir='ltr' id='par_1_84' title="bbox 2129 3903 3769 3987">
     <span class='ocr_line' id='line_1_84' title="bbox 2129 3903 3769 3987; baseline 0.001 -24"><span class='ocrx_word' id='word_1_572' title='bbox 2129 3903 2427 3966; x_wconf 85' lang='lat' dir='ltr'><strong>Marciano</strong></span> <span class='ocrx_word' id='word_1_573' title='bbox 2450 3903 2755 3967; x_wconf 90' lang='lat' dir='ltr'><strong>sedentem</strong></span> <span class='ocrx_word' id='word_1_574' title='bbox 2782 3907 3341 3987; x_wconf 76' lang='lat' dir='ltr'><strong>oﬁ‘endunt.’lpsum</strong></span> <span class='ocrx_word' id='word_1_575' title='bbox 3361 3915 3556 3968; x_wconf 82' lang='lat' dir='ltr'><strong>autem</strong></span> <span class='ocrx_word' id='word_1_576' title='bbox 3580 3923 3769 3985; x_wconf 77' lang='lat' dir='ltr'><strong>agno-</strong></span> 
     </span>
    </p>
   </div>
   <div class='ocr_carea' id='block_1_85' title="bbox 2129 3994 3766 4077">
    <p class='ocr_par' dir='ltr' id='par_1_85' title="bbox 2129 3994 3766 4077">
     <span class='ocr_line' id='line_1_85' title="bbox 2129 3994 3766 4077; baseline 0.001 -23"><span class='ocrx_word' id='word_1_577' title='bbox 2129 4001 2386 4069; x_wconf 88' lang='lat' dir='ltr'><strong>scentes,</strong></span> <span class='ocrx_word' id='word_1_578' title='bbox 2415 3994 2579 4072; x_wconf 88' lang='lat' dir='ltr'><strong>juxta</strong></span> <span class='ocrx_word' id='word_1_579' title='bbox 2611 3995 2792 4074; x_wconf 91' lang='lat' dir='ltr'><strong>pedes</strong></span> <span class='ocrx_word' id='word_1_580' title='bbox 2824 3996 2981 4058; x_wconf 90' lang='lat' dir='ltr'><strong>illius</strong></span> <span class='ocrx_word' id='word_1_581' title='bbox 3011 3999 3173 4059; x_wconf 90' lang='lat' dir='ltr'><strong>humi</strong></span> <span class='ocrx_word' id='word_1_582' title='bbox 3208 3999 3629 4077; x_wconf 89' lang='lat' dir='ltr'><strong>procumbunt,</strong></span> <span class='ocrx_word' id='word_1_583' title='bbox 3664 4013 3766 4057; x_wconf 89' lang='lat' dir='ltr'><strong>ro-</strong></span> 
     </span>
    </p>
   </div>
   <div class='ocr_carea' id='block_1_86' title="bbox 2131 4084 3774 4164">
    <p class='ocr_par' dir='ltr' id='par_1_86' title="bbox 2131 4084 3774 4164">
     <span class='ocr_line' id='line_1_86' title="bbox 2131 4084 3774 4164; baseline 0.002 -20"><span class='ocrx_word' id='word_1_584' title='bbox 2131 4091 2435 4162; x_wconf 76' lang='lat' dir='ltr'><strong>gantes,ut</strong></span> <span class='ocrx_word' id='word_1_585' title='bbox 2455 4084 2551 4163; x_wconf 86' lang='lat' dir='ltr'><strong>qui</strong></span> <span class='ocrx_word' id='word_1_586' title='bbox 2583 4102 2959 4147; x_wconf 84' lang='lat' dir='ltr'><strong>communem</strong></span> <span class='ocrx_word' id='word_1_587' title='bbox 2985 4105 3120 4149; x_wconf 91' lang='lat' dir='ltr'><strong>cum</strong></span> <span class='ocrx_word' id='word_1_588' title='bbox 3155 4087 3255 4149; x_wconf 91' lang='lat' dir='ltr'><strong>illo</strong></span> <span class='ocrx_word' id='word_1_589' title='bbox 3289 4106 3320 4148; x_wconf 91' lang='lat' dir='ltr'><strong>a</strong></span> <span class='ocrx_word' id='word_1_590' title='bbox 3345 4085 3574 4148; x_wconf 88' lang='lat' dir='ltr'><strong>Christo</strong></span> <span class='ocrx_word' id='word_1_591' title='bbox 3602 4093 3774 4164; x_wconf 88' lang='lat' dir='ltr'><strong>pote-</strong></span> 
     </span>
    </p>
   </div>
   <div class='ocr_carea' id='block_1_87' title="bbox 2133 4172 3778 4254">
    <p class='ocr_par' dir='ltr' id='par_1_87' title="bbox 2133 4172 3778 4254">
     <span class='ocr_line' id='line_1_87' title="bbox 2133 4172 3778 4254; baseline 0.002 -21"><span class='ocrx_word' id='word_1_592' title='bbox 2133 4180 2346 4234; x_wconf 88' lang='lat' dir='ltr'><strong>statem</strong></span> <span class='ocrx_word' id='word_1_593' title='bbox 2388 4172 2782 4253; x_wconf 88' lang='lat' dir='ltr'><strong>accepissent,</strong></span> <span class='ocrx_word' id='word_1_594' title='bbox 2819 4176 3184 4250; x_wconf 77' lang='lat' dir='ltr'><strong>precationis</strong></span> <span class='ocrx_word' id='word_1_595' title='bbox 3227 4193 3469 4254; x_wconf 85' lang='lat' dir='ltr'><strong>quoque</strong></span> <span class='ocrx_word' id='word_1_596' title='bbox 3513 4174 3778 4236; x_wconf 83' lang='lat' dir='ltr'><strong>eﬁicacia</strong></span> 
     </span>
    </p>
   </div>
   <div class='ocr_carea' id='block_1_88' title="bbox 2134 4263 3777 4344">
    <p class='ocr_par' dir='ltr' id='par_1_88' title="bbox 2134 4263 3777 4344">
     <span class='ocr_line' id='line_1_88' title="bbox 2134 4263 3777 4344; baseline 0.002 -23"><span class='ocrx_word' id='word_1_597' title='bbox 2134 4263 2867 4344; x_wconf 79' lang='lat' dir='ltr'><strong>potirenturAssederunt</strong></span> <span class='ocrx_word' id='word_1_598' title='bbox 2889 4275 2946 4327; x_wconf 87' lang='lat' dir='ltr'><strong>et</strong></span> <span class='ocrx_word' id='word_1_599' title='bbox 2976 4264 3446 4344; x_wconf 85' lang='lat' dir='ltr'><strong>illi,Gregorium</strong></span> <span class='ocrx_word' id='word_1_600' title='bbox 3476 4281 3610 4326; x_wconf 90' lang='lat' dir='ltr'><strong>cum</strong></span> <span class='ocrx_word' id='word_1_601' title='bbox 3644 4263 3777 4324; x_wconf 89' lang='lat' dir='ltr'><strong>aliis</strong></span> 
     </span>
    </p>
   </div>
   <div class='ocr_carea' id='block_1_89' title="bbox 2134 4351 3774 4437">
    <p class='ocr_par' dir='ltr' id='par_1_89' title="bbox 2134 4351 3774 4437">
     <span class='ocr_line' id='line_1_89' title="bbox 2134 4351 3774 4437; baseline 0 -24"><span class='ocrx_word' id='word_1_602' title='bbox 2134 4353 2208 4414; x_wconf 89' lang='lat' dir='ltr'><strong>de</strong></span> <span class='ocrx_word' id='word_1_603' title='bbox 2234 4351 2429 4415; x_wconf 84' lang='lat' dir='ltr'><strong>causis</strong></span> <span class='ocrx_word' id='word_1_604' title='bbox 2458 4353 2757 4428; x_wconf 87' lang='lat' dir='ltr'><strong>admirati,</strong></span> <span class='ocrx_word' id='word_1_605' title='bbox 2797 4363 2916 4416; x_wconf 93' lang='lat' dir='ltr'><strong>tum</strong></span> <span class='ocrx_word' id='word_1_606' title='bbox 2951 4355 3106 4437; x_wconf 89' lang='lat' dir='ltr'><strong>quod</strong></span> <span class='ocrx_word' id='word_1_607' title='bbox 3147 4362 3263 4416; x_wconf 89' lang='lat' dir='ltr'><strong>tam</strong></span> <span class='ocrx_word' id='word_1_608' title='bbox 3301 4360 3668 4415; x_wconf 88' lang='lat' dir='ltr'><strong>mansuetum</strong></span> <span class='ocrx_word' id='word_1_609' title='bbox 3701 4351 3774 4414; x_wconf 90' lang='lat' dir='ltr'><strong>ad</strong></span> 
     </span>
    </p>
   </div>
   <div class='ocr_carea' id='block_1_90' title="bbox 371 4429 2042 4524">
    <p class='ocr_par' dir='ltr' id='par_1_90' title="bbox 371 4429 2042 4520">
     <span class='ocr_line' id='line_1_90' title="bbox 371 4429 2042 4520; baseline 0 -25"><span class='ocrx_word' id='word_1_610' title='bbox 371 4438 538 4513; x_wconf 74' lang='grc' dir='ltr'>ᾤκει.</span> <span class='ocrx_word' id='word_1_611' title='bbox 597 4429 845 4515; x_wconf 80' lang='grc' dir='ltr'>’Ἠροντο</span> <span class='ocrx_word' id='word_1_612' title='bbox 901 4429 1014 4520; x_wconf 67' lang='grc' dir='ltr'>οὖν,</span> <span class='ocrx_word' id='word_1_613' title='bbox 1077 4441 1244 4504; x_wconf 85' lang='grc' dir='ltr'>πόσος</span> <span class='ocrx_word' id='word_1_614' title='bbox 1305 4429 1450 4514; x_wconf 73' lang='grc' dir='ltr'><strong>αὖτῷ</strong></span> <span class='ocrx_word' id='word_1_615' title='bbox 1500 4453 1622 4504; x_wconf 70' lang='grc' dir='ltr'>τοῖς</span> <span class='ocrx_word' id='word_1_616' title='bbox 1682 4438 1900 4514; x_wconf 78' lang='grc' dir='ltr'>δεσμοῖς</span> <span class='ocrx_word' id='word_1_617' title='bbox 1939 4437 2042 4508; x_wconf 69' lang='grc' dir='ltr'><strong>ἤδη</strong></span> 
     </span>
    </p>
   </div>
   <div class='ocr_carea' id='block_1_91' title="bbox 2128 4429 3776 4524">
    <p class='ocr_par' dir='ltr' id='par_1_91' title="bbox 2129 4429 3776 4524">
     <span class='ocr_line' id='line_1_91' title="bbox 2129 4429 3776 4524; baseline 0.001 -22"><span class='ocrx_word' id='word_1_618' title='bbox 2129 4442 2456 4504; x_wconf 88' lang='lat' dir='ltr'><strong>calumnias</strong></span> <span class='ocrx_word' id='word_1_619' title='bbox 2479 4462 2541 4504; x_wconf 87' lang='lat' dir='ltr'><strong>se</strong></span> <span class='ocrx_word' id='word_1_620' title='bbox 2576 4451 2903 4523; x_wconf 69' lang='lat' dir='ltr'><strong>praestaret,</strong></span> <span class='ocrx_word' id='word_1_621' title='bbox 2930 4429 3050 4506; x_wconf 81' lang='lat' dir='ltr'><strong>tum</strong></span> <span class='ocrx_word' id='word_1_622' title='bbox 3084 4445 3259 4507; x_wconf 85' lang='lat' dir='ltr'><strong>etiam</strong></span> <span class='ocrx_word' id='word_1_623' title='bbox 3296 4443 3453 4524; x_wconf 90' lang='lat' dir='ltr'><strong>quod</strong></span> <span class='ocrx_word' id='word_1_624' title='bbox 3487 4441 3776 4503; x_wconf 86' lang='lat' dir='ltr'><strong>obscurus</strong></span> 
     </span>
    </p>
   </div>
   <div class='ocr_carea' id='block_1_92' title="bbox 373 4525 2042 4608">
    <p class='ocr_par' dir='ltr' id='par_1_92' title="bbox 373 4525 2042 4608">
     <span class='ocr_line' id='line_1_92' title="bbox 373 4525 2042 4608; baseline 0.001 -24"><span class='ocrx_word' id='word_1_625' title='bbox 373 4530 587 4608; x_wconf 70' lang='grc' dir='ltr'>χρόνος</span> <span class='ocrx_word' id='word_1_626' title='bbox 640 4525 840 4596; x_wconf 77' lang='grc' dir='ltr'>διῆλθε·</span> <span class='ocrx_word' id='word_1_627' title='bbox 903 4532 991 4586; x_wconf 79' lang='grc' dir='ltr'><strong>καὶ</strong></span> <span class='ocrx_word' id='word_1_628' title='bbox 1043 4529 1326 4607; x_wconf 77' lang='grc' dir='ltr'>μαθόντες,</span> <span class='ocrx_word' id='word_1_629' title='bbox 1361 4529 1441 4586; x_wconf 81' lang='grc' dir='ltr'><strong>ὅτι</strong></span> <span class='ocrx_word' id='word_1_630' title='bbox 1475 4527 1565 4586; x_wconf 81' lang='grc' dir='ltr'><strong>δύο</strong></span> <span class='ocrx_word' id='word_1_631' title='bbox 1613 4527 1708 4596; x_wconf 74' lang='grc' dir='ltr'><strong>ἔτη</strong></span> <span class='ocrx_word' id='word_1_632' title='bbox 1754 4531 1839 4585; x_wconf 82' lang='grc' dir='ltr'>καὶ</span> <span class='ocrx_word' id='word_1_633' title='bbox 1869 4533 2042 4603; x_wconf 82' lang='grc' dir='ltr'>μῆνας</span> 
     </span>
    </p>
   </div>
   <div class='ocr_carea' id='block_1_93' title="bbox 2128 4525 3775 4608">
    <p class='ocr_par' dir='ltr' id='par_1_93' title="bbox 2129 4529 3775 4607">
     <span class='ocr_line' id='line_1_93' title="bbox 2129 4529 3775 4607; baseline 0.001 -16"><span class='ocrx_word' id='word_1_634' title='bbox 2129 4531 2230 4594; x_wconf 90' lang='lat' dir='ltr'><strong>ille</strong></span> <span class='ocrx_word' id='word_1_635' title='bbox 2252 4551 2318 4593; x_wconf 92' lang='lat' dir='ltr'><strong>ac</strong></span> <span class='ocrx_word' id='word_1_636' title='bbox 2333 4533 2874 4598; x_wconf 70' lang='lat' dir='ltr'><strong>tenebrosuscacer</strong></span> <span class='ocrx_word' id='word_1_637' title='bbox 2895 4535 3151 4597; x_wconf 82' lang='lat' dir='ltr'><strong>thalamo</strong></span> <span class='ocrx_word' id='word_1_638' title='bbox 3179 4533 3410 4595; x_wconf 88' lang='lat' dir='ltr'><strong>cuidam</strong></span> <span class='ocrx_word' id='word_1_639' title='bbox 3437 4529 3775 4607; x_wconf 87' lang='lat' dir='ltr'><strong>pulcherri-</strong></span> 
     </span>
    </p>
   </div>
   <div class='ocr_carea' id='block_1_94' title="bbox 372 4617 2042 4728">
    <p class='ocr_par' dir='ltr' id='par_1_94' title="bbox 372 4617 2042 4728">
     <span class='ocr_line' id='line_1_94' title="bbox 372 4617 2042 4700; baseline 0 -26"><span class='ocrx_word' id='word_1_640' title='bbox 372 4620 676 4696; x_wconf 73' lang='grc' dir='ltr'>τέσσαρας,</span> <span class='ocrx_word' id='word_1_641' title='bbox 738 4617 1108 4700; x_wconf 67' lang='grc' dir='ltr'>ἐδυσχέραινόν</span> <span class='ocrx_word' id='word_1_642' title='bbox 1179 4641 1237 4678; x_wconf 85' lang='grc' dir='ltr'><strong>τε</strong></span> <span class='ocrx_word' id='word_1_643' title='bbox 1297 4621 1382 4676; x_wconf 77' lang='grc' dir='ltr'>καὶ</span> <span class='ocrx_word' id='word_1_644' title='bbox 1445 4617 1652 4687; x_wconf 81' lang='grc' dir='ltr'>πολλὴν</span> <span class='ocrx_word' id='word_1_645' title='bbox 1705 4625 1795 4676; x_wconf 80' lang='grc' dir='ltr'>τοῦ</span> <span class='ocrx_word' id='word_1_646' title='bbox 1852 4619 2042 4675; x_wconf 76' lang='grc' dir='ltr'>πάππα</span> 
     </span>
     <span class='ocr_line' id='line_1_95' title="bbox 391 4708 867 4728; baseline 0.008 -4"><span class='ocrx_word' id='word_1_647' title='bbox 391 4708 406 4724; x_wconf 84' lang='lat'><strong>.</strong></span> <span class='ocrx_word' id='word_1_648' title='bbox 490 4710 501 4728; x_wconf 89' lang='lat'><strong>.</strong></span> <span class='ocrx_word' id='word_1_649' title='bbox 855 4709 867 4728; x_wconf 83' lang='lat'><em>.</em></span> 
     </span>
    </p>
   </div>
   <div class='ocr_carea' id='block_1_95' title="bbox 2128 4617 3779 4728">
    <p class='ocr_par' dir='ltr' id='par_1_95' title="bbox 2130 4621 3779 4702">
     <span class='ocr_line' id='line_1_96' title="bbox 2130 4621 3779 4702; baseline 0 -20"><span class='ocrx_word' id='word_1_650' title='bbox 2130 4639 2226 4683; x_wconf 92' lang='lat' dir='ltr'><strong>mo</strong></span> <span class='ocrx_word' id='word_1_651' title='bbox 2276 4622 2600 4702; x_wconf 88' lang='lat' dir='ltr'><strong>persimilis</strong></span> <span class='ocrx_word' id='word_1_652' title='bbox 2630 4624 2958 4687; x_wconf 60' lang='lat' dir='ltr'><strong>videretur.</strong></span> <span class='ocrx_word' id='word_1_653' title='bbox 2993 4623 3437 4702; x_wconf 82' lang='lat' dir='ltr'><strong>Interrogantes</strong></span> <span class='ocrx_word' id='word_1_654' title='bbox 3473 4621 3670 4700; x_wconf 78' lang='lat' dir='ltr'><strong>igitur,</strong></span> <span class='ocrx_word' id='word_1_655' title='bbox 3706 4638 3779 4682; x_wconf 83' lang='lat' dir='ltr'><strong>ex</strong></span> 
     </span>
    </p>
   </div>
   <div class='ocr_carea' id='block_1_96' title="bbox 375 4708 2042 4793">
    <p class='ocr_par' dir='ltr' id='par_1_96' title="bbox 375 4708 1094 4786">
     <span class='ocr_line' id='line_1_97' title="bbox 375 4708 1094 4786; baseline 0.001 -23"><span class='ocrx_word' id='word_1_656' title='bbox 375 4708 649 4783; x_wconf 76' lang='grc' dir='ltr'>ὠμότητα</span> <span class='ocrx_word' id='word_1_657' title='bbox 681 4709 1094 4786; x_wconf 72' lang='grc' dir='ltr'>κατεγίνωσκον.</span> 
     </span>
    </p>
   </div>
   <div class='ocr_carea' id='block_1_97' title="bbox 2128 4708 3779 4793">
    <p class='ocr_par' dir='ltr' id='par_1_97' title="bbox 2128 4713 3779 4793">
     <span class='ocr_line' id='line_1_98' title="bbox 2128 4713 3779 4793; baseline -0.001 -21"><span class='ocrx_word' id='word_1_658' title='bbox 2128 4729 2242 4793; x_wconf 89' lang='lat' dir='ltr'><strong>quo</strong></span> <span class='ocrx_word' id='word_1_659' title='bbox 2268 4721 2539 4792; x_wconf 89' lang='lat' dir='ltr'><strong>tempore</strong></span> <span class='ocrx_word' id='word_1_660' title='bbox 2586 4713 2644 4774; x_wconf 93' lang='lat' dir='ltr'><strong>in</strong></span> <span class='ocrx_word' id='word_1_661' title='bbox 2703 4713 2940 4775; x_wconf 89' lang='lat' dir='ltr'><strong>vincula</strong></span> <span class='ocrx_word' id='word_1_662' title='bbox 2967 4714 3172 4776; x_wconf 84' lang='lat' dir='ltr'><strong>fuisset</strong></span> <span class='ocrx_word' id='word_1_663' title='bbox 3223 4713 3551 4792; x_wconf 88' lang='lat' dir='ltr'><strong>conjectus,</strong></span> <span class='ocrx_word' id='word_1_664' title='bbox 3590 4728 3779 4771; x_wconf 83' lang='lat' dir='ltr'><strong>unum</strong></span> 
     </span>
    </p>
   </div>
   <div class='ocr_carea' id='block_1_98' title="bbox 375 4796 3775 4884">
    <p class='ocr_par' dir='ltr' id='par_1_98' title="bbox 375 4796 3775 4884">
     <span class='ocr_line' id='line_1_99' title="bbox 375 4796 3775 4884; baseline 0.001 -26"><span class='ocrx_word' id='word_1_665' title='bbox 375 4804 563 4877; x_wconf 82' lang='lat' dir='ltr'><strong>atque</strong></span> <span class='ocrx_word' id='word_1_666' title='bbox 593 4796 850 4859; x_wconf 80' lang='lat' dir='ltr'><strong>alterum</strong></span> <span class='ocrx_word' id='word_1_667' title='bbox 911 4815 1152 4877; x_wconf 88' lang='lat' dir='ltr'><strong>annum,</strong></span> <span class='ocrx_word' id='word_1_668' title='bbox 1188 4803 1442 4876; x_wconf 88' lang='lat' dir='ltr'><strong>quatuor</strong></span> <span class='ocrx_word' id='word_1_669' title='bbox 1475 4806 1767 4878; x_wconf 72' lang='lat' dir='ltr'><strong>praeterea</strong></span> <span class='ocrx_word' id='word_1_670' title='bbox 1813 4815 2049 4859; x_wconf 91' lang='lat' dir='ltr'><strong>menses</strong></span> <span class='ocrx_word' id='word_1_671' title='bbox 2080 4817 2214 4863; x_wconf 85' lang='lat' dir='ltr'><strong>esse</strong></span> <span class='ocrx_word' id='word_1_672' title='bbox 2245 4800 2690 4865; x_wconf 86' lang='lat' dir='ltr'><strong>intellexerunt.</strong></span> <span class='ocrx_word' id='word_1_673' title='bbox 2725 4801 2896 4876; x_wconf 84' lang='lat' dir='ltr'><strong>Quod</strong></span> <span class='ocrx_word' id='word_1_674' title='bbox 2944 4802 3028 4865; x_wconf 92' lang='lat' dir='ltr'><strong>illi</strong></span> <span class='ocrx_word' id='word_1_675' title='bbox 3058 4821 3213 4884; x_wconf 66' lang='lat' dir='ltr'><strong>aegre</strong></span> <span class='ocrx_word' id='word_1_676' title='bbox 3242 4799 3564 4866; x_wconf 80' lang='lat' dir='ltr'><strong>admodum</strong></span> <span class='ocrx_word' id='word_1_677' title='bbox 3617 4799 3775 4862; x_wconf 89' lang='lat' dir='ltr'><strong>tule-</strong></span> 
     </span>
    </p>
   </div>
   <div class='ocr_carea' id='block_1_99' title="bbox 379 4885 2189 4969">
    <p class='ocr_par' dir='ltr' id='par_1_99' title="bbox 379 4885 2189 4969">
     <span class='ocr_line' id='line_1_100' title="bbox 379 4885 2189 4969; baseline 0.001 -21"><span class='ocrx_word' id='word_1_678' title='bbox 379 4894 549 4962; x_wconf 85' lang='lat' dir='ltr'><strong>runt,</strong></span> <span class='ocrx_word' id='word_1_679' title='bbox 587 4885 955 4969; x_wconf 76' lang='lat' dir='ltr'><strong>nimiamque</strong></span> <span class='ocrx_word' id='word_1_680' title='bbox 982 4885 1279 4968; x_wconf 86' lang='lat' dir='ltr'><strong>pontiﬁcis</strong></span> <span class='ocrx_word' id='word_1_681' title='bbox 1305 4887 1721 4949; x_wconf 88' lang='lat' dir='ltr'><strong>crudelitatem</strong></span> <span class='ocrx_word' id='word_1_682' title='bbox 1749 4886 2189 4969; x_wconf 88' lang='lat' dir='ltr'><strong>improbarnnt.</strong></span> 
     </span>
    </p>
   </div>
   <div class='ocr_carea' id='block_1_100' title="bbox 473 4966 2042 5057">
    <p class='ocr_par' dir='ltr' id='par_1_100' title="bbox 473 4966 2042 5057">
     <span class='ocr_line' id='line_1_101' title="bbox 473 4966 2042 5057; baseline 0.002 -25"><span class='ocrx_word' id='word_1_683' title='bbox 473 4975 616 5035; x_wconf 69' lang='lat' dir='ltr'><strong>MO’.</strong></span> <span class='ocrx_word' id='word_1_684' title='bbox 680 4966 1053 5054; x_wconf 68' lang='grc' dir='ltr'>Ὠριιημένους</span> <span class='ocrx_word' id='word_1_685' title='bbox 1127 4976 1181 5033; x_wconf 77' lang='grc' dir='ltr'>δὲ</span> <span class='ocrx_word' id='word_1_686' title='bbox 1243 4978 1430 5042; x_wconf 79' lang='grc' dir='ltr'>αὖτοὺς</span> <span class='ocrx_word' id='word_1_687' title='bbox 1503 4977 1588 5034; x_wconf 74' lang='grc' dir='ltr'><strong>καὶ</strong></span> <span class='ocrx_word' id='word_1_688' title='bbox 1641 4983 1737 5055; x_wconf 72' lang='grc' dir='ltr'><strong>τῇς</strong></span> <span class='ocrx_word' id='word_1_689' title='bbox 1813 4966 2042 5057; x_wconf 57' lang='grc' dir='ltr'>ςρυλακῆς</span> 
     </span>
    </p>
   </div>
   <div class='ocr_carea' id='block_1_101' title="bbox 2128 4966 3776 5057">
    <p class='ocr_par' dir='ltr' id='par_1_101' title="bbox 2212 4978 3776 5044">
     <span class='ocr_line' id='line_1_102' title="bbox 2212 4978 3776 5044; baseline -0.003 -2"><span class='ocrx_word' id='word_1_690' title='bbox 2212 4978 2401 5042; x_wconf 86' lang='lat' dir='ltr'><strong>XLIX.</strong></span> <span class='ocrx_word' id='word_1_691' title='bbox 2443 4981 2732 5044; x_wconf 66' lang='lat' dir='ltr'><strong>Caeterum</strong></span> <span class='ocrx_word' id='word_1_692' title='bbox 2766 4999 2900 5043; x_wconf 89' lang='lat' dir='ltr'><strong>cum</strong></span> <span class='ocrx_word' id='word_1_693' title='bbox 2936 4982 2975 5043; x_wconf 91' lang='lat' dir='ltr'><strong>ii</strong></span> <span class='ocrx_word' id='word_1_694' title='bbox 3007 4985 3193 5044; x_wconf 90' lang='lat' dir='ltr'><strong>virum</strong></span> <span class='ocrx_word' id='word_1_695' title='bbox 3227 4988 3495 5044; x_wconf 89' lang='lat' dir='ltr'><strong>sanctum</strong></span> <span class='ocrx_word' id='word_1_696' title='bbox 3528 4995 3776 5042; x_wconf 81' lang='lat' dir='ltr'><strong>carcere</strong></span> 
     </span>
    </p>
   </div>
   <div class='ocr_carea' id='block_1_102' title="bbox 387 5065 2049 5147">
    <p class='ocr_par' dir='ltr' id='par_1_102' title="bbox 387 5065 2049 5147">
     <span class='ocr_line' id='line_1_103' title="bbox 387 5065 2049 5147; baseline 0.001 -5"><span class='ocrx_word' id='word_1_697' title='bbox 387 5065 590 5144; x_wconf 52' lang='grc' dir='ltr'><strong>ὶῇ’[ειν</strong></span> <span class='ocrx_word' id='word_1_698' title='bbox 640 5067 736 5122; x_wconf 83' lang='grc' dir='ltr'><strong>τὸν</strong></span> <span class='ocrx_word' id='word_1_699' title='bbox 767 5066 924 5144; x_wconf 79' lang='grc' dir='ltr'>ἆΎιον</span> <span class='ocrx_word' id='word_1_700' title='bbox 971 5066 1174 5129; x_wconf 71' lang='grc' dir='ltr'>ὶκεϊνος</span> <span class='ocrx_word' id='word_1_701' title='bbox 1228 5066 1454 5147; x_wconf 48' lang='grc' dir='ltr'>ἐπέσχε</span> <span class='ocrx_word' id='word_1_702' title='bbox 1517 5087 1546 5127; x_wconf 68' lang='grc' dir='ltr'>ι</span> <span class='ocrx_word' id='word_1_703' title='bbox 1584 5068 1672 5136; x_wconf 63' lang='grc' dir='ltr'><strong>Μή</strong></span> <span class='ocrx_word' id='word_1_704' title='bbox 1723 5088 1863 5141; x_wconf 62' lang='grc' dir='ltr'>τινα,</span> <span class='ocrx_word' id='word_1_705' title='bbox 1896 5070 2049 5145; x_wconf 62' lang='grc' dir='ltr'>φησὶν</span> 
     </span>
    </p>
   </div>
   <div class='ocr_carea' id='block_1_103' title="bbox 388 5155 2052 5234">
    <p class='ocr_par' dir='ltr' id='par_1_103' title="bbox 388 5155 2052 5234">
     <span class='ocr_line' id='line_1_104' title="bbox 388 5155 2052 5234; baseline 0.002 -23"><span class='ocrx_word' id='word_1_706' title='bbox 388 5157 550 5230; x_wconf 70' lang='grc' dir='ltr'>ἡμεῖς</span> <span class='ocrx_word' id='word_1_707' title='bbox 615 5177 671 5213; x_wconf 88' lang='grc' dir='ltr'><strong>τε</strong></span> <span class='ocrx_word' id='word_1_708' title='bbox 723 5169 848 5220; x_wconf 80' lang='grc' dir='ltr'>τοῖς</span> <span class='ocrx_word' id='word_1_709' title='bbox 903 5158 1228 5234; x_wconf 76' lang='grc' dir='ltr'>κατηγόροις</span> <span class='ocrx_word' id='word_1_710' title='bbox 1289 5156 1461 5224; x_wconf 74' lang='grc' dir='ltr'>λαϐὴν</span> <span class='ocrx_word' id='word_1_711' title='bbox 1515 5155 1713 5232; x_wconf 78' lang='grc' dir='ltr'>δῶμεν,</span> <span class='ocrx_word' id='word_1_712' title='bbox 1764 5158 1851 5213; x_wconf 84' lang='grc' dir='ltr'><strong>καὶ</strong></span> <span class='ocrx_word' id='word_1_713' title='bbox 1907 5159 2052 5216; x_wconf 81' lang='grc' dir='ltr'>αὐτοὶ</span> 
     </span>
    </p>
   </div>
   <div class='ocr_carea' id='block_1_104' title="bbox 384 5246 2050 5327">
    <p class='ocr_par' dir='ltr' id='par_1_104' title="bbox 384 5246 2050 5327">
     <span class='ocr_line' id='line_1_105' title="bbox 384 5246 2050 5327; baseline -0.001 -23"><span class='ocrx_word' id='word_1_714' title='bbox 384 5248 600 5312; x_wconf 75' lang='grc' dir='ltr'>ἑαυτοῖς</span> <span class='ocrx_word' id='word_1_715' title='bbox 661 5248 860 5325; x_wconf 75' lang='grc' dir='ltr'>μῶμον</span> <span class='ocrx_word' id='word_1_716' title='bbox 923 5248 1337 5326; x_wconf 64' lang='grc' dir='ltr'>προστρίψτβθε,</span> <span class='ocrx_word' id='word_1_717' title='bbox 1378 5271 1403 5306; x_wconf 71' lang='grc' dir='ltr'><strong><em>ι</em></strong></span> <span class='ocrx_word' id='word_1_718' title='bbox 1463 5246 1665 5306; x_wconf 71' lang='grc' dir='ltr'>’Ἔνθεν</span> <span class='ocrx_word' id='word_1_719' title='bbox 1722 5248 2050 5327; x_wconf 81' lang='grc' dir='ltr'>παραγίνον-</span> 
     </span>
    </p>
   </div>
   <div class='ocr_carea' id='block_1_105' title="bbox 373 5334 2051 5416">
    <p class='ocr_par' dir='ltr' id='par_1_105' title="bbox 373 5334 2051 5416">
     <span class='ocr_line' id='line_1_106' title="bbox 373 5334 2051 5416; baseline 0.001 -22"><span class='ocrx_word' id='word_1_720' title='bbox 373 5359 466 5394; x_wconf 80' lang='grc' dir='ltr'><strong>ται</strong></span> <span class='ocrx_word' id='word_1_721' title='bbox 526 5339 656 5416; x_wconf 76' lang='grc' dir='ltr'>πρὸς</span> <span class='ocrx_word' id='word_1_722' title='bbox 719 5341 814 5396; x_wconf 82' lang='grc' dir='ltr'>τὸν</span> <span class='ocrx_word' id='word_1_723' title='bbox 874 5337 1106 5394; x_wconf 83' lang='grc' dir='ltr'>πάππαν</span> <span class='ocrx_word' id='word_1_724' title='bbox 1165 5334 1277 5411; x_wconf 74' lang='grc' dir='ltr'><strong>ἅμα</strong></span> <span class='ocrx_word' id='word_1_725' title='bbox 1333 5345 1647 5412; x_wconf 80' lang='grc' dir='ltr'>Μαοκιανῷ,</span> <span class='ocrx_word' id='word_1_726' title='bbox 1711 5338 1808 5396; x_wconf 81' lang='grc' dir='ltr'>Καὶ</span> <span class='ocrx_word' id='word_1_727' title='bbox 1883 5337 2051 5402; x_wconf 72' lang='grc' dir='ltr'>οὕτως</span> 
     </span>
    </p>
   </div>
   <div class='ocr_carea' id='block_1_106' title="bbox 379 5426 2046 5504">
    <p class='ocr_par' dir='ltr' id='par_1_106' title="bbox 379 5426 2046 5504">
     <span class='ocr_line' id='line_1_107' title="bbox 379 5426 2046 5504; baseline -0.001 -20"><span class='ocrx_word' id='word_1_728' title='bbox 379 5432 521 5502; x_wconf 77' lang='grc' dir='ltr'><strong>αὖτῷ</strong></span> <span class='ocrx_word' id='word_1_729' title='bbox 567 5434 742 5488; x_wconf 82' lang='grc' dir='ltr'>πάντα</span> <span class='ocrx_word' id='word_1_730' title='bbox 805 5429 875 5484; x_wconf 77' lang='grc' dir='ltr'><strong>τὰ</strong></span> <span class='ocrx_word' id='word_1_731' title='bbox 936 5436 1034 5485; x_wconf 86' lang='grc' dir='ltr'>τοῦ</span> <span class='ocrx_word' id='word_1_732' title='bbox 1082 5427 1347 5502; x_wconf 66' lang='grc' dir='ltr'>θαύματος</span> <span class='ocrx_word' id='word_1_733' title='bbox 1394 5426 1608 5504; x_wconf 70' lang='grc' dir='ltr'>διεξῇει,</span> <span class='ocrx_word' id='word_1_734' title='bbox 1645 5427 1737 5485; x_wconf 61' lang='grc' dir='ltr'><strong>οἵα</strong></span> <span class='ocrx_word' id='word_1_735' title='bbox 1786 5448 1844 5482; x_wconf 90' lang='grc' dir='ltr'><strong>τε</strong></span> <span class='ocrx_word' id='word_1_736' title='bbox 1895 5427 2046 5491; x_wconf 86' lang='grc' dir='ltr'>νόσος</span> 
     </span>
    </p>
   </div>
   <div class='ocr_carea' id='block_1_107' title="bbox 380 5515 2048 5604">
    <p class='ocr_par' dir='ltr' id='par_1_107' title="bbox 380 5515 2048 5604">
     <span class='ocr_line' id='line_1_108' title="bbox 419 5515 1924 5556; baseline -0.005 -12"><span class='ocrx_word' id='word_1_737' title='bbox 419 5521 435 5544; x_wconf 66' lang='grc'><strong>9</strong></span> <span class='ocrx_word' id='word_1_738' title='bbox 853 5521 866 5538; x_wconf 58' lang='grc' dir='ltr'>δ</span> <span class='ocrx_word' id='word_1_739' title='bbox 1014 5517 1028 5534; x_wconf 70' lang='lat'>‘</span> <span class='ocrx_word' id='word_1_740' title='bbox 1170 5517 1183 5536; x_wconf 51' lang='grc' dir='ltr'><strong>ἶ</strong></span> <span class='ocrx_word' id='word_1_741' title='bbox 1326 5517 1338 5538; x_wconf 73' lang='grc' dir='ltr'><strong><em>Ι</em></strong></span> <span class='ocrx_word' id='word_1_742' title='bbox 1419 5539 1444 5550; x_wconf 49' lang='grc' dir='ltr'><em>φ</em></span> <span class='ocrx_word' id='word_1_743' title='bbox 1561 5515 1590 5556; x_wconf 51' lang='grc' dir='ltr'><strong>ἐξ</strong></span> <span class='ocrx_word' id='word_1_744' title='bbox 1669 5522 1676 5534; x_wconf 68' lang='grc' dir='ltr'>α</span> <span class='ocrx_word' id='word_1_745' title='bbox 1912 5517 1924 5537; x_wconf 79' lang='lat'><strong><em>\</em></strong></span> 
     </span>
     <span class='ocr_line' id='line_1_109' title="bbox 380 5515 2048 5604; baseline -0.004 -28"><span class='ocrx_word' id='word_1_746' title='bbox 380 5519 526 5578; x_wconf 64' lang='grc' dir='ltr'>αυτόν</span> <span class='ocrx_word' id='word_1_747' title='bbox 579 5522 712 5604; x_wconf 75' lang='grc' dir='ltr'>εἶχε</span> <span class='ocrx_word' id='word_1_748' title='bbox 772 5542 869 5578; x_wconf 83' lang='grc' dir='ltr'><strong>και</strong></span> <span class='ocrx_word' id='word_1_749' title='bbox 933 5537 1070 5594; x_wconf 82' lang='grc' dir='ltr'>προς</span> <span class='ocrx_word' id='word_1_750' title='bbox 1136 5537 1226 5572; x_wconf 85' lang='grc' dir='ltr'><strong>τον</strong></span> <span class='ocrx_word' id='word_1_751' title='bbox 1279 5521 1504 5574; x_wconf 63' lang='grc' dir='ltr'>θαναιον</span> <span class='ocrx_word' id='word_1_752' title='bbox 1567 5515 1781 5595; x_wconf 67' lang='grc' dir='ltr'>..λαυνε,</span> <span class='ocrx_word' id='word_1_753' title='bbox 1841 5539 1928 5572; x_wconf 89' lang='grc' dir='ltr'><strong>και</strong></span> <span class='ocrx_word' id='word_1_754' title='bbox 1984 5516 2048 5584; x_wconf 80' lang='grc' dir='ltr'><strong>ἧς</strong></span> 
     </span>
    </p>
   </div>
   <div class='ocr_carea' id='block_1_108' title="bbox 375 5604 2044 5696">
    <p class='ocr_par' dir='ltr' id='par_1_108' title="bbox 375 5604 2044 5696">
     <span class='ocr_line' id='line_1_110' title="bbox 375 5604 2044 5696; baseline -0.008 -22"><span class='ocrx_word' id='word_1_755' title='bbox 375 5609 524 5696; x_wconf 72' lang='grc' dir='ltr'>ἔτυχε</span> <span class='ocrx_word' id='word_1_756' title='bbox 609 5611 744 5694; x_wconf 79' lang='grc' dir='ltr'>παρ’</span> <span class='ocrx_word' id='word_1_757' title='bbox 807 5609 989 5668; x_wconf 71' lang='grc' dir='ltr'><strong>αὖτοῦ</strong></span> <span class='ocrx_word' id='word_1_758' title='bbox 1065 5608 1361 5696; x_wconf 69' lang='grc' dir='ltr'>θεραπείας.</span> <span class='ocrx_word' id='word_1_759' title='bbox 1423 5609 1523 5664; x_wconf 80' lang='grc' dir='ltr'>Τὸν</span> <span class='ocrx_word' id='word_1_760' title='bbox 1592 5604 1648 5662; x_wconf 79' lang='grc' dir='ltr'>δὲ</span> <span class='ocrx_word' id='word_1_761' title='bbox 1726 5606 2044 5678; x_wconf 69' lang='grc' dir='ltr'>ἀκούσαντα,</span> 
     </span>
    </p>
   </div>
   <div class='ocr_carea' id='block_1_109' title="bbox 359 5695 2048 5790">
    <p class='ocr_par' dir='ltr' id='par_1_109' title="bbox 359 5695 2048 5790">
     <span class='ocr_line' id='line_1_111' title="bbox 359 5695 2048 5790; baseline -0.006 -28"><span class='ocrx_word' id='word_1_762' title='bbox 359 5695 611 5790; x_wconf 56' lang='grc' dir='ltr'>μετάνοιά</span> <span class='ocrx_word' id='word_1_763' title='bbox 667 5727 729 5765; x_wconf 84' lang='grc' dir='ltr'><strong>τε</strong></span> <span class='ocrx_word' id='word_1_764' title='bbox 769 5697 984 5778; x_wconf 74' lang='grc' dir='ltr'>εἲσῇει,</span> <span class='ocrx_word' id='word_1_765' title='bbox 1028 5695 1119 5750; x_wconf 79' lang='grc' dir='ltr'>καὶ</span> <span class='ocrx_word' id='word_1_766' title='bbox 1168 5701 1270 5752; x_wconf 82' lang='grc' dir='ltr'><strong>τῶν</strong></span> <span class='ocrx_word' id='word_1_767' title='bbox 1319 5699 1390 5762; x_wconf 81' lang='grc' dir='ltr'><strong>εἱς</strong></span> <span class='ocrx_word' id='word_1_768' title='bbox 1422 5698 1515 5754; x_wconf 78' lang='grc' dir='ltr'><strong>τὸν</strong></span> <span class='ocrx_word' id='word_1_769' title='bbox 1567 5695 1718 5773; x_wconf 77' lang='grc' dir='ltr'>ἅγιον</span> <span class='ocrx_word' id='word_1_770' title='bbox 1769 5702 2048 5775; x_wconf 75' lang='grc' dir='ltr'>προπετῶς</span> 
     </span>
    </p>
   </div>
   <div class='ocr_carea' id='block_1_110' title="bbox 2135 5070 3776 5153">
    <p class='ocr_par' dir='ltr' id='par_1_110' title="bbox 2135 5070 3776 5153">
     <span class='ocr_line' id='line_1_112' title="bbox 2135 5070 3776 5153; baseline -0.002 -21"><span class='ocrx_word' id='word_1_771' title='bbox 2135 5070 2412 5132; x_wconf 88' lang='lat' dir='ltr'><strong>emittere</strong></span> <span class='ocrx_word' id='word_1_772' title='bbox 2444 5073 2821 5152; x_wconf 86' lang='lat' dir='ltr'><strong>molirentur,</strong></span> <span class='ocrx_word' id='word_1_773' title='bbox 2856 5072 2984 5152; x_wconf 91' lang='lat' dir='ltr'><strong>ipse</strong></span> <span class='ocrx_word' id='word_1_774' title='bbox 3014 5070 3339 5153; x_wconf 86' lang='lat' dir='ltr'><strong>prohibuit,</strong></span> <span class='ocrx_word' id='word_1_775' title='bbox 3365 5070 3545 5151; x_wconf 91' lang='lat' dir='ltr'><strong>idque</strong></span> <span class='ocrx_word' id='word_1_776' title='bbox 3574 5085 3664 5148; x_wconf 90' lang='lat' dir='ltr'><strong>se,</strong></span> <span class='ocrx_word' id='word_1_777' title='bbox 3697 5085 3776 5128; x_wconf 87' lang='lat' dir='ltr'><strong>ne</strong></span> 
     </span>
    </p>
   </div>
   <div class='ocr_carea' id='block_1_111' title="bbox 2134 5155 3780 5240">
    <p class='ocr_par' dir='ltr' id='par_1_111' title="bbox 2134 5155 3780 5240">
     <span class='ocr_line' id='line_1_113' title="bbox 2134 5155 3780 5240; baseline -0.002 -19"><span class='ocrx_word' id='word_1_778' title='bbox 2134 5178 2308 5240; x_wconf 88' lang='lat' dir='ltr'><strong>quam</strong></span> <span class='ocrx_word' id='word_1_779' title='bbox 2337 5160 2783 5222; x_wconf 85' lang='lat' dir='ltr'><strong>accusatoribus</strong></span> <span class='ocrx_word' id='word_1_780' title='bbox 2814 5178 3016 5222; x_wconf 88' lang='lat' dir='ltr'><strong>ansam</strong></span> <span class='ocrx_word' id='word_1_781' title='bbox 3052 5159 3364 5240; x_wconf 68' lang='lat' dir='ltr'><strong>praeberet,</strong></span> <span class='ocrx_word' id='word_1_782' title='bbox 3392 5157 3590 5220; x_wconf 80' lang='lat' dir='ltr'><strong>facere</strong></span> <span class='ocrx_word' id='word_1_783' title='bbox 3609 5155 3780 5218; x_wconf 87' lang='lat' dir='ltr'><strong>dicti-</strong></span> 
     </span>
    </p>
   </div>
   <div class='ocr_carea' id='block_1_112' title="bbox 2136 5246 3776 5330">
    <p class='ocr_par' dir='ltr' id='par_1_112' title="bbox 2136 5246 3776 5330">
     <span class='ocr_line' id='line_1_114' title="bbox 2136 5246 3776 5330; baseline -0.002 -20"><span class='ocrx_word' id='word_1_784' title='bbox 2136 5248 2471 5322; x_wconf 86' lang='lat' dir='ltr'><strong>tabat,neve</strong></span> <span class='ocrx_word' id='word_1_785' title='bbox 2495 5249 2943 5330; x_wconf 82' lang='lat' dir='ltr'><strong>vituperationis</strong></span> <span class='ocrx_word' id='word_1_786' title='bbox 2963 5249 3214 5329; x_wconf 88' lang='lat' dir='ltr'><strong>alicujus</strong></span> <span class='ocrx_word' id='word_1_787' title='bbox 3231 5249 3416 5330; x_wconf 88' lang='lat' dir='ltr'><strong>ipsius</strong></span> <span class='ocrx_word' id='word_1_788' title='bbox 3437 5246 3551 5309; x_wconf 91' lang='lat' dir='ltr'><strong>sibi</strong></span> <span class='ocrx_word' id='word_1_789' title='bbox 3573 5255 3776 5308; x_wconf 82' lang='lat' dir='ltr'><strong>notam</strong></span> 
     </span>
    </p>
   </div>
   <div class='ocr_carea' id='block_1_113' title="bbox 2133 5335 3766 5414">
    <p class='ocr_par' dir='ltr' id='par_1_113' title="bbox 2133 5335 3766 5414">
     <span class='ocr_line' id='line_1_115' title="bbox 2133 5335 3766 5414; baseline -0.002 -15"><span class='ocrx_word' id='word_1_790' title='bbox 2133 5339 2464 5400; x_wconf 87' lang='lat' dir='ltr'><strong>inurerent.</strong></span> <span class='ocrx_word' id='word_1_791' title='bbox 2497 5338 2844 5401; x_wconf 87' lang='lat' dir='ltr'><strong>Pontiﬁcem</strong></span> <span class='ocrx_word' id='word_1_792' title='bbox 2880 5339 3134 5401; x_wconf 83' lang='lat' dir='ltr'><strong>subinde</strong></span> <span class='ocrx_word' id='word_1_793' title='bbox 3167 5357 3299 5400; x_wconf 90' lang='lat' dir='ltr'><strong>cum</strong></span> <span class='ocrx_word' id='word_1_794' title='bbox 3333 5335 3630 5399; x_wconf 81' lang='lat' dir='ltr'><strong>Marciano</strong></span> <span class='ocrx_word' id='word_1_795' title='bbox 3665 5353 3766 5414; x_wconf 82' lang='lat' dir='ltr'><strong>pe-</strong></span> 
     </span>
    </p>
   </div>
   <div class='ocr_carea' id='block_1_114' title="bbox 2134 5423 3775 5509">
    <p class='ocr_par' dir='ltr' id='par_1_114' title="bbox 2134 5423 3775 5509">
     <span class='ocr_line' id='line_1_116' title="bbox 2134 5423 3775 5509; baseline -0.002 -20"><span class='ocrx_word' id='word_1_796' title='bbox 2134 5436 2283 5508; x_wconf 82' lang='lat' dir='ltr'><strong>tunt,</strong></span> <span class='ocrx_word' id='word_1_797' title='bbox 2308 5429 2408 5509; x_wconf 92' lang='lat' dir='ltr'><strong>qui</strong></span> <span class='ocrx_word' id='word_1_798' title='bbox 2439 5429 2651 5490; x_wconf 85' lang='lat' dir='ltr'><strong>ordine</strong></span> <span class='ocrx_word' id='word_1_799' title='bbox 2675 5447 2912 5492; x_wconf 90' lang='lat' dir='ltr'><strong>omnem</strong></span> <span class='ocrx_word' id='word_1_800' title='bbox 2937 5429 3024 5490; x_wconf 92' lang='lat' dir='ltr'><strong>illi</strong></span> <span class='ocrx_word' id='word_1_801' title='bbox 3059 5428 3326 5491; x_wconf 88' lang='lat' dir='ltr'><strong>miraculi</strong></span> <span class='ocrx_word' id='word_1_802' title='bbox 3357 5426 3575 5489; x_wconf 86' lang='lat' dir='ltr'><strong>seriem</strong></span> <span class='ocrx_word' id='word_1_803' title='bbox 3609 5423 3775 5487; x_wconf 87' lang='lat' dir='ltr'><strong>edis-</strong></span> 
     </span>
    </p>
   </div>
   <div class='ocr_carea' id='block_1_115' title="bbox 2131 5517 3777 5599">
    <p class='ocr_par' dir='ltr' id='par_1_115' title="bbox 2131 5517 3777 5599">
     <span class='ocr_line' id='line_1_117' title="bbox 2131 5517 3777 5599; baseline -0.004 -20"><span class='ocrx_word' id='word_1_804' title='bbox 2131 5517 2298 5592; x_wconf 87' lang='lat' dir='ltr'><strong>serit,</strong></span> <span class='ocrx_word' id='word_1_805' title='bbox 2333 5518 2835 5599; x_wconf 89' lang='lat' dir='ltr'><strong>quemadmodum</strong></span> <span class='ocrx_word' id='word_1_806' title='bbox 2871 5519 2929 5580; x_wconf 91' lang='lat' dir='ltr'><strong>in</strong></span> <span class='ocrx_word' id='word_1_807' title='bbox 2965 5518 3264 5592; x_wconf 87' lang='lat' dir='ltr'><strong>morbum,</strong></span> <span class='ocrx_word' id='word_1_808' title='bbox 3299 5535 3415 5598; x_wconf 91' lang='lat' dir='ltr'><strong>quo</strong></span> <span class='ocrx_word' id='word_1_809' title='bbox 3462 5531 3647 5596; x_wconf 89' lang='lat' dir='ltr'><strong>prope</strong></span> <span class='ocrx_word' id='word_1_810' title='bbox 3677 5532 3777 5599; x_wconf 75' lang='lat' dir='ltr'><strong>ex-</strong></span> 
     </span>
    </p>
   </div>
   <div class='ocr_carea' id='block_1_116' title="bbox 2131 5598 3770 5689">
    <p class='ocr_par' dir='ltr' id='par_1_116' title="bbox 2131 5598 3770 5689">
     <span class='ocr_line' id='line_1_118' title="bbox 2131 5598 3770 5689; baseline -0.005 -21"><span class='ocrx_word' id='word_1_811' title='bbox 2131 5598 2381 5669; x_wconf 82' lang='lat' dir='ltr'><strong>stinctus</strong></span> <span class='ocrx_word' id='word_1_812' title='bbox 2413 5616 2523 5684; x_wconf 85' lang='lat' dir='ltr'><strong>est,</strong></span> <span class='ocrx_word' id='word_1_813' title='bbox 2559 5607 2686 5689; x_wconf 88' lang='lat' dir='ltr'><strong>ipse</strong></span> <span class='ocrx_word' id='word_1_814' title='bbox 2714 5608 3066 5680; x_wconf 83' lang='lat' dir='ltr'><strong>incurrerat,</strong></span> <span class='ocrx_word' id='word_1_815' title='bbox 3102 5607 3455 5688; x_wconf 85' lang='lat' dir='ltr'><strong>qualemque</strong></span> <span class='ocrx_word' id='word_1_816' title='bbox 3486 5602 3664 5664; x_wconf 80' lang='lat' dir='ltr'><strong>fuerit</strong></span> <span class='ocrx_word' id='word_1_817' title='bbox 3693 5598 3770 5661; x_wconf 91' lang='lat' dir='ltr'><strong>ab</strong></span> 
     </span>
    </p>
   </div>
   <div class='ocr_carea' id='block_1_117' title="bbox 2131 5691 3770 5778">
    <p class='ocr_par' dir='ltr' id='par_1_117' title="bbox 2131 5691 3770 5778">
     <span class='ocr_line' id='line_1_119' title="bbox 2131 5691 3770 5778; baseline -0.005 -21"><span class='ocrx_word' id='word_1_818' title='bbox 2131 5696 2260 5778; x_wconf 89' lang='lat' dir='ltr'><strong>ipso</strong></span> <span class='ocrx_word' id='word_1_819' title='bbox 2287 5697 2652 5760; x_wconf 88' lang='lat' dir='ltr'><strong>curationem</strong></span> <span class='ocrx_word' id='word_1_820' title='bbox 2685 5707 3013 5762; x_wconf 83' lang='lat' dir='ltr'><strong>assecutus.</strong></span> <span class='ocrx_word' id='word_1_821' title='bbox 3050 5696 3187 5760; x_wconf 66' lang='lat' dir='ltr'><strong>Ilaec</strong></span> <span class='ocrx_word' id='word_1_822' title='bbox 3219 5695 3385 5758; x_wconf 90' lang='lat' dir='ltr'><strong>illum</strong></span> <span class='ocrx_word' id='word_1_823' title='bbox 3423 5691 3770 5756; x_wconf 84' lang='lat' dir='ltr'><strong>audientem</strong></span> 
     </span>
    </p>
   </div>
  </div>
