4136 6416
490 345 608 419 255
1794 355 1962 425 ΜΕΝ
1964 357 2076 424 SlS
2119 358 2151 426 Β

2242 361 2564 432 VEMBER.
3751 359 3878 433 256

493 487 842 584 poenitentia
870 499 1072 584 secuta
1102 500 1213 584 est,
1249 500 1308 558 et
1358 511 1491 576 quae
1521 495 1584 557 in
1641 494 1824 558 virum
1864 505 2136 561 unctum

2242 501 2584 581 ιίργασμένων
2638 499 2880 583 σφοδρῶς
2926 502 3115 563 ἑαυτοῦ
3160 503 3456 583 κατήγορος
3503 502 3592 584 ἦν,
3625 503 3711 562 καὶ
3763 503 3880 581 ἅμα

494 587 720 674 temere
742 582 1091 674 admiserat,
1116 583 1211 674 sui
1227 585 1594 674 accerrimus
1617 593 1930 650 accusator
1955 587 2144 649 factus

2242 597 2294 668 τῇ
2348 593 2538 670 γνώμῃ
2608 582 2698 650 καὶ
2745 582 2848 662 την
2924 596 3140 674 μορφὴν
3194 582 3499 663 ἠλλοιοῦτο·
3565 582 3655 651 καὶ
3713 593 3880 661 δῆλος

493 671 1006 763 reprehendebat,
1024 672 1358 763 faciemque
1383 673 1560 736 simul
1583 693 1716 736 cum
1741 674 1992 737 consilio
2018 694 2145 739 mu-

2242 679 2428 758 ὶγίνετο
2459 681 2668 760 μεγάλα
2709 683 2808 750 τὴν
2854 671 3056 763 ψυχὴν*
3096 682 3491 760 πληττόμὶνος,
3524 685 3611 740 καὶ
3661 684 3878 761 βαρείας

497 759 655 820 tavit.
685 759 920 822 Vidisse
949 761 1114 822 illum
1144 761 1347 824 animo
1378 763 1769 826 vehementer
1809 781 1944 827 esse
1972 783 2142 827 com-

2242 771 2328 827 δπὸ
2407 779 2500 828 τοῦ
2545 759 2872 838 συνειδότος
2940 759 3403 850 ἐἰσπραττόμενος
3471 773 3565 838 τὰς
3636 759 3880 836 εὖθύνας.

500 858 968 930 motum,graves
988 871 1021 913 a
1037 861 1408 932 se,tanquam
1435 855 1563 932 ejus
1583 852 1856 916 criminis
1871 863 2142 931 auctore,

2242 849 2324 923 Ὦς
2373 859 2428 916 δὲ
2460 861 2544 918 καὶ
2573 861 2871 919 κατέλαϐον
2901 865 2947 919 ol
3003 849 3323 940 κατήγοροι,
3357 865 3490 930 ἧκον
3530 861 3587 918 δὲ
3630 863 3718 918 καὶ
3769 861 3880 918 τῶν

500 958 706 1021 [omnes
759 941 1020 1018 exigere.
1057 940 1345 1013 Quoniam
1394 961 1532 1004 vero
1585 963 1722 1005 eum
1769 953 2146 1008 accusatores

2242 951 2654 1028 Ἀκραγαντίνων
2728 949 3132 1024 διαπεράσαντες
3199 953 3387 1032 συχνοὶ
3453 951 3552 1027 μὶν
3609 957 3714 1008 τῶν
3777 951 3882 1029 ἀρ-

500 1038 965 1120 anteverterunt,
1000 1032 1371 1120 Agrigentini
1400 1051 1638 1113 quoque
1685 1042 1808 1096 tum
1843 1034 2148 1115 principes

2242 1038 2464 1118 (rivum,
2523 1041 2714 1119 συχνοὶ
2769 1040 2825 1096 δὲ
2895 1041 2984 1097 καὶ
3039 1044 3145 1098 τῶν
3207 1040 3546 1120 ἀρχομένων,
3609 1041 3699 1096 καὶ
3755 1038 3882 1096 ὅσον

499 1118 776 1209 civitatis,
813 1128 934 1180 tum
969 1119 1163 1201 plebei
1217 1140 1391 1202 quam
1428 1122 1666 1202 plurimi
1712 1124 2147 1204 cujuscumque

2242 1128 2293 1196 ἣν
2349 1129 2575 1206 καθαρὸν
2618 1118 2716 1197 τῆς
2775 1131 3147 1209 συνωμωσίας,
3193 1118 3476 1206 μαθόντες,
3510 1129 3564 1186 έν
3620 1132 3665 1202 ᾧ
3725 1129 3793 1196 ἦν
3853 1129 3882 1185 ὁ

499 1208 726 1298 ordinis
753 1210 859 1271 viri
881 1211 1227 1292 frequentes
1249 1230 1366 1274 una
1383 1212 1563 1274 simul
1587 1212 1824 1275 sincera
1851 1214 1966 1276 fide
1988 1213 2145 1274 obli-

2242 1218 2379 1294 ἵγιςς
2437 1221 2837 1296 καθειργμένος,
2903 1217 3104 1294 σπουδῇ
3133 1208 3295 1298 ίπρὸς
3359 1220 3515 1276 αὐτὸν
3589 1216 3883 1296 ἃφικνοῦν-

497 1297 613 1388 gati
663 1298 1077 1363 advenerant:
1129 1302 1442 1363 audientes
1489 1301 1732 1364 ubinam
1764 1302 1854 1364 vir
1901 1311 2145 1364 sanctus

2242 1329 2336 1378 εαι,
2382 1310 2474 1363 οἷα
2522 1306 2763 1387 φίλτατοι
2825 1307 3006 1374 παίδες
3065 1307 3313 1388 φίλτατον
3379 1309 3464 1365 καὶ
3540 1305 3625 1364 διαὶ
3681 1308 3883 1387 χρόνου

499 1387 730 1451 vinctus
777 1389 1176 1466 detineretur,
1212 1391 1282 1453 ad
1320 1391 1481 1452 illum
1519 1399 1821 1454 maturant
1868 1393 2148 1454 celeriter

2242 1395 2432 1474 πατέρα
2472 1397 2756 1472 θεώμενοι,
2793 1399 2879 1455 καὶ
2922 1395 3133 1464 πολλὴν
3175 1397 3258 1454 ὅτι
3314 1398 3441 1476 πρὸς
3472 1398 3626 1453 αὐτὸν
3675 1394 3884 1452 έπιδει-

497 1478 823 1558 proficisci,
845 1488 904 1540 et
934 1487 1210 1560 tanquam
1241 1480 1344 1541 ﬁlii
1366 1479 1705 1542 charissimi
1733 1501 1868 1543 eum
1897 1489 1999 1559 qui
2031 1481 2144 1544 sibi

2242 1487 2440 1548 ινύντες
2485 1485 2634 1546 αἰδώ.
2690 1485 2849 1545 Ἐπεὶ
2904 1486 2958 1543 δὲ
3003 1487 3082 1561 μὴ
3141 1486 3334 1550 πάντες
3379 1483 3689 1564 περιϐαλεῖν
3749 1483 3885 1560 μηδὲ

502 1586 608 1647 pro
635 1577 906 1646 tempore
927 1569 1354 1631 dilectissimus
1379 1573 1552 1634 Pater
1573 1571 1900 1642 exstiterat,
1923 1573 2151 1633 intuen-

2242 1589 2451 1654 κρατεῖν
2509 1576 2629 1641 τοὺς
2680 1578 2841 1636 αὐτοῦ
2898 1574 3063 1642 πόδας
3136 1575 3356 1655 ἴσχυον,
3418 1575 3686 1653 πόῤῥιίθεν
3761 1574 3884 1631 ἔπι-

503 1663 593 1718 tes
651 1658 861 1738 majori
915 1677 1029 1738 quo
1088 1668 1364 1739 poterant
1416 1661 1644 1722 honore
1692 1680 1760 1723 ac
1814 1663 2149 1724 reverentia

2242 1687 2366 1721 πτοθ
2435 1667 2524 1722 καὶ
2581 1668 2642 1722 τὸ
2699 1665 2889 1743 ἔδαφος
2944 1667 3322 1745 προσεκύνουν,
3383 1667 3584 1743 ῥήμασί
3656 1685 3717 1720 τε
3793 1665 3884 1720 καί

503 1746 1164 1827 prosequebantur.Sed
1182 1768 1314 1810 cum
1341 1768 1550 1811 omnes
1574 1751 1705 1829 ejus
1735 1751 2146 1832 circumplecti

2242 1752 2476 1832 δάκρυσιν
2569 1756 2643 1820 ὡς
2715 1754 2830 1811 ξνὸν
2913 1744 2996 1811 se;
3058 1753 3271 1834 φίλτρον
3355 1752 3748 1832 παρηλοῦντες,
3823 1744 3884 1810 Ὀ

503 1846 606 1938 aut
636 1844 840 1898 tenere
874 1837 1058 1917 pedes
1091 1839 1428 1938 nequirent,
1466 1839 1645 1916 longe
1675 1840 1850 1920 positi
1879 1860 1945 1902 se
1975 1841 2148 1902 incli-

2242 1846 2430 1924 πατήρ,
2488 1842 2753 1924 λέγοντες,
2819 1847 2847 1900 ὁ
2919 1844 3220 1923 ἀρχιερεὺς,
3253 1844 3280 1900 ὁ
3324 1845 3525 1921 σωτὴρ,
3571 1845 3647 1917 μὴ
3719 1863 3888 1899 κατα·-

503 1924 743 1999 nabant,
770 1933 830 1987 et
849 1937 975 1988 tum
1002 1926 1351 2003 verbis,tum
1378 1928 1651 2008 lacrymis
1675 1930 1864 1989 solum
1891 1929 2033 1991 illud
2053 1949 2148 1992 ve-

2242 1934 2393 2009 λίπῃς
2452 1936 2622 2008 ἡμᾶς,
2657 1931 2792 2008 μηδὲ
2823 1939 2922 2001 τῆς
2956 1934 3148 2011 ὀλίγων
3210 1936 3398 1996 κακίας
3428 1935 3515 1988 καὶ
3572 1934 3634 1988 τὸ
3677 1930 3890 2006 σύμπαν

502 2015 882 2096 narabantur,
919 2018 1281 2098 nimiamque
1309 2017 1367 2078 in
1393 2018 1558 2079 illum
1588 2021 1809 2080 amoris
1825 2020 2149 2082 vehemeno

499 2103 640 2166 tiam
676 2123 796 2185 pra:
826 2124 891 2168 se
920 2105 1194 2168 ferebant
1227 2105 1530 2168 dicentes:
1565 2109 1763 2182 Pater,
1800 2109 2063 2188 pontifex
2093 2119 2152 2171 et

501 2206 794 2271 servator,
831 2214 906 2258 ne
939 2215 1048 2257 nos
1096 2195 1361 2276 deseras,
1398 2215 1593 2276 neque
1625 2196 1798 2259 nobis
1829 2216 2148 2277 paucorum

505 2286 762 2365 prmitas
797 2285 1089 2348 universae
1120 2285 1484 2348 multitudini
1528 2286 1721 2347 fraudi
1751 2294 1852 2348 aut
1883 2287 2020 2348 vitio
2051 2287 2156 2350 deo

507 2383 621 2438 tur.
659 2377 882 2437 Multus
914 2395 1070 2439 nunc
1105 2376 1188 2438 tui
1220 2394 1401 2438 causa
1431 2377 1652 2456 luctus,
1685 2375 1898 2438 urbem
1930 2377 2155 2438 immu-

508 2464 671 2527 tavit.
708 2464 935 2544 Lugent
967 2465 1243 2546 orphani,
1278 2465 1588 2527 tristantur
1619 2466 1828 2541 viduae,
1864 2484 2156 2546 pauperes

505 2554 930 2617 lamentantur.
965 2555 1076 2629 Qui
1111 2574 1361 2635 corpore
1419 2563 1558 2618 sunt
1609 2555 1764 2618 male
1808 2557 2151 2630 constituto,

505 2644 730 2722 quique
782 2645 1048 2707 animum
1107 2646 1260 2708 male
1309 2647 1590 2708 affectum
1645 2644 1888 2724 habent,
1921 2645 2021 2706 alii
2053 2664 2154 2726 pa-

505 2739 684 2810 trem,
723 2735 822 2797 alii
856 2735 1169 2814 praesidem
1199 2744 1258 2798 et
1291 2745 1628 2815 patronum,
1666 2734 1940 2796 nonnulli
1970 2733 2153 2796 bene-

506 2823 1064 2906 factorem,plurimi
1079 2834 1201 2887 tum
1219 2824 1402 2887 animi
1418 2834 1540 2886 tum
1561 2825 1831 2905 corporis
1853 2823 2149 2886 medicum

505 2912 819 2994 inquirunt
841 2923 898 2976 et
920 2922 1220 2996 repetunt.
1251 2914 1322 2975 Et
1346 2914 1472 2976 haec
1502 2913 1742 2994 quidem
1771 2922 1858 2976 est
1891 2931 2153 2992 praesens

506 3003 758 3066 civitatis
785 3005 995 3079 facies,
1032 3024 1165 3086 quae
1197 3014 1470 3080 tanquam
1504 3003 1731 3080 ingenti
1781 3011 1956 3065 teme
1988 3012 2152 3064 motu

2232 2024 2398 2096 ἡμεῖς
2461 2023 2662 2089 πλῆθος
2735 2022 3258 2098 παραπολαύσωμεν.
3317 2020 3488 2086 Πολὺς
3553 2028 3640 2077 νῦν
3715 2020 3892 2076 ἕνεκεν

2234 2121 2328 2171 σοῦ
2375 2111 2690 2190 περιέστηκε
2746 2115 2936 2191 Θρῆνος
2965 2114 3065 2179 τὴν
3115 2111 3296 2184 πόλιν,
3330 2109 3601 2189 ὀδύρονται
3663 2107 3720 2164 δὲ
3779 2109 3891 2188 χῆ-

2235 2224 2343 2279 ραι,
2377 2199 2645 2280 ὀδύρονται
2691 2202 2788 2276 μὲν
2836 2203 3073 2282 ὀρφανοὶ,
3121 2199 3392 2278 ὀδύρονται
3446 2199 3674 2266 πένητες
3728 2203 3777 2256 οἱ
3831 2200 3889 2255 τὸ

2239 2297 2395 2363 σῶμα
2453 2287 2734 2366 μαλακῶς,
2799 2293 2845 2347 οἱ
2902 2290 2996 2355 τοὶς
3059 2291 3240 2370 ψυχὰς
3307 2295 3485 2351 κακῶς
3546 2289 3800 2367 ἔχοντες,
3844 2290 3890 2343 οἱ

2237 2382 2336 2455 μὲν
2391 2383 2482 2437 τὸν
2552 2381 2777 2459 πατέρα,
2839 2384 2886 2438 οἱ
2958 2379 3008 2435 δὲ
3066 2381 3156 2438 τὸν
3200 2379 3528 2458 προστάτῆν,
3582 2380 3630 2433 οἱ
3686 2376 3746 2434 δὲ
3803 2379 3890 2434 τὸν

2237 2469 2541 2548 εὐεργέτην,
2573 2473 2619 2526 οἱ
2664 2468 2718 2525 δὲ
2776 2471 2865 2526 τὸν
2922 2471 3028 2526 τῶν
3071 2474 3264 2547 ψυχῷν
3315 2474 3594 2538 ζητοῦντες
3641 2468 3736 2524 καὶ
3792 2488 3890 2523 σω-

2236 2559 2420 2632 μάτων
2481 2560 2829 2636 Θεραπευτήν·
2894 2565 2978 2615 καὶ
3011 2560 3099 2614 νῦν
3153 2560 3215 2614 τὸ
3247 2557 3437 2636 σχῆμα
3493 2558 3593 2622 τῆς
3651 2555 3887 2636 πόλεως,

2235 2649 2472 2724 ὡσπερεὶ
2557 2654 2764 2721 σεισμῷ
2838 2645 3060 2724 μεγάλῳ
3140 2645 3603 2723 κατασεισθείσης,
3648 2644 3683 2711 ἢ
3769 2644 3887 2706 τοὺς

2235 2737 2464 2813 πύργους
2509 2736 2746 2812 πολέμου
2807 2737 2955 2808 νόπῳ
3006 2732 3445 2804 καταϐληθήσης.
3493 2740 3669 2791 Ταῦτα
3718 2733 3888 2790 πάντα

2235 2824 2410 2891 λύσεις
2483 2826 2778 2905 ἐπιφανείς·
2855 2825 3175 2905 ἰπιφανήσει
3255 2822 3310 2880 δὲ
3379 2825 3620 2903 πάντως,
3678 2825 3723 2880 εἰ
3794 2821 3886 2880 καΐ

2237 2917 2398 2988 μόνον
2455 2915 2634 2991 βούλει
2681 2918 2755 2980 ὡς
2817 2914 2897 2971 ἴδε
2948 2916 3035 2970 καὶ
3084 2916 3250 2988 ἡμεῖς
3300 2911 3493 2979 πάντες
3543 2913 3636 2968 σὺν
3665 2913 3751 2969 σοὶ
3803 2913 3884 2968 καὶ

2234 3008 2414 3062 Θανεῐν
2471 3005 2701 3080 ἕτοιμοι.
2759 3004 2934 3063 Ταῦτα
2979 3004 3078 3080 μὲν
3151 3005 3213 3060 τὸ
3270 3002 3474 3070 πλῆθος
3527 3003 3624 3061 οἷα
3692 3000 3883 3082 σφόδρα

505 3113 822 3172 concussa,
858 3096 949 3157 vel
1001 3094 1264 3160 turribus
1289 3095 1431 3175 jure
1461 3093 1605 3157 belli
1635 3093 1906 3173 dejectis,
1943 3093 2151 3170 despe-

2242 3092 2465 3159 διακαῶς
2528 3099 2689 3153 αὑτοῦ
2719 3094 2939 3174 ἔχοντες
2950 3142 2963 3156 .

503 3192 598 3247 cta
624 3185 800 3263 jacet.
859 3184 1020 3265 Haec,
1055 3185 1106 3246 si
1155 3183 1304 3246 tein
1352 3181 1519 3245 urbis
1571 3191 1896 3263 conspectu
1947 3181 2208 3258 dederis,
2245 3181 2451 3243 omnia
2502 3183 2802 3246 restitues.
2845 3183 2935 3244 llli
2992 3189 3216 3256 autem,
3246 3187 3479 3243 tantum
3509 3181 3562 3243 si
3607 3179 3869 3265 volueris,

500 3274 835 3336 illucesces.
889 3264 1014 3334 Nos
1036 3273 1333 3354 siquidem
1377 3291 1586 3334 omnes
1618 3281 1812 3334 tecum
1868 3269 2087 3343 vivere,
2122 3280 2316 3332 tecum
2375 3272 2521 3333 mori
2583 3273 2770 3352 parati
2800 3290 3029 3334 sumus.
3079 3271 3217 3335 Haec
3279 3271 3525 3349 quidem
3577 3264 3871 3330 multitudo

504 3365 586 3423 uti
620 3363 935 3441 impotenti
968 3363 1129 3424 illius
1161 3364 1420 3442 ﬂagrans
1449 3359 1776 3434 desiderio,
1805 3359 2063 3422 dicebat.

587 3455 653 3514 L.
689 3451 903 3514 Coacto
927 3471 1067 3514 vero
1087 3452 1160 3515 ad
1185 3452 1374 3514 eadem
1399 3451 1513 3512 divi
1538 3448 1836 3530 Hippolyti
1876 3449 2156 3524 concilio,

506 3541 608 3622 qui
635 3542 799 3604 locus
823 3543 1125 3622 proximus
1148 3549 1274 3604 erat
1295 3540 1800 3615 carceri,aderant
1823 3557 2008 3620 prope
2025 3555 2162 3600 cen-

2324 3451 2415 3512 N'.
2490 3459 2597 3520 Τῆς
2671 3451 2726 3509 δὲ
2790 3450 3005 3510 συνόδον
3078 3454 3298 3530 ἔγγιστα
3353 3459 3448 3509 τοῦ
3526 3449 3879 3524 δεσμωτηριου

2242 3544 2370 3619 πρὸς
2427 3544 2489 3598 τὸ
2533 3545 2625 3599 τοῦ
2681 3544 2830 3620 ἁγίου
2895 3534 3208 3600 Ἱππολύτου
3258 3541 3717 3620 συναθροισθείσης
3755 3539 3881 3610 ναῷ,

513 3639 638 3694 tum
674 3650 741 3692 ac
792 3631 1217 3712 quinquaginta
1269 3631 1558 3710 episcopi,
1591 3648 1842 3709 quorum
1895 3627 2151 3690 nonnulli

2242 3634 2490 3709 παρῆσαν
2562 3632 2659 3708 μὲν
2717 3631 2997 3689 ἐπίσκοποι
3067 3630 3263 3712 σχεδὸν
3320 3630 3454 3708 ἀμφὶ
3511 3629 3630 3691 τοὺς
3703 3627 3884 3683 ἑκατὸν

509 3721 583 3784 ab
639 3721 886 3785 Oriente
931 3730 1235 3796 venerant,
1271 3726 1426 3781 inter
1476 3739 1626 3800 quos
1661 3721 2084 3783 Constantinus
2129 3735 2151 3777 ε

2245 3723 2331 3777 καὶ
2381 3723 2738 3797 πεντήκοντα,
2791 3723 2925 3800 πρὸς
2948 3719 3003 3777 δὲ
3060 3722 3269 3784 τούτοις
3332 3721 3418 3777 καί
3479 3739 3616 3783 τινες
3674 3721 3780 3773 τῶν
3833 3713 3889 3770 ἐκ

508 3810 734 3873 libellis
762 3811 957 3890 magni
989 3809 1434 3891 archipraisulis
1469 3810 1634 3872 vices
1667 3807 1886 3870 obibat.
1929 3807 2151 3886 Indige-

2243 3813 2341 3877 τῆς
2403 3809 2576 3886 Ἐᾦάς
2608 3817 2878 3890 παρῇσαν,
2905 3813 2994 3869 καὶ
3043 3811 3200 3874 αὐτὸς
3245 3809 3299 3866 δὲ
3347 3813 3375 3866 ὁ
3410 3804 3750 3888 χαρτοφύλαξ
3795 3805 3889 3872 τὴν

506 3919 718 3982 meque
752 3900 1027 3962 monachi
1077 3918 1288 3962 omnes
1327 3899 1386 3960 in
1420 3899 1690 3961 ordinem
1727 3897 1978 3978 redacti,
2012 3896 2151 3958 ordo

2242 3907 2334 3956 τοῦ
2405 3900 2644 3979 μεγάλου
2699 3901 2996 3981 ἀρχιερέως
3047 3899 3232 3980 χώραν
3302 3898 3662 3975 ἀποπληρῶν,
3721 3897 3812 3952 καὶ
3864 3897 3890 3950 ὁ

508 3991 651 4053 item
681 3989 967 4052 Ecclesiae
991 3989 1330 4067 universus,
1362 4007 1596 4051 necnon
1616 3987 1850 4068 reliqua
1879 3987 2004 4049 fere
2032 4005 2151 4048 om-

2242 4012 2288 4046 τι
2319 4012 2418 4068 περ
2470 3996 2577 4047 τῶν
2629 3991 2908 4070 ἐγχωρίων
2938 3991 3196 4069 μοναχῶν
3241 3989 3510 4068 ἔγκριτον,
3549 3988 3641 4043 καὶ
3671 3988 3700 4042 ὁ
3759 3984 3890 4052 κλῆ·

508 4079 603 4141 nis
655 4078 820 4141 urbis
868 4079 1199 4152 multitudo,
1255 4079 1399 4142 illnc
1447 4079 1837 4144 conﬂuxerat.
1898 4075 2151 4140 Omnino

2242 4100 2328 4157 ρος
2383 4078 2439 4136 δὲ
2484 4079 2649 4152 ἅπας,
2684 4081 2776 4136 καί
2829 4082 2857 4136 ὁ
2905 4081 3094 4144 λοιπὸς
3152 4078 3290 4141 ὅλως
3335 4075 3533 4157 σχεδὸν
3576 4073 3747 4154 ὄχλος
3799 4078 3892 4140 τῆς

506 4175 704 4231 autem
728 4167 1055 4248 Marcus,ac
1066 4167 1168 4230 alii
1191 4177 1484 4249 praeterea
1503 4167 1770 4247 quinque
1789 4167 2151 4238 sacerdotes,

2242 4167 2474 4232 πόλεως.
2533 4166 2854 4225 Στέλλονται
2883 4167 2938 4224 δὲ
2993 4190 3134 4246 παρα
3165 4169 3258 4225 τὸν
3316 4167 3607 4245 Γρηγόριον
3637 4163 3727 4222 ὅτε
3790 4185 3890 4239 μο-

506 4258 608 4340 qui
640 4257 996 4336 Gregorium
1035 4266 1632 4337 accersant,eumque
1653 4255 1884 4336 judicio
1915 4253 2151 4318 concilii

2242 4260 2409 4336 ναχὸς
2468 4258 2693 4336 Μάρχος
2743 4259 2832 4313 καὶ
2884 4256 3053 4334 ἕτεροι
3102 4257 3209 4314 τῖὸν
3257 4257 3441 4336 ίερέων
3495 4255 3676 4327 πέντε,
3707 4263 3893 4312 τοῦτον

505 4349 742 4424 sistant,
770 4348 1166 4411 destinantur.
1197 4347 1308 4420 Qui
1341 4365 1478 4409 cum
1512 4354 1726 4426 praesto
1758 4345 2068 4416 adfuisset,
2095 4343 2151 4406 in

2243 4348 2316 4410 ὡς
2375 4347 2472 4414 τὴν
2550 4344 2764 4402 σύνοδον
2819 4345 3071 4425 ἀγαγεῖν.
3133 4344 3282 4404 Ἐπεὶ
3343 4345 3431 4403 οὖν
3489 4345 3578 4401 καὶ
3647 4343 3887 4421 ἆιρίκετο,

506 4447 723 4501 terram
773 4445 866 4498 ter
908 4454 973 4498 se
1016 4437 1330 4509 inclinans,
1367 4455 1610 4499 reorum
1659 4453 1825 4497 more
1873 4433 2151 4496 substitit.

2243 4435 2413 4512 τρίτον
2469 4434 2555 4491 ἰπὶ
2597 4434 2695 4502 τὴν
2765 4433 2865 4512 γῇν
2928 4435 3293 4513 προσκυνήσας
3349 4433 3478 4500 ἔστη
3535 4433 3671 4489 κατὰ
3725 4431 3890 4506 νόμον

505 4527 695 4588 Porro
757 4526 1047 4604 praasules
1099 4525 1446 4607 quicunque
1506 4526 1678 4606 paulo
1737 4523 2151 4587 clementiores

2242 4531 2347 4581 τῶν
2431 4524 2753 4603 κρινομένων
2790 4541 2807 4560 ⁶
2890 4523 3126 4601 δακρύων
3209 4522 3264 4580 δὲ
3351 4521 3678 4599 ἐπληροῦντο
3773 4519 3890 4581 τοὺς

507 4622 702 4687 erant,
729 4614 874 4676 dum
907 4633 1038 4694 quae
1066 4624 1405 4696 agerentur,
1441 4616 1849 4687 intuebantur,
1884 4613 2151 4695 lacrymis

2243 4612 2538 4692 ὀφθαλμοὺς
2613 4613 2726 4671 ὅσοι
2809 4618 2913 4670 τῶν
2997 4612 3180 4692 ἱερέων
3262 4612 3399 4680 ἦσαν
3479 4608 3889 4690 θεοφιλέστεροι.

510 4702 716 4764 oculos
742 4687 1205 4780 perfundeba'nt.
1222 4687 1440 4786 impuri
1466 4724 1702 4787 quoque
1722 4687 2029 4768 delatores
2043 4721 2151 4766 una

2244 4701 2671 4781 Παρειστήκεσαν
2729 4701 2783 4759 δὲ
2840 4704 2928 4759 καὶ
2979 4704 3027 4759 οἱ
3083 4703 3261 4780 μιαροὶ
3311 4701 3634 4777 συκοφάνται
3682 4698 3891 4772 σύναμα

508 4809 645 4855 cum
679 4791 902 4855 Sabino
931 4811 1000 4856 ac
1045 4789 1460 4867 Crescentino,
1487 4795 1694 4856 decem
1720 4811 1899 4874 supra
1919 4801 2151 4855 centum

2244 4789 2450 4868 Σαϐίνῳ
2495 4793 2583 4850 καὶ
2617 4793 2967 4870 Κρισκεντίνῳ
3023 4789 3149 4848 δέκα
3190 4793 3283 4848 τὸν
3326 4790 3546 4868 ἀριθμὸν
3577 4788 3708 4867 πρὸς
3772 4797 3886 4847 τοῖς

507 4881 1045 4963 assistebant,quos
1067 4884 1330 4964 pontifex
1358 4902 1510 4946 max.
1531 4902 1698 4945 more
1711 4886 1815 4962 jus
1835 4881 2151 4944 dicentium

2242 4883 2430 4938 ἕκατον
2480 4882 2647 4946 ὄντες
2699 4885 2785 4947 οὖς
2815 4879 2948 4949 δῆτα
2999 4885 3027 4938 ὁ
3086 4881 3311 4944 πάππας
3356 4877 3884 4956 προσκαλεσάμενος,

505 4970 920 5052 interrogavit,
957 4972 1387 5053 numquidnam
1422 4971 1917 5053 haberent,quod
1940 4973 2160 5049 Grego-

509 5061 603 5124 rio
621 5061 1012 5142 possentvitio
1031 5063 1564 5144 vertere.quodque
1581 5062 1817 5125 crimini
1838 5079 2056 5125 nomen
2070 5079 2159 5122 es-

511 5159 624 5214 set.
651 5149 741 5212 Illi
768 5150 1068 5214 lasciviam
1090 5161 1268 5232 atque
1299 5151 1610 5214 libidinem
1633 5152 1898 5231 objicero
1927 5169 2159 5213 asseve-

513 5239 745 5303 rabant.
779 5240 1043 5312 Quorum
1077 5242 1406 5306 orationem
1431 5243 1688 5323 pontifex
1716 5240 2106 5321 interpellans
2139 5257 2152 5302 :

513 5331 715 5394 Vosne
742 5331 1109 5412 (inquit)ipsi
1133 5331 1465 5407 vidistis,an
1490 5333 1806 5396 mulierem
1830 5332 1890 5394 id
1911 5329 2160 5394 audistis

512 5419 842 5483 dicentem?
861 5421 950 5483 llli
966 5440 1105 5483 vero
1119 5422 1440 5483 commenti
1457 5422 1809 5504 principium
1834 5421 2155 5483 ordientes:

513 5509 634 5572 Nos
665 5511 910 5587 quidem
947 5510 1273 5590 (dixerunt)
1307 5529 1440 5573 cum
1467 5512 1924 5590 ingrederemur
1953 5509 2026 5571 ad
2061 5510 2158 5590 ip-

513 5615 669 5673 sum,
703 5601 890 5662 Deum
941 5600 1016 5661 de
1051 5618 1216 5662 more
1267 5599 1430 5662 circa
1457 5619 1732 5664 auroram
1765 5598 2060 5664 laudaturi
2103 5606 2161 5660 et

513 5684 837 5763 adoraturi,
868 5685 1140 5768 hancque
1167 5693 1228 5750 in
1261 5689 1390 5769 ejus
1420 5688 1574 5754 lecto
1606 5688 1924 5756 cubantem
1983 5687 2156 5750 inve-

2242 4973 2400 5050 ἣρετο
2460 4973 2593 5028 καθὰ
2659 4969 2724 5037 δὴ
2779 4972 2898 5034 τοὺς
2957 4969 3261 5041 δικάζοντας
3319 4972 3494 5044 θεμις,
3540 4966 3637 5024 κᾶν
3695 4963 3888 5025 εἰδότες

2244 5063 2337 5126 τὰς
2377 5061 2658 5138 ἐγκλήσεις
2708 5061 3048 5140 τυγχάνωσιν
3092 5058 3177 5138 ἐφ’
3224 5059 3270 5133 ᾦ
3317 5080 3376 5116 τε
3409 5059 3700 5136 Γρηγορίου
3753 5075 3888 5111 κατ-

2242 5165 2517 5230 ηγοροῖεν,
2554 5152 2640 5207 καὶ
2699 5151 2748 5206 τί
2806 5153 2868 5206 τὸ
2920 5157 3012 5206 τοῦ
3067 5148 3408 5227 ἐγκλήματος
3468 5147 3657 5220 ὄνομα.
3704 5146 3766 5202 Οἱ
3808 5141 3888 5216 δὲ,

2242 5242 2486 5317 πορνείαν
2558 5240 2701 5314 αὐτῷ
2757 5239 3033 5296 ἐπικαλεῖν
3110 5237 3332 5317 ἔφασαν,
3396 5235 3502 5295 Καὶ
3569 5238 3596 5291 ὁ
3666 5234 3888 5293 πάππας

2242 5329 2545 5410 ὑπολαϐὼν,
2606 5329 2835 5408 Πότερον
2877 5327 2931 5385 δὲ
2991 5329 3146 5403 ὁμεϊς
3205 5327 3377 5401 αὐτοὶ,
3412 5326 3568 5405 φησὶ,
3621 5323 3888 5400 ἑωράκατε

2243 5419 2279 5488 ἢ
2309 5425 2407 5486 τῆς
2451 5420 2699 5497 γυναικὸς
2731 5418 2991 5496 λεγούσης
3041 5417 3307 5486 ἠκούσατε
3343 5435 3359 5491 ;
3419 5415 3671 5473 Κάκεῖνοι
3702 5411 3887 5467 λοιπὸν

2242 5517 2334 5566 τοῦ
2365 5507 2679 5584 πλάσματος
2714 5509 2889 5588 ἀρχὴν
2919 5509 3254 5583 ποιούμενοι,
3292 5505 3487 5581 Ἠμεϊς
3541 5502 3664 5580 μέν,
3701 5501 3882 5568 εἶπον,

2241 5599 2509 5674 εἷσῇειμεν
2557 5597 2682 5676 παρ’
2727 5597 2884 5655 αὐτὸν
2931 5599 2997 5654 τὰ
3029 5596 3229 5664 συνήθη
3275 5597 3394 5674 περὶ
3451 5593 3549 5660 τὴν
3597 5592 3671 5648 ἕω
3712 5611 3884 5667 προσ-

2242 5695 2482 5767 οροῡντες
2533 5675 2644 5746 καί
2669 5688 3152 5766 προσκυνήσοντες
3215 5685 3454 5764 εὑρόντες
3504 5680 3559 5740 δὲ
3595 5681 3785 5747 ταύτην
3831 5675 3886 5734 έν
