4136 6476
332 389 443 473 957
1395 384 1582 467 ‘vt‘rA
1625 394 1686 464 s.
1734 379 2105 464 GREGORII
2145 377 2686 462 AGRiGENTINI.
3609 385 3726 464 258

335 550 409 615 τῷ
473 546 694 599 κοιτῶνι
781 544 947 600 αῦτοῦ
1024 538 1305 619 κειμένην,
1361 536 1722 618 κατέτχομεν,
1781 523 1861 593 ’Ἢ
1907 520 3712 619 8E,Anissemus,comprehendimus.Gzeterumipsaquoque,

337 612 470 690 κατᾶ
517 632 580 687 τὸ
639 630 819 704 εἰκὸς,
881 612 1303 705 ἀνακρινομένη,
1360 627 1495 703 ημῖν
1530 612 1610 682 "re
1665 628 1724 682 τὸ
1783 612 2004 703 πρᾶγμα

2136 627 2150 679 t
2180 637 2284 699 par
2313 624 2458 691 erat,
2475 616 2740 696 quaesita,
2775 633 2903 676 rem
2957 612 3130 675 nobis
3159 621 3338 694 atque
3368 616 3518 678 adeo
3551 635 3725 680 exar-

347 723 583 801 φανερὸν,
614 719 764 775 ἀλλὰ
805 703 917 776 sui
960 722 1106 793 αὖτῷ
1143 703 1234 791 .τῷ
1278 703 1492 796 ἓξάρχω
1541 715 1754 772 πολλῶν
1801 713 2004 785 παρόν-

2136 712 2200 768 ho
2241 705 2376 787 ipsi,
2431 705 2654 801 multis
2682 703 3096 801 praesentibus,
3145 705 3516 801 perspicuam
3567 706 3730 772 fecit.

353 793 450 868 των
474 793 803 876 ⁷κατέστησε
855 807 1061 866 τούτων
1129 808 1296 882 ἡμεῖς
1353 793 1516 862 πλὲον
1563 805 1722 879 ἴσμεν
1770 802 1939 876 οὐδὲν,
1971 802 2007 870 ἢ

2136 797 2312 858 lorum
2368 813 2476 857 nos
2509 794 2659 857 nihil
2687 793 2844 855 aliud
2897 793 3144 873 scimus,
3179 793 3290 854 nisi
3324 795 3485 872 quod
3517 815 3590 860 ex
3621 816 3736 878 quo

349 899 426 956 ὅτι
481 898 532 964 ἐξ
594 898 808 955 ἐκείνου
868 903 1091 975 πονηρῷ
1147 895 1403 971 πνεύματι
1462 895 1700 974 κάτοχος
1746 891 2008 971 γενομένη

2136 903 2367 964 ampore
2397 892 2512 946 tam
2540 884 2846 962 indignum
2881 883 3075 943 scelus
3101 883 3360 958 admisit,
3396 885 3607 965 spiritu
3638 887 3741 950 illa

345 989 432 1044 διὰ
477 989 538 1044 τὸ
567 985 850 1062 τολμηθὲν
893 973 1083 1049 αὐτοῖς
1133 983 1286 1063 ἄγος,
1319 982 1500 1049 δεινῶς
1548 987 1621 1048 είς
1654 982 1731 1039 ἔτι
1782 985 1870 1041 καὶ
1923 988 2011 1038 νῦν

2139 994 2350 1057 equam
2385 975 2633 1055 percita,
2671 973 3353 1063 hucusquegravissime
3408 983 3736 1058 torquetur.

347 1060 715 1154 βασανίζεται.
777 1074 966 1138 Οὕτως
1009 1075 1056 1131 οἱ
1106 1060 1301 1152 γόητες
1359 1075 1448 1130 καὶ
1494 1070 1650 1130 δεινοῖ
1697 1079 1790 1129 τοῦ
1844 1069 2014 1128 δεινοῦ

2136 1080 2175 1123 ιθ
2201 1064 2444 1122 audaces
2468 1077 2532 1120 ac
2555 1063 2826 1133 protervi,
2851 1060 3194 1132 subdolique
3225 1065 3435 1120 versuti
3465 1065 3742 1124 daemonis

356 1151 601 1240 δαίμονος
666 1165 934 1239 μιμηταὶ,
995 1161 1064 1219 δι’
1123 1151 1212 1219 Ῠῶν
1271 1163 1416 1220 αὐτοὶ
1485 1163 1691 1238 μᾶλλον
1747 1181 2013 1240 συκοφαν-

2136 1155 2446 1226 nitatores,
2470 1154 2683 1231 quibus
2702 1151 2929 1214 artibus
2953 1152 3067 1232 ipsi
3091 1152 3449 1215 calumniam
3473 1163 3741 1220 texentes

359 1259 566 1318 τώντες
622 1254 897 1328 ἑάλωσαν,
943 1251 1030 1309 διὰ
1087 1252 1293 1310 τούτων
1351 1251 1524 1311 αὐτῶν
1578 1251 1872 1331 κρατύνειν,
1920 1251 2016 1318 τὴν

2136 1245 2421 1306 :lurimum
2453 1260 2671 1322 capere
2694 1261 2761 1304 ac
2786 1242 3024 1304 irretire
3055 1251 3504 1324 consueverant,
3526 1245 3740 1308 iisdem

354 1343 714 1424 συκοφαντίαν
743 1342 1009 1421 ἔγνωσαν,

435 1433 551 1492 NA’
567 1481 584 1494 .
633 1429 792 1488 Ἀλλ’
849 1433 897 1487 οἱ
941 1431 1048 1488 τῶν
1093 1430 1278 1510 ἱερέων
1325 1430 1533 1510 ίσχυροὶ
1587 1429 1877 1508 προστάται
1923 1433 2021 1496 τῆς

2101 1334 2216 1416 ipsi
2251 1333 2626 1395 mendacium
2667 1333 2900 1392 munire
2932 1350 3102 1392 suum
3137 1332 3559 1411 cogitaverant.

2189 1423 2279 1486 Ll.
2301 1423 2374 1485 At
2401 1422 2687 1504 praesules
2718 1421 2829 1501 illi,
2866 1428 3211 1500 praestantes
3241 1421 3562 1504 invictique
3587 1425 3750 1487 veri-

353 1522 636 1595 ἆληθείας,
697 1520 884 1578 αὗτίκα
939 1521 1002 1576 τὸ
1057 1509 1248 1596 ψεῦδος
1309 1509 1674 1599 φωράσαντες,
1736 1521 1834 1576 Καὶ
1890 1520 2018 1594 μὴν,

2136 1513 2240 1574 atis
2269 1520 2736 1594 propugnatores
2763 1531 2776 1572 :
2808 1509 2946 1572 Haec
2977 1510 3240 1599 profecto
3270 1511 3321 1572 si
3352 1530 3492 1574 vera
3525 1525 3746 1597 essent,

358 1616 552 1687 εἶπον,
591 1613 635 1668 εἶ
666 1610 836 1670 ταῦτά
885 1631 947 1686 γε
976 1608 1177 1683 ἀληθῆ,
1213 1598 1511 1668 τούναντίον
1561 1598 1666 1664 ἔδει
1696 1607 1900 1684 μᾶλλον
1926 1630 2024 1686 γε-

2136 1599 2735 1678 ιὶεδειηῑ,οοηῐι·οι·ἰυω
2757 1599 2938 1678 magis
2952 1598 3120 1679 sequi
3135 1600 3544 1678 oportebat,ac
3557 1603 3752 1665 scelus

363 1704 567 1758 νὲσθαι’
630 1701 718 1757 καὶ
780 1704 1070 1755 σιωπῶσαν
1128 1698 1223 1774 μὲν
1271 1699 1332 1754 τὸ
1389 1696 1518 1776 ἄγος
1559 1700 1648 1755 καὶ
1701 1697 2030 1777 ἀρνουμένην

2136 1691 2352 1769 [uidem
2407 1691 2696 1753 celantem
2735 1697 2794 1751 et
2823 1689 3189 1750 inﬁciantem
3224 1708 3376 1752 saeve
3406 1711 3436 1752 a
3484 1693 3757 1755 daemone

367 1794 613 1871 ἰσχυρῶς
670 1789 835 1856 αὐτὴν
895 1786 981 1844 διὰ
1049 1794 1143 1844 τοῦ
1216 1786 1460 1864 δαίμονος
1529 1788 1672 1867 παρὰ
1729 1793 1829 1855 τῆς
1880 1787 2028 1854 δίκης

2115 1798 2220 1861 pro
2247 1799 2420 1861 poena
2444 1780 2863 1860 supplicioque
2888 1779 3176 1856 torqueri,
3203 1797 3236 1841 a
3266 1781 3587 1843 conﬁtente
3619 1800 3756 1845 vero

383 1869 674 1952 ἒτᾶζεσθαι,
709 1877 1074 1956 ὁμολογούσης
1135 1875 1191 1933 δέ
1248 1876 1344 1933 καὶ
1404 1878 1725 1955 συγγνώμην
1783 1878 2028 1943 αἰτούσης

2136 1870 2465 1950 :rimenque
2490 1869 2876 1948 deprecante,
2901 1875 2960 1928 et
2992 1871 3179 1931 Deum
3212 1869 3360 1930 iram
3387 1869 3761 1948 cohibere,et

389 1970 420 2024 ὅ
454 1989 514 2024 τε
566 1967 688 2028 Θεὸς
716 1965 908 2032 ἀνῆκεν
939 1963 1003 2019 ἂν
1051 1963 1153 2030 τὴν
1201 1963 1388 2042 ὀργὴν,
1422 1965 1508 2020 καὶ
1539 1966 1567 2020 ὁ
1623 1962 1738 2039 δαίμ
1751 1985 1823 2021 ων
1855 1965 1899 2020 εί
1943 1960 2034 2020 καὶ

389 2053 675 2135 προλαϐὼν
729 2053 913 2133 ἔτυχεν
970 2052 1257 2130 εἰσελθεῖν,
1323 2051 1658 2122 ἀπελήλατο.
1720 2052 1900 2115 Οὕτως
1976 2052 2032 2108 εὖ

373 2149 466 2203 καὶ
526 2143 704 2206 καλῶς
732 2143 894 2210 αὐτὴν
948 2140 1032 2220 ἐφ’
1079 2143 1274 2209 ἑαυτῆς
1326 2141 1424 2209 τὴν
1478 2143 1829 2222 συκοφαντίαν
1885 2143 2029 2222 σφή-

367 2235 592 2304 λαντες,
655 2232 870 2311 ἄγουσιν
951 2233 1026 2296 εἰς
1083 2231 1250 2306 μέσον
1317 2233 1405 2288 καὶ
1460 2232 1562 2299 τὴν
1617 2232 1782 2309 κόρην
1839 2233 2028 2301 αὐτήν,

364 2329 434 2381 Ἡ
489 2323 546 2378 δὲ
612 2321 743 2389 ἔστη
802 2320 1136 2396 κλονουμένη
1188 2321 1278 2378 καὶ
1334 2319 1692 2396 ἀλλοιουμὲνη
1744 2323 1804 2376 τὸ
1863 2321 2034 2400 πρόσ-

376 2431 544 2469 ωπον·
601 2411 685 2468 διὸ
716 2413 811 2467 καί
843 2413 904 2467 τὸ
948 2413 1145 2477 ταύτην
1177 2410 1442 2488 ἐρωτῆσαι
1502 2409 1782 2490 παρὲντες,
1815 2409 1901 2467 ἐπὶ
1946 2411 2037 2466 τὸν

385 2504 675 2582 Γρηγόριον
736 2497 1054 2576 μετέϐαινον
1101 2502 1151 2557 οἱ
1215 2501 1529 2578 κατήγοροι,
1561 2512 1686 2563 ταῖς
1746 2499 2036 2579 ἐρωτήσεσι

385 2591 533 2659 δῆθεν
587 2588 866 2669 ιντρέπειν
914 2591 1070 2646 ὰῦτὸν
1130 2587 1468 2666 βουλόμενοι.
1503 2593 1563 2646 Ὃ
1606 2586 1662 2644 δὲ
1719 2591 1856 2667 μέγα
1907 2609 2036 2645 στε-

383 2679 562 2755 νάξας,
607 2681 676 2738 τὰ
721 2686 818 2736 τοῦ
875 2677 1041 2737 Δαυίδ
1090 2678 1432 2756 ἀπεκρίνατο·
1487 2701 1517 2733 ε
1547 2677 1901 2744 Ἀναστάντες
1945 2700 2038 2753 μοι

373 2772 642 2848 μάρτυρες
701 2766 874 2826 ἄδικοι
929 2767 965 2823 ἃ
997 2767 1092 2824 οὒκ
1120 2768 1408 2846 εγίνωσκον
1450 2767 1673 2846 ἠρώτων
1730 2790 1822 2848 με,
1868 2769 2036 2826 ἀντα-

373 2857 662 2916 πεδίδοσάν
720 2878 790 2933 με
838 2858 1047 2934 πονηρᾶ
1103 2857 1226 2914 ἂντὶ
1286 2857 1521 2934 ἀγαθῶν.
1561 2880 1590 2912 ι
1646 2857 1800 2934 "Aput
1850 2857 1905 2914 δὲ
1961 2863 2039 2931 τῷ

375 2951 538 3005 ταῦτα
605 2949 806 3022 εἰπεῖν,
865 2947 1120 3025 ῥήσσεται
1173 2947 1208 3013 ἡ
1277 2946 1414 3024 κόρη
1465 2948 1664 3027 χαμαὶ,
1726 2948 1815 3004 καὶ
1881 2947 2036 3025 εἴπερ

383 3039 508 3094 ποτὲ
563 3035 1038 3116 διασπαραχθετσα
1093 3042 1170 3110 τῷ
1225 3034 1505 3115 συνέχοντι
1553 3034 1759 3109 δαίμονι
1796 3085 1812 3112 ,
1863 3034 2037 3094 ἔκειτο

384 3129 512 3206 πρὸς
582 3140 710 3187 τοῖς
789 3127 914 3182 ποσὶ
996 3127 1088 3181 τοῦ
1159 3127 1418 3203 μακαρίου
1487 3123 1891 3202 κυλινδουμένη,
1950 3127 2038 3183 καὶ

2116 1961 2406 2033 daamona,
2435 1959 2668 2020 etiamsi
2700 1963 2866 2039 prior
2894 1958 3210 2034 invaserat,
3245 1959 3400 2038 abigi
3433 1971 3758 2024 consenta-

2115 2068 2293 2112 neum
2329 2058 2477 2111 erat.
2514 2049 2615 2111 Sic
2645 2057 2779 2129 apte
2811 2065 2984 2128 porro
3041 2047 3180 2109 dum
3214 2055 3447 2128 aperire
3476 2068 3610 2111 sese
3649 2067 3758 2112 vo-

2117 2140 2267 2214 lunt,
2301 2157 2406 2199 sua
2436 2137 2548 2217 ipsi
2574 2137 2872 2200 calumnia
2903 2137 3053 2217 lapsi
3083 2139 3269 2218 magis
3295 2138 3571 2199 induunt.
3607 2135 3759 2202 Tum

2116 2230 2307 2308 ipsam
2333 2227 2610 2308 puellam,
2640 2246 2771 2308 qua:
2793 2227 2989 2288 adhuc
3013 2227 3221 2287 faciem
3255 2228 3559 2289 immutata
3579 2247 3612 2290 a
3634 2228 3759 2290 dai-

2120 2336 2296 2380 mone
2331 2317 2646 2379 vexabatur
2676 2318 2734 2378 in
2768 2317 3029 2378 medium
3061 2323 3349 2378 statuunt.
3386 2316 3548 2379 Hanc
3591 2318 3761 2380 dela-

2120 2415 2280 2469 tores
2307 2407 2664 2486 interrogari
2698 2407 3129 2486 permittentes,
3155 2405 3225 2466 ad
3259 2404 3604 2486 Gregorium
3631 2425 3765 2469 sese

2119 2497 2438 2578 recipiunt,
2466 2507 2530 2558 ut
2561 2497 2730 2558 illum
2763 2495 3195 2577 quaestionibus
3227 2495 3476 2576 objectis
3509 2498 3763 2559 confun-

2121 2587 2353 2649 derent.
2409 2589 2488 2650 At
2538 2587 2637 2649 ille
2695 2587 2963 2648 multum»
3000 2585 3326 2666 suspirans,
3377 2585 3619 2648 Davidis
3669 2587 3770 2649 illa

2121 2677 2304 2739 verba
2321 2677 2649 2758 respondit:
2679 2696 2709 2736 ε
2736 2675 3118 2752 lnsurgentes
3140 2675 3452 2738 adversum
3480 2695 3575 2739 me
3591 2685 3770 2740 testes

2119 2765 2474 2849 iniqui,quae
2498 2765 2840 2845 ignorabam
2861 2765 3215 2845 objecerunt
3245 2764 3412 2846 mihi;
3441 2767 3593 2828 mala
3624 2766 3772 2829 mihi

2122 2856 2438 2948 proubonis
2465 2855 2882 2948 rependebant
2902 2853 3012 2948 αφ
3031 2853 3173 2926 Quae
3193 2853 3371 2916 simul
3398 2873 3466 2918 ac
3495 2855 3771 2948 dixisset,

2122 2945 2319 3026 puella
2338 2945 2506 3007 humi
2531 2945 2806 3019 trahitur,
2833 2951 2894 3005 et
2914 2960 2948 3004 a
2969 2944 3241 3005 daemone
3265 2951 3328 3005 ut
3350 2963 3486 3006 cum
3511 2944 3772 3010 maxime

2122 3035 2365 3108 laniata,
2394 3036 2563 3114 juxta
2593 3034 2703 3096 viri
2756 3033 2944 3095 sancti
2991 3033 3175 3114 pedes
3224 3034 3512 3114 projecta,
3546 3054 3616 3096 ex
3665 3054 3770 3098 ore

2122 3143 2391 3206 spumam
2417 3124 2720 3198 emittens,
2751 3121 3135 3185 volutabatur.
3180 3124 3501 3200 Gregorius
3521 3142 3684 3204 vero,
3709 3133 3774 3187 ut

379 3219 545 3297 ἀφρὸν
606 3217 705 3272 τοῦ
763 3215 1031 3278 στόπατος
1090 3211 1480 3285 ἀποϐλύζουσα,
1543 3213 1604 3272 Ὀ
1666 3215 1844 3285 μέντοι
1900 3219 2045 3281 θεῖος

2136 3214 2232 3294 qui
2256 3213 2680 3276 beneinimicis
2701 3212 2934 3293 precari
2955 3211 3265 3285 didicerat,
3295 3213 3499 3273 oculos
3529 3214 3773 3295 quidem

370 3307 704 3385 Γρηγόριος,
765 3308 873 3361 τῶν
943 3303 1152 3383 ἐχθρῶν
1224 3304 1404 3379 μαθὼν
1458 3305 1863 3383 ὑπερεύχεσθαι,
1925 3304 2045 3369 τοὺς

374 3396 476 3472 μὲν
526 3393 839 3473 ὀφθαλμοὺς
873 3394 947 3455 είς
989 3393 1229 3472 οὐρανὸν,
1265 3395 1356 3452 τὸν
1410 3391 1465 3448 δὲ
1494 3401 1613 3450 νοῦν
1671 3393 1798 3473 ἄρας
1830 3396 1904 3456 είς
1960 3397 2048 3452 τὸν

381 3487 608 3563 ὠρνινοὺ
661 3484 902 3549 ποιητὴν
965 3483 1054 3538 καὶ
1107 3482 1291 3563 ἡσυχῆ
1334 3483 1403 3538 τὰ
1455 3481 1670 3560 καρδίας
1741 3484 1903 3563 χείλη
1961 3485 2046 3541 κί-

389 3575 519 3644 in,
580 3570 759 3629 ὶδέετο
811 3573 906 3628 τοῦ
978 3577 1111 3630 Θεοῦ
1167 3572 1305 3650 μέγα
1375 3573 1660 3648 στενάζων,
1719 3575 1810 3630 καὶ
1873 3573 2049 3632 πάντα

400 3661 632 3731 ἦτένιζον
677 3664 752 3726 ὥς
781 3660 963 3724 αὐτόν,
1017 3661 1166 3716 Μετὰ
1195 3659 1250 3716 δὲ
1284 3664 1385 3729 τὴν
1427 3662 1597 3741 εὒχὴν
1645 3663 1778 3742 πρὸς
1815 3664 1906 3732 τὴν
1950 3665 2049 3722 κό.

409 3770 514 3828 ρην
588 3748 802 3828 πρέχας
886 3749 1009 3814 τοὺς
1093 3748 1417 3826 ὀφθαλμοὺς,
1478 3747 1570 3807 Ἐν
1645 3758 1722 3824 τῷ
1799 3751 2044 3833 δνόματι,

408 3837 574 3918 φησί,
632 3838 718 3895 τοῦ
760 3841 950 3919 Κυρίου
999 3839 1092 3896 καὶ
1161 3843 1412 3918 Σωτῆρος
1467 3840 1626 3911 ἡμῶν
1684 3838 1859 3909 Ἰησοῦ
1913 3850 2049 3922 Χρι-

402 3935 532 3985 στοῦ
582 3941 695 3991 τοῖς
751 3933 912 3988 αὖτοῦ
965 3927 1317 4004 κελεύσμασιν
1365 3928 1532 3986 εἴκων
1601 3927 1796 4000 ἔξελθε,
1857 3930 2058 4009 δαίμων

391 4018 682 4096 ἆκάθαρτε,
715 4020 790 4081 ὡς
847 4017 911 4074 ἂν
961 4024 1304 4097 σωφρονοῦσα
1351 4020 1386 4086 ἡ
1436 4017 1573 4097 κόρη
1633 4018 1867 4088 ταληθὲς
1930 4025 2052 4100 περί

391 4106 532 4182 ἐμοῦ
642 4106 929 4187 φθέγξηται
963 4149 982 4168 .
1095 4105 1228 4186 Παρ’
1333 4109 1519 4166 αὐτίκα
1619 4106 1674 4164 δὲ
1785 4111 2057 4191 σπαράξαν

390 4196 568 4263 αὐτὴν
599 4197 662 4252 τὸ
693 4204 898 4272 πνεῦμα
930 4195 1134 4271 ἐξῆλθε,
1168 4198 1255 4254 καὶ
1285 4196 1421 4265 αὕτη
1452 4198 1579 4254 ὡσεὶ
1609 4198 1766 4277 νεκρὰ
1793 4198 1880 4267 ἧν.

478 4284 617 4344 NB'.
695 4287 856 4348 Εὐθὺς
930 4286 1020 4343 οὖν
1075 4289 1104 4342 ὁ
1162 4285 1450 4365 Γρηγόριος
1525 4284 1818 4363 λαϐόμενος
1890 4290 2055 4360 αὐτὴν

387 4381 499 4444 τῆς
555 4375 749 4455 χειρὸς
803 4377 1012 4452 ἁνιστᾷ,
1047 4377 1142 4433 καί
1198 4380 1481 4434 σταθεῖσαν
1525 4376 1770 4457 ἠρώτων,
1803 4386 1896 4437 τοῦ
1953 4381 2054 4438 λό-

2130 3305 2192 3366 in
2225 3305 2463 3378 cmlum,
2500 3311 2759 3364 mentem
2790 3319 2927 3364 vero
2959 3300 3029 3362 ad
3061 3299 3192 3362 caeli
3216 3299 3500 3381 Opiticem
3537 3304 3773 3380 tollens,

2131 3413 2201 3457 ac
2231 3394 2396 3456 labra
2417 3395 2612 3456 cordis
2634 3392 2872 3454 silentio
2892 3409 3159 3471 movens,
3183 3390 3368 3452 Deum
3393 3391 3530 3454 imis
3557 3395 3778 3472 singul-

2135 3484 2293 3547 tibus
2343 3483 2713 3559 obsecrabat,
2749 3489 2991 3562 tumque
3021 3497 3230 3542 omnes
3260 3480 3320 3541 in
3368 3481 3534 3544 illum
3568 3484 3776 3546 oculos

2131 3574 2544 3637 intendebant.
2600 3576 2744 3634 Post
2802 3589 3012 3653 preces
3061 3581 3257 3632 autem
3319 3572 3530 3651 puellae
3573 3575 3777 3637 oculos

2132 3665 2423 3746 adjiciens
2450 3684 2463 3726 :
2499 3665 2564 3727 In
2598 3661 3085 3742 nomine,inquit,
3108 3660 3346 3722 Domini
3370 3667 3432 3723 et
3446 3662 3781 3725 Servatoris

2135 3755 2325 3817 nostri
2353 3753 2494 3816 Jesu
2550 3752 2792 3833 Christi,
2829 3752 2962 3831 ejus
2994 3751 3288 3813 mandatis
3331 3749 3776 3834 obtemperans,

2134 3844 2492 3920 exi,dzemon
2523 3842 2946 3921 impurissime,
2978 3849 3040 3900 ut
3061 3839 3258 3921 puella
3287 3841 3780 3923 resipiscens,ve-

2141 3951 2273 3994 rum
2307 3932 2381 3994 de
2435 3949 2531 3993 me
2580 3931 2850 3993 fateatur.
2911 3932 3092 3991 Porro
3141 3930 3406 4012 spiritus,
3457 3949 3592 3994 cum
3649 3950 3784 3995 eam

2141 4023 2306 4104 prius
2337 4021 2701 4095 dilaniasset,
2739 4018 3049 4081 confestim
3082 4036 3357 4097 egressus
3385 4029 3496 4104 est,
3535 4021 3784 4104 ipsaque

2140 4131 2258 4175 non
2288 4129 2463 4174 secus
2482 4129 2551 4174 ac
2583 4117 2814 4172 mortua
2836 4109 3095 4190 jacebat.

2220 4291 2342 4356 Lll.
2386 4289 2705 4370 Gregorius
2726 4287 2905 4366 igitur
2919 4287 3116 4350 statim
3140 4305 3316 4351 manu
3342 4290 3780 4372 apprehensam

2137 4383 2408 4462 erigit,ac
2428 4377 2898 4455 stantem,verba
2922 4397 3053 4460 quae
3083 4379 3501 4442 Constantinus
3530 4379 3776 4464 fecerat,

387 4487 494 4546 γου
552 4463 645 4520 διὰ
715 4471 806 4522 τοῦ
872 4464 1276 4546 χαρτοφύλακος
1335 4465 1640 4547 γινομένου,
1707 4466 1924 4546 ἠρώτων
1994 4469 2047 4527 δὲ

2136 4471 2549 4551 interrogavit,
2582 4469 2883 4546 quodnam
2916 4476 3074 4530 esset
3101 4468 3188 4530 illi
3221 4487 3465 4552 nomen,
3495 4471 3665 4551 isque
3693 4463 3784 4536 illi

387 4557 445 4612 τί
503 4553 681 4629 ὄνομα
734 4554 924 4632 ταύτῃ,
955 4556 1042 4611 καὶ
1091 4556 1136 4611 εἰ
1191 4555 1464 4643 γνώριμος
1491 4546 1632 4631 αῦτῇί
1682 4555 1824 4620 ὅλως
1869 4561 1896 4615 ὁ
1947 4565 2046 4628 τῆς

2141 4546 2414 4643 cognitus
2445 4546 2690 4621 omnino
2723 4567 2880 4622 esset
2905 4557 3427 4638 Agrigentinorum
3450 4546 3630 4622 urb—is
3662 4561 3788 4643 epis

391 4643 840 4722 ³Δκραγιιειντίνιιιιν
901 4643 1214 4709 ἐπίσκοπος.
1289 4643 1355 4702 Ἠ
1413 4641 1468 4701 δὲ
1525 4643 1745 4702 κῦδοκία
1806 4648 1906 4723 μὲν
1955 4647 2058 4728 ἔφη

395 4732 715 4813 καλεῖσθαι,
770 4733 1040 4811 γνωρίζειν
1084 4730 1140 4789 δὲ
1181 4733 1272 4790 καί
1328 4729 1562 4812 ἀκριϐῶς
1618 4734 1853 4793 εκεϊνον·
1916 4737 2060 4795 πολ-

396 4821 562 4886 λάκις
620 4822 726 4900 γὰρ
781 4820 913 4879 ἰδεῖν
969 4823 1127 4881 αὐτὸν
1169 4821 1366 4902 ἔφασκε
1415 4819 1766 4902 διερχόμενον
1793 4827 1881 4884 καὶ
1939 4828 2062 4892 τοὺς

399 4911 673 4990 πτωχοὺς
721 4911 823 4977 τῆς
853 4909 1060 4977 πόλεως
1114 4914 1204 4969 καὶ
1244 4911 1541 4990 ἆῤῥώστους
1586 4912 2061 4993 ἐπισκεπτόμενον,

405 5015 530 5066 ταῖς
593 5021 653 5057 τε
685 5001 888 5080 χήραις
938 5002 1026 5058 καὶ
1079 5013 1200 5064 τοῖς
1260 5003 1514 5082 ὀρφανοῖς
1573 5003 1642 5059 τὰ
1673 5005 1808 5082 πρὸς
1864 5008 2065 5087 τροφὴν

413 5091 815 5172 παρεχόμενον,
850 5089 979 5148 ⁰οτε
1033 5090 1206 5170 κάγὼ,
1268 5092 1454 5171 φησὶν,
1505 5093 1541 5161 ἡ
1599 5090 1776 5166 ἀθλία,
1811 5095 1905 5170 μία
1962 5099 2068 5152 τῶν

414 5181 537 5260 παρ’
599 5183 766 5239 uirtuti
794 5177 1124 5256 ἐλεουμένων
1167 5180 1484 5261 ἐτύγχανον.
1541 5181 1833 5259 Ἦήρώτων
1875 5182 1930 5241 δὲ
1958 5186 2070 5243 ποί-

407 5269 518 5351 λιν,
580 5271 672 5328 καὶ
738 5272 782 5327 εί
835 5269 957 5326 καθ’
1015 5267 1228 5338 ἡδωνὴν
1277 5269 1416 5348 ἔγνω
1469 5271 1564 5327 τὸν
1620 5269 1806 5354 ἄνδρα.
1867 5275 1932 5331 Ἥ
1989 5273 2069 5356 δὲ,

407 5363 634 5421 ἐνταῦθα
685 5364 878 5436 πικρόν
937 5383 996 5420 τε
1069 5361 1187 5419 λίαν
1235 5364 1325 5420 καὶ
1395 5360 1648 5444 ὀδυνηρὸν
1706 5365 2072 5446 ἆνοιμώξασα,

411 5455 502 5510 καὶ
552 5451 790 5534 δακρύων
847 5452 974 5519 τοὺς
1031 5450 1333 5531 ὀφθαλμοὺς
1388 5452 1666 5528 πλήσασα,
1713 5456 1788 5519 είς
1845 5455 2074 5526 ἐπήκοον

2142 4669 2379 4732 scopus.
2431 4648 2538 4711 Illa
2583 4647 2909 4711 Eudociam
2967 4648 3252 4731 appellari
3309 4667 3399 4730 se,
3433 4649 3599 4712 illum
3650 4669 3792 4715 vero

2144 4743 2336 4824 probe
2364 4739 2667 4817 cognitum
2691 4733 3585 4820 haberedixit,quandoquid‘em
3607 4759 3793 4823 saepe-

2145 4846 2399 4893 numero
2420 4825 2892 4907 gradientem,ac
2913 4827 3222 4890 mendicos
3244 4827 3498 4890 civitatis
3519 4829 3791 4894 invisen-

2150 4929 2294 5000 tem,
2349 4917 2545 4979 viduis
2591 4917 2733 4979 item
2785 4934 2854 4978 ac
2883 4917 3170 4998 orphanis
3220 4917 3393 4980 victui
3451 4920 3796 4983 necessaria

2151 5007 2633 5090 suppeditantem
2683 5006 2955 5069 viderat:
2991 5005 3236 5079 Quando
3275 5015 3334 5070 et
3391 5008 3539 5088 ipsa,
3575 5010 3794 5092 inquit.

2153 5099 2362 5162 infelix
2390 5115 2506 5158 una
2553 5113 2623 5158 ex
2673 5097 2768 5171 iis,
2803 5095 3020 5178 quibus
3049 5095 3124 5158 ab
3175 5114 3246 5159 eo
3278 5096 3537 5178 benigne
3585 5101 3794 5177 ﬁebat,

2153 5186 2537 5252 exsistebam.
2601 5188 2833 5250 Rursus
2880 5195 3078 5249 autem
3133 5188 3600 5269 interrogabant,
3653 5209 3800 5252 num

2155 5276 2627 5342 amatorieillum
2657 5276 3013 5355 agnovisset.
3045 5275 3152 5341 Hic
3171 5277 3275 5340 illa
3296 5297 3498 5342 amare
3515 5297 3583 5343 ac
3614 5279 3802 5343 mise-

2155 5366 2428 5431 rabiliter
2485 5366 2912 5448 ingemiscens,
2969 5367 3175 5429 oculos
3228 5368 3452 5430 sutl‘usa
3505 5369 3804 5451 lacrymis,

2155 5475 2304 5521 voce
2334 5457 2416 5518 ita
2457 5466 2522 5517 ut
2554 5474 2764 5520 omnes
2808 5457 3185 5536 exaudirent,
3219 5457 3603 5523 inclamavit:
3663 5461 3804 5523 Juro

409 5542 622 5606 πάντων
669 5544 964 5626 ἀνέκραγε·
1027 5546 1105 5619 Ζῇ
1156 5543 1368 5624 Κύριος,
1416 5543 1511 5601 οὐκ
1569 5541 1694 5601 οῖδα
1724 5546 1814 5604 τὸν
1868 5546 2047 5630 ἄνθρω.

2159 5547 2292 5629 tibi,
2327 5564 2437 5629 per
2485 5541 2804 5611 Dominum
2845 5549 3062 5626 Deum,
3096 5565 3193 5611 me
3222 5566 3524 5632 nunquam
3576 5548 3803 5611 homini

477 5709 535 5768 t3
559 5709 718 5781 put.
750 5720 979 5790 xxxiv,
1003 5701 1112 5770 11.
1143 5701 1246 5766 42.
