4136 6436
472 375 600 453 πιθα

1775 379 2055 453 MENSIS
2094 387 2536 453 NOVEMBER.

3735 389 3858 460 260

470 520 560 583 illi
591 521 651 581 in
683 521 982 601 voluptate
1010 481 1212 582 fuisse.
1242 520 1356 583 Sed
1392 520 1487 582 isti
1517 519 1829 599 (Sabinum
1859 540 1928 582 ac
1959 521 2103 584 Cre-

2193 546 2291 580 πον
2339 527 2526 598 οὕτως,
2561 525 2681 583 ἀλλ’
2739 529 2882 585 οὗτοι
2914 525 3138 592 δείξασα
3191 524 3414 584 Σαϐίνσν
3457 531 3544 586 καὶ
3593 540 3849 608 Κρισκεν-

472 611 810 672 scentinum
837 610 1667 690 indicans),isti,inquam,me
1694 627 1902 687 magna
1926 630 2110 692 pecu-

472 700 573 760 nia
604 700 998 780 decipientes,
1036 718 1140 779 pro
1170 698 1505 761 testimonio
1539 699 1598 760 in
1623 700 1809 759 virum
1842 709 2111 761 sanctum

472 789 676 852 dicere
728 797 1190 868 persuaserunt:
1254 788 1472 867 quibus
1501 788 1792 850 Dominus
1838 788 1912 849 ob
1965 790 2111 863 haec,

473 897 606 959 qua:
654 879 810 940 circa
843 896 937 938 me
968 877 1361 956 injustissime
1422 879 1776 956 cogitarunt,
1812 878 2111 958 rependit,

471 976 537 1028 ut
564 969 778 1028 animae
823 967 1062 1046 quidem
1111 967 1382 1047 interitu,
1417 985 1666 1047 corpore
1701 985 1839 1027 vero
1891 966 2121 1028 insania

471 1056 755 1118 exitiabili
801 1055 950 1116 duos
977 1057 1096 1133 jam
1149 1073 1355 1130 annos,
1393 1073 1633 1117 menses
1689 1075 1791 1117 sex
1833 1055 2118 1135 implicati

468 1153 834 1205 tenerentur.
868 1143 1004 1204 Haec
1039 1144 1232 1220 effata,
1269 1145 1586 1225 episcopos
1616 1163 1825 1206 omnes
1855 1146 2118 1207 circum-

467 1234 778 1314 spiciebat.
840 1234 1062 1294 Videns
1111 1242 1304 1294 autem
1362 1232 1737 1309 Gregorium,
1804 1239 2118 1314 ipsumque

466 1340 860 1400 cognoscens,
898 1323 1252 1384 festinanter
1281 1341 1414 1385 sese
1446 1324 1605 1385 illius
1655 1324 1725 1384 ad
1759 1324 1946 1403 pedes
1976 1342 2117 1404 pro-

458 1411 628 1490 jecit,
663 1411 988 1492 lugensque
1014 1413 1420 1486 vehementer,
1453 1431 1629 1474 vnces
1665 1413 1917 1475 maxime
1943 1414 2116 1474 mise-

463 1501 685 1563 rabiles
713 1502 1040 1575 emittebat,
1077 1502 1521 1581 deceptionem,
1546 1502 2024 1582 calumniamquc
2055 1502 2113 1564 in

464 1590 656 1651 virum
691 1600 961 1651 sanctum
997 1590 1244 1651 multum
1298 1591 1546 1664 deflens,
1585 1590 1811 1652 veniam
1843 1591 1958 1652 sibi
1989 1591 2114 1653 dari

465 1678 786 1758 ﬂagitabat.
819 1679 923 1741 llle
948 1679 1171 1740 luctum
1197 1679 1326 1758 ejus
1352 1681 1689 1760 miseratus,
1721 1681 2117 1761 eamdemque

465 1768 552 1829 illi
608 1769 791 1830 animi
821 1768 1200 1830 affectionem
1259 1770 1458 1830 inesse
1508 1787 1814 1832 cernens:
1866 1768 2117 1832 Peccata

466 1857 706 1938 quidem
734 1859 1096 1920 condomare
1115 1857 1425 1938 (inquit),o
1441 1858 1804 1933 mulier,non
1823 1869 2109 1940 nostrum,

464 1937 570 2008 Sed
604 1947 791 2009 solius
815 1955 904 2010 est
930 1950 1053 2010 Dei.
1095 1937 1318 2008 Horum
1345 1949 1525 2026 igitur
1555 1949 1657 2009 ille
1679 1948 1944 2029 itemque
1974 1937 2108 2010 om;
2139 1937 2172 1985 Β

463 2036 650 2111 nium,
679 2035 786 2097 tibi
815 2036 1042 2098 veniam
1077 2037 1220 2097 dare
1245 2045 1461 2116 potest.
1495 2037 1620 2116 Ego
1639 2057 1942 2118 vero,quaa
1965 2056 2112 2100 meae

461 2133 659 2205 partes
681 2133 844 2201 sunt,
871 2144 976 2206 pro
1004 2134 1057 2186 te
1091 2126 1297 2198 orabo,
1329 2136 1386 2188 et
1417 2127 1548 2202 tibi,
1577 2146 1710 2206 quae
1741 2128 1802 2188 in
1837 2145 1930 2188 me
1966 2147 2108 2208 pec-

461 2216 606 2295 casi,
641 2215 833 2276 libens
889 2215 1210 2276 remittam.
1263 2215 1548 2296 Idemque
1592 2216 1751 2278 illico
1783 2217 1843 2279 in
1905 2234 2111 2295 preces

459 2302 752 2377 incubuit,
787 2304 1062 2385 Deusque
1108 2304 1193 2366 illi
1247 2306 1535 2386 propitius
1583 2305 1714 2386 fuit,
1754 2325 1885 2368 mox
1926 2324 2102 2368 manu

457 2393 622 2454 illam
657 2395 1143 2475 apprehendens,
1176 2395 1389 2457 erexit.

541 2481 860 2545 Llll.Dum
891 2483 1016 2545 haec
1047 2484 1721 2565 aguntur,admiratione
1741 2502 1949 2546 omnes
1978 2493 2110 2548 stu-

459 2572 685 2646 pefacd,
711 2574 986 2645 Gregorio
1017 2581 1287 2644 tanquam
1313 2588 1484 2644 supra
1519 2575 1828 2630 humanam
1851 2585 2110 2632 naturam

459 2671 688 2744 evecto,
724 2664 782 2724 in
817 2671 1118 2742 posterum
1173 2663 1500 2728 hauebant.
1535 2664 1704 2726 Hunc
1753 2664 1972 2725 exitum
2008 2665 2108 2726 illo

459 2753 559 2813 die
588 2752 660 2814 lis
689 2762 750 2814 et
779 2752 1086 2814 contentio
1122 2762 1294 2815 nacta
1336 2762 1429 2815 est
1461 2773 1478 2829 ;
1512 2754 1573 2814 in
1606 2753 1819 2832 hisque
1854 2754 2109 2816 concilio

457 2841 726 2914 dimisso,
765 2843 1078 2905 mulierem
1100 2843 1416 2905 clementia
1439 2843 1710 2924 judicum
1735 2843 1984 2905 inultam
2009 2844 2110 2906 ha-

456 2929 588 2993 buit
619 2955 634 3009 ;
670 2933 965 2996 delatores
999 2951 1134 2995 vero
1165 2933 1222 2994 in
1260 2933 1520 2994 medium
1555 2942 1843 3015 statuunt,
1877 2943 1938 2994 ut
1967 2953 2104 3013 gra-

453 3021 584 3083 vius
617 3021 734 3084 illis
788 3023 1144 3103 supplicium
1173 3022 1432 3102 pontifex
1465 3024 1754 3085 maximus
1785 3024 2098 3102 irrogaret.

451 3111 876 3190 Indignabatur
887 3115 1045 3175 enim
1062 3132 1127 3174 se
1141 3113 1343 3175 abillis
1367 3113 1587 3193 pariter
1604 3132 1736 3175 esse
1754 3113 2096 3193 deceptum.

451 3203 710 3264 Proinde
734 3203 864 3263 illos
889 3203 1141 3282 primum
1163 3203 1405 3265 offensis
1421 3203 1635 3264 animis
1658 3214 1717 3266 et
1740 3202 2104 3281 gravissimis

2195 627 2366 687 τϊνον,
2398 615 2540 671 οὗτοί
2591 638 2682 695 με,
2727 618 2877 696 φησὶ,
2913 618 3191 696 χρήμασιν
3252 621 3459 681 ἱκανοῖς
3511 616 3854 685 δελεάσαντες

2194 710 2286 759 τοῦ
2337 703 2486 780 ἁγίου
2543 707 2827 762 κατειπεῖν
2880 706 3185 785 ἀνέπεισαν,
3221 710 3308 769 οἷς
3363 707 3685 782 ἀνταποδῴη
3737 712 3850 768 Κύα-

2198 815 2308 866 ριος
2368 793 2666 852 ἀδικώτατα
2723 797 2840 870 περὶ
2899 796 2995 870 ἐμὲ
3059 795 3413 872 διανοηθεῖσι,
3454 799 3541 853 καὶ
3595 800 3692 864 τὴν
3751 800 3856 873 μὲν

2201 883 2382 961 ψυχὴν
2441 883 2703 956 ἀπωλείᾳ,
2737 886 2798 939 τὸ
2847 882 2900 938 δὲ
2959 891 3113 959 σῶμα
3172 883 3457 960 δαιμονικῇ
3512 884 3850 964 περιϐαλοῦσι

2203 972 2362 1045 μανίᾳ
2415 973 2632 1050 χρόνοις
2689 971 2793 1039 ἤδη
2842 971 2953 1028 δυσὶ
2989 976 3120 1051 πρὸς
3176 976 3341 1047 μησὶν
3393 972 3466 1039 ἓξ.
3534 985 3702 1034 Ταῦτα
3769 979 3850 1034 εἱ-

2205 1069 2374 1118 ποῦσα
2425 1064 2515 1118 καὶ
2581 1062 2697 1135 ἅμα
2767 1064 2968 1126 πάντας
3039 1060 3478 1140 περιϐλεψαμένη
3534 1065 3653 1130 τοὺς
3724 1068 3851 1122 huc

2204 1151 2454 1220 σκόπους,
2489 1151 2790 1224 θεασαμένη
2851 1173 2908 1207 τε
2967 1154 3058 1208 τὸν
3117 1156 3410 1229 Γρηγόριον
3457 1155 3545 1208 καὶ
3597 1153 3854 1232 ἐπιγνοῦ-

2204 1261 2270 1294 σα
2325 1240 2505 1319 αὒτξιν,
2563 1237 2742 1318 δρόμῳ
2815 1241 2994 1296 πίπτει
3049 1243 3182 1318 πρὸς
3253 1243 3374 1304 τοὺς
3450 1242 3608 1299 αὐτοῦ
3659 1242 3848 1318 πόδας,

2203 1328 2492 1406 δακρύουσά
2545 1351 2599 1384 τε
2652 1330 3036 1408 ἀκατασχέτως
3095 1333 3180 1386 καὶ
3233 1333 3572 1407 οἰκτροτάτας
3629 1332 3852 1412 ἀφιεῖσα

2201 1419 2379 1496 φωνὰς
2427 1417 2601 1474 πολλά
2663 1441 2713 1474 τε
2763 1418 3156 1494 μετακλαίοδσα
3218 1420 3312 1486 τῆς
3351 1420 3561 1486 ἀπάτης
3609 1424 3696 1478 καὶ
3753 1427 3850 1490 τῆς

2199 1509 2271 1570 εἰς
2330 1509 2420 1564 τὸν
2477 1508 2627 1584 ἅγιον
2685 1510 3034 1586 συκοφαντίας
3090 1510 3415 1586 συγγνώμην
3479 1508 3847 1586 ἐξαιτουμένη.

2201 1595 2259 1652 Ὀ
2313 1593 2367 1650 δὲ
2422 1599 2550 1674 πρὸς
2584 1599 2768 1654 οἶκτον
2828 1597 2950 1654 ἰδὼν
3006 1600 3092 1653 καὶ
3123 1599 3390 1672 συμπαθὲς
3443 1599 3578 1666 αὺτῆ
3621 1601 3846 1674 βλέψας,

2201 1689 2271 1743 Τὸ
2329 1687 2426 1759 μὲν
2488 1687 2718 1759 ἀφιέναι,
2781 1692 2910 1765 φησί
2981 1689 3239 1765 ἁμαρτίας
3311 1691 3416 1766 οὐχ
3475 1689 3652 1767 ἡμῶν,
3718 1688 3851 1744 ἃ).λά

2200 1776 2386 1850 μόνου,
2448 1776 2620 1852 γύναι,
2670 1783 2822 1833 τοῦτο
2889 1784 3044 1834 Θεου.
3106 1778 3272 1839 Αὐτὸς
3333 1776 3421 1832 οὖν
3476 1773 3694 1842 δυνατός
3742 1777 3849 1834 ἐστι

2200 1866 2289 1922 καὶ
2334 1864 2531 1920 τούτων
2591 1867 2678 1921 καὶ
2735 1867 2947 1922 πάντων
3003 1869 3136 1940 ὁμοῦ
3196 1863 3373 1922 δοῦναί
3417 1888 3499 1922 σοι
3555 1866 3655 1932 τὴν
3717 1889 3850 1945 συγ-

2202 1953 2466 2032 χώρησιν.
2526 1953 2669 2030 Ἐγὼ
2707 1951 2760 2010 δὲ
2809 1956 2869 2010 τό
2929 1977 2990 2031 γε
3051 1954 3180 2029 ἐμὸν
3228 1955 3386 2031 μέρος
3417 1956 3506 2010 καὶ
3562 1954 3848 2033 ὑπερεύξο-

2195 2044 2290 2116 μαί
2344 2065 2436 2100 σου
2498 2044 2582 2099 καὶ
2642 2043 2965 2120 συγγνώμην
3024 2050 3193 2117 νεμῶ,
3252 2045 3339 2099 καὶ
3397 2043 3509 2118 ἅμα
3567 2045 3848 2124 ἐπηύχετο

2193 2133 2280 2188 καὶ
2308 2131 2512 2189 ἱλεοῦτο
2543 2134 2604 2188 τὸ
2633 2135 2778 2188 θεῖον
2837 2134 3025 2209 ἑαυτῇ·
3058 2134 3182 2190 εἶτα
3211 2133 3300 2191 καὶ
3357 2137 3456 2198 τῆς
3487 2133 3677 2211 χειρὸς
3743 2135 3844 2192 λα-

2193 2218 2415 2297 ϐόμενος
2444 2220 2676 2300 ἤγειρεν.

2275 2487 2402 2552 NI",
2464 2489 2756 2553 ’Έκστασις
2830 2487 2885 2546 δὲ
2958 2490 3160 2554 πάντας
3241 2487 3550 2569 ἐλάμϐανε,
3612 2490 3704 2546 καὶ
3773 2494 3846 2554 ὡς

2194 2580 2456 2658 κρείττονι
2519 2577 2706 2636 λοιπὸν
2737 2578 2771 2647 ἢ
2833 2578 2967 2635 κατὰ
3024 2577 3295 2656 ἄνθρωπον
3347 2579 3620 2656 Γρηγορίῷ
3669 2601 3844 2652 προσ-

2195 2682 2374 2747 ετχον,
2449 2674 2695 2725 Τοιοῦτον
2747 2667 2865 2722 κατ’
2924 2666 3130 2734 ἐκείνην
3199 2667 3402 2742 ἡμέραν
3473 2675 3566 2722 τοῦ
3635 2668 3843 2745 ἀγῶνος

2193 2757 2354 2832 πέρας
2413 2754 2693 2835 λαϐόντος,
2730 2757 2818 2812 καὶ
2877 2756 2963 2812 ἐπὶ
3021 2756 3222 2818 τούτοις
3275 2762 3370 2812 τοῦ
3413 2753 3675 2833 συλλόγου
3727 2756 3842 2815 δια-

2192 2844 2454 2925 λυθέντος,
2518 2845 2618 2912 τὴν
2689 2844 2806 2912 ἑξῆς
2880 2851 2986 2902 τῶν
3065 2843 3352 2920 ἐπιτιμίων
3421 2846 3468 2900 οἱ
3545 2843 3841 2917 δικάζοντες

2191 2935 2489 3009 ἐποιοῦντο,
2547 2935 2634 2991 καὶ
2691 2932 2880 3010 ἄγουσι
2936 2934 3058 2998 τοὺς
3122 2931 3454 3011 κατηγόρους
3506 2937 3578 2998 εἰς
3652 2935 3834 3008 μέσον.

2192 3027 2288 3082 Καὶ
2349 3027 2376 3080 ὁ
2420 3025 2666 3102 πάππας,
2703 3023 2796 3079 ’ίνα
2855 3045 2914 3100 γε
2945 3025 3031 3080 καὶ
3087 3023 3376 3100 βαρυτέραν
3424 3022 3686 3100 ἐπενέγκῃ
3739 3025 3834 3092 τὴν

2187 3115 2465 3192 τιμωρίαν,
2525 3113 2846 3193 ἐχαλέπαινε
2929 3114 3027 3189 γὰρ
3087 3111 3167 3191 ἐφ’
3229 3113 3320 3175 οἷς
3380 3115 3466 3168 καὶ
3538 3113 3692 3178 αὑτὸς
3745 3115 3830 3169 ὑπ’

2188 3203 2358 3258 αὐτῶν
2419 3205 2692 3276 ἠπατήθη,
2726 3202 3069 3280 σφοδρότερον
3120 3203 3210 3258 τὸν
3263 3203 3393 3278 πρὸς
3458 3203 3637 3266 αὐτοὺς
3693 3224 3821 3258 κατ-

452 3289 656 3352 verbis
686 3291 937 3371 excepit,
969 3310 1037 3352 ac
1062 3311 1194 3353 cum
1227 3292 1341 3352 alia
1365 3295 1629 3372 ipsorum
1661 3305 1794 3354 acta
1817 3310 2101 3373 persecu-

2193 3292 2352 3347 ἐτεινε
2410 3291 2595 3368 λόγον,
2654 3293 2719 3347 τά
2775 3313 2832 3346 τε
2895 3290 3030 3346 ἄλλα
3091 3291 3263 3348 αὐτῶν
3335 3294 3676 3370 κατατρέχων
3730 3292 3817 3345 καί

457 3386 572 3456 tus,
610 3389 732 3441 tum
766 3381 825 3440 in
858 3379 1065 3461 primis
1096 3381 1281 3442 multa
1310 3400 1375 3442 ac
1409 3382 1571 3442 varia
1612 3382 1880 3460 Gregorii
1917 3381 2102 3442 mira-

453 3469 753 3549 cula,quae
778 3469 1013 3530 fuerant
1031 3470 1090 3530 in
1115 3471 1304 3531 oculis
1321 3488 1528 3532 eorum
1553 3471 1738 3546 edita,
1766 3470 1883 3531 illis
1904 3472 2098 3548 gravi--

456 3565 548 3619 ter
578 3557 1012 3638 exprobrabat;
1045 3577 1114 3621 ac
1149 3568 1212 3619 ut
1240 3558 1533 3639 principio
1559 3560 1801 3639 quidem
1829 3568 2095 3621 sanctum

454 3648 738 3729 Spiritum
795 3649 923 3726 ejus
970 3657 1146 3728 caput
1175 3649 1662 3729 adumbrantem,
1698 3659 1902 3730 postea
1957 3669 2095 3711 vero

453 3738 638 3801 surdo
669 3737 988 3817 eidemque
1019 3747 1180 3799 muto
1213 3740 1528 3800 sanitatem
1554 3740 1902 3800 efferentem
1933 3739 2097 3800 vide-

449 3836 608 3904 rant,
642 3827 758 3888 alia
802 3836 1109 3907 praaterea,
1144 3846 1517 3909 quaecunque
1563 3829 1650 3890 vir
1679 3847 1817 3890 vere
1864 3828 2095 3890 divinus

450 3916 888 3978 admirabiliter
918 3917 1210 3997 praestitit,
1234 3918 1652 3998 percensebat,
1685 3917 1745 3979 in
1779 3917 2095 3999 ipsumque

450 4006 782 4087 praesertim
807 4003 1089 4068 Sabinum
1126 4008 1324 4068 acrius
1346 4007 1762 4081 invehebatur,
1780 4007 1870 4068 cui
1907 4025 2099 4087 neque

453 4094 590 4157 tiliae
613 4097 838 4157 curatio
857 4095 1076 4175 lignam
1098 4097 1609 4177 compescuit,nec
1632 4116 1664 4158 a
1681 4096 2100 4159 maledicentia

448 4184 769 4247 vindicavit
781 4187 948 4266 ,quin
974 4185 1172 4267 potius
1197 4196 1310 4248 tam
1339 4185 1883 4262 tulissetacerbe,ut
1908 4187 2095 4247 virum

451 4275 526 4337 de
544 4293 609 4337 se
628 4274 852 4354 optime
869 4277 1172 4356 meritum,
1199 4284 1399 4357 totque
1412 4277 1784 4338 curationum
1811 4275 2100 4338 beneﬁcia

448 4363 877 4443 ingratitudine
899 4384 968 4427 ac
999 4365 1360 4427 contumelia
1391 4363 1978 4447 compensaretﬂaec
1999 4365 2099 4428 ille

447 4451 702 4530 locutus,
731 4454 917 4533 jussit
978 4453 1238 4515 Felicem
1289 4455 1636 4535 episcopum
1685 4456 1903 4529 omnia,
1966 4473 2099 4531 qua

445 4549 572 4612 tum
596 4544 843 4623 viderat,
869 4562 1002 4605 cum
1024 4543 1098 4604 ad
1125 4544 1315 4606 virum
1348 4552 1618 4607 sanctum
1642 4544 1702 4606 in
1726 4545 1871 4606 sede
1903 4544 2096 4606 collo-

2186 3382 2416 3455 μάλιστα
2481 3382 2546 3436 τὰ
2601 3378 2777 3437 πολλὰ
2835 3379 3014 3444 αὺτοῖς
3087 3380 3328 3454 θαύματα
3384 3389 3477 3437 τοῦ
3546 3381 3821 3458 Γρηγορίου

2185 3468 2608 3550 προσονειδιζων,
2684 3469 2819 3546 ἅπερ
2891 3469 2944 3525 ἐν
3015 3467 3310 3548 ὀφθαλμοῖς
3376 3469 3592 3526 ἐκείνων
3657 3489 3821 3548 πρατ-

2182 3562 2403 3639 τόμενα,
2438 3562 2523 3616 καὶ
2571 3559 2715 3622 ὅπως
2767 3558 2884 3615 κατ’
2939 3558 3113 3637 ἀρχὰς
3152 3558 3250 3633 μὲν
3305 3561 3366 3614 τὸ
3420 3563 3564 3616 θεῖον
3623 3565 3830 3634 Πνεῦμα

2180 3650 2278 3715 τὴν
2331 3648 2574 3729 κεφαλὴν
2632 3652 2790 3707 αὐτοῦ
2849 3647 3170 3704 ἐπεσκιάσαν
3229 3647 3434 3728 ἐώρων,
3480 3651 3616 3725 μετὰ
3672 3650 3834 3705 ταῦτα

2180 3737 2236 3794 δὲ
2284 3746 2360 3811 τῷ
2390 3745 2554 3818 κωφῷ
2595 3741 2683 3795 καὶ
2715 3737 2898 3810 ἀλάλῳ
2954 3735 3095 3812 μάλα
3149 3735 3338 3814 ῥᾷδίως
3369 3760 3467 3804 την
3515 3738 3661 3795 ἴασιν
3691 3761 3834 3814 παρ-

2181 3828 2484 3908 εχόμενον,
2547 3829 2634 3884 καὶ
2705 3825 2874 3883 τᾶλλα
2931 3826 3030 3882 ὅσα
3071 3824 3398 3903 παραδόξως
3467 3833 3544 3901 τῷ
3616 3826 3831 3894 ἀληθῶς

2181 3917 2439 3996 ἀνθρώπῳ
2487 3927 2578 3976 τοῦ
2636 3924 2766 3973 Θεου
2813 3914 3191 3994 διαπέπρακτο.
3251 3917 3499 3972 Μάλιστα
3564 3914 3619 3972 δὲ
3667 3915 3832 3980 πολὺς

2184 4007 2250 4074 ἦν
2304 4014 2398 4062 τοὺ
2447 4004 2672 4063 Σαϐίνου
2721 4007 3057 4083 κατηγορῶν,
3092 4003 3172 4061 ὅτι
3231 4003 3368 4080 μηδὲ
3427 4007 3460 4074 ἡ
3507 4010 3606 4071 τῆς
3665 4008 3834 4083 θυγα-

2183 4098 2304 4174 τρὸς
2337 4096 2479 4170 αύτῷ
2507 4097 2654 4174 ὑγεία
2684 4096 2780 4162 τὴν
2813 4094 3057 4171 γλῶτταν
3113 4093 3341 4174 ἐπέσχε,
3375 4093 3511 4170 μηδέ
3542 4101 3634 4151 τοῦ
3664 4093 3835 4172 βλασ-

2183 4198 2385 4260 φημεῖν
2447 4184 2696 4259 ἔπαυσεν,
2747 4182 2869 4241 ἀλλ’
2925 4183 3091 4249 οὕτως
3151 4183 3378 4250 eam.“
3436 4189 3636 4263 πικρῶς
3690 4185 3833 4260 μετὰ

2181 4279 2281 4340 τῆς
2347 4273 2731 4351 ἀγνωμοσύνης
2792 4273 2889 4329 καὶ
2944 4272 3040 4340 τὴν
3099 4274 3468 4352 συκοφαντίαν,
3526 4275 3610 4330 καὶ
3665 4277 3831 4355 θερα-

2181 4363 2354 4428 πείαις
2433 4364 2698 4428 τοιαύταις
2773 4364 2864 4420 τὸν
2947 4363 3225 4442 εὖεργέττην
3287 4363 3577 4439 ἠμείψατο.
3653 4373 3832 4423 Ταῦτα

2181 4453 2280 4526 μὲν
2338 4454 2492 4517 αὐτὸς
2549 4452 2749 4531 ἔλεγεν·
2825 4451 3069 4510 Ἐκέλευε
3128 4451 3184 4509 δὲ
3244 4455 3333 4508 καὶ
3411 4459 3488 4527 τῷ
3552 4452 3836 4528 ἐπισκόπῳ

2179 4540 2376 4609 Φήλικι
2439 4543 2612 4600 πάντα
2643 4546 2779 4599 κατὰ
2829 4542 2989 4620 μέρος
3019 4543 3217 4620 εἰπεῖν,
3248 4539 3447 4621 ὅσαπερ
3493 4541 3650 4606 αὐτὸς
3693 4540 3830 4617 ἴδοι,

447 4634 703 4694 candum
749 4643 839 4693 est
872 4633 1110 4709 missus,
1135 4633 1474 4712 singulatim
1509 4652 1894 4713 percensere.
1932 4633 2092 4696 Feli-

2193 4631 2340 4686 indu
2398 4629 2462 4697 δὴ
2514 4633 2602 4688 καὶ
2653 4631 2931 4698 ἀπεστάλη
3003 4635 3080 4705 τῷ
3149 4636 3249 4698 τῆς
3307 4633 3607 4699 ἐπισκοπῆς
3659 4631 3835 4709 θρόνῳ

446 4739 579 4782 cem
612 4722 794 4800 igitur
823 4723 1022 4783 omnia
1053 4734 1390 4804 narrantem
1425 4742 1560 4785 cum
1595 4723 1864 4804 episcOpi
1898 4723 2096 4784 audis-

2193 4717 2549 4798 ἓγκαθιὸρόσαι
2609 4723 2699 4776 τὸν
2769 4721 2943 4802 ἅγιον,
3004 4730 3107 4780 Τοῦ
3177 4730 3300 4798 γοῦν
3359 4719 3596 4790 Φήλικος
3651 4723 3832 4778 πάντα

445 4819 604 4888 sent,
636 4812 947 4874 admiratio
973 4812 1105 4873 illos
1134 4830 1203 4874 ac
1232 4823 1440 4895 stupor
1461 4814 1678 4876 invasit
1711 4831 1726 4888 ;
1753 4813 1901 4875 nihil
1934 4813 2094 4875 enim

2193 4807 2530 4886 διηγουμένου
2602 4811 2881 4875 ἀκούοντες
2953 4811 3002 4868 οἱ
3059 4809 3339 4868 ἐπίσκοποι
3417 4809 3668 4880 ἐκπλήξει
3745 4813 3834 4868 καὶ

446 4901 662 4966 horum
697 4921 959 4982 unquam
992 4901 1324 4966 audierant.

2193 4900 2373 4978 Ξιπορίᾳ
2431 4901 2770 4980 κατείχοντο.
2805 4899 2966 4961 Οὐδὲν
3023 4901 3122 4979 γὰρ
3170 4897 3375 4958 οὐδέπω
3420 4901 3622 4958 τούτων
3677 4899 3831 4968 ἀκη-

2181 4990 2365 5055 κοότες
2398 4991 2717 5070 ἐτύγχανον.

526 5081 977 5146 LlV.Caeterum
998 5081 1296 5147 delatores
1310 5084 1455 5146 nihil
1472 5083 1852 5160 habentes,in
1875 5101 1990 5164 quo
2005 5082 2092 5145 vel

2261 5078 2372 5137 NA'
2386 5129 2399 5142 .
2435 5082 2494 5138 Οἱ
2538 5083 2826 5161 κατήγοροι
2874 5078 2928 5138 δε
2986 5081 3118 5160 πρὸς
3169 5087 3333 5137 ταῦτα
3383 5077 3550 5156 μηδὲν
3608 5078 3831 5160 ἔχοντες

442 5190 514 5235 os
539 5181 784 5254 possent
812 5174 884 5235 ad
909 5173 1034 5235 haec
1064 5175 1328 5255 aperire,
1355 5176 1428 5237 ad
1453 5175 1675 5237 luctum
1697 5192 1765 5236 ac
1795 5174 2096 5254 lacrymas

2193 5169 2257 5250 αρ’
2304 5173 2350 5244 ᾧ
2379 5169 2441 5226 ἂν
2494 5172 2586 5227 καί
2619 5173 2793 5247 στόμα
2840 5170 3123 5245 ἀνοίξαιεν,
3167 5171 3241 5234 εἰς
3285 5171 3505 5249 θρήνους
3561 5169 3828 5250 κατέφευ-

444 5263 880 5345 confugientes,
915 5264 1014 5324 illa
1043 5266 1248 5345 quovis
1278 5283 1556 5328 sermone
1581 5265 1831 5340 veriora,
1865 5265 1937 5325 ad
1972 5281 2093 5324 ma-

2193 5263 2270 5339 (όν
2325 5281 2382 5317 τε
2440 5262 2527 5318 καὶ
2574 5258 2792 5340 δάκρυα,
2827 5261 3113 5339 πιστότερα
3162 5269 3327 5318 ταῦτα
3381 5259 3578 5323 παντὸς
3635 5257 3828 5338 λόγου,

442 5353 824 5417 ledicentiam
847 5371 917 5415 ac
946 5355 1366 5418 contumeliam
1397 5354 1790 5434 detegendam
1823 5354 2084 5416 aﬂirma-

2193 5352 2305 5430 πρὸς
2361 5351 2460 5418 τὴν
2531 5355 2629 5419 τῆς
2696 5350 3045 5431 συκοφαντίας
3116 5346 3451 5416 ἀποδιδόντες
3508 5346 3824 5427 ἀπολογίαν,

442 5443 612 5508 bant.
647 5443 1048 5516 Quamobrem
1091 5445 1417 5526 conscripti
1447 5444 1651 5508 Patres
1680 5444 1812 5506 illos
1842 5443 1998 5506 inter
2025 5461 2090 5505 se

2193 5449 2443 5520 stupebat
2474 5441 2648 5500 τοίνυν
2691 5442 2875 5506 αὖτοὺς
2909 5438 3003 5498 ἀπ’
3049 5437 3303 5510 ἀλλήλων
3353 5441 3399 5497 οἱ
3427 5443 3526 5506 τῆς
3578 5435 3821 5515 συνόδου,

442 5533 1033 5612 disgregant,etalios
1049 5535 1290 5615 quidem
1311 5553 1388 5596 ex
1409 5534 1488 5596 im
1495 5535 1688 5615 perita
1709 5531 2090 5596 multitudine

2193 5532 2267 5586 ιαῖ
2313 5531 2433 5595 τοὺς
2478 5531 2573 5607 μὲν
2604 5537 2697 5590 τοῦ
2750 5531 2940 5590 λοιποῦ
2968 5528 3197 5596 πλήθους
3231 5529 3304 5593 εἰς
3363 5528 3695 5606 ὀγδοήκοντα
3732 5529 3826 5584 τὸν

442 5624 520 5688 ad
561 5624 864 5702 octoginta
896 5624 968 5686 ab
1022 5614 1140 5686 una
1171 5633 1337 5705 parte
1386 5614 1768 5687 constituunt.
1805 5622 2090 5686 Ecclesiae

2193 5622 2391 5700 ιριθμὸν
2451 5621 2604 5688 δντας
2661 5621 2715 5677 ἐν
2773 5621 2919 5701 μέρει
2981 5617 3167 5688 στῆναι
3231 5616 3529 5700 κελεύουσι,
3586 5619 3719 5705 τοὺς,
3766 5614 3822 5674 δὲ

443 5729 585 5780 vero
616 5696 942 5790 ministros,
976 5696 1283 5799 sacrisque
1336 5715 1526 5778 solum
1557 5715 1839 5796 initiatos,
1873 5713 1946 5778 ad
1978 5714 2086 5777 tri-

2193 5696 2262 5771 του
2296 5696 2784 5783 ἐκκλησιαστικοῦ-
2813 5696 3010 5792 κλήρου
3043 5708 3116 5776 εἰς
3173 5708 3457 5791 τριάκοντα
3513 5696 3603 5766 καὶ
3657 5696 3820 5767 πόνον
