4136 6482
322 343 437 420 261

327 493 624 560 τελοῦντας
695 494 932 571 ἑτέρωθυ

329 585 624 663 ὑπεροφίαν
681 584 1169 664 καταψηφίζονται,
1228 584 1301 646 ὡς
1330 582 1422 637 τὸν
1479 581 1577 656 μὲν
1625 579 1986 664 εἱςΑΘρᾴκην,

334 659 444 729 τδν-
483 659 537 727 δὲ
601 675 676 734 εἰς
735 659 1005 732 Ἱσπανίαν
1064 659 1538 751 παραπεμφθῆναι·
1596 671 1669 732 εἷς
1715 659 1991 724 Ῥάϐενναν

342 760 396 816 δὲ
452 764 570 824 τοὺς
631 769 729 819 τοῦ
790 762 992 840 κλήρου
1049 760 1254 824 πάντας
1324 757 1703 838 διασπαρῆναι.
1769 760 1864 816 Καὶ
1928 759 1990 816 τὰ

339 851 437 926 μὲν
467 859 574 907 τῶν
604 851 1074 918 ἒκκλησιαστικῶν
1130 850 1317 914 οὕτως·
1382 849 1446 904 τὰ
1505 846 1560 903 δέ
1616 869 1678 926 γε
1725 847 1830 903 τῶν
1863 846 1994 902 λαϊ-

330 945 442 996 κῶν
474 942 502 996 ὁ
552 942 846 1020 σπαθάριος
895 942 1108 1019 ὑπῆρχε
1157 938 1418 1012 κολάζων,
1481 944 1568 994 νῦν
1627 939 1725 1012 μὲν
1783 936 1995 1013 δεσμω-

325 1029 500 1104 τηρίῳ
557 1031 754 1092 αὖτοὺς
816 1028 1198 1107 ἐγκλεισθῆναι
1253 1026 1535 1106 κελεύσας,
1599 1028 1734 1102 μετὰ
1787 1025 1840 1083 δὲ
1897 1033 1994 1084 καὶ

329 1120 616 1196 τιμωρίαις
677 1116 954 1198 διαερύροις
1025 1115 1419 1184 ὑποϐληθῆναι.
1479 1122 1594 1174 Τῶν
1657 1124 1998 1195 στρατιωτῶν

332 1209 504 1264 τοίνυν
559 1209 962 1287 κατασχόντων
1025 1206 1241 1282 αὐτοὺς,
1301 1207 1374 1270 εἷς
1423 1204 1620 1285 δάκρυα
1677 1208 1763 1263 καὶ
1824 1208 1996 1282 οἰμω-

331 1299 430 1374 γὰς
486 1296 654 1354 πάλιν
713 1296 1032 1377 ἒτράποντο,
1089 1295 1186 1352 καί
1241 1299 1446 1374 θερμῶς
1504 1294 1854 1353 ἀνεκαλοῦντο
1905 1297 1996 1352 τὸν

322 1385 509 1464 ἕγιον,
573 1387 668 1442 τὸν
725 1385 778 1442 δὲ
837 1385 1140 1442 ἀκούσαντα
1198 1385 1290 1441 καί
1348 1382 1506 1440 πλέον
1562 1383 1596 1451 ἦ
1651 1382 1806 1463 εἴπερ
1838 1383 1994 1448 αύτὸς

326 1476 399 1542 ἦν
432 1475 466 1532 ὃ
495 1483 666 1532 ταῦτα
710 1479 905 1532 παθεῖν
936 1473 1150 1549 μέλλων
1204 1479 1302 1540 τῆν
1359 1473 1545 1552 ψυχὴν
1600 1471 1994 1553 διαταραχθέν-

329 1587 426 1640 τα,
495 1565 688 1622 οἶκτόν
747 1586 806 1621 τε
865 1567 1055 1626 εὐθέως
1113 1561 1399 1638 ἐλάμϐανε,
1461 1564 1550 1619 καὶ
1619 1561 1830 1642 δάκρυσι
1899 1564 1995 1627 τὰς

334 1657 569 1734 παρειὰς
629 1651 950 1734 κατέϐρεχε,
1011 1653 1105 1710 καὶ
1160 1653 1224 1708 τὸ
1270 1653 1553 1730 πρόσωπον
1598 1652 1830 1729 τύπτων,
1865 1654 1996 1709 ποτὲ

343 1746 446 1820 μὲν
479 1748 640 1802 αὺτοῦ
667 1751 763 1800 τοῦ
786 1743 980 1804 πάππα
1035 1742 1344 1821 προσεκύνει
1401 1742 1522 1805 τοὺς
1581 1740 1766 1817 πόδας,
1830 1741 1996 1800 ἄλλο·

1382 339 1570 419 νΙΤΑ
1613 338 1675 415 S.
1721 338 2092 414 GREGORII
2135 336 2677 415 AGRIGENTINI.

1023 490 1246 549 Σαϐίνου
1318 488 1371 547 δὲ
1455 492 1542 546 καὶ
1629 491 1990 569 Κρισκεντίνου

2086 485 2230 564 ginta
2255 487 2328 550 ab
2359 488 2544 549 altera
2571 493 2722 548 state
2745 483 2984 566 leiOIIL
3013 485 3188 566 Αιᾳοὶ
3215 483 3437 549 Sabino
3456 507 3522 550 ac
3551 489 3720 554 Cres-

3605 339 3724 416 26?

2074 582 2310 638 centino
2344 577 2535 640 exsilii
2599 578 2788 637 multa
2844 575 3032 653 stetit,
3097 587 3159 636 ut
3213 575 3311 637 hic
3360 577 3598 658 quidem
3658 584 3717 645 in

2075 666 2409 740 Thraciam,
2447 665 2550 728 ille
2582 683 2719 726 vero
2754 666 2812 724 in
2865 663 3209 744 Hispaniam
3241 667 3481 728 exsules
3516 669 3716 733 mitte-

2077 763 2305 818 rentur.
2340 756 2555 817 Caeteri
2583 773 2722 816 vero
2757 753 3040 815 Ecclesiae
3089 754 3345 815 ministri
3377 757 3716 822 Ravennam

2079 844 2322 922 relegati
2354 853 2518 908 sunt.
2553 846 2634 906 At
2663 863 2795 924 quae
2825 843 2895 904 ad
2943 843 3266 905 Ecclesiam
3313 846 3713 926 pertinebant,

2083 935 2160 995 ita
2191 944 2424 1013 peracta
2454 935 2644 997 fuere.
2681 933 2766 995 De
2799 934 3056 1013 profanis
3089 951 3233 995 vero
3263 953 3624 1014 cognoscere
3651 959 3719 1002 ac

2073 1022 2342 1103 judicare
2371 1024 2706 1084 Marcianus
2738 1031 2824 1085 est
2849 1024 3074 1103 jussus.
3108 1023 3218 1096 Qui
3249 1042 3352 1085 eos
3405 1029 3599 1089 statim
3661 1034 3718 1090 in

2080 1129 2382 1179 carcerein
2409 1111 2835 1193 conjiciendos,
2865 1113 3158 1192 variisque
3187 1113 3547 1176 cruciatibus
3570 1115 3718 1179 sub-

2074 1200 2372 1280 jiciendus
2401 1201 2730 1281 imperavit.
2769 1201 2967 1274 Quare
2996 1219 3129 1262 cum
3153 1202 3283 1264 illos
3309 1201 3522 1265 milites
3556 1223 3723 1286 rape-

2079 1297 2232 1365 rent,
2271 1289 2547 1370 lacrymis
2578 1308 2644 1350 ac
2671 1288 2944 1351 lamentis
2968 1289 3163 1350 denuo
3190 1308 3253 1350 se
3277 1290 3587 1371 dedentes,
3615 1301 3721 1356 viri

2079 1378 2266 1440 sancti
2301 1384 2476 1440 enixe
2507 1379 2784 1441 auxilium
2813 1379 3230 1458 implorabant.
3259 1379 3380 1441 Hos
3412 1401 3588 1462 porro
3619 1384 3719 1446 ille

2077 1468 2516 1542 vehementius,
2544 1487 2721 1548 quam
2748 1469 2845 1549 qui
2873 1469 2998 1530 haec
3023 1476 3192 1530 erant
3215 1473 3581 1551 perpessuri,
3601 1481 3724 1536 ani-

2081 1577 2176 1619 mo
2207 1557 2618 1620 conﬂictatur:
2648 1558 3042 1640 protinusque
3066 1557 3478 1621 misericordia
3503 1571 3718 1645 motus,

2081 1648 2354 1728 lacrymis
2377 1666 2560 1727 genas
2589 1647 2890 1726 irrigabat,
2942 1647 3281 1729 faciemque
3331 1651 3715 1728 percutiebat.

2079 1738 2236 1798 Alias
2258 1737 2499 1818 quidem
2522 1737 2636 1816 ipsi
2661 1736 3092 1817 pontiﬁci,sese
3113 1736 3272 1798 illius
3284 1739 3356 1799 ad
3385 1740 3568 1818 pedes
3589 1761 3722 1822 pro-

351 1854 414 1889 τε
446 1833 607 1889 ἄλλον
634 1833 784 1909 ἐπῄει
815 1839 922 1889 τῶν
971 1831 1285 1889 ἐπισκόπων
1334 1833 1420 1888 καὶ
1461 1844 1580 1897 τοῖς
1630 1833 1784 1889 ποσὶν
1840 1831 1993 1888 ἐκθύ-

2086 1835 2378 1902 sternens,
2413 1825 2808 1908 supplicabat;
2827 1826 2971 1888 alias
2997 1827 3308 1907 episcopos
3338 1829 3720 1905 alios,demi-

357 1944 484 1997 μως
541 1923 702 1979 aiaqu
753 1920 1219 1996 ὑποκατεκλίνετο,
1276 1920 1574 1997 Μηδαμῶς,
1657 1920 1854 2001 λέγων,
1919 1922 1996 1996 μὴ

356 2009 430 2066 δι’
460 2011 580 2090 ἐμὲ,
617 2012 660 2068 ὦ
687 2012 924 2092 πατέρες,
959 2012 1192 2079 τοσαύτη
1249 2009 1625 2087 περιϐληθεῖεν
1685 2013 1732 2067 οἱ
1790 2009 1997 2086 ἅνθρω-

348 2123 444 2157 ποι
480 2107 744 2180 συμφρᾷ·
797 2101 872 2164 ὡς
931 2101 1104 2180 ἔγωγε
1161 2102 1427 2178 τιμωρίαν
1473 2103 1626 2158 τοῦτο
1656 2102 1742 2158 καὶ
1777 2101 1870 2156 οὐκ
1902 2099 1996 2155 ἑκ-

340 2188 517 2247 δικίαν
546 2190 690 2246 εἶναι
753 2197 860 2247 τῶν
910 2189 1300 2269 πεπραγμένων
1357 2189 1662 2267 λογίζομαι,
1724 2190 1841 2264 ἐμοὶ
1899 2188 1999 2269 γάρ

333 2289 496 2339 τοῦτο
553 2281 719 2355 μόνον
760 2280 975 2358 ἀρκοῦν,
1039 2279 1118 2336 ὅτι
1178 2302 1246 2354 με
1297 2281 1326 2336 ὁ
1387 2282 1515 2344 Θεὸς
1561 2280 1758 2357 μυρίων
1790 2277 1993 2357 ἐγκλη-

343 2371 527 2445 μάτων
585 2368 839 2426 ὑπόδικον
899 2369 1030 2426 ὅντα
1090 2369 1264 2450 ἀφῆκε
1333 2368 1429 2437 τῆς
1503 2367 1672 2445 δίκης,
1746 2370 1833 2426 καὶ
1904 2369 2000 2425 οὒκ

354 2459 688 2534 ἀπεκάλυψεν
743 2457 882 2515 οὕτω
928 2459 1346 2537 κατεστιγμένον
1396 2458 1706 2539 ὃπάρχοντα
1763 2462 1854 2516 vui
1913 2457 1996 2515 δι-

357 2551 626 2633 εφθορότα.

421 2730 560 2790 NE'.
625 2720 684 2786 ’Θ
743 2726 800 2784 δὲ
860 2732 964 2784 τῶν
1024 2725 1348 2798 ἔκδικήσεων
1401 2730 1585 2808 Κύριος
1639 2733 1733 2789 οὐκ
1789 2727 1996 2804 ἀμελὴς

340 2820 406 2889 ’ἦν
437 2825 532 2877 τού
562 2817 774 2876 δικαίου
835 2814 1145 2888 ἑκδικητής.
1212 2809 1304 2880 Ὠς
1363 2815 1461 2895 γάρ
1520 2824 1588 2893 τῇ
1643 2819 1737 2875 τοῦ
1767 2817 2001 2894 μεγάλου

346 2909 684 2988 παρακλήσει
775 2919 894 2970 τοῖς
965 2906 1316 2984 στρατιώταις
1388 2905 1703 2964 κεκέλευστο
1786 2906 2000 2985 ἀφεῖναι

351 3001 446 3065 τῆς
498 2996 802 3063 καταδίκης
862 2996 982 3060 τοὺς
1045 2998 1376 3073 ὀπευθύνους,
1439 2998 1525 3053 καὶ
1557 2998 1703 3055 αὐτοὶ
1731 2995 1840 3072 ἅμα
1872 3018 1999 3052 συν-

352 3089 710 3166 αθροισθέντες
803 3085 1055 3153 ἔστησαν.
1131 3086 1319 3167 ’Ἄφνω
1395 3087 1552 3143 ποθὲν
1635 3085 1834 3162 λαίλαψ
1906 3090 1997 3142 καὶ

339 3178 526 3243 σκότος
590 3179 685 3234 καί
745 3174 940 3251 ἄνεμος
1000 3181 1097 3242 τῆς
1154 3182 1256 3255 γῆς
1326 3177 1671 3254 ἀναφυσηθεὶς
1745 3175 2060 3274 περιέσχεο

328 3268 455 3332 τοὺς
487 3266 737 3346 ἀθλίους,
793 3267 885 3323 καὶ
940 3266 1120 3344 γνόφῳ
1176 3267 1330 3342 βαθεῖ
1382 3267 1475 3329 τὰς
1527 3265 1679 3341 ὄψεις
1744 3268 2000 3345 περιεκά-

329 3355 526 3435 λυψεν,
559 3355 705 3412 ὥστε
739 3355 828 3411 καὶ
858 3351 1040 3410 δοκεῖν
1092 3351 1375 3412 διαστᾶσαν
1433 3358 1534 3422 τὴν
1591 3359 1696 3433 γῆν
1726 3355 1780 3410 ἐν
1814 3355 1996 3431 ἑαυτῇ,

336 3448 471 3501 καθα
529 3443 700 3502 πάλαι
764 3445 939 3500 Δαθὰν
995 3445 1083 3500 καὶ
1143 3441 1412 3521 Ἀϐηρὼν,
1475 3446 1562 3502 καὶ
1617 3445 1831 3510 τούτους
1877 3449 1998 3508 τοὺς

346 3533 630 3614 amyli-TC
662 3546 975 3614 περισχεῖν.
1015 3535 1076 3591 Οἱ
1104 3532 1157 3589 δὲ
1187 3534 1470 3612 παρόντες,
1527 3542 1691 3593 ταῦτα
1747 3537 1996 3614 ὁρῶντες,

352 3621 452 3685 τὰς
506 3636 694 3701 χεῖρας
753 3625 825 3689 εἰς
883 3624 1104 3701 οὐρανὸν
1163 3620 1385 3698 ἔτεινον,
1445 3622 1589 3682 οὐδὲν
1649 3625 1834 3687 αὖτοὺς
1893 3631 1998 3681 τῶν

355 3709 667 3786 Σοδομιτῶν
717 3713 1016 3783 ἒλπίζόντες
1077 3712 1346 3770 πείσεσθαι
1419 3714 1792 3793 μετριώτερον.
1868 3714 1999 3769 Μετ’

355 3801 428 3856 οὗ
453 3798 591 3856 πολὺ
619 3798 670 3855 δὲ
696 3809 779 3858 τοῦ
806 3802 1009 3882 γνόφου
1065 3802 1267 3861 ἐκείνου
1293 3804 1382 3859 καὶ
1441 3803 1536 3871 τῆς
1593 3802 1819 3870 θυελλῆς
1880 3800 2000 3859 δια-

350 3887 622 3970 λυθείσης,
681 3891 909 3964 μέλανες
982 3891 1180 3958 πάντες
1250 3893 1491 3972 ἑωρῶντο
1559 3894 1621 3949 τὸ
1688 3893 1995 3972 πρόσωπον,

340 3978 492 4046 πλὴν
521 3979 582 4035 οὗ
613 3981 805 4043 πάντες
837 3979 926 4037 ἐπ’
954 3978 1104 4054 ἴσης,
1166 3979 1286 4037 ἀλλ’
1343 3985 1390 4039 οἱ
1449 3983 1546 4058 μὲν
1603 3987 1710 4038 τῶν
1771 3987 1999 4060 παρειῶν

336 4069 449 4135 τὴν
507 4069 717 4148 ἑτέραν,
781 4073 827 4126 οἱ
884 4068 938 4125 δὲ
993 4071 1082 4126 καὶ
1140 4069 1300 4149 ἄμφω
1359 4071 1704 4147 μελανθείσας
1777 4074 1999 4149 ὁμοίως,

333 4155 577 4215 Σαϐίνου
634 4158 688 4214 ea
747 4161 840 4216 καὶ
895 4161 1261 4238 Κρισκεντίνου
1313 4160 1372 4218 οὐ
1429 4162 1496 4217 τὰ
1520 4162 1781 4241 πρόσωπα
1813 4163 2000 4239 μόνον,

330 4246 485 4304 ἀλλὰ
539 4246 612 4316 δή
670 4249 762 4304 καὶ
815 4249 882 4304 τὰ
936 4248 1100 4328 χείλη
1158 4247 1542 4308 πελιδνωθέντα
1615 4252 1860 4329 παρείθη,
1932 4253 2005 4316 ὡς

329 4336 485 4410 μήτε
516 4337 830 4416 συσφίγγειν
888 4339 1013 4396 αὐτὸ
1072 4340 1210 4414 μήτε
1265 4339 1379 4416 μὴν
1436 4339 1621 4396 λαλεῖν
1677 4339 1816 4405 ὅλως
1846 4338 2004 4398 δύνα-

328 4429 486 4481 σθαι·
553 4425 701 4483 οὕτω
757 4431 954 4504 πικρῶς
1010 4429 1044 4494 ἡ
1098 4425 1218 4493 δίκη
1275 4432 1396 4492 τοὺς
1453 4427 1664 4492 ἀδίκους
1714 4429 2002 4497 μετῆλθεν.

330 4505 403 4571 ’Β
473 4513 530 4570 δὲ
591 4536 656 4592 γε
714 4513 928 4580 σύνοδος
997 4514 1272 4595 περίφοϐοι
1336 4519 1616 4596 γεγονότες
1689 4518 2000 4598 ἀνέκραγον

2081 1916 2316 1977 sissimc
2373 1935 2439 1978 se
2497 1916 2814 1996 inclinans,
2873 1915 3248 1996 obsecrabat,
3304 1915 3552 1980 dicens:
3608 1921 3719 2000 Ne,

2082 2023 2302 2086 quaeso,
2345 2013 2564 2085 patres,
2600 2023 2676 2066 ne
2705 2005 2760 2064 id
2793 2005 3116 2083 contingat,
3151 2015 3212 2065 ut
3237 2014 3352 2066 tam
3386 2008 3531 2070 dine
3559 2014 3720 2074 cala-

2084 2095 2267 2155 mitati
2301 2095 2575 2156 homines
2608 2112 2738 2154 mea
2773 2112 2952 2155 causa
2981 2095 3394 2173 subjiciantur.
3431 2100 3573 2160 Nam
3609 2103 3720 2164 hoc

2082 2184 2323 2266 quidem
2345 2193 2686 2263 statuo,uon
2720 2184 3156 2263 praeteritorum
3190 2190 3562 2264 ptenam,sed
3577 2211 3722 2272 sup-

2083 2273 2325 2355 plicium
2358 2292 2511 2337 esse.
2547 2273 2664 2352 Ego
2697 2275 2856 2335 enim
2889 2273 3034 2336 satis
3065 2273 3256 2336 habeo
3306 2279 3489 2339 Deum
3531 2299 3565 2340 a
3599 2302 3718 2361 me,

2080 2385 2216 2430 cum
2249 2370 2581 2430 innumeris
2637 2366 2855 2446 alioqui
2912 2367 3024 2427 sim
3085 2369 3406 2430 obstrictus
3462 2372 3722 2452 delictis,

2082 2458 2277 2520 nullas
2298 2476 2500 2538 pcenas
2521 2466 2828 2540 eXpetero,
2846 2474 3040 2538 neque
3062 2465 3145 2519 tot
3167 2457 3427 2521 inustum
3451 2465 3721 2539 maculis,

2081 2546 2362 2609 ftedatum
2379 2556 2554 2627 atque
2565 2555 2907 2628 corruptum
2920 2547 3090 2628 vulgo
3104 2547 3423 2610 ostendere
3438 2553 3718 2617 voluisse.

2081 2634 2151 2698 Et
2182 2636 2306 2698 hac
2341 2655 2514 2716 porro
2547 2637 2628 2699 ita
2658 2655 2722 2698 se
2757 2636 2998 2700 habent.

2162 2723 2281 2788 LV.
2307 2725 2378 2786 At
2399 2726 2695 2788 scelerum
2720 2728 2875 2788 ultor
2891 2728 3068 2803 Deus,
3105 2727 3256 2790 haud
3278 2731 3478 2811 segnis
3505 2733 3722 2797 vindex

2077 2814 2226 2895 justi
2260 2815 2387 2876 fuit.
2407 2817 2726 2896 Postquam
2751 2816 2912 2878 enim
2929 2816 3034 2877 viri
3054 2818 3248 2896 magni
3275 2837 3452 2882 suasu
3470 2828 3725 2903 impera-

2089 2912 2212 2964 tum
2245 2913 2354 2983 est,
2390 2922 2464 2966 ne
2493 2905 2554 2965 in
2587 2923 2713 2981 eos,
2746 2907 2845 2984 qui
2876 2904 2964 2965 rei
2995 2904 3128 2965 facti
3161 2909 3470 2987 suppliciis
3499 2913 3722 2976 addicti

2087 2994 2338 3073 fuerant,
2365 2993 2514 3054 ultra
2543 2994 2950 3069 desaeviretur,
2979 2993 3212 3073 ipsique
3234 3015 3350 3058 una
3368 2998 3548 3061 simul
3572 3021 3722 3064 con-

2086 3083 2386 3157 sisterent,
2409 3091 2656 3163 repente
2692 3083 2952 3164 nimbus,
2984 3084 3268 3162 tenebrae,
3298 3105 3531 3151 necnon
3557 3101 3724 3154 atrox

2087 3181 2295 3234 ventus
2328 3181 2500 3233 terra;
2524 3173 2706 3234 nimio
2729 3173 2922 3234 ﬂantis
2945 3172 3177 3251 fragore
3203 3176 3454 3239 miseros
3481 3180 3719 3260 invasit,

2087 3280 2351 3342 tantaque
2367 3269 2611 3327 obducta
2625 3270 2864 3342 caligine
2886 3270 3114 3328 illorum
3131 3287 3232 3343 asp
3247 3285 3391 3332 actus
3415 3284 3718 3349 oppressit,

2083 3360 2148 3415 ut
2181 3360 2397 3413 terram
2428 3359 2484 3413 in
2509 3357 2766 3431 seipsam
2792 3370 3060 3414 eversam
3094 3363 3268 3434 atque
3291 3357 3583 3436 collisam,
3615 3361 3722 3424 hos

2085 3459 2204 3502 non
2235 3442 2430 3513 aliter,
2452 3449 2629 3521 atque
2660 3440 2887 3502 Datban
2906 3441 3047 3502 olim
3078 3443 3400 3519 etAbiron,
3427 3446 3724 3526 deglutire

2083 3530 2334 3592 dixisses
2391 3530 2500 3602 Qui
2559 3547 2692 3591 vero
2755 3541 3077 3610 praesentes
3134 3532 3260 3594 haec
3311 3535 3720 3612 intuebantur,

2084 3638 2292 3682 manus
2315 3620 2374 3680 in
2390 3621 2604 3682 ccelum
2620 3620 3120 3691 tollebant,nihilo
3141 3622 3258 3684 illis
3274 3627 3722 3705 secundiorem,

2083 3727 2256 3790 quam
2282 3728 2415 3790 qua:
2437 3709 2759 3772 Sodomitis
2781 3709 2922 3771 olim
2949 3711 3576 3787 acciderat,fortunam
3604 3718 3729 3780 fore

2081 3798 2329 3861 ominati
2359 3809 2516 3861 sunt.
2549 3800 2681 3860 Non
2709 3801 2892 3860 multo
2925 3809 3056 3878 post
3079 3800 3333 3880 caligine
3362 3804 3727 3887 turbineque

2083 3887 2402 3950 desinente
2419 3906 2649 3961 omnes,
2669 3907 3022 3968 quamquam
3041 3909 3158 3951 non
3184 3910 3374 3972 aeque,
3401 3894 3555 3974 nigri
3575 3895 3724 3959 facie

2083 3995 2436 4058 apparuere.
2473 3977 2592 4040 Alii
2621 3977 2918 4053 siquidem
2949 3980 3195 4042 alteram
3239 4001 3475 4064 genam,
3508 3989 3720 4049 ambas

2085 4068 2187 4128 alii
2219 4068 2412 4147 nigras
2442 4067 2914 4129 habent.Sabino
2947 4087 3083 4130 vero
3100 4088 3168 4129 ac
3186 4069 3570 4135 Crescentino
3600 4095 3722 4139 non

2089 4157 2266 4217 modo
2289 4159 2489 4233 facies,
2526 4175 2728 4218 verum
2753 4156 2929 4218 etiam
2947 4157 3103 4219 labia
3125 4169 3256 4220 atro
3280 4161 3480 4224 colore
3505 4165 3722 4227 infecta

2089 4255 2226 4308 sunt
2254 4247 2484 4327 relicta,
2518 4255 2580 4309 ut
2609 4264 2716 4307 nec
2752 4246 2852 4307 illa
2882 4248 3312 4326 constringere,
3343 4267 3452 4312 nec
3489 4251 3560 4312 iis
3586 4272 3723 4314 om-

2090 4335 2232 4396 nino
2263 4336 2589 4417 quidquam
2625 4336 2785 4418 loqui
2817 4337 3045 4400 liceret.
3093 4339 3190 4400 Sic
3246 4338 3444 4401 divina
3492 4341 3728 4420 justitia

2087 4425 2367 4488 acerbum
2402 4427 2478 4488 de
2509 4427 2742 4508 injustis
2773 4427 3129 4507 supplicium
3163 4429 3438 4508 sumpsit.
3476 4433 3564 4493 Ad
3601 4433 3724 4494 haec

2089 4523 2336 4577 cunctus
2359 4525 2604 4579 senatus
2626 4516 2997 4580 acclamavit:
3023 4516 3191 4580 Nunc
3209 4519 3556 4598 agnovimus
3571 4523 3726 4602 quod

330 4611 448 4662 Νῦν
506 4603 829 4682 ἐγνώκαμεν
886 4605 966 4661 ὅτι
1024 4604 1190 4664 ἔσωσε
1254 4607 1440 4685 Κύριος
1496 4610 1589 4664 τὸν
1645 4612 1872 4686 Χριστὸν
1902 4615 1999 4669 αὖ·

2090 4604 2380 4667 Dominus
2411 4613 2654 4668 unctum
2700 4626 2871 4668 suum
2925 4586 3276 4669 servaverit.
3294 4616 3351 4670 et
3395 4586 3729 4676 exaudierit

331 4701 461 4774 τοῦ,
536 4695 634 4750 καὶ
706 4693 1000 4764 ἐπήκουσεν
1069 4694 1122 4760 ἑξ
1195 4697 1413 4775 ούρανοῦ
1483 4699 1638 4776 ἡγίου
1706 4701 1885 4756 αὐτοῦ·
1950 4699 2002 4756 ἐν

332 4780 682 4848 δυναστείαις
713 4785 750 4850 ἡ
781 4787 1014 4863 σωτηρία
1071 4789 1170 4852 τῆς
1225 4783 1394 4851 δεξιᾶς
1451 4791 1635 4849 αὑτοῦ.
1695 4796 1868 4847 Ταῦτα
1923 4792 2002 4846 εἷ-

334 4872 565 4948 πόντες,
628 4879 738 4929 τῶν
792 4881 885 4930 τοῦ
940 4875 1228 4954 Γρηγορίου
1284 4877 1525 4954 γονάτων
1595 4877 1844 4956 εἴχοντο,
1917 4881 2006 4936 καὶ

341 4961 480 5041 ὺπέρ
509 4963 690 5018 αὐτῶν
745 4966 952 5042 θερμῶς
1009 4962 1236 5022 ἐδέοντο·
1298 4968 1326 5022 ὁ
1389 4964 1444 5022 δὲ
1500 4967 1803 5025 τουναντίον
1858 4969 2004 5043 μᾶλ-

351 5049 446 5106 λον
499 5054 659 5117 αὐτὸς
718 5052 946 5110 ἑκάστου
996 5066 1114 5118 τοῖς
1174 5057 1296 5112 ποσὶ
1351 5057 1696 5132 προσπίπτων
1750 5057 2003 5116 ἁθλιότα-

351 5159 448 5196 τον
497 5144 717 5199 πάντων
779 5143 970 5200 ἑαυτὸν
1024 5142 1314 5225 ἀπεκάλει,
1372 5147 1459 5203 καὶ
1515 5145 1648 5202 αὐτὰ
1708 5145 1773 5215 δὴ
1815 5149 1881 5207 τὰ
1916 5157 2006 5206 τοῦ

352 5229 517 5287 Δαυίδ
547 5232 840 5313 ἐφθέγγετο
868 5233 1109 5310 ῥήματα.
1151 5255 1180 5288 ι
1213 5234 1356 5313 Ἐγὼ
1401 5238 1510 5311 εἱμι
1543 5235 1756 5304 σκώληξ
1786 5240 1872 5296 καὶ
1912 5239 2006 5297 οὒκ

338 5317 638 5398 ἄνθρωπος,
701 5320 905 5389 ὄνειδος
965 5321 1239 5400 ἀνθρώπον
1291 5326 1379 5381 καὶ
1425 5324 1750 5403 ἑξουθὲνημα
1780 5325 1934 5391 λαοῦ.
1971 5352 1999 5384 ι

421 5411 573 5487 Ns".
600 5417 814 5474 Τούτων
877 5411 1028 5470 οὕτω
1079 5409 1427 5470 τελεσθέντων
1496 5413 1588 5472 ὑπ’
1644 5416 1767 5493 ὄψιν
1825 5440 2002 5498 π²Ρ²”
2077 5456 2080 5458 ’

344 5503 529 5574 στήσας
585 5508 710 5576 τοὺς
768 5501 1132 5583 κατηγόρους
1192 5503 1218 5559 ὁ
1281 5505 1527 5585 πάππας,
1587 5502 1741 5584 Ἰδοὺ,
1817 5512 2002 5592 φησὶν,

370 5706 432 5763 Η
451 5706 637 5781 Pu".
677 5715 818 5782 XXI,
869 5697 933 5759 7-

2089 4712 2250 4770 eum,
2284 4712 2318 4756 e
2350 4696 2496 4757 coelo
2527 4714 2633 4758 suo
2659 4705 2889 4773 sancto,
2911 4697 3189 4778 quodque
3211 4698 3270 4759 in
3296 4701 3558 4780 potentia
3578 4701 3724 4764 dex-

2088 4794 2236 4847 terae
2267 4789 2392 4863 ejus
2417 4795 2506 4849 est
2532 4787 2712 4850 salus.
2740 4789 2875 4849 Haec
2898 4805 3032 4848 cum
3066 4788 3246 4849 locuti
3275 4789 3731 4871 essent,Grego-

2089 4874 2376 4954 riigenua
2396 4878 2690 4958 complexi
2701 4876 3145 4959 ,ardentissime
3167 4898 3275 4960 pro
3296 4881 3414 4942 illis
3445 4884 3728 4945 obsecra-

2090 4964 2254 5026 bant.
2292 4965 2508 5029 Contra
2533 4985 2673 5030 vero
2705 4969 2805 5029 ille
2839 4967 3024 5046 magis
3065 4968 3140 5031 ad
3186 4969 3504 5049 cujuslibet
3550 4975 3733 5052 pedes

2092 5055 2738 5139 procumbebat,seque
2763 5059 3163 5120 miserrimum
3182 5060 3476 5142 omnium,
3499 5063 3734 5126 Davidis

2089 5144 2194 5207 illa
2220 5143 2403 5207 verba
2433 5147 2686 5223 locutus,
2719 5146 3086 5228 appellabat:
3120 5172 3147 5203 α
3182 5146 3303 5227 Ego
3325 5167 3456 5212 sum
3491 5161 3730 5232 vermis,

2087 5252 2207 5296 non
2243 5235 2419 5297 homo
2449 5252 2462 5294 :
2490 5238 2874 5318 opprobrium
2916 5237 3246 5314 hominum,
3281 5247 3341 5302 et
3371 5244 3732 5323 contemptio

2088 5325 2295 5406 populi
2319 5325 2396 5385 15.
2442 5347 2466 5383 υ

2167 5412 2314 5476 LVI.
2349 5413 2452 5476 His
2485 5414 2762 5495 peractis,
2788 5435 2923 5479 cum
2949 5419 3216 5500 pontifex
3251 5438 3404 5485 max.
3439 5420 3733 5484 delatores

2089 5522 2289 5568 coram
2321 5522 2386 5568 se
2416 5506 2756 5569 statuisset:
2793 5506 2969 5586 Ecce,
3009 5509 3226 5593 inquit,
3258 5529 3376 5574 non
3407 5511 3606 5575 animo
3627 5531 3731 5576 so-
