4136 6454
512 369 629 448 263

1813 377 2092 455 MENSIS
2134 384 2578 459 NOVEMBER.

3767 395 3877 464 264

513 519 659 610 ium,
694 516 798 610 sed
829 516 1020 610 forma
1053 516 1199 597 patri
1230 525 1424 579 vestro
1454 519 1687 610 Satanae
1737 522 1964 584 similes
2013 525 2142 588 facti

2234 533 2294 587 an.
2464 527 2649 606 ψυχὴν
2701 527 2886 601 μόνον,
2948 525 3088 585 ἀλλά
3146 529 3231 584 καὶ
3287 528 3388 596 τὴν
3446 530 3655 610 μορφὴν
3707 532 3874 608 ὅμοιοι

514 609 680 671 estis.
715 605 832 670 Sed
865 608 977 669 alia
1009 616 1294 687 praeterea
1324 627 1424 669 vos
1467 608 1835 670 miseriarum
1885 616 2149 676 accessio

512 705 734 760 manet.
769 697 888 759 Vos
919 703 1075 759 enim
1110 706 1166 758 et
1196 698 1417 776 posteri
1450 698 1650 770 vestri,
1685 702 1834 760 servi
1859 703 2024 762 eritis
2052 725 2068 776 ;
2094 713 2152 766 et

510 795 800 868 quotquot
824 788 936 848 hoc
961 787 1200 864 nigrore
1223 787 1456 864 sigillati
1485 787 1722 860 fuerint,
1749 790 2150 868 Agrigentinis

508 875 806 954 episcopis
829 873 1051 954 absque
1075 874 1367 954 pradinito
1389 882 1658 954 tempore
1677 879 2149 952 servietis.Quod

507 967 557 1026 si
589 965 720 1046 quis
751 966 928 1025 vestri
958 969 1193 1040 generis
1221 964 1480 1043 aliquem
1513 965 1834 1027 sacerdotii
1868 968 2150 1048 dignitate

509 1053 929 1128 donaverit,vel
946 1051 1222 1114 Ecclesia:
1238 1053 1488 1132 quodvis
1516 1073 1729 1115 munus
1752 1058 2150 1120 concredide-

507 1143 605 1218 rit,
640 1145 817 1223 hujus
847 1153 1024 1222 caput
1053 1141 1168 1202 diis
1198 1141 1407 1204 inferis
1437 1143 1705 1204 dicamus
1765 1165 1832 1206 ac
1889 1146 2147 1210 devove-

509 1259 656 1301 mus.
693 1243 822 1300 Haec
850 1243 947 1300 ille
969 1241 1121 1298 haud
1151 1242 1303 1298 serio
1335 1257 1456 1298 mea
1481 1246 1756 1300 sententia
1786 1245 2153 1319 dixit.Neque

509 1326 667 1386 enim
692 1325 786 1385 his
813 1323 873 1384 in
897 1324 1104 1384 eadem
1129 1341 1304 1383 causa
1347 1325 1808 1400 pronuntiasset,
1837 1345 1968 1388 cum
1997 1329 2148 1390 Gre-

505 1415 710 1495 gorius
739 1413 1066 1494 praesertim
1103 1432 1217 1473 non
1255 1421 1574 1493 pateretur,
1605 1414 1704 1493 qui
1739 1415 1970 1476 illorum
2012 1417 2146 1478 ani-

507 1523 634 1566 mos
665 1503 964 1576 territans,
999 1503 1416 1580 desperatione
1452 1503 1660 1582 plenos
1703 1505 2141 1569 moderabatur.

503 1590 712 1671 Neque
744 1591 928 1663 enim,
966 1589 1080 1650 nisi
1119 1589 1318 1652 animo
1342 1596 1420 1650 ita
1445 1591 1636 1652 affecti
1683 1592 1955 1672 fuissent,
1991 1595 2143 1655 haud

504 1681 652 1742 adeo
687 1681 1004 1741 vehemens
1060 1681 1118 1739 in
1179 1697 1282 1739 eos
1317 1678 1424 1739 Dei
1489 1680 1796 1741 iracundia
1848 1683 2146 1744 concitata

505 1770 733 1832 fuisset.
767 1775 850 1832 Ac
884 1770 920 1829 ii
953 1767 1192 1850 quidem
1225 1768 1298 1828 iis
1329 1769 1428 1844 qui
1466 1778 1757 1848 praeerant
1785 1771 2145 1851 traditi,pro-

2233 625 2309 690 τῷ
2364 621 2517 694 πατρὶ
2590 617 2740 690 ὑμῶν
2809 623 2889 688 τῷ
2959 623 3172 689 Σατανᾷ
3245 621 3552 696 γεγόνατε.,
3590 620 3751 677 Ἀλλὰ
3818 647 3878 700 γε

2233 709 2364 784 πρὸς
2423 708 2590 772 τούτῳ
2637 707 2725 761 καὶ
2774 704 2951 782 ἕτερόν
2997 729 3050 762 τι
3096 713 3164 782 τῇ
3209 705 3327 782 δίκῃ
3385 707 3634 788 μελήσει,
3706 710 3875 770 δουλοι

2235 797 2332 873 γὰρ
2402 797 2488 852 καὶ
2561 796 2718 869 ὑμεῖς
2791 797 2879 851 καὶ
2934 797 2993 851 τὸ
3052 798 3263 875 σπέρμα
3334 799 3482 871 ὑμῶν
3548 798 3746 874 ἕσεπθε,
3792 805 3876 859 καὶ

2235 885 2348 942 ὅσοι
2406 885 2468 940 ἂν
2527 883 2663 941 οὕτω
2722 885 3120 959 σεσημασμένοι
3181 886 3439 963 γένωνται
3501 887 3698 943 οἰκέται
3758 904 3870 956 τοῖς

2233 973 2749 1065 προχειριζομένοιςη
2805 971 3230 1050 Ἀκραγαντίνων
3318 975 3630 1040 ἐπισκόποις
3717 980 3874 1058 μέχρι

2233 1066 2430 1127 παντὸς
2469 1062 2701 1124 ἔσονται,
2731 1062 2821 1125 ’ος
2855 1062 2900 1116 δ’
2932 1062 2991 1118 ἄν
3045 1085 3161 1119 τινα
3213 1072 3303 1120 τοῦ
3363 1064 3544 1141 γένους
3602 1068 3748 1140 ὑμῶν
3799 1071 3878 1123 ἱε-

2232 1153 2410 1230 ρατίας
2484 1151 2598 1224 ἀξίᾳ
2658 1150 2942 1230 περιϐάλῃ,
3007 1150 3041 1216 ἦ
3110 1152 3552 1230 ἐκκλησιαστηκῇ
3625 1157 3876 1230 πιστεύσῃ

2235 1239 2491 1313 διαγονίᾳ,
2554 1249 2738 1297 τοῦτον
2789 1244 2955 1315 ἡμεῖς
3016 1240 3408 1318 ἐκκηρύττομεν
3462 1245 3549 1299 καὶ
3597 1243 3876 1319 ἀναθέμστι

2235 1333 2686 1408 παραπεμπομεν.
2765 1329 2941 1393 Οὕτως
3015 1333 3220 1394 ἐκεῖνος
3292 1331 3383 1388 οὐκ
3453 1333 3558 1388 ἀπὸ
3627 1333 3876 1414 σπουδῆς,

2233 1422 2303 1481 ὡς
2337 1419 2455 1494 ἐμοὶ
2485 1419 2656 1491 δοκεῖ,
2689 1419 2886 1498 λέγων,
2949 1418 3062 1475 οὐδὲ
3095 1422 3193 1496 γὰρ
3253 1420 3314 1474 ἂν
3372 1420 3611 1478 ὰπέδῶκε
3671 1421 3745 1485 δίς
3799 1423 3878 1479 ἐπὶ

2232 1513 2292 1566 τὸ
2353 1512 2502 1582 αὐτὸ,
2567 1507 2742 1572 ἄλλως
2802 1531 2858 1566 τε
2920 1508 3007 1564 ὅτε
3064 1508 3198 1582 μηδὲ
3236 1513 3528 1588 ι’ρηγόριος
3563 1513 3874 1590 συνεχώρει,

2229 1598 2365 1657 ἀλλὰ
2395 1605 2470 1671 τῷ
2501 1598 2646 1676 φόϐῃ
2679 1602 2974 1654 κατασείων
3025 1601 3196 1654 αὐτῶν
3227 1602 3320 1663 τὰς
3383 1602 3564 1678 ψυχὰς
3623 1603 3709 1657 καὶ
3772 1623 3877 1656 σωι

2230 1690 2481 1767 φρονίζων
2554 1688 2629 1744 ἔτι
2704 1688 2949 1751 ἁπονοίος
3029 1686 3182 1751 ὄντας
3257 1691 3504 1761 μεστούς.
3579 1688 3712 1748 Οὐδὲ
3787 1692 3877 1769 γὰρ

2229 1780 2271 1832 εἰ
2303 1785 2379 1848 μὴ
2410 1780 2500 1832 τὸν
2532 1788 2650 1835 νοῦν
2709 1778 2845 1834 οὕτω
2902 1775 3183 1850 διέκειντο,
3239 1779 3331 1833 οὐκ
3384 1778 3446 1833 ἂν
3497 1781 3682 1841 αὐτοὺς
3721 1781 3874 1845 οὕτως

503 1862 597 1923 cul
630 1880 663 1922 a
691 1860 810 1921 suis
845 1860 990 1921 locis
1018 1858 1255 1920 abducti
1288 1858 1474 1919 fuere.
1504 1861 1576 1919 At
1607 1861 1801 1939 puella
1835 1862 1933 1923 illa
1965 1863 2141 1940 Agri-

2230 1865 2342 1923 0'33é
2373 1868 2406 1932 ἡ
2440 1870 2549 1922 θεία
2581 1865 2699 1938 δίκη
2730 1868 3062 1945 μετήρχετο.
3100 1867 3253 1923 Οὗτοι
3305 1867 3401 1940 μὲν
3437 1869 3548 1936 οὗν,
3609 1883 3730 1930 τοῖς
3784 1870 3874 1948 ἄρ-

501 1962 743 2032 gentum
775 1949 1066 2011 civitatem
1101 1967 1218 2008 non
1254 1948 1405 2008 ultra
1439 1948 1638 2009 videre
1669 1951 1966 2024 sustinuit,
2027 1951 2132 2012 sed

2230 1979 2382 2046 γουσι
2416 1955 2819 2033 παραδοθέντες,
2863 1971 2984 2018 ταῖς
3034 1955 3184 2019 ἰδίαις
3247 1957 3435 2018 οἰκίαις
3491 1958 3873 2026 ἀποκατέστη-

503 2041 667 2105 omni
698 2040 932 2101 ornatui
964 2037 1322 2112 valedicens,
1359 2056 1492 2098 cum
1545 2038 1707 2118 prius
1739 2039 1811 2100 ab
1843 2041 2136 2121 episcopis

2230 2035 2348 2109 ζαν,
2379 2049 2444 2102 Ἢ
2478 2043 2532 2100 δὲ
2562 2067 2620 2122 γε
2665 2046 2796 2123 κόρη
2856 2045 3059 2118 ἐκείνη,
3124 2047 3220 2112 τὴν
3283 2050 3391 2115 μὴν
3450 2044 3874 2124 Ἀκραγαντίνων

500 2133 586 2195 uti
612 2150 716 2212 pro
746 2147 810 2192 se
833 2128 1567 2209 orarent,impetrasset,in
1595 2128 1910 2207 collegium
1936 2130 2139 2192 [λεω-

2230 2141 2376 2200 πόλιν
2437 2133 2554 2192 οὒδὲ
2607 2133 2737 2190 ἰδεῖν
2798 2135 3095 2209 ὓπέμεινειν
3171 2135 3266 2190 ἔτι·
3337 2136 3526 2211 κόσμῳ
3595 2135 3649 2191 δὲ
3724 2142 3879 2195 παντὶ

500 2222 653 2284 εἰιὶω
681 2219 1062 2298 cooptabatur
1091 2239 1102 2275 :
1141 2218 1199 2277 in
1234 2236 1350 2297 quo
1383 2215 1531 2279 duos
1561 2236 1630 2278 ac
1687 2219 1890 2297 viginti
1949 2238 2138 2282 annos

503 2311 740 2374 assidue
765 2328 833 2371 ac
854 2309 1230 2370 continenter
1252 2308 1472 2387 vivens,
1499 2309 1931 2371 medicamento
1949 2312 2139 2391 pinni-

506 2401 724 2474 tentize,
757 2407 819 2460 ut
846 2397 1099 2459 maxime
1125 2406 1378 2476 poterat,
1405 2398 1636 2476 priores
1665 2398 1981 2477 detergens
2012 2420 2140 2462 ma-

505 2491 691 2562 culas,
726 2488 798 2550 ad
830 2487 1132 2549 caelestem
1163 2505 1338 2566 quem
1375 2495 1683 2566 tantOpere
1733 2491 2141 2570 concupierat,

504 2587 828 2642 amatorem
847 2577 951 2640 Dei
976 2575 1340 2654 benignitate
1360 2575 1650 2655 migravit.
1665 2580 1732 2640 Et
1753 2577 1880 2640 haec
1901 2579 2142 2658 quidem

501 2670 614 2731 hac
641 2667 874 2729 ratione
904 2667 1068 2728 [inita
1087 2675 1245 2727 sunt.

581 2935 757 3001 LVII.
794 2933 1020 2997 Deinde
1051 2934 1315 3014 pontifex
1348 2952 1502 2996 max.
1541 2935 1850 3008 mandavit,
1884 2945 1945 2998 ut
1991 2936 2142 3000 Gre-

477 3024 703 3109 gorius
729 3024 1010 3105 mysteria
1039 3042 1145 3085 sua
1176 3034 1506 3103 perageret.
1543 3023 1655 3087 Ubi
1677 3026 1773 3105 qui
1805 3026 2137 3089 divinorum

501 3117 925 3181 sacriﬁciorum
956 3112 1276 3194 participes
1307 3115 1495 3188 fuere,
1525 3115 1796 3176 convivio
1826 3115 1898 3177 ab
1931 3117 2139 3178 eodem

505 3207 788 3290 pontifice
816 3210 1212 3266 communiter
1242 3212 1381 3264 sunt
1411 3203 1640 3282 excepti
1681 3223 1696 3278 ;
1745 3222 1810 3265 ac
1848 3215 1974 3266 tum
2003 3207 2140 3286 qui-

503 3298 638 3359 dem
663 3295 751 3357 sic
779 3291 1222 3356 convivantibus
1245 3293 1502 3372 pontifex
1529 3293 1678 3353 nihil
1704 3293 1864 3356 aliud
1889 3294 2139 3359 addidit.

2223 2225 2602 2301 ἀποταξαμένη
2663 2226 2749 2280 καὶ
2806 2226 2948 2302 παρὰ
3020 2230 3124 2280 τῶν
3195 2223 3503 2282 ἐπισκόπων
3548 2227 3731 2285 αὐτόθι
3773 2230 3873 2286 τῶν

2227 2321 2462 2388 συνήθων
2523 2314 2804 2378 ἀξιωθεῖσα
2866 2314 3066 2392 εὐχῶν,
3120 2311 3174 2368 ἐν
3234 2320 3300 2381 τῆ
3355 2320 3498 2390 μονῇ
3553 2319 3652 2383 τῆς
3725 2319 3875 2396 ἁγίας

2228 2407 2488 2475 Κηκιλίας
2542 2403 2770 2482 φιλοθὲῳ
2823 2401 3090 2478 λοιγισμῷ
3161 2406 3411 2480 κείρεται,
3484 2404 3537 2459 ἐν
3580 2409 3616 2481 ᾖ
3660 2405 3755 2464 δύο
3794 2408 3876 2463 καὶ

2229 2497 2432 2553 εἴκοσιν
2494 2493 2588 2559 ἔτη
2638 2492 2771 2548 πάνυ
2834 2498 3118 2570 προσεχὼς
3176 2513 3231 2548 τε
3283 2495 3370 2549 καὶ
3402 2494 3672 2570 ἐγκρατῶς
3709 2498 3875 2566 ζήσα-

2230 2609 2319 2657 σα,
2357 2586 2440 2640 καὶ
2469 2583 2700 2654 ὑσσώπῳ
2727 2581 3008 2655 μετανοίας
3051 2583 3123 2643 ὡς
3183 2582 3299 2638 οἷόν
3357 2603 3410 2638 τε
3470 2584 3564 2648 τὰς
3623 2584 3875 2663 προτέρας

2227 2673 2445 2742 κηλίδας
2509 2671 2907 2746 ἀποκαθάρασα,
2984 2673 3113 2748 πρὸς
3195 2673 3253 2725 ὃν
3345 2672 3577 2751 ἔσχατον
3648 2673 3874 2740 ἐπόθησε

2227 2764 2454 2843 ἐραστὴν
2511 2759 2738 2840 οεφιλῶς
2798 2758 3149 2834 ἐξεδήμησεν,
3211 2763 3308 2819 Καὶ
3365 2768 3528 2818 ταῦτα
3598 2762 3695 2838 μὲν
3759 2770 3874 2820 τοῦ.

2226 2877 2316 2912 τον
2347 2854 2475 2932 ἔσχε
2506 2853 2596 2907 τὸν
2629 2849 2847 2917 τρόπον,

2311 2942 2434 3004 ΝΖ’.
2471 2947 2548 3017 Τῇ
2581 2939 2635 2995 δὲ
2666 2937 2785 3003 ἐξῆς
2838 2940 2865 2994 6
2916 2939 3138 3002 παππας
3203 2939 3472 3018 ἐπιτρέπει
3531 2949 3609 3014 τῷ
3665 2950 3868 3023 Γρηγο-

2225 3036 2318 3113 ρίομ
2374 3035 2473 3098 τὴν
2541 3031 2684 3107 ἱερὰν
2755 3027 3027 3084 ἐκτελέσαι
3099 3033 3497 3108 μυσταγωγίαν,
3561 3032 3616 3088 ὲν
3677 3036 3713 3109 ᾗ
3768 3040 3866 3089 τῶν

2223 3125 2375 3180 θείων
2420 3119 2720 3197 μ’)στηρίῳν
2779 3117 3170 3192 μεταλαϐόντες
3230 3121 3314 3175 καὶ
3370 3126 3552 3188 κοινῆς
3616 3136 3864 3200 μετεῖχον

2229 3212 2517 3290 τραπέζης.
2557 3211 2652 3266 Καὶ
2709 3210 2768 3263 τὸ
2827 3229 2882 3263 τε
2915 3208 3009 3280 μὲν
3062 3208 3223 3272 οὕτως
3282 3208 3670 3288 εὐωχουμένοις
3721 3210 3855 3268 οὐδὲν

2228 3302 2404 3378 ἕτερον
2435 3303 2462 3356 6
2494 3300 2716 3359 πάππας
2775 3299 3106 3374 προστίθησι·
3171 3302 3238 3363 τῆ
3292 3296 3346 3352 δὲ
3404 3301 3639 3377 ὑστεραίᾳ
3691 3319 3848 3373 μετα-

501 3385 791 3449 Caiternm
825 3380 1110 3463 postridie
1134 3382 1263 3460 ejus
1291 3381 1406 3443 dici
1426 3383 1775 3458 Gregorium
1806 3386 2135 3461 accersivit,

2230 3391 2574 3466 πεμψαμενος
2609 3389 2700 3443 τὸν
2732 3386 3021 3462 Γρηγόριον
3071 3388 3290 3464 πρᾶγμά
3351 3410 3398 3443 τι
3468 3392 3602 3462 αυτῷ
3657 3386 3854 3464 διηγεῖ-

497 3493 566 3536 ac
597 3474 651 3536 ei
676 3492 802 3534 rem
831 3470 1144 3552 quamdam
1171 3472 1434 3550 exponit,
1463 3491 1593 3548 quae
1617 3471 1762 3533 solis
1784 3474 1912 3551 ejus
1936 3475 2134 3553 preci-

2230 3503 2327 3559 ται,
2395 3480 2570 3551 μόνων
2623 3483 2726 3532 τῶν
2787 3477 2988 3534 ἐκείνου
3046 3483 3362 3554 προσευχῶν
3429 3480 3514 3533 καὶ
3576 3483 3671 3544 τῆς
3734 3478 3855 3554 πρὸς

497 3563 632 3636 bus,
670 3562 1029 3636 fiduciaque,
1055 3560 1258 3640 quain
1289 3563 1475 3621 Deum
1524 3561 1780 3640 plurima
1830 3564 2133 3640 flagrabat,

2230 3573 2349 3626 Θεὸν
2377 3568 2668 3645 παῤῥησίας
2729 3564 2923 3640 κομιδῆ
2979 3563 3250 3640 δεόμενον³
3307 3569 3366 3621 τὸ
3423 3566 3477 3622 δὲ
3507 3569 3574 3632 ἦν
3645 3565 3854 3624 τοιόνδε·

497 3653 813 3732 indigeret.
839 3649 899 3712 ld
925 3659 1119 3711 autem
1142 3651 1250 3710 hoc
1275 3667 1458 3728 genus
1489 3660 1616 3712 erat
1642 3669 1655 3712 :
1691 3650 1871 3729 Ligna
1895 3652 2135 3732 quidam

2230 3659 2344 3724 Ξύλα
2401 3681 2481 3722 τις
2539 3657 2764 3733 μέγιστα
2823 3654 3080 3733 διαφῆκεν
3142 3655 3194 3710 ἐν
3249 3663 3325 3729 τῷ
3381 3663 3608 3731 ποταμῷ
3655 3659 3728 3721 εἰς
3769 3657 3864 3712 κό-

498 3744 753 3805 maxima
777 3742 837 3802 in
869 3742 1089 3801 flumen
1125 3738 1393 3819 immisit,
1425 3751 1485 3800 ut
1514 3759 1879 3802 summorum
1905 3752 2138 3822 aposto-

2230 3771 2354 3824 σμον
2388 3748 2497 3822 ἅμα
2528 3747 2623 3803 καί
2665 3744 2954 3822 ἀσφάλειαν
3016 3745 3146 3803 αὗτὰ
3203 3744 3419 3819 πέμψας
3475 3754 3553 3820 τῷ
3607 3754 3715 3803 τῶν
3769 3770 3863 3802 κυ-

495 3832 688 3894 lornm
723 3829 944 3911 templo
973 3827 1205 3890 ornatui
1236 3828 1413 3890 simul
1443 3848 1511 3891 ac
1563 3831 1867 3892 securitati
1911 3842 2134 3896 essent.

2230 3838 2451 3918 ρυφαίων
2481 3843 2611 3909 ναῷ⁹
2648 3837 2714 3890 τὰ
2742 3833 2797 3889 δὲ
2829 3836 2965 3890 οὓτω
2997 3837 3162 3913 τυχὸν
3214 3834 3414 3913 πλάγια
3464 3837 3868 3917 περιενεχθέντα

494 3921 634 3984 Haec
653 3940 792 3981 vero
814 3921 892 3980 ita
917 3917 1155 3998 oblique
1176 3918 1556 3999 circumacta,
1589 3938 1654 3980 ac
1680 3920 1958 4002 utrinque
1982 3923 2140 4002 ripas

2230 3917 2314 3984 mi
2377 3927 2629 3996 ἑκατέρας
2687 3925 2780 3986 τὰς
2841 3924 3005 4002 ὄχθας
3067 3922 3424 3980 διαλαϐόντων
3493 3925 3613 3981 ἄνευ
3676 3927 3869 4000 δεσμοῦ

496 4010 802 4090 complexa
830 4017 992 4088 sunt,
1021 4018 1085 4070 ut
1128 4007 1309 4069 nullis
1343 4008 1525 4070 clavis
1577 4009 1690 4070 fixa
1747 4019 1848 4070 ant
1902 4013 2139 4073 suffulta

2230 4018 2483 4096 ἐρήρειτο.
2554 4023 2720 4072 ταῦτα
2777 4015 2880 4092 οὐχ
2951 4012 3073 4070 ὅσον
3147 4018 3564 4088 μετακινηθῆναι
3640 4015 3868 4080 πολλαῖς

495 4108 722 4176 essent,
757 4107 822 4160 ut
853 4118 886 4160 a
914 4097 1177 4173 nomine,
1232 4097 1500 4178 quamvis
1551 4101 1869 4160 multorum
1927 4102 2140 4182 sazpius

2230 4107 2482 4168 πολλάκις
2515 4102 2842 4180 βιαζομένων
2875 4105 3058 4180 χερσὶν
3111 4101 3351 4177 οὐδαμῶς
3407 4101 3682 4179 ἠδύναντο,
3748 4104 3868 4179 ἀλλ,

494 4189 773 4274 manibus
828 4189 1056 4274 acriter
1076 4195 1432 4274 pertentata,
1466 4187 1787 4274 dimoveri__
1815 4193 2138 4274 potuerint.

2230 4198 2345 4254 οὔτε
2375 4218 2426 4252 τι
2457 4201 2561 4252 τῶν
2594 4193 2710 4249 κατ’
2746 4192 3002 4269 ἐμπορίαι
3027 4191 3223 4248 πλοίων
3254 4191 3288 4259 ἥ
3315 4191 3483 4260 ἄλλην
3513 4196 3629 4250 τινὰ
3660 4195 3872 4274 χρείαν,

499 4271 616 4363 Sed
639 4288 837 4348 neque
870 4269 1162 4363 navigium
1183 4269 1419 4348 aliquod
1435 4274 1562 4340 ,aut
1585 4269 1886 4363 mercibus
1903 4272 2142 4363 autaliis

2230 4287 2344 4342 οὔτε
2375 4283 2637 4340 εἰσπλέειν
2669 4281 2784 4339 οὔτε
2809 4280 2905 4355 μὲν
2936 4280 3176 4338 ἐκπλέειν
3208 4280 3272 4337 δι’
3305 4285 3477 4340 αὐτῶν
3507 4284 3708 4363 ἴσχυον
3739 4284 3874 4341 ὥστε

493 4359 702 4422 usibus
721 4358 1256 4432 accommodatum,
1281 4375 1518 4418 sursum
1549 4367 1648 4420 aut
1678 4359 1956 4420 deorsum
1984 4361 2140 4422 navi-

2230 4374 2287 4429 οὐ
2321 4375 2510 4450 μικρὰ)
2542 4372 2671 4428 αὐτὰ
2729 4372 3000 4450 συμφορὰν
3057 4373 3103 4428 oi
3162 4377 3258 4438 τῆς
3310 4374 3519 4437 πόλεως
3567 4374 3871 4436 ἐποιοῦντο.

495 4466 636 4527 gare
657 4449 758 4543 his
787 4447 1056 4543 obicibus
1083 4454 1363 4543 poterat;
1391 4446 1622 4543 idcirco
1681 4466 1801 4543 non
1859 4455 2137 4543 exiguum

2230 4471 2388 4520 Τοῦτο
2419 4463 2507 4518 οὖν
2538 4465 2565 4518 6
2593 4461 2815 4524 πάππας
2848 4461 2990 4534 αὖτῷ
3018 4459 3249 4538 διεγεῖτο
3281 4463 3376 4519 καῖ
3396 4462 3566 4521 δεῖται
3597 4466 3745 4543 παρὰ
3776 4465 3872 4530 τὴν

496 4538 600 4599 illa
619 4536 834 4631 civitati
858 4535 1280 4598 detrimentum
1316 4535 1838 4631 inferebant-Hoc
1857 4537 2036 4616 igitur
2056 4540 2139 4602 illi

2230 4554 2389 4610 τόπον
2418 4551 2683 4629 γενέσθαι,
2717 4555 2872 4625 κοινῇ
2900 4570 2956 4605 τε
2988 4555 3116 4606 πᾶσι
3141 4558 3234 4609 τοῦ
3259 4559 3392 4613 Θεοῦ
3415 4555 3532 4631 περὶ
3563 4551 3739 4611 αὐτῶν
3764 4551 3876 4608 δεο-

497 4625 754 4707 pontifex
790 4634 1045 4699 enarrat,
1073 4631 1358 4720 rogatque
1389 4643 1519 4686 sese
1549 4635 1612 4686 ut
1636 4625 1724 4720 ad
1754 4626 1948 4688 locum
1979 4631 2138 4690 reci-

2230 4644 2401 4720 μένοις
2433 4625 2784 4699 συλλαϐέσθαι
2815 4641 2900 4695 καὶ
2930 4641 3085 4696 αὑτὸν
3116 4643 3215 4707 τῆς
3266 4643 3459 4720 εὑχῆς,
3485 4625 3496 4631 ⁷
3517 4642 3874 4720 Κρουσθέντος

497 4718 638 4796 piat,
674 4715 978 4777 communi
1008 4715 1069 4776 in
1100 4714 1285 4777 Deum
1320 4715 1538 4776 fiducia
1566 4714 1844 4777 omnibus
1888 4727 2139 4782 conten-

2230 4734 2392 4792 τοίνυν
2423 4739 2514 4788 τοῦ
2546 4730 2719 4802 ξύλου,
2753 4729 2786 4796 ἥ
2815 4750 2874 4786 τε
2906 4731 3068 4792 πόλις
3100 4737 3247 4787 πᾶσα
3289 4734 3602 4810 συνήγοντο,
3637 4732 3877 4810 μοναχοί

496 4805 799 4885 dentibus,
835 4814 899 4866 ut
933 4813 992 4866 et
1023 4807 1098 4901 is
1121 4804 1318 4885 optata
1349 4804 1694 4901 perficeret.
1744 4804 1924 4868 Facto
1966 4808 2142 4888 igitur

2230 4845 2280 4880 τε
2311 4824 2398 4880 καὶ
2427 4825 2588 4901 ἱερεῖς
2620 4823 2710 4878 καὶ
2738 4821 2838 4876 ὑπὸ
2871 4819 3091 4898 λαμπρᾷ
3120 4826 3187 4896 τῇ
3220 4828 3409 4898 πομπῇ
3433 4804 3522 4882 καὶ
3551 4804 3767 4894 λιτανίᾳ
3789 4804 3878 4878 ἐπὶ

495 4897 970 4975 signo,universa
990 4894 1504 4969 civitas,monachi
1523 4894 1698 4956 simul
1720 4903 1779 4956 et
1799 4899 2140 4964 sacerdotes

2230 4917 2312 4972 τὸν
2342 4913 2582 4988 ποταμὸν
2603 4911 2895 4987 κατῄεσαν.
2932 4911 3306 4991 Διερχομένων
3363 4912 3416 4969 δὲ
3474 4913 3606 4991 γυνή
3661 4933 3747 4976 τις
3778 4911 3877 4969 ἀνὰ

494 4985 896 5064 confluebant,
929 5004 996 5048 ac
1027 4985 1554 5085 speciosaﬁpompa
1585 4983 2140 5085 supplicationeque

2230 5005 2320 5071 τὴν
2377 4983 2494 5059 ὁδὸν
2547 5003 2647 5079 πῦρ
2705 4983 2900 5060 ἔκαιεν.
2963 4983 3241 5064 Ἐκκλίιιας
3291 5003 3345 5058 δὲ
3405 4983 3592 5082 μικρὸν
3641 5007 3669 5061 6
3725 5005 3879 5085 ἅγιος

491 5077 565 5140 ad
579 5079 801 5172 flumen
817 5074 1759 5172 descenderunt.Procedentibus
1777 5089 1976 5139 autem
1995 5079 2134 5156 illis,

2230 5095 2352 5172 πρὸς
2410 5093 2572 5158 αὐτὴν
2621 5074 2899 5148 ⁷ἐπιδοῦναί
2957 5091 3002 5146 oi
3045 5090 3321 5168 ἀνθρακιὰν
3365 5074 3630 5149 ἐκέλευεν·
3710 5097 3746 5162 ἡ
3777 5074 3875 5170 '86,

494 5166 712 5229 mulier
739 5167 1009 5248 quaedam
1043 5166 1103 5225 in
1137 5165 1233 5226 via
1261 5164 1464 5243 ignem
1497 5164 1803 5226 accendit:
1858 5167 1930 5228 ad
1961 5187 2136 5249 quam

490 5256 586 5319 vir
614 5265 856 5320 sanctus
887 5255 1192 5336 paululum
1224 5272 1290 5315 se
1323 5253 1639 5329 inclinans,
1673 5255 1825 5316 tradi
1846 5256 1960 5319 sibi
1992 5277 2138 5338 pru-

492 5366 629 5409 nam
662 5348 998 5428 imperavit.
1029 5345 1135 5407 illa
1157 5345 1246 5422 (ad
1281 5345 1409 5424 ejus
1433 5343 1592 5406 enim
1615 5345 1798 5408 solius
1819 5346 2136 5428 imperium

492 5437 856 5508 attendebat)
893 5437 1161 5517 protinus
1192 5435 1456 5498 tradidit.
1507 5434 1593 5497 Ac
1641 5436 1741 5498 ille
1769 5435 1830 5497 in
1865 5438 2134 5518 pallium,

492 5547 613 5606 quo
635 5536 759 5590 erat
787 5527 1052 5607 indutus,
1087 5526 1379 5589 carbones
1398 5524 1891 5606 immisit,quibus
1917 5530 2137 5595 deinde

490 5619 630 5680 thus
660 5618 963 5699 imposuit.
994 5619 1078 5680 Ac
1107 5616 1196 5679 illi
1225 5615 1513 5698 deinceps
1542 5617 1702 5678 thuri
1729 5616 2135 5701 impositi,ad-

495 5705 851 5772 mirabiliter
872 5704 1164 5771 carbones
1191 5706 1428 5769 accensi
1446 5712 1638 5788 erant,
1663 5705 1860 5789 ipsum
1891 5708 2140 5776 adolen-

2221 5186 2353 5262 πρὸς
2384 5185 2544 5257 μόνον
2574 5182 2674 5259 γὰρ
2734 5180 2871 5258 ἐώρα
2929 5181 2989 5234 τὸ
3053 5179 3422 5262 κελευόμενον,
3489 5185 3634 5246 εὐθὺς
3689 5183 3877 5241 ἐπεδί-

2219 5272 2334 5332 δου.
2399 5273 2497 5330 Καὶ
2553 5272 2610 5334 ὃς
2668 5270 2740 5332 εἰς
2794 5271 2886 5325 τὸν
2946 5267 3177 5345 μανδύαν
3230 5271 3390 5351 ὅνπερ
3442 5273 3702 5353 ἠμφίεστο
3757 5276 3880 5340 τοῦς

2221 5362 2479 5440 ἄνθραγας
2538 5360 2822 5416 ἐπετίθετο·
2895 5359 3020 5416 εἶτα
3085 5358 3378 5418 λιϐανωτὸν
3450 5364 3632 5429 αὺτοῖς
3703 5364 3880 5422 ἐπιτί-

2219 5456 2364 5520 θησι,
2430 5452 2680 5510 Κάκεῖνοι
2744 5449 2931 5506 λοιπὸν
2996 5449 3328 5532 παραδόξως,
3402 5455 3532 5530 πρὸς
3607 5454 3706 5530 μὲν
3785 5457 3878 5510 τὸν

2217 5539 2508 5598 λιϐανωτὸν
2581 5538 2832 5615 ἄνθρακες
2896 5539 3028 5606 ἦσαν
3103 5540 3344 5606 καίοντες
3418 5544 3574 5599 αὑτὸν
3646 5544 3735 5600 καὶ
3803 5545 3878 5610 εἰς

2217 5633 2433 5688 κατινὸν
2484 5627 2806 5706 διαλύοντες,
2875 5631 3008 5708 πρὸς
3077 5627 3130 5686 δὲ
3203 5653 3263 5709 γε
3317 5631 3416 5700 τὴν
3460 5634 3602 5710 ἱερὰν
3633 5631 3880 5701 στολλὴν

2218 5721 2539 5804 ψυχρότεροι
2602 5718 2758 5777 λίθων
2814 5721 3080 5801 ἒωρῶντο.
3140 5721 3315 5780 Ταῦτα
3373 5726 3419 5782 οἱ
3476 5724 3636 5806 ἱερεῖς
3691 5723 3785 5780 καί
3848 5724 3878 5782 ὁ
