4136 6438
463 282 579 372 267
1771 289 2054 372 MENSIS
2093 301 2540 372 NOVEMBER.
3723 300 3840 378 268

455 440 651 507 rabat.
684 441 898 506 Postea
927 456 1065 505 vero
1098 458 1274 524 quam
1309 439 1634 522 Gregorius
1664 459 1782 504 una
1802 461 1933 504 cum
1972 442 2136 524 epi-.

2225 450 2424 500 Επειτα
2469 445 2558 500 καὶ
2615 443 2906 523 Γρηγορίου
2963 457 3083 510 τοῖς
3137 444 3447 512 ὶπισκόποις
3491 448 3846 509 συνεισελθόν-

460 528 664 613 scopis
695 531 1228 612 urbemingressus
1247 541 1358 605 est,
1391 531 1730 593 maximain
1758 532 1923 594 illum
1959 531 2120 612 regis

2221 554 2316 606 τος,
2353 536 2380 590 ὁ
2433 533 2682 608 βασιλεὺς
2741 535 2838 600 τήν
2887 535 3019 611 πρός
3080 535 3237 591 αὐτὸν
3271 533 3468 592 ἐδείκνυ
3526 537 3846 618 φιλοφροσύ-

462 619 781 684 hilaritatis
801 639 869 683 ac
894 621 1704 702 benevolentizesignilicatio
1729 621 2116 695 exstitit,nam

2221 645 2322 694 νην,
2383 624 2469 678 καὶ
2541 633 2634 682 τοῦ
2688 626 2872 694 θρόνου
2934 622 3220 688 ἐξαναστὰς
3293 623 3571 704 περιέϐαλέ
3641 647 3693 682 τε
3765 631 3848 684 καὶ

466 719 527 774 et
586 711 738 772 solio
801 723 1046 790 urgens,
1109 728 1247 772 eum
1307 710 1654 792 complexus
1717 710 2117 773 osculabatur.

2221 712 2593 783 ιατησπάζετο.
2662 705 2904 791 Ἠμερῶν
2962 711 3017 769 δέ
3075 736 3234 770 τινων
3304 713 3712 792 διαγενομένων,
3777 719 3848 779 εἷς

465 798 686 864 Verum
716 801 876 862 enim
902 818 1040 862 vero
1075 818 1208 861 cum
1229 799 1316 860 illi
1353 818 1468 860 non
1502 800 1718 861 multos
1740 809 1873 881 post
1901 801 2031 863 dies
2061 807 2120 862 in

469 896 734 951 mentem
759 888 1022 950 venisset
1044 905 1220 949 novas
1240 887 1653 950 sacerdotibus
1672 889 1836 967 leges
1867 889 2122 964 sancire,

469 997 602 1058 quae
628 978 812 1040 etiam
846 975 1101 1057 posteris
1131 985 1251 1038 tum
1289 983 1451 1057 tutae,
1487 985 1613 1038 tum
1651 978 1832 1040 utiles
1858 978 2130 1040 videren-

471 1076 592 1140 tur,
628 1067 1026 1148 patriarcham
1062 1075 1120 1128 et
1150 1084 1288 1129 eum
1321 1064 1519 1146 ipsum
1549 1066 1749 1128 divum
1777 1066 2127 1146 Gregorium

471 1157 825 1228 accersitos,
855 1157 1300 1218 communicato
1324 1155 1598 1230 consilio,
1622 1156 1763 1236 quid
1799 1157 1952 1218 facto
1981 1176 2132 1236 opus

473 1252 656 1321 esset,
687 1244 982 1307 consulit:
1019 1244 1122 1325 qui
1152 1263 1280 1307 rem
1314 1263 1572 1326 persane
1599 1245 1958 1308 laudabilem
1981 1247 2128 1322 fore,

471 1352 539 1396 ac
570 1343 733 1398 recte
764 1335 840 1397 de
869 1334 1164 1414 religione
1195 1335 1600 1398 sentientibus
1633 1337 1840 1399 utilem
1878 1337 2133 1398 affirma-

471 1436 638 1487 runt.
676 1425 840 1506 lique
860 1443 994 1487 cum
1018 1443 1249 1487 sacrum
1271 1425 1492 1506 jejunii
1519 1433 1750 1506 tempus
1769 1427 2128 1501 advenisset,

473 1515 632 1578 hanc
688 1515 1083 1596 provinciam,
1117 1521 1248 1596 ipso
1279 1533 1422 1594 rege
1477 1515 1538 1576 in
1569 1516 1889 1577 concilium
1925 1535 2128 1577 secum

473 1604 767 1681 adhibito,
799 1621 1148 1684 suscepere,
1192 1622 1491 1685 novasque
1522 1616 1585 1667 et
1617 1623 1814 1667 sacras
1857 1605 2018 1682 leges
2047 1604 2132 1667 illi

476 1703 828 1758 sanxerunt.

557 1781 684 1845 LX.
714 1781 952 1845 Interea
982 1800 1118 1844 vero
1172 1782 1492 1860 Gregorius
1522 1800 1834 1844 sermones
1863 1781 2135 1844 doctrina
2154 1769 2194 1819 Β

480 1890 549 1934 ac
603 1872 824 1952 pietate
852 1871 1128 1946 refertos,
1166 1871 1372 1952 plures
1422 1871 1609 1934 edidit
1641 1892 1654 1934 :
1711 1871 1860 1933 alios
1889 1872 2132 1953 quidem

482 1960 545 2023 in
598 1977 828 2023 sacram
878 1961 1092 2041 jejunii
1145 1959 1653 2037 observationem,
1691 1961 1839 2022 alios
1897 1963 1958 2022 in
2019 1964 2133 2022 l’e-

483 2059 641 2113 trum
693 2059 752 2112 et
780 2051 1112 2125 Andream,
1145 2068 1213 2112 ac
1259 2050 1461 2130 plures
1510 2050 1653 2112 item
1686 2051 1835 2112 alios
1885 2069 2134 2131 compo-

485 2139 642 2201 suit:
680 2138 781 2219 qui
814 2147 937 2202 tum
963 2138 1239 2212 artificio,
1267 2148 1390 2200 tum
1421 2138 1673 2201 utilitate
1707 2139 2030 2218 plurimum
2051 2141 2138 2202 illi

481 2228 674 2290 laudis
706 2229 1058 2291 attulerunt.
1090 2226 1203 2291 Ubi
1263 2246 1400 2289 vero
1430 2227 1672 2289 domum
1728 2229 2044 2291 discedere
2076 2230 2136 2290 in

485 2323 754 2380 animum
788 2319 1041 2398 induxit,
1077 2318 1300 2397 rogavit
1327 2318 1522 2379 locum
1556 2317 1671 2380 sibi
1719 2319 1776 2379 in
1832 2318 2139 2397 Agrigenti

488 2406 805 2475 civitate,in
830 2426 947 2488 quo
963 2405 1612 2487 episcopidomicilium
1632 2409 2143 2473 construeret.im-

486 2495 721 2576 pertiri.
756 2497 864 2559 Cui
896 2515 998 2558 rex
1032 2506 1308 2576 tanquam
1348 2501 1669 2576 acciperet,
1698 2516 1813 2558 non
1847 2508 2138 2576 erogaret,

485 2587 566 2647 ita
629 2593 902 2666 prompte
933 2604 1002 2647 ac
1034 2585 1309 2649 hilariter
1367 2586 1650 2664 elargitus
1682 2596 1792 2660 est,
1829 2596 1892 2647 ut
1946 2596 2144 2666 optata

484 2674 651 2737 illius
689 2694 1135 2757 supergressus,
1170 2673 1487 2736 dimidium
1527 2674 1611 2737 illi
1654 2676 1964 2755 Agrigenti
1996 2677 2141 2737 civi-

489 2765 626 2826 tatis
643 2766 780 2828 dari
806 2765 1082 2846 jusserit,
1120 2784 1238 2846 quo
1271 2783 1376 2844 pro
1409 2764 1578 2826 libito
1612 2765 2143 2829 uteretur.Deinde

482 2856 858 2935 amplexatus
889 2856 1426 2934 illum,rogansque
1456 2873 1532 2915 ne
1563 2855 1651 2917 sui
1684 2855 2142 2918 oblivisceretur

2209 808 2326 858 νοῦν
2386 805 2528 875 αὗτῷ
2586 801 2837 878 βάλλεται
2894 802 3042 866 νέους
3095 804 3226 881 πρὸς
3280 805 3386 859 τῶν
3446 804 3626 882 ἱερέων
3698 805 3850 862 εκτε-

2210 891 2359 956 θῆναι
2415 891 2664 966 κανόνας,
2713 905 2770 948 οῖ
2828 893 2915 949 καὶ
2971 905 3091 956 τοῖς
3154 893 3289 965 μετὰ
3337 900 3523 967 ταῦτα,
3572 896 3704 968 ὁμοῦ
3760 896 3852 970 μὲν

2211 979 2494 1058 ἀσφαλεῖς,
2556 983 2696 1054 ὁμοῦ
2752 979 2807 1036 δὲ
2869 983 2956 1037 καὶ
3009 979 3269 1060 ὠφέλιμοι
3329 980 3552 1048 δόξουσι.
3615 987 3714 1041 Τὸν
3771 985 3856 1041 οὖν

2211 1070 2555 1148 πατριάρχην
2642 1072 3160 1152 μεταπεμψάμενος,
3237 1073 3324 1127 καὶ
3398 1074 3555 1128 αὐτὸν
3635 1071 3700 1139 δὴ
3769 1075 3856 1130 τὸν

2213 1161 2359 1214 θεῖον
2417 1160 2729 1237 Γρηγόριον,
2790 1159 3187 1238 κοινολογεῖται
3247 1163 3366 1240 περὶ
3421 1169 3515 1218 τοῦ
3569 1164 3855 1239 προκειμέ-

2217 1265 2324 1302 νου·
2387 1261 2441 1304 οῖ
2473 1251 2562 1305 καὶ
2613 1249 2750 1305 πάνυ
2784 1251 3024 1328 χρηστὸν
3057 1251 3199 1308 εἶναι
3244 1256 3305 1306 τὸ
3356 1257 3576 1329 πρᾶγμα
3620 1251 3715 1308 καῖ
3745 1266 3858 1316 τοῖς

2215 1334 2507 1412 ὀρθοδόξοις
2592 1336 2862 1418 ὠφέλιμον
2952 1340 3221 1416 εἰρηκότες
3253 1387 3268 1413 ,
3353 1348 3446 1396 τοῦ
3545 1343 3686 1418 ἱεροῦ
3767 1347 3858 1408 τῆς

2216 1426 2462 1492 νηστείας
2525 1426 2916 1489 καταλαϐόντος
2971 1436 3179 1508 καιροῦ,
3231 1431 3326 1483 τοῦ
3396 1431 3558 1486 πόνου
3616 1430 3856 1509 εἴχοντο,

2217 1512 2813 1590 συνεπιλαμϐανομένου
2881 1516 3064 1579 αὐτοῖς
3120 1517 3208 1572 καὶ
3264 1519 3358 1574 τοῦ
3412 1517 3704 1595 βασιλέως.
3771 1521 3862 1575 Καὶ

2217 1602 2382 1666 οὕτως
2432 1607 2478 1660 οἱ
2537 1605 2635 1679 μὲν
2692 1606 2812 1669 τοὺς
2876 1605 3023 1670 νέους
3082 1608 3166 1664 καὶ
3221 1607 3389 1682 ἱεροὺς
3439 1609 3664 1671 κανόνας
3725 1608 3861 1666 Emi-

2214 1696 2414 1754 θενται.

2300 1773 2395 1836 Ξ’.
2452 1775 2514 1832 '0
2576 1771 2628 1830 δέ
2683 1795 2744 1852 γε
2801 1778 2945 1838 θεῖος
3003 1778 3294 1855 Γρηγόριος
3335 1778 3456 1842 τοὺς
3516 1774 3862 1854 δογματικοὺς

2217 1871 2324 1920 τῶν
2383 1863 2560 1941 λόγων
2597 1865 2896 1944 σοντάττει,
2931 1866 3049 1929 τοὺς
3083 1868 3154 1931 εἰς
3209 1868 3308 1934 τὴν
3339 1868 3491 1946 ἁγίαν
3549 1888 3870 1944 τεσσαρακο-

2219 1953 2376 2032 στήν,
2422 1955 2511 2008 καὶ
2563 1955 2688 2017 τοὺς
2739 1954 2810 2019 εἷς
2871 1954 3068 2031 Πέτρον
3123 1957 3261 2035 φημὶ
3321 1960 3407 2012 καὶ
3450 1954 3726 2036 Ἀνδρέαν,
3756 1978 3870 2011 συν.

2221 2044 2396 2110 τίθησι
2427 2040 2480 2097 δὲ
2514 2045 2599 2099 καὶ
2631 2042 2865 2106 πολλοὺς
2926 2045 3161 2120 ἐτέρους,
3199 2044 3310 2120 ἅμα
3341 2046 3442 2120 μὲν
3486 2047 3615 2124 πρὸς
3647 2046 3873 2125 τέχνην,

2219 2132 2334 2208 ἅμα
2379 2131 2552 2189 δὲκαὶ
2591 2135 2720 2210 πρὸς
2777 2132 3038 2213 ὠφέλειαν
3083 2134 3378 2195 ἐπαινετῶς
3438 2133 3696 2214 ἔχοντας.
3732 2135 3875 2192 Ἐπεὶ

2221 2221 2277 2278 δὲ
2329 2224 2546 2289 καὶτῆς
2599 2225 2730 2301 πρὸς
2761 2225 2826 2279 τὰ
2884 2225 3056 2280 οἰκεῖα
3109 2225 3370 2303 φερούσης
3419 2223 3676 2299 ἐμένητο,
3715 2223 3874 2301 ᾔτησε

2221 2313 2310 2368 τὸν
2385 2320 2673 2390 κρατοῦντα
2747 2313 2948 2392 χῳρίον
3006 2316 3149 2386 αὖτῷ
3205 2313 3258 2368 ἐν
3312 2314 3380 2389 τῇ
3454 2314 3875 2392 Ἀκραγαντίνων

2223 2400 2460 2481 δοθῆναι,
2495 2401 2549 2456 ὲν
2579 2403 2624 2476 ᾦ
2685 2405 2746 2457 τὸ
2799 2402 3150 2460 ἐπισκοπεῖω
3200 2401 3562 2476 οἰκοδομήσει,
3596 2406 3656 2460 Ὃ
3719 2404 3872 2480 βασι-

2224 2491 2342 2557 λεὺς
2417 2493 2529 2566 οὖν,
2599 2491 2777 2569 ὥσπερ
2835 2489 3122 2567 λαμϐάνων
3195 2490 3426 2573 μᾶλλον,
3486 2495 3608 2572 οὐχὶ
3681 2491 3869 2565 διδοὺς,

2225 2580 2365 2637 οὕτω
2418 2580 2698 2656 προθύμως
2768 2581 2877 2655 ἅμα
2935 2583 3020 2637 καὶ
3076 2579 3372 2660 φιλοτίμως
3432 2579 3643 2637 δίδωσιν
3704 2584 3865 2661 ὑπερ-

2222 2667 2318 2733 ϐὰς
2366 2672 2452 2726 καὶ
2479 2670 2578 2736 τὴν
2611 2669 2849 2736 αἴτησιν,
2917 2666 3108 2725 Δίδωσι
3140 2672 3239 2749 γὰρ
3270 2670 3412 2744 αὐτῷ
3458 2672 3519 2726 τὸ
3549 2669 3720 2746 ἥμισυ
3777 2676 3869 2739 τῆς

2226 2757 2654 2837 Ἀκραγαντίνων
2737 2758 2980 2833 πόλεως,
3071 2758 3304 2816 κελεύων
3388 2759 3534 2822 ὅπως
3630 2761 3872 2837 βούλοιτο

2226 2852 2485 2929 χρῆσθαι,
2557 2847 2692 2904 Εἶτα
2727 2849 2814 2904 καὶ
2870 2849 3235 2925 ἆστασάμενος
3292 2850 3450 2905 αὐτὸν
3484 2851 3574 2905 καὶ
3627 2851 3868 2931 αἰτήσας,

483 2961 640 3008 neve
672 2957 1014 3024 gravaretur
1046 2963 1151 3026 pro
1182 2963 1248 3006 se
1279 2946 1467 3006 Deum
1502 2947 1754 3025 precari,
1782 2946 2031 3009 dimisit.
2067 2954 2136 3008 At

2228 2942 2448 3014 μνήμης
2506 2959 2562 2994 τε
2607 2940 2696 2994 καὶ
2759 2939 2936 3018 εὐχῶν
2995 2946 3102 2994 τῶν
3148 2940 3278 3018 ὑπὲρ
3329 2941 3488 2997 αὖτοῦ
3542 2940 3621 3014 μὴ
3665 2940 3871 3018 ἀμελῶς

483 3052 623 3096 vero
680 3054 756 3098 ne
789 3036 996 3113 regina
1025 3033 1268 3115 quidem
1301 3034 1460 3096 circa
1507 3036 1697 3096 virum
1726 3047 1996 3098 sanctum
2047 3055 2142 3098 se-

2227 3029 2375 3109 ἔχειν
2427 3029 2652 3107 ἀφῆκεν.
2714 3026 2842 3088 Οὐδὲ
2893 3028 2922 3094 ἦ
2978 3029 3186 3105 βασιλὶς
3244 3029 3598 3108 ρᾳθυμότερόν
3640 3052 3691 3086 τι
3760 3032 3871 3108 περὶ

483 3123 664 3199 gnius
695 3126 908 3187 affecta
938 3128 1062 3186 visa
1094 3133 1204 3188 est.
1241 3126 1387 3187 Nam
1424 3134 1482 3187 et
1509 3123 1640 3206 ipsa
1671 3145 1804 3187 cum
1839 3125 2136 3195 didicisset

2229 3128 2321 3175 τόν
2383 3119 2534 3196 ἃγιον
2592 3117 2760 3198 ἐφάνη
2805 3116 3137 3193 διακειμένη·
3195 3117 3332 3174 ἀλλὰ
3381 3117 3475 3175 καί
3529 3120 3666 3186 αὒτὴ
3721 3118 3867 3197 ἄνδρα

487 3213 843 3292 Gregorium
899 3215 1160 3275 amicum
1193 3212 1315 3276 Deo
1373 3234 1440 3276 ac
1491 3215 1955 3294 perfamiliarem
1987 3235 2143 3293 esse,

483 3313 960 3366 consentaneam
1010 3303 1098 3364 illi
1154 3304 1551 3364 reverentiam
1606 3304 1841 3382 detulit,
1875 3323 1944 3366 ac
1974 3305 2146 3368 donis

486 3412 663 3472 quam
723 3393 916 3472 potuit
965 3391 1583 3471 magniﬁcentioribus
1627 3392 1932 3455 demereri
1976 3395 2141 3457 illum

484 3491 699 3543 conata
727 3491 839 3543 est.
867 3481 1244 3562 Quapropter
1276 3499 1556 3560 egressus
1585 3482 1735 3544 urbe
1765 3481 2136 3546 Constantini

481 3568 734 3632 Romam
768 3572 1069 3652 profectus
1100 3581 1210 3634 est.
1233 3569 1344 3633 Ubi
1364 3590 1397 3632 a
1425 3572 1708 3650 pontifice
1735 3592 1887 3636 max.
1925 3593 2135 3654 magna

481 3661 822 3722 reverentia
849 3669 1186 3741 susceptus,
1218 3660 1614 3742 Agrigentum
1649 3678 1769 3724 non
1799 3663 1980 3725 multo
2005 3673 2134 3744 post

480 3748 792 3828 adnavigat
842 3751 1082 3832 quicum
1128 3750 1244 3811 duo
1295 3751 1552 3826 diaconi,
1591 3758 1652 3812 ut
1705 3751 1764 3813 in
1821 3755 2130 3834 proprium

481 3836 651 3899 illum
677 3840 1082 3920 episcopatum
1114 3843 1522 3915 restituerent,
1553 3839 1720 3901 missi
1761 3853 1918 3904 sunt.
1945 3842 2130 3906 Porro

484 3935 545 3989 et
578 3927 706 3989 illic
739 3938 854 3990 tam
890 3930 1102 4008 ingens
1125 3929 1232 3990 viri
1263 3929 1452 3991 sancti
1485 3931 1640 4010 apud
1672 3949 1883 3993 omnes
1911 3934 2135 3996 conﬂa-

487 4023 579 4077 tur
636 4015 1033 4093 desiderium,
1069 4027 1131 4079 ut
1191 4018 1353 4079 illius
1385 4019 1600 4080 virtute
1651 4039 1768 4081 nun
1817 4021 2136 4084 obscurum

483 4105 891 4168 testimonium
948 4107 1222 4183 fecerint,
1273 4107 1411 4169 dum
1475 4108 1569 4189 pia
1621 4108 1789 4190 plebs
1841 4113 2134 4191 universa,

483 4206 854 4279 cunctusque
888 4199 1148 4278 populus
1183 4205 1348 4259 extra
1379 4198 1684 4261 civitatem
1733 4202 1980 4280 egressi,
2015 4211 2135 4264 tum

480 4283 778 4364 laudibus,
820 4295 940 4348 tum
995 4286 1181 4349 sacris
1227 4287 1630 4358 cantionibus,
1681 4299 1742 4350 ut
1799 4309 1918 4352 non
1964 4293 2137 4354 facile

485 4384 707 4454 quanta
722 4395 854 4437 cnm
881 4376 1182 4456 voluptate
1208 4376 1700 4452 dixeris,obviam
1723 4379 1809 4440 illi
1833 4381 2134 4460 prodiere.

2228 3211 2466 3284 μαθοῦσα
2529 3208 2620 3264 τὸν
2692 3206 2981 3287 Γρηγόριον
3049 3214 3125 3282 τῷ
3194 3213 3311 3282 Θεῷ
3379 3207 3857 3286 προσῳκειωμένον,

2227 3295 2384 3361 σέϐας
2420 3319 2472 3354 τε
2526 3299 2585 3353 τὸ
2636 3298 2910 3377 προσῆκον
2963 3297 3244 3374 ἀπονέμει,
3282 3299 3366 3354 καὶ
3421 3296 3602 3376 δώροις
3650 3301 3720 3362 ὡς
3748 3296 3856 3352 οἷόν

2226 3409 2283 3444 τε
2338 3387 2613 3467 θεραπεύει
2673 3385 3101 3467 μεγαλοψύχως.
3163 3385 3422 3452 Ἐξελθὼν
3482 3385 3536 3444 δὲ
3564 3387 3658 3455 τῆς
3715 3397 3860 3444 Κων-

2226 3478 2522 3557 σταντίνου,
2588 3479 2672 3534 καὶ
2730 3479 2830 3544 τὴν
2900 3479 3116 3554 Ῥώμην
3174 3474 3516 3553 καταλαϐὼν,
3575 3479 3663 3534 καὶ
3732 3474 3868 3553 παρὰ

2217 3573 2310 3622 τοῦ
2395 3567 2590 3623 πάππα
2662 3567 2758 3624 καΐ
2832 3569 2975 3632 αὖθις
3047 3563 3347 3642 σεϐασμὶως
3437 3566 3742 3646 ὑποδεχεὶς,
3799 3565 3868 3626 είς

2219 3656 2547 3735 Ἀκράγαντα
2621 3666 2948 3735 περαιοῦται.
3041 3655 3512 3730 Συνεκπέμπονται
3598 3654 3654 3711 δὲ
3726 3659 3866 3727 αὐτῷ

2217 3745 2310 3802 καί
2359 3744 2450 3804 δύο
2480 3750 2584 3802 τῶν
2641 3744 2922 3822 διακόνων,
2957 3748 3030 3811 ὡς
3082 3747 3155 3810 εἰς
3208 3746 3305 3813 τὴν
3351 3743 3482 3802 ἰδία-ι
3536 3748 3695 3806 αὐτὸν
3747 3744 3866 3802 ἐπι-

2220 3836 2430 3904 σκοπὴν
2542 3837 3011 3904 ¹ἆποκαταστνῖλσαι,
3101 3838 3302 3895 Γίνεται
3405 3835 3494 3892 οὖν
3579 3839 3610 3905 ἡ
3693 3837 3869 3893 ἐκεῖσε

2220 3936 2311 3985 τοῦ
2372 3928 2632 4005 μακαρίου
2688 3927 2858 4006 ἄφιξις
2916 3927 3054 3984 οὕτω
3098 3925 3299 4000 καλῶς,
3330 3927 3404 3991 ὡς
3461 3927 3535 3990 είς
3583 3928 3870 4005 μαρτύριον

2220 4016 2460 4096 γενέσθαι
2517 4021 2617 4083 τῆς
2677 4016 2871 4095 ἀρετῆς
2930 4016 3129 4073 ἐκείνου
3192 4017 3278 4072 καὶ
3336 4021 3436 4084 τῆς
3491 4019 3580 4073 τοῦ
3638 4014 3872 4086 πλήθους

2223 4105 2523 4185 φιλοθείας,
2583 4104 2675 4162 ἅτε
2727 4113 2820 4163 τοῦ
2877 4104 3009 4162 λαοῦ
3079 4107 3277 4168 παντὸς
3333 4109 3436 4184 πρὸ
3494 4112 3592 4173 τῆς
3662 4106 3873 4168 πόλεως

2224 4194 2639 4275 ἐξεληλυθότων,
2699 4195 2784 4251 καὶ
2841 4195 3086 4272 ψαλμοῖς
3145 4196 3256 4272 ἅμα
3307 4201 3394 4252 καὶ
3451 4199 3616 4276 ἱεροῖς
3672 4195 3875 4273 ᾆσμασι

2223 4284 2341 4362 μεθ’
2396 4283 2528 4352 ὅσης
2587 4287 2684 4342 οὐκ
2738 4283 2801 4340 ἂν
2861 4286 3037 4351 εἴποις
3083 4290 3181 4356 τῆς
3233 4283 3430 4355 ἡδονῆς
3484 4289 3584 4354 τὴν
3637 4287 3878 4354 ὑπαντὴν

2224 4378 2382 4433 αὐτοῦ
2411 4374 2743 4450 ποιουμένων
2755 4424 2768 4439 ,

569 4463 712 4526 LXI.
746 4464 896 4536 Quid
929 4465 1002 4526 ad
1036 4466 1160 4527 haec
1180 4466 1345 4528 divus
1364 4464 1688 4546 Gregorius
1713 4467 1737 4530 ?
1766 4469 1901 4530 illos
1931 4489 2136 4534 omnes

2304 4463 2444 4521 ΞΑ¹⁸
2505 4467 2564 4521 Τί
2595 4466 2684 4522 οὖν
2739 4468 2767 4522 ὁ
2796 4469 2940 4532 θεῖος
2998 4467 3290 4546 Γρηγόριος
3322 4484 3338 4542 ;
3369 4469 3502 4532 Τοὺς
3550 4468 3648 4544 μὲν
3677 4465 3876 4531 ἄλλους

484 4553 700 4615 osculo
735 4563 940 4616 sancto
968 4555 1308 4618 humaniter
1336 4556 1543 4634 ambit,
1568 4576 1636 4620 ac
1665 4559 1913 4638 singulis
1929 4579 2140 4622 manus

483 4641 832 4731 imponens,
895 4643 1047 4705 bene
1105 4643 1386 4706 omnibus
1436 4646 1810 4727 precabatur.
1860 4650 1936 4711 At
1991 4652 2139 4731 patri

486 4729 698 4794 obvius
744 4733 933 4796 factus
964 4735 1221 4815 primum
1275 4737 1518 4818 quidem
1569 4738 1698 4817 ejus
1756 4729 2008 4819 pedibus
2037 4759 2138 4803 se-

481 4821 679 4902 ipsutn
721 4823 966 4906 abjecit,
990 4844 1126 4887 mox
1154 4844 1499 4905 assurgens,
1518 4827 1901 4909 brachiisque
1917 4830 2137 4892 collum

487 4912 620 4992 ejus
640 4912 1525 4997 circumdans,amplexabatur:
1552 4926 1616 4978 ut
1638 4917 2144 4997 lacrymaautrius-

485 5019 600 5081 que
661 5002 850 5064 oculis
910 5001 1147 5081 elicitae,
1211 5005 1574 5085 agendarum
1633 5007 1758 5069 Deo
1815 5009 2139 5087 gratiarum

487 5092 888 5154 communiter
918 5095 1153 5157 occasio
1187 5095 1421 5158 ﬁerent.
1457 5097 1584 5158 Hoc
1615 5096 1807 5178 ipsum
1842 5117 1980 5179 erga
2009 5119 2140 5163 ma-

488 5188 638 5270 trem
669 5201 775 5242 usu
806 5182 920 5244 sibi
952 5185 1190 5248 venisse
1218 5185 1532 5266 comperit.
1564 5184 1786 5248 Verum
1817 5195 1973 5250 enim
2007 5192 2140 5270 ejus

487 5268 815 5350 discipulus
845 5281 990 5348 erat,
1021 5274 1119 5354 qui
1153 5285 1436 5354 parentes
1469 5292 1591 5355 pra:
1619 5276 1897 5338 omnibus
1929 5268 2138 5342 colen-

485 5357 594 5451 dos
626 5360 929 5451 praecepit.
954 5363 1205 5451 Demum
1232 5363 1442 5426 urbem
1483 5364 1942 5442 ingressus,non
1975 5369 2139 5451 prius

481 5448 854 5511 domicilium
888 5450 1080 5533 petiit,
1110 5472 1229 5514 non
1261 5453 1557 5533 templum
1591 5453 1796 5519 videre
1828 5448 2130 5536 sustinuit,

481 5553 595 5597 nec
648 5537 738 5598 vix
767 5539 1022 5602 alterum
1075 5543 1315 5604 oculum
1365 5543 1584 5621 adjecit
1619 5565 1633 5607 :
1665 5546 1771 5607 sed
1817 5548 2130 5612 confestim

2221 4557 2420 4618 πάντας
2491 4553 2752 4635 εμλήματί
2828 4577 2880 4612 τε
2937 4557 3072 4635 ἁγίῳ
3141 4555 3570 4637 φιλοφρονεῖται,
3630 4559 3724 4614 καὶ
3780 4558 3874 4620 τὰς

2221 4659 2414 4726 χεῖρας
2474 4646 2677 4710 ἐπιθείς
2754 4646 2982 4720 ἑκάστῳ,
3045 4647 3144 4714 τὴν
3220 4647 3462 4724 εὐλογίαν
3519 4645 3724 4703 δίδωσι·
3799 4647 3877 4721 τῷ

2220 4734 2275 4792 δὲ
2305 4737 2469 4815 πατρί
2523 4734 2827 4816 προσελθὼν
2894 4739 3077 4814 πρῶτα
3133 4735 3231 4812 μὲν
3288 4737 3411 4801 τοῖς
3464 4740 3618 4794 ποσὶν
3670 4737 3876 4794 ἐκείνου

2223 4826 2406 4882 ἑαυτὸν
2465 4824 2812 4901 καναϐἇλλει,
2852 4827 2977 4882 εἶτα
3018 4823 3301 4890 διαναστὰς
3358 4827 3448 4882 τὸν
3479 4825 3762 4907 τράχηλόν
3821 4846 3876 4881 τε

2221 4913 2527 4993 περιϐάλλει
2603 4918 2689 4972 καὶ
2772 4916 3190 4990 κατασπάζεται,
3269 4918 3344 4980 ὡς
3415 4917 3742 4995 ἀμφοτέροις
3815 4917 3879 4983 ἣ-

2223 5003 2379 5073 δονῆς
2438 5003 2660 5081 δάκρυον
2714 5011 2818 5062 τῶν
2874 5003 3160 5086 ὀφθαλμῶν
3219 5005 3470 5062 ἐκπεσεῖν
3537 5007 3626 5062 καὶ
3683 5006 3880 5072 κοινὴν

2225 5095 2464 5172 γενέσθαι
2525 5098 2656 5175 πρὸς
2729 5097 2859 5152 Θεὸν
2911 5097 3007 5163 τὴν
3067 5099 3433 5176 εὐχαριστίαν,
3494 5099 3565 5154 Τὸ
3628 5099 3761 5154 αὐτὸ
3822 5094 3879 5152 δὲ

2223 5185 2320 5241 mi‘
2391 5185 2476 5242 ἐπὶ
2530 5191 2600 5262 τῇ
2628 5187 2792 5265 μητρὶ
2845 5186 3067 5264 γίνεται.
3116 5187 3370 5254 Μαθητὴς
3399 5187 3504 5265 γὰρ
3532 5186 3598 5254 ἦν
3657 5185 3882 5253 ἀληθῶς

2221 5273 2423 5332 ἐκείνου
2494 5277 2588 5332 τοῦ
2656 5275 2861 5354 πατέρα
2931 5296 2988 5331 τε
3059 5277 3148 5332 καὶ
3231 5275 3440 5352 μητέρα
3523 5275 3880 5340 κελεύσαντος

2221 5362 2575 5444 διαφερόντως
2631 5370 2811 5440 τιμᾷν,
2870 5364 3011 5422 Εἶτα
3078 5365 3170 5431 τὴν
3231 5364 3386 5423 πόλιν
3445 5366 3714 5440 εἰσελθὼν,
3784 5368 3884 5423 οὐκ

2219 5457 2290 5521 εἰς
2351 5456 2411 5510 τὸ
2443 5454 2791 5512 ἐπισκοπεῖον
2848 5454 3094 5531 ἀνῆλθεν,
3130 5452 3248 5512 οὐδὲ
3293 5457 3352 5512 τὸ
3404 5457 3528 5511 ναὸν
3587 5455 3876 5528 ἐθεάσατο,

2216 5548 2321 5625 οὐχ,
2377 5545 2540 5621 ἑτέρῳ
2607 5547 2710 5601 τινὶ
2765 5543 2962 5626 σχεδὸν
3019 5545 3110 5601 τὸν
3169 5542 3318 5622 ὄμμα
3390 5543 3669 5620 Ιιπέεαλεν,
3731 5543 3879 5604 ἀλλὰ

483 5623 716 5720 abiens,
754 5627 1204 5696 tabernaculum
1254 5650 1428 5697 suum
1461 5651 1631 5696 muro
1676 5645 1912 5722 septum
1969 5649 2130 5705 extra

2221 5623 2457 5698 ἀπελθὼν
2500 5634 2712 5716 εὐθέως,
2746 5623 2976 5717 πήγνυσι
3029 5635 3126 5707 τὴν
3183 5636 3342 5696 αὐτώ
3390 5635 3596 5708 σκηνὴν
3629 5633 3725 5704 ἔξω
3774 5642 3874 5702 τοῦ
