4136 6428
333 302 460 366 269
1533 303 2000 380 MARTYRIUM
2055 317 2114 380 s.
2161 305 2562 377 MERCUBII.
3618 308 3740 383 270

332 437 620 496 εὶδωλικοῦ
683 449 806 498 ναοῦ
858 441 1097 521 ἐχόμενα
1167 450 1257 500 τοῦ
1326 445 1562 524 τείχους,
1639 450 1725 504 καὶ
1768 449 1834 516 ἧν
1877 449 1975 505 ἐκε·

2076 447 2535 508 simulacrorum
2567 445 2863 525 templum
2897 447 3045 518 ﬁxit,
3080 447 3182 509 ubi
3215 467 3348 510 cum
3387 451 3728 514 multitudi-

330 527 756 599 διανυκτερεύων
825 533 912 587 καὶ
989 535 1424 612 προσεϋχόμενος
1509 537 1599 591 σὺν
1684 541 1840 596 παντὶ
1921 546 1975 613 τιξ

2084 557 2158 598 ne
2192 537 2251 598 in
2279 554 2485 614 preces
2509 536 2882 608 incumbens,
2912 537 3043 616 vigil
3080 539 3728 617 pernoctabat.Deinde

331 618 552 688 πλήθει-
625 619 766 676 Εἶτα
827 621 1107 677 ἀντίτυπον
1177 623 1440 700 τραπέζης
1488 625 1637 702 ἁγίας
1681 627 1992 706 σχεδιάσας,

335 711 406 771 ὼς
435 710 570 788 εἶχε
603 711 700 765 τὸν
731 711 904 784 τίμιον
938 710 1116 766 ἐκεῖσε
1173 714 1395 790 σταυρὸν
1457 713 1676 790 ἆνυψοϊ.
1733 719 1828 774 Καὶ
1859 717 1997 774 οὕτω

336 801 457 863 ταῖς
516 801 657 877 πρὸς
713 802 844 855 Θεὸν
903 814 1237 881 προσευχαῖς
1294 803 1414 867 τοὺς
1471 811 1548 878 τῷ
1597 803 1853 878 εἰδωλικῷ
1886 809 1995 880 ναῷ

329 886 711 966 ἐφεδρευόντας
784 888 1033 964 δαίμονας
1108 889 1379 968 ἐξελάσας,
1453 891 1838 969 ἀνῳκοδόμησε
1905 897 1992 952 καὶ

326 980 736 1053 περιεκόσμησε
821 983 909 1036 τὸν
997 981 1144 1054 ναὸν,
1232 984 1318 1038 καὶ
1405 981 1569 1058 ὄνομα
1659 988 1800 1060 αἶ)τῴ
1885 995 1990 1043 τῶν

327 1071 602 1147 μεγίστων
679 1072 768 1126 καὶ
833 1071 1129 1150 κορυφαίων
1201 1072 1456 1140 ἐπέθηκεν
1526 1075 1862 1150 ἀποστόλων,
1936 1078 1989 1132 ἐν

332 1165 377 1232 ᾧ
429 1162 515 1215 καὶ
576 1161 676 1222 τας
737 1161 995 1234 μυστικὰς
1054 1161 1292 1218 ἒπετέλει
1322 1160 1589 1244 λατρείας,
1626 1166 1712 1221 καὶ
1745 1164 1988 1243 γλῶτταν

329 1251 438 1324 ἅμα
468 1252 563 1306 καὶ
608 1263 778 1328 χεῖρα
839 1248 1096 1325 δαψηλῶς
1153 1251 1402 1329 ἀνοίγων,
1464 1255 1552 1309 καὶ
1608 1252 1776 1319 διδοὺς
1833 1254 1988 1333 ἄρτον

322 1340 417 1395 τᾶν
485 1341 587 1402 τὰς
661 1336 874 1414 καρδίας
947 1341 1260 1410 στηρίζοντα
1330 1343 1416 1397 καὶ
1484 1342 1730 1418 αγγὲλων
1775 1342 1987 1411 ἀληθῶς

322 1429 485 1505 ἄρτον
561 1429 692 1484 ὄντα
763 1451 820 1485 τε
890 1431 974 1484 καθ
1049 1430 1441 1504 ὀνομαζόμενον
1512 1433 1596 1488 καὶ
1640 1438 1745 1489 τῶν
1807 1436 1987 1512 tiu-A31;

322 1519 639 1574 πεινώντων
708 1517 1059 1593 ἐμπιπλῶδτα
1143 1521 1229 1575 καὶ
1301 1518 1366 1575 δι’
1441 1520 1755 1601 ἀμφοτέρων
1826 1527 1985 1600 θερα-

321 1610 508 1664 πεύων
540 1610 634 1664 τὸν
667 1609 948 1667 κτίσαντα.

415 1698 504 1756 Ἐν
535 1700 744 1760 τούτοις
778 1700 934 1755 αὐτοῦ
991 1698 1372 1774 διαπρέποντος
1428 1702 1516 1756 καὶ
1581 1700 1746 1758 καλοῦ
1788 1704 1982 1767 παντὸς

2081 625 2327 687 caleste
2361 624 2720 699 convivium,
2769 637 2945 706 prout
2994 629 3205 708 potuit,
3256 639 3722 711 reprasentans,

2080 715 2478 776 venerandam
2513 715 2631 777 illic
2662 734 2899 777 crucem
2933 717 3146 780 erexit.
3183 719 3385 799 Itaque
3431 719 3725 783 damoni-

2079 805 2214 884 bus,
2246 806 2344 885 qui
2375 804 2832 868 simulacrorum
2868 807 3091 886 templo
3139 808 3568 891 praesidebant,
3611 812 3725 890 piis

2077 914 2216 974 erga
2251 898 2434 958 Deum
2466 893 2747 976 precibus
2774 895 3124 977 proﬂigatis,
3178 897 3464 977 templum
3501 901 3720 963 readi-

2077 984 2290 1061 ﬁcavit,
2327 1003 2393 1045 ac
2425 983 2698 1064 plurimis
2728 985 3096 1048 ornamentis
3122 987 3426 1060 decorato,
3461 989 3516 1050 ei
3545 990 3724 1052 maxi-

2078 1093 2306 1135 morum
2331 1093 2398 1135 ac
2426 1073 2757 1154 principum
2784 1075 3189 1154 apostolorum
3215 1077 3676 1142 nomenindidit
3703 1101 3720 1156 ;

2071 1171 2134 1226 et
2164 1163 2224 1224 in
2257 1181 2373 1243 quo
2407 1161 2654 1243 mystica
2683 1164 2976 1226 sacriﬁcia
3008 1165 3316 1240 offerebat,
3352 1166 3613 1248 linguam
3642 1169 3723 1230 si-

2073 1255 2192 1317 mul
2227 1264 2284 1316 et
2314 1274 2553 1317 manum
2591 1255 2839 1335 opipare
2870 1257 3173 1336 aperiens,
3207 1259 3603 1341 prabensque
3623 1280 3722 1340 pa-

2069 1362 2232 1418 nem,
2267 1363 2382 1424 quo
2413 1344 2594 1405 corda
2623 1345 2974 1406 reﬁciuntur
3001 1366 3016 1422 ;
3050 1365 3290 1428 panem,
3324 1349 3593 1429 inquam,
3619 1349 3722 1432 qui

2070 1451 2132 1494 re
2159 1433 2338 1494 simul
2364 1441 2422 1494 et
2447 1433 2692 1495 nomine
2711 1435 3056 1512 angelorum
3083 1436 3546 1516 dicitur,panem
3577 1457 3719 1502 esu-

2072 1523 2295 1584 rientes
2316 1521 2546 1584 animas
2577 1531 2970 1604 saturantem,
3005 1525 3284 1606 utrinque
3309 1527 3510 1588 mundi
3535 1525 3720 1591 Crea-

2072 1621 2260 1674 torem
2296 1612 2717 1674 venerabatur.

2150 1704 2212 1761 ln
2247 1701 2339 1762 his
2368 1710 2565 1763 autem
2621 1701 2723 1763 ille
2777 1702 3043 1764 honestis
3106 1705 3373 1767 moribus
3430 1725 3500 1769 ac
3554 1714 3720 1771 recte

337 1793 456 1845 οἷον
483 1788 786 1867 ἄρχετυπον
857 1791 950 1844 τὸν
1024 1788 1211 1847 ἑαυτοῦ
1277 1790 1644 1868 προστιθέντος
1702 1792 1814 1867 βίον
1843 1795 1975 1849 imo-

2069 1791 2243 1852 factis
2277 1809 2684 1872 perseverans,
2720 1791 2901 1854 vitam
2934 1811 3100 1854 suam
3150 1793 3354 1857 decori
3386 1814 3456 1858 ac
3481 1795 3720 1862 honesti

346 1881 516 1951 μονῆς
570 1899 624 1932 τε
681 1880 766 1934 καὶ
826 1881 1190 1956 μακροθυμίας
1259 1881 1424 1954 μέτρα
1493 1877 1854 1960 διδάσκοντος,
1901 1880 1979 1937 ἔτι

346 1966 400 2022 δὲ
472 1969 560 2023 καὶ
626 1974 928 2044 πειρασμῶν
1001 1970 1090 2024 καὶ
1155 1970 1429 2047 καρτερίας
1499 1976 1576 2041 τῷ
1605 1969 1723 2026 καθ’
1795 1972 1980 2026 ἑαυτὸν

337 2054 700 2133 ὑποδείγματι,
759 2057 815 2112 ὲν
874 2063 1004 2113 πᾶσι
1049 2056 1243 2122 καλοῖς
1283 2057 1584 2115 κατακλείει
1627 2061 1718 2115 τὸν
1750 2059 1862 2134 βίον
1891 2061 1978 2116 καὶ

326 2147 464 2223 πρὸς
522 2148 611 2201 τὸν
673 2147 994 2218 ποθούμενον
1053 2148 1278 2224 Χριστὸν
1349 2146 1604 2228 ἑκδημεϊ,
1673 2150 1719 2221 ᾦ
1787 2147 1976 2227 πρέπει

317 2235 480 2313 τιμὴ,
531 2233 678 2311 δόξα,
739 2234 1080 2311 μεγαλοσύνη
1156 2257 1209 2290 τε
1280 2237 1367 2292 καὶ
1412 2236 1844 2315 μεγαλοπρέπεια
1888 2244 1976 2292 νῦν

316 2327 404 2380 καὶ
433 2325 508 2387 εἷς
536 2326 664 2388 τοὺς
695 2326 891 2389 αἰῶνας
922 2331 1030 2380 τῶν
1060 2325 1288 2386 αἰώνων.
1325 2323 1523 2400 Ἀμήν.

2067 1888 2346 1961 tanquam
2403 1880 2711 1959 exemplar
2759 1880 3074 1962 exhibens,
3122 1883 3384 1946 lenitatis
3438 1888 3620 1950 animi
3649 1906 3720 1952 ac

2067 1971 2384 2050 patientia,
2421 1970 2574 2032 addo
2607 1971 2782 2032 etiam
2816 1971 2876 2031 in
2901 1972 3166 2034 adversis
3211 1975 3562 2050 tolerantia,
3609 1995 3718 2040 suo

2063 2059 2249 2138 ipsius
2279 2060 2638 2121 documento
2672 2061 2862 2138 legem
2914 2060 3194 2122 omnibus
3225 2063 3459 2127 indixit.
3496 2065 3718 2146 Sicque

2061 2147 2274 2211 diebus
2301 2167 2369 2209 ac
2399 2148 2716 2211 virtutibus
2747 2157 2978 2229 auctus,
3016 2150 3249 2212 mortali
3280 2151 3400 2214 vita
3463 2155 3712 2234 perfun-

2061 2247 2212 2325 ctus,
2249 2237 2319 2325 ad
2380 2237 2818 2317 optatissimum
2868 2237 3166 2302 Christum
3214 2241 3492 2321 emigrit:
3530 2263 3711 2325 quem

2061 2323 2232 2386 decet
2251 2324 2682 2405 honor,gloria,
2696 2328 2972 2406 majestas
2997 2333 3057 2388 et
3076 2323 3712 2408 magniﬁcentia,nunc

2061 2422 2120 2475 et
2149 2413 2209 2475 in
2242 2414 2462 2476 sacula
2491 2415 2873 2480 saculorum.
2908 2418 3123 2481 Amen.

1639 2726 2397 2836 CERTAMEN

706 2987 860 3136 S.
1009 2985 2094 3131 MARTYRIS
2247 2984 3342 3137 MERCURII.

856 3256 975 3328 (Ap.
999 3253 1208 3311 Snrium
1240 3251 1300 3309 ad
1333 3252 1464 3310 diem
1492 3253 1566 3312 25
1595 3251 1928 3324 Novembris;
1963 3260 2135 3310 textus
2165 3251 2373 3310 Gracus
2405 3270 2505 3310 non
2539 3262 2711 3314 exstat
2743 3257 2794 3314 in
2825 3273 2954 3314 mss.
2987 3257 3174 3326 Paris.)

391 3575 442 3638 ι.
467 3571 818 3654 lmperante
851 3569 958 3632 illo
991 3576 1263 3648 tempore
1291 3566 1470 3656 Decio
1495 3564 1890 3630 etValeriano
1908 3566 1966 3628 in
1987 3577 2026 3628 C
2047 3566 2152 3647 jici
2188 3570 2247 3629 in
2281 3569 2535 3651 vincula,
2569 3569 2787 3634 deinde
2819 3572 2999 3634 variis
3022 3573 3341 3656 tormentis
3366 3573 3613 3656 subjici.
3646 3585 3709 3642 et

327 3681 535 3741 magna
555 3661 700 3724 urbe
737 3659 932 3722 Roma
954 3657 996 3719 ii
1018 3655 1586 3719 communidecreto
1610 3664 1968 3731 statuerunt,
2055 3658 2105 3718 si
2136 3657 2223 3719 sic
2257 3658 2499 3735 quidem
2534 3659 2715 3722 fuerit
2739 3679 3080 3742 persuasus,
3117 3683 3236 3726 non
3266 3664 3431 3727 leves
3463 3655 3498 3727 a
3533 3667 3710 3729 nobis

333 3765 401 3813 ut
431 3770 629 3812 omnes
653 3750 1068 3813 sacriﬁcarent
1098 3753 1156 3808 et
1182 3745 1297 3807 diis
1322 3746 1605 3809 libarent.
1640 3745 1971 3808 Convocato

330 3858 470 3919 ergo
500 3849 615 3903 toto
644 3849 880 3914 senatu,
911 3839 967 3900 ei
1003 3844 1432 3916 exposuerunt,
1486 3854 1619 3916 qua
1669 3835 1973 3898 communi

317 3949 614 3992 consensu
647 3948 681 3990 a
712 3948 780 3990 se
810 3929 1057 3990 decreta
1087 3926 1366 3987 fuerant:
1400 3933 1458 3987 et
1502 3943 1636 3986 cum
1671 3943 1774 3987 eos
1806 3927 1972 3987 inve-

312 4021 547 4082 nissent
569 4037 693 4080 sua
718 4016 998 4080 assentiri
1021 4016 1354 4088 sententia,
1378 4033 1592 4093 magna
1612 4014 1809 4077 affecti
1833 4022 1971 4075 sunt

307 4110 537 4172 latitia.
576 4108 790 4172 Statim
827 4127 971 4186 ergo
1002 4105 1218 4168 litteris
1239 4103 1642 4185 imperatoriis
1664 4121 1796 4165 cum
1818 4102 1966 4164 sub-

301 4199 640 4280 scriptione
672 4207 936 4278 senatus,
961 4196 1273 4275 jusserunt
1292 4211 1361 4257 ea
1385 4193 1773 4274 exponi,qua
1796 4210 1965 4254 com-

299 4293 575 4354 muniter
606 4290 696 4350 eis
742 4289 867 4351 visa
925 4289 1160 4350 fuerant
1216 4295 1274 4349 et
1331 4285 1587 4366 proponi
1643 4282 1958 4364 Capitolio,

293 4400 555 4465 quarum
591 4380 707 4440 hoc
743 4387 833 4440 est
863 4377 1203 4453 exemplum
1237 4393 1250 4438 :

381 4469 790 4550 Imperatores
823 4467 1323 4546 triumphatores,
1371 4464 1651 4538 victores,
1685 4461 1962 4544 Augusti,

293 4561 380 4642 pii
412 4558 644 4621 Decius
674 4566 734 4619 et
761 4554 1115 4619 Valerianus
1172 4553 1350 4616 simul
1398 4573 1533 4642 cum
1580 4562 1790 4642 senatu
1835 4552 1962 4614 hac

297 4641 621 4713 communi
651 4645 904 4710 consilio
934 4664 948 4708 :
981 4644 1128 4706 Cum
1161 4646 1409 4707 deorum
1443 4641 1738 4704 beneﬁcia
1760 4649 1818 4703 et
1839 4659 1964 4701 mu-

298 4758 446 4802 nera
469 4738 892 4813 didicerimus,
915 4744 976 4798 et
998 4733 1176 4796 simul
1198 4733 1375 4795 etiam
1401 4732 1675 4794 fruamur
1693 4732 1960 4810 victoria,

301 4849 434 4912 qua
464 4828 644 4891 nobis
670 4826 748 4889 ab
799 4825 946 4905 ipsis
994 4824 1131 4886 data
1177 4832 1268 4886 est
1311 4823 1598 4884 adversus
1639 4821 1956 4912 inimicos:

2054 3747 2316 3808 honores
2347 3759 2770 3826 consequetur.
2833 3751 2939 3814 Sin
2998 3761 3195 3815 autem
3255 3756 3706 3832 contradixerit,

2056 3845 2186 3914 post
2219 3837 2404 3898 multa
2436 3847 2755 3919 tormenta,
2789 3859 2931 3902 ense
2954 3841 3183 3904 subibit
3211 3843 3707 3924 supplicium,aut

2052 3925 2113 3985 in
2150 3926 2327 3987 maris
2351 3927 2705 4006 profundum
2731 3929 3348 4008 jacietur,autavibus
3374 3942 3432 3995 et
3457 3934 3706 3997 canibus

2056 4013 2289 4076 dabitur
2320 4013 2729 4078 devorandus:
2773 4018 3073 4099 pracipue
3104 4038 3243 4082 vero
3277 4021 3327 4082 si
3359 4021 3576 4085 fuerint
3605 4024 3704 4085 in-

2050 4102 2216 4164 venti
2247 4103 2428 4184 aliqui
2457 4124 2523 4165 ex
2544 4105 2837 4182 religione
2861 4106 3480 4184 Chrislianorum.Qui
3503 4121 3702 4175 autem

2052 4193 2268 4254 divinis
2296 4195 2511 4256 nostris
2539 4195 2796 4256 decretis
2819 4195 3482 4272 oliedierintnnaximos
3508 4203 3702 4263 hono-

2047 4301 2146 4344 res
2177 4291 2234 4343 et
2263 4282 2418 4344 dona
2451 4291 2917 4364 consequentur.
2947 4283 3154 4347 Valete
3188 4286 3556 4351 felicissime.

2126 4371 2198 4432 Il.
2233 4371 2542 4452 Proposito
2575 4390 2714 4451 ergo
2747 4372 2943 4436 edicto
2975 4375 3389 4456 imperatorio,
3444 4384 3698 4439 contur-

2046 4461 2177 4524 bata
2209 4461 2314 4522 fuit
2345 4470 2463 4523 tota
2493 4462 2722 4537 civitas,
2759 4463 2916 4542 quod
2949 4464 3009 4525 in
3055 4472 3176 4526 tota
3225 4465 3464 4528 civitate
3495 4466 3703 4529 fuisset

2046 4562 2404 4631 propositum
2438 4561 2680 4631 impium
2715 4561 2825 4619 hoc
2855 4564 3128 4620 edictum.
3158 4563 3378 4622 Accidit
3400 4573 3591 4622 autem
3613 4576 3704 4631 ut,

2044 4661 2178 4704 cum
2212 4641 2316 4702 illo
2340 4651 2606 4722 tempore
2638 4640 2865 4704 bellum
2890 4643 3447 4707 fuissetaBarbaris
3472 4653 3698 4708 motum

2043 4732 2326 4792 adversus
2357 4729 2676 4803 Romanos,
2740 4742 3019 4812 pararent
3071 4733 3466 4814 imperatores
3517 4753 3695 4798 suum

2045 4821 2394 4895 exercitum,
2422 4827 2485 4880 ut
2515 4820 2640 4880 acie
2671 4839 2809 4882 cum
2844 4823 2930 4884 eis
2963 4824 3384 4903 confligerent,
3417 4823 3702 4904 jubentes

307 4909 450 5000 quin
473 4920 657 4981 etiam
685 4916 848 4978 aeris
873 4913 1331 4994 temperatione,
1355 4921 1413 4974 et
1436 4929 1615 4973 omne
1635 4929 1823 4991 genus
1849 4910 1960 4972 fru-
1980 4933 2031 4988 ο
2047 4911 2318 4972 numeris
2343 4909 2728 5000 militum,qui
2753 4918 2924 5000 erant
2949 4917 3006 4972 in
3033 4912 3314 4974 omnibus
3336 4913 3694 4990 civitatibus,

313 4998 509 5071 ctuum
535 5005 934 5070 abundantia.
956 5006 1103 5066 Cum
1130 5022 1232 5065 eos
1255 5021 1396 5082 ergo
1421 5000 1810 5062 didicerimus
1833 5019 1964 5065 esse
2051 5010 2111 5061 ut
2143 5000 2416 5062 venirent
2441 4999 2500 5059 in
2524 4999 2833 5061 auxilium.
2863 4998 2944 5062 Ex
2966 5001 3038 5062 iis
3063 5010 3286 5083 autem,
3323 5003 3423 5082 qui
3443 5002 3518 5063 ab
3547 5021 3700 5064 una-

316 5098 732 5162 benefactores
763 5102 823 5156 et
852 5113 924 5156 ea
954 5093 1340 5174 suppeditare
1371 5109 1503 5172 qua
1530 5098 1670 5152 sunt
1701 5091 1761 5151 in
1794 5110 1962 5152 com-
2048 5108 2281 5170 quaque
2304 5089 2540 5151 civitate
2565 5098 2620 5150 et
2642 5089 2887 5167 regione
2918 5091 3234 5152 veniebant
3268 5091 3340 5152 ad
3374 5091 3534 5154 hunc
3558 5091 3700 5154 belli

316 5208 494 5252 mune
525 5188 734 5251 utilia:
765 5203 838 5248 ea
860 5185 936 5246 de
956 5201 1132 5245 causa
1159 5201 1275 5245 uno
1291 5182 1533 5243 decreto
1557 5180 1962 5257 decernimus,

309 5290 370 5341 ut
396 5284 595 5342 omnis
626 5275 897 5340 conditio
924 5272 1246 5334 liberorum
1280 5279 1339 5332 et
1367 5269 1962 5344 servorum,militum

307 5380 362 5431 et
390 5369 788 5452 privatorum,
825 5363 946 5426 diis
978 5360 1285 5452 expiantia
1337 5360 1592 5452 offerant
1647 5359 1961 5452 sacriﬁcia,

305 5448 688 5542 procidentes
713 5467 776 5521 et
801 5449 1319 5542 supplicantes.
1336 5451 1468 5531 quis
1489 5457 1688 5542 autem
1715 5448 1968 5542 voluerit

307 5539 555 5615 divinum
591 5560 872 5614 nostrum
924 5545 1164 5624 jussum
1209 5541 1457 5613 violare,
1497 5539 1600 5620 qui
1659 5540 1967 5602 communi

301 5643 584 5712 sententia
611 5652 705 5708 est
726 5659 764 5704 a
789 5633 980 5701 nobis
1005 5630 1329 5714 expositus,
1359 5647 1495 5696 eum
1521 5628 1810 5714 iubemus
1827 5650 1968 5699 con-

2047 5178 2588 5259 apparatum,venit
2610 5179 2786 5239 etiam
2813 5179 2966 5258 legio
2984 5198 3192 5242 eorum
3215 5179 3318 5260 qui
3350 5179 3702 5243 dicebautur

2046 5266 2378 5330 Martenses
2405 5268 2514 5346 [αι.
2541 5267 2912 5349 Fretenses],
2947 5269 3049 5350 qui
3080 5277 3218 5331 sunt
3245 5269 3354 5330 sub
3386 5269 3578 5350 prima
3598 5269 3705 5331 Ar.

2049 5359 2269 5432 menia,
2295 5357 2404 5418 sub
2429 5357 2670 5420 tribuno
2695 5359 2938 5420 nomine
2962 5359 3312 5422 Saturnino.
3338 5358 3702 5438 Egrediente

2048 5456 2244 5509 autem
2260 5446 2332 5508 ad
2351 5445 2576 5508 bellum
2596 5448 3065 5528 Decio,degebat
3087 5449 3292 5511 Roma
3315 5447 3696 5512 Valerianus.

2050 5538 2378 5601 Commisso
2403 5553 2546 5598 vero
2569 5535 2728 5598 inter
2749 5536 2795 5598 Β
2810 5548 3122 5600 )manoset
3145 5537 3438 5600 Barbaros
3470 5537 3696 5618 pralio,

2050 5626 2283 5693 duravit
2313 5627 2624 5693 conﬂictus
2653 5629 2830 5713 longo
2869 5636 3162 5712 tempore.
3198 5626 3699 5695 Pernianentibus
