4136 6430
303 401 427 468 273

1495 401 1971 466 MARTYRIUM
2015 401 2076 465 S.
2119 402 2521 466 MERCURII.

3629 407 3710 478 74

307 533 614 597 confessus
661 533 792 615 ipse
817 537 984 595 enim
1020 539 1212 615 potest
1242 539 1298 596 te
1345 531 1645 597 redimere
1677 552 1746 598 ex
1801 537 2023 599 omnia
2049 534 2252 599 fuisset
2282 534 2522 618 quidem
2552 541 2803 600 tactum.
2835 532 2992 599 Dixit
3019 534 3282 606 Decius:
3329 539 3433 606 Est
3457 545 3704 610 omnino

303 625 649 688 atllictione.
683 625 932 686 Visione
962 631 1159 687 autem
1189 623 1383 705 angeli
1415 623 1583 686 valde
1613 625 1723 688 fuit
1757 629 1971 689 conﬁr-

314 723 519 776 matus.

391 805 487 867 Vl]
505 848 518 862 .
551 802 661 864 Die
683 821 823 865 vero
847 803 1126 884 sequenti
1149 822 1282 865 cum
1311 804 1688 883 praesedisset
1715 806 1966 886 impera-

307 904 400 956 tor
427 895 488 954 in
525 893 847 975 tribunali,
869 894 1052 974 jussit
1103 913 1240 956 eum
1273 893 1422 968 sisti,
1455 903 1511 955 et
1539 895 1681 955 dicit
1712 896 1767 956 ei
1795 918 1807 959 :
1858 898 1966 959 Hic

302 986 494 1045 honor
528 995 584 1044 te
615 984 795 1046 decet
830 993 1072 1064 propter
1110 996 1271 1044 tuum
1306 983 1630 1064 pessimum
1674 986 1964 1050 animum.

304 1075 457 1138 Dixit
483 1082 711 1154 martyr
739 1095 753 1134 :
784 1077 876 1135 Me
908 1075 1083 1135 decet
1106 1073 1203 1134 hic
1236 1074 1464 1153 honor;
1501 1075 1782 1154 accepisti
1806 1077 1965 1138 enim

309 1183 375 1225 ea
403 1182 533 1244 qua:
563 1173 935 1243 praetereunt
966 1182 980 1226 :
1018 1181 1121 1240 pro
1165 1162 1237 1224 iis
1265 1173 1460 1224 autem
1492 1162 1802 1242 accipiam,
1833 1184 1967 1242 qua:

305 1263 664 1332 permanent
694 1254 757 1314 in
790 1261 1103 1315 aeternum.
1137 1252 1291 1317 Dixit
1314 1253 1662 1330 imperator:
1688 1255 1793 1315 Dic
1820 1255 1963 1316 mihi

296 1363 490 1423 genus
541 1352 710 1404 tuum
746 1353 812 1404 et
843 1341 1122 1422 patriam.
1170 1342 1329 1405 Dixit
1357 1342 1690 1404 Mercurius
1726 1362 1739 1405 :
1787 1343 1848 1406 Si
1882 1349 1964 1405 vis

295 1434 457 1494 scire
489 1452 686 1512 genus
717 1451 916 1493 meum
949 1441 1008 1493 et
1067 1431 1340 1511 patriam,
1377 1431 1568 1493 dicam
1605 1430 1709 1492 tibi
1741 1454 1753 1488 :
1791 1435 1965 1495 Pater

2054 625 2348 700 dicturus,
2385 624 2656 688 Christus
2680 643 2850 688 meus
2867 645 2962 688 me
2985 627 3229 694 curavit.
3261 629 3576 696 Neminem
3599 635 3701 697 in-

2051 715 2398 777 troduxistis
2422 715 2525 795 qui
2543 733 2680 777 eum
2708 718 3022 780 curaretin
3053 720 3351 786 custodia?
3381 722 3476 788 Illi
3501 732 3704 788 autem

2052 806 2109 866 ei
2140 805 2462 896 dixerunt:
2519 803 2632 896 I’er
2674 814 2925 869 vestram
2981 810 3329 888 potentiam,
3367 834 3501 893 quae
3546 821 3702 896 regit

2052 895 2396 986 universum
2448 892 2655 986 orbem
2711 904 2910 986 terrae,
2947 915 3123 960 nemo
3174 918 3309 963 eum
3341 892 3418 965 ne
3464 892 3700 986 aspexit

2049 983 2314 1064 quidem,
2353 982 2706 1064 putabamus
2760 985 2921 1047 enim
2955 1005 3090 1048 eum
3145 1007 3279 1053 esse
3309 982 3694 1058 moriturum.

2047 1073 2358 1164 Quomodo
2413 1081 2609 1164 autem
2659 1092 2838 1156 sanus
2870 1085 2928 1137 et
2982 1079 3189 1141 valens
3221 1100 3379 1145 nunc
3428 1083 3690 1164 assistat,

2049 1163 2373 1253 nescimus.
2411 1160 2565 1224 Dixit
2591 1163 2934 1253 imperator:
2960 1166 3374 1233 Videteartem
3402 1160 3693 1253 magicam

2049 1251 2546 1341 Christianorum.
2607 1250 2720 1341 Qui
2754 1253 2884 1315 heri
2927 1257 3168 1336 quidem
3203 1250 3526 1341 putabatur
3561 1282 3697 1327 esse

2049 1352 2344 1428 mortuus,
2381 1339 2562 1401 hodie
2590 1340 2781 1402 adstat
2838 1361 3042 1408 sanus.
3075 1339 3270 1410 Iratus
3298 1349 3498 1428 itaque
3544 1351 3700 1415 dixit

2048 1427 2103 1489 ei
2137 1449 2149 1490 :
2187 1427 2330 1501 Quis
2357 1435 2414 1489 te
2445 1431 2719 1492 curavit?
2765 1430 2862 1495 dic
2896 1453 3029 1496 cum
3064 1438 3328 1502 veritate.
3362 1427 3507 1502 Nam
3561 1442 3696 1504 sine

297 1542 475 1583 mens
493 1522 821 1584 vocabatur
844 1520 1206 1593 Gordianus,
1235 1522 1446 1602 Scytha
1460 1540 1680 1601 genere
1708 1543 1722 1602 ;
1753 1523 1962 1586 milita-
2046 1516 2361 1598 prastigiis
2385 1525 2443 1578 ei
2471 1527 2596 1580 arte
2628 1520 2856 1598 magica
2885 1542 3006 1586 non
3037 1535 3178 1606 puto
3211 1536 3268 1590 te
3312 1529 3493 1592 fuisse
3522 1549 3694 1594 cura-

301 1613 405 1674 bat
464 1631 609 1674 vero
669 1612 728 1673 in
775 1612 1010 1690 legione
1061 1610 1469 1674 Martensium.
1503 1612 1704 1673 Patria
1762 1623 1959 1676 autem
2047 1614 2194 1699 tum.
2226 1607 2388 1699 Dixit
2417 1615 2660 1699 sanctus
2693 1611 3060 1676 Mercurius:
3097 1615 3261 1679 Sicut
3293 1620 3455 1699 prius
3495 1619 3698 1687 dixisti

303 1701 543 1774 mea,ad
569 1721 749 1781 quam
773 1719 1054 1781 propero,
1075 1708 1165 1762 est
1185 1700 1446 1762 caelestis
1467 1702 1962 1782 Jerusalem,quae
2045 1696 2278 1789 nolens,
2304 1695 2596 1789 Dominus
2628 1700 3021 1766 nosterJesus
3047 1695 3340 1789 Christus,
3369 1726 3550 1772 verus
3573 1728 3697 1773 me-

314 1801 406 1851 est
431 1792 636 1852 civitas
661 1790 841 1869 Regis
863 1790 1147 1852 caelestis.
1175 1790 1332 1854 Dixit
1351 1798 1547 1852 autem
1573 1789 1809 1856 Decius:
1840 1795 1959 1855 tloc

2047 1784 2211 1847 dicus
2236 1787 2568 1849 animarum
2593 1795 3148 1876 etcorporum,ipse
3171 1815 3266 1859 me
3289 1784 3537 1864 curavit.
3575 1801 3692 1863 Ve-

322 1897 400 1942 ne
431 1885 664 1941 nomine
688 1888 925 1942 vocatus
959 1899 1022 1942 es
1052 1899 1085 1941 a
1113 1880 1480 1960 parentibus,
1503 1898 1577 1942 an
1605 1881 1664 1942 in
1698 1883 1961 1946 exercitu
1986 1912 2022 1962 Β
2047 1875 2273 1938 1185005
2322 1883 2544 1952 autem.
2580 1886 2638 1938 θῑ
2669 1877 3092 1960 ίηοδηιᾶῐοΐθε.
3127 1893 3188 1948 ei
3242 1887 3504 1951 sortibus
3534 1889 3690 1951 (ΙΜ-

321 1970 814 2050 appellatusfuisti
847 1969 1380 2032 Mercurius?Dixit
1413 1978 1652 2051 martyr:
1675 1973 1706 2022 4
1735 1973 1958 2036 Militia:

2047 1977 2257 2027 nantes
2279 1964 2452 2026 simul
2485 1985 2618 2028 cum
2647 1967 2721 2030 iis
2745 1975 2844 2050 qui
2869 1971 3122 2035 adorant
3150 1976 3494 2053 simulacra,
3524 1978 3690 2042 abdi-

316 2059 611 2120 atribuno
635 2068 864 2120 vocatus
884 2079 1015 2121 sum
1041 2059 1388 2120 Mercurius.
1422 2061 1579 2122 Dixit
1601 2062 1956 2142 imperator:
2044 2063 2160 2129 cal,
2191 2073 2412 2134 eosque
2440 2055 2690 2118 VinCUiiS
2737 2057 2970 2136 ligaiOS,
3005 2063 3180 2124 tradit
3222 2065 3342 2144 igni
3369 2067 3684 2144 gehennw,

307 2152 428 2214 Cur
454 2169 575 2211 non
607 2149 748 2211 facis
780 2150 934 2210 sicut
976 2150 1211 2229 jussum
1246 2150 1353 2213 fuit
1385 2151 1661 2212 omnibus
1694 2152 1956 2214 homini-
2044 2153 2360 2236 propterea
2391 2144 2559 2236 fitted,
2581 2164 2700 2236 non
2731 2159 3097 2226 agnoverunt
3127 2171 3326 2216 verum
3347 2157 3557 2231 Deum,
3586 2157 3691 2236 qui

302 2240 434 2313 bus,
465 2249 526 2300 et
551 2240 698 2300 deos
717 2239 953 2318 adoras,
988 2239 1250 2319 priorem
1287 2247 1449 2300 tuum
1475 2241 1764 2302 honorem
1796 2244 1957 2304 reci-
2041 2233 2181 2296 fecit
2211 2234 2396 2314 ipsos.
2431 2233 2591 2295 Dixit
2622 2235 2987 2316 imperator:
3027 2239 3252 2324 Corpus
3283 2252 3449 2306 tuum
3483 2233 3690 2307 rursus

301 2328 509 2408 piens?
537 2328 809 2390 mavisne
835 2331 982 2390 mori
1003 2329 1065 2389 in
1102 2330 1443 2391 tormentis?
1471 2329 1575 2391 Dic
1598 2331 1734 2404 cito,
1759 2331 1958 2394 sciens
2043 2342 2390 2386 consumam
2411 2324 2746 2404 SUPPiiCiiS.
2777 2326 3098 2394 Videamus
3117 2340 3414 2408 autem,an
3440 2341 3496 2396 te
3519 2343 3690 2398 curet

310 2429 368 2480 te
398 2438 527 2479 esse
558 2429 830 2480 vocatum
861 2425 1194 2499 propterea.
1231 2419 1386 2481 Dixit
1411 2419 1738 2482 Mercurius
1766 2443 1778 2484 :
1812 2421 1955 2500 Ego,
2045 2414 2315 2476 Chiistus
2344 2422 2502 2488 tuus,
2540 2433 2717 2494 quem
2748 2418 3074 2483 conﬁteris.
3127 2421 3288 2484 Dixit
3317 2425 3685 2490 Mercurius:

315 2517 375 2568 ut
407 2507 623 2587 dixisti,
663 2508 802 2569 ideo
836 2508 992 2588 veni,
1030 2517 1093 2568 ut
1129 2515 1183 2569 te
1212 2508 1538 2581 vincerem,
1570 2519 1627 2571 et
1657 2510 1958 2573 diabolum
2043 2502 2235 2565 Credo
2271 2503 2330 2564 in
2356 2502 2674 2595 Dominum
2709 2524 2906 2568 meum
2941 2508 3146 2572 Jesum
3179 2511 3505 2595 Christum,
3528 2514 3690 2595 quod

311 2599 496 2658 omnis
516 2599 644 2658 vitii
673 2598 1085 2672 inventorem;
1112 2611 1169 2659 et
1203 2618 1481 2661 coronam
1513 2601 1771 2662 victoria:
1796 2600 1959 2662 acci-
2045 2611 2439 2674 quwcumque
2471 2593 2619 2654 mihi
2645 2594 2916 2659 intuleris
2939 2600 3378 2681 supplicia,non
3407 2593 3575 2682 potes
3596 2621 3692 2666 me

301 2688 451 2769 piam
468 2687 544 2749 ah
561 2689 930 2766 agonotheta
949 2686 1090 2749 Jesu
1112 2688 1342 2751 Christo
1366 2689 1616 2751 Domino
1644 2709 1795 2751 meo.
1829 2689 1961 2752 Noli
2045 2682 2266 2762 injuria
2296 2682 2559 2744 afﬁcere.
2593 2682 2729 2762 Ipse
2761 2686 2919 2747 enim
2953 2689 3100 2752 dixit
3133 2712 3146 2753 :
3201 2713 3225 2748 α
3256 2690 3451 2755 Nolite
3481 2692 3695 2757 timere

297 2795 438 2856 ergo
471 2778 717 2839 tardare
744 2796 855 2838 nec
879 2777 1144 2838 ditl‘erre:
1172 2779 1274 2839 sed
1298 2779 1467 2840 inme
1486 2779 1832 2860 imple,quze
1853 2779 1960 2841 tibi
2046 2791 2176 2847 805,
2204 2772 2556 2862 quieorpu‘s
2580 2773 2880 2837 οοοίάυηίε
2916 2777 3172 2841 animam
3202 2788 3399 2842 autem
3426 2801 3544 2844 non
3570 2801 3695 2862 pos-

299 2870 539 2929 veniunt
570 2868 633 2928 in
700 2875 988 2928 mentem.
1025 2867 1228 2930 Habeo
1262 2868 1418 2929 enim
1454 2869 1706 2930 loricam
1735 2869 1872 2932 tidei
1903 2877 1963 2931 et
2045 2871 2184 2952 sunt
2209 2860 2487 2923 OCCidel‘e
2516 2880 2531 2937 ;
2569 2863 2676 2925 sed
2713 2882 2849 2925 eum
2883 2867 3086 2930 timete
3119 2870 3337 2951 potius,
3369 2871 3470 2951 qui
3501 2860 3694 2952 potest

305 2959 589 3036 clypeum,
633 2976 740 3038 per
797 2976 931 3036 quae
979 2957 1212 3019 vincam
1261 2976 1504 3019 omnem
1556 2958 1958 3020 inventionem
2045 2950 2304 3013 animam
2361 2959 2418 3012 et
2443 2970 2664 3032 corpus
2695 2953 2948 3032 perdere
2990 2957 3053 3018 in
3096 2950 3428 3034 gehennal
3459 2981 3473 3022 :
3504 2950 3551 3016 “ι
3589 2961 3692 3040 qui

304 3066 423 3124 qua:
449 3048 745 3108 adversus
779 3066 874 3108 me
905 3047 1232 3125 excogitata
1262 3056 1320 3110 et
1355 3056 1517 3109 mota
1537 3047 1735 3110 fuerit.

373 3136 523 3199 VIII.
550 3136 729 3198 Tunc
752 3136 898 3197 dixit
921 3137 1243 3214 imperator
1276 3138 1370 3197 ira
1395 3138 1628 3217 plenus:
1667 3139 1959 3212 Quoniam

2047 3048 2176 3122 post
2207 3049 2456 3191 modrtem
2495 3059 2590 3102 me
2625 3058 2829 3104 rursus
2879 3046 3191 3108 suscitabit
3221 3046 3282 3108 id
3312 3047 3566 3111 terribili
3593 3049 3694 3112 die

2047 3130 2185 3191 iusti
2218 3131 2276 3191 iu
2324 3130 2455 3191 icii.

2039 3130 2185 3212 justi
2210 3130 2455 3210 judicii.

289 3227 438 3288 dicis
472 3237 532 3288 te
565 3226 798 3288 habere
831 3226 1070 3287 loricam
1106 3226 1243 3288 fidei
1275 3236 1333 3287 et
1363 3227 1660 3308 clypeum,
1681 3229 1868 3308 juheo
1906 3220 2020 3288 teC
2123 3218 2192 3280 Χ.
2213 3218 2354 3282 Cum
2376 3227 2569 3308 autem
2600 3228 2976 3301 torqueretur
2993 3232 3343 3291 etureretur
3365 3245 3692 3308 generosus

289 3317 518 3378 nudum
542 3317 787 3379 extendi
812 3315 884 3376 ad
908 3325 1162 3396 quatuor
1186 3317 1375 3396 palos,
1405 3326 1462 3377 et
1488 3317 1813 3379 sublimem
1836 3317 1963 3378 tolli

291 3425 323 3465 a
347 3416 528 3468 terra.
561 3407 713 3469 Cum
749 3406 864 3466 hoc
894 3414 1092 3466 autem
1121 3404 1345 3467 factum
1381 3415 1562 3484 esset,
1592 3405 1736 3468 dicit
1764 3407 1960 3487 impe-

301 3506 442 3557 ratox
467 3514 480 3557 :
507 3495 619 3558 Ubi
648 3502 792 3556 sunt
809 3513 976 3556 arma
1000 3503 1099 3555 tua
1121 3494 1379 3556 bellica?
1404 3495 1517 3557 Per
1533 3494 1740 3558 Jovem
1769 3497 1960 3558 maxi-

315 3604 470 3644 mum
499 3586 742 3646 deorum
775 3584 944 3646 valde
977 3584 1140 3645 fuisti
1163 3594 1465 3646 extensus.
1487 3583 1741 3646 Sanctus
1763 3595 1961 3647 autem

318 3675 657 3745 Mercurius,
677 3675 737 3736 in
758 3675 975 3736 emtum
1005 3674 1517 3754 aspiciens,dixit:
1546 3674 1798 3736 Domine
1820 3675 1963 3738 Jesu

322 3763 570 3835 Christe,
601 3765 677 3824 fer
701 3783 880 3839 opem
913 3781 1088 3824 servo
1126 3771 1254 3825 tuo.
1291 3763 1518 3825 Rursus
1542 3763 1722 3844 jussit
1765 3765 1960 3844 impe-

315 3861 478 3912 rator
520 3864 680 3913 acuto
710 3852 908 3932 gladio
952 3852 1151 3915 scindi
1209 3854 1340 3932 ejus
1371 3872 1608 3933 corpus,
1644 3861 1705 3915 et
1756 3865 1964 3934 postea

301 3942 500 4020 ignem
544 3942 812 4003 subterni
846 3956 912 4003 ut
966 3944 1098 4020 ipse
1158 3943 1437 4022 paulatim
1471 3951 1766 4005 ureretur.
1804 3942 1958 4006 San-

296 4033 504 4110 guinis
552 4043 748 4093 autem
803 4031 1184 4094 multitudine
1249 4051 1426 4112 rogus
1471 4033 1580 4094 fuit
1639 4034 1958 4095 extinctus.

2051 3320 2288 3390 martyr,
2319 3328 2424 3390 pro
2460 3307 2670 3371 nidore
2697 3312 2893 3373 suavis
2921 3315 3159 3394 quidam
3183 3319 3331 3380 odor
3358 3307 3692 3381 aromatum

2048 3399 2328 3461 manabat
2355 3418 2424 3460 ex
2450 3399 2579 3478 ejus
2609 3419 2884 3482 corpore.
2913 3406 3057 3467 Cum
3081 3406 3132 3468 is
3155 3425 3290 3469 vero
3319 3407 3526 3470 fuisset
3551 3425 3693 3470 cru-

2047 3487 2264 3565 ciatus,
2298 3497 2356 3550 et
2406 3507 2482 3550 ne
2510 3490 2897 3567 ingenuisset,
2926 3494 3189 3573 quidem,
3225 3497 3371 3560 dixit
3419 3495 3640 3561 Decius
3674 3514 3690 3559 :

2049 3576 2160 3640 Ubi
2193 3585 2282 3640 est
2337 3586 2475 3640 tuus
2508 3578 2825 3644 medicus?
2873 3583 3042 3645 Nunc
3072 3586 3288 3662 veniat,
3323 3595 3382 3649 et
3410 3593 3466 3650 te
3499 3598 3698 3650 curet.

2046 3666 2257 3729 Dixisti
2307 3669 2490 3742 enim,
2524 3670 2681 3749 quod
2733 3671 2910 3732 etiam
2947 3682 3081 3753 post
3129 3684 3378 3739 mortem
3412 3684 3604 3755 potest
3635 3683 3693 3739 te

2046 3757 2360 3846 suscitare.
2395 3759 2553 3821 Dixit
2581 3766 2820 3822 sanctus
2851 3765 3214 3827 Mercurius:
3250 3765 3383 3839 Fac,
3405 3765 3561 3846 quod
3584 3784 3690 3828 ve-

2045 3844 2138 3907 lis.
2166 3844 2365 3907 Habes
2390 3855 2749 3926 potestatem
2783 3850 3054 3929 corporis
3079 3853 3217 3926 mei,
3245 3844 3460 3916 animas
3488 3861 3688 3916 autem

2045 3933 2223 3998 Deus.
2249 3933 2542 4016 Nam,etsi
2570 3955 2789 4017 corpus
2810 3958 3006 4002 meum
3041 3943 3357 4019 interierit,
3383 3953 3692 4025 permanet

2044 4027 2244 4086 anima
2276 4042 2428 4099 mea,
2466 4025 2524 4085 in
2558 4045 2734 4106 quam
2788 4047 2906 4089 non
2936 4030 3091 4091 cadit
3128 4031 3426 4094 interitus.
3460 4035 3692 4097 Rursus

294 4124 556 4183 Sanctus
589 4140 728 4183 vero
760 4120 896 4181 forti
929 4131 986 4182 et
1030 4140 1321 4199 generoso
1353 4124 1555 4184 animo
1588 4122 1813 4184 ferebat
1844 4123 1958 4183 hoc
2036 4114 2560 4194 jubetimperator
2581 4134 2716 4176 eum
2748 4119 3029 4198 suspendi
3063 4121 3445 4200 praecipitem,
3471 4132 3530 4185 et
3559 4125 3690 4202 ejus

293 4221 690 4273 tormentum.
725 4211 938 4273 Decius
965 4221 1162 4273 autem
1190 4213 1526 4291 jussiteum
1554 4211 1722 4287 solvi,
1759 4231 1833 4274 ne
1863 4213 1950 4274 ci-
2044 4204 2195 4266 collo
2255 4202 2486 4282 alligari
2517 4204 2932 4284 gravissimum
2975 4209 3231 4289 lapidem
3264 4231 3277 4272 :
3328 4218 3454 4272 uta
3492 4212 3690 4290 lapide

291 4309 412 4363 tius
444 4311 807 4374 moreretur,
843 4310 902 4362 et
953 4302 1016 4362 in
1047 4303 1297 4382 quadam
1328 4304 1580 4364 obscura
1606 4302 1782 4364 domo
1828 4309 1952 4364 tuto
2041 4293 2512 4368 SUiiOCeiUS,Cii0
2538 4307 2897 4357 mereretur.
2931 4296 2990 4358 in
3008 4298 3193 4376 gratia
3221 4306 3416 4361 autem
3449 4299 3689 4362 Domini

287 4391 550 4453 includi.
586 4390 733 4452 Eum
763 4391 958 4470 itaque
983 4401 1302 4471 portantes,
1332 4394 1716 4472 projecerunt
1746 4392 1805 4452 in
1840 4393 1953 4453 do-
2041 4384 2426 4447 confirmatus
2458 4394 2699 4466 martyr,
2731 4387 2904 4465 longo
2927 4396 3194 4468 tempore
3225 4390 3445 4450 mansit
3466 4390 3527 4450 in
3559 4398 3682 4452 tor-

291 4481 674 4554 munculam,
709 4499 839 4560 quae
892 4499 1128 4560 parvam
1162 4481 1415 4544 habebat
1470 4482 1948 4562 respirationem,
2040 4477 2414 4538 mento.Cum
2435 4473 2677 4538 vidisset
2701 4495 2838 4538 vero
2867 4477 3082 4540 Decius
3112 4478 3270 4540 enim
3305 4479 3438 4540 forti
3460 4489 3521 4541 et
3551 4498 3683 4542 ma-

288 4572 710 4633 existimantes
740 4571 865 4634 tore
891 4580 951 4632 ut
975 4573 1150 4648 paulo
1183 4583 1309 4651 post
1335 4571 1820 4650 moreretur.’,llla
1856 4591 1952 4634 au-
1976 4617 2017 4666 Β
2037 4583 2150 4644 gno
2182 4571 2378 4666 animo
2401 4565 2698 4666 resistere
2714 4568 3046 4666 tormentis,
3073 4577 3134 4630 et
3162 4568 3518 4666 nihilgrave
3543 4588 3682 4666 eum

291 4669 413 4720 ten.
449 4670 631 4721 nocte
668 4662 720 4722 ei
755 4671 998 4742 apparet
1017 4661 1265 4740 angelus
1293 4662 1552 4736 Dnnini,
1580 4663 1806 4725 dicens:
1840 4666 1951 4723 Fax
1976 4654 2015 4666 ν
2041 4665 2302 4733 tangere,
2350 4654 2529 4732 jussit
2560 4655 2802 4736 quidem
2859 4658 3117 4736 lapidem
3166 4658 3395 4721 devolvi
3423 4657 3496 4721 ab
3552 4660 3684 4739 ejus

291 4749 424 4811 tibi.
461 4769 764 4830 generose
789 4751 1029 4825 athleta;
1056 4760 1111 4810 et
1143 4769 1275 4811 eum
1309 4751 1568 4814 reddidit
1589 4770 1827 4820 sanum,
1852 4771 1956 4812 cu-

291 4857 433 4900 rans
488 4839 739 4900 vulnera
769 4839 896 4918 ejus
954 4839 1241 4919 corporis,
1277 4841 1425 4901 adeo
1459 4853 1518 4904 ut
1565 4850 1860 4920 surgeret,
1897 4849 1956 4901 et

297 4929 547 5006 gloriam
575 4928 862 4992 redderet
892 4928 1037 5003 Deo,
1070 4930 1169 5008 qui
1201 4937 1253 4990 ei
1283 4939 1664 5010 apparuerat.

381 5017 480 5082 IX.
517 5019 752 5079 Rursus
775 5037 914 5096 ergo
939 5019 1352 5098 Deciusjussit
1375 5039 1509 5082 eum
1534 5019 1688 5097 sisti;
1709 5028 1787 5095 et,
1815 5038 1949 5081 cum

303 5127 430 5170 eum
492 5108 765 5188 vidisset,
803 5107 1000 5169 dixit:
1057 5106 1169 5180 Qui
1220 5118 1490 5172 mortuus
1543 5110 1650 5171 fuit
1698 5129 1732 5172 a
1782 5111 1954 5171 nobis

299 5200 542 5272 ablatus,
567 5199 880 5279 quomodo
913 5215 1071 5258 nunc
1093 5217 1202 5278 per
1226 5217 1292 5260 se
1313 5199 1622 5262 ambulat?
1653 5201 1806 5262 forte
1839 5219 1950 5262 nec

293 5291 541 5352 vibicem
565 5288 814 5368 quidem
835 5288 1012 5348 habet
1034 5286 1093 5347 in
1115 5306 1219 5348 suo
1239 5307 1509 5368 corpore.
1543 5291 1725 5353 Iussit
1745 5299 1940 5352 autem

2039 4744 2238 4807 collo:
2292 4743 2494 4806 atferri
2542 4752 2739 4806 autem
2773 4747 3065 4827 ﬂagellum
3120 4747 3221 4808 aeri
3265 4747 3588 4827 alligatum,
3625 4758 3685 4812 et

2039 4853 2175 4897 eum
2219 4835 2424 4897 tandiu
2457 4835 2768 4916 ﬂagellari,
2801 4837 2994 4900 donec
3046 4838 3174 4918 ejus
3204 4845 3440 4918 sanguis
3489 4839 3682 4902 solum

2037 4924 2336 5005 impleret.
2367 4924 2472 4986 Ille
2491 4933 2688 4987 autem
2711 4926 2886 5007 plane
2905 4927 3144 4989 adamas
3175 4928 3449 5008 perstitit,
3482 4947 3550 4992 se
3565 4929 3682 4992 for-

2040 5015 2178 5077 titer
2206 5032 2442 5093 gerens,
2478 5023 2537 5075 et
2565 5014 2772 5077 dicens
2800 5036 2814 5076 :
2852 5019 2978 5096 Ago
3005 5016 3107 5078 tibi
3137 5017 3376 5096 gratias,
3403 5019 3676 5100 Domine,

2037 5105 2195 5186 quod
2219 5123 2314 5164 me
2345 5122 2450 5183 pro
2478 5113 2577 5167 tuo
2605 5105 2848 5167 nomine
2877 5107 3150 5186 dignatus
3170 5106 3253 5167 sis
3280 5107 3484 5186 flagris
3507 5109 3678 5171 caedi.

2114 5194 2211 5258 ΧΙ.
2239 5196 2384 5257 Cum
2415 5203 2612 5256 autem
2638 5197 3009 5274 cognovisset
3029 5196 3351 5277 imperator
3379 5215 3518 5260 eum
3544 5217 3679 5261 esse

2035 5285 2209 5365 plane
2240 5283 2638 5360 immobilem,
2667 5294 2726 5347 et
2780 5286 3125 5365 persuaderi
3157 5305 3274 5348 non
3320 5305 3517 5369 posse,
3550 5297 3614 5351 ut
3642 5309 3676 5352 a

290 5379 666 5452 satellitibus,
701 5385 767 5439 ut
803 5375 1096 5437 viderent.
1145 5374 1232 5436 illi
1266 5395 1404 5438 vero
1439 5379 1494 5440 ci
1525 5379 1733 5440 dicunt
1768 5395 1782 5439 :
1833 5376 1947 5437 Per
2029 5392 2136 5436 sua
2159 5372 3216 5458 dimoveretursententia,convocato
3239 5377 3672 5458 concilio(pro—

290 5467 712 5532 divinissimam
750 5477 916 5529 tuam
977 5470 1279 5544 pietatem,
1318 5486 1538 5548 corpus
1568 5467 1748 5530 habet
1794 5468 1945 5529 adeo

2034 5463 2276 5546 perabat
2306 5463 2465 5524 enim
2496 5464 2586 5526 ire
2639 5464 2940 5548 Romam),
2976 5466 3109 5529 tulit
3147 5465 3209 5528 in
3253 5485 3389 5528 eum
3418 5475 3668 5530 senten-

293 5555 1692 5644 delicatum,etomnimaeulavacuum,perinde
1713 5577 1781 5620 ac
1805 5558 1948 5619 sine
2032 5553 2461 5632 tiam,diccns:
2523 5556 3022 5640 Mercurium,qui
3069 5555 3209 5620 deos
3243 5554 3387 5621 nihil
3443 5556 3581 5621 fecit
3610 5563 3668 5618 et

350 5755 375 5808 4
397 5754 595 5823 Matth.
625 5771 691 5838 Χ,
730 5749 838 5816 28.
