4136 6424
472 436 592 510 275

1789 436 2071 504 MENSIS
2112 437 2554 503 NOVEMBER.

3744 428 3863 499 276

477 571 883 641 venerandum
898 573 1451 639 decretnmnostrm
1468 574 2124 639 mansuetudinisnihili
2147 583 2184 632 Α
2210 573 2411 639 Facite
2442 574 2600 660 quod
2631 572 2799 639 vobis
2839 572 2947 638 fuit
2975 573 3357 656 imperatum,
3394 567 3542 635 nihil
3575 579 3868 635 cunctan-

471 667 713 748 putavit,
738 665 915 747 jubet
937 665 1033 747 pia
1058 674 1259 726 nostra
1286 664 1549 744 potentia
1566 663 1703 725 duci
1731 663 1789 725 in
1824 668 2135 746 regionem

475 756 919 837 Cappadocum,
961 763 1022 816 et
1052 755 1104 816 ei
1152 761 1330 834 caput
1357 755 1657 834 amputari
1692 756 1765 816 ad
1798 757 2135 834 exemplum

474 842 983 907 multorum.Nam
1008 844 1348 923 quicunque
1376 843 1599 903 resistit
1631 844 2141 926 imperatoripost

479 934 668 997 multa
699 940 994 997 tormenta
1025 932 1378 1010 subjicietur
1415 932 1593 1009 gladii
1628 934 1941 1013 supplicio.
1993 935 2138 998 Cum

473 1023 678 1105 itaque
701 1041 836 1085 eum
852 1022 1229 1102 accepissent
1250 1021 1290 1082 ii
1311 1022 1525 1100 quibus
1549 1021 1742 1083 fuerat
1768 1024 2135 1100 mandatum,

472 1113 772 1175 duxerunt
802 1111 1048 1183 animal,
1083 1119 1143 1171 et
1174 1118 1499 1189 portantes,
1530 1130 1692 1193 eum,
1725 1113 2141 1193 imposuerunt

467 1201 730 1264 vinctum
785 1200 1069 1280 utrinque
1100 1199 1316 1275 valide,
1352 1209 1478 1260 erat
1532 1201 1691 1261 enim
1726 1219 1941 1282 corpus
1972 1222 2134 1265 mar-

469 1291 612 1371 tyris
642 1290 963 1353 admodum
992 1289 1375 1350 dissolutum.
1403 1287 1473 1350 Et
1496 1290 1805 1353 venientes
1838 1292 1895 1353 in
1926 1293 2132 1355 diver-

466 1380 721 1452 sorium,
760 1397 897 1441 eum
934 1377 1159 1439 sensim
1195 1377 1594 1457 deponentes,
1633 1379 1932 1442 faciebant
1963 1384 2132 1462 quie-

465 1486 661 1531 scere.
696 1466 918 1547 Sicque
945 1485 1079 1528 cum
1108 1466 1314 1545 paucis
1336 1466 1550 1527 diebus
1574 1468 1816 1547 longum
1842 1470 1954 1531 iter
1984 1491 2132 1533 con-

467 1558 1084 1630 fecissent,venerunt
1106 1558 1436 1619 Caesaream
1449 1556 1560 1619 .Ad
1578 1577 1712 1619 eum
1730 1568 1932 1622 autem
1958 1579 2135 1624 acce-

469 1647 620 1710 dens
644 1644 1135 1718 Dominus,dixit:
1166 1644 1445 1720 Mercuri,
1472 1645 1759 1709 adesdum
1789 1658 1845 1710 tt
1866 1651 2131 1730 quiesce.

471 1738 731 1799 Cursum
759 1734 1215 1812 consummasti,
1244 1734 1422 1795 ﬁdem
1445 1737 1927 1818 servasti,accipe
1955 1757 2134 1801 coro-

467 1842 605 1887 nam
645 1833 759 1885 tuaa
788 1823 1247 1885 decertationis.
1293 1823 1696 1886 Constitutum
1729 1828 1889 1887 enim
1924 1839 2035 1908 est,
2073 1836 2138 1890 ut

470 1923 532 1976 tu
560 1913 661 1975 hic
693 1910 1153 1974 consummeris.
1190 1909 1408 1992 Martyr
1431 1922 1629 1975 autem
1678 1913 2012 1980 Servatoris
2042 1919 2133 1979 vi-

466 2003 639 2065 sione
671 1999 1121 2073 corroboratus,
1154 1999 1296 2062 dicit
1327 2000 1421 2076 iis,
1448 2003 1551 2079 qui
1587 2014 1758 2065 erant
1790 2024 1927 2068 cum
1962 2008 2130 2087 ipso:

1830 2170 1863 2180 -ι

2223 676 2332 728 tes.
2370 667 2659 730 Dominus
2679 673 2904 747 autem,
2929 665 3030 746 qui
3054 673 3225 726 vocat
3251 681 3461 725 omnes
3480 663 3553 725 ad
3576 664 3875 741 pmniten-

2221 757 2386 835 tiam,
2423 775 2529 817 vos
2559 774 2802 836 quoque
2832 773 2937 816 sua
2969 755 3158 833 gratia
3178 752 3533 831 dignabitur.
3561 752 3702 814 Nam
3737 771 3875 816 cum

2221 847 2299 908 sit
2331 845 2524 920 dives,
2559 845 2785 907 aﬂ‘atim
2820 844 3006 906 donat
3031 844 3183 904 bona
3207 860 3315 903 sua
3339 842 3411 904 iis
3441 842 3541 922 qui
3563 843 3875 905 accedunt.

2222 936 2367 997 Haec
2397 954 2531 996 cum
2561 934 2830 1009 dixisset,
2866 942 3045 1013 caput
3071 933 3182 994 fuit
3212 932 3266 993 ei
3297 938 3695 1010 amputatum,
3726 949 3880 993 con-

2221 1033 2671 1105 summatusque
2695 1023 2805 1084 fuit
2834 1022 2895 1084 in
2916 1022 3298 1085 confessione
3328 1020 3666 1083 Servatoris
3689 1038 3745 1080 ni
3769 1021 3877 1083 stri

2221 1115 2353 1177 Dei.

2302 1202 2428 1266 XII.
2462 1202 2703 1265 Factum
2726 1209 2816 1263 est
2839 1211 3066 1275 autem,
3090 1199 3247 1279 quod
3282 1208 3503 1279 praeter
3522 1199 3867 1278 opinionem

2217 1302 2330 1367 est,
2368 1292 2473 1355 Dei
2529 1292 2879 1354 miraculum
2917 1290 3142 1353 mensis
3185 1288 3536 1351 Novembris
3585 1288 3871 1352 vicesimo

2217 1381 2592 1463 quinto.Post
2616 1382 2749 1461 ejus
2772 1379 3350 1441 consummationem
3374 1377 3594 1440 factum
3618 1387 3711 1440 est
3732 1397 3868 1439 cor—

2220 1490 2327 1551 pus
2378 1470 2651 1551 martyris
2680 1469 2882 1532 album
2935 1468 3089 1530 sicut
3145 1468 3266 1541 nix,
3300 1468 3581 1529 emittens
3627 1486 3867 1529 suavem

2219 1561 2463 1622 odorem
2489 1569 2933 1639 unguentorum
2967 1569 3023 1620 et
3052 1558 3383 1638 sulfituum,
3406 1568 3469 1619 et
3494 1571 3741 1637 propter
3762 1560 3870 1620 hoc

2218 1652 2452 1729 signum
2512 1650 2685 1711 multi
2717 1649 2859 1710 facti
2891 1658 3029 1709 sunt
3082 1648 3421 1709 Christiani.
3457 1645 3874 1728 Deposuerunt

2218 1750 2413 1801 autem
2447 1748 2719 1801 sanctum
2747 1738 2808 1799 in
2834 1738 2965 1799 loco
2987 1735 3338 1816 insigni,ubi
3374 1737 3523 1798 (lunt
3546 1737 3750 1799 multm
3765 1757 3867 1798 cu-

2217 1829 2483 1890 rationes
2513 1827 2584 1889 ad
2618 1828 2863 1906 gloriam
2899 1827 3006 1890 Dei
3059 1826 3275 1906 Patris,
3308 1833 3370 1887 et
3401 1826 3641 1888 Domini
3691 1831 3870 1888 nostri

2216 1918 2356 1981 Jesu
2388 1916 2633 1997 Christi,
2666 1916 2845 1978 simul
2879 1933 3014 1978 cum
3045 1922 3255 1977 sancto
3287 1913 3537 1996 Spiritu,
3569 1914 3632 1976 in
3652 1916 3871 1978 saecula

2218 2006 2601 2069 saeculorum.
2635 2008 2849 2070 Amen.

1836 2292 2484 2381 ΜΑΡΤΥΡΙΟΝ

1080 2454 1215 2505 ΤΗΣ
1260 2454 1459 2506 ΑΓΙΛΣ
1508 2458 1620 2508 ΚΑΙ
1669 2455 2080 2509 ΚΑΛΛΙΝΙΚΟΓ
2126 2459 2752 2512 ΜΕΓΑΔΟΜΑΡΤΥΡΟΣ
2798 2459 2926 2510 ΤΟΥ
2971 2458 3254 2510 ΧΡΙΣῙῸΓ

1513 2601 2789 2738 ΑΙΚΑΤΕΡΙΝΗΣ.

836 3010 1509 3097 MABTYRIUM
1607 3010 2068 3098 SANCTAE
2164 3017 2302 3101 ET
2388 3016 2802 3104 MAGN/E
2898 3013 3474 3103 MABTYRIS

1509 3222 2796 3375 AECATERIN/E-

1310 3469 1511 3544 (Satius
1553 3471 1611 3527 ad
1653 3469 1783 3528 diem
1832 3473 1903 3530 25
1941 3473 2063 3531 Nov.
2102 3492 2115 3539 ;

2185 3476 2360 3534 Graece
2409 3493 2471 3534 ex
2526 3478 2635 3537 cod.
2680 3494 2778 3538 ms.
2822 3478 3008 3549 1525.)

532 3761 580 3822 Ι.
639 3760 973 3838 lmperante
1018 3756 1202 3839 impio
1249 3758 1547 3821 Maxentio
1601 3761 1716 3840 (l),
1751 3760 2119 3825 universum

2305 3764 2322 3786 Ι
2646 3768 2657 3787 Ι
2962 3772 2987 3783 ν
3080 3771 3093 3787 Ί
3175 3768 3202 3789 ρ
3323 3768 3333 3785 Ι
3622 3766 3639 3789 ν

2258 3776 2341 3824 Α.
2438 3765 2811 3833 Βασιλευοντος
2897 3792 2990 3827 του
3071 3790 3431 3827 ασεοεστατου
3530 3766 3842 3839 Μαςεντίου,

449 3847 773 3929 imperium
789 3846 1196 3911 Romanorum
1217 3848 1691 3928 amplectebatur
1707 3849 1954 3929 impium
1981 3854 2103 3914 cul-

449 3945 579 3998 tum
605 3936 970 3998 daamonum.
1001 3934 1056 3998 Is
1088 3936 1248 3997 enim
1281 3936 1661 3998 Alexandria:
1688 3937 2019 4016 praasidens
2045 3942 2104 4002 in

448 4026 688 4088 excelso
737 4033 796 4087 et
826 4025 1068 4087 sublimi
1122 4025 1429 4105 tribunali,
1466 4026 1662 4088 emisit
1698 4026 1815 4089 hoc
1847 4027 2103 4105 impium

448 4113 737 4191 edictum,
772 4124 839 4177 ut
868 4133 1078 4177 omnes
1108 4114 1310 4196 simul,
1344 4114 1445 4195 qui
1479 4125 1651 4178 erant
1679 4116 1737 4177 in
1771 4116 1900 4196 ejus
1933 4126 2104 4196 pote-

447 4211 602 4267 state
649 4221 721 4267 ac
770 4204 1023 4280 ditione,
1059 4203 1400 4266 simulacris
1451 4205 1879 4269 sacriﬁcarent.
1939 4206 2109 4270 Unde

447 4293 625 4358 etiam
660 4311 771 4375 per
799 4293 1148 4357 universum
1183 4295 1522 4357 Romanum
1557 4294 1875 4374 imperium
1912 4298 2107 4359 mani-

445 4385 597 4446 festa
628 4384 893 4457 fuerunt,
927 4401 1062 4464 qua;
1110 4383 1351 4445 decreta
1381 4382 1634 4459 fuerant.
1672 4383 1884 4447 litteris
1936 4387 2016 4448 ita
2045 4406 2111 4449 se

446 4469 808 4534 habentibus
845 4492 860 4535 :
923 4473 1263 4550 Imperator
1293 4470 1621 4533 Maxentius
1677 4472 1976 4549 omnibus,
2011 4477 2111 4556 qui

448 4570 591 4622 sunt
621 4562 682 4622 in
716 4579 851 4622 mea
886 4559 1140 4637 ditione,
1172 4560 1446 4624 salutem.
1498 4559 1773 4641 Magnum
1799 4567 2106 4628 consecuti

445 4647 808 4711 beneﬁcium
840 4667 874 4710 a
897 4650 1145 4711 deorum
1177 4649 1755 4731 benignitate,veluti
1789 4656 2104 4733 quamdam

444 4738 626 4819 hujus
680 4739 1105 4801 muniﬁcentize
1158 4741 1724 4817 remunerationem,
1760 4744 2106 4809 censuimus

444 4846 560 4890 nos
584 4827 671 4890 eis
692 4834 979 4910 oportere
1000 4828 1218 4891 otl‘erre
1247 4829 1564 4893 sacriﬁcia.
1600 4829 1824 4894 Omnes
1851 4853 2016 4914 ergo,
2055 4837 2105 4897 si

443 4917 575 4981 ﬁeri
600 4926 819 5000 potest,
841 4919 914 4981 ad
941 4937 1050 4980 nos
1073 4919 1405 4995 venientes,
1433 4920 1733 4984 ostendite
1754 4937 2008 4987 vestram
2042 4925 2105 4988 in

443 5025 692 5096 magnos
744 5008 893 5072 deos
924 5007 1402 5071 benevolentiam
1438 5028 1455 5085 ;
1507 5010 1765 5075 scientes
1795 5016 1950 5093 quod
2003 5020 2101 5096 qui

440 5080 574 5166 hoc
590 5104 862 5161 nostrum
892 5098 1157 5161 edictum
1191 5080 1645 5179 contempserit,
1671 5108 1730 5162 et
1753 5080 1829 5164 ad
1856 5080 2039 5167 aliam
2066 5126 2100 5170 a
2126 5080 2168 5132 θ

441 5185 616 5249 nobis
648 5187 1010 5268 prohibitam
1036 5188 1344 5269 aspexerit
1371 5189 1749 5268 religionem,
1776 5202 1835 5254 et
1864 5195 2100 5260 excidet

440 5274 517 5337 ab
547 5277 677 5357 ipsa
705 5295 918 5357 magna
947 5278 1197 5341 deorum
1241 5277 1688 5357 benevolentia,
1722 5288 1782 5343 et
1807 5284 2094 5364 subjicie-

439 5372 536 5429 tur
562 5383 597 5430 ιι
626 5366 802 5431 nobis
833 5366 1007 5430 malis
1040 5367 1349 5431 extremis.

513 5623 588 5688 ΙΙ.
614 5626 763 5689 Cum
793 5626 884 5690 ba:
905 5625 1128 5690 litterae
1157 5626 1217 5689 in
1245 5644 1485 5690 omnem
1520 5635 1754 5711 partem
1787 5636 2087 5713 pervasis-

512 5759 599 5839 (t)
629 5759 1011 5825 Maximini”
1041 5762 1361 5845 legendum
1398 5762 1489 5830 :is
1524 5761 1684 5826 enim
1715 5763 1825 5831 fuit
1851 5771 2142 5855 Orientis,

2190 3861 2334 3912 πᾶσα
2398 3858 2431 3924 ἡ
2505 3860 2610 3913 τῶν
2681 3860 2958 3936 Ῥωμαίων
3031 3863 3180 3941 ἀρχη
3247 3861 3343 3928 τῆς
3418 3857 3673 3936 βδελυρᾶς
3750 3860 3853 3912 τῶν

2189 3941 2455 4019 δαιμόνων
2524 3946 2867 4006 ἀντεποιεῖτο
2938 3951 3211 4026 θρηκείας.
3282 3949 3448 4012 Οὗτος
3506 3948 3651 4026 γὰρ,
3721 3967 3852 4020 προ·

2189 4037 2407 4101 καθίσας
2468 4038 2541 4100 εἷς
2601 4036 2999 4117 Ἀλεξάνδρειαν
3059 4039 3143 4096 ἐπὶ
3215 4041 3458 4117 βήματος
3516 4036 3735 4114 ὑψηλοῦ
3800 4057 3855 4092 τε

2189 4126 2275 4180 καὶ
2339 4126 2610 4205 μετεώρου
2665 4136 2820 4185 τοῦτο
2870 4127 2935 4197 δὴ
2989 4130 3050 4185 τὸ
3105 4128 3353 4195 δυσσεϐὲς
3412 4128 3615 4195 ἐξέθετο
3689 4128 3856 4207 πρόσο

2191 4236 2373 4293 ταγμα
2433 4218 2526 4273 τοῦ
2576 4218 2779 4282 πάντας
2839 4221 2974 4293 ὁμοῦ
3035 4220 3157 4284 τοὺς
3209 4221 3310 4276 ὑπὸ
3367 4222 3467 4288 τὴν
3527 4223 3688 4278 αὐτοῦ
3750 4239 3858 4275 κει-

2193 4304 2381 4377 μένους
2457 4304 2689 4371 ἐξουσίαν
2775 4308 2953 4372 θυσίας
3040 4323 3158 4375 τοῐς
3234 4307 3473 4374 εἰδώλοις
3552 4310 3848 4366 ἐπιτελεῖν·

2196 4391 2309 4450 ὅθεν
2381 4396 2469 4454 καὶ
2519 4406 2804 4477 πανταχοῦ
2864 4403 2961 4465 τῆς
3027 4397 3343 4474 Ῥωμαϊκῆς
3413 4399 3591 4479 ἀρχῆς
3650 4399 3857 4477 φανερᾶ

2196 4486 2416 4551 καθίστη
2490 4487 2553 4542 τὰ
2624 4484 2915 4565 δεδογμένα
2986 4490 3302 4567 γράμμασιν
3371 4488 3593 4568 ἔχουσιν
3652 4489 3826 4552 οὕτως

2192 4571 2443 4638 Βασιλεὺς
2506 4572 2792 4641 Μαξέντιος
2822 4583 2954 4633 πᾶσι
3013 4592 3131 4642 τοῖς
3189 4579 3290 4635 ὑπὸ
3347 4579 3444 4647 τὴν
3494 4580 3629 4655 εμὴν
3692 4578 3849 4646 ἐξου-

2189 4662 2305 4717 σίαν
2376 4666 2606 4742 χαίρειν.
2670 4664 2923 4744 κεγάλης
2981 4666 3282 4746 εὐεργεσίας
3357 4669 3499 4746 παρὰ
3561 4673 3660 4734 τῆς
3742 4675 3863 4725 τῶν.

2187 4753 2320 4806 θεῶν
2378 4754 2646 4828 εὐμενείας
2706 4756 3095 4837 τετυχηκότες,
3141 4756 3212 4822 ὥς
3273 4779 3390 4814 τινα
3434 4758 3532 4826 τῆς
3590 4759 3848 4824 τοιαύτης

2191 4840 2362 4897 αὐτῶν
2419 4842 2825 4923 μεγαλοδωρεᾶς
2877 4844 3136 4926 ἀμοιϐὴν,
3199 4848 3513 4926 προσφέρειν
3584 4847 3849 4922 ᾠήθημεν

2189 4931 2281 4994 τὰς
2341 4932 2519 4997 θυσίας
2587 4938 2797 4999 αὐτοῖς,
2859 4934 3059 4999 Πάντες
3138 4938 3437 5015 τοιγαροῦν,
3503 4938 3547 4993 εἰ
3599 4934 3841 5010 δυνατὸν,

2186 5020 2478 5098 φθάσαντες
2562 5024 2663 5090 ἕως
2745 5025 2924 5101 ἡμῶν,
2988 5024 3089 5093 τήν
3175 5026 3293 5102 περὶ
3374 5025 3498 5091 τοὺς
3573 5025 3843 5105 μεγάλους

2184 5112 2331 5170 θεοὺς
2420 5111 2623 5170 εὔνοιαν
2709 5116 2853 5190 ὒμῶν
2936 5112 3253 5181 ἐπιδείξασθε
3288 5161 3306 5189 ,
3380 5111 3576 5183 ειδότες
3665 5117 3742 5181 ὡς
3816 5117 3845 5172 ὁ

2181 5200 2243 5256 τὸ
2324 5210 2567 5262 τοιοῦτον
2648 5206 2805 5279 ἡμῶν
2878 5202 3145 5281 διάταγμα
3217 5209 3486 5286 παρορῶν,
3548 5205 3636 5262 καὶ
3705 5205 3842 5283 πρὸς

2179 5288 2361 5367 ἑτέραν
2434 5294 2892 5372 ἂπηγορευμένην
2964 5293 3107 5370 ἡμῖν
3193 5293 3465 5351 ἀπονεύων
3530 5294 3853 5372 θρησκείαν,

2176 5378 2339 5446 αὐτῆς
2407 5402 2462 5438 τε
2526 5387 2627 5448 τῆς
2695 5382 2939 5460 μεγάλης
2999 5391 3106 5439 τῶν
3171 5386 3304 5441 θεῶν
3369 5383 3677 5442 ἐκπεσεῖται
3737 5408 3842 5463 φι-

2175 5465 2539 5548 λανθρὼπίας,
2596 5473 2686 5529 καὶ
2745 5473 2870 5550 παρ’
2945 5474 3102 5549 ἡμῶν
3171 5485 3362 5537 κακοῖς
3402 5487 3516 5541 τοῖς
3584 5474 3847 5553 ἔσχάτοις

2172 5558 2621 5630 ὑποϐληθήσεται.

2262 5647 2324 5704 Β¹
2399 5651 2609 5708 Τούτων
2670 5658 2776 5708 τῶν
2844 5653 3173 5732 γραμμάτων
3227 5664 3506 5736 πανταχοῦ
3556 5651 3842 5734 διαπεφοι-

2176 5780 2503 5849 Maxentius
2531 5785 2902 5864 Occidentis,
2936 5785 3284 5870 imperator.
