4136 6408
286 429 405 497 277

1425 432 1898 498 MARTYRIUM
1944 433 2007 498 S.
2067 433 2563 502 CATHARINE.

3572 435 3691 508 278

285 569 554 644 τηκότων,
586 567 653 634 ἦν
712 560 849 620 ἰδεῖν
903 560 1188 642 συῤῥέοντα
1245 561 1426 634 πλήθη
1485 565 1615 642 πρὸς
1675 567 1834 622 αὐτὸν
1864 573 1942 642 τῷ

2038 577 2177 642 sent,
2212 568 2430 631 licebat
2457 569 2660 633 videre
2691 569 3092 633 conﬂuentem
3126 572 3200 635 ad
3248 571 3444 654 ipsum
3478 575 3692 637 multi~

343 655 392 677 σι
531 655 557 668 ⁸
834 657 857 667 ··
1021 660 1048 671 -ο
1185 654 1199 674 κ
1391 652 1423 680 P
1635 656 1649 674 ‘
1736 656 1746 676 '

290 681 435 737 φοοῳ
484 678 593 712 των
654 653 917 728 ἆπειλων,
979 676 1088 710 των
1140 676 1237 729 μεν
1285 653 1524 732 πρόοατα
1565 677 1652 711 και
1683 657 1813 732 βοας
1845 657 1950 713 ἐπ-

296 744 589 824 αγομένων,
654 746 764 802 τὼν
820 742 873 800 δε
931 745 1022 799 καὶ
1079 744 1291 822 ὀρνίθων
1346 743 1476 820 γένη
1536 743 1776 816 ποικίλα,
1811 745 1950 802 ὥστε

290 836 447 899 οὖδεὶς
522 833 747 902 εὔτελιὶς
821 835 910 911 ἦν,
991 832 1130 889 ἀλλὰ
1213 835 1337 911 περί
1426 834 1527 901 τὴν
1610 836 1951 912 παρασκευὴν

284 929 481 989 πάντες
544 925 784 1002 ἐγίνοντο
844 923 941 992 τῆς
1001 925 1203 987 θυσίας.
1264 924 1394 986 Τοὺς
1455 934 1553 997 μὲν
1614 924 1713 1001 γὰρ
1780 923 1951 980 πλου-

283 1018 427 1079 σίους
483 1014 702 1090 μεγάλα
750 1019 860 1083 ζῶα
911 1014 1043 1092 πρὸς
1096 1016 1195 1081 τὴν
1243 1011 1464 1080 τελετὴν
1521 1013 1716 1090 ὥριστο
1775 1013 1946 1092 ἄγειν,

289 1107 448 1181 μικρὰ
479 1102 537 1160 δὲ
569 1104 697 1165 τοὺς
727 1103 989 1177 πένητας,
1042 1105 1121 1160 ὡς
1171 1104 1380 1176 ἑκάστῳ
1429 1101 1463 1169 ἤ
1518 1124 1575 1158 τε
1633 1105 1753 1183 χεὶρ
1785 1101 1950 1158 εὔπο-

291 1199 426 1271 ροίη,
462 1196 628 1260 καὶὴ
681 1195 818 1269 πρὸς
876 1194 1004 1257 τοὺς
1060 1193 1209 1258 θεοὺς
1266 1192 1440 1248 εὔνοια
1499 1191 1642 1271 ἔχοι.
1706 1191 1950 1249 Μαλιστα

287 1284 339 1341 δὲ
395 1285 590 1346 αὖτοὺς
657 1283 857 1360 ἠρέθιζε
913 1284 1048 1359 πρὸς
1100 1281 1408 1363 φιλοτιμίαν
1461 1285 1488 1338 ὁ
1537 1280 1783 1358 βασιλεῦς
1812 1282 1948 1338 ταῦ-

281 1397 404 1451 ρους
459 1377 760 1431 καταθῦσαι
817 1371 990 1452 φέρων
1049 1372 1206 1436 αὐτὸς
1262 1372 1451 1429 ἑκατὸν
1493 1373 1580 1427 καὶ
1638 1369 1938 1450 τριάκοντα.

280 1465 511 1520 Πέντων
540 1467 717 1520 τοίνυν
775 1462 829 1518 ἓν
886 1459 1250 1534 ’Λλεξανδρείᾳ
1306 1459 1434 1538 παρ’
1493 1462 1649 1517 αὑτὸν
1709 1463 1940 1527 συνελη-

281 1554 528 1610 λυθότων
601 1549 873 1629 ὕπεράσθη
944 1557 1012 1626 τῇ
1080 1550 1445 1622 πολυπληθείᾳ
1518 1557 1608 1606 τοὺ
1680 1572 1738 1607 τε
1812 1549 1942 1607 λαοῦ

288 1648 376 1703 καὶ
451 1649 563 1699 τῶν
632 1642 848 1713 θυσιῶν,
923 1642 1009 1696 κατ
1082 1640 1315 1714 τοσούτῳ
1383 1639 1610 1714 μᾶλλον,
1680 1642 1753 1704 ὡς
1813 1639 1949 1715 μηδὲ

293 1735 478 1810 καιρὸν
536 1731 718 1809 ἕτερον
782 1730 1094 1809 ἀναμεῖναι,
1154 1728 1276 1786 ἀλλ’
1335 1731 1519 1787 αὒτίκα
1574 1751 1632 1786 τε
1707 1730 1948 1797 ἆναστῆ-

304 1849 416 1902 ναι,
485 1824 574 1878 καὶ
642 1822 801 1898 τάχει
874 1821 1125 1898 χωρῆσαι
1184 1823 1316 1891 πρὸς
1364 1822 1458 1876 τὸν
1509 1822 1634 1876 ναὸν
1703 1827 1795 1876 τοῦ
1863 1822 1952 1876 καὶ

2033 658 2309 720 tudinem
2345 670 2506 721 metu
2543 660 2836 721 minarum
2869 681 2882 724 :
2919 680 3172 742 quorum
3200 663 3560 744 aliiquidem
3583 665 3691 727 ad-

2035 747 2331 810 ducebant
2364 767 2501 811 oves
2533 757 2591 810 et
2621 749 2800 811 boves
2829 771 2842 832 ;
2879 750 2982 812 alii
3017 760 3216 816 autem
3262 755 3426 816 varia
3468 774 3691 836 genera

2033 837 2250 900 avium.
2284 837 2490 920 Neque
2510 847 2635 900 erat
2662 839 2816 900 ullus
2839 841 3261 915 immunis,sed
3290 853 3457 905 erant
3479 864 3691 908 omnes

2037 926 2244 989 intenti
2277 927 2334 988 in
2371 937 2657 1010 apparatu
2685 929 2984 991 sacriﬁcii.
3013 934 3162 995 Nam
3191 935 3290 1014 qui
3324 943 3495 996 erant
3519 935 3689 998 valde

2035 1015 2268 1090 divites,
2304 1017 2690 1079 constitutum
2726 1029 2879 1101 erat,
2912 1029 2976 1081 ut
3009 1039 3221 1099 magna
3263 1022 3544 1086 animalia
3577 1025 3690 1086 ad-

2035 1105 2325 1168 ducerent
2355 1107 2426 1167 ad
2460 1106 2859 1169 sacriﬁcium:
2914 1127 3089 1188 parva
3125 1118 3321 1174 autem
3370 1132 3688 1194 pauperes,

2033 1204 2208 1275 prout
2240 1197 2562 1277 unicuique
2594 1197 2997 1278 suppetebant
3055 1199 3389 1283 facultates,
3451 1211 3510 1265 et
3561 1215 3694 1267 erat

2034 1285 2510 1366 uniuscujusque
2542 1287 2600 1346 in
2633 1287 2778 1349 deos
2809 1287 3244 1352 benevolentia.
3293 1291 3380 1353 Ad
3411 1293 3694 1371 magniﬁ-

2029 1379 2288 1436 centiam
2323 1383 2521 1438 autem
2555 1394 2656 1437 eos
2688 1378 2942 1438 maxime
3001 1380 3285 1442 incitabat
3338 1386 3688 1462 imperator,

2027 1465 2283 1528 aﬁ'erens
2313 1464 2384 1526 ad
2415 1464 2869 1526 sacriﬁcandum
2903 1475 3142 1528 centum
3178 1477 3234 1531 et
3288 1469 3522 1549 triginta
3558 1479 3692 1532 tau-

2028 1571 2150 1618 ros.
2219 1553 2362 1615 Cum
2423 1572 2632 1616 omnes
2689 1573 2832 1634 ergo
2889 1555 2962 1616 ad
3013 1559 3207 1636 ipsum
3266 1559 3694 1622 convenissent

2031 1642 2476 1718 Alexandriam,
2520 1642 2686 1706 valde
2719 1645 2952 1707 laetatus
2974 1656 3086 1722 est,
3112 1647 3321 1710 videns
3355 1649 3693 1712 multitudi-

2033 1752 2168 1795 nem
2206 1733 2406 1813 populi
2437 1742 2497 1795 et
2522 1734 2977 1807 sacriﬁciorum,
3013 1737 3160 1799 adeo
3192 1745 3257 1800 ut
3288 1757 3400 1800 nec
3432 1739 3688 1802 alterum

2033 1831 2266 1903 tempus
2299 1824 2678 1903 exspectarit,
2706 1825 2809 1886 sed
2845 1826 3120 1906 protinus
3141 1828 3487 1902 surrexerit,
3515 1837 3573 1890 et
3595 1829 3688 1891 ci-

311 1915 480 1980 αὒτὴν
531 1912 630 1979 ἤδη
653 1912 746 1979 τὴν
803 1911 984 1967 θυσίαν
1039 1908 1360 1970 διατελέσαι.
1426 1908 1691 1990 ’Ἑτρεχον
1747 1908 1801 1964 δὲ
1857 1909 1949 1965 σὺν

2038 1911 2260 1975 tissime
2285 1915 2357 1974 ad
2381 1914 2668 1993 templum
2692 1917 3143 1998 processerit,et
3168 1918 3360 1997 ipsum
3392 1921 3692 1998 peregerit

310 2008 457 2074 αὖτῷ
526 2002 667 2077 γένος
727 2001 870 2057 ἅπαν
941 2002 1029 2056 καὶ
1099 1999 1283 2068 ἡλικία
1354 2006 1521 2079 πᾶσα,
1583 1999 1698 2057 ὅσοι
1752 2022 1805 2056 τε
1853 1998 1948 2066 τῆς

295 2092 507 2168 βουλῆς
562 2092 692 2157 ἦσαν
746 2089 842 2146 καί
903 2095 1007 2144 τῶν
1066 2089 1122 2145 ἐν
1180 2088 1346 2161 τέλει,
1396 2091 1484 2145 καὶ
1541 2087 1656 2145 ὅσοι
1698 2090 1804 2145 τῶν
1855 2093 1947 2148 εὐ-

287 2181 465 2238 τελῶν
521 2181 614 2238 καί
676 2180 924 2252 ἀσήμων,
989 2180 1054 2234 τὰ
1115 2180 1243 2256 πρὸς
1309 2179 1408 2245 τὴν
1479 2180 1656 2234 θλσίαν
1726 2177 1946 2243 ἕκαστος

284 2272 758 2345 ἐπικομιζόμενοι⁹
834 2272 908 2332 ὡς
990 2271 1444 2347 στενοχωρεῖσθαι
1508 2269 1604 2343 μὲν
1687 2269 1787 2324 ὑπὸ
1857 2275 1947 2325 τοῦ

291 2360 524 2428 πλήθους
598 2365 706 2414 τῶν
780 2357 896 2414 ἐκεῖ
952 2356 1275 2435 συῤῥεοντων
1328 2358 1488 2424 αὐτὴν
1543 2377 1596 2411 τε
1640 2357 1738 2423 τὴν
1784 2354 1944 2412 πόλιν

299 2451 386 2505 καὶ
411 2452 500 2504 τὸν
556 2450 711 2524 ναὸν,
775 2449 1156 2525 περιηχεῖσθαι
1211 2444 1266 2501 δὲ
1321 2447 1422 2501 ὑπὸ
1473 2445 1568 2512 τῆς
1599 2447 1704 2502 τῶν
1736 2444 1947 2522 ἀλόγων

301 2538 445 2610 ζώων
499 2538 631 2614 βοῆς
686 2538 785 2603 τὴν
840 2535 1020 2610 κύκλῳ
1071 2536 1397 2615 περίχωρον,
1431 2540 1499 2610 τῇ
1528 2532 1583 2590 δὲ
1616 2537 1718 2591 τῶν
1757 2538 1947 2593 θυσιῶν

301 2631 483 2707 κνίσσῃ
517 2629 606 2684 καὶ
643 2628 799 2686 αὐτὸν
829 2625 1141 2702 μολύνεσθαι
1172 2628 1262 2682 τὸν
1293 2623 1442 2702 ἀέρα,

370 2799 453 2874 Γ’,
490 2809 707 2867 Τούτων
769 2810 906 2864 οὓτω
961 2805 1314 2880 τελουμένων,
1379 2804 1510 2883 γυνή
1566 2826 1646 2868 τις
1701 2804 1944 2877 εὐσεϐὴς,

292 2902 386 2968 τὴν
443 2903 646 2965 κλῆσιν
706 2899 1043 2973 Αἱκατερίνα,
1105 2895 1194 2952 νέα
1245 2895 1343 2962 τὴν
1401 2894 1636 2974 ἡλικίαν,
1691 2895 1784 2962 τὴν
1821 2892 1947 2969 ὄψιν

300 2988 656 3065 περικαλλὴς,
714 2989 776 3042 εκ
821 2985 1099 3062 βασιλικοῦ
1154 2985 1338 3064 γένους
1389 2983 1734 3062 προηγμένη,
1777 2990 1951 3039 πᾶσαν

297 3081 586 3136 ἐπελθοῦσα
647 3077 883 3157 γραφὴν,
943 3077 1042 3144 τὴν
1091 3075 1189 3141 ἔξω
1246 3096 1303 3130 τε
1347 3076 1433 3134 καὶ
1483 3075 1582 3141 τὴν
1613 3073 1729 3130 καθ’
1780 3075 1946 3146 ἡμᾶς,

289 3171 386 3224 ὑπὸ
459 3165 704 3228 πολλαῖς
790 3165 1149 3239 θεραπαινίσιν
1232 3165 1306 3226 εἷς
1370 3164 1470 3229 τὴν
1556 3158 1951 3231 Ἀλεξάνδρειαν

278 3258 544 3336 διάγουσα
577 3258 672 3328 ἦν,
710 3255 766 3311 ἐν
797 3253 972 3318 οἴκοις
1005 3255 1144 3312 οὕτω
1192 3253 1501 3332 βασιλικοῖς
1559 3251 1944 3328 ταμιευομένη,
1967 3298 2008 3348 C

283 3349 518 3424 Χριστὸν
582 3346 748 3418 μόνον
809 3343 977 3400 εἰδυῖα
1040 3347 1282 3424 νυμφίον,
1346 3345 1434 3400 καὶ
1487 3350 1564 3417 τῷ
1610 3349 1709 3411 τῆς
1760 3343 1946 3421 ψυχῆς

292 3441 434 3509 nimia
491 3434 698 3497 κάλλος
757 3441 1016 3512 τῃροῦσα,
1076 3434 1173 3490 καῖ
1230 3433 1378 3509 μόνῳ
1446 3435 1536 3489 τὸν
1605 3431 1774 3511 ἔρωτα
1848 3436 1948 3497 τῆς

300 3525 520 3602 κιᾳδὶας
580 3525 912 3583 ἆνάπτουσα.
976 3521 1119 3590 Αὕτη
1178 3521 1567 3603 χαλεπώτατον
1623 3520 1762 3578 οὕτω
1826 3523 1949 3585 τοὺς

304 3615 599 3689 ἆνθρώπους
672 3614 926 3690 ναυάγιον
1004 3611 1388 3686 ὑπομένοντας,
1466 3613 1552 3668 καὶ
1639 3610 1762 3688 περῖ
1845 3615 1950 3665 τῶν

1096 3703 1184 3758 καὶ
1269 3700 1672 3776 ἀπολλυμένους
1748 3703 1947 3778 ὁρῶσα,

310 3793 406 3848 καί
439 3791 614 3856 δεινῶς
650 3793 741 3860 τὴν
777 3791 965 3872 ψυχὴν
995 3794 1230 3848 παθοῦσα
1261 3793 1346 3848 καὶ
1399 3791 1530 3868 ὑπὲρ
1586 3797 1678 3848 τοῦ
1738 3789 1950 3846 Δεσπό-

308 3904 397 3938 sou
450 3881 755 3955 ζηλώσασα,
826 3884 944 3938 τότε
1007 3879 1240 3955 μάλιστα
1295 3883 1386 3937 τὸν
1441 3878 1525 3936 ἐπ’
1581 3879 1740 3936 αὖτὸν
1793 3879 1954 3936 πόθον

309 3703 553 3780 ἐσχάτων
620 3701 1012 3764 κινδυνεύοντας

299 3974 385 4029 καὶ
444 3974 535 4028 τὸν
592 3971 724 4048 ὑπὲρ
778 3979 876 4040 τῆς
942 3973 1168 4033 πίστεως
1218 3969 1355 4048 ἔγνω
1396 3969 1557 4042 ζῆλον
1600 3971 1821 4048 φανερὸν
1853 3991 1955 4025 κα·

294 4064 664 4131 ταστήσασθαι
729 4066 824 4118 καὶ
884 4059 1264 4137 παραλαϐοῦσα
1318 4061 1481 4122 ἐνίους
1541 4065 1648 4114 τῶν
1694 4058 1956 4137 θεραπόν-

291 4175 423 4222 των,
487 4151 680 4215 ειῖιθέως
740 4149 934 4229 ἐχώρει
982 4150 1112 4224 πρὸς
1175 4151 1265 4205 τὸν
1315 4150 1460 4223 ναὸν,
1494 4148 1549 4204 ἐν
1579 4151 1624 4222 ᾧ
1654 4149 1714 4204 τὸ
1753 4146 1955 4214 πλῆθος

286 4244 431 4317 μετα
489 4241 585 4296 to;
656 4240 918 4315 βασιλέως
992 4239 1322 4310 θυσιάζοντες
1395 4242 1555 4312 ἦσαν,
1629 4240 1717 4294 καὶ
1788 4244 1955 4293 στᾶσα

284 4335 423 4408 πρὸς
484 4337 558 4406 τῇ
614 4336 763 4407 cpias},
825 4328 965 4385 εἷλκε
1027 4330 1123 4402 μὲν
1176 4329 1267 4392 τὰς
1295 4329 1402 4384 τῶν
1435 4326 1610 4388 ἄλλων
1643 4325 1794 4402 ὄψεις
1825 4329 1953 4403 πρὸς

286 4423 488 4488 irony
520 4417 719 4483 κᾶλλος
750 4419 1037 4499 ἀμήχανον
1093 4421 1245 4497 οὖσα,
1277 4419 1364 4473 καὶ
1415 4418 1513 4485 τὴν
1566 4415 1710 4474 ἔνδον
1755 4416 1956 4491 ὡραιό-

284 4533 426 4576 τητα
454 4508 544 4565 διὰ
574 4514 676 4575 τῆς
705 4511 857 4572 ἐκτὸς
918 4509 1191 4583 μηνύοδσα
1255 4508 1455 4582 ὄψεως,
1521 4505 1726 4586 Ἠρέμα
1789 4505 1843 4562 δὲ
1893 4506 1957 4562 τὰ

283 4601 491 4676 καθαρὰ
553 4598 717 4679 χείλη
788 4597 1034 4676 διαρασα,
1113 4595 1261 4677 ἔχειν
1333 4619 1376 4653 τι
1453 4604 1560 4652 τὼν
1632 4595 1952 4674 ἀναγκαίων,

2033 2002 2413 2064 sacriﬁcium.
2451 2001 2594 2064 Cum
2630 2021 2700 2064 eo
2731 2012 2928 2065 autem
2966 2005 3245 2067 currebat
3288 2024 3465 2068 omne
3496 2025 3685 2086 genus

2035 2101 2092 2152 et
2117 2090 2312 2152 omnis
2335 2099 2498 2170 setas,
2531 2100 2588 2153 et
2612 2092 2928 2155 universus
2953 2103 3223 2174 senatus,
3249 2102 3306 2156 et
3324 2113 3532 2158 omnes
3556 2115 3694 2159 ma--

2032 2181 2337 2259 gistratus,
2375 2181 2666 2261 plebsque
2697 2191 2759 2242 et
2808 2183 3019 2263 vulgus
3046 2185 3384 2260 hominum,
3447 2205 3579 2266 quae
3615 2187 3689 2248 ad

2032 2269 2390 2332 sacriﬁcium
2445 2270 2846 2352 pertinebant,
2909 2274 3322 2356 unusquisque
3380 2275 3683 2338 atterens:

2030 2358 2178 2420 adeo
2201 2367 2262 2419 ut
2296 2365 2538 2439 propter
2563 2360 3003 2424 multitudinem
3031 2381 3262 2444 eorum,
3283 2364 3383 2446 qui
3415 2366 3688 2428 conﬂue-

2031 2446 2194 2528 bant,
2229 2457 2478 2528 angusta
2511 2458 2670 2511 esset
2699 2450 2827 2532 ipsa
2866 2453 3092 2530 civitas,
3153 2462 3468 2534 angustum
3529 2463 3684 2516 tem-

2033 2538 2192 2617 plum
2227 2559 2240 2601 :
2275 2539 2537 2601 clamore
2571 2555 2713 2601 vero
2747 2539 3059 2618 brutorum
3119 2543 3511 2606 animantium
3577 2546 3694 2606 cir-

2030 2637 2410 2690 cumsonaret
2439 2636 2556 2690 tota
2576 2629 2741 2709 regio
2775 2630 3204 2695 circumcirca:
3241 2633 3452 2697 nidore
3486 2642 3686 2697 autem

2031 2717 2459 2780 sacriﬁciorum
2491 2718 2618 2799 ipse
2650 2739 2888 2801 quoque
2916 2739 3022 2783 aer
3050 2721 3417 2786 inﬁceretur.

2112 2805 2213 2870 ΙΙΙ.
2241 2807 2385 2870 Cum
2413 2808 2542 2870 haec
2557 2808 2644 2870 sic
2676 2813 2912 2884 tierent,
2931 2811 3145 2873 mulier
3169 2813 3438 2894 quaedam
3463 2814 3558 2894 pia
3587 2832 3691 2876 no-

2035 2897 2195 2958 mine
2226 2896 2586 2971 }Ecatarina,
2622 2906 2794 2960 aetate
2829 2900 3090 2979 juvenis,
3153 2902 3406 2982 pulchra
3461 2905 3684 2984 specie,

2035 3004 2165 3067 quae
2194 3003 2380 3065 genus
2412 2985 2671 3050 ducebat
2717 3006 2788 3049 ex
2847 2989 3136 3068 sanguine
3194 2991 3384 3069 regio,
3448 3009 3685 3054 omnem

2032 3083 2228 3137 autem
2262 3082 2321 3137 et
2353 3083 2658 3137 externam
2692 3084 2749 3138 et
2781 3085 3045 3138 nostram
3077 3078 3434 3159 scripturam
3484 3080 3686 3160 perle-

2032 3164 2431 3246 gerat,multis
2453 3164 2686 3227 ancillis
2713 3166 2988 3228 comitata
3018 3166 3684 3246 degebatAlexandrite,

2035 3263 2092 3316 et
2121 3255 2207 3316 sic
2237 3253 2655 3316 asservabatur
2710 3255 2771 3316 in
2823 3254 3050 3317 aedibus
3104 3259 3309 3338 regiis,
3374 3266 3436 3320 et
3491 3259 3684 3321 solum

2033 3344 2338 3407 Christum
2375 3353 2544 3405 norat
2573 3362 2882 3424 sponsum,
2919 3353 2977 3406 et
3035 3345 3091 3406 ei
3145 3345 3362 3407 animae
3419 3345 3690 3408 servabat

2035 3433 2567 3516 pulchritudinem,
2602 3442 2662 3495 et
2693 3439 2752 3495 in
2783 3452 2922 3495 eum
2979 3436 3168 3496 solum
3228 3443 3356 3498 erat
3408 3455 3513 3498 cor
3558 3437 3690 3516 ejus

2034 3542 2236 3586 amore
2265 3522 2722 3586 inflammatum.
2759 3522 2895 3586 Htec
2929 3524 2978 3585 si
3010 3525 3221 3586 videns
3254 3525 3530 3586 homines
3564 3543 3692 3605 gra-

2034 3615 2335 3675 vissimum
2369 3613 2575 3675 subire
2608 3611 3002 3692 naufragium,
3039 3623 3096 3676 et
3127 3614 3334 3675 venire
3379 3615 3440 3676 in
3475 3623 3680 3677 extre-

2036 3721 2197 3764 mum
2229 3703 2507 3765 interitus
2538 3703 2899 3785 periculum.
2935 3704 3135 3765 animo
3169 3704 3425 3782 graviter
3454 3704 3686 3778 affecta,

2037 3801 2096 3855 et
2125 3810 2230 3872 pro
2273 3792 2527 3855 Domino
2560 3793 2936 3854 aemulatione
2967 3811 3034 3855 ac
3066 3794 3193 3854 zelo
3247 3793 3510 3866 incitata,
3548 3802 3692 3855 tunc

2040 3882 2296 3943 maxime
2324 3880 2527 3941 statuit
2551 3899 2722 3943 suum
2749 3881 3068 3944 ostendere
3091 3881 3483 3958 desiderium,
3509 3890 3568 3944 et
3589 3901 3693 3944 ar-

2041 3972 2284 4033 dentem
2317 3988 2424 4050 pro
2456 3970 2574 4030 ﬁde
2603 3970 2828 4032 zelum:
2869 3979 2927 4031 et
2959 3989 3092 4032 cum
3135 3972 3456 4033 nonnullos
3487 3990 3691 4034 secum

2039 4059 2363 4141 accepisset
2398 4058 2672 4131 famulos,
2706 4059 2982 4139 protinus
3015 4059 3278 4138 profecta
3315 4072 3406 4122 est
3442 4062 3502 4123 in
3539 4071 3694 4123 tem-

2040 4148 2294 4232 plum,in
2327 4167 2443 4226 quo
2477 4159 2606 4208 erat
2638 4148 2951 4209 multitudo
2984 4167 3116 4209 cum
3150 4168 3292 4227 rege
3323 4151 3693 4225 sacriﬁcans,

2041 4248 2100 4302 et
2131 4248 2296 4300 stans
2317 4239 2374 4300 in
2402 4239 2629 4319 limine,
2658 4238 2908 4299 aliorum
2935 4236 3176 4314 quidem
3207 4238 3404 4298 vultus
3432 4239 3502 4300 ad
3524 4258 3587 4299 se
3614 4247 3702 4301 at-

2041 4327 2412 4401 trahebat,ut
2442 4347 2577 4406 qua)
2609 4327 2829 4407 insigni
2885 4335 3045 4389 esset
3105 4327 3578 4408 pulchritudine,
3638 4337 3696 4390 et

2041 4421 2335 4481 internam
2370 4420 2632 4498 speciem
2657 4417 3020 4479 ostendebat
3048 4435 3154 4496 per
3180 4425 3510 4480 externam.
3541 4416 3696 4478 Sen-

2040 4509 2150 4570 sim
2180 4515 2377 4569 autem
2411 4527 2518 4570 sua
2549 4508 2770 4568 munda
2802 4506 2968 4568 labra
2995 4507 3460 4588 aperiens,dixit
3490 4525 3556 4568 se
3583 4507 3701 4567 ha-

2042 4597 2185 4659 bere
2217 4599 2621 4659 necessarium
2655 4596 2903 4677 aliquid,
2940 4596 3096 4677 quod
3151 4596 3382 4658 diceret
3431 4597 3698 4676 impera-

287 4688 414 4768 ἔφη,
449 4687 693 4755 λαλῆσαι
724 4696 800 4763 τῷ
831 4687 1068 4764 βασιλεῖ.
1104 4691 1163 4746 Οἱ
1196 4687 1366 4747 τοίνυν
1397 4688 1484 4743 ἒπὶ
1529 4693 1633 4742 τῶν
1684 4687 1950 4765 ἆγγελιιῦν

2039 4689 2172 4750 tori.
2235 4687 2349 4760 Qui
2406 4688 2607 4768 itaque
2682 4669 2907 4748 nuntiis
2957 4669 3308 4747 referendis
3378 4669 3698 4766 praeerant,

285 4777 612 4856 τεταγμένοι
646 4777 1138 4857 προσαγγέλλουσιν
1169 4779 1308 4852 αυτῷ
1338 4777 1402 4832 τὰ
1436 4775 1559 4855 περί
1599 4777 1697 4844 τῆς
1753 4775 1955 4854 παρθέ-

289 4892 399 4927 seu.
470 4867 731 4925 Κὰκείνου
790 4866 1204 4944 προστάξαντος,
1267 4866 1456 4930 εὐθέως
1519 4867 1808 4944 εἰσάγεται,
1867 4867 1956 4921 καὶ

301 4965 470 5015 στᾶσα
497 4960 602 5035 πρὸ
641 4963 740 5024 τῆς
773 4955 1019 5021 ἀναιδοῦς
1050 4957 1222 5031 ὅψεως
1263 4964 1356 5013 τοῦ
1385 4956 1658 5036 τυράννου,
1711 4953 1787 5011 ἔτι
1839 4950 1956 5030 περὶ

302 5047 394 5114 τήν
420 5049 606 5105 θυσίαν
640 5046 841 5104 ἐκείνου
889 5045 1275 5126 σχολάζοντος,
1336 5053 1554 5103 τοιαῦτα
1615 5047 1741 5124 πρὸς
1800 5043 1957 5099 αὐτὸν

303 5141 560 5216 σταθερῶς
595 5138 735 5194 πάνυ
766 5138 852 5192 καὶ
884 5135 1187 5213 ἐλευθερίως
1216 5134 1524 5216 ἐφθέγγετοθ

379 5227 461 5286 Δ’.
495 5229 711 5307 ,Εχρὴν
739 5225 835 5301 μέν
866 5247 924 5282 τε
978 5227 1066 5282 καὶ
1117 5227 1317 5282 οἱκοθεν
1374 5221 1606 5281 συνιδεῖν
1663 5223 1764 5291 τὴν
1821 5223 1958 5278 ἀπά-

293 5341 414 5392 την,
474 5321 522 5373 ὦ
588 5314 836 5394 βασιλεῦ,
898 5313 981 5372 ὅτι
1067 5318 1306 5393 φθαρνῶν
1371 5313 1660 5394 ἀνθρώπων
1720 5310 1956 5377 εἰδώλοις

293 5410 387 5464 οἷα
443 5412 590 5474 θεοῖς
649 5407 854 5470 θυσίαις
915 5402 1209 5475 ἐπιτελεῖς,
1277 5406 1364 5461 καὶ
1448 5405 1547 5470 τὴν
1635 5393 1957 5468 Ἑλληνικὴν

291 5501 488 5564 ταύτην
552 5497 764 5574 μωρίαν
837 5497 923 5551 καὶ
987 5495 1249 5573 αἰσχύνην
1319 5493 1638 5551 ἀποϐαλεῖν·
1724 5492 1837 5549 ἐπεὶ
1905 5490 1959 5546 δὲ

292 5592 457 5663 σκαιῴ
515 5590 843 5662 πειθόμενος
903 5583 1140 5658 δαίμονι,
1200 5586 1332 5660 πρὸς
1391 5583 1528 5639 οὕτω
1578 5583 1803 5661 φανερὰν
1863 5604 1957 5640 τυ-

290 5677 547 5756 φλώττεις
625 5677 915 5746 ἀλήθειαν,
1005 5670 1110 5728 ἔδει
1193 5673 1405 5736 πάντως
1491 5670 1612 5746 κᾶν,
1689 5679 1763 5746 τῷ
1834 5670 1959 5750 παρ’

289 5774 431 5848 υμῶν
499 5779 655 5854 σοφῷ
721 5763 983 5846 Διοδώρῳ
1043 5760 1344 5841 πεισθέντα,
1399 5769 1595 5844 γνῶναι
1647 5763 1770 5828 τοὺς
1826 5763 1961 5842 ὑμε-

2040 4777 2386 4858 imperatori
2450 4778 2525 4838 de
2575 4778 2807 4855 virgine
2853 4776 3231 4837 annuntiant.
3280 4778 3553 4856 Cumque
3600 4775 3701 4836 ille

2031 4867 2332 4948 jussisset,
2367 4867 2563 4927 statim
2599 4865 3032 4927 introducitur.
3068 4864 3211 4937 Qum
3241 4883 3375 4932 cum
3433 4863 3704 4925 stetisset

2041 4975 2240 5019 coram
2275 4957 2606 5037 impudenti
2642 4964 2908 5036 tyranno,
2946 4972 3081 5015 cum
3105 4954 3207 5015 ille
3239 4955 3439 5016 adhuc
3460 4963 3701 5016 vacaret

2042 5045 2358 5122 sacriﬁcio,
2387 5051 2726 5106 constanter
2746 5052 2804 5106 et
2833 5042 3023 5104 libere
3053 5042 3138 5102 sic
3168 5042 3225 5104 ei
3257 5050 3346 5104 est
3377 5043 3576 5104 locuta
3604 5063 3618 5105 :

2122 5222 2222 5287 ιν.
2255 5221 2584 5305 Oportebat
2615 5221 2881 5303 quidem,
2930 5244 2964 5287 ο
3015 5224 3364 5304 imperator,
3412 5230 3469 5284 te
3501 5240 3570 5283 ex
3603 5227 3704 5283 te-

2041 5311 2172 5392 ipso
2199 5321 2358 5374 tuam
2391 5313 2594 5374 videre
2613 5312 3052 5394 deceptionem,
3081 5312 3239 5393 quod
3273 5312 3612 5386 hominum,
3639 5312 3704 5372 in

2040 5420 2190 5481 quos
2244 5402 2403 5465 cadit
2462 5401 2763 5478 interitus,
2826 5403 3186 5477 simulacris,
3247 5410 3528 5483 tanquam
3587 5400 3706 5462 diis

2042 5491 2698 5574 oﬁ‘ers,etsacriﬁcia,et
2717 5493 2997 5569 gentilem
3014 5493 3166 5552 hanc
3188 5491 3497 5551 stultitiam
3525 5497 3584 5550 et
3601 5490 3635 5549 d
3649 5509 3706 5546 c-

2044 5579 2226 5642 decus
2254 5581 2542 5661 abjicere.
2582 5581 2870 5654 Quoniam
2929 5591 3126 5644 autem
3185 5579 3428 5641 sinistro
3492 5595 3710 5658 parens

2043 5669 2332 5748 daamoni,
2362 5671 2436 5733 ad
2461 5669 2613 5732 adeo
2649 5671 3018 5734 manifestam
3077 5669 3316 5730 caeculis
3363 5667 3706 5736 veritatem,

2048 5767 2351 5848 oporteret
2383 5758 2626 5826 omnino
2675 5759 2932 5846 sapienti
3001 5757 3236 5834 saltem,
3270 5755 3373 5841 qui
3435 5763 3524 5821 est
3551 5753 3709 5835 apud
