4136 6428
473 405 594 476 279

1777 404 1830 468 Μ
1843 402 2059 468 ENSIS
2100 401 2543 469 NOVEMBER.

3746 388 3882 461 280

477 565 605 622 vos,
637 543 900 610 Diodoro
915 543 1284 624 credentem,
1310 558 1673 622 cognoscere
1697 538 1979 621 quidnam
2009 538 2122 600 sint

2209 537 2389 617 τέρους
2445 537 2593 600 θεοὺς
2653 534 2782 616 ὅπερ
2841 535 2937 593 εἶσὶ
2999 535 3086 592 καὶ
3165 534 3244 612 μὴ
3317 530 3689 624 ἀπλῶςοῦτω
3768 532 3878 592 καί

479 637 663 701 vestri
692 636 798 713 dii,
832 644 890 699 et
918 654 1037 698 non
1070 642 1184 697 tam
1218 630 1684 705 inconsiderate,
1720 647 1851 711 quas
1875 646 1992 690 non
2016 627 2127 689 de-

481 736 619 791 cent
650 727 800 790 velle
827 726 1026 789 facere
1062 744 1078 800 ;
1125 732 1179 786 et
1213 741 1332 784 non
1366 721 1511 783 deos
1558 731 1767 801 putare
1812 716 2132 779 simulacra

482 816 820 890 hominum,
856 815 959 897 qui
993 813 1173 876 vitam
1210 814 1427 873 misere
1470 810 1770 871 ﬁnierunt.
1808 807 1910 869 llle
1968 807 2127 897 enim

482 905 629 968 dicit
660 913 719 969 et
747 905 889 967 deos
933 903 1121 965 fuisse
1175 900 1473 974 homines,
1525 907 1581 961 et
1631 906 1875 980 prOpter
1933 896 2132 975 aliqua

480 993 760 1061 beniﬁcia
830 994 1169 1055 nominatos
1217 990 1400 1052 fuisse
1457 988 1848 1049 immortales.
1912 983 2132 1050 Scribit

479 1092 676 1146 autem
714 1083 878 1163 ipsos
909 1099 1148 1163 quoque
1180 1078 1464 1142 habuisse
1498 1078 1766 1158 praprias
1819 1075 2126 1136 nominum

478 1171 934 1255 appellationes,
967 1171 1371 1251 etimperasse
1404 1166 1758 1249 quibusdam
1783 1163 2130 1255 regionibus

478 1253 540 1325 et
561 1253 926 1324 civitatibus.
949 1258 1105 1321 Dicit
1124 1277 1263 1321 vero
1289 1257 1567 1319 homines
1591 1254 1876 1336 deceptos
1900 1253 2125 1333 ignora-

478 1350 663 1425 tione,
697 1368 802 1413 eos
831 1367 1075 1412 vocasse
1104 1347 1273 1424 deos,
1310 1356 1366 1408 et
1396 1345 1671 1407 reSulisse
1719 1344 1775 1404 in
1813 1361 2127 1405 numerum

474 1437 930 1502 immortalium.
963 1436 1147 1500 Porro
1175 1445 1374 1499 autem
1406 1434 1559 1497 alius
1602 1451 1840 1516 quoque
1888 1432 2130 1513 sapiens

477 1529 639 1609 apud
671 1547 776 1590 vos
807 1547 877 1590 ex
908 1527 1005 1608 iis,
1034 1526 1134 1607 qui
1158 1524 1648 1604 conscripserunt
1675 1520 2128 1599 historias,dixit

475 1617 644 1680 illum
677 1616 922 1682 Sarrum
978 1617 1278 1679 invenisse
1311 1614 1566 1694 primum
1629 1630 1727 1673 res
1786 1610 2123 1691 gentilium.

473 1705 592 1771 Eos
625 1706 813 1788 enim,
845 1706 949 1785 qui
997 1705 1211 1788 priscis
1271 1701 1667 1784 temporibus,
1728 1711 1830 1762 aut
1885 1700 2123 1761 fortitu—

2213 626 2543 704 ἀλλογίστως
2614 625 2832 683 τοιαῦτά
2905 648 2965 683 τε
3032 625 3375 705 ἀσχημονεῖν
3445 622 3673 698 ὶλέσθαι,
3772 623 3880 680 καί

2211 716 2356 782 θεοὺς
2440 716 2693 791 νομίζειν,
2783 714 2998 781 ἐλεινῶς
3080 717 3169 772 τὸν
3250 714 3360 790 βίον
3449 712 3882 771 καταλυσάντων

2214 805 2500 885 ἀνθρώπων
2531 803 2752 867 εἴδωλα,
2812 807 2951 872 Φησὶ
3008 806 3107 884 γὰρ
3165 804 3395 878 ἐκεῖνος,
3450 803 3760 881 ἀνθρώπους
3817 823 3881 857 τε

2212 897 2334 961 τοὺς
2405 896 2552 958 θεοὺς
2627 896 2769 952 εἶναι
2826 893 2999 973 λέγων
3060 896 3148 952 καὶ
3217 891 3284 950 δι’
3344 893 3642 972 εὒεργεσῖας
3716 892 3882 958 τινὰς

2611 986 2996 1060 ὀνομασθῆναι.
3105 976 3333 1062 Ἱστορεῖ
3418 982 3471 1039 δὲ
3551 985 3638 1039 καὶ
3708 981 3880 1047 ἰδίαις

2212 1076 2400 1139 αὖτοὺς
2505 1074 2777 1150 ἀνι-μάτων
2884 1074 3182 1155 ἐσχηκέναι
3288 1074 3685 1153 προσηγορίας,
3784 1073 3880 1128 καὶ

2212 1187 2371 1222 τινων
2442 1164 2591 1243 ἄρξαι
2665 1170 2860 1245 χωρῶν
2933 1186 2990 1222 τε
3064 1166 3148 1221 καὶ
3219 1164 3451 1227 πόλεων,
3530 1161 3757 1242 Ἀγνοίᾳ
3818 1161 3879 1217 δὲ

2210 1253 2572 1322 πλανηθέντας
2626 1258 2754 1333 φησὶ
2810 1256 2932 1321 τοὺς
2988 1254 3295 1333 ἀνθρώπους
3353 1254 3502 1317 θεοὺς
3559 1273 3616 1309 τε
3673 1253 3878 1316 αὐτοὺς

2212 1342 2431 1401 καλέσαι
2489 1346 2576 1402 καὶ
2648 1344 2932 1409 ἀθανασίας
2995 1341 3304 1422 περιϐαλεῖν
3391 1342 3675 1418 ἀξιώματι.
3771 1342 3877 1400 Καὶ

2212 1432 2372 1497 ἄλλος
2431 1431 2485 1489 δὲ
2548 1435 2708 1514 σοφὸς
2764 1431 2892 1514 παρ’
2940 1434 3069 1507 ὑμῖν
3116 1432 3278 1490 πάλιν
3328 1439 3431 1490 τῶν
3463 1432 3696 1510 ἱστορίαν
3730 1454 3878 1509 γρα-

2213 1523 2426 1597 ψάντων
2486 1526 2575 1580 τὸν
2634 1525 2843 1604 Σεροὺχ
2901 1523 3109 1580 ἐκεῖνον
3169 1521 3334 1603 ἔφησε
3389 1529 3598 1600 πρῶτον
3656 1522 3727 1578 τὰ
3780 1532 3876 1581 τοῦ

2206 1611 2570 1689 Ἑλληνισμοῦ
2655 1612 2908 1691 ἐξευρεῖν,
2987 1614 3115 1677 Τοὺς
3205 1614 3304 1691 γὰρ
3376 1612 3430 1668 ἑν
3504 1625 3621 1677 τοῖς
3698 1611 3876 1668 πάλαι

2209 1704 2426 1781 χρόνοις
2484 1703 2520 1772 ἢ
2586 1701 2794 1782 ἀνδρίας
2860 1705 2896 1771 ἢ
2967 1702 3169 1785 φιλίας,
3257 1703 3370 1760 εἴτε
3453 1704 3594 1765 τινὸς
3683 1702 3875 1779 ἑτέρας

2213 985 2502 1051 ἀθανάτους

475 1796 656 1874 dinis,
689 1804 785 1859 aut
816 1795 1119 1870 amicitias,
1156 1802 1257 1856 aut
1299 1793 1550 1872 alicujus
1598 1791 1841 1854 alterius
1889 1788 2122 1851 virtutis

2209 1789 2398 1869 ἀρετῆς
2456 1792 2607 1870 ἔργον
2682 1794 2903 1867 μνήμης
2979 1790 3117 1857 ἄξιον
3189 1793 3278 1849 καί
3307 1790 3542 1859 σπουδῆς
3605 1789 3880 1857 ἑπιδειξα·

476 1904 649 1967 opus,
711 1884 956 1963 dignum
1018 1882 1176 1965 quod
1238 1881 1547 1944 memorias
1622 1879 1964 1958 mandetur,
2032 1887 2122 1940 aul

2215 1882 2403 1957 μένους
2431 1881 2666 1959 ἀνδριᾶσι
2697 1880 2907 1961 λέγεται
2954 1883 3041 1938 καὶ
3098 1881 3321 1952 στήλαις
3388 1884 3638 1949 τιμῆσαι.
3705 1882 3770 1940 Οἱ
3823 1878 3877 1936 δὲ

475 1973 538 2036 in
568 1974 726 2056 quod
762 1973 1023 2036 studium
1059 1972 1420 2044 conferatur,
1455 1970 1869 2044 ostenderunt,
1915 1968 2132 2030 dicitur

474 2064 801 2127 honorasse
823 2065 1032 2126 statuis
1058 2082 1125 2124 ac
1152 2059 1515 2124 simulacris.
1559 2058 1672 2134 Qui
1707 2067 1903 2121 autem
1940 2058 2124 2137 majo-

474 2170 610 2215 rum
644 2159 907 2215 mentem
943 2151 1293 2231 ignorarunt
1324 2149 1572 2231 posteri,
1608 2148 1764 2229 quod
1801 2165 1904 2208 eus
1932 2146 2124 2207 solum

475 2240 787 2304 memoriae
815 2241 1023 2321 gratia,
1057 2239 1247 2321 utqui
1285 2257 1410 2300 rem
1447 2239 1707 2319 aliquam
1763 2235 2127 2297 laudabilem

472 2331 1187 2405 feceranthonorassent,
1224 2332 1431 2408 eisque
1459 2327 1748 2406 imagines
1800 2333 1858 2387 et
1909 2334 2128 2386 statuas

474 2420 840 2501 posuissent,
874 2419 946 2481 ad
972 2418 1246 2481 homines
1270 2416 1612 2479 interituiet
1635 2414 1878 2476 omnino
1910 2413 2125 2475 simili-

472 2508 589 2571 bus
621 2509 913 2571 obnoxios
941 2506 1359 2571 aﬂ'ectionibus
1388 2514 1809 2568 accesserunt:
1844 2518 1899 2565 et
1948 2512 2010 2564 ut
2040 2503 2127 2564 eis

473 2597 690 2660 ﬁerent
722 2596 1037 2674 sacriﬁcia,
1074 2597 1455 2677 honoresque
1488 2594 1877 2674 haberentur,
1913 2601 1967 2654 et
1998 2592 2128 2654 dies

472 2685 613 2749 festi
643 2686 1122 2759 celebrarentur,
1160 2685 1562 2767 providerunt.
1595 2684 1709 2746 Eos
1741 2692 1935 2745 vester
1984 2701 2128 2756 quo-

471 2793 591 2857 que
622 2777 863 2857 sapiens
895 2774 1248 2838 Plutarchus
1278 2774 1645 2836 Cheronwus
1665 2775 1880 2852 arguit,
1918 2770 2125 2832 (licens

470 2883 574 2928 eos
607 2865 896 2928 inducere
930 2882 1197 2927 errorem
1257 2862 1610 2943 imaginum,
1644 2862 1865 2944 quibus
1894 2869 2129 2941 oportet

471 2962 529 3016 te
556 2971 792 3036 quoque
835 2953 1149 3032 credere,o
1175 2955 1521 3034 imperator.
1552 2955 1685 3016 Non
1721 2953 1880 3014 enim
1914 2950 2127 3012 alienis

471 3043 739 3115 omnino,
775 3044 880 3105 sed
918 3052 1030 3105 llllS
1059 3043 1293 3118 credes,
1330 3051 1388 3105 et
1421 3061 1539 3104 non
1590 3050 1705 3104 tam
1744 3040 1956 3102 multas
1988 3040 2117 3101 auio

469 3149 596 3195 mas
625 3131 915 3196 inducere
949 3132 1007 3195 in
1041 3143 1376 3196 extremum
1429 3132 1770 3194 barathrum
1817 3130 2119 3194 interitus.

464 3223 582 3285 Pro
609 3222 828 3303 quibus
858 3223 989 3304 ipse
1020 3224 1237 3285 misere
1267 3223 1397 3284 lues
1442 3240 1674 3303 poenas,
1726 3229 1783 3282 et
1834 3228 2122 3282 aeternum

465 3309 700 3373 subibis
760 3311 1146 3393 supplicium,
1205 3312 1569 3392 gehennam,
1632 3310 1900 3391 inquam,
1944 3310 2120 3389 ignis,

469 3416 603 3483 quas
635 3418 944 3477 nunquam
973 3399 1217 3475 desinit,
1239 3400 1344 3462 sed
1380 3400 1666 3480 majorem
1694 3418 1933 3480 semper
1955 3400 2118 3460 ﬂam-

472 3507 633 3554 mam
663 3489 961 3553 accendit.
988 3487 1094 3552 llis
1117 3509 1258 3570 ergo
1284 3489 1684 3570 persuaderis,
1715 3509 1749 3552 o
1774 3490 2119 3570 imperator,

471 3589 534 3642 et
547 3596 866 3660 persuasus
889 3595 1144 3659 agnosce
1157 3598 1363 3642 verum
1391 3579 1577 3641 Deum
1603 3579 1932 3657 solum,qui
1958 3578 2123 3642 dedit

469 3666 577 3731 tibi
607 3668 720 3731 hoc
756 3667 1102 3748 imperium,
1166 3682 1225 3732 et
1287 3678 1574 3750 prmterea
1633 3670 1819 3749 ipsam
1881 3688 2122 3750 quoque

467 3758 646 3820 vitam
680 3757 956 3840 praebuit.
1019 3757 1131 3831 Qui
1188 3777 1323 3820 cum
1383 3768 1541 3821 esset
1588 3758 1746 3822 Deus
1774 3766 2032 3821 mternus
2065 3767 2121 3821 et

465 3846 849 3929 immortalis,
884 3856 1126 3929 propter
1156 3866 1264 3909 nos
1294 3848 1474 3912 homo
1508 3867 1741 3929 quoque
1785 3848 1972 3909 factus
2003 3858 2115 3930 est,

468 3954 833 4017 crucemque
859 3944 917 3998 et
939 3946 1186 3998 mortem
1215 3937 1417 4017 elegit,
1446 3956 1553 3999 nos
1576 3938 1797 4000 faciens
1821 3957 2063 4018 surgere
2086 3958 2121 4001 a

466 4032 663 4087 morte
694 4024 1142 4103 iuobedientias,
1179 4035 1238 4089 et
1271 4037 1330 4088 ut
1363 4027 1491 4108 ipse
1521 4027 1655 4101 scit,
1689 4038 1951 4090 nostram
1975 4048 2117 4110 pro-

466 4133 685 4178 curans
715 4114 991 4180 salutem.
1024 4117 1080 4180 Is
1110 4124 1167 4179 et
1196 4135 1431 4189 eorum.
1466 4118 1567 4198 qui
1600 4126 1825 4193 errant,
1858 4126 1945 4179 est
1971 4116 2116 4182 Sero

462 4212 654 4283 vator,
690 4213 748 4268 et
782 4223 884 4268 eos
919 4223 1068 4289 quos
1100 4207 1346 4287 pmnitet
1397 4206 1654 4286 benigne
1703 4215 1763 4269 et
1789 4207 2119 4272 clementer

465 4294 713 4375 excipit.

545 4384 713 4448 V.Ad
741 4384 868 4447 haec
898 4385 984 4448 ira
1004 4385 1286 4466 impletur
1303 4386 1631 4449 Maxentius
1656 4385 2114 4469 [Maximinus],

2215 1972 2349 2048 μετά
2406 1980 2593 2047 ταῦτα,
2657 1972 2751 2040 τῂν
2817 1977 2917 2027 τῶν
2977 1972 3249 2050 προγόνων
3305 1969 3668 2050 ἀγνοήσαντες
3724 1969 3877 2050 γνώ-

2214 2085 2347 2141 μην,
2419 2064 2508 2119 καὶ
2584 2060 2664 2118 δτι
2736 2062 2958 2137 μνήμης
3042 2062 3196 2119 ἕνεκα
3270 2062 3431 2136 μόνον
3504 2061 3721 2135 αὖτοῦς,
3800 2063 3874 2126 ὡς

2213 2152 2490 2210 ἐπαινετὸν
2543 2174 2590 2208 τι
2656 2157 2876 2229 πρᾶγμα
2942 2153 3338 2230 πεποιηκὸτας,
3411 2150 3698 2225 ἐτίμησαν,
3777 2150 3873 2207 καί

2211 2241 2519 2320 ἀνδριάντας
2579 2244 2762 2306 αὒτοϊς
2822 2243 2910 2300 καὶ
2968 2241 3166 2312 στήλας
3224 2240 3545 2319 ἀνέστησαν,
3604 2242 3679 2304 ὡς
3745 2243 3873 2298 ἀθα-

2212 2333 2385 2396 νάτοις
2469 2335 2614 2395 θεοϊς
2721 2345 2838 2397 τοῖς
2930 2330 3307 2408 ὁμοιοπαθέσιν
3389 2331 3687 2408 ἀνθρώποις
3781 2334 3870 2388 καὶ

2212 2426 2461 2502 φθαρτοῖς
2568 2420 2963 2500 προσετέθησαν
3063 2423 3149 2477 καὶ
3242 2420 3419 2484 θυσίας
3507 2423 3692 2488 αἱτοῖς
3782 2423 3871 2478 καὶ

2212 2514 2367 2588 τιμὰς
2424 2513 2511 2570 καὶ
2570 2512 2890 2589 πανηγύρεις
2949 2511 3334 2581 ἐπενοήσαντο.
3397 2512 3614 2577 Τούτοις
3670 2510 3725 2569 δὲ
3780 2513 3868 2569 καὶ

2211 2604 2237 2657 ὁ
2291 2604 2450 2679 σοφὸς
2508 2602 2655 2675 ὑμῶν
2712 2600 3056 2681 Πλούταρχος
3108 2603 3136 2658 ὁ
3199 2601 3494 2680 Χαιρωνεῦς
3551 2602 3867 2680 ἓπιμέμφε-

2209 2713 2321 2766 ται,
2376 2689 2584 2757 πλάνην
2638 2689 2961 2766 ἀγαλμάτων
3022 2691 3207 2753 α’δτοδῖ
3267 2691 3613 2768 παρεισάγειν
3663 2691 3864 2768 λέῖωνι

2210 2783 2295 2844 οἷς
2325 2781 2437 2860 χρὴ
2489 2782 2766 2846 πεισθῆναι
2832 2781 2914 2835 καὶ
2978 2778 3060 2853 σὲ,
3119 2778 3361 2856 βασιλεῦ.
3424 2780 3536 2836 Οὔκ
3566 2778 3865 2858 ἀλλοτρίοις

2211 2870 2311 2947 γὰρ
2371 2868 2607 2943 παντως,
2669 2867 2806 2924 ἀλλά
2858 2881 2974 2928 τοῖς
3052 2870 3261 2933 οἰκείοις
3334 2868 3706 2944 ἐπειθόμενος,
3780 2871 3867 2926 καὶ

2210 2960 2287 3034 μὴ
2344 2960 2527 3035 ψυγάς
2587 2959 2846 3023 τοσαύτας
2909 2960 2982 3022 εἷς
3031 2957 3260 3038 ἔσχατον
3306 2960 3564 3037 βάραθρον
3594 2959 3861 3023 ἀπωλείας

2207 3050 2485 3127 κατάγειν,
2558 3050 2633 3105 ὧν
2708 3051 2865 3112 αὖτὸς
2938 3047 3108 3118 δήπου
3174 3050 3269 3117 την
3350 3048 3592 3124 κόλασιν,
3667 3049 3853 3112 ἀθλίως

2206 3138 2433 3213 ὑφέξεις,
2493 3139 2579 3195 καὶ
2652 3136 2869 3195 κόλασιν
2937 3134 3185 3194 οὒδέποτε
3243 3136 3539 3215 λήγουσαν,
3603 3137 3718 3194 ἀλλ’
3773 3139 3848 3192 ἀεὶ

2208 3229 2420 3304 μείζονα
2492 3250 2573 3286 σοι
2648 3230 2746 3295 τὴν
2810 3227 2901 3285 τοῦ
2975 3229 3136 3305 πυρὸς
3207 3229 3545 3286 ἀνάπτουσαν
3612 3249 3838 3306 γέενναν.

2208 3319 2423 3381 Τούτοις
2485 3318 2573 3376 οὖν
2634 3319 2903 3389 πείσθητι,
2951 3316 3193 3394 βασιλεῦ,
3236 3317 3331 3375 καὶ
3366 3318 3587 3382 πεισθεὶς
3618 3317 3838 3394 ἐπίγνω-

2205 3412 2253 3464 θι
2289 3410 2419 3464 Θεὸν
2449 3405 2624 3475 ἀληθῆ
2660 3409 2823 3482 μόνον
2856 3408 2944 3463 τὸν
2988 3405 3253 3464 δεδωκότα
3295 3429 3377 3464 σοι
3439 3409 3538 3475 τὴν
3592 3406 3845 3484 βασίλειον

2206 3498 2404 3564 ταύ.ην
2462 3498 2663 3577 ἀρχὴν,
2723 3496 2937 3574 προσέτι
2995 3495 3049 3552 δὲ
3107 3498 3270 3553 καῦτὸ
3327 3499 3388 3554 τὸ
3437 3504 3529 3574 ζῇν
3564 3495 3847 3576 παρασχὸ-

2208 3608 2389 3667 μενον,
2448 3588 2504 3649 ὃς
2562 3588 2690 3652 Θεὸς
2740 3588 2811 3643 ὣι
2855 3586 3025 3652 ἀίδιος
3056 3589 3143 3644 καὶ
3172 3588 3425 3652 ἀθάνατος
3460 3590 3551 3644 καί
3584 3585 3849 3661 ἅνθρωπος

2206 3676 2419 3756 ὕστερον
2484 3676 2693 3756 ἐγένετο
2751 3676 2816 3732 δι’
2877 3679 3019 3745 ἡμᾶς
3077 3679 3163 3734 καὶ
3214 3680 3436 3756 σταυρὸν
3484 3678 3571 3733 καὶ
3632 3678 3851 3735 θάνατον

2207 3765 2407 3842 εἵλετο,
2467 3774 2558 3823 τοῦ
2609 3766 2834 3824 θανάτου
2891 3772 2989 3835 τῆς
3062 3772 3338 3844 παρακοῆς
3410 3770 3551 3842 ἡμᾶς
3604 3766 3851 3840 ἀνιστῶν,

2206 3858 2291 3912 καὶ
2322 3858 2393 3919 ὡς
2437 3858 2591 3920 αὐτὸς
2647 3855 2765 3914 οἶδε
2824 3858 2921 3924 τὴν
2982 3857 3246 3933 σωτηρίαν
3317 3858 3850 3934 πραγματευόμενος.

2201 3946 2364 4010 Οὗτος
2422 3947 2509 4002 καί
2565 3952 2670 4003 τῶν
2725 3944 3087 4015 πλανωμένων
3135 3945 3249 4002 ἐστὶ
3306 3947 3523 4023 Σωτὴρ,
3583 3946 3675 4002 καὶ
3737 3946 3853 4007 τοῦς

2201 4035 2585 4110 μετανοοῦντας
2649 4035 2820 4103 ἠπίως
2908 4036 3040 4093 πάνυ
3125 4037 3217 4093 καί
3292 4041 3573 4115 προσηνῶς
3663 4032 3855 4093 ὐποδέ-

2201 4143 2385 4202 χεται,

2283 4391 2361 4455 Ε’.
2428 4392 2564 4469 Πρὸς
2622 4398 2788 4449 ταῦτα
2846 4393 3009 4470 ὀργῆς
3073 4396 3101 4450 ὁ
3158 4391 3441 4459 Μαξέντιος
3496 4392 3853 4466 ὑποπίμπλα-

464 4480 524 4571 et
555 4492 689 4535 cum
722 4473 958 4535 fervens
991 4474 1233 4554 sanguis
1266 4474 1337 4535 ad
1372 4493 1479 4537 cor
1510 4476 1644 4555 ejus
1678 4474 1976 4537 medicum
2026 4476 2117 4539 af-

2209 4504 2309 4554 ται,
2370 4482 2457 4539 καὶ
2513 4481 2606 4539 τοῦ
2661 4486 2825 4558 θυμού
2883 4483 2969 4541 ἐπὶ
3030 4483 3204 4559 μέσην
3254 4485 3396 4558 αὖτῷ
3468 4482 3856 4562 καταρῤεύσαν·

462 4560 758 4635 ﬂuxisset,
790 4581 897 4624 vox
931 4581 1171 4644 quoque
1198 4563 1255 4626 ei
1286 4562 1396 4625 fuit
1427 4563 1742 4640 exstincta,
1776 4573 1835 4626 et
1866 4583 1977 4627 nec
2008 4585 2119 4647 po-

461 4651 574 4713 tuit
605 4649 848 4731 quidem
879 4652 1132 4713 omnino
1166 4651 1560 4734 respondere.
1596 4651 1740 4715 Cum
1798 4662 1995 4716 autem
2047 4655 2118 4715 ad

466 4756 535 4802 se
569 4738 667 4800 vix
701 4740 939 4802 tandem
974 4740 1275 4815 rediisset,
1311 4749 1368 4803 et
1401 4761 1534 4822 qua:
1565 4761 1597 4803 a
1655 4750 1912 4823 martyre
1964 4744 2123 4807 dicta

461 4826 722 4909 fuerant,
752 4828 1004 4891 vidisset
1035 4847 1167 4891 esse
1196 4829 1504 4903 validiura,
1533 4848 1708 4912 quam
1738 4840 1800 4892 ut
1823 4840 2027 4893 contra
2053 4852 2122 4894 ea

463 4915 585 4979 dici
619 4924 846 4997 posset,
877 4919 1052 4981 Nunc
1080 4919 1351 5001 quidem,
1385 4920 1607 4998 inquit,
1642 4938 1675 4981 o
1705 4919 1945 5002 mulier,
1989 4920 2121 4984 sine

463 5023 752 5088 peragere
772 5006 1135 5071 sacriﬁcium
1164 5029 1180 5085 ;
1206 5008 1382 5089 paulo
1408 5015 1540 5090 post
1562 5018 1757 5070 autem
1781 5007 1855 5071 de
1878 5010 1969 5087 iis,
1990 5030 2123 5092 quze

463 5095 639 5178 dicis,
680 5096 995 5160 audiemus
1024 5098 1312 5179 apertius.
1348 5100 1599 5161 Peracto
1630 5116 1769 5177 ergo
1801 5099 2116 5181 sacriﬁcio,

462 5193 524 5249 et
552 5185 703 5249 festo
737 5205 844 5267 per
874 5188 1000 5249 haec
1030 5188 1248 5270 soluto,
1279 5188 1341 5249 in
1391 5188 1617 5267 regiam
1669 5206 1968 5265 reversus,
2012 5208 2116 5252 ac-

461 5275 644 5338 cersit
678 5274 936 5341 beatam.
975 5277 1299 5360 Postquam
1364 5285 1562 5339 autem
1623 5294 1696 5339 ea
1753 5277 1936 5339 astitit
1968 5297 1981 5343 :
2012 5279 2119 5343 Dic

462 5364 659 5439 nobis,
688 5366 908 5444 inquit,
943 5385 1215 5447 quaenam
1249 5386 1336 5448 es,
1368 5373 1470 5430 aut
1527 5385 1799 5447 quaenam
1859 5377 1998 5431 sunt
2050 5389 2120 5432 ea

459 5453 665 5535 verba,
699 5474 832 5537 quae
861 5474 926 5519 es
956 5456 1129 5518 nobis
1165 5455 1411 5519 locuta?
1455 5454 1560 5518 Illa
1594 5463 1788 5518 autem
1821 5478 1834 5521 :
1882 5456 2115 5542 Nescis,

461 5542 680 5625 inquit,
714 5564 749 5606 ο
779 5545 1124 5628 imperator,
1158 5564 1429 5627 quasnam
1478 5564 1589 5626 ego
1623 5546 1787 5610 sim?
1820 5549 1965 5612 Sum
1998 5550 2117 5613 ﬁlia

461 5631 863 5713 imperatoris,
899 5635 1001 5717 qui
1033 5643 1091 5698 te
1124 5636 1451 5717 praecessit:
1489 5653 1668 5698 vocor
1706 5644 1903 5700 autem
1932 5641 2110 5703 Αἰολ-

465 5719 685 5788 terina.
721 5720 865 5791 Sum
896 5743 1034 5789 vero
1066 5724 1386 5790 exercitata
1444 5724 1509 5790 in
1568 5725 1734 5791 omni
1790 5726 2110 5811 disciplina

2203 4593 2292 4635 τος
2365 4572 2464 4640 τὴν
2534 4570 2772 4651 καρδίαν,
2840 4571 3062 4641 ἐσϐέσθη
3134 4595 3192 4630 τε
3266 4575 3407 4648 αὒτῷ
3462 4575 3497 4641 ἡ
3556 4574 3706 4653 φωνὴ
3768 4571 3852 4629 καὶ

2205 4659 2318 4718 οὐδὲ
2349 4662 2725 4740 ἀποκρίνασθαι
2775 4661 2913 4729 ὅλως
2966 4663 3150 4743 εἶχεν.
3209 4660 3343 4740 Ὀψέ
3394 4661 3446 4719 δὲ
3500 4665 3588 4720 καὶ
3618 4662 3850 4741 βραδέως

2203 4751 2524 4828 ἀνενεγκὼν,
2587 4751 2699 4809 ἐπεὶ
2770 4752 2948 4820 πάσης
3018 4753 3330 4819 ἀντιθέσεως
3401 4752 3725 4832 ἰσχυρότερα
3789 4752 3851 4806 τα

2205 4840 2303 4894 ὕπὸ
2362 4844 2458 4906 τῆς
2526 4842 2784 4923 μάρτυρος
2859 4842 3112 4921 εἰρημένα
3184 4842 3321 4919 εἶδε,
3381 4850 3467 4900 νῦν
3528 4843 3626 4918 μὲν
3699 4841 3852 4899 ἔασον

2209 4929 2229 4983 ἑ
2292 4935 2307 4944 ι
2430 4928 2454 4949 ν
2663 4932 2675 4954 ι
2892 4934 2905 4949 ι
3108 4934 3118 4955 ρ
3240 4932 3255 4949 ν
3437 4932 3446 4947 ο
3749 4929 3763 4950 ε
3828 4930 3840 4943 ο

2224 4950 2370 5009 ιμας,
2431 4952 2555 5011 εφη,
2614 4954 2790 5011 γυναι,
2853 4954 2950 5001 την
3005 4936 3183 4991 θυσιαν
3236 4945 3540 4990 επιειελεσαι
3577 4951 3589 4965 ⁸
3641 4954 3743 5008 μετ
3795 4952 3850 4986 ου

2204 5015 2336 5075 πολῦ
2405 5016 2461 5076 δὲ
2528 5020 2850 5101 σαφέστερον
2919 5024 3039 5101 περὶ
3094 5026 3168 5080 ὧν
3239 5021 3427 5087 λαλεῖς
3493 5021 3845 5099 ἀκουσόμεθα.

2204 5106 2544 5177 Τελεσθείσης
2618 5113 2706 5168 οὖν
2773 5117 2873 5179 τῆς
2956 5113 3161 5188 θυσίας,
3239 5114 3331 5170 καὶ
3403 5111 3646 5178 λυθείσης
3719 5106 3850 5186 μετὰ

2202 5204 2367 5255 ταυτα
2436 5204 2534 5267 τῆς
2622 5201 2836 5281 ἑορτῆς,
2925 5201 3226 5260 ἐπανελθὼν
3299 5204 3375 5267 εἷς
3446 5198 3513 5258 τὰ
3583 5198 3843 5278 βασίλεια,

2202 5288 2583 5364 μετάπεμπτον
2656 5304 2807 5349 ποιεῖ
2883 5303 2982 5360 την
3053 5292 3338 5370 μακαρίαν.
3421 5291 3571 5350 Ἐπεὶ
3640 5288 3695 5348 δὲ
3764 5285 3848 5343 κιὶ

2203 5376 2463 5455 παρέστη.
2502 5380 2629 5436 Εἰπὲ
2658 5381 2820 5456 ἡμῖν,
2874 5381 3000 5462 ἔφη,
3059 5383 3137 5447 τίς
3194 5387 3269 5455 εἴ,
3323 5384 3411 5440 καὶ
3458 5384 3593 5445 τίνες
3626 5383 3672 5438 οἱ
3699 5378 3845 5454 λόγοι

2203 5468 2289 5527 οὒς
2348 5465 2617 5534 ἐλάλησας
2677 5471 2809 5548 πρὸς
2864 5471 3055 5547 inde;
3118 5473 3186 5530 Ἥ
3241 5470 3334 5530 δέ·
3387 5474 3494 5531 Οὓκ
3529 5470 3710 5549 οἶσθα,
3742 5468 3844 5544 βα·-

2199 5553 2366 5631 σιλεῦ,
2428 5555 2546 5624 ἥτις
2603 5556 2711 5636 ἐγώ
2735 5578 2760 5637 ,'
2816 5561 2919 5618 Τοῦ
2975 5564 3076 5642 πρὸ
3133 5563 3226 5629 σοῦ
3297 5561 3561 5640 βασιλέως
3615 5559 3841 5637 θυγάτηρ

2197 5645 2357 5721 εἰμί’
2392 5647 2703 5724 Αἷκατερίνα
2770 5647 2826 5706 δέ
2883 5652 3152 5729 κέκλημαι
3185 5670 3199 5684 ⁶
3259 5651 3502 5729 ἤσγημαι
3559 5648 3613 5706 δὲ
3675 5653 3837 5706 πᾶσαν

2196 5733 2456 5818 παιδείαν,
2490 5737 2780 5819 ῥητορικῆς
2854 5743 2941 5800 καὶ
2996 5742 3341 5827 φιλοσοφίας,
3402 5740 3727 5824 γεωμετρίας
3782 5754 3835 5793 τε
