4136 6488
384 383 509 457 281

1534 370 2008 449 MARTYRIUM
2051 381 2113 450 S.
2174 382 2670 451 GATHARINE.

3678 378 3797 458 282

386 524 480 582 καὶ
535 524 649 585 τῶν
679 517 857 585 ἄλλων
915 516 1261 597 ἐπιστημῶν.
1296 514 1465 580 Ἀλλὰ
1526 515 1652 600 παρ’
1683 516 1829 578 οὐδὲν
1878 518 2048 578 ἐκεῖνο

2140 518 2462 585 rhetoricae
2510 529 2571 586 et
2597 519 3013 606 philosophia,
3046 520 3394 606 geometriae
3436 530 3496 591 et
3542 524 3794 591 aliarum

384 612 594 691 θεμένη
683 612 862 670 πάντα
893 658 912 693 ,
981 609 1146 679 ἦλθον
1217 613 1570 691 νυμφευθῆναι
1669 613 1748 685 τῷ
1818 608 2061 684 ἇθαθάτῳ

390 704 602 783 νομφίῳ
702 700 917 782 Χριστῷ
1014 698 1099 756 δὶὰ
1193 706 1285 757 τοῦ
1366 701 1645 780 προφήτου
1741 697 2060 781 λαλήσαντι,

401 819 432 849 ι
460 791 686 866 ’Δπολῳ
741 794 838 861 τὴν
884 792 1073 873 σοφίαν
1133 793 1238 849 τῶν
1305 797 1507 872 σοφῶν,
1553 793 1641 848 καὶ
1701 791 1800 858 την
1859 792 2063 848 σύνεσιν

387 888 496 941 τῶν
526 889 764 941 συνετῶν
794 880 1059 952 ἆθετήσω.
1098 903 1124 940 n

468 973 577 1050 ς’.
642 982 751 1033 Τοῦ
813 969 868 1028 δὲ
925 968 1188 1049 βασιλέως
1247 971 1341 1029 ἐπί
1397 984 1514 1039 τοῖς
1587 973 1797 1049 ῥηθεῖσι
1852 972 2061 1047 θαυμά-

384 1086 614 1139 σαιτος,
671 1062 803 1121 εἶτα
846 1062 933 1118 καὶ
968 1060 1308 1140 ἐκτενέστερον
1363 1061 1495 1140 πρὸς
1549 1062 1711 1130 αὐτὴν
1755 1059 2057 1132 ἆπιδόντος,

387 1154 480 1211 καὶ
533 1150 819 1218 οἰηθέντος
879 1163 957 1228 μὴ
1017 1150 1161 1207 εἶναι
1221 1151 1419 1218 ταύτην
1490 1153 1614 1217 μίαν
1678 1153 1786 1207 των
1856 1151 2062 1229 γένεσιν

387 1242 497 1300 ἆπὸ
556 1242 661 1319 γῆς
727 1240 1075 1322 ἐσχηκότων,
1108 1238 1247 1298 ἀλλά
1294 1263 1414 1299 τινα
1463 1242 1568 1298 τῶν
1620 1245 1752 1297 θεῶν
1802 1240 2059 1298 ὀπτασίαν

380 1334 508 1411 ὁρᾷ»
552 1330 614 1388 ἐν
668 1331 947 1410 ἀνθρώπου
999 1330 1249 1411 σχήματι
1307 1327 1721 1408 διαλεγομένην,
1774 1329 1915 1387 οὕτω
1971 1332 2060 1388 καὶ

379 1422 666 1491 οἰηθέντος
733 1421 994 1496 καὶπρὸς
1053 1421 1210 1477 αὐτὸν
1269 1420 1797 1500 παραφθεγξαμένου,
1862 1422 1896 1489 ἡ
1944 1443 2056 1493 μα-

376 1512 546 1589 καρία
630 1511 726 1567 τὸν
798 1507 963 1589 λόγον
1046 1506 1382 1568 ὑπολαϐοῦσα
1453 1511 1581 1589 φησὶ
1660 1512 1794 1586 πρὸς
1874 1511 2052 1569 αὐτὸν·

373 1597 638 1667 ’Δληθῶς
690 1595 895 1674 ἔλεξας,
942 1597 989 1653 ὦ
1031 1596 1276 1674 βασιλεῦ.
1329 1598 1586 1673 Δαίμονες
1639 1598 1739 1677 γὰρ
1783 1601 1872 1662 οὒς
1930 1599 2054 1656 ὀνο-

383 1689 581 1765 μάζεις
653 1688 802 1751 θεοὺς
888 1686 1059 1761 ὄντες,
1143 1685 1479 1763 δαιμονικοϊς
1565 1689 1701 1763 ὑμᾶς
1786 1689 2057 1770 φάσμασιν

394 1777 666 1854 ianitor,
729 1776 817 1834 καὶ
874 1785 1007 1856 πρὸς
1063 1775 1346 1855 ἀσέλγειαν
1405 1775 1776 1856 ἐκκαλοῦνται,
1829 1778 1914 1834 καὶ
1984 1778 2057 1842 εἷς

2142 610 2556 675 scientiarum.
2619 611 2735 677 Sed
2771 614 2874 677 illa
2918 615 3120 679 omnia
3170 615 3320 679 nihil
3379 615 3628 694 ducens,
3662 615 3798 681 veni

2144 709 2210 761 ut
2231 700 2640 781 desponderer
2669 701 3001 767 immortali
3033 724 3254 786 sponso
3285 704 3544 776 Christo,
3579 705 3682 787 qui
3712 706 3796 767 lo-

2148 799 2318 852 cutus
2349 799 2438 853 est
2471 809 2578 873 per
2606 794 2954 874 prophetam
2990 816 3004 857 :
3036 796 3289 857 Pcrdam
3323 796 3673 878 sapientiam
3697 814 3795 859 sa-

2150 880 2465 961 pientium,
2493 886 2553 943 et
2585 882 2965 963 prudentium
2987 884 3345 965 prudentum
3379 886 3712 967 reprobabo
3741 886 3788 950 ί.

2227 966 2325 1033 VI.
2351 968 2495 1031 Cum
2517 980 2717 1033 autem
2752 973 3072 1053 imperator
3097 973 3421 1037 admiratus
3449 966 3629 1056 esset,
3664 993 3796 1057 quin

2147 1058 2307 1121 dicta
2326 1059 2580 1138 fuerant,
2606 1069 2663 1122 et
2685 1061 2744 1123 in
2772 1081 2901 1125 eam
2926 1063 3214 1128 intentius
3235 1063 3545 1127 deﬁxisset
3561 1065 3791 1141 oculos,

2148 1157 2207 1211 et
2254 1149 2657 1213 existimasset
2687 1170 2816 1214 eam
2873 1172 2989 1214 non
3023 1172 3154 1216 esse
3202 1172 3380 1217 unam
3416 1172 3487 1216 ex
3532 1155 3630 1234 iis,
3663 1173 3794 1234 quae

2146 1247 2295 1300 natas
2321 1248 2458 1301 sunt
2488 1258 2520 1301 e
2553 1249 2716 1302 terra
2741 1290 2756 1317 ,
2790 1242 2895 1304 sed
2928 1261 2992 1304 se
3019 1243 3266 1305 deorum
3300 1244 3555 1321 aliquam
3588 1244 3793 1309 videre

2141 1327 2457 1405 visionem,
2494 1328 2838 1410 loquentem
2871 1331 2933 1395 in
2964 1332 3172 1396 habitu
3204 1334 3460 1397 humano
3488 1352 3501 1398 :
3537 1354 3671 1396 cum
3708 1335 3793 1397 sic

2143 1425 2435 1499 putasset,
2469 1426 2531 1480 et
2576 1438 2707 1481 eam
2741 1440 3053 1502 perperam
3087 1430 3245 1485 esset
3274 1423 3585 1501 allocutus,
3620 1423 3793 1486 beata

2141 1525 2479 1570 sermonem
2518 1508 2854 1589 excipiens,
2882 1511 3027 1573 dicit
3048 1513 3103 1574 ei
3131 1532 3146 1574 :
3181 1510 3336 1575 Vere
3365 1513 3582 1587 dixisti,
3611 1534 3645 1575 ο
3670 1512 3788 1575 im-

2145 1606 2406 1678 perator.
2442 1597 2764 1660 Daemones
2797 1605 2980 1683 enim,
3015 1620 3162 1682 quos
3189 1601 3333 1665 deos
3365 1603 3656 1679 nominas,
3693 1622 3790 1664 re-

2143 1705 2281 1749 vera
2312 1706 2416 1749 vos
2470 1689 2727 1768 spectrls
2772 1689 3085 1773 decipiunt
3137 1691 3542 1767 dmmoniacis,
3575 1703 3636 1754 et
3692 1710 3792 1753 vos

2144 1786 2471 1858 provocant
2498 1778 2570 1838 ad
2611 1777 2925 1842 libidinem
2972 1788 3028 1843 et
3059 1780 3603 1863 intemperantiam,
3630 1789 3687 1843 et
3716 1781 3790 1843 ad

408 1866 636 1930 ἆτύπους
712 1866 992 1941 ἐπιθυμίας
1062 1864 1444 1941 ἐμϐάλλουσιν.
1515 1867 1660 1946 Ἐγὼ
1745 1865 1824 1947 δὲ,
1900 1868 2048 1925 ὁποία

2144 1866 2398 1928 nefarias
2429 1867 2744 1948 impellunt
2775 1869 3152 1949 cupiditates.
3188 1870 3310 1945 Ego
3352 1879 3547 1932 autem
3593 1872 3790 1951 cujus-

413 1978 496 2020 τις
544 1955 606 2013 ἂν
645 1958 714 2038 ὦ,
749 1963 879 2036 χοῦς
927 1957 1035 2013 sim
1096 1957 1187 2013 καὶ
1248 1954 1442 2038 πηλὸς,
1478 1958 1552 2023 εἷς
1600 1958 1855 2025 τοιαύτην
1913 1957 2056 2037 παρὰ

410 2047 510 2103 τοῦ
567 2053 692 2104 Θεοῦ
742 2044 1041 2103 πλασθεϊσα
1101 2045 1336 2125 μορφὴν,
1397 2047 1486 2103 καὶ
1545 2052 1613 2124 τῇ
1674 2049 1834 2105 αὐτοῦ
1893 2047 2053 2104 εἰκόνι

400 2136 759 2212 τετιμημένηο
818 2134 961 2192 ὥστε
1017 2138 1106 2193 καὶ
1188 2134 1469 2209 θαυμάζειν
1546 2135 1753 2209 μᾶλλον
1814 2139 2054 2196 ἐντεῦθεν

392 2226 497 2294 τήν
576 2235 764 2304 σοφίαν
840 2232 934 2283 τοῦ
1013 2223 1340 2305 δημιουργοῦ
1406 2227 1689 2305 προσήκει,
1759 2226 1941 2304 ὅτιπερ
1998 2226 2053 2283 ἐν

380 2315 572 2390 πῆλῷ,
629 2318 720 2373 καὶ
779 2313 949 2378 οὕτως
1003 2313 1215 2373 εὖτελεϊ
1269 2321 1338 2392 τῇ
1387 2314 1490 2393 ὕλῃ
1520 2326 1771 2376 τοσοῦτον
1822 2315 2051 2396 ἴσχυσεν

389 2404 679 2471 ἒξασκῆσαι
741 2403 970 2469 κάλλος,
1022 2402 1143 2485 Ἐφ’
1196 2407 1281 2468 οἷς
1333 2403 1721 2486 δυσχεράναςὸ
1778 2405 2047 2483 βασιλεὺς,

398 2495 487 2561 Mi,
560 2493 685 2572 λέγε
772 2494 897 2558 τοὺς
970 2494 1118 2558 θεοὺς
1173 2498 1380 2569 κακὼς,
1440 2494 1569 2576 ἔφη,
1635 2496 1921 2559 ἀθανάτους
1994 2517 2051 2551 τε

394 2586 576 2648 αὐτοὺς
625 2583 816 2666 ὄντας,
865 2585 956 2641 καὶ
1012 2581 1163 2649 δόξαν
1220 2582 1476 2642 ἀθάνατον
1535 2583 1790 2665 ἔχοντας.
1855 2582 1960 2643 Καὶ
2017 2586 2053 2653 ἡ

382 2675 610 2757 μάρτυς·
674 2676 936 2752 Εὑρήσεις
992 2673 1090 2752 ἔρα
1137 2673 1230 2731 καί
1279 2675 1362 2750 σὺ,
1413 2674 1604 2756 φησὶν,
1643 2675 1688 2731 ὦ
1736 2674 1975 2755 βασιλευ,
2024 2674 2053 2731 ὅ

380 2786 432 2821 τι
494 2763 635 2822 ποτέ
710 2766 846 2821 εἰσιν
918 2767 965 2821 οἱ
1034 2764 1142 2821 θεοί
1203 2786 1319 2838 σου,
1382 2764 1545 2842 μόνον
1602 2766 1647 2821 εἰ
1717 2764 1816 2834 τὴν
1882 2764 2054 2844 ἀχλὺν

373 2860 477 2920 τῆς
546 2854 773 2921 ἀπάτης
814 2852 1074 2928 ἐθελήσῃς
1132 2852 1450 2911 ἆποῦαλεῐν’
1513 2854 1788 2934 ἐπιγνῶσῃ
1838 2852 1891 2911 δέ
1951 2858 2049 2911 καὶ

380 2945 465 3001 τὸν
520 2942 706 3012 ἀληθῆ
743 2944 905 3018 Θεὸν,
938 2942 1083 3009 ὅστις
1133 2942 1284 2999 ἐστὶν
1314 2944 1573 3007 ἆθανατος
1623 2946 1711 3001 καὶ
1755 2943 1958 3019 ἀίδιος,
1994 2946 2053 3001 οὗ

382 3032 473 3091 καὶ
528 3034 711 3107 ὄνομα
744 3032 911 3109 μόνον
967 3031 1318 3110 λαλούμενον,
1354 3034 1389 3101 ἢ
1448 3033 1545 3090 καῖ
1589 3035 1814 3110 σταυρὸς
1865 3034 1920 3090 ἐν
1972 3034 2050 3109 τῷ

379 3121 488 3193 ἀέρι
549 3121 985 3197 διατυπούμενος
1040 3121 1274 3204 φυγάδας
1332 3133 1427 3183 σοῦ
1480 3123 1604 3186 τοὺς
1662 3124 1812 3188 θεοὺς
1873 3123 2045 3202 ἀπερ-

371 3214 618 3293 γάζεται,
660 3214 721 3270 Εἰ
775 3210 833 3268 δὲ
863 3211 1070 3290 βούλει,
1104 3214 1200 3269 καὶ
1242 3214 1471 3294 φανερὰν
1503 3211 1609 3269 ἃπὸ
1637 3216 1736 3279 τῆς
1786 3212 2046 3281 ἀληθείας

360 3305 467 3371 τὴν
495 3300 776 3368 ἀπόδειξιν
809 3302 1172 3377 ποιησόμεθα,

454 3391 537 3453 Z'.
607 3392 980 3454 ’Υποπτεύσας
1038 3392 1213 3449 τοίνυν
1283 3393 1310 3448 ὁ
1366 3391 1617 3469 βασιλεὺς
1677 3393 1773 3462 τὴν
1833 3392 2042 3451 ἐλευθε-

376 3483 490 3559 ρίαν
546 3480 648 3549 τῆς
714 3482 981 3563 μάρτυρος
1040 3482 1117 3557 μὴ
1171 3484 1395 3561 περιστῇ
1437 3484 1694 3540 πάντοθεν
1744 3486 1901 3542 αὐτὸν
1959 3485 2047 3541 καὶ

381 3573 636 3651 κατάσχῃ
705 3585 831 3636 ταῖς
901 3570 1256 3651 ἀποδείξεσιν,
1309 3574 1466 3638 αὐτὸς
1535 3570 1591 3629 δὲ
1663 3573 2043 3653 ἀποκρίνασθαι

388 3659 482 3714 καὶ
536 3660 899 3741 ἆνθυποφὲρειν
958 3662 1055 3718 οὒκ
1116 3661 1262 3741 ’έχων
1293 3662 1480 3719 ἑαυτόν
1539 3683 1597 3718 τε
1657 3662 1897 3742 φαθερῶς
1957 3664 2044 3720 καὶ

396 3748 522 3811 τοὺς
581 3751 781 3817 οἰκείους
810 3752 1049 3830 αἰσχύνῃ
1095 3750 1270 3831 θεοὺς,
1300 3748 1509 3816 ἐκεῖνος
1571 3752 1669 3829 μὲν
1703 3751 1821 3809 οὒδὲ
1880 3751 2044 3829 ψιλὴν

393 3836 500 3903 τὴν
569 3837 804 3916 ἀκρόασιν
891 3839 1278 3921 καταδέχεται,
1350 3843 1866 3921 Προσποιησάμενος
1943 3843 2045 3899 ἆν-

386 3925 535 3992 ἇξιον
595 3932 731 3985 εἶναι
787 3931 995 4009 γυναικῖ
1055 3929 1390 4006 διαλέγεσθαι
1451 3934 1920 4013 προσαχθήσονται
1992 3931 2046 3989 δέ

370 4038 462 4072 σοι
510 4018 635 4096 παρ’
691 4019 825 4093 ἐμοῦ
868 4020 1114 4099 ῥήτορες,
1171 4020 1320 4101 εἷπε,
1356 4020 1528 4077 πάντα
1583 4042 1676 4076 σου
1742 4022 1901 4101 λόγον
1960 4026 2047 4080 καὶ

365 4107 638 4185 πρότασιν
719 4110 857 4185 μενᾶ
934 4108 1145 4178 πολλῆς
1204 4113 1297 4179 τῆς
1367 4110 1671 4191 περιουσίας
1744 4111 2045 4168 ἀνασκευά-

360 4204 589 4280 ζοντες,
648 4197 822 4275 ὅπως,
882 4198 1114 4278 ἀκριϐῶς
1187 4202 1273 4258 καὶ
1322 4202 1455 4270 αὖτῆ
1512 4204 1892 4277 καταμαθοῦσα
1949 4204 2046 4272 τὴν

360 4296 483 4345 τῶν
608 4290 816 4345 οἰκείων
905 4289 1303 4369 προϐλημάτων
1382 4290 1652 4348 ἂσθένειαν
1684 4340 1700 4367 ,
1784 4294 1913 4371 πρὸς
1984 4293 2045 4350 τὰ

360 4378 652 4458 συμφέρον
746 4377 1061 4457 ἆποὸλὲψτις
1157 4381 1246 4437 καὶ
1336 4388 1412 4457 τῷ
1482 4381 1732 4461 ἡμετέρῳ
1826 4386 2044 4459 πεισθῇς

2141 1955 2544 2038 modicunque
2578 1975 2734 2039 sum,
2769 1976 2897 2021 sum
2933 1959 3122 2041 pulvis
3153 1968 3211 2022 et
3240 1961 3450 2035 lutum,
3488 1960 3684 2023 efﬁcta
3722 1960 3785 2022 in

2137 2045 2291 2108 hanc
2340 2046 2614 2121 formam,
2650 2057 2712 2110 et
2742 2049 2878 2128 ejus
2908 2049 3197 2111 honorata
3238 2051 3518 2130 imagine.
3557 2050 3782 2123 Quam—

2139 2135 2343 2197 obrem
2394 2136 2535 2197 hinc
2570 2137 2752 2215 magis
2785 2138 3062 2200 convenit
3102 2140 3386 2202 admirari
3430 2139 3780 2222 sapientiam

2137 2224 2391 2304 opiﬁcis,
2413 2226 2568 2306 quod
2590 2224 2649 2286 in
2666 2227 2788 2288 luto
2815 2236 2873 2288 et
2898 2227 2958 2289 in
2987 2229 3292 2291 materiam
3321 2238 3436 2291 tam
3457 2230 3561 2292 vili
3580 2237 3784 2310 potue-

2134 2313 2213 2376 rit
2243 2321 2462 2377 tantam
2481 2323 2789 2378 exstruere
2812 2318 3342 2397 pulchritudinem.
3378 2320 3517 2392 Quae
3533 2318 3777 2401 quidem

2133 2423 2288 2486 aegre
2311 2405 2514 2467 ferens
2546 2405 2870 2487 imperator
2904 2431 2917 2467 :
2950 2408 3109 2483 Noli,
3141 2409 3351 2490 inquit,
3387 2410 3502 2473 diis
3534 2408 3779 2471 maledi-

2135 2514 2298 2577 cere,
2330 2496 2433 2577 qui
2493 2504 2551 2558 et
2611 2497 2726 2576 ipsi
2783 2506 2920 2559 sunt
2974 2499 3362 2573 immortales,
3413 2508 3471 2563 et
3529 2499 3778 2580 gloriam

2133 2583 2356 2646 habent
2385 2587 2817 2651 immortalem.
2856 2589 3071 2669 Martyr
3100 2597 3337 2652 autem:
3374 2590 3671 2664 Invenies,
3697 2588 3785 2649 in-

2137 2674 2283 2754 quit,
2321 2685 2385 2735 tu
2422 2694 2683 2757 quoque,
2718 2696 2752 2737 o
2811 2676 3156 2757 imperator,
3190 2679 3473 2757 quidnam
3506 2687 3645 2741 sunt
3700 2675 3785 2738 dii

2139 2764 2247 2844 tui,
2284 2763 2332 2824 si
2367 2763 2511 2826 velis
2542 2765 2734 2828 solum
2772 2775 2929 2829 tuam
2962 2767 3227 2848 abjicere
3259 2786 3577 2849 parumper
3598 2767 3779 2830 dece-

2137 2854 2428 2935 ptionem,
2466 2873 2666 2916 verum
2703 2876 2939 2938 quoque
2967 2857 3157 2919 Deum
3188 2877 3497 2937 agnosces,
3532 2859 3633 2940 qui
3692 2864 3783 2918 est

2135 2952 2393 3005 aeternus
2447 2954 2504 3006 et
2537 2944 2894 3008 immortalis
2927 2963 2945 3017 ;
2992 2947 3163 3027 cujus
3196 2947 3282 3008 vel
3316 2948 3504 3008 solum
3561 2965 3781 3010 nomen

2136 3033 2611 3113 pronuntiatum,
2648 3034 2740 3095 vel
2790 3054 2933 3097 crux
2986 3035 3162 3096 etiam
3218 3035 3468 3116 ﬁgurata
3499 3035 3559 3097 in
3612 3053 3776 3110 aere,

2133 3131 2267 3186 tuos
2315 3122 2458 3184 deos
2491 3124 2665 3186 vertit
2696 3124 2755 3184 in
2808 3124 3026 3204 fugam.
3061 3124 3124 3187 Si
3156 3125 3300 3186 velis
3328 3134 3549 3197 autem,
3584 3125 3676 3187 vel
3709 3144 3782 3187 ex

2131 3211 2261 3294 ipsa
2294 3212 2537 3275 veritate
2569 3223 2834 3297 apertam
2862 3215 3150 3277 faciamus
3182 3214 3776 3277 demonstrationem.

2207 3393 2336 3455 VII.
2372 3393 2517 3456 Cum
2552 3393 2748 3475 itaque
2780 3395 3124 3476 imperatori
3157 3402 3432 3476 suspecta
3464 3394 3668 3458 fuisset
3701 3395 3779 3457 li-

2130 3478 2332 3543 bertas
2383 3484 2684 3565 martyris,
2723 3485 3083 3565 timeretque
3132 3504 3208 3547 ne
3245 3504 3310 3548 se
3354 3484 3618 3566 undique
3660 3483 3780 3547 cir-

2129 3572 2530 3649 cumsisteret,
2554 3582 2613 3634 et
2636 3573 2970 3655 implicaret
2995 3573 3622 3649 demonstrationibus,
3652 3574 3780 3655 ipse

2128 3679 2325 3723 autem
2359 3682 2478 3725 non
2512 3671 2712 3745 posset
2770 3664 3138 3745 reSpondere
3169 3671 3227 3726 et
3255 3664 3560 3737 resistere,
3596 3682 3780 3746 seque

2129 3760 2188 3813 et
2230 3771 2370 3815 suos
2401 3753 2547 3815 deos
2578 3762 2783 3833 aperto
2815 3754 3112 3816 dedecore
3142 3754 3432 3830 afﬁceret,
3466 3757 3593 3832 ipse
3648 3753 3777 3835 qui-

2128 3841 2264 3903 dem
2300 3861 2410 3905 nec
2443 3862 2571 3904 eam
2609 3852 2834 3904 tantum
2870 3845 3078 3906 audire
3141 3846 3415 3919 sustinet,
3451 3862 3572 3923 prae
3600 3862 3664 3905 se
3696 3843 3780 3906 fe-

2126 3949 2267 3993 rens
2291 3951 2407 3994 non
2443 3932 2684 4009 decere,
2718 3941 2780 3994 ut
2807 3953 2938 3995 cum
2976 3933 3194 3995 femina
3222 3933 3568 3996 dissereret:
3604 3933 3694 3996 Ad
3725 3941 3780 3994 te

2130 4029 2350 4096 autem,
2406 4022 2619 4103 inquit,
2674 4041 2706 4084 a
2762 4041 2855 4085 me
2911 4021 3282 4085 adducentur
3338 4032 3631 4098 oratores,
3674 4022 3777 4100 qui

2131 4128 2340 4171 omnes
2369 4118 2499 4173 tuas
2533 4111 2794 4173 rationes
2816 4119 2873 4172 et
2901 4110 3341 4193 propositiones
3372 4112 3611 4173 abunde
3641 4130 3781 4173 con-

2129 4199 2448 4264 futabunt:
2507 4210 2569 4263 ut
2627 4220 2760 4263 cum
2827 4211 2884 4263 tu
2937 4220 3174 4283 quoque
3206 4201 3441 4262 abunde
3499 4200 3782 4263 didiceris

2131 4299 2367 4352 tuorum
2413 4291 2758 4370 dogmatum
2793 4289 3292 4366 imbecillitatem,
3329 4289 3581 4371 aspicias
3611 4288 3683 4350 ad
3717 4290 3775 4351 id

2129 4379 2285 4461 quod
2347 4390 2441 4444 est
2488 4381 2657 4455 utile,
2692 4389 2753 4443 et
2786 4389 2989 4442 nostro
3041 4398 3252 4462 pareas
3305 4379 3587 4457 dogmati.
3639 4377 3778 4441 Haec

356 4465 426 4525 ὣ
778 4474 798 4485 ν
1199 4471 1208 4487 Ι
1305 4471 1318 4489 \
1464 4471 1480 4491 ἴ
1587 4472 1600 4489 Ψ
1788 4473 1802 4493 (
1859 4473 1873 4491 \

430 4488 631 4548 γματι,
698 4478 870 4527 Ταυτα
918 4471 1068 4544 εἷπε,
1116 4492 1212 4527 και
1266 4493 1361 4539 την
1420 4493 1519 4547 μεν
1576 4471 1729 4549 αγίαν
1785 4494 1884 4529 uno
1939 4496 2041 4553 φυ-

2136 4469 2295 4547 dixit,
2330 4478 2387 4532 et
2416 4479 2680 4534 sanctam
2715 4470 2957 4551 quidem
2987 4469 3162 4551 jubet
3213 4469 3440 4530 servari
3472 4469 3532 4531 in
3564 4476 3774 4532 custo-

357 4558 515 4627 λακῆ
600 4562 884 4638 τηρεῖσθαι
969 4560 1314 4641 προστάττει,
1374 4562 1533 4624 αὐτὸς
1611 4558 1666 4616 δὲ
1736 4562 1809 4625 ὡς
1882 4562 2041 4642 εἶχεν

361 4650 545 4726 εὖθὺς,
613 4647 887 4715 ἐκτίθησιν
956 4648 1251 4718 ἐπιστολὴν
1312 4649 1548 4730 ’ἔχουσαν
1621 4649 1813 4713 οὕτως·
1872 4659 2038 4708 Βασι-

360 4737 488 4804 λεὺς
562 4736 880 4814 Μαξέντιος,
937 4743 1067 4795 πᾶσι
1126 4752 1241 4804 τοῖς
1291 4740 1392 4796 ὑπὸ
1449 4739 1547 4806 τὴν
1606 4738 1742 4815 ἐμήν
1806 4739 2040 4806 ἐξουσίαν

362 4829 602 4908 χαίρειν.
682 4827 843 4886 ’Ὅσοι
917 4828 1010 4886 τοῦ
1080 4829 1392 4908 σοφωτάτου
1458 4832 1591 4886 θεῶν
1672 4820 1870 4908 Ἐρμοῦ
1939 4832 2037 4901 τῆς

363 4922 615 4997 προνοίας
675 4918 930 4999 ἐτύχετε,
988 4917 1084 4982 τὰς
1154 4919 1323 4985 αἰτίας
1357 4924 1493 4987 ,τῆς
1563 4918 1812 4999 γνώσεως
1857 4919 2037 4977 ἐπικα-

368 5005 654 5085 λεσάμενοι
726 5009 960 5086 μούσας,
1022 5007 1199 5065 ἔλθετε
1259 5008 1458 5089 μέχρις
1521 5009 1699 5086 ἡμῶν,
1750 5012 1811 5066 τὸ
1881 5009 2040 5091 φανὲν

372 5099 499 5173 ἡμῖν
559 5100 616 5157 ἔκ
656 5122 807 5166 τινος
867 5101 947 5164 ὡς
978 5096 1119 5156 ἔοικε
1172 5099 1427 5177 μηχανῆς
1474 5099 1783 5179 σοφώτατον
1826 5101 2041 5178 γύναιον

374 5189 543 5251 θᾶττον
602 5191 1092 5269 ἐπιστομίσοντες,
1139 5188 1217 5264 μὴ
1273 5188 1396 5251 τοὺς
1447 5186 1711 5268 μεγάλους
1773 5186 2033 5270 διαχλευ-

364 5277 488 5352 άζειν
536 5287 708 5367 θεοὺς,
763 5277 917 5361 μηδέ
982 5278 1180 5355 μύθους
1236 5278 1302 5335 τὰ
1357 5280 1475 5358 περὶ
1533 5278 1702 5336 αὖτῶν
1754 5281 2030 5361 ἡγεῖσθαι,

352 5370 438 5433 ὖπό
489 5366 698 5456 πιθανῷ
763 5376 850 5450 τῷ
932 5366 1127 5446 ψεύδει
1184 5366 1641 5444 καλυπτομένους,
1722 5369 1873 5426 Οὕτω
1930 5370 2032 5449 γὰρ

330 5468 387 5526 ἂν
433 5473 531 5546 τήν
582 5494 643 5531 τε
698 5468 962 5545 πάτριον
1027 5459 1179 5532 ὑμῶν
1235 5458 1419 5537 σοφίαν
1476 5459 1669 5524 πάντες
1725 5458 2033 5535 θαυμάσον-

312 5588 410 5650 ται,
459 5544 566 5629 ,ξιξ
622 5566 811 5644 ἡμεῖς
873 5551 998 5618 τὴν
1047 5544 1303 5625 ὑμετέραν
1362 5546 1489 5628 περΐ
1532 5549 1593 5605 τὸ
1650 5546 1826 5629 λέγειν
1869 5546 2033 5607 86m-

352 5771 526 5841 Usa.
560 5772 756 5835 xm,
804 5743 930 5812 Μ’

2125 4559 2222 4621 dia
2254 4581 2267 4623 :
2302 4560 2430 4641 ipse
2460 4568 2659 4623 autem
2694 4562 2896 4622 statim
2955 4559 3175 4637 emittit
3209 4559 3520 4641 epistolam
3554 4560 3616 4622 in
3648 4560 3775 4621 haec

2123 4648 2301 4711 verba
2334 4671 2348 4710 :
2384 4646 2718 4731 Imperator
2750 4650 3080 4712 Maxentius
3113 4650 3537 4729 [Mummime
3573 4647 3776 4710 omni-

2123 4737 2255 4813 bus,
2294 4739 2393 4820 qui
2442 4747 2580 4801 sunt
2638 4758 2782 4801 meae
2812 4739 3053 4801 ditionis
3101 4738 3387 4802 salutem.
3424 4736 3775 4818 Quicunque

2126 4829 2375 4891 deorum
2450 4828 2873 4910 sapientissimi
2933 4828 3207 4891 Mercurii
3282 4846 3481 4889 curam
3545 4827 3771 4908 geritis,

2125 4917 2418 4981 invocatis
2447 4918 2653 4993 Musis,
2685 4936 2815 5001 quae
2848 4927 2988 4980 sunt
3046 4936 3238 4980 causae
3266 4917 3646 4999 cognitionis,
3678 4936 3774 4979 vc-

2126 5009 2249 5070 nite
2299 5008 2371 5071 ad
2436 5028 2543 5072 nos
2601 5027 2815 5090 usque,
2875 5007 3336 5087 sapientissimae
3387 5007 3772 5083 mulierculae,

2124 5116 2257 5180 quae
2290 5097 2462 5160 nobis
2506 5097 2690 5160 veluti
2733 5117 2801 5159 ex
2847 5098 3099 5178 quadam
3158 5096 3433 5158 machina
3474 5096 3768 5179 apparuit,

2124 5207 2191 5252 os
2211 5188 2594 5261 obstructuri,
2626 5206 2701 5249 ne
2727 5205 2971 5267 magnos
2993 5185 3423 5267 deosirrideat,
3455 5205 3648 5266 neque
3679 5186 3771 5247 fa-

2116 5277 2286 5340 bulas
2319 5296 2451 5341 esse
2485 5286 2671 5358 putet,
2707 5294 2840 5356 quae
2892 5276 3002 5338 sub
3033 5275 3185 5338 falso
3219 5284 3504 5355 teguntur
3558 5275 3770 5356 proba-

2115 5367 2247 5432 bili.
2282 5370 2380 5431 Sic
2409 5369 2568 5430 enim
2606 5376 2662 5429 et
2687 5366 2935 5447 patriam
2969 5365 3323 5447 sapientiam
3351 5382 3559 5427 omnes
3579 5364 3769 5426 admi-

2116 5456 2440 5533 rabuntur,
2473 5467 2532 5519 et
2586 5476 2694 5518 nos
2723 5464 2984 5517 vestram
3043 5455 3283 5518 dicendi
3335 5454 3675 5516 facultatem
3712 5460 3770 5516 et

2118 5557 2306 5619 artem
2381 5548 2719 5629 laudantes,
2780 5555 2840 5609 et
2911 5554 3219 5630 acceptam
3295 5544 3607 5623 habentes,
3669 5561 3767 5604 vos
