4136 6418
416 407 534 478 283

1729 401 2010 470 MENSIS
2050 407 2495 479 NOVEMBER.

3688 429 3807 504 284

419 552 646 629 magnis
673 543 848 609 donis
881 542 1423 611 remunerabimus.
1481 541 1628 653 Cum
1664 562 1750 612 eam,
1780 565 1922 629 ergo
1965 547 2064 612 lit-

2158 571 2265 653 ξιν-
2293 557 2375 653 καὶ
2403 558 2608 640 τέχνην
2657 561 3038 640 ἀποδεξάμενοι
3072 565 3336 646 μεγάλαις
3380 569 3521 644 ὑμᾶς
3573 568 3805 653 δωρεαῖς

423 651 567 706 teras
586 641 749 704 brevi
773 661 881 722 per
896 650 1087 704 totum
1108 659 1278 704 suum
1309 640 1708 720 pervasissent
1733 641 2047 721 imperium
2061 686 2075 709 .

421 741 832 796 convenerunt
854 732 925 792 ad
947 732 1138 812 ipsum
1161 731 1333 792 electi
1369 749 1618 792 numero
1647 731 2076 811 quinquaginta

427 830 714 898 oratores,
777 823 879 894 qui
937 831 1104 883 erant
1160 839 1330 882 acres
1379 821 1448 882 ad
1504 821 1954 892 inveniendum,
2013 834 2075 884 et

427 914 677 975 multum
728 909 1000 973 valebant
1030 910 1089 970 in
1125 909 1400 971 dicendo.
1440 911 1600 982 Quos
1629 929 1762 971 cum
1803 913 2071 990 proxime

427 1005 724 1066 sistendos
795 1009 1061 1064 curasset
1103 1002 1434 1064 Maxentius
1479 1002 1948 1082 [Maximinus].
2008 1014 2072 1066 ut

423 1095 828 1156 familiaritate
858 1112 960 1153 eos
993 1092 1179 1169 magis
1204 1100 1447 1154 acueret
1470 1103 1526 1154 et
1549 1092 1862 1156 incitaret:
1901 1095 2068 1175 Qua),

423 1185 638 1265 inquit,
673 1203 705 1245 a
737 1185 913 1245 nobis
958 1183 1029 1244 ad
1063 1203 1166 1244 vos
1199 1183 1396 1244 missze
1439 1191 1578 1244 sunt
1613 1181 1844 1256 litterie,
1881 1185 2070 1263 signi-

422 1275 670 1336 ficarant
719 1294 957 1336 causam
1017 1273 1194 1335 vestri
1243 1274 1360 1334 huc
1419 1273 1728 1336 adventus.
1762 1273 1884 1336 Vos
1934 1294 2074 1351 ergo

421 1365 671 1444 pulchre
700 1366 968 1436 vosipsos
1004 1365 1220 1440 paretis
1245 1371 1303 1424 et
1334 1363 1888 1442 instruatis.Neque
1918 1366 2074 1441 quod

421 1456 496 1516 sit
543 1455 885 1517 adversaria
935 1455 1181 1531 femina,
1218 1455 1461 1530 segnius
1519 1462 1619 1514 aut
1677 1454 2077 1530 negligentius

421 1545 670 1606 veniatis
703 1545 774 1606 ad
809 1555 1143 1622 certamen,
1178 1543 1280 1605 sed
1316 1553 1593 1624 tanquam
1629 1552 1839 1605 contra
1872 1545 2076 1608 fortis-

425 1635 640 1697 simum
671 1634 1104 1703 adversarium,
1139 1650 1432 1711 generoso
1481 1642 1537 1694 et
1568 1635 1804 1696 excelso
1851 1635 2073 1709 animo,

427 1732 487 1786 et
516 1743 650 1786 cum
687 1725 846 1786 omni
880 1732 1160 1802 apparatu
1195 1723 1254 1785 in
1305 1743 1434 1784 eam
1467 1723 1809 1802 insurgatis.
1847 1724 1992 1786 Nam
2025 1726 2075 1787 si

428 1814 690 1876 viceritis
737 1813 1003 1895 quidem,
1033 1833 1151 1875 non
1197 1812 1540 1875 videbimini
1589 1814 1787 1875 multis
1833 1833 2073 1892 parvum

2161 645 2520 724 ἀμέιψὸμεθα,
2603 661 2721 713 Τῶν
2794 657 3124 732 γραμμάτων
3159 645 3367 716 τοίνυν
3444 645 3662 719 πᾶσαν·
3703 673 3809 734 τὴν

2157 737 2248 793 ὑπ’
2318 741 2474 797 αὒτὸν
2544 743 2721 824 ἀρχὴν
2778 747 2834 803 ἐν
2880 747 3046 826 ὀλίγῳ
3104 749 3486 827 περιελθόντων
3545 755 3806 821 συνῆλθον

2156 829 2289 916 ⁸πρὸς
2359 831 2528 916 αὗτὸν
2574 834 2625 901 ἐξ
2696 835 2953 913 ἐπιλογῆς
3023 841 3114 896 τὸν
3180 841 3402 916 ἀριθμὸν
3473 847 3808 914 πεντήκοντα

2155 909 2398 988 ῥήτορες,
2477 913 2612 980 όξεις
2677 939 2733 974 τε
2809 923 2997 985 νοῆσαι
3069 921 3156 978 καὶ
3213 909 3386 979 εἰπεῖν
3455 924 3804 992 ἱκανώτατοι,

2159 1000 2256 1056 Καὶ
2325 1003 2536 1070 τούτους
2606 1006 2879 1082 ἐγγυτάτω
2953 1012 3430 1086 παραστησάμενος
3499 1016 3528 1070 6
3599 1015 3811 1082 Μαξέν-

2155 1111 2282 1184 τιοςᾼ
2311 1090 2403 1184 ἵνα
2472 1096 2558 1151 καὶ
2609 1094 2771 1154 πλέον
2841 1100 3118 1178 παραθήξῃ
3177 1114 3301 1164 ταῖς
3357 1104 3690 1184 οἷκειώσεσι,
3735 1110 3809 1166 T6

2156 1180 2284 1270 παρ’
2340 1183 2518 1259 ἡμῶν,
2566 1184 2668 1263 ἔφη
2729 1187 2951 1262 γράμμα
3007 1192 3248 1270 πεμφθὲν
3290 1194 3423 1269 πρὸς
3479 1195 3620 1268 ὑμᾶς
3676 1180 3811 1266 ἐδή-

2158 1269 2317 1364 λωσε
2355 1273 2454 1340 τὴν
2486 1275 2655 1332 αἰτίαν
2711 1277 2809 1345 τῆς
2841 1278 3058 1336 ἐνταῦθα
3115 1282 3258 1352 ὑμῶν
3307 1282 3561 1361 ἀφίλεως.
3626 1291 3814 1364 Παρα-

2160 1362 2479 1419 σκευᾶσασθε
2540 1367 2626 1420 οὗν
2675 1367 2932 1446 ίσχυρῶς,
2965 1369 3061 1426 καί
3110 1371 3212 1445 μὴ,
3248 1371 3328 1429 ὅτι
3377 1375 3510 1441 θῆλυ
3540 1377 3604 1432 τὸ
3655 1362 3806 1433 ἀντι-

2161 1451 2495 1543 μαχόμενον,
2560 1455 2844 1533 ἀργότερόι
2892 1482 3004 1523 πως
3060 1461 3134 1522 εἷς
3184 1461 3273 1518 τὸν
3332 1463 3514 1541 ἀγῶνα
3560 1467 3595 1534 ἢ
3648 1468 3810 1543 ῥᾳθυ-

2162 1541 2386 1631 μότερον
2445 1543 2812 1619 ἀπαντήσητε,
2871 1547 2992 1604 ἀλλ’
3061 1552 3135 1614 ὡς
3202 1553 3334 1624 πρὸς
3401 1541 3812 1631 ἀνταγωνιστὴν

2161 1629 2522 1699 ἀνδρειότατον
2592 1636 2728 1692 οὕτω
2799 1639 3051 1714 γενναίως
3131 1642 3217 1697 καὶ
3288 1642 3434 1718 πάσῃ
3499 1629 3812 1723 παρασκέυῇ

2159 1718 2498 1789 διανάστητε,
2553 1728 2882 1792 Νικήσαντες
2935 1729 3032 1802 μὲν
3065 1732 3164 1807 γὰρ
3217 1735 3276 1790 οὗ
3327 1731 3467 1809 μέγα
3523 1718 3812 1803 στήσεσθαι

2158 1809 2278 1876 τοῖς
2343 1810 2571 1876 πολλοῖς
2631 1812 2802 1880 δόξετε
2874 1819 3126 1892 τρόπαιον
3177 1821 3221 1876 εί
3271 1819 3325 1876 δὲ
3370 1825 3458 1878 καὶ
3515 1823 3814 1892 ἦττηθῆναι

425 1906 689 1968 erexisse
739 1913 1051 1983 tropaeum.
1113 1905 1214 1968 Sin
1274 1912 1494 1980 autem,
1553 1905 1707 1984 quod
1765 1904 1938 1983 absit,
1971 1925 2070 1967 vos

2158 1899 2290 1972 ὑμᾶς
2346 1900 2542 1994 συμϐῇ,
2572 1903 2708 1994 -όπερ
2765 1907 3096 1985 ἀπεύχομαι,
3133 1907 3380 1987 μεγάλην
3420 1911 3484 1966 ἂν
3544 1914 3812 1994 αἰσχύνην

429 1995 590 2056 vinci
626 1995 1258 2072 contigerit,magnum
1293 1993 1559 2055 dedecus
1590 1992 1756 2054 vobis
1789 1995 2070 2057 consilia-

425 2083 584 2164 bitis,
607 2092 663 2146 et
685 2083 1029 2146 ridebimini
1059 2083 1135 2144 ab
1166 2083 1464 2145 omnibus.
1496 2083 1878 2161 Aspicientes
1909 2086 2066 2146 enim

423 2173 495 2236 ad
530 2193 758 2244 sexum,
794 2175 952 2249 quod
1005 2173 1078 2234 sit
1111 2171 1347 2248 mulier,
1382 2191 1510 2234 eam
1561 2191 1696 2235 esse
1731 2174 2069 2236 existimant

423 2264 484 2326 in
512 2263 766 2326 dicendo
792 2263 1186 2334 imbecillam,
1221 2271 1280 2324 et
1314 2265 1442 2340 ejus
1486 2263 1841 2338 eloquentiae
1875 2263 2067 2326 nullas

419 2372 554 2416 esse
597 2359 752 2414 vires
791 2351 1178 2421 arbitrantur,
1216 2371 1469 2431 eamque
1523 2352 1668 2413 nihil
1702 2371 2061 2425 generosum

417 2462 486 2506 ac
536 2447 684 2506 forte
719 2461 892 2523 posse
923 2451 1020 2505 aut
1049 2443 1264 2508 facere.
1299 2449 1398 2502 aut
1438 2441 1661 2504 dicere.
1696 2442 1816 2519 Ego
1848 2451 2068 2519 autem,

420 2541 485 2596 ut
520 2534 617 2612 qui
639 2534 766 2614 ejus
800 2542 1130 2594 accuratam
1164 2532 1414 2594 habeam
1444 2531 1902 2611 experientiam,
1935 2533 2070 2612 opi-

421 2643 534 2685 nor
563 2623 635 2685 ab
669 2642 738 2685 ea
769 2623 1098 2684 secundum
1143 2623 1406 2683 futurum
1437 2621 1770 2684 Platonem.
1809 2623 1908 2700 qui
1941 2622 2074 2684 tulit

420 2714 644 2795 primas
697 2721 892 2792 partes
923 2712 1246 2792 sapientiae.
1307 2711 1544 2790 Vosque
1575 2712 1660 2773 sic
1707 2711 1884 2774 velim
1940 2731 2072 2774 esse

418 2812 682 2882 paratos.
719 2803 968 2882 perinde
1016 2821 1083 2864 ac
1113 2803 1163 2866 si
1219 2803 1504 2866 adversus
1533 2803 1702 2863 illum
1757 2803 1948 2881 ipsum
1985 2821 2072 2864 es-

419 2893 562 2956 setis
591 2893 974 2956 decertaturi.
1008 2894 1113 2955 Est
1147 2899 1302 2954 enim
1340 2893 1577 2971 melius,
1607 2909 1814 2970 magna
1835 2911 2074 2970 exspec-

419 2990 614 3044 tantes
663 2983 932 3045 invenire
989 2983 1242 3064 minora,
1279 3001 1457 3064 quam
1511 2999 1685 3062 parva
1733 2989 2069 3063 sperantes,

416 3072 686 3134 incidere
718 3072 776 3133 in
823 3072 1091 3136 fortiora.

497 3161 650 3226 Vlll.
685 3161 772 3226 Atl
795 3163 923 3223 haec
955 3161 1101 3224 dixit
1133 3182 1287 3224 unus
1321 3181 1391 3225 ex
1424 3160 1790 3231 oratoribus,
1813 3160 1912 3242 qui
1947 3169 2073 3223 erat

424 3253 678 3314 eximius
714 3253 870 3314 inter
898 3271 1130 3331 omnes,
1164 3253 1265 3332 qui
1299 3260 1470 3314 erant
1519 3270 1654 3313 cum
1688 3251 1870 3330 ipsis:
1907 3253 2071 3312 Con-

2155 1995 2291 2046 πᾶσι
2369 1992 2453 2048 καὶ
2521 1992 2730 2070 γέλωτα
2787 1994 3021 2074 ὄφλοιτε·
3110 1999 3238 2074 πρός
3316 2001 3416 2078 γὰρ
3475 2002 3581 2068 τὴν
3640 1992 3811 2081 ῥύσιν

2155 2082 2381 2152 ὁρῶντες
2441 2081 2522 2138 ὅτι
2590 2085 2722 2162 γυνὴ
2751 2135 2766 2163 ,
2839 2086 3033 2155 ἀσθενῆ
3103 2091 3189 2146 καὶ
3262 2091 3352 2146 τὸν
3419 2088 3580 2167 λόγον
3643 2095 3810 2162 ωὒτῆς

2152 2169 2584 2245 ὑπολαμϐάνουσι
2654 2176 2743 2231 καὶ
2810 2177 2910 2244 τὴν
2966 2178 3126 2256 ἰσχὺν
3183 2179 3328 2236 εἶναι
3387 2180 3474 2235 καὶ
3535 2178 3686 2237 ούδὲν
3742 2181 3808 2238 ἂν

2152 2275 2396 2337 γενναῖον
2465 2262 2632 2330 αυτὴν
2701 2263 2819 2321 ούδὲ
2894 2264 3143 2343 ἀνδρικὸν
3215 2267 3332 2325 οὔτε
3388 2268 3577 2346 πρᾶξαί
3647 2293 3802 2350 ποτε,

2153 2349 2269 2406 οὔτε
2328 2353 2498 2409 εἰπεῖν
2555 2351 2866 2422 δυνηθῆναι.
2926 2355 3070 2432 Ἐγὼ
3132 2355 3188 2414 δὲ
3233 2359 3306 2420 ὡς
3366 2356 3557 2435 ἀκριϐῆ
3612 2349 3808 2438 πεῖραν

2156 2440 2320 2508 αὐτῆς
2372 2441 2651 2521 ἐσχηκὼς,
2687 2445 2774 2501 καὶ
2806 2445 2963 2503 αὖτὸν
3013 2445 3074 2503 ἅν
3107 2470 3198 2521 μοι
3251 2445 3390 2504 δοκῶ
3421 2448 3486 2504 τὰ
3538 2446 3814 2525 δευτερεῖα

2154 2531 2352 2598 ταύτης
2411 2531 2562 2610 ἔχειν
2617 2535 2710 2589 τὸν
2765 2535 2830 2590 τά
2885 2536 3070 2613 πρῶτα
3127 2541 3224 2603 τῆς
3273 2539 3458 2615 σοφίας
3504 2537 3813 2616 ἀπενεγκά-

2156 2641 2314 2691 μενον
2371 2620 2652 2696 Πλάτωνα,
2685 2624 2772 2680 καὶ
2827 2625 2963 2699 ὑμᾶς
3012 2625 3192 2705 ὥσπερ
3241 2626 3304 2683 ἂν
3359 2628 3402 2682 εἰ
3459 2628 3592 2705 πρὸς
3653 2629 3814 2686 αυτὸν

2155 2709 2363 2767 ἐκεῖνον
2422 2710 2556 2768 οὕτω
2627 2715 3116 2790 παρασκευάζεσθαι
3188 2715 3342 2782 ἀξιῶ⁹
3415 2715 3629 2792 βέλτιον
3711 2718 3815 2795 γὰρ

2155 2798 2364 2876 μεγάλα
2447 2800 2816 2880 προδοκῶντας
2901 2803 3156 2862 ἐλάττονα
3246 2810 3445 2885 εὗρεῖν,
3523 2806 3558 2875 ἢ
3646 2809 3814 2888 μικρᾶ

2155 2889 2470 2956 ἐλπίσαντας
2523 2893 2884 2973 ίσχυροτέροις
2915 2909 3255 2974 περιπεσεῖν.

2232 3151 2324 3210 Η’.
2380 3154 2516 3230 Πρὸς
2551 3159 2715 3210 ταῦτα
2756 3157 2838 3217 εἷς
2868 3159 2976 3210 τῶν
3019 3155 3260 3233 ῥητόρων
3317 3158 3346 3213 6
3382 3161 3488 3212 τῶν
3518 3159 3609 3214 σὺν
3663 3157 3808 3232 αύτῷ

2154 3243 2367 3298 πάντων
2450 3240 2848 3321 διαφορώτατος
2919 3247 3100 3322 εἶπεν,
3193 3246 3347 3312 Εἰκὸς
3419 3247 3556 3304 οὕτω
3641 3255 3803 3304 ταῦτα

421 3349 772 3404 sentaneum
830 3350 941 3414 est,
977 3361 1010 3403 0
1041 3330 1385 3420 imperator,
1421 3343 1548 3403 haec
1593 3341 1672 3402 ita
1703 3359 1769 3402 se
1821 3339 2068 3414 habere,

2158 3332 2326 3412 ἔχειν,
2375 3331 2421 3387 ὧ
2462 3330 2701 3406 βασιλεῦ,
2739 3331 2833 3388 καὶ
2887 3337 3107 3404 συνετήν
3151 3358 3269 3392 τινα
3301 3336 3400 3404 τὴν
3453 3348 3676 3414 γυναῖκα
3704 3334 3801 3392 καῖ

422 3439 483 3493 et
514 3431 940 3507 intelligentem
975 3449 1107 3492 esse
1139 3431 1480 3507 mulierem,
1516 3439 1573 3491 et
1603 3431 1760 3491 acuti
1820 3429 2070 3506 ingenii.

419 3520 536 3583 Sed
567 3539 683 3581 non
719 3520 958 3581 videtur
992 3519 1136 3581 mihi
1170 3520 1319 3590 fore,
1355 3528 1418 3581 ut
1448 3520 1740 3582 sustineat
1773 3519 1981 3580 venire
2013 3519 2074 3581 in

417 3618 803 3688 conspectum
829 3609 1104 3690 oratoris,
1140 3628 1214 3672 ne
1237 3609 1374 3670 dum
1411 3617 1474 3671 ut
1498 3628 1629 3670 cum
1661 3626 1730 3669 eo
1755 3607 1913 3668 ineat
1937 3626 2074 3670 cer--

419 3708 618 3760 tamen
651 3698 1100 3775 disputationis,
1137 3707 1196 3761 et
1225 3707 1326 3760 aut
1368 3699 1588 3779 aliquid
1625 3703 1937 3778 proponat,
1974 3710 2074 3759 aut

417 3797 696 3868 opponat.
739 3787 889 3860 Quid
925 3796 1014 3848 est
1044 3789 1202 3849 enim
1240 3788 1453 3849 mulier
1483 3787 1552 3848 ad
1588 3795 1776 3848 artem
1812 3787 2075 3848 rethori—

418 3875 594 3940 cam?
625 3877 837 3938 Veniat
868 3885 1065 3938 tamen
1101 3877 1321 3950 solum,
1358 3889 1416 3939 te
1439 3876 1715 3954 jubente,
1758 3885 1816 3938 et
1847 3875 2076 3938 videbis

418 3985 549 4046 quae
583 3965 869 4046 deinceps
904 3976 1368 4046 consequuntur.
1407 3968 1550 4030 Cum
1599 3985 1740 4040 ergo
1776 3975 2072 4028 oratorem

413 4059 565 4117 adeo
589 4056 881 4117 tumidum
909 4057 1151 4118 vidisset
1174 4058 1511 4120 Maxentius
1537 4056 2072 4140 [Maximinus],ad

416 4144 770 4225 voluptatem
796 4152 856 4206 et
880 4144 1139 4206 laetitiam
1168 4146 1361 4207 statim
1397 4146 1506 4207 fuit
1546 4163 1894 4225 conversus,
1929 4163 2034 4225 Spe
2059 4182 2074 4195 -

414 4251 558 4296 rans
603 4233 816 4296 stultus
847 4235 1107 4314 linguam
1141 4233 1290 4296 adeo
1335 4236 1832 4315 intemperantem
1870 4242 1929 4295 et
1959 4253 2070 4296 au-

415 4322 622 4385 dacem
674 4341 1087 4403 persuasuram
1141 4324 1357 4402 linguae
1403 4328 1724 4385 moderatae
1767 4331 1830 4384 et
1877 4321 2073 4402 plenae

415 4414 729 4493 sapientia.
753 4412 932 4476 Jubet
965 4432 1105 4490 ergo
1136 4422 1276 4475 ante
1299 4432 1363 4475 se
1398 4413 1524 4474 sisti
1561 4421 1901 4493 martyrem.
1939 4412 2065 4474 Col-

414 4501 568 4563 lecta
599 4521 837 4583 quoque
870 4503 1064 4564 fuerat
1096 4503 1382 4582 frequens
1433 4502 1773 4575 multitudo,
1811 4520 2071 4563 concur-

413 4609 555 4652 rens
599 4591 671 4652 ad
734 4591 1141 4672 spectaculum
1196 4590 1568 4664 certaminis,
1603 4599 1666 4652 ut
1716 4589 1962 4662 scirent,
2000 4609 2068 4653 ex

417 4687 549 4740 utra
583 4687 748 4759 parte
799 4688 985 4740 staret
1039 4679 1308 4763 victoria,
1341 4680 1616 4742 Nondum
1676 4689 2071 4760 pervenerant

413 4767 485 4828 ad
518 4767 846 4829 custodiam
880 4768 945 4842 ii,
979 4771 1076 4850 qui
1106 4770 1261 4849 jussi
1295 4771 1525 4831 fuerant
1561 4789 1690 4830 eam
1735 4769 2066 4845 adducere,

418 4875 552 4919 cum
578 4857 823 4936 angelus
845 4857 1080 4920 Domini
1104 4860 1157 4920 ei
1176 4878 1504 4940 apparens:
1533 4859 1666 4921 Noli
1702 4858 1937 4933 limere,
1965 4865 2067 4940 ait,

414 4944 520 5009 Dei
549 4945 761 5027 puella.
790 4949 944 5010 Ecce
967 4949 1127 5011 enim
1162 4957 1548 5026 prietertuam
1582 4948 1936 5028 sapientiam
1963 4947 2070 5010 tibi

415 5035 656 5098 dabitur
686 5055 719 5097 a
748 5035 870 5099 Deo
902 5037 1214 5118 sapientia,
1253 5047 1310 5100 et
1358 5037 1746 5119 persuadebis
1777 5036 2068 5118 quinqua-

413 5125 576 5205 ginta
634 5127 990 5190 oratoribus.
1025 5130 1233 5208 Neque
1285 5131 1475 5190 solum
1511 5127 1922 5209 persuadebis,
1960 5125 2062 5189 sed

415 5223 471 5276 et
531 5216 715 5297 ipsos,
750 5225 808 5280 et
853 5218 1070 5279 multos
1119 5218 1290 5292 alios,
1329 5223 1428 5299 qui
1483 5226 1619 5280 sunt
1656 5236 1792 5279 cum
1845 5216 1955 5291 eis,
1991 5215 2065 5277 ad

413 5304 601 5367 Deum
650 5305 932 5368 adduces.
969 5306 1200 5369 Deinde
1249 5317 1307 5369 tu
1343 5327 1580 5390 quoque
1631 5306 1752 5370 eris
1787 5306 2068 5368 redimita

413 5413 636 5458 corona
685 5395 972 5477 martyrii.
1007 5396 1144 5460 Haec
1200 5396 1301 5460 ille
1345 5397 1586 5481 quidem
1619 5415 1752 5460 cum
1789 5395 2059 5473 dixisset,

413 5483 582 5547 abiit.

493 5571 589 5634 ιχ.
643 5573 789 5636 Cum
823 5593 952 5636 eam
997 5584 1194 5638 autem
1243 5577 1616 5659 accepissent
1648 5578 1707 5657 ii,
1743 5576 1844 5658 qui
1899 5575 2068 5637 missi

412 5662 669 5742 fuerant,
693 5663 995 5725 adducunt
1015 5665 1089 5726 ad
1123 5663 1383 5728 tribunal
1415 5666 1818 5748 imperatoris.
1849 5665 1922 5727 Et
1944 5672 2069 5725 sta-

413 5749 517 5813 tim
576 5751 852 5834 egregius
896 5752 994 5817 ille
1041 5763 1266 5838 orator,
1319 5774 1498 5839 quem
1551 5755 1718 5840 prius
1779 5752 2063 5825 diximus,

2092 4743 2182 4794 υτ

2158 3421 2413 3500 ἀγχίνουν
2446 3421 2614 3481 εἶναι.
2675 3419 2826 3478 Ἀλλ’
2879 3425 2939 3480 οὗ
2997 3421 3149 3481 δοκεῖ
3205 3447 3296 3499 μοι
3329 3426 3464 3481 κατὰ
3523 3423 3809 3502 πρόσωπον

2158 3512 2377 3588 ῥήτορος
2436 3513 2601 3578 αὐτὴν
2675 3509 2848 3568 ἐλθεῖν
2925 3515 3229 3589 ὑπομείναι,
3294 3514 3372 3589 μὴ
3443 3513 3522 3571 ὅτι
3593 3537 3655 3592 γε
3723 3516 3814 3572 καὶ

2158 3599 2319 3677 λόγον
2378 3607 2616 3681 συνᾶραι,
2652 3603 2739 3658 καὶ
2799 3604 2870 3668 εἷς
2923 3623 3205 3680 προτασεις
3265 3607 3408 3678 αὖτῷ
3459 3605 3548 3660 καὶ
3596 3604 3810 3662 ἀντιθέ-

2159 3713 2270 3784 σεις
2347 3695 2624 3784 χωρῆσαι.
2697 3693 2936 3784 Τίὴγάρ
3013 3692 3124 3784 ἐστι
3196 3694 3329 3771 γυνὴ
3401 3695 3531 3784 προς
3603 3694 3812 3774 τέχνην

2158 3783 2494 3858 ῥητορικήν;
2543 3781 2724 3853 ἡὈμως
2786 3781 2982 3839 ἐλθέτω
3040 3783 3201 3856 μόνον
3273 3790 3367 3840 σοῦ
3427 3782 3810 3865 κελεύσαντος,

2158 3872 2245 3928 καὶ
2298 3869 2418 3946 ὄψει
2480 3872 2546 3927 τά
2600 3873 2687 3928 ἐπὶ
2743 3873 2974 3934 τούτοις.
3021 3874 3124 3931 Τὸν
3191 3871 3386 3951 ῥήτορα
3441 3875 3613 3931 τοίνυν
3669 3874 3813 3931 οὕτω

2159 3959 2367 4038 μεγάλα
2436 3964 2679 4039 φυσῶντα
2739 3959 2861 4018 ἰδὼν
2920 3964 2947 4018 6
3021 3960 3335 4036 Μαξέντιος,
3408 3964 3542 4042 πρὸς
3612 3961 3813 4032 ἡδονὴν

2156 4051 2302 4114 εὗθὺς
2393 4053 2478 4107 καὶ
2561 4049 2887 4130 φαιδρότητα
2988 4048 3348 4125 μετεϐάλλετο
3382 4099 3398 4124 ,
3473 4051 3692 4117 ἐλπίσας
3780 4057 3813 4111 6

2159 4140 2388 4214 μάταιος
2467 4139 2764 4197 ἀκόλαστον
2849 4140 2986 4198 οὕτω
3069 4143 3159 4197 καὶ
3231 4144 3484 4219 θρασεῖαν
3562 4141 3813 4221 γλῶτταν

2155 4228 2366 4295 ἐπιεικῆ
2438 4231 2530 4285 καί
2609 4228 2918 4310 γιλοσοφίας
2991 4231 3260 4309 γέμουσαν
3332 4244 3519 4288 πεῖσαι
3592 4232 3807 4312 ψυχήν,

2153 4322 2492 4395 Παραστῆναι
2563 4319 2736 4375 τοίνυν
2826 4321 2968 4392 αὖτῷ
3051 4318 3254 4376 κελεύει
3335 4320 3435 4386 τὴν
3511 4323 3810 4400 μακαρίαν,

2152 4407 2453 4465 συνείλκετο
2530 4407 2584 4464 δὲ
2659 4411 2748 4466 καὶ
2824 4413 3024 4488 πρῆθος
3104 4410 3290 4486 ἀθρόον
3347 4412 3421 4474 είς
3502 4408 3626 4466 θέαν
3710 4418 3812 4468 τοῦ

2153 4498 2358 4575 ἀγῶνος
2426 4497 2829 4578 ἐπιδραμόντες,
2889 4499 3026 4557 ὥστε
3083 4503 3278 4573 μαθεῖν
3337 4497 3589 4578 ὃπότερδν
3641 4499 3810 4579 μέρος

3037 4588 3195 4648 Οὔπω
3269 4588 3367 4655 την
3445 4587 3687 4667 φυλακὴν
3755 4593 3812 4647 οἱ

2151 4678 2378 4756 ἀγαγεῖν
2409 4679 2573 4747 αὐτὴν
2629 4679 3025 4736 ἀπεστάλμένοι
3072 4675 3390 4748 κατέλαϐον,
3428 4679 3513 4734 καὶ
3572 4677 3811 4757 ἅγγελος

2152 4588 2249 4655 τὴν
2334 4595 2564 4644 νικῶσαν
2649 4589 2922 4646 ἀποίσεται
2935 4635 2948 4648 .

2153 4767 2220 4835 ἧν
2278 4769 2410 4844 αὐτῇ
2440 4768 2658 4832 ἐπιστὰς
2697 4771 2804 4846 καὶ,
2841 4769 2929 4836 Μὴ
2983 4765 3166 4848 φοϐοὗ,
3221 4769 3256 4836 ἡ
3315 4779 3449 4834 παῖς
3493 4774 3586 4824 τοῦ
3645 4775 3808 4837 Θεοῦ,

2154 4858 2331 4913 εἶπεν·
2390 4855 2500 4913 ἰδοὺ
2555 4857 2654 4935 γὰρ
2731 4857 3009 4928 ὃοθήσεταί
3079 4879 3161 4913 σοι
3238 4858 3394 4934 σοφία
3451 4855 3538 4912 ἐπὶ
3590 4862 3656 4932 τῇ
3734 4864 3814 4934 σῇ

2152 4948 2307 5021 σοφίᾳ
2391 4947 2533 5024 παρὰ
2614 4949 2771 5022 Θεοῦ,
2832 4950 2919 5005 καὶ
3002 4948 3204 5010 πείσεις
3264 4946 3383 5009 τοὺς
3465 4946 3814 5014 πεντήκοντα.

2150 5037 2397 5115 ῥὴτορας.
2463 5036 2536 5094 Οὔ
2578 5038 2778 5102 πείσεις
2842 5035 2896 5093 ’δὲ
2963 5037 3128 5105 μόνον
3204 5033 3416 5110 ἁπλῶς,
3497 5033 3635 5092 ἀλλὰ
3705 5040 3808 5094 καί

2153 5127 2337 5192 αὖτοὺς
2396 5127 2486 5183 καὶ
2541 5125 2771 5192 πολλοὺς
2831 5127 2923 5183 σὺν
2996 5126 3176 5189 αὐτοῖς
3237 5124 3446 5202 ἐτέρους
3521 5122 3811 5198 προσάξεις

2150 5223 2288 5290 Θεῷ,
2349 5215 2488 5273 Εἶτα
2543 5216 2630 5271 καὶ
2688 5217 2820 5292 αὐτῇ
2881 5217 2973 5272 τὸν
3037 5215 3130 5273 τοῦ⁹
3201 5213 3485 5295 μαρτυρίου
3538 5213 3809 5295 στέφανον

2147 5305 2419 5375 ἀναδήσει.
2454 5305 2630 5364 Ταῦτα
2655 5307 2682 5362 6
2712 5306 2810 5382 μὲν
2842 5306 3002 5363 εἰπὼν
3033 5305 3232 5387 ᾤχετο.

2231 5573 2320 5634 8'.
2369 5572 2632 5640 Λαϐόντες
2679 5573 2733 5631 δὲ
2786 5575 2950 5644 αυτὴν
2981 5579 3027 5633 οἱ
3072 5573 3465 5650 ἀπεσταλμένοι
3510 5581 3588 5649 τῷ
3639 5577 3806 5652 βασι-

2151 5663 2286 5738 λικῷ
2342 5664 2664 5742 προσάγουσι
2734 5665 2960 5742 βήματι,
3031 5667 3129 5724 Καὶ
3179 5667 3362 5724 αὐτίκα
3446 5667 3471 5720 6
3553 5680 3803 5744 γενναῖος

2150 5753 2326 5836 ῥήτωρ
2365 5753 2596 5833 ἐκεῖνος,
2635 5757 2692 5815 ὃν
2750 5753 3030 5838 προλαϐὼν
3089 5759 3117 5814 6
3167 5755 3324 5838 λόγος
3351 5754 3616 5836 ἐδήλωσε,
3655 5754 3800 5837 μέγα
