4136 6418
336 456 445 529 285

1444 459 1918 530 MARTYRIUM
1957 458 2019 524 S.

2084 455 2579 526 GATHARIN/E.
3630 450 3746 524 286

338 599 545 681 βλέπων
600 597 692 656 καὶ
752 595 991 680 σοϐαρὸν
1047 599 1431 682 φθεγγόμενος,
1481 606 1553 658 Σὺ
1612 601 1692 676 εἴ,
1739 601 1923 681 φησὶν,
1965 599 2001 669 ἡ

2089 600 2249 659 torve
2280 595 2542 674 intuens,
2580 603 2638 660 et
2668 595 2926 679 superbe
2954 596 3230 678 loquens:
3262 597 3353 663 Tu
3402 618 3486 674 es,
3521 598 3740 682 inquit,

358 689 743 770 ἀναισψύντως,
779 689 926 747 οὕτω
971 693 1060 748 καὶ
1109 693 1309 766 ἰταμῶς
1362 693 1435 756 είς
1487 691 1607 758 τοὺς
1644 693 1791 755 θεοὺς
1851 692 2012 766 ἡμῶν

360 780 729 860 ἐξυϐρίζουσας
811 779 922 839 Καὶ
993 783 1029 849 ἡ
1106 782 1304 857 μάρτυς
1381 783 1565 859 πράως
1639 780 1870 857 μέλιστα
1924 784 2012 837 καὶ

354 872 616 949 κοσμίως,
675 868 824 947 Ἐγώ
883 873 1018 950 εἶμι,
1075 872 1418 950 ἀπεκρίνατο,
1476 870 1620 939 πλὴν
1691 875 1783 930 οὐκ
1855 869 2012 926 ἀναι-

346 964 628 1042 σχύντως,
681 961 753 1023 ὡς
815 961 984 1026 αὖτὸςν
1037 961 1188 1040 ἔφης,
1253 962 1341 1018 καὶ
1399 963 1627 1036 ἰταμῶς,
1681 961 1909 1037 μετρίως
1957 958 2012 1015 δὲ

347 1051 557 1129 μᾶλλον
617 1048 957 1132 ἐφθεγξάμην
1007 1053 1097 1108 καὶ
1155 1050 1490 1132 φιλαληθῶς,
1566 1052 1665 1108 Καὶ
1724 1052 1751 1107 ὸ
1811 1050 2010 1128 ῥήτωρ,

349 1142 470 1200 Τῶν
528 1140 783 1216 μεγάλων
846 1147 1112 1220 ποιητῶν,
1163 1141 1316 1220 φησὶ,
1362 1141 1508 1205 θεοὺς
1571 1139 1808 1216 ὑψηλοὺς
1871 1138 2013 1195 ὲκεί-

355 1254 473 1294 νους
531 1229 930 1306 ὀνομαζόντων,
992 1236 1108 1294 πῶς
1182 1231 1314 1298 αὐτὴ
1383 1232 1472 1287 ναὶ
1542 1229 1785 1308 γλῶτταν
1844 1241 2012 1290 κινεῖς

350 1318 470 1376 κατ’
546 1321 721 1376 αὑτῶν
780 1321 866 1376 καὶ
940 1318 1082 1382 ὅλως
1154 1321 1600 1399 ἀποθρασύνεσθαι
1659 1321 1724 1376 τὰ
1791 1325 2008 1376 τοιαῦτα

343 1409 582 1485 τολμᾷς,
616 1411 791 1466 καίτοι
822 1431 910 1486 γε,
945 1411 1018 1475 ὡς
1072 1413 1099 1466 ὁ
1130 1409 1291 1489 λόγος
1348 1409 1490 1490 ἔχει,
1525 1415 1625 1476 τῆς
1657 1409 1856 1466 τούτων
1911 1431 2009 1466 σο-

345 1502 471 1580 φίας
522 1499 618 1557 καί
670 1499 805 1566 αὐτὴ
858 1498 1187 1576 γευσαμένη,
1221 1502 1310 1556 καὶ
1359 1505 1456 1576 τῇς
1505 1497 1833 1576 γλυκύτητος
1891 1521 2009 1556 κοι-

347 1592 687 1660 νωνησάσας
779 1587 1078 1651 Εὖσυνέτως
1164 1589 1336 1646 τοίνυν
1417 1589 1596 1655 εκείνη
1679 1590 1770 1644 τὸν
1854 1586 2012 1665 λόγον

349 1676 715 1750 δπολαϐοὗσα,
777 1679 884 1745 Τὴν
943 1678 1043 1750 μὲν
1103 1680 1291 1757 σοφίαν
1345 1681 1418 1742 ὡς
1476 1687 1570 1737 τοῦ
1633 1677 1785 1754 ἐμοῦ,
1844 1681 2008 1757 φησὶ,

360 1768 529 1848 δῶρον
583 1769 698 1848 ἔχω
756 1770 911 1841 Θεοῦ,
945 1768 1002 1834 ὅς
1062 1767 1204 1826 ἐστιν
1260 1771 1294 1838 ἡ
1327 1770 1484 1848 σοφία
1537 1770 1625 1825 καὶ
1660 1771 1694 1836 ἡ
1754 1769 1892 1841 ζωὴ,
1923 1768 2011 1824 καὶ

369 1861 429 1916 ὃν
471 1859 538 1915 τά
568 1855 829 1938 οοϐεισθαι
887 1857 1112 1922 καὶτὰς
1158 1861 1316 1919 αὒτοῦ
1355 1871 1542 1935 τηρεῖν
1598 1856 1814 1920 ἐντολὰς
1864 1857 2010 1937 ἀρχὴ

2096 705 2226 767 qua)
2246 687 2393 750 deos
2415 696 2650 750 nostros
2673 696 2788 750 tam
2811 688 3200 770 impudenter
3216 699 3275 752 et
3294 691 3445 753 adeo
3466 691 3744 754 insolen-

2097 783 2186 838 ter
2216 776 2435 856 injuria
2469 777 2655 839 afﬁcis
2679 784 2706 840 Ῥ
2735 777 2948 860 Martyr
3004 789 3198 841 autem
3233 781 3401 841 valde
3437 782 3657 843 leniter
3687 792 3747 847 et

2097 867 2329 948 placide
2359 868 2708 946 respondit:
2746 868 2862 948 Ego
2889 888 3046 949 sum,
3081 871 3184 932 sed
3221 890 3334 931 non
3369 871 3749 951 impudenter

2098 966 2157 1019 et
2187 957 2540 1033 insolenter,
2580 968 2642 1019 ut
2685 958 2907 1033 dixisti,
2943 961 3047 1020 sed
3103 961 3409 1023 moderate
3442 963 3636 1041 potius
3690 971 3749 1026 et

2099 1064 2235 1107 vere
2269 1066 2397 1108 sum
2431 1047 2650 1109 locuta.
2704 1047 2860 1110 Dixit
2896 1068 3032 1110 vero
3067 1059 3266 1112 orator
3301 1073 3313 1108 :
3367 1052 3512 1114 Cum
3551 1053 3745 1131 magni

2099 1148 2291 1216 poetae
2345 1136 2488 1197 deos
2519 1136 2667 1198 altos
2698 1137 2832 1199 illos
2885 1140 3218 1214 nominent,
3256 1141 3556 1221 quomodo
3591 1149 3652 1204 tu
3682 1142 3744 1204 in

2099 1245 2202 1287 eos
2248 1226 2508 1305 linguam
2547 1246 2769 1300 moves,
2808 1237 2866 1289 et
2922 1239 3037 1290 tam
3091 1231 3424 1293 insolenter
3452 1231 3638 1293 audes
3682 1233 3746 1294 in

2099 1335 2202 1377 eos
2250 1313 2586 1378 insultare?
2617 1317 2752 1391 etsi,
2788 1329 2853 1378 ut
2904 1317 3115 1393 fertur,
3155 1329 3213 1380 tu
3263 1340 3500 1400 quoque
3535 1339 3742 1383 eorum

2091 1406 2313 1485 gustati
2342 1405 2720 1486 sapientiam,
2756 1415 2814 1468 et
2863 1407 3021 1469 fuisti
3057 1410 3350 1488 particeps
3383 1410 3739 1475 dulcedinis.

2094 1496 2199 1558 Illa
2227 1504 2426 1557 autem
2458 1496 2788 1575 prudenter
2810 1499 3202 1578 respondens:
3238 1498 3443 1560 Habeo
3475 1499 3742 1580 quidem,

2095 1583 2316 1664 inquit,
2352 1584 2740 1664 sapientiam,
2774 1585 2926 1648 sicut
2959 1594 3072 1648 mei
3104 1587 3209 1648 Dei
3241 1587 3487 1664 donum,
3524 1589 3627 1665 qui
3658 1597 3748 1650 est

2096 1674 2389 1754 sapientia
2411 1683 2468 1736 et
2495 1674 2631 1748 vita,
2673 1683 2730 1736 et
2759 1695 2938 1752 quem
2976 1677 3186 1738 timere
3217 1685 3275 1737 et
3307 1679 3437 1756 ejus
3472 1678 3746 1740 mandata

2096 1781 2358 1844 servare,
2392 1772 2484 1828 est
2510 1763 2742 1825 initium
2778 1767 3085 1846 sapientiae
3119 1767 3490 1845 perfectioris
3526 1777 3583 1829 et
3617 1787 3747 1829 ma-

2087 1853 2258 1932 joris.
2298 1852 2416 1915 Res
2447 1862 2645 1914 autem
2681 1866 3012 1916 vestrorum
3047 1855 3294 1917 deorum
3343 1877 3478 1919 cum
3513 1858 3631 1919 sint
3662 1858 3746 1918 ri-

371 1949 562 2028 σοφίας
617 1947 720 2004 ἐστὶ
771 1946 1099 2026 τελεωτέρας
1173 1950 1261 2006 καὶ
1318 1950 1579 2026 μείζονος³
1658 1951 1722 2006 τὰ
1792 1946 1845 2004 δὲ
1902 1954 2003 2003 τῶν

2093 1942 2330 2018 diculaa,
2349 1951 2406 2005 et
2437 1943 2630 2022 plenze
2663 1945 2846 2006 multa
2870 1945 3533 2025 deceptione,nonduin
3559 1948 3742 2010 ullam

355 2037 628 2114 ὑμετέρων
706 2040 830 2094 θεῶν
914 2038 1291 2117 καταγέλαστα
1376 2037 1503 2097 ὄντα
1533 2089 1548 2114 ,
1624 2041 1712 2096 καὶ
1796 2036 2005 2104 πολλῆς

344 2127 585 2202 λέμοντα
644 2129 737 2194 τῆς
789 2127 1022 2194 ἀπάτης,
1058 2127 1231 2185 οὒκὲτι
1283 2128 1395 2186 οὖδέ
1443 2128 1588 2195 ἀξίου
1635 2130 1777 2192 τινὸς
1845 2127 2004 2206 ἔτυχε

342 2218 546 2295 ψόγου.
612 2215 758 2284 Πλὴν
784 2215 906 2271 ἀλλ’
968 2218 1082 2274 εἰπὲ
1142 2219 1275 2292 ἡμῖν
1337 2217 1484 2283 ὅστις
1519 2241 1614 2276 σου
1673 2225 1780 2274 τῶν
1828 2217 2004 2294 μεγά-

345 2306 482 2384 λων,
515 2310 590 2371 ὡς
637 2308 768 2386 φὴς,
801 2313 1042 2374 ποιητῶν
1092 2310 1182 2366 καὶ
1225 2308 1369 2376 ὅπως
1417 2310 1565 2372 θεοὺς
1617 2309 1804 2372 αὐτοὺς
1855 2308 2005 2364 ἐπω-

353 2398 602 2471 νόμασεν.
673 2387 732 2455 Ὀ
793 2395 848 2477 δὲ,
905 2398 1106 2477 ῥήτωρ⁶
1170 2404 1360 2477 Πρῶτα
1419 2399 1520 2474 μὲν
1582 2401 1609 2456 ὁ
1669 2398 2003 2477 σοφώτατος,

359 2486 483 2567 ἔφη,
516 2491 753 2553 ποιητῶν
813 2472 1081 2566 Ὅμηρος,
1115 2472 1479 2568 ἐπευχόμενος
1543 2472 1860 2561 οὑτωσὶ-τῷ
1922 2472 2004 2560 Δὶ,

361 2583 467 2633 Ξεύ
542 2575 776 2648 κύδιστε,
856 2576 1098 2656 μέγιστε,
1171 2580 1257 2634 καὶ
1329 2578 1575 2636 ἀθάνατοι
1643 2578 1750 2634 θεοὶ
1827 2573 2002 2633 ἄλλοι·

352 2667 536 2724 ἔπειτα
586 2665 640 2723 δὲ
698 2669 798 2724 καί
849 2669 878 2724 ὃ
930 2666 1278 2745 περίϐλεπτος
1335 2669 1556 2747 Ὀρφεὺς
1615 2668 1669 2724 ἐν
1725 2673 1794 2744 τῇ
1851 2668 2009 2724 αὐτοῦ

347 2758 608 2834 Θεογονίᾳ
641 2757 780 2813 οὕτω
810 2779 926 2820 πως
975 2757 1310 2837 εὐχαριστῶν
1338 2765 1416 2833 τῷ
1475 2757 1802 2832 Ἀπόλλωνι,
1834 2757 1879 2814 ὢ
1909 2758 2008 2812 ἃνα

348 2852 560 2913 Λητοῦς
619 2846 720 2924 υτὲ,
779 2845 1079 2914 ἑκατηϐόλε
1136 2846 1327 2920 Φοῖϐε,
1389 2848 1630 2927 κραταιέ,
1691 2845 2005 2924 πανδερκὲς,

2093 2050 2198 2112 pro
2250 2033 2482 2095 meritis
2511 2041 2805 2096 assecutae
2855 2042 2993 2095 sunt
3054 2035 3566 2116 vituperationem.
3622 2039 3745 2100 Ve-

2090 2139 2221 2182 rum
2247 2121 2560 2183 enimvero
2585 2122 2684 2184 dic
2711 2123 2910 2200 nobis,
2941 2125 3214 2203 quisnam
3249 2144 3317 2187 ex
3343 2127 3459 2187 tuis
3491 2127 3739 2205 magnis.

2090 2219 2153 2272 ut
2182 2211 2358 2290 dicis,
2392 2211 2677 2289 poetis,et
2706 2213 3007 2294 quomodo
3033 2215 3181 2276 deos
3211 2215 3372 2295 ipsos
3390 2215 3744 2278 nominavit?

2088 2301 2308 2362 Orator
2337 2310 2534 2363 autem
2577 2323 2590 2365 :
2653 2301 2917 2364 Primum
2952 2303 3219 2383 quidem,
3257 2306 3470 2382 inquit,
3505 2308 3746 2384 sapiens

2091 2405 2268 2470 poeta
2299 2392 2590 2452 Homerus
2619 2390 2822 2454 Jovem
2859 2411 3130 2472 precans,
3167 2393 3253 2456 sic
3285 2394 3430 2454 dicit
3464 2413 3476 2456 :
3513 2394 3740 2473 Jupiter

2090 2480 2544 2560 gloriosissime,
2596 2482 2876 2552 maxime,
2931 2491 2990 2543 et
3040 2482 3141 2544 alii
3205 2483 3290 2545 dii
3343 2483 3735 2547 immortales.

2093 2569 2322 2632 Deinde
2347 2570 2593 2648 insignis
2613 2589 2849 2652 quoque
2869 2573 3144 2652 Orpheus
3168 2572 3226 2633 in
3244 2591 3349 2634 sua
3366 2571 3732 2652 Theogonia,

2091 2662 2178 2721 sic
2209 2660 2428 2737 gratias
2456 2678 2642 2739 agens
2677 2660 2789 2722 deo
2823 2661 3106 2741 Apollini,
3139 2662 3316 2724 dicit:
3368 2663 3416 2727 Ο
3446 2681 3550 2725 rex
3583 2663 3740 2724 ﬁlius

2094 2749 2357 2824 Latonia,
2382 2750 2619 2812 eminus
2643 2750 2884 2826 feriens,
2914 2760 3120 2830 potens
3142 2751 3390 2825 Phoebe,
3418 2755 3515 2834 qui
3538 2753 3744 2815 omnia

2095 2839 2366 2913 intueris,
2403 2847 2460 2900 et
2490 2839 2752 2919 imperas
2785 2840 3136 2903 mortalibus
3169 2856 3228 2903 et
3270 2841 3736 2917 immortalibus,

350 2941 596 3002 θνητοῖσι
643 2936 731 2991 καὶ
783 2937 1117 2994 ἀθανάτοισιν
1171 2937 1441 3018 ἀνάσσων,
1496 2937 1674 2996 Ἧέλιε
1723 2938 2003 3018 χρυσὲοσιν

2092 2928 2214 3003 Sol,
2250 2928 2442 3018 quiin
2476 2928 2664 2990 altum
2715 2932 2926 3010 pennis
2957 2929 3152 2992 aureis
3183 2931 3511 2994 extolleris.
3544 2933 3741 3011 Atque

353 3026 650 3104 ἀειρόμενει
712 3026 1048 3104 πτερύγεσιν,
1112 3026 1263 3084 Οῧτω
1335 3029 1430 3091 μὲν
1477 3027 1564 3085 οὖν
1637 3032 1682 3086 οἱ
1740 3026 2003 3105 κράτιστοι

2092 3018 2178 3079 sic
2239 3016 2482 3098 quidem
2546 3018 3017 3098 praestantissimi
3069 3028 3127 3081 et
3182 3020 3356 3099 primi
3392 3039 3462 3084 ex
3519 3021 3737 3102 poetis,

348 3117 434 3172 καὶ
504 3122 713 3194 πρῶτοι
782 3115 888 3172 τῶν
970 3119 1213 3183 ποιητῶν
1266 3117 1460 3192 ἐτίμων
1536 3139 1593 3175 τε
1657 3119 1842 3182 αὐτοὺς
1919 3111 2003 3176 καῖ

2090 3108 2255 3189 ipsos
2308 3108 2705 3183 honorabant,
2742 3117 2799 3170 et
2829 3108 2978 3170 deos
3023 3117 3226 3189 aperte
3261 3110 3566 3173 vacabant.
3618 3111 3742 3172 Ne-

338 3206 487 3271 θεοὺς
545 3210 789 3284 φανερῶς
848 3205 1136 3271 ἀθανάτους
1196 3206 1442 3270 ἐκάλουν.
1504 3205 1650 3274 Μηδὲ
1704 3208 1766 3264 σὺ
1836 3210 2003 3265 τοίνυν

2091 3216 2207 3279 que
2234 3206 2292 3258 tu
2327 3215 2466 3275 ergo
2497 3197 2763 3276 decepta,
2791 3199 3135 3260 cruciﬁxum
3161 3199 3428 3261 attendas
3462 3209 3738 3280 tauquam

336 3295 443 3351 ὑπὸ
509 3299 610 3362 τῆς
671 3294 885 3361 ἀπάτης
935 3293 1276 3370 κλεπτομὲνη
1339 3298 1679 3376 προσανὲχῃς
1748 3300 1839 3354 οἷα
1892 3303 2003 3372 Θεῷ

2090 3288 2302 3363 Deum,
2337 3305 2516 3364 quem
2551 3287 2750 3349 nullus
2785 3306 2852 3350 ex
2887 3287 3186 3351 veteribus
3216 3289 3456 3369 sapiens
3502 3288 3738 3352 inveni-

339 3389 418 3456 τῷ
468 3383 870 3462 ἐσταυρομένῳ,
933 3383 991 3440 ὃν
1053 3385 1168 3441 οὐδὲ
1239 3391 1344 3442 τῶν
1401 3383 1646 3443 παλαιῶν
1701 3409 1783 3451 τις
1844 3389 2003 3466 σοφὸν

2093 3386 2185 3439 ιιιι·
2216 3377 2580 3453 nominasse,
2617 3395 2812 3458 neque
2843 3378 3022 3455 scire,
3057 3397 3131 3439 an
3162 3386 3320 3441 esset
3350 3381 3534 3443 Deus.

348 3474 622 3548 ὀνομάσάς
687 3474 1006 3550 εὑρίσκεται,
1070 3473 1185 3532 οὐδὲ
1245 3478 1289 3532 εἰ
1349 3478 1477 3541 Οὲὸς
1535 3477 1760 3534 καλοῖτο
1829 3475 2002 3543 εἰδώς.

431 3565 502 3621 ι’.
562 3562 669 3621 Καὶ
727 3565 764 3632 ἡ
824 3563 1048 3642 μάρτυς’
1114 3568 1233 3642 Ναὶ,
1269 3567 1520 3646 φησὶ,τά
1550 3568 1675 3646 περὶ
1736 3573 1844 3624 τῶν
1873 3570 2004 3624 θεῶν

364 3673 458 3708 σου
520 3652 676 3716 οὕτως
732 3651 881 3732 ἔχειν
944 3651 1196 3731 ὁμολογῶ
1252 3657 1338 3712 καὶ
1395 3659 1491 3715 οὒκ
1548 3656 1610 3713 ἂν
1667 3657 2000 3732 ἀντείποιμι’

367 3739 487 3796 ἀλλ’
559 3740 724 3800 ὶκεῖνά
779 3749 886 3798 ποῦ
954 3744 1213 3818 θήσομεν.
1293 3742 1542 3824 ’Όμηρος
1612 3747 1710 3822 μὲν
1780 3745 1880 3823 γὰρ
1950 3747 2008 3802 ὃν

363 3830 639 3906 κράτιστον
688 3837 929 3899 ποιητῶν
991 3830 1148 3912 ἔφης,
1213 3835 1371 3898 αὐτὸς
1433 3833 1639 3900 ἐκεῖνος
1697 3834 1859 3892 πάλιν
1915 3837 2006 3891 τὸν

356 3920 610 3996 μέγιστον
666 3921 916 3977 ἁπάντων
972 3923 1106 3976 θεῶν
1167 3945 1260 3980 σου
1317 3923 1412 3980 Δίά
1469 3927 1672 4000 μυρίοις
1717 3922 2004 3984 ὑποϐάλλει

346 4023 465 4071 τοῖς
526 4007 867 4084 ἆτοπήμασι,
915 4014 992 4076 πῆ
1034 4010 1129 4084 μὲν
1183 4013 1419 4085 ψεύστην
1449 4015 1536 4070 καὶ
1589 4012 1828 4093 σκολιὸν,
1861 4036 2002 4070 παν-

344 4099 536 4175 οῦργόν
595 4118 651 4152 τε
683 4099 770 4154 καὶ
828 4098 1112 4155 ἀπατεῶνα
1173 4098 1374 4175 καλῶν,
1409 4103 1487 4170 πῆ
1546 4101 1599 4158 δὲ
1655 4104 1759 4159 ὑπὸ
1825 4095 2002 4180 ’Ἥρας

339 4189 430 4244 καὶ
493 4185 820 4251 Ποσειδῶνος
877 4190 966 4245 καὶ
1021 4189 1270 4264 Ἀθηνᾶς,
1303 4189 1429 4269 παρ’
1488 4191 1667 4269 ὀλίγον
1723 4191 2003 4262 δεσμώτην

337 4281 658 4356 γενδμενον,
697 4279 754 4334 Ei
784 4278 882 4354 γάρ
941 4279 1018 4352 μὴ
1073 4280 1213 4349 παρά
1266 4279 1480 4346 Θέτιδος
1514 4283 1855 4356 κατεμηνύθη
1907 4283 2002 4350 τὴν

337 4365 661 4441 ἐπιϐουλὴν,
694 4369 782 4423 καὶ
835 4367 925 4423 τὸν
979 4370 1203 4446 Αἰγαῖον
1253 4369 1461 4450 φύλακα
1515 4375 1610 4438 τῆς
1644 4373 1837 4438 οἰκείας
1887 4394 2001 4429 σω-

334 4457 533 4534 τηρίας
599 4454 978 4534 προῦϐάλλετο,
1037 4459 1182 4536 τάχα
1255 4482 1337 4516 σοι
1400 4467 1504 4517 τῶν
1571 4465 1702 4518 θεῶν
1758 4461 1852 4518 καί
1897 4467 2001 4518 τῶν

335 4545 548 4624 ἀνδρῶν
611 4546 640 4601 δ
697 4546 875 4622 πατὴρ
924 4546 1110 4606 ὕπτιος
1172 4549 1346 4605 ἔκειτο
1403 4547 1644 4630 δέσμιος,
1703 4548 2001 4621 ἀϐοήθητος

334 4637 438 4692 ὑπὸ
498 4633 590 4691 δύο
665 4642 927 4711 γυναικῶν
977 4641 1066 4693 καὶ
1121 4637 1444 4705 ποσειδῶνος
1517 4643 1998 4716 καταπαιζὸμενος.

360 4736 400 4783 0
466 4726 732 4799 μουσικὸς
804 4723 858 4780 δὲ
915 4728 1076 4783 πάλιν
1133 4727 1353 4810 Ὀρφεὺς
1431 4728 1637 4796 πολλὴν
1693 4731 1840 4805 ὑμῶν
1897 4737 2002 4787 τῶν

337 4818 531 4876 αὖτοῦς
581 4811 888 4888 σεϐομένων
959 4819 1046 4872 καὶ
1110 4821 1258 4883 οὗτος
1321 4816 1504 4876 ἄνοιαν
1561 4820 1647 4875 καὶ
1705 4818 2000 4892 παραπλη-

340 4903 448 4970 ξίαν
511 4903 930 4981 καταγινώσκει,
965 4907 1052 4962 καὶ
1101 4905 1335 4981 μάλιστα
1379 4907 1434 4964 ἐν
1481 4911 1518 4984 ᾗ
1568 4907 1734 4985 βίϐλῳ
1777 4910 1892 4987 περῖ
1943 4931 2001 4966 τε

343 4998 534 5069 αὖτῶν,
567 4996 645 5058 ὡς
705 4993 863 5068 ἔφης,
900 5001 1006 5052 τῶν
1058 4999 1189 5053 θεῶν
1233 5000 1332 5064 τῆς
1391 4997 1552 5077 γονῆς
1613 5001 1699 5056 καὶ
1754 4999 1852 5067 τῆς
1909 5006 1999 5058 τοῦ

343 5083 538 5160 κόσμου
600 5084 899 5163 συνὲγραψε
960 5087 1206 5162 κτίσεως,
1240 5086 1380 5144 οὕτω
1435 5095 1551 5150 πῶς
1608 5089 1695 5144 καὶ
1744 5089 1996 5167 περὶτῆς

339 5173 592 5254 ὑμετέρας
665 5173 1033 5246 ματαιότητος
1107 5177 1195 5232 καὶ
1263 5181 1362 5244 τῆς
1424 5176 1646 5251 ἀμαθίας
1704 5178 1996 5253 ὕποσημῆ-

332 5287 444 5336 νας,
497 5265 619 5322 οὔτε
672 5277 870 5326 κακοῖς
929 5265 1384 5346 προσερχομένοις
1425 5271 1635 5340 νοῆσαι,
1693 5265 1812 5323 οὕτε
1867 5281 1996 5334 ποϊς

325 5354 471 5429 μᾶλα
527 5354 828 5433 προτρέψαι
863 5354 1167 5422 κακότητος
1227 5355 1469 5436 ἔχουσιν,
1504 5359 1653 5430 ᾧτινι
1699 5357 1784 5413 καὶ
1839 5357 1993 5424 αὐτὸς

322 5445 469 5519 ὑμῶν
515 5448 543 5502 ὁ
576 5446 747 5524 σοφὸς
805 5459 1204 5524 προσμαρτυρεῖ
1269 5444 1576 5524 Σοφοκλῆς,
1611 5445 1783 5504 "Ean
1835 5450 1991 5528 Θεὸς,

322 5536 501 5611 εἰπὼν,
536 5537 601 5599 ὃς
643 5535 873 5615 οὖρανὸν
918 5533 1091 5600 ἔτευξε
1152 5540 1249 5593 καὶ
1305 5550 1478 5614 γαῖαν
1535 5537 1764 5616 μακρὰν,
1799 5536 1992 5595 πόντου

322 5647 373 5682 τε
416 5628 663 5708 χαροπὸν
714 5622 892 5700 οἶδμα
923 5625 1016 5680 καὶ
1065 5625 1277 5701 ἆνὲμων
1311 5625 1452 5701 βίας.
1506 5631 1700 5694 Θνητοὶ
1732 5626 1786 5683 δέ
1817 5626 1990 5684 πολυ-

319 5714 513 5797 κεδρείῃ
569 5715 959 5794 πλανώμενοι,
1013 5711 1332 5793 ἱδρυσάμεθα
1390 5716 1690 5792 πεμμάτων
1742 5721 1990 5796 παραψυ·

313 5807 408 5890 χᾶς
455 5812 544 5870 καὶ
575 5812 717 5870 θεῶν
778 5803 1096 5887 ἀγάλματα,
1133 5802 1298 5873 ξύλων
1351 5805 1437 5862 καὶ
1482 5803 1638 5864 λίθων
1671 5806 1729 5865 ἐκ
1778 5829 1988 5889 χρυσο-

2169 3556 2240 3620 Χ.
2277 3559 2492 3639 lilartyr
2521 3565 2721 3619 autem
2751 3557 2895 3620 dicit
2931 3579 2948 3619 :
2978 3559 3102 3621 Res
3133 3559 3384 3622 deorum
3412 3560 3604 3622 fateor
3654 3558 3737 3620 ita

2090 3664 2155 3708 se
2186 3646 2408 3710 habere
2439 3672 2452 3720 ;
2486 3666 2680 3727 neque
2712 3647 3323 3712 contradixerimSed
3359 3648 3458 3710 illa
3487 3648 3736 3728 adjicie-

2092 3755 2242 3797 mus.
2270 3739 2418 3800 Nam
2445 3735 3210 3819 Homerusquidem,quem
3236 3738 3432 3801 dixisti
3459 3747 3739 3818 prazstan-

2089 3826 2386 3887 tissimum
2447 3834 2777 3906 poetarum,
2812 3827 2916 3890 ille
2978 3828 3106 3907 ipse
3155 3845 3362 3888 rursus
3415 3829 3736 3889 maximum

2087 3915 2355 3976 omnium
2392 3915 2636 3976 deorum
2678 3914 2910 3990 Jovem,
2949 3916 3470 3979 inumerabillibus
3490 3915 3737 3996 subjicit

2085 4003 2574 4077 absurditalibus,
2603 4005 2818 4066 alicubi
2853 4006 3093 4086 quidem
3135 4006 3483 4068 mendacem
3512 4015 3569 4067 et
3594 4025 3736 4087 per-

2087 4112 2346 4168 versum,
2387 4094 2730 4174 vafrumque
2779 4113 2995 4155 vocans
3027 4105 3086 4156 et
3135 4095 3564 4176 deceptorem;
3620 4095 3734 4158 ali-

2087 4183 2224 4247 cubi
2258 4194 2458 4246 autem
2492 4203 2525 4246 a
2549 4185 2805 4259 lunone,
2830 4183 3105 4265 Neptuno
3141 4193 3197 4245 et
3226 4187 3494 4247 Minerva
3525 4195 3742 4266 praeter

2085 4274 2376 4336 rationem
2413 4275 2752 4354 conjectum
2787 4273 2847 4334 in
2881 4274 3136 4335 vincula.
3171 4274 3297 4335 Nisi
3332 4274 3492 4336 enim
3524 4294 3558 4336 a
3587 4273 3739 4336 The-

2089 4364 2210 4426 tide
2241 4365 2296 4426 ei
2327 4364 2670 4444 signiﬁcata)
2693 4363 2944 4426 fuissent
2966 4363 3219 4438 insidiae,
3242 4372 3299 4424 et
3320 4367 3560 4442 digeum
3594 4381 3741 4442 prm-

2086 4455 2324 4517 fecisset
2355 4455 2643 4516 custodiae
2663 4473 2784 4516 suae
2805 4453 3039 4530 salutis,
3061 4454 3307 4515 deorum
3334 4463 3391 4515 et
3425 4452 3738 4514 hominum

2090 4553 2254 4624 pater
2283 4545 2434 4607 forte
2469 4544 2572 4606 tibi
2599 4545 2891 4624 jacuisset
2934 4545 3210 4624 supinus,
3249 4544 3502 4615 vinctus,
3536 4561 3570 4604 a
3603 4562 3738 4603 mu-

2089 4633 2332 4696 lieribus
2362 4644 2418 4697 et
2450 4633 2722 4714 Neptuno
2756 4635 2986 4698 illusus.
3025 4633 3247 4695 Rursus
3301 4631 3575 4714 Orpheus
3610 4652 3736 4694 mu-

2029 4706 2066 4759 θ
2086 4723 2244 4785 sicus
2276 4743 2401 4796 vos,
2433 4706 2673 4802 qui-eos
2696 4724 2912 4797 colitis,
2941 4740 3166 4802 magna:
3183 4706 3465 4784 aniciitize
3489 4723 3737 4784 damna-

2089 4815 2176 4876 vit
2235 4825 2293 4877 et
2341 4813 2627 4896 stuporis,
2661 4825 2717 4874 et
2777 4817 3033 4874 maxime
3095 4813 3153 4872 in
3220 4812 3396 4886 libro,
3436 4831 3639 4892 quem,
3675 4819 3740 4873 ut

2084 4903 2256 4975 dicis,
2283 4905 2520 4986 scripsit
2545 4903 2618 4964 de
2641 4911 2773 4964 ortu
2806 4902 3056 4964 deorum
3089 4913 3146 4963 et
3174 4904 3474 4964 creatione
3505 4902 3734 4986 mundi,

2082 4994 2166 5055 sic
2199 5001 2450 5056 vestram
2486 4992 2805 5054 vanitatem
2854 4991 3197 5071 signiﬁcans
3223 5001 3280 5052 et
3310 4991 3736 5070 ignorantiam,

2080 5083 2227 5144 dicit
2261 5100 2277 5158 ;
2334 5085 2546 5164 Neque
2577 5082 2908 5143 adventans
2960 5082 3179 5142 malum
3215 5080 3491 5142 homines
3521 5081 3741 5143 intelli-

2082 5182 2248 5252 gunt,
2276 5191 2472 5254 neque
2504 5191 2638 5234 cum
2672 5171 3004 5246 advenerit,
3033 5170 3256 5231 malum
3292 5178 3542 5252 possunt
3569 5190 3739 5233 aver-

2082 5273 2230 5325 tere.
2293 5265 2400 5328 Cui
2461 5267 2636 5324 etiam
2691 5262 3048 5343 astipulatur
3102 5261 3341 5342 sapiens
3372 5268 3566 5323 vester
3622 5261 3740 5323 So-

2081 5353 2347 5433 phocles,
2383 5352 2592 5414 dicens
2621 5373 2633 5415 :
2673 5351 2777 5414 Est
2810 5355 2990 5424 Deus,
3025 5352 3124 5432 qui
3173 5351 3385 5413 coelum
3419 5349 3737 5413 fabricatus

2078 5450 2168 5505 est
2199 5451 2260 5505 et
2286 5443 2521 5523 longam
2560 5451 2806 5523 terram,
2845 5450 2903 5503 et
2935 5441 3101 5522 ponti
3134 5442 3378 5521 glaucos
3407 5442 3646 5522 fluctus,
3681 5449 3741 5502 et

2076 5541 2382 5594 ventorum
2415 5531 2753 5593 violentias.
2782 5530 3062 5594 Mortales
3092 5539 3292 5592 autem
3326 5531 3508 5591 corde
3563 5530 3738 5592 valde

2078 5632 2375 5699 errantes,
2409 5621 2802 5684 bellariorum
2827 5622 3140 5683 statuimus
3169 5619 3463 5695 solatia,et
3485 5628 3734 5680 deorum

2074 5712 2390 5792 imagines,
2451 5730 2521 5772 ex
2579 5711 2756 5790 lignis
2814 5721 2870 5772 et
2930 5709 3226 5791 lapidibus
3275 5725 3420 5770 auro
3491 5707 3732 5768 structis

2076 5805 2316 5886 ﬁguras.
2365 5801 2470 5866 llis
2523 5810 2722 5865 autem
2775 5801 3209 5875 sacriﬁcantes,
3245 5807 3302 5861 et
3361 5798 3487 5860 dies
3547 5796 3732 5858 festos
