4136 6420
425 391 543 464 287
1731 400 2014 469 MENSIS
2052 401 2499 469 NOVEMBER.
3689 406 3813 477 288

425 553 613 629 novos
664 535 1062 620 celebrantes,
1098 546 1419 624 propterea
1446 557 1556 604 nos
1612 539 1741 624 pios
1771 557 1907 604 esse
1939 537 2058 601 du-

2183 537 2378 599 εύκτων
2422 539 2642 618 τύπους,
2674 540 2857 607 θυσίας
2902 540 2958 601 δὲ
2987 541 3192 609 τούτοις
3236 541 3325 603 καὶ
3355 543 3546 612 καινὰς
3577 560 3816 629 τεύχον-

426 625 637 693 οἰηιυε,
2160 652 2247 695 τες
2303 632 2651 713 πανηγύρεις,
2716 630 2988 692 εὐσέϐειαν
3045 635 3190 691 εἶναι
3248 641 3414 693 ταῦτα
3495 625 3812 713 νομίζομεν.

509 718 608 783 ΧΙ.
642 719 809 793 Quod
841 733 1037 784 autem
1088 723 1434 785 cruciﬁxum
1486 741 1564 785 ne
1593 721 1785 785 solum
1831 720 2075 803 quidem

2243 719 2351 783 Μ’.
2408 712 2445 749 "
2453 731 2546 781 Οτι
2609 720 2663 778 δε
2694 723 2786 779 τὸν
2842 723 3241 801 ἐσταυρωμένον
3269 726 3347 801 μὴ
3403 712 3567 801 ψιλοῦί
3618 741 3818 809 τυχεῖν

426 827 647 872 nomen
675 810 872 873 dixisti
896 812 1118 874 habere
1139 813 1293 893 apud
1315 819 1811 892 veteres,oportet
1833 810 2059 892 quidem

2184 810 2424 886 ἱνόματος
2482 812 2625 890 παρά
2676 825 2796 877 τοῖς
2854 813 3110 879 παλαιοῖς
3167 814 3292 895 ἔφη,
3328 814 3501 898 ’ἐχρῆν
3547 816 3645 892 μὲν
3692 842 3817 893 μη-

428 917 549 960 non
582 918 712 962 esse
765 900 945 962 nimis
974 901 1300 982 curiosum,
1338 920 1532 982 neque
1563 901 1639 963 de
1684 918 1754 963 eo
1786 901 2061 962 humana:

2184 900 2215 955 ῖὲ
2269 902 2697 979 περιεργάζεσθαι
2756 903 2842 959 καὶ
2901 897 3398 983 πολυπραγμονεῖν,
3461 903 3600 981 μηδὲ
3651 905 3817 985 λογι-

426 990 679 1051 scrutari
741 991 1031 1064 rationes,
1092 992 1251 1072 quod
1299 992 1377 1053 sit
1435 990 1592 1054 Deus
1649 1008 1848 1065 verus,
1882 990 2059 1069 opifex

2182 989 2326 1063 εμοὺς
2398 989 2608 1066 ἐρευνᾷν
2680 989 3037 1069 ἀνθρωπίνους
3110 992 3235 1071 περί
3300 995 3484 1073 αύτοῦ,
3554 996 3629 1059 ὡς
3698 994 3815 1053 ἔστι

425 1078 582 1150 εωιί,
610 1088 878 1156 etterraa,
909 1089 968 1142 et
991 1087 1194 1157 maris,
1215 1089 1276 1144 et
1305 1081 1471 1155 solis,
1499 1089 1556 1142 et
1578 1081 1756 1157 lunae,
1784 1088 1843 1142 et
1879 1087 2058 1141 astro-

2183 1079 2288 1144 ἐὺς
2346 1078 2553 1147 ἀληθὴς
2626 1083 2847 1156 οὖρανοῦ
2897 1082 2986 1137 καὶ
3056 1081 3158 1160 γῆς
3228 1083 3317 1139 καὶ
3376 1082 3652 1151 θαλάσσης
3722 1088 3816 1143 καὶ

424 1186 581 1239 rum,
609 1178 667 1231 et
697 1171 961 1232 universi
984 1171 1297 1233 hominum
1325 1170 1585 1252 generis,
1609 1169 2057 1251 incomprehen-

2182 1166 2309 1236 δλίο.)
2340 1170 2427 1224 καὶ
2477 1169 2712 1238 σελήνης
2768 1171 2857 1226 καὶ
2911 1169 3150 1250 ἀστόρων
3182 1173 3269 1229 καὶ
3323 1175 3523 1236 παντὸς
3554 1183 3649 1233 τοῦ
3702 1180 3815 1231 τῶν

422 1257 637 1334 sibilis,
669 1259 1103 1335 inscrutabilis,
1150 1261 1590 1335 interminatus,
1622 1258 1964 1322 ineffabilia.
1998 1259 2047 1320 U

2178 1256 2445 1336 ινθρώπων
2517 1258 2697 1337 γένους
2765 1256 3115 1338 δημιουργὸς,
3187 1260 3591 1337 ἀκατάληπτος,
3651 1260 3811 1330 ἀνεξ-

418 1365 557 1409 vero
607 1367 705 1411 res
735 1351 865 1430 ejus
909 1370 982 1413 ex
1013 1351 1224 1412 vestris
1270 1368 1512 1432 quoque
1569 1351 1923 1411 conﬁrmem
1961 1347 2051 1428 (sic

2184 1348 2458 1424 ρεύνητος,
2493 1347 2807 1424 ἀπέραντος,
2842 1347 3260 1430 ἀνεξιχνίαστος,
3295 1350 3546 1430 ἄῤῥητος.
3596 1343 3721 1411 ιἸνα
3755 1351 3814 1409 δέ

421 1438 579 1499 enim
616 1438 791 1501 fuerit
821 1439 1068 1502 omnino
1090 1458 1122 1500 a
1145 1439 1494 1520 suspicione
1516 1438 1775 1499 alienum
1811 1436 2054 1499 testimol

2179 1459 2239 1493 rei.
2298 1437 2363 1493 τὰ
2426 1439 2545 1516 περὶ
2604 1439 2762 1495 αὐτοῦ
2820 1438 2904 1496 καὶ
2949 1438 3055 1495 ἀπὸ
3114 1446 3218 1496 τῶν
3274 1442 3543 1520 ὑμετέρων
3597 1443 3812 1499 πιστώ-

418 1526 629 1603 ninm),
665 1530 805 1591 audi
843 1528 1342 1609 sapientissimam
1376 1527 1533 1589 inter
1568 1527 1849 1589 mulieres
1881 1524 2051 1606 sibyl-

2183 1542 2357 1602 ’ωμαν
2409 1526 2548 1584 οὕτω
2604 1528 2705 1607 γὰρ
2764 1526 2826 1584 ἂν
2898 1528 2990 1595 εἴη
3065 1530 3280 1593 πάντως
3351 1532 3652 1599 ἀνύποπτος
3722 1532 3816 1590 καὶ

417 1617 1010 1698 lam,generationem
1036 1620 1165 1699 ejus
1187 1618 1518 1681 secundum
1544 1635 1809 1691 carnem,
1846 1625 1904 1678 et
1942 1617 2050 1697 eju:

2181 1640 2191 1682 ι
2278 1617 2557 1695 μαρτυρία⁶
2646 1621 2744 1683 τῆς
2819 1618 3134 1694 σοφωτάτης
3206 1619 3260 1675 ὲν
3345 1621 3574 1699 γυναιξὶν
3652 1622 3814 1679 ἄκουε

420 1706 484 1770 in
520 1726 627 1769 nos
662 1708 1098 1789 providentiam
1130 1717 1189 1770 et
1221 1725 1423 1769 curam
1476 1706 1840 1769 incﬂ'abilem
1871 1714 2053 1785 aperti

2181 1700 2412 1772 τιϐύλλης
2464 1706 2561 1772 τὴν
2620 1704 2756 1762 κατά
2813 1707 2981 1785 σάρκα
3020 1708 3271 1786 γέννησιν
3328 1711 3509 1790 αὺτοῦ,
3570 1714 3656 1768 καὶ
3713 1713 3814 1780 τήν

420 1796 881 1875 signiﬁcantem.
941 1798 1003 1861 Si
1049 1799 1134 1860 vis
1173 1805 1391 1874 autem,
1428 1799 1555 1879 ipsa
1616 1814 1852 1878 quoque
1901 1795 2053 1856 verb:

2183 1795 2276 1871 περὶ
2317 1796 2453 1863 ὑμᾶς
2508 1795 2756 1874 πρόνοιαν
2801 1798 2888 1852 καὶ
2943 1797 3042 1864 τὴν
3100 1795 3300 1878 ἄφατον
3360 1801 3516 1860 αὑτοῦ
3572 1800 3816 1877 κηδεμο-

420 1873 755 1952 audiemus.
800 1889 911 1950 Vix
946 1887 1183 1950 tandem
1240 1873 1672 1949 autermvvenie—t
1715 1873 1953 1966 quidam
2012 1885 2053 1945 ir

2189 1884 2268 1938 ίαν
2335 1890 2515 1961 σαφῶς
2588 1885 3060 1960 ὑποσημαινούσης
3096 1935 3112 1965 ,
3188 1889 3231 1943 εί
3317 1887 3495 1965 βούλει
3568 1888 3651 1964 δὲ,
3725 1893 3816 1947 καὶ

420 1977 573 2040 hanc
611 1978 962 2040 multiﬁdam
993 1986 1302 2051 terram,et
1326 1977 1550 2057 absque
1575 1975 1742 2056 lapsu
1775 1975 1872 2036 ﬁet
1904 1993 2053 2036 caro,

2180 1972 2325 2029 ιῦτῶν
2389 1972 2772 2048 ἐπακούσωμεν
2829 1981 2934 2030 τῶν
3004 1976 3286 2051 ῥημάτων,
3347 1977 3481 2054 Ὀψέ
3534 1978 3661 2036 ποτέ
3728 2002 3813 2045 τις

415 2065 740 2130 Indefessis
761 2077 957 2130 autem
998 2067 1273 2130 terminis
1303 2066 1633 2130 divinitatis
1654 2065 1837 2127 solvet
1868 2082 2043 2125 corru

2185 2063 2239 2118 πὶ
2289 2062 2386 2129 τὴν
2442 2060 2747 2141 πολυσχιδῆ
2800 2064 2997 2129 ταύτην
3060 2063 3267 2121 ἐλάσειε
3325 2071 3456 2145 γῆν,
3513 2070 3599 2125 καὶ
3682 2066 3813 2149 δίχα

417 2162 679 2237 ptionem
712 2158 1101 2220 aﬂ'ectiouum
1157 2155 1719 2221 immedicabilium.
1757 2154 1827 2216 Et
1857 2156 1909 2217 ei
1957 2154 2043 2216 eri

2174 2150 2467 2230 ιφάλματος
2526 2154 2810 2230 γενήσεται
2870 2152 3019 2232 σὰρξ,
3086 2153 3383 2220 ἀκαμάτοις
3443 2154 3497 2213 δὲ
3551 2159 3807 2223 θεότητος

415 2246 644 2309 invidia
675 2247 735 2309 in
769 2248 1081 2310 incredulo
1115 2247 1357 2329 populo,
1391 2255 1447 2309 et
1477 2246 1538 2308 in
1584 2246 1705 2307 alto
1735 2245 2048 2325 ειιεμρηᾱθι

2174 2239 2317 2316 ἱροις,
2393 2241 2621 2297 ἀνιάτων
2693 2243 2874 2298 παθῶν
2945 2240 3096 2298 λύσει
3168 2246 3384 2323 φθοράν,
3464 2247 3561 2303 Καὶ
3635 2247 3807 2321 τούτῷ

413 2346 530 2412 tur,
558 2346 837 2419 tanquam
871 2358 1011 2400 reus
1037 2338 1263 2400 mortis.
1303 2336 1440 2398 Haec
1466 2347 1658 2398 autem
1692 2335 1892 2397 omnia
1922 2334 2044 2396 leni

2174 2330 2403 2409 ιφθόνος
2462 2331 2744 2407 γενήσεται
2777 2329 2829 2396 ἐξ
2884 2331 3105 2388 ἀπίστοῦ
3160 2331 3313 2408 λαοῦ,
3348 2335 3437 2390 καὶ
3495 2336 3626 2415 πρὸς
3669 2335 3807 2411 ὕψος

413 2433 511 2488 ter
538 2427 812 2507 patietur.
853 2427 1000 2491 Vide
1022 2445 1257 2507 quoque
1289 2433 1477 2487 vatem
1511 2445 1543 2487 a
1576 2423 1889 2486 mendacio
1921 2425 2046 2487 alie

2186 2420 2582 2496 ρεμασθήσεται
2665 2421 2738 2485 ὡς
2802 2422 3029 2477 θανάτου
3114 2420 3422 2488 κατάδικος.
3505 2432 3680 2484 ταῦτα
3756 2425 3817 2483 δὲ

416 2534 557 2577 num
589 2516 1214 2597 Apollinem,oblitum
1249 2515 1439 2577 solitae
1460 2533 1582 2575 sua:
1608 2513 1989 2575 obscuritatis
2012 2532 2043 2575 e

2185 2528 2325 2565 εαντα
2374 2509 2613 2565 πείσεται
2668 2510 2874 2588 πράως·
2915 2511 3011 2589 ὅρα
3062 2511 3117 2568 δέ
3177 2534 3261 2569 σοι
3322 2515 3410 2570 καὶ
3466 2515 3559 2571 τὸν
3609 2514 3818 2592 ἀψευδῆ

414 2604 803 2685 obliquitatis,
832 2615 893 2667 et
922 2606 1168 2686 nudam,
1194 2604 1425 2666 etiamsi
1460 2604 1627 2677 nolit,
1656 2603 1930 2665 edentem
1966 2621 2037 2664 ve

2188 2599 2347 2654 ,άντιν
2415 2597 2755 2676 Ἀπόλλωνα,
2808 2600 2907 2668 τῆς
2967 2603 3222 2672 συνήθους
3279 2601 3535 2683 ἀσαφείας
3588 2607 3676 2663 καὶ
3715 2610 3821 2673 τῆς

414 2698 672 2757 ritatem.
707 2695 894 2773 Unus,
933 2696 1142 2778 inquit,
1181 2714 1276 2755 ευρ
1334 2700 1491 2772 cogit
1538 2692 1819 2768 caelestis,
1854 2693 1953 2774 qui
1987 2710 2047 2753 es

2192 2687 2443 2778 οξότητος
2516 2687 2942 2765 ἐπιλελησμένον
3019 2690 3107 2747 καὶ
3148 2693 3351 2770 γυμνὴν
3391 2693 3489 2760 τὴν
3560 2693 3822 2763 ἀλήθειαν

411 2784 507 2846 lux
540 2785 852 2865 tripliciter
881 2775 1334 2865 ret'ulgens.Qui
1361 2802 1502 2845 vero
1537 2800 1746 2864 passus
1774 2792 1866 2844 est
1887 2784 2044 2845 Deus

2187 2775 2470 2833 ιναόιδόντα
2526 2778 2615 2833 καὶ
2675 2778 2752 2853 μὴ
2808 2778 3156 2855 βουλόμενον.
3208 2784 3303 2845 Εἷς
3361 2803 3453 2858 με,
3487 2783 3646 2865 φησὶ,
3689 2785 3820 2861 βιά-

414 2894 531 2936 non
583 2863 755 2955 passa
812 2885 906 2937 est
945 2863 1140 2937 autem
1188 2875 1318 2954 ipsa
1376 2863 1676 2935 divinitas.
1720 2871 1916 2934 Ambo
1975 2888 2047 2933 es

2187 2888 2298 2923 εται
2373 2868 2609 2945 οὐράνιος
2696 2866 2754 2931 ὃς
2838 2868 2951 2926 ἐστι
3037 2877 3150 2950 φῶς
3222 2871 3545 2948 τριλαμπές.
3633 2863 3691 2931 Ὀ
3764 2872 3820 2930 δὲ

412 2964 596 3044 enim,
640 2971 700 3026 et
756 2966 986 3027 mortali
1038 2983 1315 3047 corpore,
1350 2972 1408 3026 et
1472 2961 1701 3024 alienus
1764 2980 1797 3023 a
1853 2979 2045 3023 corrui

2181 2958 2331 3014 παθὼν
2416 2957 2547 3020 Θεός
2634 2955 2746 3014 ἔστι
2835 2960 2920 3015 καὶ
3023 2959 3081 3047 ού
3144 2960 3339 3047 θεότης
3419 2963 3583 3019 πάθεν

408 3054 633 3137 ptione.
668 3056 805 3135 Ipse
828 3057 954 3133 jam
1014 3045 1172 3118 Deus
1204 3045 1431 3123 est’vir,
1496 3052 1699 3114 omnia
1757 3051 1957 3114 ferens
2004 3051 2041 3111 ii

2184 3069 2310 3137 μφω
2394 3048 2495 3137 γὰρ
2567 3048 2755 3126 βροτὸς
2786 3096 2801 3127 ,
2877 3048 2964 3104 καὶ
3048 3045 3338 3127 ἄμϐροτος.
3427 3052 3598 3116 Αὐτὸς
3682 3054 3814 3117 Θεὸς

409 3135 781 3225 mortalibus,
842 3164 1109 3225 crucem,
1161 3143 1609 3221 contumeliam,
1670 3143 2037 3222 sepulturam

2172 3135 2251 3203 ἱδη
2310 3138 2402 3192 καί
2461 3135 2621 3214 ἀνὴρ,
2667 3137 2842 3193 πάντα
2903 3159 3076 3217 φερων
3137 3138 3196 3194 ἐκ
3261 3143 3505 3221 θνητοῖς,
3560 3143 3805 3220 σταυρὸν,

407 3231 518 3306 Qui
550 3239 724 3299 etiam
762 3222 849 3299 ex
880 3222 1217 3316 superciliis
1266 3234 1494 3295 calidas
1543 3231 1867 3312 aliquando
1915 3232 2037 3294 fudi

2167 3224 2319 3316 ἱϐριν,
2390 3227 2589 3303 ταφὴν,
2655 3227 2710 3290 ὃς
2761 3227 2847 3316 καὶ
2907 3227 3030 3316 ἀπὸ,
3088 3226 3368 3316 βλεφάρων
3424 3231 3550 3287 ποτὲ
3605 3231 3800 3310 χεύατο

407 3324 717 3405 lacrymas.
752 3326 863 3399 Qui
912 3312 1177 3406 quinque
1212 3323 1399 3383 millia
1429 3322 1695 3401 implevit
1733 3322 2037 3383 frumento

2167 3315 2345 3406 ἲάκρυα
2404 3316 2594 3406 θερμὰ,
2631 3317 2688 3379 ὃς
2749 3314 2906 3406 πέντε
2956 3314 3206 3396 χιλιάδας
3255 3325 3435 3398 πυρῶν
3477 3319 3678 3399 κόρεσε.
3731 3319 3800 3376 Τὸ

408 3402 577 3475 Velle
609 3416 767 3476 enim
794 3421 885 3477 est
914 3402 1117 3474 divina
1145 3411 1435 3492 potentia,
1470 3411 1744 3475 Christus
1777 3420 1866 3471 est
1898 3430 2041 3472 meu:

2169 3406 2248 3483 (ἀρ
2290 3405 2435 3460 θέλεν
2481 3402 2745 3480 ἄμϐροτος
2780 3403 2943 3475 ἀλκή.
3006 3408 3231 3486 Χριστὸς
3287 3413 3417 3470 Θεὸς
3463 3408 3587 3484 ἐμός
3636 3408 3802 3484 ἐστιν,

408 3503 592 3584 Deus,
627 3504 727 3583 qui
751 3505 810 3565 in
835 3504 993 3583 ligno
1022 3503 1133 3564 fuit
1165 3511 1471 3575 extensus,
1498 3502 1598 3579 qui
1633 3509 1927 3576 mortuus,
1962 3520 2040 3581 qu

2173 3520 2199 3555 »ς
2287 3493 2352 3584 ἐν,
2414 3492 2552 3568 ξύλῳ
2611 3493 2948 3571 ἐξετανύσθη,
3009 3497 3065 3561 ὃς
3133 3497 3310 3577 θάνεν,
3370 3499 3429 3563 ὃς
3500 3500 3561 3555 ἐκ
3630 3503 3806 3580 ταφῆς

409 3610 479 3654 ex
505 3583 809 3669 sepultura
841 3593 901 3654 in
936 3592 1152 3654 ccelum
1188 3600 1278 3652 est
1306 3591 1604 3652 sublatus.

1012 3592 1152 3653 ilum
1188 3600 1278 3652 est
1306 3591 1604 3652 sublatus.
2151 3585 2223 3647 εἰς
2269 3583 2437 3642 πόλον
2480 3585 2645 3663 ὦρτο.

493 3680 613 3743 XII.
634 3682 772 3744 Haec
791 3683 977 3745 refert
1003 3681 1212 3763 Apollo
1238 3681 1392 3742 deus
1414 3685 1800 3756 tuus,etonim
1816 3698 1949 3741 cum
1966 3682 2061 3756 sit,

2230 3674 2336 3736 IB’.
2379 3682 2551 3732 Ταῦτα
2584 3672 2863 3731 Ἀπόλλων
2924 3673 3169 3742 διέξεισιν
3197 3680 3226 3734 ὁ
3275 3678 3405 3743 Θεός
3440 3685 3556 3737 σοῦ’
3616 3680 3806 3758 Κύριος

411 3783 503 3832 est
557 3790 772 3853 expers
806 3772 1107 3853 principii,
1139 3781 1195 3833 et
1225 3779 1557 3833 coaeternus
1589 3789 1721 3830 cum
1784 3772 1929 3844 Deo,
1963 3791 2039 3852 qu

2184 3765 2247 3838 ἂρ
2304 3766 2630 3844 συνάναρχος
2661 3765 2737 3821 ὢι
2791 3766 2868 3840 τῷ
2912 3768 3288 3844 γεγεννηκότι,
3323 3766 3625 3844 συνατδιος,
3658 3772 3814 3849 ἀρχὴ

408 3863 633 3938 genuit,
671 3862 1056 3943 principium,
1086 3861 1250 3924 radix
1284 3869 1344 3922 et
1395 3862 1528 3922 fons
1576 3859 1875 3922 bonorum
1923 3866 2041 3921 uni-

2183 3857 2233 3912 αὶ
2289 3856 2403 3934 ῥίζα
2471 3858 2558 3912 καὶ
2614 3856 2769 3933 πηγὴ
2828 3861 2936 3912 τῶν
2997 3858 3212 3935 ἀγαθῶν
3268 3858 3518 3914 ἁπάντων
3598 3860 3687 3915 καὶ
3743 3862 3816 3916 τὰ

410 3970 743 4029 versorum;
773 3962 831 4015 et
861 3971 993 4013 cum
1026 3970 1399 4033 quascunque
1421 3958 1584 4025 sunt,
1618 3969 1685 4011 ex
1712 3950 1900 4012 nihilo
1933 3970 2039 4032 pro

2189 3947 2319 4002 άντα
2375 3943 2427 4011 ἐξ
2485 3947 2578 4002 οὐκ
2636 3944 2804 4002 ὄντων
2892 3948 3247 4025 παραγαγὼν,
3307 3949 3397 4005 καὶ
3454 3954 3819 4025 κατακοσμῶν

410 4041 701 4122 duxisset,
732 4062 923 4120 eaque
974 4032 1215 4105 ornaret
1244 4032 1312 4103 ac
1341 4047 1599 4119 regeret,
1636 4047 1695 4101 et
1751 4058 1856 4101 sua
1887 4060 2043 4102 manu

2187 4037 2277 4093 ὒτά
2335 4037 2421 4093 καὶ
2471 4032 2770 4114 διακρατῶν
2833 4036 2921 4092 καὶ
2976 4037 3245 4117 συνέχων,
3307 4038 3475 4111 οἰκείᾳ
3544 4040 3688 4118 χειρὶ
3748 4041 3820 4096 τὸ

408 4133 770 4208 contineret,
805 4142 1074 4194 nostrum
1100 4151 1289 4212 genus
1322 4140 1414 4192 est
1443 4130 1785 4205 fabricatus,
1812 4138 1871 4192 et
1889 4131 2041 4192 nobi:

2188 4126 2406 4207 μέτερον
2484 4124 2878 4212 ἐδημιούργησε
2949 4125 3130 4204 γένός,
3191 4128 3281 4183 ιιαὶ
3354 4125 3561 4192 πολλὰς
3624 4126 3821 4203 ἔτεμεν

410 4221 627 4283 multas
679 4222 803 4284 vias
835 4222 1054 4283 muniit
1105 4211 1176 4284 ad
1210 4221 1490 4284 salutem.
1522 4221 1669 4284 Cum
1731 4238 1835 4281 eos
1863 4228 2043 4283 auten

2187 4229 2280 4289 μτν
2338 4216 2410 4278 εἷς
2467 4215 2733 4291 σωτηρίαν
2796 4211 2975 4277 ὁδούς.
3034 4214 3189 4274 Ἐπεὶ
3217 4215 3272 4272 δὲ
3333 4216 3820 4286 δποσκελισθέντας

408 4311 655 4374 vidisset
703 4311 1112 4394 supplantatos
1146 4310 1643 4387 transgressione,
1677 4318 1736 4370 et
1789 4309 2041 4371 amisisse

2185 4303 2261 4361 [δε
2318 4310 2386 4380 τῇ
2441 4301 2756 4383 παραϐάνει,
2792 4305 2880 4361 καὶ
2919 4306 2980 4361 τὸ
3009 4305 3303 4386 κεφάλαιον
3360 4307 3485 4364 αὐτὸ
3537 4306 3634 4375 τῆς
3690 4328 3818 4363 σω-

408 4400 598 4471 ipsum
618 4408 788 4472 caput
808 4392 1031 4466 salutis,
1062 4414 1271 4471 nempe
1301 4399 1839 4472 obedientiamﬁpse
1862 4414 2041 4456 rursu:

2187 4394 2359 4471 ηρίας,
2414 4393 2514 4461 τὴν
2570 4394 2839 4469 ὑπακοὴν,
2901 4392 3365 4472 ἀποϐεϐληκότας,
3400 4398 3462 4453 τὸ
3516 4394 3820 4478 κεφάλαιον

408 4491 547 4553 facit
575 4489 661 4571 id,
686 4489 842 4570 quod
874 4498 963 4552 est
989 4498 1168 4570 caput
1189 4489 1436 4565 salutis;
1470 4495 1527 4549 et
1548 4494 1756 4569 quiest
1792 4488 2041 4569 ejusdeu

2188 4483 2310 4541 ’άλιν
2391 4485 2544 4548 αὐτὸς
2601 4489 2700 4550 τῆς
2763 4485 3026 4562 σωτηρίας
3112 4485 3415 4567 ἐργάζεται,
3473 4488 3564 4545 καὶ
3627 4489 3654 4543 ὁ
3707 4488 3821 4554 τῆς

410 4554 833 4659 ηδιυταὲίουψε
858 4554 1117 4659 pater,tit
1142 4586 1384 4659 propter
1412 4554 1520 4640 nos
1542 4554 1624 4651 id,
1659 4554 1982 4660 quod'ego,
2005 4597 2037 4639 e

2187 4573 2309 4642 ὒτῆς
2368 4580 2443 4648 τῷ
2495 4574 2658 4651 Πατρὶ
2718 4554 2926 4655 φύσεως
2984 4574 3083 4649 ὤν,
3118 4554 3319 4655 γίνεται
3371 4554 3440 4632 δῖ’
3471 4578 3620 4652 ἡμᾶς
3674 4575 3820 4656 ὅπερ

411 4675 682 4730 versatur
702 4668 879 4729 simul
905 4686 1040 4729 cum
1059 4666 1627 4741 l.ominibus,elobit
1650 4678 1868 4729 terram
1895 4670 2044 4729 casti

2188 4664 2302 4742 γὼ,
2371 4664 2457 4719 καὶ
2547 4665 3025 4743 συναναστρέφεται
3106 4678 3226 4728 τοῖς
3299 4666 3596 4745 ἀνθρώποις
3627 4710 3647 4744 ,
3720 4671 3821 4727 καὶ

406 4777 575 4838 gans,
609 4756 964 4833 admonens,
1006 4759 1253 4831 ducens,
1291 4758 1489 4819 Omnia
1518 4756 1743 4819 faciens
1774 4766 1831 4820 et
1854 4777 2039 4839 procu

2184 4751 2434 4831 ςεριπολετ
2491 4753 2589 4820 τὴν
2648 4757 2775 4833 γῆν,
2841 4750 3126 4828 παιδεύων,
3182 4760 3466 4833 νουθετῶν,
3521 4753 3817 4838 διδάσκων,

409 4867 570 4911 rans.
634 4848 863 4910 Deinde
911 4849 1087 4910 etiam
1123 4846 1282 4909 subit
1341 4856 1594 4909 mortem
1648 4865 1755 4928 pro
1813 4847 2042 4927 ingrati:

2183 4844 2321 4900 τάντα
2408 4847 2579 4899 ποιῶν
2649 4841 2778 4921 ὑπὲρ
2860 4844 3017 4918 ἡμῶν
3102 4846 3191 4901 καὶ
3273 4844 3816 4923 πραγματευόμενος.

408 4935 668 5016 famulis,
733 4954 987 5014 eamque
1055 4934 1707 5014 ignominiosissimam,
1781 4935 2038 5016 conspui

2189 4932 2282 4988 ἶτα
2344 4933 2434 4989 καὶ
2497 4933 2719 4989 θάνατον
2794 4933 2926 5011 ὑπὲρ
3010 4939 3117 4990 τῶν
3173 4933 3502 5011 ἀγνωμόνων
3583 4935 3821 4991 οἰκετῶν

407 5035 620 5107 turque
674 5034 731 5088 et
762 5025 1030 5107 colaphis
1080 5025 1350 5099 caeditur,
1386 5033 1444 5085 et
1504 5024 1757 5087 sustinet
1813 5026 2040 5087 Creatol

2186 5021 2521 5103 αταδέχεται,
2570 5023 2655 5079 καὶ
2713 5021 2936 5079 θάνατον
3001 5021 3361 5081 ἑπονείδιστον
3418 5024 3507 5081 καὶ
3573 5022 3819 5099 ἐμπτύε-

407 5115 628 5188 omnia,
654 5133 787 5192 quae
817 5113 1200 5176 condemnati
1228 5135 1241 5177 :
1279 5122 1340 5175 et
1373 5113 1527 5175 facta
1548 5121 1686 5174 sunt
1718 5114 1842 5174 hzec
1860 5115 2040 5176 omni:

2194 5135 2256 5188 ιι,
2307 5114 2393 5168 καὶ
2450 5113 2747 5191 ῥαπίζεται,
2781 5114 2870 5169 καὶ
2925 5109 3025 5167 ὅσα
3080 5118 3188 5167 τῶν
3248 5110 3548 5170 καταδίκων
3608 5114 3636 5169 ὁ
3692 5121 3827 5180 Δη-

409 5212 650 5287 propter
677 5223 809 5280 nos,
846 5213 908 5266 ut
934 5203 1268 5265 solveretur
1302 5203 1491 5283 prima
1522 5202 1967 5285 condemnatio,
2000 5217 2042 5264 el

2190 5203 2397 5280 ιουργὸς
2472 5200 2758 5277 ὑπομένει.
2832 5201 2932 5259 Καὶ
2998 5204 3166 5260 ταῦτα
3234 5205 3411 5260 πάντα
3476 5202 3666 5281 γέγονε
3742 5199 3823 5259 δι’

404 5294 480 5356 de
511 5294 708 5356 medio
742 5294 1049 5356 tolleretur
1072 5293 1335 5375 tyrannis
1360 5292 1674 5369 diaboli,et
1702 5293 1838 5355 coeli
1872 5302 2037 5373 porta

2189 5298 2305 5373 ιᾶς,
2339 5291 2484 5354 ὅπως
2545 5294 2575 5359 ἡ
2635 5295 2823 5369 πρώτη
2885 5289 3140 5360 καταδίκη
3201 5290 3353 5370 λυθῇ,
3408 5293 3497 5350 καὶ
3559 5292 3822 5373 ἀναιρεθῇ

405 5383 578 5447 nobis
599 5403 806 5446 rursus
829 5382 1231 5465 aperirentur,
1267 5402 1419 5462 quas
1450 5382 1603 5444 male
1635 5382 1808 5444 nobis
1840 5383 2038 5445 clausi-

2187 5388 2228 5438 »ὗ
2284 5379 2529 5438 διαϐόλου
2585 5382 2620 5448 ἡ
2684 5383 2949 5457 τυραννὶς,
2982 5383 3073 5437 καὶ
3133 5383 3389 5461 ἀνοιγῶσι
3452 5379 3614 5439 πάλιν
3671 5383 3820 5458 ἡμῖν

406 5492 564 5536 mus.
613 5473 681 5535 Et
712 5492 821 5535 nec
871 5475 1181 5554 hucusque
1226 5473 1465 5555 quidem
1514 5473 1718 5536 stetit:
1757 5472 1861 5535 sed
1918 5490 2039 5536 cur:

2176 5473 2366 5554 ὒρανοῦ
2435 5473 2618 5547 πύλαι,
2686 5479 2747 5536 ἇς
2813 5478 2996 5537 κακῶς
3082 5474 3295 5539 ἑαυτοῖς
3383 5473 3809 5549 ἀπεκλείσαμεν,

405 5563 582 5623 etiam
606 5563 777 5625 tertio
809 5563 905 5626 die
934 5561 1315 5637 surrexisset,
1349 5572 1408 5624 et
1437 5562 1498 5623 in
1529 5563 1711 5639 cwlos
1739 5562 2038 5625 ascendis-

2177 5565 2240 5622 ,αὶ
2297 5561 2414 5620 οὒδὶ
2472 5562 2637 5641 μέχρι
2700 5562 2902 5619 τούτων
2963 5562 3118 5640 ἔστη,
3176 5564 3316 5621 ἀλλὰ
3372 5562 3460 5622 κάὶ
3516 5564 3810 5645 τριήμερος

406 5660 518 5726 set,
551 5651 711 5713 unde
738 5660 917 5727 venit,
951 5652 1312 5715 inetfabilem
1370 5652 1556 5713 sancti
1584 5651 1846 5732 Spiritus
1876 5652 2039 5715 nobis

2178 5653 2365 5717 ναστὰς
2397 5698 2416 5727 ,
2491 5653 2588 5709 καί
2658 5650 2891 5710 ἀνεὶθὼν
2964 5653 3038 5716 εἷς
3111 5654 3233 5719 τοὺς
3316 5655 3565 5734 οὖρανοὺς
3598 5698 3615 5729 ,
3686 5651 3811 5710 ὅθεν

405 5741 645 5812 donavit
681 5742 953 5823 gratiam,
989 5749 1047 5807 et
1095 5741 1257 5807 misit
1283 5740 1637 5826 discipulos,
1671 5741 1833 5807 illius
1881 5760 2038 5807 man-

2176 5741 2425 5822 ίήλυθεν,
2460 5742 2767 5825 Πνεύματος
2815 5753 2908 5807 τοῦ
2964 5742 3112 5827 ἁγίου
3170 5748 3370 5829 ἄφατον
3417 5745 3554 5825 ἡμῖν
3610 5742 3809 5828 ἐχαρί-
