4136 6476
334 306 463 387 289

1477 301 1952 384 MARTYRIUM
1996 317 2058 382 s.
2119 304 2615 385 CATHARINE.

3618 306 3737 388 290

334 478 470 515 σατο
539 453 725 534 χάριν,
800 452 891 510 καὶ
965 454 1215 529 μαθῆτὰς
1293 452 1576 512 ἀπέστειλε
1634 453 1730 518 τοὶς
1804 452 2003 512 ἐκείνου

2096 453 2223 518 data
2252 454 2651 537 praedicantes
2687 471 2701 518 :
2737 455 2838 535 qui
2887 452 3001 536 ipsi
3032 470 3269 537 quoque
3299 474 3476 520 omne
3507 458 3740 540 pericu-

336 545 697 622 κηρύττοντας
772 540 1021 623 ἐντολὰς,
1101 544 1275 600 πάντα
1344 545 1433 600 καὶ
1507 543 1697 605 αὐτοὺς
1768 542 2010 601 κίνδυνον

340 631 800 712 ἀναδεχομένους,
864 632 947 689 κοὶ
1007 636 1390 712 καθημερινοτς
1449 632 1692 698 θανάτοις
1750 630 2009 711 ἐγκαρτε-

348 724 583 803 ροῦιτας,
658 720 800 778 ὥστε
870 724 963 777 τὸν
1012 725 1133 799 περὶ
1190 727 1377 802 ψυχῆς
1433 723 1571 798 ἡμῖν
1628 722 1849 778 θᾶνατον
1906 723 2010 779 ἐπ-

347 816 560 885 αμῦναι,
618 814 712 867 καὶ
773 811 1083 879 ἀποστῆναι
1153 818 1328 868 πᾶσαν
1401 810 1615 879 ἀπάτην
1685 813 1862 885 ἡμῶν,
1924 811 2009 867 καὶ

336 906 439 970 τήν
493 900 821 976 οἰκουμένην
880 900 1026 974 αύτῷ
1086 906 1424 979 παραστῆσαι
1465 907 1665 963 πᾶσαν,
1723 902 1818 957 Διὰ
1857 908 2010 958 τοῦτο

334 992 452 1073 χρὴ
512 988 600 1046 διὰ
641 989 859 1046 πάντων
917 988 1096 1046 ἐλθεῖν
1124 991 1212 1047 καὶ
1274 991 1441 1065 ἡμᾶς,
1476 991 1696 1046 καὶτῶν
1747 991 2007 1066 παθημά-

332 1105 446 1139 των
534 1079 681 1153 αῦτῷ
756 1081 1115 1153 κοινωνῆσαι,
1167 1080 1462 1159 συμφύτους
1539 1078 1855 1157 γενομένους
1932 1085 2009 1153 τῷ

339 1168 655 1244 ὁμοιώματι
729 1174 824 1225 τοῦ
895 1167 1149 1247 θανάτου,
1207 1167 1301 1223 ἵνα
1356 1168 1452 1225 καί
1511 1173 1609 1234 τῆς
1667 1169 2006 1233 ἀναστάσεως

341 1262 436 1316 καὶ
485 1263 588 1325 τῆς
650 1256 929 1335 βασιλείας
987 1257 1133 1332 αῦτῷ
1171 1279 1608 1331 κοινωνησωμεν.
1644 1258 1860 1323 Τούτοις
1917 1257 2006 1314 οὖν

338 1350 431 1408 καὶ
490 1349 555 1404 σὲ
629 1351 915 1414 πεισθῆναι
1000 1349 1282 1424 προσήκει,
1343 1348 1431 1404 καὶ
1501 1347 1657 1403 αῦτὸν
1716 1347 2005 1425 ἐπιγνῶναι

337 1441 477 1496 θεὸν
536 1435 744 1510 ἀληθῆ,
775 1436 865 1492 καὶ
919 1436 1259 1504 οἷκειωθῆναι
1315 1443 1394 1512 τῷ
1448 1435 1684 1514 λέγοντι,
1752 1459 1779 1491 α
1819 1442 2003 1509 Δεῦτε,

336 1531 545 1588 πάντες
602 1527 955 1587 οἱκοπιῶντες
1028 1527 1111 1581 ιιαὶ
1171 1525 1599 1604 πιφορτισμένοι,
1660 1526 1815 1603 κάγὼ
1876 1525 2008 1581 ἀνα-

341 1618 541 1675 παύσω
567 1616 726 1690 ὑμᾶς.
770 1638 801 1671 ι
857 1616 918 1673 Εἰ
946 1612 1002 1670 δὲ
1055 1614 1132 1689 μὴ
1162 1615 1392 1695 τούτοις,
1426 1613 1563 1671 ἀλλὰ
1610 1627 1730 1678 τοῖς
1758 1616 1860 1671 ὑπὸ
1902 1619 2009 1670 τῶν

346 1711 459 1763 σῶν
515 1709 652 1762 θεῶν
711 1726 769 1761 τε
832 1707 923 1760 καὶ
986 1709 1230 1771 ποιητῶν
1287 1704 1611 1782 εἷρημένοις’
1664 1704 1880 1766 πάντως
1910 1703 2010 1781 γάρ

356 1818 443 1853 σοι
497 1796 588 1850 καὶ
616 1796 645 1849 ὁ
691 1814 852 1872 σοφος
912 1791 1162 1868 Πλάτων,
1195 1795 1282 1850 καὶ
1333 1795 1361 1850 ὁ
1392 1794 1647 1868 μοασικὸς
1698 1792 1945 1872 Ὀρφεὺς,
1983 1792 2011 1847 ὀ

363 1888 459 1942 καὶ
514 1884 695 1964 ἄψυχα
719 1888 786 1959 τῇ
838 1882 971 1960 λύρα
1004 1887 1188 1961 κινῶν,
1222 1884 1294 1948 ὡς
1346 1881 1531 1961 λόγος’
1590 1882 1668 1938 ἔτι
1699 1880 1752 1939 δέ
1781 1905 1865 1939 σοι
1925 1882 2011 1937 καὶ

368 1977 401 2031 ὁ
460 1987 703 2050 γενναῖος
751 1976 956 2036 εκεῒνος
1016 1969 1296 2028 Ἀπόλλων
1356 1975 1383 2028 ὁ
1439 1973 1691 2047 καθαρὸς,
1726 1968 2013 2050 ὃιαῤῥήδην

362 2064 531 2120 αὐτὸν
587 2062 675 2118 καὶ
735 2060 950 2126 ἄκοντες
1006 2058 1403 2139 ἆνομολογοῦσι
1462 2062 1616 2141 Θεὸν,
1676 2061 1765 2117 καὶ
1818 2083 1867 2117 τι
1925 2060 2013 2115 καὶ

354 2152 536 2209 αὐτῶν
597 2148 918 2232 πψεδείχθη
977 2155 1076 2217 τῆς
1134 2148 1408 2217 ἀληθείας’
1470 2150 1608 2208 ὥστε
1658 2156 1833 2207 πᾶσαν
1899 2162 2011 2213 τοῖς

346 2240 571 2299 ἀσεϐέσι
642 2240 911 2319 πρόφασιν
986 2240 1381 2313 περιαιρεθῆναι
1465 2239 1564 2297 κᾶν
1634 2240 1785 2296 αῦτοὶ
1859 2239 2009 2314 ἐμω-

347 2332 637 2410 ρᾶνθησαν,
697 2330 789 2387 καί
846 2328 1141 2407 βλέποντες
1202 2328 1307 2409 οῦχ
1372 2330 1576 2409 ἐώρων,
1635 2330 1726 2385 καὶ
1794 2329 2012 2385 ἀκούον-

354 2443 443 2485 τες
483 2422 543 2477 οὗ
568 2420 839 2481 συνίεσαν.

443 2509 542 2572 ﬂ".
572 2509 793 2569 Τούτοις
845 2506 1258 2587 καταπλαγέντα
1314 2508 1407 2565 τὸν
1465 2507 1662 2586 ῥήτορα
1714 2509 1800 2565 καὶ
1847 2509 2013 2576 αῦτῆν

360 2598 707 2679 ἐπισχεθέντα
765 2598 866 2664 τὴν
938 2603 1183 2677 γλῶτταν
1241 2601 1268 2655 ὁ
1339 2597 1590 2664 Βασιλεὺς
1659 2599 2008 2675 θεασάμενος,

351 2692 481 2769 πρὸς
539 2691 634 2745 τὸν
695 2686 995 2745 ὑπόλοιπον
1040 2686 1300 2765 σύλλογον
1328 2694 1434 2744 τῶν
1481 2688 1721 2766 ῥητόρων
1764 2688 2010 2767 ἐπιστρα-

341 2782 457 2861 φεὶς
534 2774 871 2857 προσϐαλεῖν
925 2779 1013 2833 καί
1081 2778 1269 2842 αὐτοὺς
1327 2784 1394 2854 τῄ
1474 2779 1697 2857 μάρτυρι
1755 2780 2008 2857 προετρέ-

343 2892 496 2930 πετο.
561 2870 624 2926 Οἱ
687 2866 744 2922 δὲ
800 2865 993 2929 εὐθέως
1045 2865 1433 2945 ἀπαγορεύουσι
1484 2869 1578 2923 τὸν
1635 2866 1844 2944 ἀγῶνα,
1907 2866 2014 2922 Οῦκ

351 2957 551 3039 ἔχομεν
594 2956 926 3029 ἀντιθεῖναι,
963 2957 1226 3035 εἰπόντες,
1272 2957 1405 3033 πρὸς
1464 2956 1600 3033 ἅπερ
1658 2956 1793 3026 αῦτή
1854 2977 2017 3035 φησι,

350 3047 587 3125 βασιλεῦ,
652 3047 744 3102 καὶ
802 3044 1036 3120 μάλιστα
1107 3044 1188 3101 ὅτι
1253 3048 1342 3101 καὶ
1411 3048 1505 3101 τὸν
1568 3044 1783 3125 ἄριστον
1858 3045 2015 3118 ἡμῶν

2092 544 2212 607 lum
2241 544 2542 620 subibant,
2579 554 2636 606 et
2665 553 2919 605 mortem
2945 545 3217 622 quotidie
3247 545 3639 623 sustinebant,
3676 557 3741 609 ut

2092 635 2306 697 animas
2354 644 2604 698 mortem
2652 653 2685 695 a
2738 632 2915 696 nobis
2961 635 3353 716 depellerent,
3392 643 3451 697 et
3498 654 3735 698 omnem

2092 743 2357 787 errorem
2382 744 2417 786 a
2447 725 2623 786 nobis
2651 724 3042 806 adducerent,
3066 733 3125 786 et
3154 725 3497 787 universum
3530 726 3737 788 orbem

2094 826 2271 877 terrae
2299 815 2371 877 ad
2400 834 2537 877 eum
2574 813 2966 877 adducerent.
3000 817 3325 896 Propterea
3373 823 3601 895 oportet
3633 834 3741 877 nos

2092 923 2330 985 quoque
2383 904 2583 965 omnia
2612 903 2977 985 persuadere
3008 917 3067 965 et
3098 922 3231 966 esse
3264 904 3583 985 participes
3612 905 3741 985 ejus

2092 993 2571 1074 perpessionum,
2621 993 3051 1073 complantatos
3108 992 3486 1077 similitudini
3534 994 3742 1055 mortis

2093 1082 2247 1161 ejus,
2269 1090 2331 1143 ut
2357 1083 2814 1144 resurrectionis
2838 1089 2893 1144 et
2926 1082 3093 1160 regni
3125 1082 3314 1143 simus
3343 1101 3476 1144 cum
3511 1102 3582 1144 eo
3614 1101 3745 1162 par-

2094 1172 2304 1252 ticipes
2324 1172 2378 1234 3.
2412 1174 2664 1252 Oportet
2696 1190 2835 1250 ergo
2865 1181 2923 1232 te
2952 1190 3216 1252 quoque,
3243 1172 3335 1233 bis
3366 1171 3737 1252 persuaderi,

2093 1269 2150 1322 et
2179 1261 2376 1341 ipsum
2409 1279 2615 1322 verum
2640 1260 2825 1322 Deum
2850 1279 3176 1339 agnoscere
3228 1268 3286 1322 et
3311 1262 3364 1322 ei
3386 1262 3740 1323 familiarem

2091 1350 2269 1431 elﬁci,
2301 1350 2399 1431 qui
2431 1350 2576 1412 dicit
2606 1373 2619 1409 :
2662 1372 2685 1407 (ι
2724 1351 2961 1426 Venite,
2998 1368 3209 1410 omnes
3238 1349 3341 1430 qui
3375 1350 3655 1413 laboratis
3684 1359 3744 1411 et

2092 1440 2321 1501 onerati
2346 1439 2511 1513 estis,
2539 1447 2597 1501 et
2628 1457 2735 1518 ego
2766 1439 3032 1500 reﬁciam
3065 1457 3165 1500 vos
3189 1440 3245 1500 3.
3288 1462 3310 1496 ο
3346 1439 3513 1511 Quod
3542 1441 3592 1502 si
3624 1458 3742 1501 non

2093 1530 2206 1599 bis,
2240 1538 2299 1590 at
2350 1528 2422 1590 iis
2450 1529 2685 1609 saltem,
2721 1547 2853 1609 quae
2910 1529 3065 1590 dicta
3109 1537 3244 1590 sunt
3294 1548 3328 1589 a
3386 1529 3501 1591 diis
3536 1529 3650 1591 tuis
3686 1538 3745 1592 et

2094 1624 2304 1698 poetis.
2343 1616 2599 1682 Omnino
2635 1618 2795 1678 enim
2829 1617 2933 1679 tibi
2958 1626 3016 1680 et
3037 1618 3279 1699 sapiens
3307 1617 3497 1694 Plato,
3524 1628 3585 1682 et
3616 1639 3748 1681 mu-

2094 1708 2256 1771 sicus
2304 1707 2603 1789 Orpheus,
2639 1709 2736 1788 qui
2781 1725 2888 1768 sua
2933 1709 3077 1787 lyra,
3115 1717 3178 1769 ut
3225 1708 3434 1781 fertur,
3473 1709 3748 1771 movebat

2036 1836 2072 1885 Β
2096 1798 2271 1859 etiam
2290 1799 2639 1873 inanimata;
2676 1806 2961 1879 praeterea
2989 1808 3190 1859 autem
3214 1798 3487 1877 egregius
3511 1816 3748 1879 quoque

2095 1887 2197 1949 ille
2223 1905 2407 1968 purus
2434 1887 2645 1968 Apollo
2675 1906 2807 1948 eum
2834 1886 2943 1947 tibi
2974 1886 3062 1947 vel
3088 1886 3253 1947 inviti
3285 1888 3665 1961 conﬁtentur,
3689 1892 3749 1949 et

2095 1977 2358 2038 veritatis
2411 1977 2632 2058 aliquid
2681 1976 2755 2037 ab
2810 1975 2897 2037 eis
2928 1985 3016 2038 est
3066 1985 3396 2055 ostensum,
3431 1984 3493 2036 ut
3551 1976 3747 2037 omnis

2093 2065 2296 2144 impiis
2346 2066 2656 2128 tolleretur
2685 2066 2944 2139 occasio,
2980 2065 3212 2125 etiamsi
3270 2064 3387 2144 ipsi
3419 2073 3556 2125 sunt
3588 2064 3743 2125 infa-

2096 2154 2260 2230 tuati,
2296 2164 2353 2217 et
2384 2156 2651 2217 videntes
2682 2174 2798 2216 non
2854 2155 3154 2235 viderunt,
3190 2162 3248 2215 et
3279 2155 3592 2216 audientes
3624 2173 3744 2216 non

2098 2244 2535 2310 intellexerunt.

2178 2503 2328 2567 XIII.
2359 2502 2462 2564 His
2485 2503 2861 2585 obstupuisse
2881 2513 3203 2579 oratorem,
3239 2514 3299 2566 et
3326 2505 3456 2585 ejus
3484 2504 3743 2587 linguam

2099 2593 2274 2674 plane
2326 2595 2695 2655 obmutuisse
2748 2615 2882 2657 cum
2924 2588 3191 2658 ividisset
3260 2596 3608 2676 imperator,
3669 2597 3744 2657 ad

2097 2683 2421 2745 oratorium
2458 2684 2754 2764 reliquum
2810 2692 3027 2747 coetum
3078 2702 3421 2759 conversus,
3481 2687 3746 2748 hortatus

2097 2781 2210 2850 est,
2246 2780 2313 2833 ut
2367 2773 2481 2851 ipsi
2511 2792 2756 2853 quoque
2786 2775 3254 2854 aggrederentur
3281 2786 3619 2855 martyrem.
3655 2775 3743 2839 Illi

2096 2873 2293 2923 autem
2327 2862 2523 2922 statim
2558 2862 2888 2925 detractant
2916 2872 3241 2937 certamen,
3265 2864 3576 2926 dicentes:
3612 2866 3744 2928 Non

2100 2969 2437 3031 possumus,
2474 2970 2508 3011 ο
2552 2953 2904 3032 imperator,
2932 2952 3156 3032 aliquid
3198 2969 3507 3032 opponere
3538 2969 3747 3015 contra

2098 3060 2169 3102 ea
2197 3060 2331 3121 quae
2357 3042 2537 3104 dicit:
2574 3051 2631 3102 et
2663 3043 2941 3122 maxime,
2972 3042 3131 3124 quod
3165 3059 3300 3102 eum
3334 3044 3432 3121 qui
3465 3053 3559 3104 est
3589 3043 3747 3105 inter

346 3136 483 3194 οὕτω
527 3136 725 3196 δεινῶς
755 3135 847 3191 ὑπ’
903 3138 1067 3201 αὐτῆς
1097 3134 1402 3210 ἡττημένον
1462 3137 1692 3211 ὁρῶμεδ,
1756 3134 2012 3191 Ἐνταῦθα

2100 3150 2210 3192 nos
2240 3132 2785 3212 praestantissimus,
2820 3140 2937 3193 tam
2988 3134 3243 3209 graviter
3275 3131 3543 3194 videmus
3571 3132 3645 3194 ab
3676 3151 3748 3195 ea

336 3230 367 3286 ὁ
428 3226 733 3293 Μαξὲντιος
790 3225 886 3280 οῦκ
925 3224 1159 3302 ἒνεριὼν
1216 3226 1318 3291 τὴν
1377 3224 1593 3299 μανίαν,
1652 3223 1856 3281 κελεύει
1912 3225 2015 3280 αῦ-

330 3319 462 3375 τίκα
525 3316 704 3394 πυρὰν
763 3313 902 3370 κατᾶ
959 3313 1131 3388 μέσην
1190 3313 1486 3393 ἀναφθῆναι
1543 3315 1643 3381 τὴν
1700 3311 1880 3383 πόλιν,
1929 3312 2015 3368 καὶ

337 3408 510 3483 ταύτῃ
582 3405 711 3468 τοὺς
758 3404 1101 3472 πεντήκοντα
1152 3402 1378 3480 ῥήτορας
1440 3400 1797 3478 ἐμϐληθῆναι.
1846 3404 1905 3459 Οἱ
1963 3399 2015 3458 δὲ

349 3501 448 3562 τῆς
508 3495 839 3574 ἀποφάσεως
913 3490 1236 3557 ἀκούσαντες
1285 3493 1483 3559 ταύτης
1569 3492 1824 3549 πίπτουσί
1885 3493 2015 3571 πρὸς

355 3586 481 3647 τοῦς
540 3583 829 3663 μακαρίως
873 3584 1086 3648 ἒκεῖνης
1143 3580 1337 3662 πόδας,
1370 3583 1458 3639 γαὶ
1513 3584 1725 3658 θερμῶς
1783 3581 2014 3638 ἐκλιπα-

364 3679 519 3753 point
594 3674 680 3727 καὶ
756 3671 1053 3730 ἱκετεύουσι
1138 3670 1559 3752 συγχωρηθῆναι
1646 3672 1742 3746 μὲν
1828 3675 2011 3732 αῦτοϊς

365 3761 522 3839 παρὰ
578 3766 668 3815 τοῦ
718 3761 919 3829 ὲκείνης
982 3767 1136 3842 Θεοῦ,
1170 3759 1204 3827 ἦ
1234 3783 1282 3817 τι
1339 3763 1427 3817 καὶ
1488 3760 1540 3817 ἐν
1600 3759 1786 3837 ἀγνοίᾳ
1831 3759 2013 3836 ἡμάρ-

364 3871 555 3925 τηται,
603 3849 977 3920 καταξιωθῆναι
1006 3872 1065 3906 τε
1123 3850 1312 3914 αὖτοὺς
1350 3850 1442 3906 καί
1518 3856 1611 3905 τοῦ
1640 3851 1780 3906 θείου
1810 3849 2013 3926 βαπτί-

358 3963 591 4018 σματος,
639 3941 725 3997 καὶ
784 3950 881 4007 τῆς
930 3938 1131 4019 δωρεᾶς
1185 3939 1278 3995 τοῦ
1331 3939 1484 4018 ἁγίου
1541 3939 1868 4015 [Ι-οεύματος,
1929 3939 2016 3994 καὶ

344 4034 429 4096 ὡς
486 4028 711 4109 δυνατὸν
742 4030 930 4104 ἐκείνῳ
985 4030 1349 4096 οἷκειωθῆναι.
1405 4030 1543 4107 Πρὸς
1599 4031 1762 4085 ταῦτα
1821 4027 2014 4095 ἡδονῆς

339 4122 383 4189 ἦ
466 4121 671 4197 μάρτυς
759 4121 898 4183 θείας
979 4116 1419 4191 ὀποπλησθεϊσα,
1484 4118 1772 4197 Μακάριοι,
1829 4117 2011 4196 φησὶν,

337 4207 520 4272 ὅντως
588 4208 712 4264 ἐστὲ
780 4206 889 4279 ὅτι,
948 4209 1044 4264 τοῦ
1114 4208 1336 4271 σκότους
1408 4206 1686 4287 ἀφέμενοι,
1739 4212 1815 4280 τῷ
1881 4206 2013 4286 φωτὶ

328 4305 445 4367 τῆς
516 4297 777 4366 ἀληθείας
849 4296 1271 4370 ἦκολουθήσατε,
1346 4295 1445 4352 καὶ
1515 4297 1858 4376 φθειρόμενον
1928 4295 2013 4351 ἐπὶ

329 4392 451 4468 γῆς
512 4386 746 4465 βασιλέα
798 4386 1209 4460 καταλιπόντες,
1242 4393 1319 4463 τῷ
1370 4384 1425 4442 ἐν
1472 4389 1718 4464 οὐρανοῖς
1768 4384 2015 4465 ἀφθάρτῳ

330 4480 437 4537 καὶ
467 4478 726 4550 ἀθανάτῳ
775 4476 1126 4556 προσήλθετε.
1188 4478 1259 4534 Τὸ
1315 4477 1415 4553 γὰρ
1464 4482 1588 4554 πῦρ,
1652 4476 1680 4531 ὃ
1712 4475 1856 4553 παρὰ
1906 4480 2014 4531 τῶν

332 4565 562 4625 ἀσεϐῶν
641 4568 845 4624 τούτων
904 4565 1218 4642 ἡπείλιιται,
1278 4565 1562 4644 γενήσεταί
1618 4586 1738 4621 τινα
1819 4564 2015 4641 τρόπον

332 4660 478 4736 ὓμτν
528 4658 623 4716 καὶ
652 4657 934 4734 βέπτισμα
984 4657 1082 4713 καί
1135 4653 1330 4728 κλίμαξ
1378 4655 1452 4717 εἷς
1512 4654 1788 4733 οὖρανοὺς,
1825 4654 1880 4709 εἴ
1937 4675 2018 4719 τις

331 4748 527 4824 κηλὶς,
565 4746 622 4802 εἴ
676 4769 760 4809 τις
808 4745 969 4825 ῥύπος
1017 4754 1205 4804 τοῦτον
1261 4745 1654 4822 ἀποκαθαϊρον,
1701 4745 1789 4800 καὶ
1840 4743 2019 4820 ὥσπερ

332 4839 497 4902 τινὰς
556 4834 841 4918 διαφανεῖς
919 4833 1141 4912 ἀστέρας
1222 4834 1358 4906 ὑμᾶς
1437 4834 1511 4896 ὡς
1584 4834 1741 4889 αῦτὸν
1813 4831 2019 4889 ἕκεϊνον

340 4927 543 5008 ἂνὰγον
590 4928 687 4983 τὸν
751 4923 1001 5002 βασιλέα,
1033 4921 1131 4979 καΐ
1190 4921 1510 5003 ἐπεράστους
1563 4923 1707 4997 αῦτῷ
1762 4925 1852 4978 καὶ
1909 4944 2017 4979 πο-

349 5017 550 5080 θεινους
607 5015 996 5096 ἒργαζόμενον.
1034 5013 1175 5081 Αὕτη
1222 5014 1322 5088 μὲν
1379 5011 1471 5069 οὖν
1523 5026 1791 5074 τοιαύταις
1842 5011 2017 5069 ἐλπίσι

354 5107 447 5162 καὶ
469 5104 879 5188 ὑποφωνήσεσιν
927 5101 1291 5178 ὑπαλείψασα,
1327 5103 1417 5160 καὶ
1472 5102 1533 5157 τὸ
1577 5100 1797 5181 ἄμαχον
1853 5101 2019 5159 ὅπλον

354 5194 555 5273 ἑκάστῳ
607 5198 710 5266 τήν
758 5193 858 5253 τοῦ
912 5199 1142 5271 Χριστοῦ
1193 5189 1462 5273 σφραγῖδα
1521 5189 1847 5248 ἐπιϐαλοῦσα
1898 5189 2017 5267 μετ’

347 5287 692 5369 εὖχαριστίας
745 5286 844 5346 καὶ
894 5282 1095 5351 ἡδονῆς
1148 5281 1367 5340 ἀπολύει
1419 5279 1552 5369 πρὸς
1582 5281 1644 5337 τὸ
1703 5281 2007 5369 μαρτύριον,

340 5367 732 5461 Παρηήκολούθει
789 5374 849 5435 δὲ
916 5372 1027 5453 ἄρα
1080 5373 1171 5428 καὶ
1209 5384 1333 5436 ταῖς
1392 5367 1598 5426 ἐλπίσιν
1666 5371 1702 5439 ἡ
1765 5368 2009 5461 ἔκϐασις*

330 5459 431 5531 Mi»
482 5469 908 5560 παραλαϐόντες
971 5462 1162 5524 αὐτοὺς
1230 5463 1276 5518 οἱ
1347 5463 1689 5539 στρατιῶται,
1759 5459 2014 5536 βάλλουσι

313 5564 415 5655 μὲν
484 5546 804 5657 χᾷίροντας
900 5553 997 5612 ἐπὶ
1082 5551 1184 5619 την
1266 5550 1435 5630 πυρὰν
1457 5594 1478 5627 ,
1554 5546 2017 5621 ἔπτακκιδεκᾶτην

358 5694 598 5770 illam.
638 5706 730 5777 vr,
766 5682 847 5753 5.
947 5671 987 5725 ³
1019 5665 1227 5739 Matth.
1258 5683 1349 5757 ιι,
1378 5664 1482 5741 28.

2034 3202 2075 3254 C

2100 3232 2467 3301 superatum.
2530 3223 2698 3282 Tunc
2758 3224 3088 3283 Maxentius
3138 3239 3259 3281 non
3319 3235 3533 3301 potens
3590 3223 3747 3284 ferre

2100 3309 2385 3385 furorem,
2417 3310 2590 3390 jubet
2640 3311 2840 3374 statim
2891 3329 3098 3390 rogum
3152 3309 3403 3372 accendi
3456 3311 3519 3372 in
3551 3311 3747 3374 media

2100 3399 2356 3475 civitate,
2391 3410 2454 3462 et
2505 3401 2565 3461 in
2596 3419 2732 3462 eum
2783 3400 2952 3480 injici
2984 3399 3414 3480 quinquaginta
3453 3407 3742 3463 oratores.

2100 3486 2190 3550 Illi
2251 3499 2474 3565 autem,
2524 3491 2635 3553 hac
2691 3492 2889 3553 audita
2946 3489 3268 3563 sententia,
3303 3489 3619 3569 procidunt
3673 3490 3749 3550 ad

2098 3579 2259 3640 illius
2290 3579 2479 3641 beatae
2511 3581 2717 3660 pedes,
2758 3588 2817 3641 et
2845 3598 2976 3642 eam
3012 3579 3401 3641 vehementer
3433 3578 3750 3641 obsecrant

2100 3677 2159 3730 et
2191 3669 2544 3748 supplicant,
2576 3677 2637 3730 ut
2660 3669 2734 3729 ab
2768 3669 2931 3730 illius
2962 3668 3084 3731 Deo
3116 3668 3203 3729 eis
3229 3667 3665 3746 ignosceretur,
3699 3670 3751 3731 si

2099 3757 2239 3837 quid
2275 3759 2349 3818 ab
2384 3759 2473 3819 eis
2527 3767 2829 3839 peccatum
2863 3759 2937 3819 sit
2966 3758 3325 3837 ignorantia,
3356 3764 3414 3818 et
3459 3764 3521 3817 ut
3549 3757 3746 3819 divino

2101 3848 2449 3925 dignaretur
2501 3849 2792 3928 baptismo
2844 3856 2902 3909 et
2931 3848 3089 3908 dono
3143 3846 3332 3910 sancti
3377 3845 3655 3927 Spiritus,
3689 3856 3752 3909 et

2097 3935 2295 4015 quoad
2329 3938 2461 4016 ejus
2493 3937 2623 3998 ﬁeri
2683 3944 2907 4016 posset,
2940 3937 3024 3997 illi
3073 3935 3600 4014 conjungerentur.
3654 3937 3748 3999 Ad

2099 4026 2227 4087 haec
2259 4034 2481 4106 martyr
2529 4025 2730 4088 divina
2758 4025 2988 4105 repleta
3017 4024 3220 4087 laetitia
3254 4046 3268 4082 :
3318 4023 3496 4100 Estis,
3528 4025 3746 4102 inquit,

2100 4131 2239 4176 vere
2267 4114 2449 4188 beati,
2478 4114 2665 4193 quod,
2693 4115 2917 4176 relictis
2940 4114 3228 4189 tenebris,
3254 4113 3444 4176 secuti
3477 4114 3620 4175 estis
3650 4114 3748 4176 lu-

2098 4222 2229 4265 cem
2257 4203 2519 4267 veritatis
2545 4226 2561 4282 ;
2594 4214 2659 4267 et
2694 4204 2903 4266 relicto
2927 4222 3090 4284 rege,
3115 4204 3214 4283 qui
3240 4202 3298 4264 in
3324 4207 3498 4264 terris
3519 4203 3740 4279 interit,

2097 4294 2432 4357 accessistis
2481 4295 2553 4357 ad
2587 4313 2747 4375 eum,
2782 4293 2884 4375 qui
2931 4302 3025 4355 est
3067 4294 3129 4354 in
3174 4292 3340 4356 caelis
3370 4292 3444 4353 ab
3501 4292 3746 4354 interitu

2098 4384 2330 4448 alienus
2362 4394 2421 4446 et
2443 4384 2824 4447 immortalis.
2853 4382 3014 4463 Ignis
3036 4389 3218 4463 enim,
3249 4399 3427 4464 quem
3461 4380 3629 4462 impii
3657 4382 3747 4443 illi

2098 4473 2272 4536 vobis
2302 4482 2438 4534 sunt
2464 4473 2695 4547 minati,
2731 4473 2845 4536 erit
2873 4473 3320 4550 quodammodo
3354 4469 3521 4532 vobis
3554 4470 3750 4551 bapti~

2042 4558 2076 4609 τ’
2102 4581 2232 4625 sma
2260 4571 2318 4625 et
2338 4563 2512 4625 scalas
2540 4564 2614 4624 ad
2646 4563 2893 4637 coelum,
2917 4564 2965 4623 si
2997 4580 3113 4642 qua
3142 4562 3220 4623 sit
3250 4560 3509 4632 macula,
3537 4560 3587 4620 si
3619 4577 3751 4641 qua:

2103 4653 2336 4727 sordes,
2363 4671 2493 4714 eam
2526 4670 2885 4732 expurgans,
2911 4665 2974 4714 et
3004 4660 3284 4733 tanquam
3320 4649 3548 4713 lucidas
3578 4667 3752 4731 quas-

2104 4742 2243 4803 dam
2276 4742 2499 4818 stellas,
2532 4761 2637 4803 vos
2665 4742 2736 4803 ad
2787 4742 2958 4803 illum
3004 4740 3198 4822 ipsum
3255 4758 3457 4820 regem
3510 4758 3749 4803 sursum

2103 4831 2357 4912 ducens,
2389 4843 2450 4893 et
2471 4831 2740 4894 efﬁciens
2764 4832 3068 4912 jucundos
3091 4839 3150 4893 et
3181 4831 3491 4892 amabiles.
3525 4828 3598 4890 Et
3624 4830 3754 4910 ipsa

2105 4920 2345 5002 quidem
2378 4940 2515 4982 cum
2540 4922 2628 4982 eis
2658 4922 2768 4983 hac
2789 4939 2896 5001 spe
2923 4929 2982 4983 et
3005 4938 3284 4983 sermone
3300 4921 3565 4982 animum
3589 4919 3755 4980 addi-

2101 5012 2312 5085 disset,
2348 5019 2406 5072 et
2435 5011 2761 5092 unicuique
2794 5029 2957 5072 arma
2997 5009 3500 5091 inexpugnabilia,
3536 5026 3753 5088 nempe

2101 5101 2320 5164 Christi
2374 5100 2774 5181 signaculum,
2822 5100 3195 5173 immisisset,
3229 5118 3363 5160 cum
3423 5099 3752 5182 gratiarum

2099 5191 2332 5254 actione
2353 5202 2407 5253 et
2442 5191 2643 5253 lmtitia
2666 5191 2915 5254 dimittit
2943 5190 3017 5252 ad
3038 5190 3405 5270 martyrium.
3439 5193 3620 5270 Spem
3643 5208 3753 5252 au-

2100 5289 2217 5343 tem
2234 5288 2592 5344 consecutus
2617 5290 2706 5344 est
2723 5288 3061 5356 eventus,et
3084 5299 3221 5343 cum
3250 5297 3354 5341 eos
3378 5280 3751 5360 accepissent

2101 5371 2341 5446 milites,
2382 5370 2553 5432 laetos
2598 5370 2841 5453 quidem
2872 5370 3109 5450 jaciunt
3139 5370 3201 5431 in
3251 5370 3553 5431 ﬂammam
3597 5370 3751 5448 ignis

2098 5460 2355 5542 septimo
2373 5460 2608 5523 decimo
2634 5460 2858 5523 mensis
2879 5458 3529 5541 Novembris.Vespere
3549 5475 3750 5522 autem

2098 5550 2340 5637 quidam
2367 5568 2438 5614 ex
2464 5551 2576 5635 piis
2598 5551 2825 5634 egressi
2846 5552 2920 5616 ad
2944 5549 3308 5634 colligendas
3330 5550 3639 5635 reliquias,
3663 5551 3753 5615 irt-
