4136 6438
414 334 531 409 295

1709 329 1991 405 MENSIS
2030 328 2476 406 NOVEMBER.

3669 326 3789 400 296

416 479 574 542 bono
604 482 804 543 animo
837 479 1128 557 ;habebis
1153 480 1310 542 enim
1334 477 1630 541 (‘.hristum
1663 477 1723 538 in
1752 478 1933 539 corde
1949 482 2047 537 tuo

2135 496 2240 538 σιν.
2304 476 2399 534 Καὶ
2459 477 2492 543 ἡ
2550 474 2774 554 μάρτυς,
2836 464 3045 552 θάρρει,
3115 471 3245 550 φησὶ
3279 487 3295 503 ⁶
3368 466 3609 529 σύνοικον
3678 471 3783 551 γὰρ

415 569 803 645 habitantem,
838 578 898 632 et
928 589 1047 632 non
1072 569 1320 648 attinget
1348 575 1735 637 tormentum,
1765 565 1858 627 hic
1889 567 2049 628 enim

413 676 735 739 parumper
763 658 1147 739 castigabitur
1170 666 1336 741 tuum
1368 674 1605 737 corpus,
1649 664 1707 716 et
1736 656 2049 717 immorta-

409 748 550 810 liter
570 748 692 809 illic
722 766 931 809 rursus
960 744 1393 826 quiescetllazc
1419 764 1552 808 cum
1576 752 1778 806 sancta
1799 744 2048 820 diceret,

412 838 717 918 excipiens
746 837 1068 917 Porphyrio
1096 857 1108 897 :
1144 837 1310 914 Rogo
1344 843 1424 915 te,
1471 834 1565 895 dic
1597 834 1768 909 mihi,
1812 834 2048 914 inquit:

412 926 563 998 Quid
598 925 743 986 mihi
773 924 935 985 dabit
964 925 1260 999 Christus,
1323 925 1374 985 si
1410 930 1469 985 in
1531 924 1697 984 illum
1761 924 2054 985 credam?

412 1014 469 1077 ei
498 1014 658 1076 enim
690 1013 816 1093 ipse
857 1032 1096 1093 quoque
1145 1014 1268 1091 jam
1328 1014 1459 1074 volo
1506 1012 1787 1075 militare.
1837 1013 2053 1093 Martyr

409 1113 603 1166 autem
629 1125 641 1162 :
667 1101 1198 1182 Nondum,inquit,
1226 1102 1418 1180 legisti
1450 1112 1549 1163 aut
1578 1101 1853 1163 audivisti
1883 1101 2048 1164 Scri-

408 1201 637 1274 pturam
655 1189 2050 1273 Christianorum?Nunquam,inquitPorphyrio

406 1282 507 1363 qui
537 1281 612 1342 ab
640 1280 882 1341 ineunte
911 1288 1084 1343 aetate
1112 1298 1351 1361 semper
1379 1281 1590 1343 fuerim
1626 1282 1684 1342 in
1729 1281 1882 1343 bello
1941 1302 2047 1343 oc-

406 1379 675 1452 cupatus,
709 1379 769 1431 et
797 1386 1101 1446 nunquam
1133 1389 1339 1432 curam
1375 1371 1636 1433 converti
1663 1370 1735 1431 ad
1767 1372 1905 1432 alia.
1941 1374 2048 1435 llla

406 1478 592 1524 vero:
634 1461 705 1522 Et
735 1477 1031 1540 quasnam,
1068 1460 1281 1540 inquit,
1331 1460 1531 1540 lingua
1577 1460 1835 1522 narravit
1891 1462 2046 1523 bona

407 1549 755 1629 illa,quibus
785 1548 1030 1611 frueris?
1053 1548 1209 1610 Fieri
1242 1551 1399 1611 enim
1430 1569 1547 1611 non
1573 1558 1858 1630 potest,ut
1878 1570 2044 1613 com-

406 1639 699 1720 plectatur
728 1638 940 1712 oratio,
975 1657 1109 1719 quae
1138 1639 1210 1700 ab
1236 1639 1332 1700 illa
1360 1639 1616 1719 benigna
1645 1641 1887 1702 dextera
1908 1653 2047 1704 sunt

404 1738 609 1810 parata
630 1726 702 1788 iis
730 1728 832 1807 qui
863 1727 1056 1807 ipsum
1088 1729 1368 1809 diligunt.
1404 1731 1657 1809 PrOpter
1685 1731 1807 1791 hrec
1830 1732 2046 1809 gaudio

2136 566 2192 623 ἐν
2219 571 2286 641 τῇ
2317 563 2501 643 καρδίᾳ
2542 586 2636 621 σου
2693 566 2786 620 τὸν
2845 563 3074 642 Χριστὸν
3133 560 3290 635 ἕξεις,
3350 562 3437 617 καὶ
3494 562 3551 617 οὑ
3581 562 3659 637 μὴ
3691 583 3791 618 σου

2136 655 2339 732 ἅψηται
2396 656 2647 731 βάσανος·
2702 653 3091 721 κολασθήσεται
3164 652 3265 728 γὰρ
3323 650 3545 707 ἑνταῦθα
3596 652 3792 730 μικρόν

2136 767 2228 802 σου
2256 747 2319 800 τὸ
2347 750 2526 824 σῶμα,
2578 744 2672 801 καί
2731 743 2965 799 ἀθάνατα
3014 739 3177 798 πάλιν
3235 740 3353 797 ἐκεῖ
3402 740 3791 802 ἀναπαύσεται.

2137 844 2310 893 Ταῦτα
2368 835 2464 902 τῆς
2521 834 2676 912 ἁγίας
2734 831 3054 906 διεξιούσης,
3129 828 3410 887 ὅπολαϐὼν
3483 831 3510 886 6
3580 836 3797 910 Πορφυ-

2136 926 2282 1001 ρίων,
2320 923 2518 998 Δέομαί
2547 945 2663 995 σου,
2695 922 2920 1003 φράσον,
2976 920 3104 1001 ἔφη,
3154 920 3205 975 τί
3264 920 3353 975 καὶ
3407 920 3532 994 ἒμοὶ
3596 918 3804 998 δωρεῖ-

2133 1035 2219 1071 ται
2250 1014 2473 1092 Χριστὸς
2504 1015 2577 1075 εἰς
2616 1013 2827 1069 ἐκεῖνον
2875 1011 3177 1068 πιστεύοντι
3215 1026 3231 1083 ;
3292 1011 3475 1082 Τούτνρ
3530 1010 3632 1087 γὰρ
3691 1007 3804 1076 ἤδη

2134 1105 2220 1160 καὶ
2277 1104 2432 1166 αὑτὸς
2495 1104 2865 1177 στρατεύεσθαι
2920 1099 3202 1175 βούλομαι,
3283 1099 3378 1155 Καὶ
3459 1099 3492 1165 ἡ
3567 1100 3798 1175 μάρτυς,

2133 1191 2351 1251 Οὐδέπω
2381 1195 2614 1273 γραφὴν,
2649 1192 2785 1272 ἧφη,
2824 1189 3151 1269 Χριστιανῶν
3178 1187 3409 1265 ἀνέγνως
3459 1187 3494 1254 ἤ
3533 1185 3803 1255 ἤκουσας,

2133 1280 2417 1356 Οὖδέποτε,
2451 1285 2632 1363 φησὶν,
2662 1285 2690 1338 6
2728 1282 3030 1360 Πορφυρίων
3061 1281 3125 1335 b7.
3153 1276 3353 1333 παίδων
3398 1277 3477 1334 ἀεὶ
3510 1278 3637 1356 περῖ
3684 1300 3803 1334 πο-

2129 1370 2321 1447 λέμους
2392 1372 2803 1451 ἡσχολημένος,
2878 1370 2967 1427 καὶ
3040 1366 3311 1443 μηδέποτε
3386 1370 3633 1443 μεταθεῖς
3690 1368 3803 1434 τὴν

2128 1460 2371 1540 φροντὶδα
2407 1463 2537 1539 πρὸς
2565 1462 2764 1540 ἔνερον.
2822 1452 2883 1516 ’Π
2938 1459 2991 1515 δὲ
3054 1460 3145 1515 καὶ
3202 1458 3322 1512 ποία
3373 1477 3453 1521 τις
3485 1455 3547 1513 ἂν
3577 1454 3803 1535 γλῶττα

2127 1551 2226 1617 τὴν
2286 1557 2393 1607 τῶν
2465 1552 2679 1629 ἀγαθῶν
2753 1550 2967 1607 ἐκείνων
3038 1546 3331 1604 ἀπόλαυσιν
3416 1543 3797 1623 διηγήσαιτος

2128 1637 2411 1696 Ἀὃὺνατον
2468 1640 2569 1717 γὰρ
2625 1640 2774 1718 λόγῳ
2820 1638 3130 1715 περιλαῖετν
3181 1635 3278 1692 ὅσα
3326 1636 3464 1713 παρὰ
3522 1639 3622 1701 τῆς
3692 1660 3801 1715 φι-

2129 1726 2442 1806 λανθρώπου
2513 1728 2684 1794 δεξιᾶς
2768 1729 2978 1796 ἐκείνης
3062 1727 3182 1790 τοῖς
3268 1726 3554 1803 ἀγαπῶσιν
3632 1728 3801 1782 αὑτὸν

403 1820 668 1911 repletus
698 1815 1511 1911 Porphyrio,_ipse_quoque
1558 1819 1749 1880 credit
1803 1821 2046 1885 Christo

2131 1818 2558 1893 τεθησαύρισται.
2650 1825 2825 1898 Χαρᾶς
2911 1819 2997 1875 ἐπὶ
3079 1818 3287 1879 τούτοις
3373 1817 3401 1870 6
3482 1815 3800 1894 Πορφυρίων

404 1926 541 1969 cum
574 1904 850 1969 ducentis
880 1906 1191 1971 militibus.
1217 1906 1288 1967 Et
1310 1925 1442 1968 cum
1479 1908 1821 1989 imperatrix
1847 1918 1904 1972 et
1933 1912 2046 1992 ipsi

403 1995 829 2059 valedixissent
859 1996 1123 2076 martyri,
1158 2005 1217 2057 et
1243 1997 1541 2060 cavissent
1572 1998 1686 2059 sibi
1719 2017 1753 2060 a
1784 2003 2048 2063 custodi-

403 2086 518 2148 bus
547 2092 780 2146 secreta
806 2084 1001 2146 futura
1031 2104 1101 2146 ea
1127 2105 1260 2167 quas
1288 2087 1362 2148 ab
1393 2086 1541 2167 ipsis
1588 2087 1739 2150 facta
1789 2090 2042 2167 fuerant,

401 2174 598 2238 media
656 2184 829 2236 nocte
885 2174 1052 2237 illinc
1104 2176 1510 2254 egrediuntur.
1570 2178 1792 2240 Christi
1849 2189 2046 2243 autem

401 2272 619 2345 martyr
654 2264 1014 2344 Alcatertna,
1051 2264 1277 2327 habens
1302 2265 1620 2328 Dominum
1667 2278 1832 2349 patre
1864 2271 2049 2350 magis

400 2354 1062 2432 benevolum,magnam
1078 2352 1151 2415 ab
1166 2373 1237 2416 eo
1258 2373 1458 2416 curam
1481 2355 1573 2417 sui
1591 2365 1678 2417 est
1703 2368 2042 2422 consecuta.

401 2441 565 2505 Totis
580 2442 736 2503 enim
755 2440 874 2502 illis
896 2441 1213 2504 duodecim
1239 2442 1542 2519 diebus,in
1565 2444 1781 2526 quibus
1797 2466 1925 2509 eam
1947 2450 2049 2511 ba-

406 2530 582 2593 bebat
613 2529 902 2610 custodia,
937 2549 1046 2611 per
1101 2532 1439 2594 columbam
1470 2534 1820 2597 alimentum
1881 2540 2044 2601 acci-

409 2620 608 2701 piebat
628 2637 662 2680 a
681 2619 938 2699 superis.
960 2620 1188 2682 Deinde
1204 2622 1332 2702 ipse
1351 2639 1590 2703 quoque
1612 2625 1885 2704 egregius
1904 2646 2045 2706 ago-

2131 1905 2384 1973 πλησθεὶς
2442 1910 2679 1965 πιστεύει
2740 1910 2831 1964 σὺν
2892 1920 3010 1973 τοτς
3078 1904 3366 1969 διακοσίοις
3438 1903 3800 1982 στρατιώταις

2130 1997 2217 2051 καὶ
2248 1998 2403 2061 αὐτὸς
2435 2003 2514 2070 τῷ
2546 2003 2779 2072 Χριστῷ,
2820 2000 2916 2056 Καὶ
2951 1997 3051 2064 τὴν
3104 1998 3344 2074 μάρτυρα
3373 1996 3407 2061 ἡ
3439 1992 3648 2070 βασιλὶς
3704 1996 3800 2051 καὶ

2131 2084 2282 2141 αύτοί
2315 2085 2690 2162 ἀσπασάμενοι
2737 2089 2827 2145 καὶ
2884 2083 3308 2165 ασφαλισάμενοι
3365 2084 3489 2145 τοὺς
3539 2084 3794 2163 φρουροὺς

2132 2172 2404 2251 ἀπόρρητα
2432 2180 2642 2233 κεῖσθαι
2674 2175 2798 2255 παρ’
2850 2179 3034 2239 αὺτοῖς
3094 2175 3162 2230 τὰ
3222 2172 3550 2253 πραχθέντα,
3611 2172 3788 2247 μέσης

2131 2264 2317 2327 νυκτὸς
2353 2268 2557 2322 ἐκεῖθεν
2589 2265 2919 2346 ἐξέρχονται.
2956 2257 3019 2323 Ἠ
3051 2264 3234 2340 μέντοι
3263 2271 3355 2320 τοῦ
3386 2269 3610 2339 Χριστοῦ
3637 2262 3781 2341 μάρ-

2130 2372 2220 2417 τυς
2291 2353 2626 2429 Αίκατερίνα,
2702 2356 2984 2422 Δεσπότην
3054 2355 3253 2432 πατρὸς
3312 2351 3785 2431 φιλοστοργότερον

2131 2439 2354 2519 ἔχουσα,
2388 2441 2593 2511 πολλῆς
2625 2442 2861 2502 ἀπέλαϐε
2927 2441 3052 2523 παρ’
3102 2444 3261 2499 αὐτοῦ
3310 2443 3409 2507 τῆς
3438 2438 3785 2516 κηδεμονίας.

2132 2528 2262 2605 Παρ³
2318 2529 2447 2595 ὅλας
2523 2534 2621 2607 μὲν
2703 2532 2805 2611 γάρ
2863 2533 2957 2597 τὰς
3015 2531 3218 2588 δώδεκα
3276 2531 3472 2593 ταύτας
3556 2528 3790 2610 ἡμέρας,

2130 2617 2184 2672 ἐν
2213 2622 2303 2685 αἷς
2336 2621 2502 2687 αὐτὴν
2533 2622 2691 2702 εἶχεν
2721 2624 2756 2689 ἡ
2808 2622 3045 2703 φυλακὴ,
3115 2620 3199 2679 διὰ
3260 2624 3575 2698 περιστερᾶς
3636 2617 3791 2676 ἄνω-

2128 2709 2213 2762 θεν
2268 2707 2489 2789 ἐδέχετο
2546 2712 2647 2779 τὴν
2712 2713 2917 2791 προφὴν
2954 2730 2969 2745 ·
3031 2710 3219 2768 ἔπειτα
3286 2709 3342 2765 δὲ
3400 2711 3489 2765 καὶ
3548 2710 3711 2772 αὐτὸς
3762 2713 3795 2767 6

2130 2794 2292 2861 καλὸς
2348 2800 2557 2866 ἐκείνης
2616 2800 2962 2879 ἀγωνοθέτης
3021 2801 3247 2879 Χριστὸς
3308 2799 3445 2875 μετᾶ
3505 2805 3611 2855 τῶν
3672 2802 3797 2880 περὶ

2128 2886 2285 2944 αὐτὸν
2338 2887 2612 2966 δυναμεων
2670 2892 2757 2948 καὶ
2821 2892 2921 2958 τῆς
2974 2892 3170 2957 οἰκείας
3252 2888 3409 2957 δόξης
3496 2889 3793 2969 δπιφαδῆς,

398 2977 775 3051 extimescas,
812 2995 919 3056 ego
951 2978 1108 3038 enim
1140 2996 1269 3039 sum
1291 2988 1485 3042 tecum
1518 3003 1530 3044 :
1568 3001 1678 3044 nec
1711 2991 1765 3045 te
1795 2985 2044 3064 attinget

2131 2973 2390 3053 ἒπτέρωσέ
2444 3000 2502 3036 τε
2560 2980 2720 3048 αὐτῆς
2782 2980 2943 3039 πλέον
2999 2982 3099 3049 τὴν
3156 2981 3434 3059 καρτερίαν
3507 2982 3597 3036 καὶ
3667 2984 3796 3060 θαρ-

398 3075 785 3139 tormentum,
806 3067 910 3128 sed
937 3085 1072 3130 cum
1096 3085 1204 3148 per
1232 3078 1392 3131 tuam
1426 3070 1797 3135 tolerantiam
1822 3075 1892 3137 ad
1926 3095 2040 3139 no-

2131 3087 2245 3133 σοος
2298 3068 2585 3137 ὶνέπλησε.
2657 3090 2681 3125 ι
2721 3072 2809 3139 Μὴ
2864 3069 3165 3147 δειλιάσῃς,
3222 3071 3386 3126 εἰπών
3421 3087 3435 3101 '
3505 3069 3615 3148 ἐγὼ
3679 3071 3783 3149 γὰρ

397 3174 536 3218 men
570 3173 769 3217 meum
797 3156 1018 3218 multos
1037 3158 1377 3237 adduxeris,
1400 3159 1615 3221 multas
1645 3180 1881 3242 quoque
1898 3181 2046 3226 con-

2132 3157 2240 3231 εἰμι
2265 3159 2402 3232 μετὰ
2430 3167 2524 3216 σοῦ
2554 3161 2641 3216 καὶ
2671 3160 2732 3217 ού
2784 3161 2863 3235 μὴ
2923 3181 3015 3217 σου
3075 3158 3287 3235 ἅψηται
3347 3158 3605 3239 βάσανος,
3640 3158 3780 3215 ἀλλᾶ

401 3244 673 3326 sequeris
701 3246 1239 3309 remunerationes.

2132 3244 2364 3310 πολλοὺς
2417 3245 2501 3304 διὰ
2556 3252 2654 3317 τῆς
2723 3250 2919 3315 οἰκείας
2963 3251 3238 3323 ὑπομονῆς
3281 3252 3360 3321 τῷ
3430 3248 3543 3324 ἐμῷ
3607 3267 3776 3324 προσ-

2132 3342 2405 3413 αγαγοῦσα
2460 3339 2679 3415 ὀνόματι
2737 3337 2953 3397 πολλῶν
3015 3337 3289 3413 ἀξιωθήσγ,
3349 3339 3441 3396 καὶ
3486 3342 3587 3393 τῶν
3643 3356 3773 3392 στε-

2131 3426 2337 3504 φάνων.
2380 3450 2408 3483 ι

476 3512 669 3577 XVIII
676 3518 845 3578 .Cum
860 3514 987 3576 haec
997 3514 1206 3577 ultima
1221 3523 1396 3578 nocte
1415 3517 1467 3579 ei
1486 3516 1757 3581 Christus
1770 3518 2046 3580 mandas-

2208 3515 2317 3576 IH’.
2382 3526 2555 3577 Ταῦτα
2608 3519 2743 3576 κατὰ
2792 3519 2889 3588 τήν
2939 3517 3245 3576 τελευταίαν
3290 3517 3452 3574 νύκτα
3500 3536 3596 3573 του
3642 3522 3780 3596 Χρι-

394 3615 689 3687 set,mane
709 3607 1040 3670 Maxentius
1055 3609 1754 3690 [Maximinuﬂprazsedit
1775 3610 1836 3672 in
1861 3612 2046 3673 tribu-

2131 3612 2252 3663 στοῦ
2322 3605 2747 3690 ἐπισκήψαντος,
2821 3608 2980 3667 ἕωθεν
3053 3611 3082 3665 6
3154 3605 3444 3673 Μαξέντιος
3515 3605 3601 3662 ἐπὶ
3686 3611 3786 3662 τοῦ

396 3696 1289 3776 nali,etbeatamjussitadduci:
1306 3701 1663 3762 etassistens
1678 3709 1899 3782 martyr
1910 3720 2043 3763 cum

2131 3697 2368 3773 βήματος
2426 3701 2772 3778 προκαθίσας,
2834 3699 3069 3780 ἀχθῆναι
3144 3695 3347 3754 κελεύει
3419 3697 3519 3765 τὴν
3596 3716 3786 3772 μακα-

396 3786 603 3864 gratiis
658 3785 1052 3867 spiritalibus,
1108 3796 1167 3849 et
1209 3787 1371 3849 dulci
1399 3787 1503 3850 illa
1530 3788 1862 3865 alacritate,
1893 3790 2045 3853 adeo

2131 3786 2263 3864 ρίαν.
2301 3788 2399 3846 Καὶ
2451 3794 2764 3868 πᾰραστᾶσα
2820 3790 2853 3856 ἡ
2913 3790 3114 3869 μάρτυς
3175 3789 3311 3861 μετὰ
3367 3793 3475 3844 τῶν
3536 3805 3787 3861 πνευμα-

397 3885 463 3936 ut
492 3874 535 3935 ii
566 3893 826 3957 quoque,
859 3878 957 3955 qui
989 3875 1262 3954 aderant,
1298 3877 1490 3940 nitido
1513 3878 1834 3960 splendore
1863 3880 2045 3943 reful-

2131 3883 2289 3933 τικῶν
2345 3878 2580 3958 χαρίτων
2636 3882 2726 3936 καὶ
2789 3880 2889 3951 τῇς
2958 3878 3207 3958 γλυκείας
3277 3877 3485 3945 ἐκείνης
3556 3873 3788 3957 φαιδρό-

399 3964 894 4042 gerent,graviter
908 3965 978 4026 ad
1002 3966 1136 4027 mod
1147 3984 1244 4028 um
1261 3968 1876 4049 terretimperatorem
1889 4019 1900 4030 .
1912 3969 1933 4031 l
1939 3988 2043 4051 pse

2131 3988 2314 4047 τητος,
2371 3971 2447 4033 ὡς
2500 3972 2584 4025 καὶ
2642 3970 2827 4035 αὖτοὺς
2884 3967 3056 4037 δήπου
3101 3974 3224 4031 τούς
3277 3968 3549 4046 παρόντας
3578 3968 3790 4042 καθαρᾷ

402 4060 598 4115 autem
633 4055 687 4114 ei
716 4052 859 4117 dicit
889 4054 1182 4118 malitiose
1214 4064 1270 4117 et
1318 4056 1648 4120 fallaciter:
1683 4056 1791 4134 'l‘e,
1824 4060 2037 4140 inquit,

2131 4055 2483 4135 περιλάμπειν
2533 4064 2601 4135 τῇ
2674 4057 2869 4137 αἴγλῃ,
2945 4056 3127 4124 δεινῶς
3201 4056 3339 4135 ἄγαν
3410 4053 3791 4125 καταπλήττει

397 4143 574 4205 decet
602 4142 950 4223 imperium,
984 4162 1018 4205 ο
1042 4144 1183 4207 ﬁlia.
1206 4146 1331 4226 Age
1358 4165 1523 4228 ergo,
1548 4165 1685 4210 cum
1708 4149 1828 4211 diis
1851 4150 2043 4211 sacri-

2131 4154 2217 4203 τὸν
2271 4146 2519 4223 βασιλέα.
2583 4148 2680 4206 Καὶ
2737 4148 2892 4210 αὓτὸς
2956 4149 3122 4228 εὺθὺς,
3183 4145 3398 4220 ὑπούλῳ
3442 4150 3521 4219 τῷ
3548 4143 3664 4211 ἤθει
3695 4145 3795 4201 καὶ

390 4230 684 4309 ﬁcaveris,
718 4233 947 4315 impera
977 4234 1314 4298 nobiscum.
1373 4235 1582 4315 Neque
1641 4238 1808 4316 velis,
1871 4257 2038 4318 rogo,

2131 4237 2408 4317 περιέργῳ,
2443 4239 2535 4294 Σοὶ
2566 4238 2787 4319 πρέπει,
2845 4240 2999 4320 φησὶ,
3052 4240 3114 4294 τὸ
3170 4235 3461 4315 βασίλειον,
3525 4236 3788 4315 θύγατερ.

391 4321 601 4385 videre
629 4323 880 4386 interire
912 4327 1223 4387 tormentis
1257 4334 1473 4389 tantam
1506 4327 2037 4407 pulchritudinem.

2131 4334 2292 4407 Δεῦρο
2376 4328 2547 4383 τοίνυν
2630 4329 2830 4385 θύσασα
2911 4341 3027 4394 τοῖς
3076 4331 3249 4402 θεοῖς,
3302 4324 3616 4403 βασίλευσον
3687 4325 3790 4383 σὺν

394 4411 730 4524 lljlaautetn
761 4433 775 4476 :
968 4413 1187 4516 inquit,
1218 4417 1411 4478 solum
1446 4425 1606 4479 terra
1636 4424 1695 4478 et
1723 4417 1877 4481 cinis
1903 4439 1928 4524 ἐ
1985 4428 2044 4481 et

2131 4418 2285 4491 ἡμῖν,
2370 4415 2507 4491 μηδὲ
2579 4419 2815 4495 θεγήσῃς
2893 4416 3228 4517 παρακαλῶ,ε
3301 4416 3553 4494 βασάνοις
3639 4414 3793 4472 ἀπο-

2131 4504 2180 4524 μ
2220 4509 2244 4524 ..
2483 4507 2495 4524 .
2638 4505 2684 4524 ν.
2847 4509 2860 4524 .
2993 4508 3003 4524 .
3235 4511 3277 4524 η
3342 4503 3386 4524 μ
3482 4509 3546 4524 η.
3674 4503 3687 4524 1

396 4500 459 4561 id
485 4500 592 4562 tibi
615 4517 829 4564 rursus
850 4501 1009 4581 dico,
1037 4522 1070 4563 ο
1093 4505 1421 4585 imperator
1443 4526 1458 4586 ;
1481 4513 1717 4589 tempus
1739 4526 1876 4570 vero
1900 4495 2041 4570 facit

2131 4504 2303 4562 λὲσθαι
2335 4507 2600 4575 τοσαύτην
2629 4505 2806 4582 ὅψεως
2834 4495 3160 4587 ὡραιότητα,
3215 4495 3278 4563 Ἠ
3337 4503 3417 4580 δὲ,
3481 4509 3558 4572 Γῆ
3616 4503 3791 4579 μόνον

396 4606 527 4651 eam
561 4592 958 4670 efﬂorescere,
995 4601 1054 4652 et
1084 4592 1327 4655 morbus
1360 4593 1657 4677 tabefacit,
1688 4603 1753 4659 ut
1781 4615 1912 4678 quae
1942 4597 2039 4659 ni-

2131 4594 2287 4670 ἒστὶν,
2324 4596 2474 4676 εἷπε,
2501 4598 2590 4654 καὶ
2618 4598 2787 4673 κόνις,
2819 4600 2906 4655 καὶ
2963 4597 3121 4654 πάλιν
3161 4596 3245 4653 σοί
3300 4617 3467 4674 φημι,
3536 4593 3782 4673 βασιλεῦ,

396 4677 483 4739 hil
513 4679 749 4741 ﬁrmum
779 4679 1021 4762 habeat,
1075 4700 1187 4744 nec
1246 4683 1479 4747 stabile.
1541 4677 2039 4749 lnterimiautem

2131 4685 2380 4743 ἆπανθεϊν
2438 4685 2494 4743 δὲ
2565 4688 2730 4755 αὐτὴν
2788 4689 2874 4744 καὶ
2955 4689 3154 4767 χρόνος
3241 4698 3415 4753 ποιεῖ,
3476 4685 3593 4740 καὶ·
3622 4682 3783 4747 νόσος

399 4767 538 4829 dum
571 4779 790 4850 martyr
818 4771 947 4833 haec
983 4772 1036 4832 ei
1096 4772 1349 4854 diceret,
1402 4774 1641 4855 quidam
1691 4778 2038 4859 praefectus,

2131 4773 2414 4833 ἐπελθοῦσα
2491 4777 2755 4857 μαραίνει,
2844 4774 3059 4854 βέϐαιον
3144 4773 3290 4833 οὑδὲν
3361 4771 3477 4830 οὐδε
3551 4773 3787 4850 μόνιμον

395 4859 641 4920 nomine
660 4860 1284 4940 Chursasadem,acris
1306 4868 1546 4945 quidem
1570 4864 1642 4926 ad
1660 4866 2039 4946 iram,prom-

2131 4865 2375 4944 ἔχουσαν.
2440 4863 2529 4924 Ἐν
2582 4865 2690 4941 ὅσῳ
2748 4865 2803 4923 δὲ
2853 4875 3017 4924 ταῦτα
3074 4867 3109 4934 ἡ
3170 4865 3368 4945 μάρτυς
3425 4864 3559 4940 πρὶς
3618 4863 3783 4920 αὑτὸν

394 4956 531 5029 plus
558 4957 756 5026 autem
787 4959 849 5013 et
876 4953 1220 5031 ingeniosus
1241 4953 1314 5015 ad
1339 4953 1732 5034 puniendum,
1758 4974 1889 5017 cum
1911 4956 2039 5018 1]ωο

2131 4953 2410 5034 Βιελέγετο,
2490 4956 2737 5037 ὕπαρχός
2810 4978 2890 5021 τις
2971 4955 3142 5029 ὄνομα
3225 4952 3598 5033 Χρυσασαδὲμ,
3659 4949 3784 5018 ὀξύς

391 5038 647 5115 audiret,
666 5040 881 5120 partim
904 5042 1115 5103 dolens
1132 5044 1323 5105 vicem
1352 5043 1633 5105 Maxentii
1663 5043 2037 5125 [Mamimmi]

2131 5046 2222 5121 μὲν
2278 5048 2352 5110 εἰς
2410 5046 2598 5126 ὀργὴν,
2660 5046 2961 5127 εὑμέχανος
3021 5044 3076 5102 δὲ
3144 5045 3220 5110 είς
3304 5044 3583 5120 τιμωρίαν,
3669 5048 3786 5101 τῶν

390 5129 603 5208 partim
616 5138 816 5192 autem
829 5148 953 5193 sua)
965 5129 1398 5195 benevolentiae
1414 5133 1563 5195 dans
1576 5135 2031 5215 experientiam,

2131 5135 2182 5190 λε
2199 5134 2426 5213 (ομὲνων
2524 5135 2751 5216 ἁκούων,
2859 5138 2994 5211 ὁμοῦ
3082 5133 3182 5210 μὲν
3264 5132 3782 5211 δπεραγανακτήσας

388 5236 523 5280 cum
549 5236 615 5281 se
632 5238 821 5308 parvo
853 5227 1122 5302 tempore
1146 5222 1556 5305 sustinuisset,
1585 5234 1861 5306 tanquam
1880 5226 2036 5307 apud

2131 5224 2433 5308 Μαξεντίου,
2495 5228 2628 5302 ὁμοῦ
2683 5223 2738 5281 δὲ
2795 5228 2885 5282 καὶ
2954 5237 3147 5302 πεῖραν
3214 5225 3357 5297 αὑτῷ
3427 5223 3629 5285 εὖνοίας
3700 5219 3785 5278 δι-

389 5325 456 5369 se
486 5307 780 5371 meditans
806 5317 872 5371 et
898 5311 1233 5392 inquirens,
1270 5313 1459 5377 dixit:
1510 5315 1637 5395 Ego
1685 5314 1816 5392 tibi,
1852 5334 1886 5377 ο
1916 5317 2035 5377 im-

2131 5312 2265 5391 Βούς,
2299 5307 2490 5395 μικρὸν
2518 5336 2634 5372 τινα
2693 5316 2890 5395 χρόνον
2950 5314 3197 5394 ἐπισχὼν
3252 5314 3341 5370 καὶ
3398 5314 3519 5368 οἷον
3592 5312 3785 5368 ἑαυτὸν

388 5406 647 5478 perator,
675 5416 794 5460 non
835 5417 1015 5479 parva
1060 5418 1205 5463 cura
1246 5402 1535 5480 adhibita,
1588 5404 1815 5482 inveni,
1878 5425 2032 5486 quo-

2131 5408 2512 5485 συγκροτήσας,
2572 5403 2587 5429 ³
2597 5405 2716 5483 Εγώ
2770 5425 2877 5480 σοι,
2956 5402 3199 5480 βασιλεῦ,
3266 5401 3368 5481 ἔφη
3428 5401 3521 5458 σὺν
3596 5398 3781 5478 πολλῇ

389 5488 568 5549 modo
599 5489 792 5569 possis
815 5490 905 5552 vel
934 5489 988 5551 ei
1018 5489 1135 5552 cito
1165 5492 1555 5573 persuadere,
1587 5494 1678 5556 vel
1723 5514 1854 5558 eam
1891 5514 2033 5576 per-

2131 5492 2348 5575 ρροντίδι
2404 5494 2641 5573 ἀνεῦρον,
2698 5492 2867 5576 ὅπως
2905 5492 2968 5550 ἂν
3024 5491 3060 5560 ἤ
3118 5504 3307 5549 πεῖσαι
3356 5494 3551 5547 θᾶττον
3607 5489 3785 5559 αὐτὴν

387 5578 553 5640 dere.
585 5578 798 5640 Modus
826 5586 1025 5643 autem
1058 5588 1150 5644 est
1179 5582 1518 5664 ejusmodi:
1570 5582 1725 5649 Jube
1754 5585 1866 5649 sub
1892 5573 2035 5649 una

2131 5573 2365 5661 ἓύνηθῇς,
2416 5582 2453 5652 ἦ
2509 5582 2792 5647 ἆπολὶσαι.
2855 5573 2914 5641 Ὀ
2971 5579 3027 5639 δὲ
3087 5582 3298 5661 τρόπως
3329 5580 3445 5638 ἐστὶ
3474 5581 3720 5643 τοιθῦτος
3758 5600 3775 5617 ο

393 5665 575 5737 ﬁbula
604 5667 733 5732 ﬁeri
761 5678 1014 5752 quatuor
1040 5678 1226 5752 rotas,
1264 5683 1326 5738 et
1371 5672 1705 5755 unicuique
1741 5685 1889 5741 rotae
1931 5675 2028 5739 in-

2131 5673 2377 5737 Κέλευσον
2434 5676 2536 5757 ἰξπὺ
2592 5674 2793 5757 περόνῃ
2847 5681 2944 5754 μιᾲ
2994 5671 3255 5758 τέσσαρας
3314 5674 3556 5755 γενεσθαι
3644 5692 3801 5760 τρο·-

400 2709 624 2771 nothea
654 2707 924 2771 Christus
953 2728 1088 2771 cum
1120 2709 1195 2772 iis
1251 2730 1383 2791 quae
1430 2714 1595 2775 circa
1645 2715 1836 2794 ipsum
1880 2726 2048 2782 erant

401 2798 591 2879 copiis
619 2807 679 2859 et
706 2797 896 2876 gloria
924 2816 1031 2860 sua
1077 2815 1395 2879 apparens,
1440 2802 1625 2880 magis
1677 2804 2047 2868 conﬁrmavit

399 2888 529 2967 ejus
551 2886 982 2965 fortitudinem,
1008 2888 1348 2969 etimplevit
1372 2890 1640 2967 audacia,
1676 2894 1924 2957 dicens:
1957 2896 2042 2960 Ne
