  <div class='ocr_page' id='page_1' title='image "/cluster/home/n/w/nwhite01/storage/ocr_20150623/116:no.3/coo.31924054870203/157.png"; bbox 0 0 4136 6418; ppageno 0'>
   <div class='ocr_carea' id='block_1_1' title="bbox 451 337 569 406">
    <p class='ocr_par' dir='ltr' id='par_1_1' title="bbox 451 337 569 406">
     <span class='ocr_line' id='line_1_1' title="bbox 451 337 569 406; baseline -0.008 0"><span class='ocrx_word' id='word_1_1' title='bbox 451 337 569 406; x_wconf 81' lang='lat'><strong>299</strong></span> 
     </span>
    </p>
   </div>
   <div class='ocr_carea' id='block_1_2' title="bbox 1763 326 2536 398">
    <p class='ocr_par' dir='ltr' id='par_1_2' title="bbox 1763 326 2536 398">
     <span class='ocr_line' id='line_1_2' title="bbox 1763 326 2536 398; baseline -0.004 0"><span class='ocrx_word' id='word_1_2' title='bbox 1763 330 2051 398; x_wconf 87' lang='lat' dir='ltr'><strong>MENSIS</strong></span> <span class='ocrx_word' id='word_1_3' title='bbox 2091 326 2536 397; x_wconf 78' lang='lat' dir='ltr'><strong>NOVEMBER.</strong></span> 
     </span>
    </p>
   </div>
   <div class='ocr_carea' id='block_1_3' title="bbox 3721 308 3842 389">
    <p class='ocr_par' dir='ltr' id='par_1_3' title="bbox 3721 308 3842 389">
     <span class='ocr_line' id='line_1_3' title="bbox 3721 308 3842 389; baseline 0 -1"><span class='ocrx_word' id='word_1_4' title='bbox 3721 308 3842 389; x_wconf 83' lang='lat'><strong>300</strong></span> 
     </span>
    </p>
   </div>
   <div class='ocr_carea' id='block_1_4' title="bbox 442 465 2117 552">
    <p class='ocr_par' dir='ltr' id='par_1_4' title="bbox 442 468 2103 552">
     <span class='ocr_line' id='line_1_4' title="bbox 442 468 2103 552; baseline -0.005 -13"><span class='ocrx_word' id='word_1_5' title='bbox 442 494 581 539; x_wconf 88' lang='lat' dir='ltr'><strong>rem</strong></span> <span class='ocrx_word' id='word_1_6' title='bbox 632 475 824 538; x_wconf 84' lang='lat' dir='ltr'><strong>levem</strong></span> <span class='ocrx_word' id='word_1_7' title='bbox 859 469 1202 547; x_wconf 73' lang='lat' dir='ltr'><strong>arbitratus,</strong></span> <span class='ocrx_word' id='word_1_8' title='bbox 1238 468 1394 552; x_wconf 90' lang='lat' dir='ltr'><strong>quod</strong></span> <span class='ocrx_word' id='word_1_9' title='bbox 1427 475 1654 552; x_wconf 80' lang='lat' dir='ltr'><strong>spectat</strong></span> <span class='ocrx_word' id='word_1_10' title='bbox 1682 469 1757 532; x_wconf 87' lang='lat' dir='ltr'><strong>ad</strong></span> <span class='ocrx_word' id='word_1_11' title='bbox 1809 469 2103 544; x_wconf 84' lang='lat' dir='ltr'><strong>dolorem,</strong></span> 
     </span>
    </p>
   </div>
   <div class='ocr_carea' id='block_1_5' title="bbox 2203 465 3844 552">
    <p class='ocr_par' dir='ltr' id='par_1_5' title="bbox 2203 465 3844 545">
     <span class='ocr_line' id='line_1_5' title="bbox 2203 465 3844 545; baseline -0.004 -19"><span class='ocrx_word' id='word_1_12' title='bbox 2203 473 2219 526; x_wconf 80' lang='grc'><strong>5</strong></span> <span class='ocrx_word' id='word_1_13' title='bbox 2300 470 2514 536; x_wconf 76' lang='grc' dir='ltr'>ἀπηνὴς</span> <span class='ocrx_word' id='word_1_14' title='bbox 2592 468 2796 534; x_wconf 78' lang='grc' dir='ltr'>ἐκεῖνος</span> <span class='ocrx_word' id='word_1_15' title='bbox 2868 466 2954 523; x_wconf 81' lang='grc' dir='ltr'><strong>καὶ</strong></span> <span class='ocrx_word' id='word_1_16' title='bbox 3040 466 3234 545; x_wconf 83' lang='grc' dir='ltr'>θηρίων</span> <span class='ocrx_word' id='word_1_17' title='bbox 3301 465 3570 543; x_wconf 81' lang='grc' dir='ltr'><strong>ὠμότερος</strong></span> <span class='ocrx_word' id='word_1_18' title='bbox 3647 471 3844 544; x_wconf 71' lang='grc' dir='ltr'>κοῦφον</span> 
     </span>
    </p>
   </div>
   <div class='ocr_carea' id='block_1_6' title="bbox 452 559 2106 644">
    <p class='ocr_par' dir='ltr' id='par_1_6' title="bbox 452 559 2106 644">
     <span class='ocr_line' id='line_1_6' title="bbox 452 559 2106 644; baseline -0.006 -16"><span class='ocrx_word' id='word_1_19' title='bbox 452 568 635 628; x_wconf 84' lang='lat' dir='ltr'><strong>iniert</strong></span> <span class='ocrx_word' id='word_1_20' title='bbox 659 565 854 628; x_wconf 88' lang='lat' dir='ltr'><strong>adhuc</strong></span> <span class='ocrx_word' id='word_1_21' title='bbox 878 564 1228 644; x_wconf 81' lang='lat' dir='ltr'><strong>graviorem,</strong></span> <span class='ocrx_word' id='word_1_22' title='bbox 1259 569 1319 624; x_wconf 91' lang='lat' dir='ltr'><strong>et</strong></span> <span class='ocrx_word' id='word_1_23' title='bbox 1353 560 1697 641; x_wconf 76' lang='lat' dir='ltr'><strong>pronuntiat</strong></span> <span class='ocrx_word' id='word_1_24' title='bbox 1719 559 2106 634; x_wconf 87' lang='lat' dir='ltr'><strong>sententiam,</strong></span> 
     </span>
    </p>
   </div>
   <div class='ocr_carea' id='block_1_7' title="bbox 454 649 2106 736">
    <p class='ocr_par' dir='ltr' id='par_1_7' title="bbox 454 649 2106 736">
     <span class='ocr_line' id='line_1_7' title="bbox 454 649 2106 736; baseline -0.004 -20"><span class='ocrx_word' id='word_1_25' title='bbox 454 664 522 716; x_wconf 91' lang='lat' dir='ltr'><strong>ut</strong></span> <span class='ocrx_word' id='word_1_26' title='bbox 583 656 712 736; x_wconf 84' lang='lat' dir='ltr'><strong>ejus</strong></span> <span class='ocrx_word' id='word_1_27' title='bbox 767 660 944 735; x_wconf 89' lang='lat' dir='ltr'><strong>caput</strong></span> <span class='ocrx_word' id='word_1_28' title='bbox 1001 658 1341 731; x_wconf 76' lang='lat' dir='ltr'><strong>amputetur</strong></span> <span class='ocrx_word' id='word_1_29' title='bbox 1371 649 1589 730; x_wconf 77' lang='lat' dir='ltr'><strong>gladio.</strong></span> <span class='ocrx_word' id='word_1_30' title='bbox 1631 650 1896 729; x_wconf 82' lang='lat' dir='ltr'><strong>Angusta</strong></span> <span class='ocrx_word' id='word_1_31' title='bbox 1941 665 2106 736; x_wconf 78' lang='lat' dir='ltr'><strong>ergo,</strong></span> 
     </span>
    </p>
   </div>
   <div class='ocr_carea' id='block_1_8' title="bbox 454 735 2113 824">
    <p class='ocr_par' dir='ltr' id='par_1_8' title="bbox 454 735 2113 824">
     <span class='ocr_line' id='line_1_8' title="bbox 454 735 2113 824; baseline -0.004 -18"><span class='ocrx_word' id='word_1_32' title='bbox 454 735 717 808; x_wconf 90' lang='lat' dir='ltr'><strong>libenter</strong></span> <span class='ocrx_word' id='word_1_33' title='bbox 737 751 982 824; x_wconf 87' lang='lat' dir='ltr'><strong>accepta</strong></span> <span class='ocrx_word' id='word_1_34' title='bbox 1007 739 1322 820; x_wconf 77' lang='lat' dir='ltr'><strong>sententia,</strong></span> <span class='ocrx_word' id='word_1_35' title='bbox 1353 740 1484 802; x_wconf 84' lang='lat' dir='ltr'><strong>laeta</strong></span> <span class='ocrx_word' id='word_1_36' title='bbox 1514 739 1658 802; x_wconf 81' lang='lat' dir='ltr'><strong>dixit</strong></span> <span class='ocrx_word' id='word_1_37' title='bbox 1684 740 1958 818; x_wconf 82' lang='lat' dir='ltr'><strong>martyri;</strong></span> <span class='ocrx_word' id='word_1_38' title='bbox 1995 735 2113 801; x_wconf 89' lang='lat' dir='ltr'><strong>Ora</strong></span> 
     </span>
    </p>
   </div>
   <div class='ocr_carea' id='block_1_9' title="bbox 454 827 2111 916">
    <p class='ocr_par' dir='ltr' id='par_1_9' title="bbox 454 827 2111 916">
     <span class='ocr_line' id='line_1_9' title="bbox 454 827 2111 916; baseline -0.006 -18"><span class='ocrx_word' id='word_1_39' title='bbox 454 853 565 916; x_wconf 90' lang='lat' dir='ltr'><strong>pro</strong></span> <span class='ocrx_word' id='word_1_40' title='bbox 618 853 734 896; x_wconf 89' lang='lat' dir='ltr'><strong>me.</strong></span> <span class='ocrx_word' id='word_1_41' title='bbox 791 832 898 894; x_wconf 92' lang='lat' dir='ltr'><strong>Illa</strong></span> <span class='ocrx_word' id='word_1_42' title='bbox 954 849 1142 893; x_wconf 86' lang='lat' dir='ltr'><strong>vero:</strong></span> <span class='ocrx_word' id='word_1_43' title='bbox 1198 830 1386 906; x_wconf 84' lang='lat' dir='ltr'><strong>Vade,</strong></span> <span class='ocrx_word' id='word_1_44' title='bbox 1451 831 1664 908; x_wconf 88' lang='lat' dir='ltr'><strong>inquit,</strong></span> <span class='ocrx_word' id='word_1_45' title='bbox 1709 828 1768 888; x_wconf 89' lang='lat' dir='ltr'><strong>in</strong></span> <span class='ocrx_word' id='word_1_46' title='bbox 1829 847 1994 909; x_wconf 85' lang='lat' dir='ltr'><strong>pace,</strong></span> <span class='ocrx_word' id='word_1_47' title='bbox 2049 827 2111 888; x_wconf 91' lang='lat' dir='ltr'><strong>in</strong></span> 
     </span>
    </p>
   </div>
   <div class='ocr_carea' id='block_1_10' title="bbox 457 915 2113 998">
    <p class='ocr_par' dir='ltr' id='par_1_10' title="bbox 457 915 2113 998">
     <span class='ocr_line' id='line_1_10' title="bbox 457 915 2113 998; baseline -0.005 -11"><span class='ocrx_word' id='word_1_48' title='bbox 457 915 747 987; x_wconf 73' lang='lat' dir='ltr'><strong>aeternum</strong></span> <span class='ocrx_word' id='word_1_49' title='bbox 803 923 963 985; x_wconf 89' lang='lat' dir='ltr'><strong>enim</strong></span> <span class='ocrx_word' id='word_1_50' title='bbox 998 919 1277 998; x_wconf 75' lang='lat' dir='ltr'><strong>regnabis</strong></span> <span class='ocrx_word' id='word_1_51' title='bbox 1335 938 1468 984; x_wconf 90' lang='lat' dir='ltr'><strong>cum</strong></span> <span class='ocrx_word' id='word_1_52' title='bbox 1503 917 1763 982; x_wconf 88' lang='lat' dir='ltr'><strong>Christo.</strong></span> <span class='ocrx_word' id='word_1_53' title='bbox 1802 919 1993 998; x_wconf 87' lang='lat' dir='ltr'><strong>Atque</strong></span> <span class='ocrx_word' id='word_1_54' title='bbox 2025 915 2113 980; x_wconf 91' lang='lat' dir='ltr'><strong>illi</strong></span> 
     </span>
    </p>
   </div>
   <div class='ocr_carea' id='block_1_11' title="bbox 459 1012 2114 1094">
    <p class='ocr_par' dir='ltr' id='par_1_11' title="bbox 459 1012 2114 1094">
     <span class='ocr_line' id='line_1_11' title="bbox 459 1012 2114 1094; baseline -0.004 -19"><span class='ocrx_word' id='word_1_55' title='bbox 459 1013 700 1094; x_wconf 90' lang='lat' dir='ltr'><strong>quidem</strong></span> <span class='ocrx_word' id='word_1_56' title='bbox 744 1013 918 1094; x_wconf 88' lang='lat' dir='ltr'><strong>jussu</strong></span> <span class='ocrx_word' id='word_1_57' title='bbox 951 1012 1327 1092; x_wconf 88' lang='lat' dir='ltr'><strong>imperatoris</strong></span> <span class='ocrx_word' id='word_1_58' title='bbox 1357 1016 1698 1090; x_wconf 75' lang='lat' dir='ltr'><strong>amputatur</strong></span> <span class='ocrx_word' id='word_1_59' title='bbox 1740 1015 1918 1088; x_wconf 90' lang='lat' dir='ltr'><strong>caput</strong></span> <span class='ocrx_word' id='word_1_60' title='bbox 1948 1017 2114 1069; x_wconf 87' lang='lat' dir='ltr'><strong>extra</strong></span> 
     </span>
    </p>
   </div>
   <div class='ocr_carea' id='block_1_12' title="bbox 460 1096 2110 1176">
    <p class='ocr_par' dir='ltr' id='par_1_12' title="bbox 460 1096 2110 1176">
     <span class='ocr_line' id='line_1_12' title="bbox 460 1096 2110 1176; baseline -0.004 -12"><span class='ocrx_word' id='word_1_61' title='bbox 460 1102 756 1164; x_wconf 84' lang='lat' dir='ltr'><strong>civitatem</strong></span> <span class='ocrx_word' id='word_1_62' title='bbox 778 1099 1249 1165; x_wconf 88' lang='lat' dir='ltr'><strong>vicesimotertio</strong></span> <span class='ocrx_word' id='word_1_63' title='bbox 1264 1097 1765 1161; x_wconf 83' lang='lat' dir='ltr'><strong>Novembris.Sed</strong></span> <span class='ocrx_word' id='word_1_64' title='bbox 1785 1096 2110 1176; x_wconf 83' lang='lat' dir='ltr'><strong>uequedux</strong></span> 
     </span>
    </p>
   </div>
   <div class='ocr_carea' id='block_1_13' title="bbox 459 1186 2113 1272">
    <p class='ocr_par' dir='ltr' id='par_1_13' title="bbox 459 1186 2113 1272">
     <span class='ocr_line' id='line_1_13' title="bbox 459 1186 2113 1272; baseline -0.004 -18"><span class='ocrx_word' id='word_1_65' title='bbox 459 1193 757 1255; x_wconf 82' lang='lat' dir='ltr'><strong>exercitus</strong></span> <span class='ocrx_word' id='word_1_66' title='bbox 809 1190 1136 1272; x_wconf 87' lang='lat' dir='ltr'><strong>Porphyrio</strong></span> <span class='ocrx_word' id='word_1_67' title='bbox 1200 1197 1258 1251; x_wconf 86' lang='lat' dir='ltr'><strong>et</strong></span> <span class='ocrx_word' id='word_1_68' title='bbox 1299 1189 1399 1270; x_wconf 80' lang='lat' dir='ltr'><strong>qui</strong></span> <span class='ocrx_word' id='word_1_69' title='bbox 1458 1206 1593 1250; x_wconf 91' lang='lat' dir='ltr'><strong>cum</strong></span> <span class='ocrx_word' id='word_1_70' title='bbox 1646 1205 1716 1250; x_wconf 90' lang='lat' dir='ltr'><strong>eo</strong></span> <span class='ocrx_word' id='word_1_71' title='bbox 1777 1195 1968 1262; x_wconf 90' lang='lat' dir='ltr'><strong>erant,</strong></span> <span class='ocrx_word' id='word_1_72' title='bbox 2001 1186 2113 1248; x_wconf 90' lang='lat' dir='ltr'><strong>hoc</strong></span> 
     </span>
    </p>
   </div>
   <div class='ocr_carea' id='block_1_14' title="bbox 458 1277 2114 1361">
    <p class='ocr_par' dir='ltr' id='par_1_14' title="bbox 458 1277 2114 1361">
     <span class='ocr_line' id='line_1_14' title="bbox 458 1277 2114 1361; baseline -0.003 -16"><span class='ocrx_word' id='word_1_73' title='bbox 458 1283 700 1345; x_wconf 84' lang='lat' dir='ltr'><strong>beatum</strong></span> <span class='ocrx_word' id='word_1_74' title='bbox 736 1281 852 1344; x_wconf 89' lang='lat' dir='ltr'><strong>iter</strong></span> <span class='ocrx_word' id='word_1_75' title='bbox 880 1281 1281 1343; x_wconf 87' lang='lat' dir='ltr'><strong>deseruerunt</strong></span> <span class='ocrx_word' id='word_1_76' title='bbox 1314 1302 1331 1357; x_wconf 86' lang='lat'><strong>;</strong></span> <span class='ocrx_word' id='word_1_77' title='bbox 1382 1280 1487 1342; x_wconf 88' lang='lat' dir='ltr'><strong>sed</strong></span> <span class='ocrx_word' id='word_1_78' title='bbox 1521 1277 1820 1361; x_wconf 87' lang='lat' dir='ltr'><strong>quomodo</strong></span> <span class='ocrx_word' id='word_1_79' title='bbox 1849 1279 1969 1340; x_wconf 89' lang='lat' dir='ltr'><strong>illic</strong></span> <span class='ocrx_word' id='word_1_80' title='bbox 2001 1282 2114 1340; x_wconf 86' lang='lat' dir='ltr'><strong>Au-</strong></span> 
     </span>
    </p>
   </div>
   <div class='ocr_carea' id='block_1_15' title="bbox 459 1369 2112 1452">
    <p class='ocr_par' dir='ltr' id='par_1_15' title="bbox 459 1369 2112 1452">
     <span class='ocr_line' id='line_1_15' title="bbox 459 1369 2112 1452; baseline -0.004 -16"><span class='ocrx_word' id='word_1_81' title='bbox 459 1380 650 1452; x_wconf 63' lang='lat' dir='ltr'><strong>gustae</strong></span> <span class='ocrx_word' id='word_1_82' title='bbox 675 1371 860 1434; x_wconf 90' lang='lat' dir='ltr'><strong>duces</strong></span> <span class='ocrx_word' id='word_1_83' title='bbox 915 1370 1156 1432; x_wconf 83' lang='lat' dir='ltr'><strong>fuerunt</strong></span> <span class='ocrx_word' id='word_1_84' title='bbox 1181 1369 1255 1430; x_wconf 90' lang='lat' dir='ltr'><strong>ad</strong></span> <span class='ocrx_word' id='word_1_85' title='bbox 1310 1377 1648 1451; x_wconf 75' lang='lat' dir='ltr'><strong>martyrem,</strong></span> <span class='ocrx_word' id='word_1_86' title='bbox 1683 1370 1762 1430; x_wconf 91' lang='lat' dir='ltr'><strong>ita</strong></span> <span class='ocrx_word' id='word_1_87' title='bbox 1807 1369 1983 1431; x_wconf 88' lang='lat' dir='ltr'><strong>etiam</strong></span> <span class='ocrx_word' id='word_1_88' title='bbox 2019 1375 2112 1450; x_wconf 89' lang='lat' dir='ltr'><strong>pie</strong></span> 
     </span>
    </p>
   </div>
   <div class='ocr_carea' id='block_1_16' title="bbox 461 1457 2114 1525">
    <p class='ocr_par' dir='ltr' id='par_1_16' title="bbox 461 1457 2114 1525">
     <span class='ocr_line' id='line_1_16' title="bbox 461 1457 2114 1525; baseline -0.003 -1"><span class='ocrx_word' id='word_1_89' title='bbox 461 1461 657 1525; x_wconf 85' lang='lat' dir='ltr'><strong>secuti</strong></span> <span class='ocrx_word' id='word_1_90' title='bbox 708 1471 847 1524; x_wconf 89' lang='lat' dir='ltr'><strong>sunt</strong></span> <span class='ocrx_word' id='word_1_91' title='bbox 876 1478 1010 1524; x_wconf 88' lang='lat' dir='ltr'><strong>eam</strong></span> <span class='ocrx_word' id='word_1_92' title='bbox 1044 1458 1359 1522; x_wconf 89' lang='lat' dir='ltr'><strong>abeuntem</strong></span> <span class='ocrx_word' id='word_1_93' title='bbox 1392 1460 1465 1521; x_wconf 91' lang='lat' dir='ltr'><strong>ad</strong></span> <span class='ocrx_word' id='word_1_94' title='bbox 1496 1477 1876 1521; x_wconf 85' lang='lat' dir='ltr'><strong>communem</strong></span> <span class='ocrx_word' id='word_1_95' title='bbox 1909 1457 2114 1520; x_wconf 89' lang='lat' dir='ltr'><strong>Domi-</strong></span> 
     </span>
    </p>
   </div>
   <div class='ocr_carea' id='block_1_17' title="bbox 401 1548 2118 1630">
    <p class='ocr_par' dir='ltr' id='par_1_17' title="bbox 401 1548 2118 1630">
     <span class='ocr_line' id='line_1_17' title="bbox 401 1548 2118 1630; baseline -0.002 -17"><span class='ocrx_word' id='word_1_96' title='bbox 401 1602 407 1606; x_wconf 91' lang='lat'><strong>.</strong></span> <span class='ocrx_word' id='word_1_97' title='bbox 459 1570 631 1614; x_wconf 88' lang='lat' dir='ltr'><strong>num.</strong></span> <span class='ocrx_word' id='word_1_98' title='bbox 666 1549 812 1613; x_wconf 87' lang='lat' dir='ltr'><strong>Nam</strong></span> <span class='ocrx_word' id='word_1_99' title='bbox 850 1567 985 1613; x_wconf 89' lang='lat' dir='ltr'><strong>cum</strong></span> <span class='ocrx_word' id='word_1_100' title='bbox 1017 1549 1132 1630; x_wconf 82' lang='lat' dir='ltr'><strong>ipsi</strong></span> <span class='ocrx_word' id='word_1_101' title='bbox 1163 1568 1402 1630; x_wconf 91' lang='lat' dir='ltr'><strong>quoque</strong></span> <span class='ocrx_word' id='word_1_102' title='bbox 1460 1567 1524 1610; x_wconf 86' lang='lat' dir='ltr'><strong>se</strong></span> <span class='ocrx_word' id='word_1_103' title='bbox 1552 1548 1844 1611; x_wconf 87' lang='lat' dir='ltr'><strong>stitissent</strong></span> <span class='ocrx_word' id='word_1_104' title='bbox 1876 1567 1979 1629; x_wconf 89' lang='lat' dir='ltr'><strong>pro</strong></span> <span class='ocrx_word' id='word_1_105' title='bbox 2016 1548 2118 1609; x_wconf 88' lang='lat' dir='ltr'><strong>tri-</strong></span> 
     </span>
    </p>
   </div>
   <div class='ocr_carea' id='block_1_18' title="bbox 461 1637 2117 1720">
    <p class='ocr_par' dir='ltr' id='par_1_18' title="bbox 461 1637 2117 1720">
     <span class='ocr_line' id='line_1_18' title="bbox 461 1637 2117 1720; baseline -0.002 -18"><span class='ocrx_word' id='word_1_106' title='bbox 461 1640 664 1703; x_wconf 90' lang='lat' dir='ltr'><strong>bunali</strong></span> <span class='ocrx_word' id='word_1_107' title='bbox 695 1658 707 1702; x_wconf 91' lang='lat'><strong>:</strong></span> <span class='ocrx_word' id='word_1_108' title='bbox 763 1639 888 1718; x_wconf 83' lang='lat' dir='ltr'><strong>Ego</strong></span> <span class='ocrx_word' id='word_1_109' title='bbox 920 1657 1156 1720; x_wconf 91' lang='lat' dir='ltr'><strong>quoque</strong></span> <span class='ocrx_word' id='word_1_110' title='bbox 1213 1656 1341 1699; x_wconf 88' lang='lat' dir='ltr'><strong>sum</strong></span> <span class='ocrx_word' id='word_1_111' title='bbox 1375 1637 1770 1712; x_wconf 89' lang='lat' dir='ltr'><strong>Christianus,</strong></span> <span class='ocrx_word' id='word_1_112' title='bbox 1805 1638 1952 1698; x_wconf 87' lang='lat' dir='ltr'><strong>dixit</strong></span> <span class='ocrx_word' id='word_1_113' title='bbox 1980 1637 2117 1698; x_wconf 83' lang='lat' dir='ltr'><strong>Por-</strong></span> 
     </span>
    </p>
   </div>
   <div class='ocr_carea' id='block_1_19' title="bbox 462 1728 2112 1811">
    <p class='ocr_par' dir='ltr' id='par_1_19' title="bbox 462 1728 2112 1811">
     <span class='ocr_line' id='line_1_19' title="bbox 462 1728 2112 1811; baseline -0.004 -17"><span class='ocrx_word' id='word_1_114' title='bbox 462 1731 693 1811; x_wconf 83' lang='lat' dir='ltr'><strong>phyrio.</strong></span> <span class='ocrx_word' id='word_1_115' title='bbox 733 1730 851 1793; x_wconf 88' lang='lat' dir='ltr'><strong>Sed</strong></span> <span class='ocrx_word' id='word_1_116' title='bbox 877 1728 940 1790; x_wconf 90' lang='lat' dir='ltr'><strong>hi</strong></span> <span class='ocrx_word' id='word_1_117' title='bbox 969 1747 1229 1809; x_wconf 89' lang='lat' dir='ltr'><strong>quoque,</strong></span> <span class='ocrx_word' id='word_1_118' title='bbox 1258 1729 1355 1808; x_wconf 91' lang='lat' dir='ltr'><strong>qui</strong></span> <span class='ocrx_word' id='word_1_119' title='bbox 1388 1736 1530 1790; x_wconf 87' lang='lat' dir='ltr'><strong>sunt</strong></span> <span class='ocrx_word' id='word_1_120' title='bbox 1557 1745 1815 1804; x_wconf 91' lang='lat' dir='ltr'><strong>mecum,</strong></span> <span class='ocrx_word' id='word_1_121' title='bbox 1846 1737 1985 1789; x_wconf 90' lang='lat' dir='ltr'><strong>sunt</strong></span> <span class='ocrx_word' id='word_1_122' title='bbox 2016 1728 2112 1789; x_wconf 91' lang='lat' dir='ltr'><strong>in-</strong></span> 
     </span>
    </p>
   </div>
   <div class='ocr_carea' id='block_1_20' title="bbox 2192 554 3848 637">
    <p class='ocr_par' dir='ltr' id='par_1_20' title="bbox 2192 554 3848 637">
     <span class='ocr_line' id='line_1_20' title="bbox 2192 554 3848 637; baseline -0.005 -21"><span class='ocrx_word' id='word_1_123' title='bbox 2192 559 2370 637; x_wconf 82' lang='grc' dir='ltr'>ὥσπερ</span> <span class='ocrx_word' id='word_1_124' title='bbox 2430 561 2502 620; x_wconf 77' lang='grc' dir='ltr'><strong>εἰς</strong></span> <span class='ocrx_word' id='word_1_125' title='bbox 2562 555 2748 624; x_wconf 88' lang='grc' dir='ltr'>ὀδύνης</span> <span class='ocrx_word' id='word_1_126' title='bbox 2793 556 2954 634; x_wconf 71' lang='grc' dir='ltr'>λόγον</span> <span class='ocrx_word' id='word_1_127' title='bbox 2987 557 3048 612; x_wconf 72' lang='grc' dir='ltr'><strong>τὸ</strong></span> <span class='ocrx_word' id='word_1_128' title='bbox 3108 562 3329 633; x_wconf 82' lang='grc' dir='ltr'>πρᾶγμα</span> <span class='ocrx_word' id='word_1_129' title='bbox 3375 555 3592 629; x_wconf 81' lang='grc' dir='ltr'><strong>νομίσας</strong></span> <span class='ocrx_word' id='word_1_130' title='bbox 3654 554 3848 631; x_wconf 77' lang='grc' dir='ltr'>ἐπάγει</span> 
     </span>
    </p>
   </div>
   <div class='ocr_carea' id='block_1_21' title="bbox 2192 642 3854 726">
    <p class='ocr_par' dir='ltr' id='par_1_21' title="bbox 2192 642 3854 726">
     <span class='ocr_line' id='line_1_21' title="bbox 2192 642 3854 726; baseline -0.004 -22"><span class='ocrx_word' id='word_1_131' title='bbox 2192 648 2286 705; x_wconf 76' lang='grc' dir='ltr'>καῖ</span> <span class='ocrx_word' id='word_1_132' title='bbox 2341 650 2402 704; x_wconf 81' lang='grc' dir='ltr'>τὸ</span> <span class='ocrx_word' id='word_1_133' title='bbox 2445 649 2751 726; x_wconf 87' lang='grc' dir='ltr'>βαρύτερον,</span> <span class='ocrx_word' id='word_1_134' title='bbox 2812 647 2898 702; x_wconf 81' lang='grc' dir='ltr'><strong>καὶ</strong></span> <span class='ocrx_word' id='word_1_135' title='bbox 2960 645 3338 726; x_wconf 76' lang='grc' dir='ltr'>ἀποτμηθῆναι</span> <span class='ocrx_word' id='word_1_136' title='bbox 3400 642 3484 701; x_wconf 77' lang='grc' dir='ltr'><strong>διὰ</strong></span> <span class='ocrx_word' id='word_1_137' title='bbox 3541 642 3712 723; x_wconf 71' lang='grc' dir='ltr'>ξιφους</span> <span class='ocrx_word' id='word_1_138' title='bbox 3757 644 3854 699; x_wconf 75' lang='grc' dir='ltr'>καὶ</span> 
     </span>
    </p>
   </div>
   <div class='ocr_carea' id='block_1_22' title="bbox 2192 725 3859 818">
    <p class='ocr_par' dir='ltr' id='par_1_22' title="bbox 2192 725 3859 818">
     <span class='ocr_line' id='line_1_22' title="bbox 2192 725 3859 818; baseline -0.004 -24"><span class='ocrx_word' id='word_1_139' title='bbox 2192 739 2291 806; x_wconf 73' lang='grc' dir='ltr'>τὴν</span> <span class='ocrx_word' id='word_1_140' title='bbox 2347 725 2587 818; x_wconf 61' lang='grc' dir='ltr'>κεφαλὴν</span> <span class='ocrx_word' id='word_1_141' title='bbox 2638 725 2803 802; x_wconf 73' lang='grc' dir='ltr'>αὐτῆς</span> <span class='ocrx_word' id='word_1_142' title='bbox 2860 735 3225 812; x_wconf 68' lang='grc' dir='ltr'>ἀποφαίνεται.</span> <span class='ocrx_word' id='word_1_143' title='bbox 3290 725 3353 790; x_wconf 67' lang='grc' dir='ltr'><em>Ἠ</em></span> <span class='ocrx_word' id='word_1_144' title='bbox 3412 733 3682 812; x_wconf 79' lang='grc' dir='ltr'>Αύγούστα</span> <span class='ocrx_word' id='word_1_145' title='bbox 3729 738 3859 788; x_wconf 76' lang='grc' dir='ltr'>τοί-</span> 
     </span>
    </p>
   </div>
   <div class='ocr_carea' id='block_1_23' title="bbox 2195 821 3860 906">
    <p class='ocr_par' dir='ltr' id='par_1_23' title="bbox 2195 821 3860 906">
     <span class='ocr_line' id='line_1_23' title="bbox 2195 821 3860 906; baseline -0.006 -20"><span class='ocrx_word' id='word_1_146' title='bbox 2195 851 2282 887; x_wconf 89' lang='grc' dir='ltr'><strong>νυν</strong></span> <span class='ocrx_word' id='word_1_147' title='bbox 2345 827 2588 902; x_wconf 81' lang='grc' dir='ltr'>ἀσμένως</span> <span class='ocrx_word' id='word_1_148' title='bbox 2662 826 2757 893; x_wconf 76' lang='grc' dir='ltr'>τὴν</span> <span class='ocrx_word' id='word_1_149' title='bbox 2815 824 3086 906; x_wconf 66' lang='grc' dir='ltr'>ἀπόφασιν</span> <span class='ocrx_word' id='word_1_150' title='bbox 3140 821 3421 899; x_wconf 77' lang='grc' dir='ltr'>δεξαμένη,</span> <span class='ocrx_word' id='word_1_151' title='bbox 3500 822 3650 888; x_wconf 80' lang='grc' dir='ltr'>Εὗξαι</span> <span class='ocrx_word' id='word_1_152' title='bbox 3719 821 3860 901; x_wconf 81' lang='grc' dir='ltr'>ὑπὲρ</span> 
     </span>
    </p>
   </div>
   <div class='ocr_carea' id='block_1_24' title="bbox 2195 911 3853 995">
    <p class='ocr_par' dir='ltr' id='par_1_24' title="bbox 2195 911 3853 995">
     <span class='ocr_line' id='line_1_24' title="bbox 2195 911 3853 995; baseline -0.003 -21"><span class='ocrx_word' id='word_1_153' title='bbox 2195 918 2346 994; x_wconf 82' lang='grc' dir='ltr'>ἐμοῦ,</span> <span class='ocrx_word' id='word_1_154' title='bbox 2408 918 2540 995; x_wconf 83' lang='grc' dir='ltr'>πρὸς</span> <span class='ocrx_word' id='word_1_155' title='bbox 2609 916 2707 983; x_wconf 72' lang='grc' dir='ltr'>τὴν</span> <span class='ocrx_word' id='word_1_156' title='bbox 2780 915 3018 991; x_wconf 80' lang='grc' dir='ltr'>μάρτυρα</span> <span class='ocrx_word' id='word_1_157' title='bbox 3096 914 3232 989; x_wconf 73' lang='grc' dir='ltr'>μετὰ</span> <span class='ocrx_word' id='word_1_158' title='bbox 3301 913 3646 993; x_wconf 73' lang='grc' dir='ltr'><strong>περιχαρείας</strong></span> <span class='ocrx_word' id='word_1_159' title='bbox 3717 911 3853 991; x_wconf 72' lang='grc' dir='ltr'>ἔφη.</span> 
     </span>
    </p>
   </div>
   <div class='ocr_carea' id='block_1_25' title="bbox 2199 999 3860 1085">
    <p class='ocr_par' dir='ltr' id='par_1_25' title="bbox 2199 999 3860 1085">
     <span class='ocr_line' id='line_1_25' title="bbox 2199 999 3860 1085; baseline -0.004 -21"><span class='ocrx_word' id='word_1_160' title='bbox 2199 999 2260 1065; x_wconf 69' lang='grc' dir='ltr'><em>Ἠ</em></span> <span class='ocrx_word' id='word_1_161' title='bbox 2322 1005 2398 1081; x_wconf 75' lang='grc' dir='ltr'>δὲ,</span> <span class='ocrx_word' id='word_1_162' title='bbox 2453 1006 2705 1085; x_wconf 85' lang='grc' dir='ltr'>Πορεύου,</span> <span class='ocrx_word' id='word_1_163' title='bbox 2756 1006 2939 1083; x_wconf 80' lang='grc' dir='ltr'>φησὶν,</span> <span class='ocrx_word' id='word_1_164' title='bbox 3000 1005 3055 1060; x_wconf 84' lang='grc' dir='ltr'>ἐν</span> <span class='ocrx_word' id='word_1_165' title='bbox 3111 1005 3316 1081; x_wconf 78' lang='grc' dir='ltr'>εἷρήνῃ’</span> <span class='ocrx_word' id='word_1_166' title='bbox 3379 1000 3447 1058; x_wconf 84' lang='grc' dir='ltr'>δι’</span> <span class='ocrx_word' id='word_1_167' title='bbox 3504 1005 3689 1065; x_wconf 83' lang='grc' dir='ltr'>αίῶνος</span> <span class='ocrx_word' id='word_1_168' title='bbox 3747 1002 3860 1079; x_wconf 73' lang='grc' dir='ltr'>γὰρ</span> 
     </span>
    </p>
   </div>
   <div class='ocr_carea' id='block_1_26' title="bbox 2195 1091 3856 1172">
    <p class='ocr_par' dir='ltr' id='par_1_26' title="bbox 2195 1091 3856 1172">
     <span class='ocr_line' id='line_1_26' title="bbox 2195 1091 3856 1172; baseline -0.004 -20"><span class='ocrx_word' id='word_1_169' title='bbox 2195 1094 2636 1172; x_wconf 66' lang='grc' dir='ltr'>συμϐασιλεύσεις</span> <span class='ocrx_word' id='word_1_170' title='bbox 2712 1099 2945 1171; x_wconf 77' lang='grc' dir='ltr'><strong>Χριστῷ.</strong></span> <span class='ocrx_word' id='word_1_171' title='bbox 3001 1092 3213 1160; x_wconf 86' lang='grc' dir='ltr'>Ἐκείνη</span> <span class='ocrx_word' id='word_1_172' title='bbox 3281 1093 3380 1168; x_wconf 78' lang='grc' dir='ltr'>μὲν</span> <span class='ocrx_word' id='word_1_173' title='bbox 3450 1091 3512 1148; x_wconf 81' lang='grc' dir='ltr'><strong>οὗ</strong></span> <span class='ocrx_word' id='word_1_174' title='bbox 3576 1091 3714 1148; x_wconf 75' lang='grc' dir='ltr'>κατὰ</span> <span class='ocrx_word' id='word_1_175' title='bbox 3781 1093 3856 1148; x_wconf 84' lang='grc' dir='ltr'><strong>τὺ</strong></span> 
     </span>
    </p>
   </div>
   <div class='ocr_carea' id='block_1_27' title="bbox 2196 1181 3860 1262">
    <p class='ocr_par' dir='ltr' id='par_1_27' title="bbox 2196 1181 3860 1262">
     <span class='ocr_line' id='line_1_27' title="bbox 2196 1181 3860 1262; baseline -0.004 -19"><span class='ocrx_word' id='word_1_176' title='bbox 2196 1187 2290 1244; x_wconf 77' lang='grc' dir='ltr'><strong>τοῦ</strong></span> <span class='ocrx_word' id='word_1_177' title='bbox 2337 1183 2596 1262; x_wconf 78' lang='grc' dir='ltr'>βασιλέως</span> <span class='ocrx_word' id='word_1_178' title='bbox 2630 1184 2950 1262; x_wconf 83' lang='grc' dir='ltr'>πρόσταγμα</span> <span class='ocrx_word' id='word_1_179' title='bbox 3003 1184 3106 1249; x_wconf 79' lang='grc' dir='ltr'><strong>τὴν</strong></span> <span class='ocrx_word' id='word_1_180' title='bbox 3156 1181 3392 1261; x_wconf 72' lang='grc' dir='ltr'>κεφαλὴν</span> <span class='ocrx_word' id='word_1_181' title='bbox 3454 1181 3552 1248; x_wconf 80' lang='grc' dir='ltr'><strong>ἔξω</strong></span> <span class='ocrx_word' id='word_1_182' title='bbox 3605 1187 3703 1248; x_wconf 81' lang='grc' dir='ltr'>τῆς</span> <span class='ocrx_word' id='word_1_183' title='bbox 3739 1188 3860 1237; x_wconf 83' lang='grc' dir='ltr'><strong>πό-</strong></span> 
     </span>
    </p>
   </div>
   <div class='ocr_carea' id='block_1_28' title="bbox 2199 1269 3862 1352">
    <p class='ocr_par' dir='ltr' id='par_1_28' title="bbox 2199 1269 3862 1352">
     <span class='ocr_line' id='line_1_28' title="bbox 2199 1269 3862 1352; baseline -0.004 -20"><span class='ocrx_word' id='word_1_184' title='bbox 2199 1276 2336 1340; x_wconf 89' lang='grc' dir='ltr'>λεως</span> <span class='ocrx_word' id='word_1_185' title='bbox 2396 1275 2751 1351; x_wconf 81' lang='grc' dir='ltr'><strong>ἀποτέμνεται</strong></span> <span class='ocrx_word' id='word_1_186' title='bbox 2805 1274 2954 1352; x_wconf 73' lang='grc' dir='ltr'>τρίτῃ</span> <span class='ocrx_word' id='word_1_187' title='bbox 3009 1274 3097 1330; x_wconf 83' lang='grc' dir='ltr'><strong>καὶ</strong></span> <span class='ocrx_word' id='word_1_188' title='bbox 3169 1271 3333 1329; x_wconf 82' lang='grc' dir='ltr'>είκάδι</span> <span class='ocrx_word' id='word_1_189' title='bbox 3405 1279 3497 1330; x_wconf 81' lang='grc' dir='ltr'>τοῦ</span> <span class='ocrx_word' id='word_1_190' title='bbox 3557 1269 3862 1352; x_wconf 76' lang='grc' dir='ltr'>Νοεμϐρίου</span> 
     </span>
    </p>
   </div>
   <div class='ocr_carea' id='block_1_29' title="bbox 2200 1355 3860 1444">
    <p class='ocr_par' dir='ltr' id='par_1_29' title="bbox 2200 1355 3860 1444">
     <span class='ocr_line' id='line_1_29' title="bbox 2200 1355 3860 1444; baseline -0.004 -20"><span class='ocrx_word' id='word_1_191' title='bbox 2200 1367 2391 1443; x_wconf 85' lang='grc' dir='ltr'>μηνός.</span> <span class='ocrx_word' id='word_1_192' title='bbox 2463 1355 2516 1422; x_wconf 85' lang='grc' dir='ltr'><strong>Ὀ</strong></span> <span class='ocrx_word' id='word_1_193' title='bbox 2568 1363 2623 1420; x_wconf 79' lang='grc' dir='ltr'>δὲ</span> <span class='ocrx_word' id='word_1_194' title='bbox 2657 1363 2960 1444; x_wconf 78' lang='grc' dir='ltr'>Πορφυρίων</span> <span class='ocrx_word' id='word_1_195' title='bbox 3023 1364 3050 1419; x_wconf 77' lang='grc' dir='ltr'><strong>ὃ</strong></span> <span class='ocrx_word' id='word_1_196' title='bbox 3106 1360 3479 1440; x_wconf 71' lang='grc' dir='ltr'>στρατηλάτης</span> <span class='ocrx_word' id='word_1_197' title='bbox 3523 1361 3617 1418; x_wconf 81' lang='grc' dir='ltr'><strong>καί</strong></span> <span class='ocrx_word' id='word_1_198' title='bbox 3652 1363 3698 1418; x_wconf 77' lang='grc' dir='ltr'>οἱ</span> <span class='ocrx_word' id='word_1_199' title='bbox 3757 1363 3860 1418; x_wconf 84' lang='grc' dir='ltr'>σὺν</span> 
     </span>
    </p>
   </div>
   <div class='ocr_carea' id='block_1_30' title="bbox 2201 1450 3863 1532">
    <p class='ocr_par' dir='ltr' id='par_1_30' title="bbox 2201 1450 3863 1532">
     <span class='ocr_line' id='line_1_30' title="bbox 2201 1450 3863 1532; baseline -0.003 -21"><span class='ocrx_word' id='word_1_200' title='bbox 2201 1456 2343 1528; x_wconf 74' lang='grc' dir='ltr'>αύτῷ</span> <span class='ocrx_word' id='word_1_201' title='bbox 2413 1460 2508 1521; x_wconf 79' lang='grc' dir='ltr'>τῆς</span> <span class='ocrx_word' id='word_1_202' title='bbox 2585 1454 2846 1532; x_wconf 68' lang='grc' dir='ltr'>μαεαρίας</span> <span class='ocrx_word' id='word_1_203' title='bbox 2921 1453 3116 1520; x_wconf 82' lang='grc' dir='ltr'>ταύτης</span> <span class='ocrx_word' id='word_1_204' title='bbox 3179 1454 3395 1531; x_wconf 86' lang='grc' dir='ltr'>πορείας</span> <span class='ocrx_word' id='word_1_205' title='bbox 3447 1450 3863 1527; x_wconf 86' lang='grc' dir='ltr'>ἀπολιμπανον-</span> 
     </span>
    </p>
   </div>
   <div class='ocr_carea' id='block_1_31' title="bbox 2200 1540 3865 1622">
    <p class='ocr_par' dir='ltr' id='par_1_31' title="bbox 2200 1540 3865 1622">
     <span class='ocr_line' id='line_1_31' title="bbox 2200 1540 3865 1622; baseline -0.001 -21"><span class='ocrx_word' id='word_1_206' title='bbox 2200 1565 2310 1602; x_wconf 85' lang='grc' dir='ltr'>ται·</span> <span class='ocrx_word' id='word_1_207' title='bbox 2373 1542 2492 1600; x_wconf 84' lang='grc' dir='ltr'>ἀλλ’</span> <span class='ocrx_word' id='word_1_208' title='bbox 2545 1544 2726 1622; x_wconf 83' lang='grc' dir='ltr'>ὥσπερ</span> <span class='ocrx_word' id='word_1_209' title='bbox 2790 1542 2907 1599; x_wconf 69' lang='grc' dir='ltr'>ἐκεῖ</span> <span class='ocrx_word' id='word_1_210' title='bbox 2973 1550 3071 1620; x_wconf 78' lang='grc' dir='ltr'><strong>τῇς</strong></span> <span class='ocrx_word' id='word_1_211' title='bbox 3131 1542 3217 1599; x_wconf 74' lang='grc' dir='ltr'>ἐπὶ</span> <span class='ocrx_word' id='word_1_212' title='bbox 3283 1544 3385 1610; x_wconf 79' lang='grc' dir='ltr'>τὴν</span> <span class='ocrx_word' id='word_1_213' title='bbox 3439 1543 3672 1620; x_wconf 73' lang='grc' dir='ltr'>μάρτυρα</span> <span class='ocrx_word' id='word_1_214' title='bbox 3732 1540 3865 1599; x_wconf 82' lang='grc' dir='ltr'>ὁδοῦ</span> 
     </span>
    </p>
   </div>
   <div class='ocr_carea' id='block_1_32' title="bbox 2202 1631 3862 1714">
    <p class='ocr_par' dir='ltr' id='par_1_32' title="bbox 2202 1631 3862 1714">
     <span class='ocr_line' id='line_1_32' title="bbox 2202 1631 3862 1714; baseline -0.002 -22"><span class='ocrx_word' id='word_1_215' title='bbox 2202 1635 2578 1714; x_wconf 79' lang='grc' dir='ltr'>προηγήσαντο</span> <span class='ocrx_word' id='word_1_216' title='bbox 2659 1640 2726 1709; x_wconf 81' lang='grc' dir='ltr'><strong>τῇ</strong></span> <span class='ocrx_word' id='word_1_217' title='bbox 2812 1633 3112 1710; x_wconf 71' lang='grc' dir='ltr'>Αὕγούστῃ,</span> <span class='ocrx_word' id='word_1_218' title='bbox 3184 1631 3322 1688; x_wconf 68' lang='grc' dir='ltr'>οὕτω</span> <span class='ocrx_word' id='word_1_219' title='bbox 3389 1633 3650 1688; x_wconf 79' lang='grc' dir='ltr'>κάνταῦθα</span> <span class='ocrx_word' id='word_1_220' title='bbox 3721 1634 3862 1710; x_wconf 78' lang='grc' dir='ltr'>πρὸς</span> 
     </span>
    </p>
   </div>
   <div class='ocr_carea' id='block_1_33' title="bbox 2201 1723 3858 1803">
    <p class='ocr_par' dir='ltr' id='par_1_33' title="bbox 2201 1723 3858 1803">
     <span class='ocr_line' id='line_1_33' title="bbox 2201 1723 3858 1803; baseline -0.002 -22"><span class='ocrx_word' id='word_1_221' title='bbox 2201 1727 2291 1783; x_wconf 86' lang='grc' dir='ltr'>τὸν</span> <span class='ocrx_word' id='word_1_222' title='bbox 2349 1727 2528 1781; x_wconf 77' lang='grc' dir='ltr'>κοινὸν</span> <span class='ocrx_word' id='word_1_223' title='bbox 2575 1725 2806 1800; x_wconf 77' lang='grc' dir='ltr'><strong>ἀπιούσῃ</strong></span> <span class='ocrx_word' id='word_1_224' title='bbox 2867 1724 3145 1790; x_wconf 87' lang='grc' dir='ltr'>Δεσπότην</span> <span class='ocrx_word' id='word_1_225' title='bbox 3206 1723 3463 1803; x_wconf 72' lang='grc' dir='ltr'>φιλοθέως</span> <span class='ocrx_word' id='word_1_226' title='bbox 3506 1724 3858 1801; x_wconf 86' lang='grc' dir='ltr'>παρείποντο,</span> 
     </span>
    </p>
   </div>
   <div class='ocr_carea' id='block_1_34' title="bbox 465 1812 2117 1899">
    <p class='ocr_par' dir='ltr' id='par_1_34' title="bbox 465 1817 2116 1899">
     <span class='ocr_line' id='line_1_34' title="bbox 465 1817 2116 1899; baseline -0.001 -18"><span class='ocrx_word' id='word_1_227' title='bbox 465 1820 651 1899; x_wconf 79' lang='lat' dir='ltr'><strong>signis</strong></span> <span class='ocrx_word' id='word_1_228' title='bbox 681 1820 754 1882; x_wconf 84' lang='lat' dir='ltr'><strong>ad</strong></span> <span class='ocrx_word' id='word_1_229' title='bbox 787 1822 976 1883; x_wconf 89' lang='lat' dir='ltr'><strong>Deum</strong></span> <span class='ocrx_word' id='word_1_230' title='bbox 1009 1818 1300 1880; x_wconf 85' lang='lat' dir='ltr'><strong>adductus</strong></span> <span class='ocrx_word' id='word_1_231' title='bbox 1332 1823 1651 1880; x_wconf 81' lang='lat' dir='ltr'><strong>exercitus.</strong></span> <span class='ocrx_word' id='word_1_232' title='bbox 1681 1817 1805 1879; x_wconf 87' lang='lat' dir='ltr'><strong>Hoc</strong></span> <span class='ocrx_word' id='word_1_233' title='bbox 1837 1835 1956 1880; x_wconf 90' lang='lat' dir='ltr'><strong>non</strong></span> <span class='ocrx_word' id='word_1_234' title='bbox 1981 1836 2116 1879; x_wconf 88' lang='lat' dir='ltr'><strong>sus—</strong></span> 
     </span>
    </p>
   </div>
   <div class='ocr_carea' id='block_1_35' title="bbox 2203 1812 3864 1899">
    <p class='ocr_par' dir='ltr' id='par_1_35' title="bbox 2204 1812 3864 1894">
     <span class='ocr_line' id='line_1_35' title="bbox 2204 1812 3864 1894; baseline -0.001 -22"><span class='ocrx_word' id='word_1_235' title='bbox 2204 1815 2572 1894; x_wconf 74' lang='grc' dir='ltr'>Παραστιίντες</span> <span class='ocrx_word' id='word_1_236' title='bbox 2633 1815 2733 1892; x_wconf 82' lang='grc' dir='ltr'><strong>γὰρ</strong></span> <span class='ocrx_word' id='word_1_237' title='bbox 2790 1813 2977 1877; x_wconf 71' lang='grc' dir='ltr'>εὐθέως</span> <span class='ocrx_word' id='word_1_238' title='bbox 3038 1815 3123 1869; x_wconf 83' lang='grc' dir='ltr'><strong>καὶ</strong></span> <span class='ocrx_word' id='word_1_239' title='bbox 3181 1812 3328 1869; x_wconf 74' lang='grc' dir='ltr'>αὒτυὶ</span> <span class='ocrx_word' id='word_1_240' title='bbox 3399 1813 3560 1889; x_wconf 79' lang='grc' dir='ltr'>μέσον</span> <span class='ocrx_word' id='word_1_241' title='bbox 3619 1812 3702 1869; x_wconf 80' lang='grc' dir='ltr'>ἐπὶ</span> <span class='ocrx_word' id='word_1_242' title='bbox 3763 1822 3864 1871; x_wconf 75' lang='grc' dir='ltr'>τοῦ</span> 
     </span>
    </p>
   </div>
   <div class='ocr_carea' id='block_1_36' title="bbox 464 1907 2113 1987">
    <p class='ocr_par' dir='ltr' id='par_1_36' title="bbox 464 1907 2113 1987">
     <span class='ocr_line' id='line_1_36' title="bbox 464 1907 2113 1987; baseline -0.001 -17"><span class='ocrx_word' id='word_1_243' title='bbox 464 1910 641 1972; x_wconf 89' lang='lat' dir='ltr'><strong>tinuit</strong></span> <span class='ocrx_word' id='word_1_244' title='bbox 694 1909 936 1972; x_wconf 87' lang='lat' dir='ltr'><strong>audisse</strong></span> <span class='ocrx_word' id='word_1_245' title='bbox 983 1909 1314 1971; x_wconf 79' lang='lat' dir='ltr'><strong>Maxentius</strong></span> <span class='ocrx_word' id='word_1_246' title='bbox 1345 1908 1786 1987; x_wconf 73' lang='lat' dir='ltr'><strong>[Maximinus],</strong></span> <span class='ocrx_word' id='word_1_247' title='bbox 1822 1907 1925 1969; x_wconf 90' lang='lat' dir='ltr'><strong>sed</strong></span> <span class='ocrx_word' id='word_1_248' title='bbox 1981 1925 2113 1969; x_wconf 81' lang='lat' dir='ltr'><strong>cum</strong></span> 
     </span>
    </p>
   </div>
   <div class='ocr_carea' id='block_1_37' title="bbox 465 1996 2114 2080">
    <p class='ocr_par' dir='ltr' id='par_1_37' title="bbox 465 1996 2114 2080">
     <span class='ocr_line' id='line_1_37' title="bbox 465 1996 2114 2080; baseline -0.002 -19"><span class='ocrx_word' id='word_1_249' title='bbox 465 2017 536 2061; x_wconf 85' lang='lat' dir='ltr'><strong>ex</strong></span> <span class='ocrx_word' id='word_1_250' title='bbox 587 1997 880 2080; x_wconf 82' lang='lat' dir='ltr'><strong>profundo</strong></span> <span class='ocrx_word' id='word_1_251' title='bbox 939 2015 1043 2059; x_wconf 89' lang='lat' dir='ltr'><strong>cor</strong></span> <span class='ocrx_word' id='word_1_252' title='bbox 1090 1997 1419 2076; x_wconf 85' lang='lat' dir='ltr'><strong>ejulasset:</strong></span> <span class='ocrx_word' id='word_1_253' title='bbox 1481 1996 1660 2077; x_wconf 91' lang='lat' dir='ltr'><strong>Perii,</strong></span> <span class='ocrx_word' id='word_1_254' title='bbox 1711 1997 1925 2077; x_wconf 89' lang='lat' dir='ltr'><strong>inquit,</strong></span> <span class='ocrx_word' id='word_1_255' title='bbox 1980 2016 2114 2058; x_wconf 92' lang='lat' dir='ltr'><strong>cum</strong></span> 
     </span>
    </p>
   </div>
   <div class='ocr_carea' id='block_1_38' title="bbox 462 2085 2114 2170">
    <p class='ocr_par' dir='ltr' id='par_1_38' title="bbox 462 2085 2114 2170">
     <span class='ocr_line' id='line_1_38' title="bbox 462 2085 2114 2170; baseline -0.003 -20"><span class='ocrx_word' id='word_1_256' title='bbox 462 2087 835 2170; x_wconf 87' lang='lat' dir='ltr'><strong>perdiderim</strong></span> <span class='ocrx_word' id='word_1_257' title='bbox 895 2085 1310 2148; x_wconf 86' lang='lat' dir='ltr'><strong>admirabilem</strong></span> <span class='ocrx_word' id='word_1_258' title='bbox 1369 2085 1559 2148; x_wconf 88' lang='lat' dir='ltr'><strong>virum</strong></span> <span class='ocrx_word' id='word_1_259' title='bbox 1619 2085 2114 2168; x_wconf 88' lang='lat' dir='ltr'><strong>Porphyrionem,</strong></span> 
     </span>
    </p>
   </div>
   <div class='ocr_carea' id='block_1_39' title="bbox 466 2175 2118 2240">
    <p class='ocr_par' dir='ltr' id='par_1_39' title="bbox 466 2175 2118 2240">
     <span class='ocr_line' id='line_1_39' title="bbox 466 2175 2118 2240; baseline -0.002 -1"><span class='ocrx_word' id='word_1_260' title='bbox 466 2177 684 2240; x_wconf 90' lang='lat' dir='ltr'><strong>deinde</strong></span> <span class='ocrx_word' id='word_1_261' title='bbox 718 2177 895 2239; x_wconf 89' lang='lat' dir='ltr'><strong>etiam</strong></span> <span class='ocrx_word' id='word_1_262' title='bbox 929 2193 1253 2238; x_wconf 89' lang='lat' dir='ltr'><strong>conversus</strong></span> <span class='ocrx_word' id='word_1_263' title='bbox 1279 2175 1352 2237; x_wconf 93' lang='lat' dir='ltr'><strong>ad</strong></span> <span class='ocrx_word' id='word_1_264' title='bbox 1387 2194 1525 2237; x_wconf 88' lang='lat' dir='ltr'><strong>suos</strong></span> <span class='ocrx_word' id='word_1_265' title='bbox 1558 2175 1774 2238; x_wconf 90' lang='lat' dir='ltr'><strong>milites</strong></span> <span class='ocrx_word' id='word_1_266' title='bbox 1809 2197 1821 2238; x_wconf 89' lang='lat'><strong>:</strong></span> <span class='ocrx_word' id='word_1_267' title='bbox 1861 2175 1980 2238; x_wconf 86' lang='lat' dir='ltr'><strong>Vos</strong></span> <span class='ocrx_word' id='word_1_268' title='bbox 2017 2194 2118 2237; x_wconf 87' lang='lat' dir='ltr'><strong>au-</strong></span> 
     </span>
    </p>
   </div>
   <div class='ocr_carea' id='block_1_40' title="bbox 465 2263 2120 2348">
    <p class='ocr_par' dir='ltr' id='par_1_40' title="bbox 465 2263 2120 2348">
     <span class='ocr_line' id='line_1_40' title="bbox 465 2263 2120 2348; baseline -0.002 -20"><span class='ocrx_word' id='word_1_269' title='bbox 465 2275 614 2348; x_wconf 90' lang='lat' dir='ltr'><strong>tem,</strong></span> <span class='ocrx_word' id='word_1_270' title='bbox 646 2267 860 2348; x_wconf 89' lang='lat' dir='ltr'><strong>inquit,</strong></span> <span class='ocrx_word' id='word_1_271' title='bbox 891 2284 1148 2347; x_wconf 90' lang='lat' dir='ltr'><strong>quanam</strong></span> <span class='ocrx_word' id='word_1_272' title='bbox 1201 2265 1278 2326; x_wconf 90' lang='lat' dir='ltr'><strong>de</strong></span> <span class='ocrx_word' id='word_1_273' title='bbox 1307 2283 1484 2327; x_wconf 90' lang='lat' dir='ltr'><strong>causa</strong></span> <span class='ocrx_word' id='word_1_274' title='bbox 1535 2263 1680 2327; x_wconf 90' lang='lat' dir='ltr'><strong>deos</strong></span> <span class='ocrx_word' id='word_1_275' title='bbox 1740 2264 1962 2346; x_wconf 90' lang='lat' dir='ltr'><strong>patrios</strong></span> <span class='ocrx_word' id='word_1_276' title='bbox 2015 2265 2120 2325; x_wconf 85' lang='lat' dir='ltr'><strong>ha-</strong></span> 
     </span>
    </p>
   </div>
   <div class='ocr_carea' id='block_1_41' title="bbox 467 2354 2123 2435">
    <p class='ocr_par' dir='ltr' id='par_1_41' title="bbox 467 2354 2123 2435">
     <span class='ocr_line' id='line_1_41' title="bbox 467 2354 2123 2435; baseline -0.002 -17"><span class='ocrx_word' id='word_1_277' title='bbox 467 2355 681 2418; x_wconf 89' lang='lat' dir='ltr'><strong>buistis</strong></span> <span class='ocrx_word' id='word_1_278' title='bbox 709 2354 1126 2435; x_wconf 73' lang='lat' dir='ltr'><strong>contemptui?</strong></span> <span class='ocrx_word' id='word_1_279' title='bbox 1175 2356 1323 2421; x_wconf 91' lang='lat' dir='ltr'><strong>Cum</strong></span> <span class='ocrx_word' id='word_1_280' title='bbox 1356 2354 1440 2414; x_wconf 91' lang='lat' dir='ltr'><strong>illi</strong></span> <span class='ocrx_word' id='word_1_281' title='bbox 1484 2372 1623 2416; x_wconf 90' lang='lat' dir='ltr'><strong>vero</strong></span> <span class='ocrx_word' id='word_1_282' title='bbox 1678 2354 1826 2416; x_wconf 90' lang='lat' dir='ltr'><strong>nihil</strong></span> <span class='ocrx_word' id='word_1_283' title='bbox 1880 2371 2123 2435; x_wconf 88' lang='lat' dir='ltr'><strong>respon-</strong></span> 
     </span>
    </p>
   </div>
   <div class='ocr_carea' id='block_1_42' title="bbox 471 2441 2120 2525">
    <p class='ocr_par' dir='ltr' id='par_1_42' title="bbox 471 2441 2120 2525">
     <span class='ocr_line' id='line_1_42' title="bbox 471 2441 2120 2525; baseline -0.002 -19"><span class='ocrx_word' id='word_1_284' title='bbox 471 2445 724 2521; x_wconf 87' lang='lat' dir='ltr'><strong>dissent,</strong></span> <span class='ocrx_word' id='word_1_285' title='bbox 759 2444 1125 2525; x_wconf 86' lang='lat' dir='ltr'><strong>Porphyrio:</strong></span> <span class='ocrx_word' id='word_1_286' title='bbox 1161 2443 1279 2506; x_wconf 89' lang='lat' dir='ltr'><strong>Cur</strong></span> <span class='ocrx_word' id='word_1_287' title='bbox 1300 2441 1568 2523; x_wconf 89' lang='lat' dir='ltr'><strong>dimisso,</strong></span> <span class='ocrx_word' id='word_1_288' title='bbox 1601 2443 1814 2524; x_wconf 87' lang='lat' dir='ltr'><strong>inquit,</strong></span> <span class='ocrx_word' id='word_1_289' title='bbox 1840 2443 2053 2524; x_wconf 89' lang='lat' dir='ltr'><strong>capite,</strong></span> <span class='ocrx_word' id='word_1_290' title='bbox 2087 2460 2120 2502; x_wconf 94' lang='grc' dir='ltr'><strong>ο</strong></span> 
     </span>
    </p>
   </div>
   <div class='ocr_carea' id='block_1_43' title="bbox 472 2532 2120 2615">
    <p class='ocr_par' dir='ltr' id='par_1_43' title="bbox 472 2532 2120 2615">
     <span class='ocr_line' id='line_1_43' title="bbox 472 2532 2120 2615; baseline -0.002 -20"><span class='ocrx_word' id='word_1_291' title='bbox 472 2536 818 2615; x_wconf 89' lang='lat' dir='ltr'><strong>imperator,</strong></span> <span class='ocrx_word' id='word_1_292' title='bbox 856 2534 1039 2613; x_wconf 88' lang='lat' dir='ltr'><strong>pedes</strong></span> <span class='ocrx_word' id='word_1_293' title='bbox 1087 2533 1417 2612; x_wconf 75' lang='lat' dir='ltr'><strong>interrogas</strong></span> <span class='ocrx_word' id='word_1_294' title='bbox 1441 2539 1468 2595; x_wconf 86' lang='lat'><strong><em>?</em></strong></span> <span class='ocrx_word' id='word_1_295' title='bbox 1500 2534 1604 2596; x_wconf 91' lang='lat' dir='ltr'><strong>Est</strong></span> <span class='ocrx_word' id='word_1_296' title='bbox 1636 2533 1740 2594; x_wconf 89' lang='lat' dir='ltr'><strong>tibi</strong></span> <span class='ocrx_word' id='word_1_297' title='bbox 1773 2551 2004 2595; x_wconf 89' lang='lat' dir='ltr'><strong>mecum</strong></span> <span class='ocrx_word' id='word_1_298' title='bbox 2039 2532 2120 2593; x_wconf 91' lang='lat' dir='ltr'><strong>lo-</strong></span> 
     </span>
    </p>
   </div>
   <div class='ocr_carea' id='block_1_44' title="bbox 475 2621 2126 2705">
    <p class='ocr_par' dir='ltr' id='par_1_44' title="bbox 475 2621 2126 2705">
     <span class='ocr_line' id='line_1_44' title="bbox 475 2621 2126 2705; baseline -0.002 -19"><span class='ocrx_word' id='word_1_299' title='bbox 475 2623 804 2705; x_wconf 90' lang='lat' dir='ltr'><strong>quendum.</strong></span> <span class='ocrx_word' id='word_1_300' title='bbox 835 2623 944 2686; x_wconf 91' lang='lat' dir='ltr'><strong>Ille</strong></span> <span class='ocrx_word' id='word_1_301' title='bbox 967 2629 1203 2686; x_wconf 86' lang='lat' dir='ltr'><strong>autem:</strong></span> <span class='ocrx_word' id='word_1_302' title='bbox 1241 2621 1481 2696; x_wconf 87' lang='lat' dir='ltr'><strong>Malum,</strong></span> <span class='ocrx_word' id='word_1_303' title='bbox 1502 2621 1716 2702; x_wconf 89' lang='lat' dir='ltr'><strong>inquit,</strong></span> <span class='ocrx_word' id='word_1_304' title='bbox 1746 2631 1942 2704; x_wconf 88' lang='lat' dir='ltr'><strong>caput,</strong></span> <span class='ocrx_word' id='word_1_305' title='bbox 1972 2631 2030 2683; x_wconf 94' lang='lat' dir='ltr'><strong>tu</strong></span> <span class='ocrx_word' id='word_1_306' title='bbox 2063 2640 2126 2684; x_wconf 76' lang='lat' dir='ltr'><strong>es</strong></span> 
     </span>
    </p>
   </div>
   <div class='ocr_carea' id='block_1_45' title="bbox 473 2712 2124 2794">
    <p class='ocr_par' dir='ltr' id='par_1_45' title="bbox 473 2712 2124 2794">
     <span class='ocr_line' id='line_1_45' title="bbox 473 2712 2124 2794; baseline -0.001 -20"><span class='ocrx_word' id='word_1_307' title='bbox 473 2733 681 2776; x_wconf 86' lang='lat' dir='ltr'><strong>eorum</strong></span> <span class='ocrx_word' id='word_1_308' title='bbox 738 2717 953 2794; x_wconf 87' lang='lat' dir='ltr'><strong>caput?</strong></span> <span class='ocrx_word' id='word_1_309' title='bbox 1003 2721 1063 2775; x_wconf 89' lang='lat' dir='ltr'><strong>et</strong></span> <span class='ocrx_word' id='word_1_310' title='bbox 1091 2730 1227 2774; x_wconf 90' lang='lat' dir='ltr'><strong>cum</strong></span> <span class='ocrx_word' id='word_1_311' title='bbox 1259 2731 1394 2774; x_wconf 89' lang='lat' dir='ltr'><strong>eum</strong></span> <span class='ocrx_word' id='word_1_312' title='bbox 1427 2712 1596 2793; x_wconf 90' lang='lat' dir='ltr'><strong>plura</strong></span> <span class='ocrx_word' id='word_1_313' title='bbox 1626 2712 1790 2792; x_wconf 89' lang='lat' dir='ltr'><strong>loqui</strong></span> <span class='ocrx_word' id='word_1_314' title='bbox 1835 2731 1950 2774; x_wconf 92' lang='lat' dir='ltr'><strong>non</strong></span> <span class='ocrx_word' id='word_1_315' title='bbox 1987 2730 2124 2792; x_wconf 87' lang='lat' dir='ltr'><strong>per-</strong></span> 
     </span>
    </p>
   </div>
   <div class='ocr_carea' id='block_1_46' title="bbox 476 2801 2126 2880">
    <p class='ocr_par' dir='ltr' id='par_1_46' title="bbox 476 2801 2126 2880">
     <span class='ocr_line' id='line_1_46' title="bbox 476 2801 2126 2880; baseline -0.001 -15"><span class='ocrx_word' id='word_1_316' title='bbox 476 2803 737 2865; x_wconf 87' lang='lat' dir='ltr'><strong>misisset</strong></span> <span class='ocrx_word' id='word_1_317' title='bbox 767 2803 957 2877; x_wconf 78' lang='lat' dir='ltr'><strong>furor,</strong></span> <span class='ocrx_word' id='word_1_318' title='bbox 983 2821 1085 2864; x_wconf 90' lang='lat' dir='ltr'><strong>eos</strong></span> <span class='ocrx_word' id='word_1_319' title='bbox 1116 2819 1361 2880; x_wconf 86' lang='lat' dir='ltr'><strong>quoque</strong></span> <span class='ocrx_word' id='word_1_320' title='bbox 1383 2801 1579 2865; x_wconf 86' lang='lat' dir='ltr'><strong>statim</strong></span> <span class='ocrx_word' id='word_1_321' title='bbox 1614 2809 1806 2865; x_wconf 90' lang='lat' dir='ltr'><strong>morte</strong></span> <span class='ocrx_word' id='word_1_322' title='bbox 1835 2803 2126 2865; x_wconf 87' lang='lat' dir='ltr'><strong>condem-</strong></span> 
     </span>
    </p>
   </div>
   <div class='ocr_carea' id='block_1_47' title="bbox 477 2891 2126 2974">
    <p class='ocr_par' dir='ltr' id='par_1_47' title="bbox 477 2891 2126 2974">
     <span class='ocr_line' id='line_1_47' title="bbox 477 2891 2126 2974; baseline 0.001 -21"><span class='ocrx_word' id='word_1_323' title='bbox 477 2902 664 2956; x_wconf 84' lang='lat' dir='ltr'><strong>natet</strong></span> <span class='ocrx_word' id='word_1_324' title='bbox 696 2892 802 2973; x_wconf 86' lang='lat' dir='ltr'><strong>ipsi</strong></span> <span class='ocrx_word' id='word_1_325' title='bbox 831 2909 1066 2972; x_wconf 89' lang='lat' dir='ltr'><strong>quoque</strong></span> <span class='ocrx_word' id='word_1_326' title='bbox 1097 2899 1590 2954; x_wconf 89' lang='lat' dir='ltr'><strong>consummantur</strong></span> <span class='ocrx_word' id='word_1_327' title='bbox 1613 2891 1892 2953; x_wconf 87' lang='lat' dir='ltr'><strong>vicesimo</strong></span> <span class='ocrx_word' id='word_1_328' title='bbox 1917 2902 2126 2974; x_wconf 90' lang='lat' dir='ltr'><strong>quarto</strong></span> 
     </span>
    </p>
   </div>
   <div class='ocr_carea' id='block_1_48' title="bbox 470 2981 2121 3064">
    <p class='ocr_par' dir='ltr' id='par_1_48' title="bbox 470 2981 2121 3064">
     <span class='ocr_line' id='line_1_48' title="bbox 470 2981 2121 3064; baseline -0.001 -18"><span class='ocrx_word' id='word_1_329' title='bbox 470 2981 849 3061; x_wconf 88' lang='lat' dir='ltr'><strong>Novembris,</strong></span> <span class='ocrx_word' id='word_1_330' title='bbox 885 2982 1286 3062; x_wconf 84' lang='lat' dir='ltr'><strong>etlectumque</strong></span> <span class='ocrx_word' id='word_1_331' title='bbox 1331 2990 1603 3044; x_wconf 89' lang='lat' dir='ltr'><strong>assecuta</strong></span> <span class='ocrx_word' id='word_1_332' title='bbox 1655 2990 1746 3043; x_wconf 89' lang='lat' dir='ltr'><strong>est</strong></span> <span class='ocrx_word' id='word_1_333' title='bbox 1795 2983 2121 3064; x_wconf 63' lang='lat' dir='ltr'><strong>praidictio,</strong></span> 
     </span>
    </p>
   </div>
   <div class='ocr_carea' id='block_1_49' title="bbox 2201 1902 3859 1983">
    <p class='ocr_par' dir='ltr' id='par_1_49' title="bbox 2201 1902 3859 1983">
     <span class='ocr_line' id='line_1_49' title="bbox 2201 1902 3859 1983; baseline -0.001 -23"><span class='ocrx_word' id='word_1_334' title='bbox 2201 1907 2473 1982; x_wconf 78' lang='grc' dir='ltr'>βήματος,</span> <span class='ocrx_word' id='word_1_335' title='bbox 2537 1905 2698 1980; x_wconf 80' lang='grc' dir='ltr'><strong>Κάγὼ</strong></span> <span class='ocrx_word' id='word_1_336' title='bbox 2752 1905 3061 1982; x_wconf 80' lang='grc' dir='ltr'>Χριστιανός</span> <span class='ocrx_word' id='word_1_337' title='bbox 3114 1903 3246 1982; x_wconf 81' lang='grc' dir='ltr'>εἰμι,</span> <span class='ocrx_word' id='word_1_338' title='bbox 3278 1902 3378 1982; x_wconf 72' lang='grc' dir='ltr'><strong>ἔφη</strong></span> <span class='ocrx_word' id='word_1_339' title='bbox 3435 1905 3462 1959; x_wconf 82' lang='grc' dir='ltr'>ὁ</span> <span class='ocrx_word' id='word_1_340' title='bbox 3523 1904 3859 1983; x_wconf 68' lang='grc' dir='ltr'>Πορφυρίων,</span> 
     </span>
    </p>
   </div>
   <div class='ocr_carea' id='block_1_50' title="bbox 2199 1993 3861 2072">
    <p class='ocr_par' dir='ltr' id='par_1_50' title="bbox 2199 1993 3861 2072">
     <span class='ocr_line' id='line_1_50' title="bbox 2199 1993 3861 2072; baseline 0.001 -22"><span class='ocrx_word' id='word_1_341' title='bbox 2199 1994 2334 2053; x_wconf 76' lang='grc' dir='ltr'>ἀλλὰ</span> <span class='ocrx_word' id='word_1_342' title='bbox 2389 1996 2481 2050; x_wconf 88' lang='grc' dir='ltr'><strong>καί</strong></span> <span class='ocrx_word' id='word_1_343' title='bbox 2517 1997 2563 2050; x_wconf 80' lang='grc' dir='ltr'>οἱ</span> <span class='ocrx_word' id='word_1_344' title='bbox 2619 1995 2711 2049; x_wconf 85' lang='grc' dir='ltr'><strong>σὺν</strong></span> <span class='ocrx_word' id='word_1_345' title='bbox 2770 1993 2891 2070; x_wconf 82' lang='grc' dir='ltr'>ἐμοὶ</span> <span class='ocrx_word' id='word_1_346' title='bbox 2939 1993 3106 2072; x_wconf 74' lang='grc' dir='ltr'>οὗτοι,</span> <span class='ocrx_word' id='word_1_347' title='bbox 3146 1995 3365 2071; x_wconf 82' lang='grc' dir='ltr'>στρατὸς</span> <span class='ocrx_word' id='word_1_348' title='bbox 3426 1994 3717 2068; x_wconf 68' lang='grc' dir='ltr'>επίσημος·</span> <span class='ocrx_word' id='word_1_349' title='bbox 3778 2000 3861 2067; x_wconf 81' lang='grc' dir='ltr'>τῷ</span> 
     </span>
    </p>
   </div>
   <div class='ocr_carea' id='block_1_51' title="bbox 2202 2082 3859 2161">
    <p class='ocr_par' dir='ltr' id='par_1_51' title="bbox 2202 2082 3859 2161">
     <span class='ocr_line' id='line_1_51' title="bbox 2202 2082 3859 2161; baseline -0.002 -20"><span class='ocrx_word' id='word_1_350' title='bbox 2202 2086 2316 2160; x_wconf 87' lang='grc' dir='ltr'><strong>Θεῷ</strong></span> <span class='ocrx_word' id='word_1_351' title='bbox 2368 2083 2791 2161; x_wconf 86' lang='grc' dir='ltr'>προσογόμενος.</span> <span class='ocrx_word' id='word_1_352' title='bbox 2859 2084 3065 2150; x_wconf 86' lang='grc' dir='ltr'>Ταύτην</span> <span class='ocrx_word' id='word_1_353' title='bbox 3125 2085 3220 2140; x_wconf 73' lang='grc' dir='ltr'><strong>οὒκ</strong></span> <span class='ocrx_word' id='word_1_354' title='bbox 3279 2082 3470 2161; x_wconf 70' lang='grc' dir='ltr'>ἤνεγκε</span> <span class='ocrx_word' id='word_1_355' title='bbox 3530 2083 3627 2150; x_wconf 82' lang='grc' dir='ltr'><strong>τὴν</strong></span> <span class='ocrx_word' id='word_1_356' title='bbox 3682 2083 3859 2150; x_wconf 77' lang='grc' dir='ltr'>ἀκοὴν</span> 
     </span>
    </p>
   </div>
   <div class='ocr_carea' id='block_1_52' title="bbox 2203 2173 3852 2252">
    <p class='ocr_par' dir='ltr' id='par_1_52' title="bbox 2203 2173 3852 2252">
     <span class='ocr_line' id='line_1_52' title="bbox 2203 2173 3852 2252; baseline -0.002 -19"><span class='ocrx_word' id='word_1_357' title='bbox 2203 2177 2230 2233; x_wconf 79' lang='grc' dir='ltr'><em>ὃ</em></span> <span class='ocrx_word' id='word_1_358' title='bbox 2292 2177 2602 2248; x_wconf 77' lang='grc' dir='ltr'>Μαξέντιος,</span> <span class='ocrx_word' id='word_1_359' title='bbox 2635 2174 2772 2232; x_wconf 82' lang='grc' dir='ltr'>ἀλλὰ</span> <span class='ocrx_word' id='word_1_360' title='bbox 2833 2177 2962 2252; x_wconf 75' lang='grc' dir='ltr'>βαθύ</span> <span class='ocrx_word' id='word_1_361' title='bbox 3013 2197 3061 2230; x_wconf 90' lang='grc' dir='ltr'><strong>τι</strong></span> <span class='ocrx_word' id='word_1_362' title='bbox 3125 2176 3212 2230; x_wconf 84' lang='grc' dir='ltr'><strong>καὶ</strong></span> <span class='ocrx_word' id='word_1_363' title='bbox 3256 2175 3363 2231; x_wconf 80' lang='grc' dir='ltr'><strong>ἀπὸ</strong></span> <span class='ocrx_word' id='word_1_364' title='bbox 3419 2173 3628 2252; x_wconf 79' lang='grc' dir='ltr'>καρδίας</span> <span class='ocrx_word' id='word_1_365' title='bbox 3681 2176 3852 2239; x_wconf 73' lang='grc' dir='ltr'>αὐτῆς</span> 
     </span>
    </p>
   </div>
   <div class='ocr_carea' id='block_1_53' title="bbox 2203 2261 3849 2344">
    <p class='ocr_par' dir='ltr' id='par_1_53' title="bbox 2203 2261 3849 2344">
     <span class='ocr_line' id='line_1_53' title="bbox 2203 2261 3849 2344; baseline -0.004 -20"><span class='ocrx_word' id='word_1_366' title='bbox 2203 2266 2521 2342; x_wconf 77' lang='grc' dir='ltr'>ἀνοιμώξας,</span> <span class='ocrx_word' id='word_1_367' title='bbox 2584 2265 2894 2344; x_wconf 65' lang='grc' dir='ltr'>Ἀπόλωλα,</span> <span class='ocrx_word' id='word_1_368' title='bbox 2957 2264 3083 2343; x_wconf 70' lang='grc' dir='ltr'>ἔφη,</span> <span class='ocrx_word' id='word_1_369' title='bbox 3156 2266 3245 2321; x_wconf 84' lang='grc' dir='ltr'>τὸν</span> <span class='ocrx_word' id='word_1_370' title='bbox 3324 2265 3621 2340; x_wconf 81' lang='grc' dir='ltr'>Θαυμαστὸν</span> <span class='ocrx_word' id='word_1_371' title='bbox 3687 2261 3849 2340; x_wconf 74' lang='grc' dir='ltr'>ἄνδρα</span> 
     </span>
    </p>
   </div>
   <div class='ocr_carea' id='block_1_54' title="bbox 2203 2353 3852 2434">
    <p class='ocr_par' dir='ltr' id='par_1_54' title="bbox 2203 2353 3852 2434">
     <span class='ocr_line' id='line_1_54' title="bbox 2203 2353 3852 2434; baseline -0.004 -22"><span class='ocrx_word' id='word_1_372' title='bbox 2203 2357 2486 2431; x_wconf 60' lang='grc' dir='ltr'>ζημιωθεὶς</span> <span class='ocrx_word' id='word_1_373' title='bbox 2545 2360 2907 2434; x_wconf 72' lang='grc' dir='ltr'>Πορφυρίωνα.</span> <span class='ocrx_word' id='word_1_374' title='bbox 2982 2353 3142 2412; x_wconf 78' lang='grc' dir='ltr'>Ἐἶτα</span> <span class='ocrx_word' id='word_1_375' title='bbox 3204 2357 3300 2434; x_wconf 86' lang='grc' dir='ltr'><strong>καὶ</strong></span> <span class='ocrx_word' id='word_1_376' title='bbox 3376 2356 3504 2432; x_wconf 79' lang='grc' dir='ltr'>πρὸς</span> <span class='ocrx_word' id='word_1_377' title='bbox 3571 2354 3688 2416; x_wconf 77' lang='grc' dir='ltr'>τοὺς</span> <span class='ocrx_word' id='word_1_378' title='bbox 3757 2354 3852 2407; x_wconf 76' lang='grc' dir='ltr'>σὺν</span> 
     </span>
    </p>
   </div>
   <div class='ocr_carea' id='block_1_55' title="bbox 2205 2433 3858 2523">
    <p class='ocr_par' dir='ltr' id='par_1_55' title="bbox 2205 2433 3858 2523">
     <span class='ocr_line' id='line_1_55' title="bbox 2205 2433 3858 2523; baseline -0.002 -22"><span class='ocrx_word' id='word_1_379' title='bbox 2205 2448 2348 2518; x_wconf 78' lang='grc' dir='ltr'><strong>αύτῷ</strong></span> <span class='ocrx_word' id='word_1_380' title='bbox 2402 2433 2732 2523; x_wconf 85' lang='grc' dir='ltr'>στρατιώτας</span> <span class='ocrx_word' id='word_1_381' title='bbox 2783 2444 3142 2522; x_wconf 76' lang='grc' dir='ltr'>ἐπιστραφεὶς,</span> <span class='ocrx_word' id='word_1_382' title='bbox 3199 2433 3384 2518; x_wconf 76' lang='grc' dir='ltr'>Τμετς</span> <span class='ocrx_word' id='word_1_383' title='bbox 3435 2442 3490 2498; x_wconf 81' lang='grc' dir='ltr'>δὲ</span> <span class='ocrx_word' id='word_1_384' title='bbox 3547 2444 3596 2499; x_wconf 87' lang='grc' dir='ltr'><strong>τί</strong></span> <span class='ocrx_word' id='word_1_385' title='bbox 3651 2444 3858 2498; x_wconf 72' lang='grc' dir='ltr'>παθόν-</span> 
     </span>
    </p>
   </div>
   <div class='ocr_carea' id='block_1_56' title="bbox 2204 2530 3862 2611">
    <p class='ocr_par' dir='ltr' id='par_1_56' title="bbox 2204 2530 3862 2611">
     <span class='ocr_line' id='line_1_56' title="bbox 2204 2530 3862 2611; baseline -0.002 -20"><span class='ocrx_word' id='word_1_386' title='bbox 2204 2556 2292 2599; x_wconf 88' lang='grc' dir='ltr'><strong>τες</strong></span> <span class='ocrx_word' id='word_1_387' title='bbox 2345 2535 2640 2604; x_wconf 77' lang='grc' dir='ltr'>ἡθετήκατε</span> <span class='ocrx_word' id='word_1_388' title='bbox 2694 2534 2815 2596; x_wconf 84' lang='grc' dir='ltr'>τοὺς</span> <span class='ocrx_word' id='word_1_389' title='bbox 2868 2534 3142 2611; x_wconf 83' lang='grc' dir='ltr'>πατρῴους</span> <span class='ocrx_word' id='word_1_390' title='bbox 3199 2533 3393 2605; x_wconf 72' lang='grc' dir='ltr'>θεούςς</span> <span class='ocrx_word' id='word_1_391' title='bbox 3452 2533 3602 2595; x_wconf 82' lang='grc' dir='ltr'>εἶπε,</span> <span class='ocrx_word' id='word_1_392' title='bbox 3639 2537 3756 2590; x_wconf 60' lang='grc' dir='ltr'>Τῶν</span> <span class='ocrx_word' id='word_1_393' title='bbox 3805 2530 3862 2588; x_wconf 75' lang='grc' dir='ltr'>δὲ</span> 
     </span>
    </p>
   </div>
   <div class='ocr_carea' id='block_1_57' title="bbox 2209 2623 3866 2704">
    <p class='ocr_par' dir='ltr' id='par_1_57' title="bbox 2209 2623 3866 2704">
     <span class='ocr_line' id='line_1_57' title="bbox 2209 2623 3866 2704; baseline -0.002 -23"><span class='ocrx_word' id='word_1_394' title='bbox 2209 2623 2378 2700; x_wconf 81' lang='grc' dir='ltr'>μηδὲν</span> <span class='ocrx_word' id='word_1_395' title='bbox 2435 2623 2895 2702; x_wconf 71' lang='grc' dir='ltr'>ἀποκριναμένων,</span> <span class='ocrx_word' id='word_1_396' title='bbox 2943 2625 2970 2678; x_wconf 72' lang='grc' dir='ltr'><strong>δ</strong></span> <span class='ocrx_word' id='word_1_397' title='bbox 3029 2623 3354 2704; x_wconf 57' lang='grc' dir='ltr'>Πορφυρίων</span> <span class='ocrx_word' id='word_1_398' title='bbox 3419 2623 3478 2679; x_wconf 90' lang='grc' dir='ltr'><strong>Τί</strong></span> <span class='ocrx_word' id='word_1_399' title='bbox 3531 2623 3629 2689; x_wconf 75' lang='grc' dir='ltr'><strong>τὴν</strong></span> <span class='ocrx_word' id='word_1_400' title='bbox 3688 2643 3866 2701; x_wconf 75' lang='grc' dir='ltr'>κειρα-</span> 
     </span>
    </p>
   </div>
   <div class='ocr_carea' id='block_1_58' title="bbox 2209 2710 3865 2794">
    <p class='ocr_par' dir='ltr' id='par_1_58' title="bbox 2209 2710 3865 2794">
     <span class='ocr_line' id='line_1_58' title="bbox 2209 2710 3865 2794; baseline -0.001 -24"><span class='ocrx_word' id='word_1_401' title='bbox 2209 2713 2308 2782; x_wconf 77' lang='grc' dir='ltr'><strong>λὴν</strong></span> <span class='ocrx_word' id='word_1_402' title='bbox 2363 2713 2537 2794; x_wconf 77' lang='grc' dir='ltr'>ἀφεὶς,</span> <span class='ocrx_word' id='word_1_403' title='bbox 2590 2713 2635 2770; x_wconf 81' lang='grc' dir='ltr'>ὦ</span> <span class='ocrx_word' id='word_1_404' title='bbox 2693 2712 2932 2790; x_wconf 83' lang='grc' dir='ltr'>βασιλεῦ,</span> <span class='ocrx_word' id='word_1_405' title='bbox 2966 2713 3088 2776; x_wconf 82' lang='grc' dir='ltr'>τοὺς</span> <span class='ocrx_word' id='word_1_406' title='bbox 3149 2710 3309 2778; x_wconf 80' lang='grc' dir='ltr'>πόδας</span> <span class='ocrx_word' id='word_1_407' title='bbox 3364 2712 3636 2790; x_wconf 79' lang='grc' dir='ltr'>ἐπερωτᾷς</span> <span class='ocrx_word' id='word_1_408' title='bbox 3670 2734 3686 2785; x_wconf 90' lang='grc'><strong>;</strong></span> <span class='ocrx_word' id='word_1_409' title='bbox 3723 2713 3865 2792; x_wconf 66' lang='grc' dir='ltr'>Πρὸς</span> 
     </span>
    </p>
   </div>
   <div class='ocr_carea' id='block_1_59' title="bbox 2210 2800 3864 2883">
    <p class='ocr_par' dir='ltr' id='par_1_59' title="bbox 2210 2800 3864 2883">
     <span class='ocr_line' id='line_1_59' title="bbox 2210 2800 3864 2883; baseline 0 -25"><span class='ocrx_word' id='word_1_410' title='bbox 2210 2803 2305 2878; x_wconf 71' lang='grc' dir='ltr'><strong>ἐμὲ</strong></span> <span class='ocrx_word' id='word_1_411' title='bbox 2358 2825 2439 2860; x_wconf 91' lang='grc' dir='ltr'><strong>σοι</strong></span> <span class='ocrx_word' id='word_1_412' title='bbox 2493 2806 2520 2859; x_wconf 66' lang='grc' dir='ltr'><strong>ὃ</strong></span> <span class='ocrx_word' id='word_1_413' title='bbox 2580 2801 2759 2880; x_wconf 84' lang='grc' dir='ltr'>λόγος.</span> <span class='ocrx_word' id='word_1_414' title='bbox 2818 2804 2879 2859; x_wconf 82' lang='grc' dir='ltr'><strong>Ὀ</strong></span> <span class='ocrx_word' id='word_1_415' title='bbox 2938 2801 3018 2877; x_wconf 79' lang='grc' dir='ltr'>δὲ,</span> <span class='ocrx_word' id='word_1_416' title='bbox 3072 2802 3249 2882; x_wconf 78' lang='grc' dir='ltr'>Κακὴ,</span> <span class='ocrx_word' id='word_1_417' title='bbox 3308 2803 3460 2882; x_wconf 75' lang='grc' dir='ltr'>φησὶ,</span> <span class='ocrx_word' id='word_1_418' title='bbox 3502 2800 3738 2883; x_wconf 69' lang='grc' dir='ltr'>κεφαλὴ,</span> <span class='ocrx_word' id='word_1_419' title='bbox 3803 2805 3864 2858; x_wconf 83' lang='grc' dir='ltr'>σὺ</span> 
     </span>
    </p>
   </div>
   <div class='ocr_carea' id='block_1_60' title="bbox 2211 2889 3866 2971">
    <p class='ocr_par' dir='ltr' id='par_1_60' title="bbox 2211 2889 3866 2971">
     <span class='ocr_line' id='line_1_60' title="bbox 2211 2889 3866 2971; baseline -0.001 -21"><span class='ocrx_word' id='word_1_420' title='bbox 2211 2893 2384 2951; x_wconf 68' lang='grc' dir='ltr'>αὐτῶν</span> <span class='ocrx_word' id='word_1_421' title='bbox 2436 2893 2491 2948; x_wconf 75' lang='grc' dir='ltr'>εἴ</span> <span class='ocrx_word' id='word_1_422' title='bbox 2558 2891 2789 2971; x_wconf 76' lang='grc' dir='ltr'>κεφαλή.</span> <span class='ocrx_word' id='word_1_423' title='bbox 2856 2891 2960 2950; x_wconf 77' lang='grc' dir='ltr'><strong>Καΐ</strong></span> <span class='ocrx_word' id='word_1_424' title='bbox 3013 2889 3160 2948; x_wconf 75' lang='grc' dir='ltr'>οὐδὲν</span> <span class='ocrx_word' id='word_1_425' title='bbox 3235 2889 3548 2971; x_wconf 76' lang='grc' dir='ltr'>φθέλξασθαί</span> <span class='ocrx_word' id='word_1_426' title='bbox 3593 2914 3644 2948; x_wconf 87' lang='grc' dir='ltr'><strong>τι</strong></span> <span class='ocrx_word' id='word_1_427' title='bbox 3702 2891 3866 2949; x_wconf 80' lang='grc' dir='ltr'>πλέον</span> 
     </span>
    </p>
   </div>
   <div class='ocr_carea' id='block_1_61' title="bbox 2209 2981 3865 3061">
    <p class='ocr_par' dir='ltr' id='par_1_61' title="bbox 2209 2981 3865 3061">
     <span class='ocr_line' id='line_1_61' title="bbox 2209 2981 3865 3061; baseline 0 -23"><span class='ocrx_word' id='word_1_428' title='bbox 2209 2983 2310 3040; x_wconf 75' lang='grc' dir='ltr'><strong>ὑπὸ</strong></span> <span class='ocrx_word' id='word_1_429' title='bbox 2366 2987 2462 3050; x_wconf 81' lang='grc' dir='ltr'>τῆς</span> <span class='ocrx_word' id='word_1_430' title='bbox 2521 2983 2712 3058; x_wconf 82' lang='grc' dir='ltr'>μανίας</span> <span class='ocrx_word' id='word_1_431' title='bbox 2784 2981 3185 3061; x_wconf 74' lang='grc' dir='ltr'>συγχωρηθεῖς,</span> <span class='ocrx_word' id='word_1_432' title='bbox 3241 2981 3464 3041; x_wconf 80' lang='grc' dir='ltr'>θάνατον</span> <span class='ocrx_word' id='word_1_433' title='bbox 3524 2983 3714 3046; x_wconf 62' lang='lat' dir='ltr'><strong>saeta);</strong></span> <span class='ocrx_word' id='word_1_434' title='bbox 3775 2985 3865 3040; x_wconf 85' lang='grc' dir='ltr'><strong>καὶ</strong></span> 
     </span>
    </p>
   </div>
   <div class='ocr_carea' id='block_1_62' title="bbox 473 3070 2117 3154">
    <p class='ocr_par' dir='ltr' id='par_1_62' title="bbox 473 3071 2117 3154">
     <span class='ocr_line' id='line_1_62' title="bbox 473 3071 2117 3154; baseline 0.001 -20"><span class='ocrx_word' id='word_1_435' title='bbox 473 3091 650 3154; x_wconf 90' lang='lat' dir='ltr'><strong>quam</strong></span> <span class='ocrx_word' id='word_1_436' title='bbox 691 3080 911 3152; x_wconf 83' lang='lat' dir='ltr'><strong>martyr</strong></span> <span class='ocrx_word' id='word_1_437' title='bbox 964 3072 1316 3152; x_wconf 64' lang='lat' dir='ltr'><strong>praedixerat</strong></span> <span class='ocrx_word' id='word_1_438' title='bbox 1359 3071 1729 3153; x_wconf 87' lang='lat' dir='ltr'><strong>imperatori,</strong></span> <span class='ocrx_word' id='word_1_439' title='bbox 1759 3092 1896 3135; x_wconf 89' lang='lat' dir='ltr'><strong>cum</strong></span> <span class='ocrx_word' id='word_1_440' title='bbox 1929 3073 2074 3136; x_wconf 86' lang='lat' dir='ltr'><strong>dixit</strong></span> <span class='ocrx_word' id='word_1_441' title='bbox 2107 3095 2117 3136; x_wconf 93' lang='lat'>:</span> 
     </span>
    </p>
   </div>
   <div class='ocr_carea' id='block_1_63' title="bbox 2203 3070 3862 3154">
    <p class='ocr_par' dir='ltr' id='par_1_63' title="bbox 2209 3070 3862 3148">
     <span class='ocr_line' id='line_1_63' title="bbox 2209 3070 3862 3148; baseline 0.001 -19"><span class='ocrx_word' id='word_1_442' title='bbox 2209 3072 2379 3132; x_wconf 74' lang='grc' dir='ltr'>αὐτῶν</span> <span class='ocrx_word' id='word_1_443' title='bbox 2448 3074 2772 3148; x_wconf 85' lang='grc' dir='ltr'>κατακρίνει,</span> <span class='ocrx_word' id='word_1_444' title='bbox 2834 3074 2922 3127; x_wconf 84' lang='grc' dir='ltr'>γαὶ</span> <span class='ocrx_word' id='word_1_445' title='bbox 2964 3070 3312 3147; x_wconf 84' lang='grc' dir='ltr'>τελειοῦνται,</span> <span class='ocrx_word' id='word_1_446' title='bbox 3367 3073 3440 3136; x_wconf 81' lang='grc' dir='ltr'><strong>είς</strong></span> <span class='ocrx_word' id='word_1_447' title='bbox 3505 3072 3605 3139; x_wconf 79' lang='grc' dir='ltr'><strong>τὴν</strong></span> <span class='ocrx_word' id='word_1_448' title='bbox 3675 3073 3862 3130; x_wconf 74' lang='grc' dir='ltr'>ἐπιοῦσ-</span> 
     </span>
    </p>
   </div>
   <div class='ocr_carea' id='block_1_64' title="bbox 470 3159 1820 3242">
    <p class='ocr_par' dir='ltr' id='par_1_64' title="bbox 470 3159 1820 3242">
     <span class='ocr_line' id='line_1_64' title="bbox 470 3159 1820 3242; baseline 0.001 -18"><span class='ocrx_word' id='word_1_449' title='bbox 470 3161 634 3224; x_wconf 83' lang='lat' dir='ltr'><strong>Multi</strong></span> <span class='ocrx_word' id='word_1_450' title='bbox 663 3179 732 3223; x_wconf 83' lang='lat' dir='ltr'><strong>ex</strong></span> <span class='ocrx_word' id='word_1_451' title='bbox 764 3169 864 3222; x_wconf 90' lang='lat' dir='ltr'><strong>tuo</strong></span> <span class='ocrx_word' id='word_1_452' title='bbox 893 3160 1108 3242; x_wconf 88' lang='lat' dir='ltr'><strong>palatio</strong></span> <span class='ocrx_word' id='word_1_453' title='bbox 1139 3159 1260 3222; x_wconf 91' lang='lat' dir='ltr'><strong>Deo</strong></span> <span class='ocrx_word' id='word_1_454' title='bbox 1295 3179 1401 3242; x_wconf 81' lang='lat' dir='ltr'><strong>per</strong></span> <span class='ocrx_word' id='word_1_455' title='bbox 1433 3179 1526 3222; x_wconf 89' lang='lat' dir='ltr'><strong>me</strong></span> <span class='ocrx_word' id='word_1_456' title='bbox 1554 3161 1820 3225; x_wconf 87' lang='lat' dir='ltr'><strong>credent.</strong></span> 
     </span>
    </p>
   </div>
   <div class='ocr_carea' id='block_1_65' title="bbox 2210 3159 3855 3240">
    <p class='ocr_par' dir='ltr' id='par_1_65' title="bbox 2210 3159 3855 3240">
     <span class='ocr_line' id='line_1_65' title="bbox 2210 3159 3855 3240; baseline -0.001 -21"><span class='ocrx_word' id='word_1_457' title='bbox 2210 3185 2306 3220; x_wconf 88' lang='grc' dir='ltr'><strong>σαν</strong></span> <span class='ocrx_word' id='word_1_458' title='bbox 2354 3163 2441 3218; x_wconf 79' lang='grc' dir='ltr'><strong>καὶ</strong></span> <span class='ocrx_word' id='word_1_459' title='bbox 2492 3164 2660 3238; x_wconf 76' lang='grc' dir='ltr'>οὗτοι,</span> <span class='ocrx_word' id='word_1_460' title='bbox 2695 3163 2952 3240; x_wconf 80' lang='grc' dir='ltr'>τετάρτην</span> <span class='ocrx_word' id='word_1_461' title='bbox 3006 3161 3100 3218; x_wconf 74' lang='grc' dir='ltr'><strong>ἐπὶ</strong></span> <span class='ocrx_word' id='word_1_462' title='bbox 3133 3159 3296 3218; x_wconf 88' lang='grc' dir='ltr'>είκάδι</span> <span class='ocrx_word' id='word_1_463' title='bbox 3338 3169 3433 3218; x_wconf 84' lang='grc' dir='ltr'>τοῦ</span> <span class='ocrx_word' id='word_1_464' title='bbox 3477 3165 3634 3221; x_wconf 77' lang='grc' dir='ltr'>αὐτοῦ</span> <span class='ocrx_word' id='word_1_465' title='bbox 3683 3163 3855 3236; x_wconf 85' lang='grc' dir='ltr'>μηνὸς</span> 
     </span>
    </p>
   </div>
   <div class='ocr_carea' id='block_1_66' title="bbox 470 3248 3848 3332">
    <p class='ocr_par' dir='ltr' id='par_1_66' title="bbox 470 3248 3848 3332">
     <span class='ocr_line' id='line_1_66' title="bbox 470 3248 3848 3332; baseline -0.001 -20"><span class='ocrx_word' id='word_1_466' title='bbox 470 3255 714 3332; x_wconf 73' lang='grc' dir='ltr'>ἄγοντος,</span> <span class='ocrx_word' id='word_1_467' title='bbox 779 3251 940 3330; x_wconf 73' lang='grc' dir='ltr'>πέρας</span> <span class='ocrx_word' id='word_1_468' title='bbox 1001 3254 1264 3309; x_wconf 79' lang='grc' dir='ltr'>κάνταῦθα</span> <span class='ocrx_word' id='word_1_469' title='bbox 1321 3257 1418 3319; x_wconf 80' lang='grc' dir='ltr'>τῆς</span> <span class='ocrx_word' id='word_1_470' title='bbox 1476 3252 1815 3330; x_wconf 75' lang='grc' dir='ltr'>προῤῥήσεως</span> <span class='ocrx_word' id='word_1_471' title='bbox 1873 3250 2162 3328; x_wconf 78' lang='grc' dir='ltr'>δεξαμένης</span> <span class='ocrx_word' id='word_1_472' title='bbox 2221 3253 2285 3319; x_wconf 82' lang='grc' dir='ltr'>ἦν</span> <span class='ocrx_word' id='word_1_473' title='bbox 2345 3254 2379 3322; x_wconf 78' lang='grc' dir='ltr'><strong>ἡ</strong></span> <span class='ocrx_word' id='word_1_474' title='bbox 2438 3252 2634 3330; x_wconf 85' lang='grc' dir='ltr'>μάρτυς</span> <span class='ocrx_word' id='word_1_475' title='bbox 2693 3256 2771 3324; x_wconf 84' lang='grc' dir='ltr'>τῷ</span> <span class='ocrx_word' id='word_1_476' title='bbox 2822 3249 3048 3328; x_wconf 82' lang='grc' dir='ltr'>Ιβασιλετ</span> <span class='ocrx_word' id='word_1_477' title='bbox 3106 3252 3462 3332; x_wconf 12' lang='grc' dir='ltr'>προειπήκειν,</span> <span class='ocrx_word' id='word_1_478' title='bbox 3519 3251 3595 3306; x_wconf 80' lang='grc' dir='ltr'><strong>ὅτι</strong></span> <span class='ocrx_word' id='word_1_479' title='bbox 3653 3248 3848 3307; x_wconf 87' lang='grc' dir='ltr'>Πολλοί</span> 
     </span>
    </p>
   </div>
   <div class='ocr_carea' id='block_1_67' title="bbox 466 3339 1960 3420">
    <p class='ocr_par' dir='ltr' id='par_1_67' title="bbox 466 3339 1960 3420">
     <span class='ocr_line' id='line_1_67' title="bbox 466 3339 1960 3420; baseline -0.002 -19"><span class='ocrx_word' id='word_1_480' title='bbox 466 3346 560 3401; x_wconf 79' lang='grc' dir='ltr'>τοῦ</span> <span class='ocrx_word' id='word_1_481' title='bbox 590 3348 684 3399; x_wconf 78' lang='grc' dir='ltr'>σοῦ</span> <span class='ocrx_word' id='word_1_482' title='bbox 712 3339 970 3398; x_wconf 74' lang='grc' dir='ltr'>παλατίου</span> <span class='ocrx_word' id='word_1_483' title='bbox 1001 3342 1335 3398; x_wconf 83' lang='grc' dir='ltr'>πιστεύσουσι</span> <span class='ocrx_word' id='word_1_484' title='bbox 1365 3339 1432 3396; x_wconf 87' lang='grc' dir='ltr'><strong>δι’</strong></span> <span class='ocrx_word' id='word_1_485' title='bbox 1465 3342 1595 3416; x_wconf 76' lang='grc' dir='ltr'>ἐμοῦ</span> <span class='ocrx_word' id='word_1_486' title='bbox 1623 3349 1699 3414; x_wconf 86' lang='grc' dir='ltr'>τῷ</span> <span class='ocrx_word' id='word_1_487' title='bbox 1730 3349 1960 3420; x_wconf 81' lang='grc' dir='ltr'>Χριστῷ.</span> 
     </span>
    </p>
   </div>
   <div class='ocr_carea' id='block_1_68' title="bbox 550 3429 2120 3494">
    <p class='ocr_par' dir='ltr' id='par_1_68' title="bbox 550 3429 2120 3494">
     <span class='ocr_line' id='line_1_68' title="bbox 550 3429 2120 3494; baseline -0.001 -1"><span class='ocrx_word' id='word_1_488' title='bbox 550 3429 704 3493; x_wconf 80' lang='lat' dir='ltr'><strong>XXI.</strong></span> <span class='ocrx_word' id='word_1_489' title='bbox 740 3429 846 3491; x_wconf 89' lang='lat' dir='ltr'><strong>llle</strong></span> <span class='ocrx_word' id='word_1_490' title='bbox 873 3437 1070 3490; x_wconf 88' lang='lat' dir='ltr'><strong>autem</strong></span> <span class='ocrx_word' id='word_1_491' title='bbox 1101 3448 1237 3490; x_wconf 88' lang='lat' dir='ltr'><strong>cum</strong></span> <span class='ocrx_word' id='word_1_492' title='bbox 1288 3448 1502 3491; x_wconf 88' lang='lat' dir='ltr'><strong>rursus</strong></span> <span class='ocrx_word' id='word_1_493' title='bbox 1530 3431 1759 3492; x_wconf 88' lang='lat' dir='ltr'><strong>beatam</strong></span> <span class='ocrx_word' id='word_1_494' title='bbox 1791 3430 2120 3494; x_wconf 83' lang='lat' dir='ltr'><strong>sistendam</strong></span> 
     </span>
    </p>
   </div>
   <div class='ocr_carea' id='block_1_69' title="bbox 475 3517 2124 3594">
    <p class='ocr_par' dir='ltr' id='par_1_69' title="bbox 475 3517 2124 3594">
     <span class='ocr_line' id='line_1_69' title="bbox 475 3517 2124 3594; baseline -0.002 -9"><span class='ocrx_word' id='word_1_495' title='bbox 475 3526 748 3585; x_wconf 84' lang='lat' dir='ltr'><strong>curasset</strong></span> <span class='ocrx_word' id='word_1_496' title='bbox 777 3517 1198 3594; x_wconf 69' lang='lat' dir='ltr'><strong>lEcaterinam,</strong></span> <span class='ocrx_word' id='word_1_497' title='bbox 1225 3528 1284 3581; x_wconf 90' lang='lat' dir='ltr'><strong>et</strong></span> <span class='ocrx_word' id='word_1_498' title='bbox 1315 3519 1377 3580; x_wconf 93' lang='lat' dir='ltr'><strong>in</strong></span> <span class='ocrx_word' id='word_1_499' title='bbox 1407 3538 1536 3582; x_wconf 91' lang='lat' dir='ltr'><strong>eam</strong></span> <span class='ocrx_word' id='word_1_500' title='bbox 1569 3538 1809 3582; x_wconf 91' lang='lat' dir='ltr'><strong>omnem</strong></span> <span class='ocrx_word' id='word_1_501' title='bbox 1843 3521 2124 3582; x_wconf 87' lang='lat' dir='ltr'><strong>movisset</strong></span> 
     </span>
    </p>
   </div>
   <div class='ocr_carea' id='block_1_70' title="bbox 464 3604 2122 3690">
    <p class='ocr_par' dir='ltr' id='par_1_70' title="bbox 464 3604 2122 3690">
     <span class='ocr_line' id='line_1_70' title="bbox 464 3604 2122 3690; baseline -0.001 -16"><span class='ocrx_word' id='word_1_502' title='bbox 464 3608 938 3690; x_wconf 86' lang='lat' dir='ltr'><strong>improbitatem,</strong></span> <span class='ocrx_word' id='word_1_503' title='bbox 967 3616 1025 3670; x_wconf 90' lang='lat' dir='ltr'><strong>et</strong></span> <span class='ocrx_word' id='word_1_504' title='bbox 1055 3607 1204 3669; x_wconf 92' lang='lat' dir='ltr'><strong>nihil</strong></span> <span class='ocrx_word' id='word_1_505' title='bbox 1253 3628 1370 3670; x_wconf 92' lang='lat' dir='ltr'><strong>non</strong></span> <span class='ocrx_word' id='word_1_506' title='bbox 1404 3616 1561 3672; x_wconf 91' lang='lat' dir='ltr'><strong>esset</strong></span> <span class='ocrx_word' id='word_1_507' title='bbox 1592 3610 1986 3688; x_wconf 87' lang='lat' dir='ltr'><strong>machinatus,</strong></span> <span class='ocrx_word' id='word_1_508' title='bbox 2021 3604 2122 3673; x_wconf 81' lang='lat' dir='ltr'><strong>ubi</strong></span> 
     </span>
    </p>
   </div>
   <div class='ocr_carea' id='block_1_71' title="bbox 465 3697 2122 3782">
    <p class='ocr_par' dir='ltr' id='par_1_71' title="bbox 465 3697 2122 3782">
     <span class='ocr_line' id='line_1_71' title="bbox 465 3697 2122 3782; baseline -0.001 -19"><span class='ocrx_word' id='word_1_509' title='bbox 465 3719 579 3763; x_wconf 91' lang='lat' dir='ltr'><strong>nec</strong></span> <span class='ocrx_word' id='word_1_510' title='bbox 604 3697 934 3780; x_wconf 90' lang='lat' dir='ltr'><strong>promissis,</strong></span> <span class='ocrx_word' id='word_1_511' title='bbox 969 3716 1081 3760; x_wconf 91' lang='lat' dir='ltr'><strong>nec</strong></span> <span class='ocrx_word' id='word_1_512' title='bbox 1108 3697 1287 3760; x_wconf 90' lang='lat' dir='ltr'><strong>minis</strong></span> <span class='ocrx_word' id='word_1_513' title='bbox 1318 3717 1448 3761; x_wconf 89' lang='lat' dir='ltr'><strong>eam</strong></span> <span class='ocrx_word' id='word_1_514' title='bbox 1483 3699 1727 3763; x_wconf 88' lang='lat' dir='ltr'><strong>omnino</strong></span> <span class='ocrx_word' id='word_1_515' title='bbox 1758 3701 1907 3764; x_wconf 84' lang='lat' dir='ltr'><strong>vidit</strong></span> <span class='ocrx_word' id='word_1_516' title='bbox 1947 3719 2122 3782; x_wconf 91' lang='lat' dir='ltr'><strong>posse</strong></span> 
     </span>
    </p>
   </div>
   <div class='ocr_carea' id='block_1_72' title="bbox 471 3787 2117 3870">
    <p class='ocr_par' dir='ltr' id='par_1_72' title="bbox 471 3787 2117 3870">
     <span class='ocr_line' id='line_1_72' title="bbox 471 3787 2117 3870; baseline -0.001 -17"><span class='ocrx_word' id='word_1_517' title='bbox 471 3787 1016 3870; x_wconf 81' lang='lat' dir='ltr'><strong>expugnari,jubet</strong></span> <span class='ocrx_word' id='word_1_518' title='bbox 1052 3787 1240 3868; x_wconf 88' lang='lat' dir='ltr'><strong>ipsam</strong></span> <span class='ocrx_word' id='word_1_519' title='bbox 1286 3807 1522 3869; x_wconf 86' lang='lat' dir='ltr'><strong>quoque</strong></span> <span class='ocrx_word' id='word_1_520' title='bbox 1564 3789 1700 3851; x_wconf 91' lang='lat' dir='ltr'><strong>duci</strong></span> <span class='ocrx_word' id='word_1_521' title='bbox 1738 3790 1809 3853; x_wconf 87' lang='lat' dir='ltr'><strong>ad</strong></span> <span class='ocrx_word' id='word_1_522' title='bbox 1844 3800 2117 3852; x_wconf 90' lang='lat' dir='ltr'><strong>mortem.</strong></span> 
     </span>
    </p>
   </div>
   <div class='ocr_carea' id='block_1_73' title="bbox 467 3879 2122 3958">
    <p class='ocr_par' dir='ltr' id='par_1_73' title="bbox 467 3879 2122 3958">
     <span class='ocr_line' id='line_1_73' title="bbox 467 3879 2122 3958; baseline 0.001 -16"><span class='ocrx_word' id='word_1_523' title='bbox 467 3880 616 3943; x_wconf 91' lang='lat' dir='ltr'><strong>Cum</strong></span> <span class='ocrx_word' id='word_1_524' title='bbox 661 3896 801 3956; x_wconf 90' lang='lat' dir='ltr'><strong>ergo</strong></span> <span class='ocrx_word' id='word_1_525' title='bbox 829 3895 958 3939; x_wconf 84' lang='lat' dir='ltr'><strong>eam</strong></span> <span class='ocrx_word' id='word_1_526' title='bbox 1015 3879 1374 3958; x_wconf 88' lang='lat' dir='ltr'><strong>accipientes</strong></span> <span class='ocrx_word' id='word_1_527' title='bbox 1420 3880 1638 3941; x_wconf 87' lang='lat' dir='ltr'><strong>milites</strong></span> <span class='ocrx_word' id='word_1_528' title='bbox 1693 3882 2037 3944; x_wconf 75' lang='lat' dir='ltr'><strong>eduxissent</strong></span> <span class='ocrx_word' id='word_1_529' title='bbox 2090 3900 2122 3943; x_wconf 91' lang='lat' dir='ltr'><strong>e</strong></span> 
     </span>
    </p>
   </div>
   <div class='ocr_carea' id='block_1_74' title="bbox 468 3967 2122 4054">
    <p class='ocr_par' dir='ltr' id='par_1_74' title="bbox 468 3967 2122 4054">
     <span class='ocr_line' id='line_1_74' title="bbox 468 3967 2122 4054; baseline 0 -22"><span class='ocrx_word' id='word_1_530' title='bbox 468 3969 728 4042; x_wconf 83' lang='lat' dir='ltr'><strong>civitate,</strong></span> <span class='ocrx_word' id='word_1_531' title='bbox 760 3975 818 4027; x_wconf 90' lang='lat' dir='ltr'><strong>et</strong></span> <span class='ocrx_word' id='word_1_532' title='bbox 847 3967 1156 4030; x_wconf 86' lang='lat' dir='ltr'><strong>duxissent</strong></span> <span class='ocrx_word' id='word_1_533' title='bbox 1197 3969 1270 4030; x_wconf 90' lang='lat' dir='ltr'><strong>ad</strong></span> <span class='ocrx_word' id='word_1_534' title='bbox 1305 3969 1501 4031; x_wconf 93' lang='lat' dir='ltr'><strong>locum</strong></span> <span class='ocrx_word' id='word_1_535' title='bbox 1551 3973 1838 4054; x_wconf 86' lang='lat' dir='ltr'><strong>martyrii,</strong></span> <span class='ocrx_word' id='word_1_536' title='bbox 1872 3971 2122 4034; x_wconf 83' lang='lat' dir='ltr'><strong>circum-</strong></span> 
     </span>
    </p>
   </div>
   <div class='ocr_carea' id='block_1_75' title="bbox 470 4057 2125 4136">
    <p class='ocr_par' dir='ltr' id='par_1_75' title="bbox 470 4057 2125 4136">
     <span class='ocr_line' id='line_1_75' title="bbox 470 4057 2125 4136; baseline 0.001 -16"><span class='ocrx_word' id='word_1_537' title='bbox 470 4058 689 4120; x_wconf 85' lang='lat' dir='ltr'><strong>sistens</strong></span> <span class='ocrx_word' id='word_1_538' title='bbox 724 4074 933 4136; x_wconf 87' lang='lat' dir='ltr'><strong>magna</strong></span> <span class='ocrx_word' id='word_1_539' title='bbox 980 4057 1321 4134; x_wconf 90' lang='lat' dir='ltr'><strong>multitudo,</strong></span> <span class='ocrx_word' id='word_1_540' title='bbox 1359 4059 1615 4122; x_wconf 82' lang='lat' dir='ltr'><strong>maxime</strong></span> <span class='ocrx_word' id='word_1_541' title='bbox 1657 4070 1853 4123; x_wconf 89' lang='lat' dir='ltr'><strong>autem</strong></span> <span class='ocrx_word' id='word_1_542' title='bbox 1911 4062 2125 4126; x_wconf 83' lang='lat' dir='ltr'><strong>mulie-</strong></span> 
     </span>
    </p>
   </div>
   <div class='ocr_carea' id='block_1_76' title="bbox 467 4147 2126 4232">
    <p class='ocr_par' dir='ltr' id='par_1_76' title="bbox 467 4147 2126 4232">
     <span class='ocr_line' id='line_1_76' title="bbox 467 4147 2126 4232; baseline 0.001 -22"><span class='ocrx_word' id='word_1_543' title='bbox 467 4166 628 4225; x_wconf 87' lang='lat' dir='ltr'><strong>rum,</strong></span> <span class='ocrx_word' id='word_1_544' title='bbox 665 4164 794 4228; x_wconf 73' lang='lat' dir='ltr'><strong>quze</strong></span> <span class='ocrx_word' id='word_1_545' title='bbox 847 4154 1018 4208; x_wconf 87' lang='lat' dir='ltr'><strong>erant</strong></span> <span class='ocrx_word' id='word_1_546' title='bbox 1051 4147 1224 4210; x_wconf 70' lang='lat' dir='ltr'><strong>clarae</strong></span> <span class='ocrx_word' id='word_1_547' title='bbox 1275 4158 1334 4211; x_wconf 90' lang='lat' dir='ltr'><strong>et</strong></span> <span class='ocrx_word' id='word_1_548' title='bbox 1381 4150 1666 4229; x_wconf 81' lang='lat' dir='ltr'><strong>insignes,</strong></span> <span class='ocrx_word' id='word_1_549' title='bbox 1699 4151 1916 4214; x_wconf 87' lang='lat' dir='ltr'><strong>acerbe</strong></span> <span class='ocrx_word' id='word_1_550' title='bbox 1961 4153 2126 4232; x_wconf 88' lang='lat' dir='ltr'><strong>plan-</strong></span> 
     </span>
    </p>
   </div>
   <div class='ocr_carea' id='block_1_77' title="bbox 469 4237 2121 4320">
    <p class='ocr_par' dir='ltr' id='par_1_77' title="bbox 469 4237 2121 4320">
     <span class='ocr_line' id='line_1_77' title="bbox 469 4237 2121 4320; baseline 0.001 -20"><span class='ocrx_word' id='word_1_551' title='bbox 469 4237 690 4318; x_wconf 85' lang='lat' dir='ltr'><strong>gebant</strong></span> <span class='ocrx_word' id='word_1_552' title='bbox 742 4243 801 4298; x_wconf 84' lang='lat' dir='ltr'><strong>et</strong></span> <span class='ocrx_word' id='word_1_553' title='bbox 859 4237 1356 4316; x_wconf 87' lang='lat' dir='ltr'><strong>lamentabantur,</strong></span> <span class='ocrx_word' id='word_1_554' title='bbox 1412 4249 1473 4302; x_wconf 89' lang='lat' dir='ltr'><strong>et</strong></span> <span class='ocrx_word' id='word_1_555' title='bbox 1528 4241 1808 4320; x_wconf 77' lang='lat' dir='ltr'><strong>lugebant</strong></span> <span class='ocrx_word' id='word_1_556' title='bbox 1849 4243 2121 4304; x_wconf 91' lang='lat' dir='ltr'><strong>ultimum</strong></span> 
     </span>
    </p>
   </div>
   <div class='ocr_carea' id='block_1_78' title="bbox 465 4325 2127 4393">
    <p class='ocr_par' dir='ltr' id='par_1_78' title="bbox 465 4325 2127 4393">
     <span class='ocr_line' id='line_1_78' title="bbox 465 4325 2127 4393; baseline 0.001 -3"><span class='ocrx_word' id='word_1_557' title='bbox 465 4328 634 4390; x_wconf 89' lang='lat' dir='ltr'><strong>illum</strong></span> <span class='ocrx_word' id='word_1_558' title='bbox 683 4325 1022 4389; x_wconf 82' lang='lat' dir='ltr'><strong>decessum.</strong></span> <span class='ocrx_word' id='word_1_559' title='bbox 1045 4325 1151 4388; x_wconf 89' lang='lat' dir='ltr'><strong>Illa</strong></span> <span class='ocrx_word' id='word_1_560' title='bbox 1181 4337 1378 4389; x_wconf 90' lang='lat' dir='ltr'><strong>autem</strong></span> <span class='ocrx_word' id='word_1_561' title='bbox 1413 4329 1574 4390; x_wconf 91' lang='lat' dir='ltr'><strong>vultu</strong></span> <span class='ocrx_word' id='word_1_562' title='bbox 1607 4332 1904 4391; x_wconf 88' lang='lat' dir='ltr'><strong>constanti</strong></span> <span class='ocrx_word' id='word_1_563' title='bbox 1936 4339 1997 4393; x_wconf 88' lang='lat' dir='ltr'><strong>et</strong></span> <span class='ocrx_word' id='word_1_564' title='bbox 2025 4347 2127 4392; x_wconf 89' lang='lat' dir='ltr'><strong>ne-</strong></span> 
     </span>
    </p>
   </div>
   <div class='ocr_carea' id='block_1_79' title="bbox 470 4417 2118 4498">
    <p class='ocr_par' dir='ltr' id='par_1_79' title="bbox 470 4417 2118 4498">
     <span class='ocr_line' id='line_1_79' title="bbox 470 4417 2118 4498; baseline 0.001 -19"><span class='ocrx_word' id='word_1_565' title='bbox 470 4435 769 4498; x_wconf 90' lang='lat' dir='ltr'><strong>quaquam</strong></span> <span class='ocrx_word' id='word_1_566' title='bbox 829 4417 1148 4496; x_wconf 88' lang='lat' dir='ltr'><strong>perterrito</strong></span> <span class='ocrx_word' id='word_1_567' title='bbox 1183 4418 1330 4498; x_wconf 88' lang='lat' dir='ltr'><strong>petit</strong></span> <span class='ocrx_word' id='word_1_568' title='bbox 1383 4425 1619 4498; x_wconf 88' lang='lat' dir='ltr'><strong>tempus</strong></span> <span class='ocrx_word' id='word_1_569' title='bbox 1648 4420 1719 4480; x_wconf 89' lang='lat' dir='ltr'><strong>ad</strong></span> <span class='ocrx_word' id='word_1_570' title='bbox 1769 4421 2118 4481; x_wconf 88' lang='lat' dir='ltr'><strong>orationem.</strong></span> 
     </span>
    </p>
   </div>
   <div class='ocr_carea' id='block_1_80' title="bbox 469 4505 2121 4579">
    <p class='ocr_par' dir='ltr' id='par_1_80' title="bbox 469 4505 2121 4579">
     <span class='ocr_line' id='line_1_80' title="bbox 469 4505 2121 4579; baseline 0.001 -11"><span class='ocrx_word' id='word_1_571' title='bbox 469 4508 637 4579; x_wconf 84' lang='lat' dir='ltr'><strong>Quod</strong></span> <span class='ocrx_word' id='word_1_572' title='bbox 669 4506 723 4567; x_wconf 92' lang='lat' dir='ltr'><strong>ei</strong></span> <span class='ocrx_word' id='word_1_573' title='bbox 754 4505 1089 4567; x_wconf 89' lang='lat' dir='ltr'><strong>concedunt</strong></span> <span class='ocrx_word' id='word_1_574' title='bbox 1121 4506 1369 4570; x_wconf 89' lang='lat' dir='ltr'><strong>milites.</strong></span> <span class='ocrx_word' id='word_1_575' title='bbox 1425 4508 1529 4569; x_wconf 91' lang='lat' dir='ltr'><strong>llla</strong></span> <span class='ocrx_word' id='word_1_576' title='bbox 1563 4527 1699 4572; x_wconf 88' lang='lat' dir='ltr'><strong>vero</strong></span> <span class='ocrx_word' id='word_1_577' title='bbox 1734 4529 1868 4572; x_wconf 91' lang='lat' dir='ltr'><strong>cum</strong></span> <span class='ocrx_word' id='word_1_578' title='bbox 1913 4519 1971 4572; x_wconf 89' lang='lat' dir='ltr'><strong>et</strong></span> <span class='ocrx_word' id='word_1_579' title='bbox 2000 4529 2121 4570; x_wconf 88' lang='lat' dir='ltr'><strong>ma-</strong></span> 
     </span>
    </p>
   </div>
   <div class='ocr_carea' id='block_1_81' title="bbox 468 4595 2120 4674">
    <p class='ocr_par' dir='ltr' id='par_1_81' title="bbox 468 4595 2120 4674">
     <span class='ocr_line' id='line_1_81' title="bbox 468 4595 2120 4674; baseline 0.002 -16"><span class='ocrx_word' id='word_1_580' title='bbox 468 4612 583 4658; x_wconf 89' lang='lat' dir='ltr'><strong>nus</strong></span> <span class='ocrx_word' id='word_1_581' title='bbox 627 4603 684 4656; x_wconf 91' lang='lat' dir='ltr'><strong>et</strong></span> <span class='ocrx_word' id='word_1_582' title='bbox 713 4595 978 4656; x_wconf 90' lang='lat' dir='ltr'><strong>animum</strong></span> <span class='ocrx_word' id='word_1_583' title='bbox 1014 4595 1087 4657; x_wconf 89' lang='lat' dir='ltr'><strong>ad</strong></span> <span class='ocrx_word' id='word_1_584' title='bbox 1120 4595 1306 4658; x_wconf 67' lang='lat' dir='ltr'><strong>caelos</strong></span> <span class='ocrx_word' id='word_1_585' title='bbox 1355 4599 1720 4674; x_wconf 89' lang='lat' dir='ltr'><strong>sustulisset,</strong></span> <span class='ocrx_word' id='word_1_586' title='bbox 1755 4600 1944 4661; x_wconf 83' lang='lat' dir='ltr'><strong>dixit:</strong></span> <span class='ocrx_word' id='word_1_587' title='bbox 1998 4599 2120 4661; x_wconf 92' lang='lat' dir='ltr'><strong>Do-</strong></span> 
     </span>
    </p>
   </div>
   <div class='ocr_carea' id='block_1_82' title="bbox 2289 3428 3854 3511">
    <p class='ocr_par' dir='ltr' id='par_1_82' title="bbox 2289 3428 3854 3511">
     <span class='ocr_line' id='line_1_82' title="bbox 2289 3428 3854 3511; baseline -0.001 -21"><span class='ocrx_word' id='word_1_588' title='bbox 2289 3429 2421 3494; x_wconf 79' lang='lat' dir='ltr'><strong>KA&#39;.</strong></span> <span class='ocrx_word' id='word_1_589' title='bbox 2483 3428 2543 3487; x_wconf 81' lang='grc' dir='ltr'><strong>Ὀ</strong></span> <span class='ocrx_word' id='word_1_590' title='bbox 2593 3428 2670 3507; x_wconf 79' lang='grc' dir='ltr'>δὲ,</span> <span class='ocrx_word' id='word_1_591' title='bbox 2717 3431 2814 3500; x_wconf 72' lang='grc' dir='ltr'><strong>τὴν</strong></span> <span class='ocrx_word' id='word_1_592' title='bbox 2872 3434 3132 3510; x_wconf 73' lang='grc' dir='ltr'>μακαρίαν</span> <span class='ocrx_word' id='word_1_593' title='bbox 3180 3433 3267 3489; x_wconf 80' lang='grc' dir='ltr'><strong>καὶ</strong></span> <span class='ocrx_word' id='word_1_594' title='bbox 3313 3432 3459 3498; x_wconf 84' lang='grc' dir='ltr'>αὖθις</span> <span class='ocrx_word' id='word_1_595' title='bbox 3518 3431 3854 3511; x_wconf 75' lang='grc' dir='ltr'>Αἱκατερίναν</span> 
     </span>
    </p>
   </div>
   <div class='ocr_carea' id='block_1_83' title="bbox 2206 3521 3860 3601">
    <p class='ocr_par' dir='ltr' id='par_1_83' title="bbox 2206 3521 3860 3601">
     <span class='ocr_line' id='line_1_83' title="bbox 2206 3521 3860 3601; baseline 0.001 -24"><span class='ocrx_word' id='word_1_596' title='bbox 2206 3521 2714 3600; x_wconf 83' lang='grc' dir='ltr'>παραστησάμενος,</span> <span class='ocrx_word' id='word_1_597' title='bbox 2789 3522 2876 3578; x_wconf 85' lang='grc' dir='ltr'><strong>καὶ</strong></span> <span class='ocrx_word' id='word_1_598' title='bbox 2953 3528 3127 3579; x_wconf 85' lang='grc' dir='ltr'>πᾶσαν</span> <span class='ocrx_word' id='word_1_599' title='bbox 3201 3523 3360 3580; x_wconf 78' lang='grc' dir='ltr'>αὐτοῦ</span> <span class='ocrx_word' id='word_1_600' title='bbox 3429 3523 3530 3591; x_wconf 73' lang='grc' dir='ltr'>τὴν</span> <span class='ocrx_word' id='word_1_601' title='bbox 3601 3523 3860 3601; x_wconf 83' lang='grc' dir='ltr'>πονηρίαν</span> 
     </span>
    </p>
   </div>
   <div class='ocr_carea' id='block_1_84' title="bbox 2205 3609 3860 3694">
    <p class='ocr_par' dir='ltr' id='par_1_84' title="bbox 2205 3609 3860 3694">
     <span class='ocr_line' id='line_1_84' title="bbox 2205 3609 3860 3694; baseline 0.001 -27"><span class='ocrx_word' id='word_1_602' title='bbox 2205 3612 2429 3681; x_wconf 80' lang='grc' dir='ltr'>κιτήσας</span> <span class='ocrx_word' id='word_1_603' title='bbox 2491 3611 2579 3668; x_wconf 85' lang='grc' dir='ltr'><strong>καὶ</strong></span> <span class='ocrx_word' id='word_1_604' title='bbox 2619 3609 2733 3669; x_wconf 73' lang='grc' dir='ltr'>οὗδὲ</span> <span class='ocrx_word' id='word_1_605' title='bbox 2791 3618 2918 3687; x_wconf 83' lang='grc' dir='ltr'>μιᾶς</span> <span class='ocrx_word' id='word_1_606' title='bbox 2976 3616 3241 3692; x_wconf 76' lang='grc' dir='ltr'>μηχανῆς</span> <span class='ocrx_word' id='word_1_607' title='bbox 3301 3613 3708 3694; x_wconf 82' lang='grc' dir='ltr'>ἀποσχόμενος,</span> <span class='ocrx_word' id='word_1_608' title='bbox 3741 3613 3860 3669; x_wconf 81' lang='grc' dir='ltr'>ἐπεὶ</span> 
     </span>
    </p>
   </div>
   <div class='ocr_carea' id='block_1_85' title="bbox 2207 3699 3867 3783">
    <p class='ocr_par' dir='ltr' id='par_1_85' title="bbox 2207 3699 3867 3783">
     <span class='ocr_line' id='line_1_85' title="bbox 2207 3699 3867 3783; baseline 0.002 -27"><span class='ocrx_word' id='word_1_609' title='bbox 2207 3699 2478 3758; x_wconf 65' lang='grc' dir='ltr'>ἀνάλωτον</span> <span class='ocrx_word' id='word_1_610' title='bbox 2571 3701 2877 3758; x_wconf 86' lang='grc' dir='ltr'>παντάπασι</span> <span class='ocrx_word' id='word_1_611' title='bbox 2968 3703 3055 3758; x_wconf 76' lang='grc' dir='ltr'><strong>καὶ</strong></span> <span class='ocrx_word' id='word_1_612' title='bbox 3137 3703 3493 3783; x_wconf 81' lang='grc' dir='ltr'>ὑποσχέσεσιν</span> <span class='ocrx_word' id='word_1_613' title='bbox 3566 3704 3676 3759; x_wconf 83' lang='grc' dir='ltr'>εἶδε</span> <span class='ocrx_word' id='word_1_614' title='bbox 3771 3704 3867 3760; x_wconf 84' lang='grc' dir='ltr'><strong>καὶ</strong></span> 
     </span>
    </p>
   </div>
   <div class='ocr_carea' id='block_1_86' title="bbox 2204 3789 3864 3872">
    <p class='ocr_par' dir='ltr' id='par_1_86' title="bbox 2204 3789 3864 3872">
     <span class='ocr_line' id='line_1_86' title="bbox 2204 3789 3864 3872; baseline 0.004 -25"><span class='ocrx_word' id='word_1_615' title='bbox 2204 3789 2478 3867; x_wconf 78' lang='grc' dir='ltr'>ἀπειλαῖς,</span> <span class='ocrx_word' id='word_1_616' title='bbox 2514 3791 2611 3858; x_wconf 84' lang='grc' dir='ltr'><strong>τὴν</strong></span> <span class='ocrx_word' id='word_1_617' title='bbox 2645 3791 2730 3848; x_wconf 75' lang='grc' dir='ltr'>ἐπὶ</span> <span class='ocrx_word' id='word_1_618' title='bbox 2761 3791 2969 3867; x_wconf 81' lang='grc' dir='ltr'>Θανάτῳ</span> <span class='ocrx_word' id='word_1_619' title='bbox 3026 3793 3114 3848; x_wconf 79' lang='grc' dir='ltr'><strong>καὶ</strong></span> <span class='ocrx_word' id='word_1_620' title='bbox 3146 3794 3309 3859; x_wconf 74' lang='grc' dir='ltr'>αὐτὴν</span> <span class='ocrx_word' id='word_1_621' title='bbox 3340 3793 3574 3872; x_wconf 79' lang='grc' dir='ltr'>ἀχθῆναι</span> <span class='ocrx_word' id='word_1_622' title='bbox 3630 3791 3864 3854; x_wconf 69' lang='grc' dir='ltr'>κελεύει.</span> 
     </span>
    </p>
   </div>
   <div class='ocr_carea' id='block_1_87' title="bbox 2207 3881 3868 3960">
    <p class='ocr_par' dir='ltr' id='par_1_87' title="bbox 2207 3881 3868 3960">
     <span class='ocr_line' id='line_1_87' title="bbox 2207 3881 3868 3960; baseline 0.002 -24"><span class='ocrx_word' id='word_1_623' title='bbox 2207 3881 2300 3945; x_wconf 80' lang='grc' dir='ltr'>Ὠς</span> <span class='ocrx_word' id='word_1_624' title='bbox 2359 3881 2448 3938; x_wconf 79' lang='grc' dir='ltr'>οὖν</span> <span class='ocrx_word' id='word_1_625' title='bbox 2505 3885 2551 3939; x_wconf 80' lang='grc' dir='ltr'>οἱ</span> <span class='ocrx_word' id='word_1_626' title='bbox 2621 3888 2940 3960; x_wconf 85' lang='grc' dir='ltr'>στρατιῶται</span> <span class='ocrx_word' id='word_1_627' title='bbox 3008 3882 3207 3949; x_wconf 88' lang='grc' dir='ltr'>ταύτην</span> <span class='ocrx_word' id='word_1_628' title='bbox 3281 3881 3680 3960; x_wconf 82' lang='grc' dir='ltr'>παραλαϐόντες</span> <span class='ocrx_word' id='word_1_629' title='bbox 3751 3882 3868 3949; x_wconf 72' lang='grc' dir='ltr'><strong>ἐξὲ-</strong></span> 
     </span>
    </p>
   </div>
   <div class='ocr_carea' id='block_1_88' title="bbox 2204 3968 3868 4052">
    <p class='ocr_par' dir='ltr' id='par_1_88' title="bbox 2204 3968 3868 4052">
     <span class='ocr_line' id='line_1_88' title="bbox 2204 3968 3868 4052; baseline 0.002 -26"><span class='ocrx_word' id='word_1_630' title='bbox 2204 3968 2366 4028; x_wconf 79' lang='grc' dir='ltr'>ϐαλόν</span> <span class='ocrx_word' id='word_1_631' title='bbox 2423 3993 2480 4026; x_wconf 84' lang='grc' dir='ltr'><strong>τε</strong></span> <span class='ocrx_word' id='word_1_632' title='bbox 2548 3971 2646 4039; x_wconf 76' lang='grc' dir='ltr'><strong>τῆς</strong></span> <span class='ocrx_word' id='word_1_633' title='bbox 2705 3971 2914 4034; x_wconf 89' lang='grc' dir='ltr'>πόλεως</span> <span class='ocrx_word' id='word_1_634' title='bbox 2970 3973 3058 4030; x_wconf 82' lang='grc' dir='ltr'><strong>καὶ</strong></span> <span class='ocrx_word' id='word_1_635' title='bbox 3129 3973 3202 4037; x_wconf 85' lang='grc' dir='ltr'><strong>είς</strong></span> <span class='ocrx_word' id='word_1_636' title='bbox 3261 3973 3351 4029; x_wconf 80' lang='grc' dir='ltr'><strong>τὸν</strong></span> <span class='ocrx_word' id='word_1_637' title='bbox 3410 3977 3508 4039; x_wconf 78' lang='grc' dir='ltr'>τῆς</span> <span class='ocrx_word' id='word_1_638' title='bbox 3571 3974 3868 4052; x_wconf 83' lang='grc' dir='ltr'>μαρτυρίας</span> 
     </span>
    </p>
   </div>
   <div class='ocr_carea' id='block_1_89' title="bbox 2207 4059 3872 4142">
    <p class='ocr_par' dir='ltr' id='par_1_89' title="bbox 2207 4059 3872 4142">
     <span class='ocr_line' id='line_1_89' title="bbox 2207 4059 3872 4142; baseline 0.001 -25"><span class='ocrx_word' id='word_1_639' title='bbox 2207 4059 2413 4139; x_wconf 72' lang='grc' dir='ltr'>ἤγαγον</span> <span class='ocrx_word' id='word_1_640' title='bbox 2467 4061 2654 4140; x_wconf 83' lang='grc' dir='ltr'>τόπον,</span> <span class='ocrx_word' id='word_1_641' title='bbox 2687 4060 2890 4128; x_wconf 82' lang='grc' dir='ltr'>πλῆθος</span> <span class='ocrx_word' id='word_1_642' title='bbox 2949 4061 3115 4128; x_wconf 74' lang='grc' dir='ltr'>αύτὴν</span> <span class='ocrx_word' id='word_1_643' title='bbox 3165 4060 3300 4119; x_wconf 85' lang='grc' dir='ltr'>πολὺ</span> <span class='ocrx_word' id='word_1_644' title='bbox 3353 4064 3718 4142; x_wconf 83' lang='grc' dir='ltr'>περιστάντες,</span> <span class='ocrx_word' id='word_1_645' title='bbox 3750 4064 3872 4138; x_wconf 75' lang='grc' dir='ltr'><strong>μεί-</strong></span> 
     </span>
    </p>
   </div>
   <div class='ocr_carea' id='block_1_90' title="bbox 2208 4149 3872 4235">
    <p class='ocr_par' dir='ltr' id='par_1_90' title="bbox 2208 4149 3872 4235">
     <span class='ocr_line' id='line_1_90' title="bbox 2208 4149 3872 4235; baseline 0.002 -28"><span class='ocrx_word' id='word_1_646' title='bbox 2208 4149 2362 4208; x_wconf 83' lang='grc' dir='ltr'>λιστα</span> <span class='ocrx_word' id='word_1_647' title='bbox 2419 4150 2472 4207; x_wconf 80' lang='grc' dir='ltr'>δὲ</span> <span class='ocrx_word' id='word_1_648' title='bbox 2505 4157 2767 4230; x_wconf 83' lang='grc' dir='ltr'>γυναικῶν</span> <span class='ocrx_word' id='word_1_649' title='bbox 2826 4150 2950 4208; x_wconf 80' lang='grc' dir='ltr'>ὅσον</span> <span class='ocrx_word' id='word_1_650' title='bbox 3008 4150 3258 4231; x_wconf 72' lang='grc' dir='ltr'>ἐπιφανὲς</span> <span class='ocrx_word' id='word_1_651' title='bbox 3317 4153 3510 4220; x_wconf 75' lang='grc' dir='ltr'>ἦνκαί</span> <span class='ocrx_word' id='word_1_652' title='bbox 3569 4153 3872 4235; x_wconf 69' lang='grc' dir='ltr'>ἐπίσημον,</span> 
     </span>
    </p>
   </div>
   <div class='ocr_carea' id='block_1_91' title="bbox 2208 4238 3870 4322">
    <p class='ocr_par' dir='ltr' id='par_1_91' title="bbox 2208 4238 3870 4322">
     <span class='ocr_line' id='line_1_91' title="bbox 2208 4238 3870 4322; baseline 0.002 -26"><span class='ocrx_word' id='word_1_653' title='bbox 2208 4240 2497 4299; x_wconf 79' lang='grc' dir='ltr'>ἐκόπτοντο</span> <span class='ocrx_word' id='word_1_654' title='bbox 2595 4245 2797 4319; x_wconf 73' lang='grc' dir='ltr'>πικρῶς</span> <span class='ocrx_word' id='word_1_655' title='bbox 2825 4289 2840 4319; x_wconf 89' lang='grc'><strong>,</strong></span> <span class='ocrx_word' id='word_1_656' title='bbox 2915 4238 3252 4322; x_wconf 76' lang='grc' dir='ltr'>ὠλοφύροντο</span> <span class='ocrx_word' id='word_1_657' title='bbox 3280 4289 3296 4321; x_wconf 85' lang='grc'><strong>,</strong></span> <span class='ocrx_word' id='word_1_658' title='bbox 3373 4242 3472 4310; x_wconf 79' lang='grc' dir='ltr'><strong>τὴν</strong></span> <span class='ocrx_word' id='word_1_659' title='bbox 3555 4239 3870 4300; x_wconf 82' lang='grc' dir='ltr'>τελευταίαν</span> 
     </span>
    </p>
   </div>
   <div class='ocr_carea' id='block_1_92' title="bbox 2209 4327 3874 4411">
    <p class='ocr_par' dir='ltr' id='par_1_92' title="bbox 2209 4327 3874 4411">
     <span class='ocr_line' id='line_1_92' title="bbox 2209 4327 3874 4411; baseline 0.004 -26"><span class='ocrx_word' id='word_1_660' title='bbox 2209 4331 2414 4398; x_wconf 81' lang='grc' dir='ltr'>ἐκείνην</span> <span class='ocrx_word' id='word_1_661' title='bbox 2471 4329 2726 4406; x_wconf 77' lang='grc' dir='ltr'>ἐκδημίαν</span> <span class='ocrx_word' id='word_1_662' title='bbox 2785 4330 3052 4394; x_wconf 79' lang='grc' dir='ltr'>ἐπένθουν,</span> <span class='ocrx_word' id='word_1_663' title='bbox 3091 4327 3286 4405; x_wconf 82' lang='grc' dir='ltr'>Ἠ.δὲ,</span> <span class='ocrx_word' id='word_1_664' title='bbox 3322 4331 3438 4407; x_wconf 74' lang='grc' dir='ltr'>μεθ’</span> <span class='ocrx_word' id='word_1_665' title='bbox 3487 4335 3664 4411; x_wconf 82' lang='grc' dir='ltr'>ὑγιοῦς</span> <span class='ocrx_word' id='word_1_666' title='bbox 3721 4335 3874 4392; x_wconf 77' lang='grc' dir='ltr'>πάνυ</span> 
     </span>
    </p>
   </div>
   <div class='ocr_carea' id='block_1_93' title="bbox 2207 4419 3873 4501">
    <p class='ocr_par' dir='ltr' id='par_1_93' title="bbox 2207 4419 3873 4501">
     <span class='ocr_line' id='line_1_93' title="bbox 2207 4419 3873 4501; baseline 0.002 -24"><span class='ocrx_word' id='word_1_667' title='bbox 2207 4420 2302 4477; x_wconf 78' lang='grc' dir='ltr'>καῖ</span> <span class='ocrx_word' id='word_1_668' title='bbox 2361 4422 2632 4500; x_wconf 82' lang='grc' dir='ltr'>ἀταράχου</span> <span class='ocrx_word' id='word_1_669' title='bbox 2689 4419 2785 4487; x_wconf 77' lang='grc' dir='ltr'><strong>τῆς</strong></span> <span class='ocrx_word' id='word_1_670' title='bbox 2850 4421 3247 4498; x_wconf 87' lang='grc' dir='ltr'>καταστάσεως,</span> <span class='ocrx_word' id='word_1_671' title='bbox 3281 4423 3466 4501; x_wconf 77' lang='grc' dir='ltr'>καιρὸν</span> <span class='ocrx_word' id='word_1_672' title='bbox 3496 4425 3570 4487; x_wconf 84' lang='grc' dir='ltr'>εἷς</span> <span class='ocrx_word' id='word_1_673' title='bbox 3626 4444 3873 4501; x_wconf 81' lang='grc' dir='ltr'>προσευ-</span> 
     </span>
    </p>
   </div>
   <div class='ocr_carea' id='block_1_94' title="bbox 2207 4508 3873 4591">
    <p class='ocr_par' dir='ltr' id='par_1_94' title="bbox 2207 4508 3873 4591">
     <span class='ocr_line' id='line_1_94' title="bbox 2207 4508 3873 4591; baseline 0.005 -26"><span class='ocrx_word' id='word_1_674' title='bbox 2207 4512 2318 4591; x_wconf 80' lang='grc' dir='ltr'><strong>χὴν</strong></span> <span class='ocrx_word' id='word_1_675' title='bbox 2376 4512 2539 4589; x_wconf 67' lang='grc' dir='ltr'>αἰτεῖ,</span> <span class='ocrx_word' id='word_1_676' title='bbox 2569 4509 2666 4567; x_wconf 73' lang='grc' dir='ltr'>καί</span> <span class='ocrx_word' id='word_1_677' title='bbox 2715 4508 2908 4567; x_wconf 82' lang='grc' dir='ltr'>διδοῦσι</span> <span class='ocrx_word' id='word_1_678' title='bbox 2960 4513 3056 4579; x_wconf 77' lang='grc' dir='ltr'>τὴν</span> <span class='ocrx_word' id='word_1_679' title='bbox 3087 4512 3248 4590; x_wconf 80' lang='grc' dir='ltr'>χάριν</span> <span class='ocrx_word' id='word_1_680' title='bbox 3295 4513 3342 4568; x_wconf 76' lang='grc' dir='ltr'>οἱ</span> <span class='ocrx_word' id='word_1_681' title='bbox 3394 4513 3735 4591; x_wconf 82' lang='grc' dir='ltr'>στρατιῶται,</span> <span class='ocrx_word' id='word_1_682' title='bbox 3777 4518 3873 4573; x_wconf 86' lang='grc' dir='ltr'><strong>καὶ</strong></span> 
     </span>
    </p>
   </div>
   <div class='ocr_carea' id='block_1_95' title="bbox 2204 4599 3866 4683">
    <p class='ocr_par' dir='ltr' id='par_1_95' title="bbox 2204 4599 3866 4683">
     <span class='ocr_line' id='line_1_95' title="bbox 2204 4599 3866 4683; baseline 0.005 -28"><span class='ocrx_word' id='word_1_683' title='bbox 2204 4613 2398 4680; x_wconf 74' lang='grc' dir='ltr'>χεῖρας</span> <span class='ocrx_word' id='word_1_684' title='bbox 2473 4599 2583 4676; x_wconf 78' lang='grc' dir='ltr'><strong>ἅμα</strong></span> <span class='ocrx_word' id='word_1_685' title='bbox 2652 4601 2740 4656; x_wconf 86' lang='grc' dir='ltr'><strong>καὶ</strong></span> <span class='ocrx_word' id='word_1_686' title='bbox 2810 4600 2995 4680; x_wconf 77' lang='grc' dir='ltr'>ψυχῆν</span> <span class='ocrx_word' id='word_1_687' title='bbox 3063 4603 3135 4664; x_wconf 87' lang='grc' dir='ltr'>εἷς</span> <span class='ocrx_word' id='word_1_688' title='bbox 3208 4603 3458 4678; x_wconf 65' lang='grc' dir='ltr'>οὐρανοὺς</span> <span class='ocrx_word' id='word_1_689' title='bbox 3518 4602 3866 4683; x_wconf 79' lang='grc' dir='ltr'>ἀνασχοῦσα,</span> 
     </span>
    </p>
   </div>
   <div class='ocr_carea' id='block_1_96' title="bbox 468 4683 2117 4772">
    <p class='ocr_par' dir='ltr' id='par_1_96' title="bbox 468 4683 2108 4771">
     <span class='ocr_line' id='line_1_96' title="bbox 468 4683 2108 4771; baseline 0.002 -25"><span class='ocrx_word' id='word_1_690' title='bbox 468 4686 630 4747; x_wconf 90' lang='lat' dir='ltr'><strong>mine</strong></span> <span class='ocrx_word' id='word_1_691' title='bbox 663 4683 805 4747; x_wconf 86' lang='lat' dir='ltr'><strong>Jesu</strong></span> <span class='ocrx_word' id='word_1_692' title='bbox 859 4683 1118 4760; x_wconf 88' lang='lat' dir='ltr'><strong>Christe,</strong></span> <span class='ocrx_word' id='word_1_693' title='bbox 1153 4685 1310 4771; x_wconf 86' lang='lat' dir='ltr'><strong>Deus</strong></span> <span class='ocrx_word' id='word_1_694' title='bbox 1345 4707 1537 4764; x_wconf 85' lang='lat' dir='ltr'><strong>meus,</strong></span> <span class='ocrx_word' id='word_1_695' title='bbox 1576 4707 1684 4769; x_wconf 82' lang='lat' dir='ltr'><strong>ago</strong></span> <span class='ocrx_word' id='word_1_696' title='bbox 1717 4689 1822 4750; x_wconf 87' lang='lat' dir='ltr'><strong>tibi</strong></span> <span class='ocrx_word' id='word_1_697' title='bbox 1872 4691 2108 4769; x_wconf 81' lang='lat' dir='ltr'><strong>gratias,</strong></span> 
     </span>
    </p>
   </div>
   <div class='ocr_carea' id='block_1_97' title="bbox 2203 4683 3868 4772">
    <p class='ocr_par' dir='ltr' id='par_1_97' title="bbox 2203 4689 3868 4772">
     <span class='ocr_line' id='line_1_97' title="bbox 2203 4689 3868 4772; baseline 0 -24"><span class='ocrx_word' id='word_1_698' title='bbox 2203 4691 2354 4770; x_wconf 86' lang='grc' dir='ltr'>Κύριε</span> <span class='ocrx_word' id='word_1_699' title='bbox 2412 4691 2588 4757; x_wconf 83' lang='grc' dir='ltr'>Ἰησόῦ</span> <span class='ocrx_word' id='word_1_700' title='bbox 2643 4689 2834 4767; x_wconf 81' lang='grc' dir='ltr'>Χριστέ</span> <span class='ocrx_word' id='word_1_701' title='bbox 2892 4693 2921 4746; x_wconf 83' lang='grc' dir='ltr'>ὁ</span> <span class='ocrx_word' id='word_1_702' title='bbox 2964 4691 3094 4755; x_wconf 87' lang='grc' dir='ltr'>Θεός</span> <span class='ocrx_word' id='word_1_703' title='bbox 3164 4691 3288 4768; x_wconf 81' lang='grc' dir='ltr'>μδυ,</span> <span class='ocrx_word' id='word_1_704' title='bbox 3353 4690 3478 4772; x_wconf 71' lang='grc' dir='ltr'>ἔφη,</span> <span class='ocrx_word' id='word_1_705' title='bbox 3545 4697 3868 4772; x_wconf 70' lang='grc' dir='ltr'>εὐχαριστῶ</span> 
     </span>
    </p>
   </div>
   <div class='ocr_carea' id='block_1_98' title="bbox 470 4768 2116 4858">
    <p class='ocr_par' dir='ltr' id='par_1_98' title="bbox 470 4768 2116 4858">
     <span class='ocr_line' id='line_1_98' title="bbox 470 4768 2116 4858; baseline 0.003 -22"><span class='ocrx_word' id='word_1_706' title='bbox 470 4775 630 4858; x_wconf 85' lang='lat' dir='ltr'><strong>quod</strong></span> <span class='ocrx_word' id='word_1_707' title='bbox 661 4773 932 4858; x_wconf 81' lang='lat' dir='ltr'><strong>statuisti</strong></span> <span class='ocrx_word' id='word_1_708' title='bbox 975 4792 1152 4854; x_wconf 88' lang='lat' dir='ltr'><strong>supra</strong></span> <span class='ocrx_word' id='word_1_709' title='bbox 1203 4768 1430 4857; x_wconf 86' lang='lat' dir='ltr'><strong>petram</strong></span> <span class='ocrx_word' id='word_1_710' title='bbox 1467 4768 1647 4857; x_wconf 88' lang='lat' dir='ltr'><strong>pedes</strong></span> <span class='ocrx_word' id='word_1_711' title='bbox 1698 4768 1890 4858; x_wconf 80' lang='lat' dir='ltr'><strong>meos,</strong></span> <span class='ocrx_word' id='word_1_712' title='bbox 1919 4787 1977 4840; x_wconf 91' lang='lat' dir='ltr'><strong>et</strong></span> <span class='ocrx_word' id='word_1_713' title='bbox 2021 4781 2116 4841; x_wconf 85' lang='lat' dir='ltr'><strong>di-</strong></span> 
     </span>
    </p>
   </div>
   <div class='ocr_carea' id='block_1_99' title="bbox 466 4855 2111 4938">
    <p class='ocr_par' dir='ltr' id='par_1_99' title="bbox 466 4855 2111 4938">
     <span class='ocr_line' id='line_1_99' title="bbox 466 4855 2111 4938; baseline 0.002 -21"><span class='ocrx_word' id='word_1_714' title='bbox 466 4855 675 4918; x_wconf 81' lang='lat' dir='ltr'><strong>rexisti</strong></span> <span class='ocrx_word' id='word_1_715' title='bbox 733 4873 974 4935; x_wconf 85' lang='lat' dir='ltr'><strong>gressus</strong></span> <span class='ocrx_word' id='word_1_716' title='bbox 1003 4855 1285 4932; x_wconf 51' lang='lat' dir='ltr'><strong>meos,&#39;et</strong></span> <span class='ocrx_word' id='word_1_717' title='bbox 1339 4855 1498 4919; x_wconf 86' lang='lat' dir='ltr'><strong>nunc</strong></span> <span class='ocrx_word' id='word_1_718' title='bbox 1553 4859 1806 4922; x_wconf 80' lang='lat' dir='ltr'><strong>extende</strong></span> <span class='ocrx_word' id='word_1_719' title='bbox 1868 4855 2111 4938; x_wconf 86' lang='lat' dir='ltr'><strong>palmas,</strong></span> 
     </span>
    </p>
   </div>
   <div class='ocr_carea' id='block_1_100' title="bbox 466 4945 2116 5029">
    <p class='ocr_par' dir='ltr' id='par_1_100' title="bbox 466 4945 2116 5029">
     <span class='ocr_line' id='line_1_100' title="bbox 466 4945 2116 5029; baseline 0.002 -21"><span class='ocrx_word' id='word_1_720' title='bbox 466 4964 598 5027; x_wconf 65' lang='lat' dir='ltr'><strong>qua;</strong></span> <span class='ocrx_word' id='word_1_721' title='bbox 631 4963 736 5026; x_wconf 86' lang='lat' dir='ltr'><strong>pro</strong></span> <span class='ocrx_word' id='word_1_722' title='bbox 767 4963 864 5006; x_wconf 77' lang='lat' dir='ltr'><strong>me</strong></span> <span class='ocrx_word' id='word_1_723' title='bbox 894 4945 956 5007; x_wconf 94' lang='lat' dir='ltr'><strong>in</strong></span> <span class='ocrx_word' id='word_1_724' title='bbox 983 4964 1161 5008; x_wconf 88' lang='lat' dir='ltr'><strong>cruce</strong></span> <span class='ocrx_word' id='word_1_725' title='bbox 1182 4947 1422 5008; x_wconf 80' lang='lat' dir='ltr'><strong>fuerunt</strong></span> <span class='ocrx_word' id='word_1_726' title='bbox 1452 4949 1754 5029; x_wconf 84' lang='lat' dir='ltr'><strong>sauciatae,</strong></span> <span class='ocrx_word' id='word_1_727' title='bbox 1791 4961 1851 5010; x_wconf 88' lang='lat' dir='ltr'><strong>et</strong></span> <span class='ocrx_word' id='word_1_728' title='bbox 1881 4950 2116 5029; x_wconf 87' lang='lat' dir='ltr'><strong>suscipe</strong></span> 
     </span>
    </p>
   </div>
   <div class='ocr_carea' id='block_1_101' title="bbox 463 5036 2115 5118">
    <p class='ocr_par' dir='ltr' id='par_1_101' title="bbox 463 5036 2115 5118">
     <span class='ocr_line' id='line_1_101' title="bbox 463 5036 2115 5118; baseline 0.002 -21"><span class='ocrx_word' id='word_1_729' title='bbox 463 5037 749 5116; x_wconf 83' lang='lat' dir='ltr'><strong>animam,</strong></span> <span class='ocrx_word' id='word_1_730' title='bbox 782 5053 956 5116; x_wconf 91' lang='lat' dir='ltr'><strong>quam</strong></span> <span class='ocrx_word' id='word_1_731' title='bbox 1006 5036 1336 5113; x_wconf 83' lang='lat' dir='ltr'><strong>sacriﬁcavi</strong></span> <span class='ocrx_word' id='word_1_732' title='bbox 1384 5055 1490 5118; x_wconf 89' lang='lat' dir='ltr'><strong>pro</strong></span> <span class='ocrx_word' id='word_1_733' title='bbox 1537 5045 1594 5100; x_wconf 91' lang='lat' dir='ltr'><strong>te</strong></span> <span class='ocrx_word' id='word_1_734' title='bbox 1647 5049 1705 5100; x_wconf 89' lang='lat' dir='ltr'><strong>et</strong></span> <span class='ocrx_word' id='word_1_735' title='bbox 1735 5047 1832 5100; x_wconf 90' lang='lat' dir='ltr'><strong>tua</strong></span> <span class='ocrx_word' id='word_1_736' title='bbox 1888 5039 2115 5102; x_wconf 73' lang='lat' dir='ltr'><strong>confes-</strong></span> 
     </span>
    </p>
   </div>
   <div class='ocr_carea' id='block_1_102' title="bbox 466 5123 2120 5207">
    <p class='ocr_par' dir='ltr' id='par_1_102' title="bbox 466 5123 2120 5207">
     <span class='ocr_line' id='line_1_102' title="bbox 466 5123 2120 5207; baseline -0.001 -18"><span class='ocrx_word' id='word_1_737' title='bbox 466 5125 665 5189; x_wconf 80' lang='lat' dir='ltr'><strong>sione.</strong></span> <span class='ocrx_word' id='word_1_738' title='bbox 711 5123 1031 5199; x_wconf 82' lang='lat' dir='ltr'><strong>Memento,</strong></span> <span class='ocrx_word' id='word_1_739' title='bbox 1082 5125 1354 5204; x_wconf 90' lang='lat' dir='ltr'><strong>Domine,</strong></span> <span class='ocrx_word' id='word_1_740' title='bbox 1399 5127 1558 5207; x_wconf 89' lang='lat' dir='ltr'><strong>quod</strong></span> <span class='ocrx_word' id='word_1_741' title='bbox 1608 5146 1816 5190; x_wconf 91' lang='lat' dir='ltr'><strong>sumus</strong></span> <span class='ocrx_word' id='word_1_742' title='bbox 1863 5146 2000 5191; x_wconf 88' lang='lat' dir='ltr'><strong>caro</strong></span> <span class='ocrx_word' id='word_1_743' title='bbox 2062 5134 2120 5191; x_wconf 91' lang='lat' dir='ltr'><strong>et</strong></span> 
     </span>
    </p>
   </div>
   <div class='ocr_carea' id='block_1_103' title="bbox 461 5217 2118 5298">
    <p class='ocr_par' dir='ltr' id='par_1_103' title="bbox 461 5217 2118 5298">
     <span class='ocr_line' id='line_1_103' title="bbox 461 5217 2118 5298; baseline 0.001 -20"><span class='ocrx_word' id='word_1_744' title='bbox 461 5219 725 5294; x_wconf 81' lang='lat' dir='ltr'><strong>sanguis,</strong></span> <span class='ocrx_word' id='word_1_745' title='bbox 761 5222 820 5276; x_wconf 83' lang='lat' dir='ltr'><strong>et</strong></span> <span class='ocrx_word' id='word_1_746' title='bbox 844 5233 917 5276; x_wconf 91' lang='lat' dir='ltr'><strong>ne</strong></span> <span class='ocrx_word' id='word_1_747' title='bbox 949 5217 1276 5295; x_wconf 88' lang='lat' dir='ltr'><strong>permittas,</strong></span> <span class='ocrx_word' id='word_1_748' title='bbox 1310 5225 1395 5293; x_wconf 92' lang='lat' dir='ltr'><strong>ut,</strong></span> <span class='ocrx_word' id='word_1_749' title='bbox 1427 5235 1557 5298; x_wconf 68' lang='lat' dir='ltr'><strong>qua)</strong></span> <span class='ocrx_word' id='word_1_750' title='bbox 1580 5235 1614 5278; x_wconf 90' lang='lat' dir='ltr'><strong>a</strong></span> <span class='ocrx_word' id='word_1_751' title='bbox 1646 5236 1740 5280; x_wconf 92' lang='lat' dir='ltr'><strong>me</strong></span> <span class='ocrx_word' id='word_1_752' title='bbox 1771 5217 1922 5280; x_wconf 80' lang='lat' dir='ltr'><strong>facta</strong></span> <span class='ocrx_word' id='word_1_753' title='bbox 1976 5217 2118 5280; x_wconf 67' lang='lat' dir='ltr'><strong>sunt</strong></span> 
     </span>
    </p>
   </div>
   <div class='ocr_carea' id='block_1_104' title="bbox 460 5305 2115 5388">
    <p class='ocr_par' dir='ltr' id='par_1_104' title="bbox 460 5305 2115 5388">
     <span class='ocr_line' id='line_1_104' title="bbox 460 5305 2115 5388; baseline 0.001 -20"><span class='ocrx_word' id='word_1_754' title='bbox 460 5323 573 5386; x_wconf 87' lang='lat' dir='ltr'><strong>per</strong></span> <span class='ocrx_word' id='word_1_755' title='bbox 599 5305 1016 5384; x_wconf 76' lang='lat' dir='ltr'><strong>ignorantiam,</strong></span> <span class='ocrx_word' id='word_1_756' title='bbox 1049 5305 1110 5367; x_wconf 91' lang='lat' dir='ltr'><strong>in</strong></span> <span class='ocrx_word' id='word_1_757' title='bbox 1163 5319 1438 5386; x_wconf 88' lang='lat' dir='ltr'><strong>apertum</strong></span> <span class='ocrx_word' id='word_1_758' title='bbox 1475 5309 1780 5388; x_wconf 85' lang='lat' dir='ltr'><strong>proferant</strong></span> <span class='ocrx_word' id='word_1_759' title='bbox 1809 5326 1978 5370; x_wconf 88' lang='lat' dir='ltr'><strong>acres</strong></span> <span class='ocrx_word' id='word_1_760' title='bbox 2023 5327 2115 5370; x_wconf 91' lang='lat' dir='ltr'><strong>re-</strong></span> 
     </span>
    </p>
   </div>
   <div class='ocr_carea' id='block_1_105' title="bbox 459 5399 2111 5461">
    <p class='ocr_par' dir='ltr' id='par_1_105' title="bbox 459 5399 2111 5461">
     <span class='ocr_line' id='line_1_105' title="bbox 459 5399 2111 5461; baseline 0.002 -3"><span class='ocrx_word' id='word_1_761' title='bbox 459 5413 596 5458; x_wconf 87' lang='lat' dir='ltr'><strong>rum</strong></span> <span class='ocrx_word' id='word_1_762' title='bbox 630 5403 970 5458; x_wconf 88' lang='lat' dir='ltr'><strong>nostrarum</strong></span> <span class='ocrx_word' id='word_1_763' title='bbox 1004 5399 1441 5459; x_wconf 84' lang='lat' dir='ltr'><strong>examinatores</strong></span> <span class='ocrx_word' id='word_1_764' title='bbox 1472 5406 1608 5460; x_wconf 87' lang='lat' dir='ltr'><strong>ante</strong></span> <span class='ocrx_word' id='word_1_765' title='bbox 1644 5407 1806 5460; x_wconf 91' lang='lat' dir='ltr'><strong>tuum</strong></span> <span class='ocrx_word' id='word_1_766' title='bbox 1842 5399 2111 5461; x_wconf 89' lang='lat' dir='ltr'><strong>terribile</strong></span> 
     </span>
    </p>
   </div>
   <div class='ocr_carea' id='block_1_106' title="bbox 462 5486 2110 5570">
    <p class='ocr_par' dir='ltr' id='par_1_106' title="bbox 462 5486 2110 5570">
     <span class='ocr_line' id='line_1_106' title="bbox 462 5486 2110 5570; baseline 0.001 -23"><span class='ocrx_word' id='word_1_767' title='bbox 462 5493 521 5547; x_wconf 85' lang='lat' dir='ltr'><strong>et</strong></span> <span class='ocrx_word' id='word_1_768' title='bbox 551 5487 959 5566; x_wconf 88' lang='lat' dir='ltr'><strong>incorruptum</strong></span> <span class='ocrx_word' id='word_1_769' title='bbox 995 5486 1251 5548; x_wconf 90' lang='lat' dir='ltr'><strong>tribunal</strong></span> <span class='ocrx_word' id='word_1_770' title='bbox 1280 5506 1293 5549; x_wconf 90' lang='lat'><strong>:</strong></span> <span class='ocrx_word' id='word_1_771' title='bbox 1351 5490 1457 5549; x_wconf 87' lang='lat' dir='ltr'><strong>sed</strong></span> <span class='ocrx_word' id='word_1_772' title='bbox 1485 5506 1664 5568; x_wconf 89' lang='lat' dir='ltr'><strong>quem</strong></span> <span class='ocrx_word' id='word_1_773' title='bbox 1697 5507 1802 5570; x_wconf 88' lang='lat' dir='ltr'><strong>pro</strong></span> <span class='ocrx_word' id='word_1_774' title='bbox 1835 5498 1893 5550; x_wconf 87' lang='lat' dir='ltr'><strong>te</strong></span> <span class='ocrx_word' id='word_1_775' title='bbox 1927 5489 2110 5551; x_wconf 71' lang='lat' dir='ltr'><strong>effudi</strong></span> 
     </span>
    </p>
   </div>
   <div class='ocr_carea' id='block_1_107' title="bbox 459 5577 2107 5653">
    <p class='ocr_par' dir='ltr' id='par_1_107' title="bbox 459 5577 2107 5653">
     <span class='ocr_line' id='line_1_107' title="bbox 459 5577 2107 5653; baseline 0.002 -16"><span class='ocrx_word' id='word_1_776' title='bbox 459 5577 835 5653; x_wconf 84' lang='lat' dir='ltr'><strong>sanguinem,</strong></span> <span class='ocrx_word' id='word_1_777' title='bbox 889 5593 992 5639; x_wconf 88' lang='lat' dir='ltr'><strong>eos</strong></span> <span class='ocrx_word' id='word_1_778' title='bbox 1024 5594 1186 5639; x_wconf 87' lang='lat' dir='ltr'><strong>meas</strong></span> <span class='ocrx_word' id='word_1_779' title='bbox 1242 5577 1506 5639; x_wconf 88' lang='lat' dir='ltr'><strong>maculas</strong></span> <span class='ocrx_word' id='word_1_780' title='bbox 1539 5580 1741 5641; x_wconf 86' lang='lat' dir='ltr'><strong>ablue.</strong></span> <span class='ocrx_word' id='word_1_781' title='bbox 1774 5577 1860 5640; x_wconf 89' lang='lat' dir='ltr'><strong>Da</strong></span> <span class='ocrx_word' id='word_1_782' title='bbox 1912 5589 2107 5641; x_wconf 90' lang='lat' dir='ltr'><strong>autem</strong></span> 
     </span>
    </p>
   </div>
   <div class='ocr_carea' id='block_1_108' title="bbox 461 5665 2108 5752">
    <p class='ocr_par' dir='ltr' id='par_1_108' title="bbox 461 5665 2108 5752">
     <span class='ocr_line' id='line_1_108' title="bbox 461 5665 2108 5752; baseline -0.003 -15"><span class='ocrx_word' id='word_1_783' title='bbox 461 5673 527 5738; x_wconf 84' lang='lat' dir='ltr'><strong>ut</strong></span> <span class='ocrx_word' id='word_1_784' title='bbox 573 5665 686 5731; x_wconf 91' lang='lat' dir='ltr'><strong>hoc</strong></span> <span class='ocrx_word' id='word_1_785' title='bbox 720 5681 918 5732; x_wconf 86' lang='lat' dir='ltr'><strong>meum</strong></span> <span class='ocrx_word' id='word_1_786' title='bbox 978 5682 1218 5752; x_wconf 80' lang='lat' dir='ltr'><strong>corpus,</strong></span> <span class='ocrx_word' id='word_1_787' title='bbox 1251 5667 1408 5752; x_wconf 90' lang='lat' dir='ltr'><strong>quod</strong></span> <span class='ocrx_word' id='word_1_788' title='bbox 1451 5685 1556 5752; x_wconf 91' lang='lat' dir='ltr'><strong>pro</strong></span> <span class='ocrx_word' id='word_1_789' title='bbox 1599 5675 1656 5732; x_wconf 90' lang='lat' dir='ltr'><strong>te</strong></span> <span class='ocrx_word' id='word_1_790' title='bbox 1706 5667 1817 5733; x_wconf 85' lang='lat' dir='ltr'><strong>iuit</strong></span> <span class='ocrx_word' id='word_1_791' title='bbox 1847 5669 2108 5738; x_wconf 85' lang='lat' dir='ltr'><strong>conscis-</strong></span> 
     </span>
    </p>
   </div>
   <div class='ocr_carea' id='block_1_109' title="bbox 2199 4779 3858 4865">
    <p class='ocr_par' dir='ltr' id='par_1_109' title="bbox 2199 4779 3858 4865">
     <span class='ocr_line' id='line_1_109' title="bbox 2199 4779 3858 4865; baseline 0.005 -30"><span class='ocrx_word' id='word_1_792' title='bbox 2199 4801 2282 4838; x_wconf 93' lang='grc' dir='ltr'><strong>σοι</strong></span> <span class='ocrx_word' id='word_1_793' title='bbox 2377 4780 2458 4836; x_wconf 82' lang='grc' dir='ltr'><strong>ὅτι</strong></span> <span class='ocrx_word' id='word_1_794' title='bbox 2536 4780 2766 4848; x_wconf 71' lang='grc' dir='ltr'>ἔστησας</span> <span class='ocrx_word' id='word_1_795' title='bbox 2853 4779 2938 4837; x_wconf 84' lang='grc' dir='ltr'>ἐπὶ</span> <span class='ocrx_word' id='word_1_796' title='bbox 3010 4779 3208 4859; x_wconf 86' lang='grc' dir='ltr'>πέτραν</span> <span class='ocrx_word' id='word_1_797' title='bbox 3285 4782 3408 4848; x_wconf 83' lang='grc' dir='ltr'>τοὺς</span> <span class='ocrx_word' id='word_1_798' title='bbox 3483 4780 3647 4846; x_wconf 86' lang='grc' dir='ltr'>πόδας</span> <span class='ocrx_word' id='word_1_799' title='bbox 3719 4808 3858 4865; x_wconf 83' lang='grc' dir='ltr'>μου,</span> 
     </span>
    </p>
   </div>
   <div class='ocr_carea' id='block_1_110' title="bbox 2198 4867 3871 4951">
    <p class='ocr_par' dir='ltr' id='par_1_110' title="bbox 2198 4867 3871 4951">
     <span class='ocr_line' id='line_1_110' title="bbox 2198 4867 3871 4951; baseline 0.005 -26"><span class='ocrx_word' id='word_1_800' title='bbox 2198 4869 2294 4925; x_wconf 72' lang='grc' dir='ltr'>καί</span> <span class='ocrx_word' id='word_1_801' title='bbox 2363 4871 2678 4934; x_wconf 59' lang='grc' dir='ltr'>κατειῖουίας</span> <span class='ocrx_word' id='word_1_802' title='bbox 2757 4871 2821 4926; x_wconf 78' lang='grc' dir='ltr'>τὰ</span> <span class='ocrx_word' id='word_1_803' title='bbox 2893 4867 3198 4948; x_wconf 79' lang='grc' dir='ltr'>διαϐήματά</span> <span class='ocrx_word' id='word_1_804' title='bbox 3259 4893 3388 4951; x_wconf 80' lang='grc' dir='ltr'>μου,</span> <span class='ocrx_word' id='word_1_805' title='bbox 3447 4873 3536 4930; x_wconf 77' lang='grc' dir='ltr'><strong>καὶ</strong></span> <span class='ocrx_word' id='word_1_806' title='bbox 3607 4879 3696 4930; x_wconf 81' lang='grc' dir='ltr'><strong>νῦν</strong></span> <span class='ocrx_word' id='word_1_807' title='bbox 3765 4876 3871 4934; x_wconf 80' lang='grc' dir='ltr'><strong>ἔκ-</strong></span> 
     </span>
    </p>
   </div>
   <div class='ocr_carea' id='block_1_111' title="bbox 2197 4960 3872 5040">
    <p class='ocr_par' dir='ltr' id='par_1_111' title="bbox 2197 4960 3872 5040">
     <span class='ocr_line' id='line_1_111' title="bbox 2197 4960 3872 5040; baseline 0.004 -24"><span class='ocrx_word' id='word_1_808' title='bbox 2197 4960 2368 5016; x_wconf 88' lang='grc' dir='ltr'>τεινόν</span> <span class='ocrx_word' id='word_1_809' title='bbox 2467 4984 2560 5018; x_wconf 91' lang='grc' dir='ltr'><strong>σου</strong></span> <span class='ocrx_word' id='word_1_810' title='bbox 2663 4962 2761 5025; x_wconf 81' lang='grc' dir='ltr'><strong>τὰς</strong></span> <span class='ocrx_word' id='word_1_811' title='bbox 2873 4961 3005 5039; x_wconf 77' lang='grc' dir='ltr'>ὑπὲρ</span> <span class='ocrx_word' id='word_1_812' title='bbox 3114 4962 3270 5035; x_wconf 69' lang='grc' dir='ltr'>ἡμῶν</span> <span class='ocrx_word' id='word_1_813' title='bbox 3382 4965 3872 5040; x_wconf 81' lang='grc' dir='ltr'>τραυματισθείσας</span> 
     </span>
    </p>
   </div>
   <div class='ocr_carea' id='block_1_112' title="bbox 2203 5048 3877 5131">
    <p class='ocr_par' dir='ltr' id='par_1_112' title="bbox 2203 5048 3877 5131">
     <span class='ocr_line' id='line_1_112' title="bbox 2203 5048 3877 5131; baseline 0.004 -25"><span class='ocrx_word' id='word_1_814' title='bbox 2203 5053 2411 5130; x_wconf 88' lang='grc' dir='ltr'>σταυρῷ</span> <span class='ocrx_word' id='word_1_815' title='bbox 2467 5049 2744 5130; x_wconf 85' lang='grc' dir='ltr'>παλάμας,</span> <span class='ocrx_word' id='word_1_816' title='bbox 2774 5051 2862 5107; x_wconf 79' lang='grc' dir='ltr'>καὶ</span> <span class='ocrx_word' id='word_1_817' title='bbox 2911 5048 3049 5114; x_wconf 76' lang='grc' dir='ltr'>δέξαι</span> <span class='ocrx_word' id='word_1_818' title='bbox 3101 5051 3200 5118; x_wconf 78' lang='grc' dir='ltr'><strong>τὴν</strong></span> <span class='ocrx_word' id='word_1_819' title='bbox 3244 5051 3428 5131; x_wconf 78' lang='grc' dir='ltr'>ψυχὴν</span> <span class='ocrx_word' id='word_1_820' title='bbox 3459 5049 3527 5119; x_wconf 73' lang='grc' dir='ltr'>ἢν</span> <span class='ocrx_word' id='word_1_821' title='bbox 3583 5052 3714 5130; x_wconf 83' lang='grc' dir='ltr'>ὑπὲρ</span> <span class='ocrx_word' id='word_1_822' title='bbox 3769 5063 3877 5115; x_wconf 83' lang='grc' dir='ltr'><strong>σοῦ</strong></span> 
     </span>
    </p>
   </div>
   <div class='ocr_carea' id='block_1_113' title="bbox 2201 5138 3875 5229">
    <p class='ocr_par' dir='ltr' id='par_1_113' title="bbox 2201 5138 3875 5229">
     <span class='ocr_line' id='line_1_113' title="bbox 2201 5138 3875 5229; baseline 0.004 -33"><span class='ocrx_word' id='word_1_823' title='bbox 2201 5141 2289 5229; x_wconf 74' lang='grc' dir='ltr'><strong>καὶ</strong></span> <span class='ocrx_word' id='word_1_824' title='bbox 2347 5145 2444 5207; x_wconf 81' lang='grc' dir='ltr'>τῆς</span> <span class='ocrx_word' id='word_1_825' title='bbox 2492 5141 2590 5208; x_wconf 80' lang='grc' dir='ltr'>σῆς</span> <span class='ocrx_word' id='word_1_826' title='bbox 2649 5138 2937 5219; x_wconf 83' lang='grc' dir='ltr'>ὁμολογίας</span> <span class='ocrx_word' id='word_1_827' title='bbox 2990 5139 3274 5205; x_wconf 81' lang='grc' dir='ltr'>κατέθυσα.</span> <span class='ocrx_word' id='word_1_828' title='bbox 3326 5141 3638 5229; x_wconf 54' lang='grc' dir='ltr'><strong>ΔΜνήσθητι,</strong></span> <span class='ocrx_word' id='word_1_829' title='bbox 3677 5144 3875 5229; x_wconf 83' lang='grc' dir='ltr'>Κύριε,</span> 
     </span>
    </p>
   </div>
   <div class='ocr_carea' id='block_1_114' title="bbox 2200 5226 3878 5312">
    <p class='ocr_par' dir='ltr' id='par_1_114' title="bbox 2200 5226 3878 5312">
     <span class='ocr_line' id='line_1_114' title="bbox 2200 5226 3878 5312; baseline 0.008 -28"><span class='ocrx_word' id='word_1_830' title='bbox 2200 5226 2282 5286; x_wconf 84' lang='grc' dir='ltr'><strong>ὅτι</strong></span> <span class='ocrx_word' id='word_1_831' title='bbox 2335 5229 2458 5306; x_wconf 79' lang='grc' dir='ltr'>σὰρξ</span> <span class='ocrx_word' id='word_1_832' title='bbox 2508 5230 2594 5285; x_wconf 87' lang='grc' dir='ltr'><strong>καὶ</strong></span> <span class='ocrx_word' id='word_1_833' title='bbox 2647 5230 2786 5304; x_wconf 76' lang='grc' dir='ltr'>αἷμά</span> <span class='ocrx_word' id='word_1_834' title='bbox 2833 5230 3015 5304; x_wconf 84' lang='grc' dir='ltr'>ἐσμεν,</span> <span class='ocrx_word' id='word_1_835' title='bbox 3049 5229 3138 5285; x_wconf 77' lang='grc' dir='ltr'><strong>καὶ</strong></span> <span class='ocrx_word' id='word_1_836' title='bbox 3188 5229 3267 5298; x_wconf 76' lang='grc' dir='ltr'><strong>μὴ</strong></span> <span class='ocrx_word' id='word_1_837' title='bbox 3319 5226 3422 5304; x_wconf 83' lang='grc' dir='ltr'><strong>δῷς</strong></span> <span class='ocrx_word' id='word_1_838' title='bbox 3473 5231 3537 5286; x_wconf 72' lang='grc' dir='ltr'><strong>τὰ</strong></span> <span class='ocrx_word' id='word_1_839' title='bbox 3589 5231 3644 5287; x_wconf 73' lang='grc' dir='ltr'>ἐν</span> <span class='ocrx_word' id='word_1_840' title='bbox 3675 5226 3878 5312; x_wconf 69' lang='grc' dir='ltr'>ἀγνοίᾲ</span> 
     </span>
    </p>
   </div>
   <div class='ocr_carea' id='block_1_115' title="bbox 2198 5318 3870 5399">
    <p class='ocr_par' dir='ltr' id='par_1_115' title="bbox 2198 5318 3870 5399">
     <span class='ocr_line' id='line_1_115' title="bbox 2198 5318 3870 5399; baseline -0.001 -24"><span class='ocrx_word' id='word_1_841' title='bbox 2198 5341 2288 5394; x_wconf 86' lang='grc' dir='ltr'><strong>μοι</strong></span> <span class='ocrx_word' id='word_1_842' title='bbox 2332 5318 2680 5398; x_wconf 86' lang='grc' dir='ltr'>πεπραγμένα</span> <span class='ocrx_word' id='word_1_843' title='bbox 2740 5331 2859 5381; x_wconf 79' lang='grc' dir='ltr'>τοῖς</span> <span class='ocrx_word' id='word_1_844' title='bbox 2919 5318 3114 5382; x_wconf 69' lang='grc' dir='ltr'>δεινοῖς</span> <span class='ocrx_word' id='word_1_845' title='bbox 3165 5326 3271 5376; x_wconf 85' lang='grc' dir='ltr'><strong>τῶν</strong></span> <span class='ocrx_word' id='word_1_846' title='bbox 3331 5319 3607 5399; x_wconf 73' lang='grc' dir='ltr'>ἡμετέρων</span> <span class='ocrx_word' id='word_1_847' title='bbox 3665 5321 3870 5388; x_wconf 60' lang='lat' dir='ltr'><strong>circa-</strong></span> 
     </span>
    </p>
   </div>
   <div class='ocr_carea' id='block_1_116' title="bbox 2196 5407 3871 5489">
    <p class='ocr_par' dir='ltr' id='par_1_116' title="bbox 2196 5407 3871 5489">
     <span class='ocr_line' id='line_1_116' title="bbox 2196 5407 3871 5489; baseline 0.002 -27"><span class='ocrx_word' id='word_1_848' title='bbox 2196 5422 2349 5475; x_wconf 79' lang='grc' dir='ltr'>σταῖς</span> <span class='ocrx_word' id='word_1_849' title='bbox 2417 5407 2803 5465; x_wconf 85' lang='grc' dir='ltr'>ἀνακαλύπτειν</span> <span class='ocrx_word' id='word_1_850' title='bbox 2875 5411 2964 5465; x_wconf 64' lang='grc' dir='ltr'><strong>ἐπὶ</strong></span> <span class='ocrx_word' id='word_1_851' title='bbox 3031 5416 3124 5466; x_wconf 81' lang='grc' dir='ltr'>τοῦ</span> <span class='ocrx_word' id='word_1_852' title='bbox 3208 5407 3432 5489; x_wconf 78' lang='grc' dir='ltr'>φοϐεροῦ</span> <span class='ocrx_word' id='word_1_853' title='bbox 3500 5413 3587 5468; x_wconf 84' lang='grc' dir='ltr'><strong>καὶ</strong></span> <span class='ocrx_word' id='word_1_854' title='bbox 3657 5411 3871 5471; x_wconf 71' lang='grc' dir='ltr'>ἀδεκά-</span> 
     </span>
    </p>
   </div>
   <div class='ocr_carea' id='block_1_117' title="bbox 2195 5498 3867 5581">
    <p class='ocr_par' dir='ltr' id='par_1_117' title="bbox 2195 5498 3867 5581">
     <span class='ocr_line' id='line_1_117' title="bbox 2195 5498 3867 5581; baseline 0.001 -28"><span class='ocrx_word' id='word_1_855' title='bbox 2195 5518 2320 5554; x_wconf 85' lang='grc' dir='ltr'>στου</span> <span class='ocrx_word' id='word_1_856' title='bbox 2377 5519 2470 5555; x_wconf 86' lang='grc' dir='ltr'><strong>σου</strong></span> <span class='ocrx_word' id='word_1_857' title='bbox 2518 5499 2780 5574; x_wconf 81' lang='grc' dir='ltr'>βήματος·</span> <span class='ocrx_word' id='word_1_858' title='bbox 2815 5498 2934 5555; x_wconf 86' lang='grc' dir='ltr'>ἀλλ’</span> <span class='ocrx_word' id='word_1_859' title='bbox 2996 5499 3084 5562; x_wconf 76' lang='grc' dir='ltr'>οἷς</span> <span class='ocrx_word' id='word_1_860' title='bbox 3143 5498 3281 5575; x_wconf 73' lang='grc' dir='ltr'>ύπὲρ</span> <span class='ocrx_word' id='word_1_861' title='bbox 3324 5508 3417 5557; x_wconf 73' lang='grc' dir='ltr'>σοῦ</span> <span class='ocrx_word' id='word_1_862' title='bbox 3474 5499 3688 5581; x_wconf 78' lang='grc' dir='ltr'>ὲξὲχεον</span> <span class='ocrx_word' id='word_1_863' title='bbox 3752 5506 3867 5562; x_wconf 78' lang='grc' dir='ltr'><strong>α’ζ..</strong></span> 
     </span>
    </p>
   </div>
   <div class='ocr_carea' id='block_1_118' title="bbox 2195 5587 3860 5667">
    <p class='ocr_par' dir='ltr' id='par_1_118' title="bbox 2195 5587 3860 5667">
     <span class='ocr_line' id='line_1_118' title="bbox 2195 5587 3860 5667; baseline 0.002 -23"><span class='ocrx_word' id='word_1_864' title='bbox 2195 5610 2346 5667; x_wconf 86' lang='grc' dir='ltr'>μασι,</span> <span class='ocrx_word' id='word_1_865' title='bbox 2381 5590 2586 5650; x_wconf 87' lang='grc' dir='ltr'>τούνοις</span> <span class='ocrx_word' id='word_1_866' title='bbox 2646 5589 2742 5653; x_wconf 84' lang='grc' dir='ltr'><strong>τὰς</strong></span> <span class='ocrx_word' id='word_1_867' title='bbox 2793 5587 2925 5665; x_wconf 80' lang='grc' dir='ltr'>ἐμὰς</span> <span class='ocrx_word' id='word_1_868' title='bbox 2973 5587 3215 5665; x_wconf 83' lang='grc' dir='ltr'>κηλίδας,</span> <span class='ocrx_word' id='word_1_869' title='bbox 3249 5590 3577 5654; x_wconf 84' lang='grc' dir='ltr'>ἆπόπλυνον.</span> <span class='ocrx_word' id='word_1_870' title='bbox 3632 5594 3735 5659; x_wconf 88' lang='grc' dir='ltr'><strong>Δὸς</strong></span> <span class='ocrx_word' id='word_1_871' title='bbox 3797 5593 3860 5655; x_wconf 74' lang='grc' dir='ltr'>δὲ</span> 
     </span>
    </p>
   </div>
   <div class='ocr_carea' id='block_1_119' title="bbox 2192 5677 3859 5774">
    <p class='ocr_par' dir='ltr' id='par_1_119' title="bbox 2192 5677 3859 5774">
     <span class='ocr_line' id='line_1_119' title="bbox 2192 5677 3859 5774; baseline 0.002 -38"><span class='ocrx_word' id='word_1_872' title='bbox 2192 5683 2288 5738; x_wconf 56' lang='grc' dir='ltr'><strong>καὶ</strong></span> <span class='ocrx_word' id='word_1_873' title='bbox 2347 5682 2408 5742; x_wconf 82' lang='grc' dir='ltr'>τὸ</span> <span class='ocrx_word' id='word_1_874' title='bbox 2461 5677 2590 5764; x_wconf 74' lang='grc' dir='ltr'>ὑπὲρ</span> <span class='ocrx_word' id='word_1_875' title='bbox 2634 5685 2728 5738; x_wconf 79' lang='grc' dir='ltr'>σοῦ</span> <span class='ocrx_word' id='word_1_876' title='bbox 2784 5681 3087 5742; x_wconf 78' lang='grc' dir='ltr'>κατακοπέν</span> <span class='ocrx_word' id='word_1_877' title='bbox 3122 5685 3280 5741; x_wconf 79' lang='grc' dir='ltr'>τοῦτο</span> <span class='ocrx_word' id='word_1_878' title='bbox 3339 5681 3495 5769; x_wconf 83' lang='grc' dir='ltr'>σῶμά</span> <span class='ocrx_word' id='word_1_879' title='bbox 3536 5705 3641 5766; x_wconf 87' lang='grc' dir='ltr'><strong>μου</strong></span> <span class='ocrx_word' id='word_1_880' title='bbox 3690 5685 3859 5774; x_wconf 76' lang='grc' dir='ltr'>γενέ..</span> 
     </span>
    </p>
   </div>
  </div>
