4136 6484
331 323 437 392 301

1532 324 2006 394 MARTYRIUM
2049 330 2109 395 s.
2157 316 2560 396 BARBAR/E.

3622 309 3746 401 302"

337 467 453 519 σθαι
516 472 638 524 τοῖς
711 459 972 530 ζητοῦσιν
1057 461 1298 538 ἀθέατον,
1381 460 1418 538 ᾗ
1489 463 1760 540 οἰκονομίᾳ
1843 463 1993 532 οἶδας

2086 481 2236 540 sum,
2271 481 2390 526 non
2423 460 2615 544 possit
2662 459 2850 543 aspici
2909 459 2983 522 ab
3046 459 3120 523 iis
3177 460 3284 544 qui
3331 472 3648 545 quaerunt:
3682 471 3744 530 et

345 553 512 624 αὗτὸς,
589 553 617 606 ὃ
691 549 910 615 πλάσας
988 551 1294 627 καταμόνας
1357 553 1452 617 τὰς
1524 551 1737 634 καρδίας
1818 555 1995 629 ὴμῶν.

348 640 656 716 Ἐπέϐλεψον
721 639 775 706 ἐξ
831 639 999 716 ὒψους
1060 643 1211 720 ἁγίου
1268 665 1388 718 σου,
1442 644 1616 725 Κύριε,
1649 645 1738 700 καὶ
1785 643 1878 701 ἒπῖ
1911 647 2000 702 τὸν

344 736 664 811 περιεστῶτα
755 740 946 790 τοῦτον
1029 730 1158 789 λαὸν
1189 780 1207 812 ,
1292 733 1381 790 καὶ
1468 731 1738 813 ἔιδήγησον
1809 734 2001 799 αὐτοὺς

348 829 420 896 τῷ
445 823 574 902 φωτὶ
607 825 712 888 τῆς
746 824 849 888 σῆς
882 820 1225 899 ἐπιγνώσεως
1258 842 1274 859 ⁸
1337 819 1476 880 δίδου
1534 821 1589 879 δὲ
1643 824 1728 880 καὶ
1759 837 1875 887 τοῖς
1931 822 2000 880 δι’

337 911 464 988 ἐμοῦ
524 909 750 968 καλοῦσι
811 911 873 967 τὸ
931 912 1024 967 σὸν
1081 909 1233 989 ὂῖγιον
1291 912 1459 986 ὄνομα
1510 913 1574 970 τὰ
1605 915 1734 992 πρὸς
1766 916 1826 970 τὸ
1858 936 1998 990 συμ-

332 1002 493 1082 φέρον
556 1000 856 1082 αἰτήματα,
914 999 1007 1056 ’ίνα
1065 999 1149 1057 διαὶ
1217 1002 1428 1060 πάντων
1499 1003 1727 1078 ὁμνῆται
1799 1005 1865 1060 τὰ
1934 1005 2002 1060 σὰ

331 1091 606 1170 μεγαλεῖα
671 1098 760 1146 νῦν
817 1092 908 1147 καὶ
964 1091 1038 1157 εἰς
1093 1093 1214 1158 τοὺς
1255 1093 1470 1156 αἰῶνας.
1533 1100 1708 1150 Ταῦτα
1767 1115 1997 1172 προσευ-

338 1182 541 1258 ἱαμέιη
592 1183 721 1244 τοὺς
791 1183 1118 1260 στρατιώτας
1181 1195 1356 1239 ποιεῖν
1410 1183 1472 1238 τὸ
1524 1181 1802 1240 κελευσθὲν
1861 1205 1995 1262 προ-

341 1273 592 1352 ετρέπετο
631 1291 648 1308 ⁸
708 1271 805 1328 καῖ
862 1272 1062 1328 τούτων
1122 1271 1205 1338 εἷς
1261 1273 1321 1328 τὸ
1379 1269 1522 1352 ξίφος
1592 1271 2000 1350 ἀνατεινάμενος

336 1367 436 1429 τήν
473 1363 747 1441 μακαρίαν
804 1359 968 1428 απῦτῆς
1024 1360 1264 1441 κεφαλὴν
1330 1361 1614 1438 ἀποτέμνει
1688 1361 1775 1419 ἐπὶ
1835 1362 1999 1419 εἰκάδι

332 1461 428 1511 τοῦ
461 1449 765 1530 Νοεμϐρίου
794 1452 966 1526 μηνὸς
997 1449 1240 1528 ἄγοντος.

421 1551 840 1619 Θαυματουργεϊ
869 1539 922 1596 δέ
949 1563 1000 1597 τι
1048 1541 1311 1599 κάνταῦθα
1371 1543 1523 1622 Θεὸς,
1562 1542 1661 1609 τὴν
1719 1541 1878 1599 αὐτοῦ
1926 1565 2001 1598 τι-

336 1641 455 1711 μῶν
489 1631 753 1711 μάρτυρα,
786 1632 875 1688 καὶ
906 1632 1000 1696 τὰς
1035 1630 1242 1700 ἐκείνης
1285 1631 1430 1711 ἄγων
1460 1634 1532 1698 εἰς
1562 1631 1721 1708 πέρας
1780 1633 1944 1712 εὺχὰς
1979 1650 1992 1663 ·

346 1725 487 1802 θιάλα
520 1745 573 1780 τε
606 1725 708 1800 γὰρ
765 1720 913 1778 εἶδον
967 1724 1016 1780 οἱ
1076 1723 1334 1801 παρόντες
1392 1721 1509 1799 ῥυὲν
1565 1722 1680 1778 ἀντὶ
1736 1721 1993 1804 αἵματος,

2085 576 2202 638 qua
2235 553 2604 637 providentia
2664 552 2845 615 ﬁxisti
2899 551 3080 615 corda
3141 562 3365 630 nostra,
3417 554 3621 636 aspice
3670 575 3742 620 ex

2083 646 2201 708 alto
2233 652 2439 709 sancto
2467 653 2594 725 tuo,
2624 642 2901 720 Domine,
2929 642 3002 706 ad
3031 643 3190 706 hunc
3220 644 3532 727 populum,
3565 647 3742 729 quite

2083 735 2497 816 circumsistit,
2533 742 2593 796 et
2621 733 2816 797 deduc
2849 751 2952 795 eos
2984 732 3214 798 lumine
3259 743 3373 797 tuae
3399 734 3740 815 agnitionis.

2085 827 2166 890 Da
2201 835 2397 887 autem
2432 824 2504 886 iis
2535 841 2794 906 quoque,
2831 822 2933 905 qui
2967 841 3075 904 per
3123 843 3220 888 me
3266 827 3542 890 invocant
3595 845 3739 889 san-

2083 922 2243 976 ctum
2275 922 2441 976 tuum
2467 931 2713 986 nomen,
2747 911 3066 993 petitiones
3088 931 3220 994 quae
3240 921 3378 976 sunt
3404 913 3496 976 eis
3517 914 3746 978 condu-

2083 1002 2312 1078 cibiles,
2343 1011 2404 1065 ut
2434 1021 2540 1084 per
2566 1001 2771 1064 omnia
2795 1000 3115 1066 laudentur
3143 1009 3241 1065 tua
3263 1003 3558 1084 magnalia
3583 1023 3744 1069 nunc

2086 1100 2140 1155 et
2173 1093 2232 1154 in
2265 1093 2509 1155 saecula.
2545 1091 2691 1155 Cum
2723 1093 2807 1155 sic
2841 1100 3081 1173 precata
3101 1102 3281 1173 esset,
3308 1093 3490 1174 jussit
3521 1095 3742 1159 milites

2086 1182 2306 1258 facere,
2329 1181 2488 1263 quod
2513 1180 2706 1244 fuerat
2731 1182 3120 1262 imperatum.
3145 1184 3308 1246 Unus
3331 1191 3529 1248 autem
3554 1204 3625 1250 ex
3647 1187 3740 1250 eis

2082 1272 2284 1333 stricto
2317 1270 2512 1352 gladio
2549 1271 2790 1333 beatum
2822 1271 2950 1351 ejus
2971 1279 3146 1352 caput
3171 1281 3442 1356 amputat
3461 1274 3739 1339 vicesimo

2084 1361 2291 1442 quinto
2325 1361 2548 1423 mensis
2577 1360 2960 1428 Novembris.

2163 1543 2346 1606 Porro
2375 1549 2575 1606 autem
2635 1543 2732 1606 hic
2790 1562 3032 1625 quoque
3091 1543 3234 1609 facit
3286 1543 3448 1608 Deus
3495 1543 3738 1629 aliquod

2084 1634 2464 1713 miraculum,
2501 1633 2805 1696 honorans
2837 1653 3003 1696 suam
3035 1644 3388 1718 martyrem,
3412 1643 3471 1700 et
3496 1636 3570 1700 ad
3601 1638 3740 1700 eﬂ‘e-

2082 1731 2240 1785 ctum
2266 1723 2576 1787 deducens
2606 1723 2768 1786 illius
2799 1743 3034 1806 preces.
3105 1724 3252 1789 Nam
3306 1726 3410 1808 qui
3466 1727 3736 1808 aderant,

350 1820 453 1872 καῖ
512 1812 722 1891 ἄγγελοι
779 1813 839 1868 τὸ
898 1810 1106 1880 ἐκείνης
1147 1814 1302 1887 σῶμα
1346 1814 1406 1869 τὸ
1437 1812 1610 1886 τίμιον
1669 1811 1794 1890 παρ’
1841 1812 1997 1871 esse»

2086 1813 2350 1876 viderunt
2383 1813 2474 1875 lac
2527 1814 2724 1876 ﬂuens
2758 1833 2862 1895 pro
2895 1817 3224 1896 sanguine:
3280 1828 3339 1881 et
3377 1817 3573 1898 angeli
3603 1837 3738 1882 cum

362 1912 466 1974 τῆς
518 1903 829 1965 τελειώσεως
867 1903 960 1958 τὸν
1015 1903 1199 1980 καιρὸν
1252 1901 1700 1982 περιστείλαντες,
1759 1902 1889 1980 πρὸς
1938 1903 2000 1958 τὸ

365 2001 501 2053 Σινᾶ
559 1994 674 2072 ὄρος
722 1991 1046 2072 προπέμπειν
1109 1991 1363 2068 ἐῴκεσαν,
1426 1993 1498 2055 εἰς
1556 1990 1708 2057 δόξαν
1767 1993 1996 2069 Πατρὸς,

361 2089 486 2144 Γιόὗ
541 2087 625 2141 καὶ
681 2083 827 2161 ἁγίου
892 2081 1223 2158 Πνεύματος,
1283 2087 1381 2150 τῆς
1444 2086 1575 2156 μιᾶς
1634 2081 1897 2150 Θεότητός
1943 2103 2001 2138 τε

347 2178 434 2234 καί
478 2173 774 2251 βασιλείας,
827 2174 865 2249 ᾖ
904 2172 1094 2252 πρέπει
1138 2178 1282 2230 πᾶσα
1323 2171 1480 2250 τιμὴ,
1543 2171 1756 2250 κράτος,
1822 2193 1998 2249 μεγα-

337 2266 553 2331 λωσύνη
591 2285 650 2318 τε
701 2264 792 2319 καὶ
849 2259 1286 2342 μεγαλοπρέπεια
1347 2260 1435 2316 νῦν
1491 2259 1578 2317 οιαὶ
1607 2260 1680 2324 εἰς
1712 2260 1834 2326 τοὺς
1867 2262 1998 2318 αἰῶ-

344 2377 433 2419 νας
465 2361 572 2410 τῶν
609 2352 839 2414 αἰώνων,
879 2351 1080 2427 Ἀμὴν,

2083 1903 2486 1967 venerandum
2521 1903 2682 1966 illius
2709 1923 2929 1985 corpus
2967 1906 3450 1988 composuissent
3497 1907 3561 1970 in
3607 1908 3740 1990 ipso

2086 1999 2358 2074 tempore
2389 1994 2948 2071 consummationis,
3002 1996 3112 2058 visi
3162 2007 3305 2058 sunt
3344 1997 3649 2062 deducere
3677 1998 3740 2060 in

2087 2093 2350 2145 montem
2378 2081 2542 2160 Sina,
2578 2083 2651 2145 ad
2682 2083 2932 2163 gloriam
2965 2086 3178 2163 Patris,
3219 2093 3278 2148 et
3303 2085 3465 2165 Filii,
3509 2098 3568 2150 et
3597 2085 3735 2170 Spi-

2085 2173 2236 2234 ritus
2295 2173 2507 2247 sancti,
2566 2173 2667 2254 qui
2698 2186 2838 2236 sunt
2870 2193 2984 2236 una
3015 2173 3306 2238 Divinitas
3335 2182 3395 2239 et
3439 2195 3735 2258 regnum:

2087 2262 2182 2325 cui
2223 2262 2500 2325 convenit
2529 2262 2726 2326 honor
2761 2271 2817 2327 et
2854 2264 3116 2344 potentia
3146 2265 3207 2327 in
3238 2265 3454 2330 saecula
3482 2265 3737 2331 saeculo-

2086 2372 2244 2418 rum.
2280 2356 2498 2416 Amen.

914 2695 1728 2873 MENSIS
1889 2699 3170 2878 DEGEMBER.

1799 3123 2287 3210 ΑΘΛΗΣΙΣ

757 3308 897 3360 ΤΗΣ
946 3308 1144 3360 ΑΙἾΑΣ
1192 3305 1516 3361 ΕΝΔΟΞΟΥ
1562 3310 1676 3362 ΚΑΙ
1724 3307 2136 3363 ΚΔΛΛῙΝΙΚΟΥ
2182 3306 2807 3362 ΜΕΓΑΛΟΜΑΡΤΥΡΟΣ
2853 3310 2980 3362 ΤΟΥ
3025 3308 3314 3363 ΧΡΙΣΤΟΥ

1559 3502 2536 3634 ΒΑΡΒΑΡΑΣ.

1749 3900 2351 3989 CERTAMEN

1038 4105 1351 4173 SANCTE
1392 4103 1489 4169 ET
1533 4103 1930 4173 GLORIOSE
1971 4104 2266 4171 MAGNZE
2310 4103 2700 4171 MARTYBIS
2745 4104 3052 4171 CHRISTI

1683 4312 2418 4426 BARBARZE.

919 4531 1118 4606 (Latine
1153 4547 1236 4604 ap.
1264 4529 1472 4589 Surium
1498 4528 1562 4586 ad
1602 4529 1739 4588 diem
1764 4531 1798 4586 ι
1837 4528 2135 4588 Decembris
2167 4547 2182 4596 ;
2224 4527 2400 4586 Graece
2428 4543 2490 4583 ex
2520 4525 2630 4584 cod.
2671 4541 2769 4585 ms.
2810 4524 2974 4587 Paris.
3015 4529 3162 4601 M7.)

417 4799 482 4856 A’
500 4845 514 4858 .
577 4795 896 4874 Μαξιμιανῷ
939 4800 1017 4870 τῷ
1061 4790 1309 4851 δυσσεϐεῖ
1363 4789 1602 4869 βασιλεῖ,
1634 4782 1841 4862 πολλῆν
1871 4813 1992 4872 περι

2158 4790 2206 4854 Ι.
2239 4787 2602 4853 Maximiano
2648 4790 2724 4869 (1)
2772 4789 2956 4872 impio
2990 4790 3358 4875 imperatori,
3389 4794 3494 4872 qui
3548 4792 3734 4858 studii

329 4891 433 4956 τὴν
490 4891 601 4946 τῶν
677 4887 913 4946 εἰδώλων
985 4883 1195 4953 πλάνην
1253 4883 1544 4962 εἰσφέροντι
1589 4885 1690 4949 τὴν
1736 4881 1994 4962 σπουδὴν,

335 4976 490 5055 ἱρτον
562 4979 630 5046 ἦν
686 4984 849 5036 τοῦτο
903 4978 1010 5032 τῶν
1067 4971 1246 5031 ἄλλων
1303 4969 1720 5043 ἑπιμελέστατόν
1783 4993 1842 5028 τε
1911 4985 2000 5034 καὶ

344 5067 610 5146 φροντίδος
670 5065 950 5135 διηνεκοῦς
1003 5063 1170 5142 ἄξιον,
1231 5062 1294 5118 τὸ
1355 5059 1606 5137 δαίμονας
1669 5061 1766 5138 μὲν
1835 5065 1998 5139 Θερα-

345 5158 519 5214 πεύειν
577 5159 673 5215 καὶ
725 5157 828 5224 τὴν
886 5151 1131 5212 ἀσέϐειαν
1186 5150 1460 5230 κρατύνειν
1519 5153 1694 5219 ὁπόση
1751 5149 1995 5231 δύναμις,

342 5249 461 5314 τοὺς
491 5247 549 5305 δὲ
602 5250 670 5306 τὸ
725 5250 878 5305 θεῖον
930 5242 1100 5318 ὄνομα
1155 5243 1249 5298 τοῦ
1308 5247 1532 5321 Χριστοῦ
1585 5237 1924 5319 σεϐομένους,
1962 5241 1999 5307 ὴ

336 5341 434 5406 τὴν
489 5335 687 5406 εὐσεϐῆ
748 5336 954 5402 ταύτην
1018 5331 1326 5403 ἐξόμνυσθαι
1381 5329 1583 5411 πίστιν,
1639 5330 1676 5400 ἢ
1730 5329 1997 5393 ποικίλαις

335 5428 723 5510 παραδοθέντας
783 5425 1068 5503 κολάσεσι,
1129 5421 1265 5496 μετὰ
1319 5426 1426 5478 τῶν
1483 5422 1791 5501 προσόντων
1859 5420 1996 5481 πάνυ

335 5505 440 5576 των
493 5521 679 5598 βιαίως
740 5516 1029 5577 ἐκπίπτειν
1081 5511 1174 5567 καί
1236 5510 1335 5576 τῆς
1391 5513 1554 5581 ζωῆς.
1620 5509 1781 5588 Χώρα
1830 5505 1885 5566 δέ
1914 5531 1995 5574 τις

395 5695 484 5784 (1)
515 5693 908 5766 Maximino,
950 5681 1170 5750 Baron.

2084 4879 2406 4962 plurimum
2440 4878 2792 4942 conferebat
2822 4880 2882 4942 in
2939 4901 3205 4946 errorem
3256 4883 3580 4958 idolorum,
3618 4884 3733 4947 hoc

2084 4969 2341 5032 maxime
2372 4977 2662 5051 perpetuo
2690 4979 2816 5032 erat
2843 4989 3028 5052 curre,
3061 4981 3124 5035 ut
3154 4974 3459 5036 daemones
3487 4973 3732 5055 quidem

2082 5061 2332 5139 coleret,
2366 5066 2424 5119 et
2454 5059 2818 5137 impietatem
2851 5061 3137 5124 omnibus
3166 5062 3382 5144 opibus
3411 5070 3472 5125 et
3502 5062 3732 5128 viribus

2081 5150 2465 5224 conﬁrmaret
2487 5167 2502 5211 :
2537 5148 2580 5209 ii
2611 5157 2834 5226 autem,
2855 5149 2960 5231 qui
2985 5149 3485 5215 Gbristidivinum
3509 5170 3734 5216 nomen

2082 5239 2382 5319 colebant,
2405 5245 2508 5300 aut
2530 5238 2690 5320 piam
2716 5239 2894 5301 ﬁdem
2922 5239 3396 5324 abjurarent,aut
3424 5242 3602 5304 variis
3620 5251 3734 5305 tra-

2081 5328 2186 5390 diti
2216 5327 2552 5410 suppliciis,
2586 5347 2723 5392 cum
2759 5329 2932 5393 bonis
2983 5331 3266 5396 omnibus
3299 5351 3432 5414 quae
3461 5332 3732 5410 aderant,

2077 5419 2200 5480 vita
2227 5435 2470 5500 quoque
2486 5417 2777 5482 violenter
2793 5419 3196 5499 privarentur.
3231 5422 3514 5496 Quaedam
3537 5430 3736 5485 autem

2078 5511 2266 5590 regio,
2302 5527 2437 5587 quae
2457 5518 2696 5573 vocatur
2727 5505 3078 5592 Heliopolis,
3103 5512 3293 5576 virum
3319 5511 3577 5576 habebat
3595 5510 3734 5573 lusi-
