4136 6412
424 332 543 420 303

435 590 652 655 tem,et
670 581 852 662 hujus
875 580 1081 644 mundi
1109 580 1429 662 splendore
1454 579 1872 645 clarissimum.
1906 586 1959 646 ls
1983 604 2086 646 vo-

443 670 694 735 cabatur
724 670 966 753 quidem
1013 668 1335 733 Dioscorus
1362 688 1376 730 :
1413 671 1590 731 unius
1620 676 1813 731 autem

438 849 601 912 illam
631 858 759 913 erat
772 847 1074 929 amor,qui
1099 845 1357 909 debebat
1378 864 1511 909 esse
1534 846 1683 926 ejus,
1710 849 1809 928 qui
1841 848 1902 909 in
1929 850 2091 912 illam

444 938 634 1002 solam
672 956 907 1001 omnem
934 954 1101 999 suam
1139 953 1308 1017 spem
1335 935 1641 998 deﬁxerat.
1670 937 1815 999 Eam
1849 957 2009 1020 cum,
2037 948 2099 1001 ut

443 1046 577 1110 qum
609 1034 768 1091 esset
792 1027 952 1089 vultu
983 1025 1306 1088 admodum
1352 1025 1636 1103 formosa,
1671 1036 1729 1088 et
1760 1029 2097 1107 pulchritu—

443 1117 586 1180 dine
619 1118 858 1194 eximia,
891 1115 1072 1178 vellet
1101 1132 1457 1178 conservare
1489 1115 1809 1195 integram,
1847 1125 1903 1179 et
1936 1118 2101 1182 nulla

442 1206 579 1270 labe
603 1206 987 1289 pollutam,et
1006 1205 1140 1267 ideo
1168 1222 1280 1267 nec
1304 1207 1532 1269 sineret
1556 1206 1797 1287 quidem
1825 1208 2005 1289 aspici
2028 1208 2102 1270 ab

442 1298 545 1376 iis,
579 1297 683 1378 qui
710 1297 853 1359 foris
884 1303 1074 1373 erant,
1107 1295 1343 1358 excelsa
1403 1304 1571 1357 turre
1623 1306 1988 1371 constructa,
2044 1307 2104 1359 et

446 1386 703 1450 domoin
725 1404 798 1450 ea
821 1383 1141 1448 artiﬁciose
1163 1384 1610 1460 aediﬁcata,itlic
1635 1385 1864 1447 beatam
1892 1387 2103 1449 itacol-

448 1475 664 1539 locavit
684 1475 1174 1556 habitandum,ut
1202 1493 1314 1537 nec
1340 1474 1448 1536 ulli
1468 1475 1539 1536 ad
1564 1492 1693 1536 eam
1725 1484 1952 1556 pateret
1973 1478 2101 1539 adi-

451 1570 692 1643 tus,nec
718 1565 810 1629 vir
837 1566 995 1628 ullus
1021 1581 1153 1628 eam
1179 1564 1501 1645 attingeret
1524 1564 1881 1628 oculis.Erat
1906 1580 2102 1631 autem

1746 338 2026 421 MENSIS
2081 344 2512 422 DECEMBER.

434 509 638 573 gnem,
661 490 953 573 religione
974 489 1215 572 quidem
1240 488 1548 571 gentilem,
1569 487 1739 551 valde
1765 507 1905 553 vero
1927 495 2108 557 divi-.

2201 492 2279 551 ατ’
2354 492 2530 548 ἐκεῖνο
2601 488 2785 564 καιροῦ

2169 585 2275 641 τῶν
2329 581 2609 653 ἐπισήμων
2681 576 2882 657 ἔχουσα
2937 576 3032 654 ἧν,
3095 573 3338 642 ’Ἕλληνα
3399 574 3494 648 μὲν
3558 571 3657 639 τὴν
3684 575 3830 652 θρη-

1876 675 2091 754 puella)
2172 674 2375 746 σκείαν,
2439 668 2693 726 πλούσιον
2751 666 2805 722 δὲ
2866 664 3061 741 κομιδῆ
3134 664 3225 720 καί
3300 668 3369 739 τῇ
3428 659 3593 717 κατα.
3636 684 3849 738 κοσμον

439 768 575 823 erat
604 768 795 842 pater,
830 758 927 822 cui
958 775 1177 820 nomen
1210 763 1339 819 erat
1366 755 1647 819 Barbara.
1687 755 1825 835 Ejus
1858 778 1996 821 vero
2030 763 2089 822 in

2199 762 2483 842 ιεριφανείᾳ
2589 756 2990 835 λαμπρότατον.

3712 326 3830 410 304

2882 483 3234 551 Ἠλιούπολις
3304 481 3614 559 καλουμένη
3675 482 3841 561 ἄνδρα

3102 756 3266 815 Οὗτος
3366 753 3651 830 Διόσκορος
3739 755 3847 826 μὲν

2180 840 2451 921 ἐκαλεῖτο,
2514 851 2639 921 μιᾶς
2693 843 2747 900 δὲ
2814 843 2999 906 παιδὸς
3055 843 3232 920 πατὴρ
3294 840 3625 918 ἐγνωρίζετο’
3693 848 3845 918 Βαρ-

2180 936 2313 1011 ϐάρα
2373 938 2546 1012 ταύτῃ
2607 937 2668 991 τὸ
2727 934 2916 1009 ὄνομα.
2989 935 3087 991 Καὶ
3146 933 3211 988 τὰ
3272 930 3487 1009 φίλτρον
3546 932 3690 1003 οἷον,
3754 931 3859 986 ἐπε

2181 1029 2268 1086 καὶ
2334 1026 2418 1083 ἐπ’
2482 1028 2616 1101 αὖτῇ
2677 1025 2816 1101 μόνῃ
2877 1023 3092 1079 ἐσάλευε
3155 1023 3248 1083 τὰς
3306 1018 3544 1082 ἒλπίδας,
3608 1021 3847 1097 Ταύτην,

2183 1119 2227 1174 ὼ
2260 1116 2375 1172 λίαν
2434 1115 2780 1193 εὐπρόσωπον
2842 1113 3025 1187 οὖσαν,
3086 1114 3176 1168 καὶ
3232 1112 3293 1167 τὸ
3348 1108 3545 1173 κάλλος
3593 1109 3846 1180 ἐξαίσιον,

2184 1206 2389 1285 ἄγαμον
2425 1205 2737 1285 περισώζειν
2793 1202 3140 1279 βουλόμενος,
3203 1201 3289 1257 καὶ
3350 1198 3432 1255 διὰ
3491 1209 3645 1258 τοῦτο
3702 1197 3853 1275 μηδὲ

2184 1297 2377 1363 θεατὴν
2451 1299 2581 1351 εἶναι
2642 1307 2760 1357 τοῖς
2823 1291 2922 1358 ἔξω
2984 1290 3351 1371 παραχωρῶν,
3407 1290 3603 1368 πύργον
3650 1288 3853 1364 δειμά-

2189 1407 2341 1462 μενος
2394 1384 2623 1460 ὑψηλὸν,
2682 1386 2738 1439 ἓν
2798 1387 2939 1457 αὒτῷ
2991 1379 3044 1437 δὲ
3099 1382 3266 1438 οἰκίαν
3297 1378 3695 1459 φιλοτεχνήσας
3728 1380 3857 1436 ἐκεῖ

2187 1477 2283 1544 τὴν
2340 1472 2614 1552 Βαρϐάραν
2685 1473 2833 1529 ἔθετο
2902 1484 3185 1529 κατοικεῖν
3257 1469 3517 1547 ἁπρόϊτόν
3575 1470 3631 1525 τὲ
3688 1469 3860 1525 οὖσαν

2188 1568 2274 1622 καὶ
2330 1564 2629 1645 ὀφθαλμοῖς
2691 1560 2891 1640 ἀνδρῶν
2944 1568 3104 1618 πᾶσιν
3165 1559 3458 1635 ἄψαυστον.
3522 1561 3594 1617 Τὸ
3646 1557 3698 1614 δέ
3750 1559 3860 1636 ἄρα

450 1655 568 1718 hoc
598 1672 747 1737 opus
796 1654 1013 1718 divinae
1043 1651 1453 1736 providentiae,
1489 1672 1622 1730 quae
1678 1654 1939 1717 futurum
2003 1657 2103 1718 diu

2199 1657 2327 1720 ista;
2385 1653 2693 1728 οἰκονομίας
2755 1651 2907 1730 ἔργον
2954 1650 3043 1727 ἦν,
3107 1649 3305 1707 ἄνωθεν
3360 1649 3735 1724 σκοπουμένης
3790 1652 3861 1706 τὸ

454 1753 595 1808 ante
622 1743 1065 1808 considerabat.
1101 1742 1166 1805 In
1199 1760 1269 1805 ea
1300 1742 1460 1804 enim
1492 1741 1777 1805 Paracleti
1807 1747 1996 1824 gratia
2027 1746 2107 1807 la-

2199 1743 2408 1818 αέλλοψ
2472 1742 2527 1798 ἐν
2586 1746 2727 1815 αὖτῳ
2783 1744 2881 1820 γαρ
2930 1743 2963 1808 ἡ
3016 1747 3108 1797 τοῦ
3159 1737 3510 1818 Παρακλῆτοδ
3550 1740 3709 1819 χάρις
3743 1745 3859 1795 τῶι

453 1841 651 1924 tentes
670 1834 801 1914 ejus
820 1834 1036 1924 oculos
1061 1832 1321 1924 latenter
1347 1833 1735 1924 attingen‘s,et
1757 1834 2106 1897 illuminavit

2199 1834 2404 1913 ἂφανῶν
2435 1837 2597 1899 αὒτῆς
2647 1830 2936 1910 ὀφθαλμῶν
2994 1830 3209 1910 ἀφανῶς
3266 1828 3541 1904 ἄψαμένη,
3603 1831 3739 1909 φωτί
3794 1851 3859 1885 τε

455 1923 594 1987 luce
618 1923 836 1985 divine
863 1921 1246 2003 cognitionis,
1282 1930 1342 1984 et
1369 1940 1572 1983 verum
1596 1921 1786 1984 Deum
1819 1933 2022 1985 notum
2051 1925 2104 1986 ei

2199 1926 2509 2001 δεογσιωσὶας
2570 1922 2794 1999 ἐφώτισε
2861 1922 2945 1976 καὶ
3006 1921 3095 1976 τὸν
3159 1917 3363 1994 ἀψευδῆ
3420 1920 3550 1974 Θεὸν
3586 1922 3862 1997 γνώριμον

453 2012 597 2076 fecit
626 2011 1081 2076 admirabiliter.
1114 2008 1383 2074 Habebat
1407 2029 1546 2088 ergo
1580 2012 1760 2075 turris
1791 2012 2103 2096 virginem,

2199 2013 2323 2089 ιῦτῇ
2375 2010 2683 2087 παραδόξως
2747 2011 3098 2077 κατέστησεν,
3172 2009 3343 2087 [εἶχεν
3404 2011 3493 2065 οὖν
3550 2008 3648 2075 τὴν
3705 2031 3854 2086 παρ-

455 2118 589 2184 que
618 2102 909 2164 aediﬁcata
938 2108 1066 2164 erat
1100 2118 1283 2182 super
1338 2099 1789 2163 fundamentum
1824 2102 1986 2180 ﬁdei,
2051 2114 2107 2166 et

2199 2102 2331 2159 )évm
2390 2105 2416 2158 ὁ
2474 2103 2690 2180 πύργος,
2765 2102 2851 2156 ἐπὶ
2911 2107 2988 2175 τῷ
3042 2098 3269 2174 θεμελίῳ
3327 2096 3430 2166 ἤδη
3488 2098 3585 2166 τῆς
3623 2099 3851 2162 πίστεως

457 2189 929 2255 conservabatur
956 2190 1029 2253 ad
1061 2190 1201 2271 hoc,
1235 2197 1301 2252 ut
1331 2197 1490 2254 esset
1520 2189 1681 2253 salus
1715 2191 2058 2256 multorum.

2199 2190 2634 2267 ᾧκοδομημένην,
2697 2192 2781 2247 καῖ
2838 2192 2911 2254 εἷς
2984 2188 3198 2246 πολλῶν
3270 2189 3513 2267 γενέσθαι
3570 2189 3839 2265 σωτηρίαν

2188 2281 2641 2359 συντηρουμένην.

2271 2369 2351 2433 Β’.
2385 2370 2535 2429 Ἐπεὶ
2592 2370 2643 2427 δὲ
2693 2372 2866 2447 γάμου
2914 2370 2979 2437 ἧν
3010 2372 3043 2438 ἡ
3076 2370 3267 2447 ὡραία,
3303 2368 3532 2447 μέριμνα
3561 2364 3732 2434 πολλὴ
3763 2370 3846 2439 τῷ

2192 2461 2367 2541 πατρὶ,
2429 2462 2508 2525 τίς
2567 2462 2594 2516 ὁ
2659 2459 2969 2534 ληψόμενος
3035 2460 3199 2525 αὐτὴν
3273 2460 3345 2523 εἷς
3417 2471 3667 2536 γυναῖκα.
3746 2458 3851 2515 Καὶ

539 2372 615 2435 ll.
638 2371 786 2433 Cum
813 2378 1010 2434 autem
1029 2370 1155 2449 jam
1179 2378 1338 2431 esset
1362 2368 1916 2450 nubilis,patererat
1939 2372 2104 2435 valde

460 2460 773 2542 sollicitus,
800 2462 1073 2542 quisnam
1107 2466 1265 2521 esset
1290 2477 1421 2521 eam
1450 2468 1805 2540 accepturus
1826 2481 2099 2525 uxorem:

464 2558 526 2614 et
552 2549 719 2612 multi
750 2549 1002 2630 quidem
1036 2557 1094 2610 et
1118 2566 1339 2627 genere
1392 2556 1450 2610 et
1500 2548 1713 2629 Opibus
1761 2560 2108 2631 praestantes

2199 2549 2381 2608 πολλοὶ
2436 2550 2533 2625 μὲν
2587 2556 2694 2605 τῶν
2776 2550 3010 2627 εὖγενείᾳ
3067 2550 3153 2604 καὶ
3203 2547 3416 2621 πλούτῳ
3485 2546 3849 2627 διαφερόντων

463 2639 540 2703 de
552 2639 684 2719 ejus
698 2640 973 2717 conjugio
995 2656 1130 2700 cum
1150 2656 1221 2699 eo
1237 2655 1548 2700 sermones
1561 2639 2108 2723 contulerunt.Ejus

2199 2642 2268 2706 εἷς
2299 2639 2488 2717 λόγους
2543 2641 2684 2712 αὗτῷ
2740 2639 2857 2716 περὶ
2913 2639 3157 2717 συζυγίας
3214 2636 3493 2705 cev-7116'».
3558 2643 3693 2694 Πᾶσι
3750 2636 3854 2713 γὰρ

466 2728 626 2792 enim
660 2725 1063 2809 pulchritudo,
1101 2725 1216 2789 etsi
1246 2745 1364 2790 non
1410 2735 1753 2809 conspecta,
1808 2729 2108 2793 auditione

2199 2731 2257 2786 τὸ
2288 2727 2506 2804 κάλλος,
2568 2730 2611 2784 εἰ
2673 2729 2758 2785 καὶ
2817 2729 2893 2803 μὴ
2953 2730 3166 2807 θεατὸν,
3226 2725 3347 2783 ἀλλ’
3402 2726 3546 2803 ὅμως
3597 2727 3858 2783 ἀκουστὸν

468 2826 665 2881 tamen
697 2813 1306 2899 accepta,faeiebatut
1328 2817 1458 2896 ejus
1493 2818 1711 2896 nuptiae
1744 2836 1956 2895 magna
1973 2839 2108 2882 cou-

2199 2820 2280 2895 ὂν,
2355 2820 2732 2898 περιμάχητον
2804 2817 2967 2887 αὖτῆς
3040 2818 3203 2873 ἐποίει
3277 2818 3367 2872 τὸν
3438 2817 3637 2894 γάμον,
3706 2818 3859 2882 Πλὴν

466 2908 734 2970 tentione
765 2913 1135 2988 peterentur.
1187 2906 1726 2969 Verumenimvero
1761 2909 1910 2988 patri
1943 2910 2108 2972 vide-

2200 2908 2337 2965 ἀλλὰ
2367 2909 2443 2983 τῷ
2499 2913 2656 2986 πατρὶ
2708 2910 2893 2965 σκαιὸν
2951 2906 3119 2963 ἐδόκει
3175 2908 3264 2963 καὶ
3298 2912 3579 2985 προφανῶς
3631 2904 3862 2962 ἀνελεύ-

466 2996 643 3061 batur
672 3015 805 3061 esse
834 2996 1183 3059 indecorum
1217 3004 1278 3058 et
1313 2996 1493 3077 plane
1523 2995 1842 3073 illiberale,
1877 3001 1927 3060 si
1957 3000 2108 3081 quod

2199 3002 2369 3071 θερον,
2429 3000 2472 3054 εἰ
2531 3002 2609 3073 μὴ
2655 2998 2752 3055 καὶ
2795 2997 2863 3074 τῇ
2914 2997 3127 3074 θυγατρὶ
3179 2998 3311 3075 πρὸς
3358 3003 3556 3071 γνῶσιν
3605 2995 3745 3053 ἔλθοι
3794 2997 3856 3052 τὸ

466 3089 598 3171 ipse
628 3106 840 3170 magno
868 3087 1079 3166 agebat
1100 3085 1467 3160 studio,ﬁlize
1497 3102 1617 3147 non
1643 3096 1845 3149 notum
1872 3093 2108 3151 exsiste-

2201 3085 2650 3161 σπουδαζόμενον,
2725 3089 2814 3143 καὶ
2878 3085 3192 3163 συναιροῦσα
3275 3082 3339 3152 δὴ
3408 3086 3498 3141 καὶ
3576 3085 3705 3152 αὖτή
3774 3091 3852 3155 τῷ

466 3186 583 3258 ret,
609 3187 668 3240 et
694 3178 826 3258 ejus
855 3194 1037 3258 scopo
1070 3175 1319 3237 minime
1377 3174 1788 3240 asseutiretur.
1838 3177 1928 3240 Ad
1983 3197 2108 3241 eam

2202 3184 2387 3251 σκοπῷ
2445 3176 2681 3254 γένοιτο,
2743 3176 2957 3253 Ἀμέλει
3015 3177 3103 3231 καὶ
3163 3176 3292 3253 πρὸς
3352 3176 3514 3242 αὒτὴν
3580 3173 3843 3253 ἀφικόμε-

469 3238 713 3347 quidem
725 3238 906 3328 'certe
934 3238 1286 3340 veniens,de
1304 3265 1686 3329 matrimonio
1703 3285 1835 3329 cum
1858 3286 1929 3329 ea
1945 3287 2108 3330 com-

2200 3290 2313 3341 νος,
2361 3238 2768 3344 ’κοινολογεϊται
2808 3238 2954 3345 ,περὶ
3006 3274 3101 3324 τοῦ
3160 3238 3361 3343 γάμου,
3417 3264 3502 3321 καὶ
3560 3238 3701 3325 ὅπως
3768 3264 3835 3328 ἦν

470 3346 758 3431 municat,
792 3363 850 3416 et
877 3363 1095 3435 quanto
1128 3351 1322 3415 studio
1355 3362 1414 3416 et
1437 3364 1660 3433 quanta
1679 3374 1821 3417 cura
1838 3357 1891 3419 ei
1920 3364 2108 3437 provi~

2199 3359 2340 3430 αὒτῷ
2398 3354 2769 3432 μελετώμενος
2826 3354 3145 3434 ἀπαγγέλει.
3214 3346 3276 3410 Ἠ
3334 3353 3412 3430 δὲ,
3476 3351 3608 3430 μηδὲ
3658 3351 3837 3429 ἄκροις

470 3442 616 3506 dere
643 3454 913 3524 cuperet,
932 3442 1256 3522 signiﬁcat.
1288 3441 1393 3503 Illa
1422 3452 1616 3504 autem
1643 3463 1775 3506 cum
1804 3465 1921 3508 non
1942 3448 2108 3509 modo

2199 3447 2295 3504 ὠσὶ
2344 3446 2404 3502 τὸ
2450 3451 2671 3522 πρᾶγμα
2702 3448 2778 3521 μή
2838 3446 2889 3502 τί
2943 3465 3004 3523 γε
3036 3446 3108 3507 εἷς
3159 3441 3374 3522 καρδίαν
3434 3456 3620 3500 πεσεῖν
3648 3443 3848 3516 βουλο-

470 3532 789 3614 corde,sed
816 3549 893 3594 ne
905 3531 1155 3594 summis
1173 3532 1415 3611 quidem
1436 3532 1679 3595 auribus
1699 3552 1825 3595 eam
1843 3553 1968 3596 rem
1991 3537 2108 3598 vel-

2199 3535 2357 3612 μένη,
2392 3533 2715 3611 ὰλλ⁹ὥσπερ
2773 3534 2990 3615 ἀπηχές
3050 3556 3099 3591 τι
3157 3536 3244 3591 καὶ
3298 3533 3497 3590 ἄτοπον
3546 3532 3849 3588 ἇιποσεισα-

469 3622 555 3685 let
583 3622 921 3700 admittere,
953 3621 1058 3684 sed
1090 3629 1366 3702 tauquam
1392 3621 1681 3683 absonum
1706 3633 1763 3685 et
1792 3627 2113 3688 absurdum

472 3711 698 3793 aliquid
732 3711 792 3773 id
825 3710 881 3773 ei
910 3710 1239 3791 rejecisset,
1272 3719 1331 3772 et
1361 3711 1554 3791 ipsum
1585 3721 1810 3793 patrem
1845 3715 1993 3777 irate
2024 3735 2112 3778 re-

475 3802 650 3884 pulit,
684 3808 766 3875 et,
798 3802 887 3862 Ne
918 3800 992 3863 de
1022 3819 1092 3862 ea
1121 3818 1213 3882 re,
1239 3800 1404 3877 dixit,
1442 3819 1674 3863 mecum
1703 3803 1914 3865 iterum
1939 3807 2116 3868 verba

470 3890 715 3955 feceris.
747 3888 893 3952 Nam
924 3900 1006 3966 tu,
1038 3898 1206 3968 pater
1236 3890 1523 3968 deinceps
1555 3912 1673 3955 non
1694 3894 2019 3971 vocaberis,
2058 3907 2113 3959 et

471 3981 717 4061 eﬂicies,
750 3989 813 4042 ut
846 3999 953 4060 ego
986 3980 1135 4041 mihi
1165 3999 1375 4042 manus
1409 3981 1679 4047 afferam.
1718 3986 1892 4046 Pater
1917 3993 2114 4047 autem

470 4079 745 4134 statuens
780 4070 956 4149 longe
986 4088 1120 4132 esse
1152 4070 1465 4134 honestius
1497 4074 1879 4152 persuadere,
1939 4095 2115 4157 quam

473 4177 710 4239 cogere,
739 4169 1021 4241 ratusque
1043 4161 1173 4239 ejus
1195 4161 1588 4223 constantiam
1617 4182 1733 4225 non
1765 4183 1904 4227 esse
1928 4166 2116 4246 perti-

469 4251 729 4332 naciam,
763 4269 874 4312 nec
894 4248 1503 4330 inobedientiam,sed
1525 4252 1848 4315 vehemens
1869 4256 2113 4318 deside-

2202 3627 2362 3702 μένη,
2419 3624 2574 3681 αὐτόν
2628 3646 2684 3681 τε
2744 3625 3000 3681 ἀπώσατο
3060 3621 3179 3699 μετ’
3239 3624 3405 3703 ὀργῆς
3466 3625 3555 3679 τὸν
3609 3622 3843 3703 πατέρα,

2199 3717 2309 3795 καὶ,
2370 3709 2435 3772 Ἦ
2498 3715 2609 3790 μὴν
2666 3716 2743 3785 μὴ
2802 3714 3063 3791 δεύτερον,
3124 3713 3249 3794 ἔφη,
3299 3716 3422 3792 περὶ
3471 3714 3656 3770 τούτου
3687 3711 3855 3791 λόγον

2200 3829 2291 3883 μοι
2354 3805 2699 3884 προσαγάγῃς
2732 3821 2745 3835 ⁸
2809 3803 2943 3861 ὲπεὶ’
3008 3804 3100 3861 καί
3162 3805 3223 3861 σὺ
3296 3805 3471 3881 πατὴρ
3540 3804 3602 3858 τὸ
3660 3800 3858 3859 λοιπὸν

2202 3898 2261 3953 οὒ
2317 3895 2590 3972 κληθήσῃ,
2651 3895 2790 3969 κάμὲ
2852 3895 3113 3966 ἀναιρέτιν
3173 3894 3409 3969 ἐμαυτῆς
3469 3890 3711 3972 γενέσθαι
3746 3915 3865 3951 πα-

2202 3985 2567 4065 ρασκευάσεις.
2661 3975 2741 4041 Ὀι
2801 3981 2855 4039 δὲ
2938 3984 3143 4064 πατὴρ,
3228 3984 3289 4040 τό
3355 3984 3553 4039 πείθειν
3641 3982 3864 4060 εὐγενὲς

2201 4074 2430 4153 μᾶλλον,
2489 4074 2550 4130 οὗ
2606 4074 2668 4129 τὸ
2720 4073 2986 4148 βιάζεσθαι
3044 4074 3248 4152 κρίνας,
3296 4073 3460 4138 αὐτῆς
3508 4093 3564 4128 τε
3609 4071 3709 4138 τὴν
3762 4069 3864 4127 ἔν-

2201 4185 2387 4221 στασιν
2480 4162 2539 4220 οὗ
2595 4163 2766 4239 ῥοπὴν
2818 4161 3139 4221 αὐθέκαστον
3196 4160 3304 4220 οὐδ’
3363 4162 3653 4232 ἀπείθειαν,
3716 4159 3868 4217 ἀλλᾶ

2201 4256 2361 4312 πόθον
2421 4252 2631 4331 ἁγνείας
2691 4252 2913 4331 ἰσχυρὸν
2971 4253 3338 4330 ἡγησάμενος,
3407 4250 3585 4315 ἄλλως
3669 4258 3728 4307 τέ
3807 4249 3869 4307 δὲ

468 4342 627 4402 rium
648 4340 936 4403 castitatis
962 4360 979 4417 ;
1006 4348 1066 4403 et
1086 4339 1308 4420 alioqui
1332 4339 1386 4401 ei
1412 4340 1684 4421 praebens
1711 4351 1944 4423 tempus
1965 4345 2108 4407 deli-

2199 4345 2284 4400 καὶ
2314 4341 2648 4416 διασκέψεως
2710 4342 2841 4417 αὖτῇ
2898 4342 3155 4423 παρέχων
3212 4343 3417 4422 καιρὸν,
3480 4341 3649 4407 εἵπως
3684 4363 3870 4415 μετα-

469 4428 745 4504 berandi,
780 4446 1029 4510 sperans
1058 4428 1186 4489 fore
1220 4436 1283 4490 ut
1310 4428 1558 4492 fortasse
1592 4440 1943 4515 mutaretur,
1973 4445 2026 4496 et
2059 4435 2108 4497 ei

2199 4432 2353 4490 ϐαλεῖ
2383 4434 2468 4489 καὶ
2499 4432 2767 4501 πειθήνιος
2819 4431 2960 4505 αὗτῴ
2990 4431 3220 4510 γένοιτο,
3275 4430 3439 4489 πλέον
3496 4429 3642 4488 οὗδὲν
3692 4432 3867 4487 ἐπει-

470 4536 702 4581 morem
733 4526 994 4597 gereret,
1037 4524 1173 4581 eum
1230 4517 1381 4581 nihil
1439 4518 1688 4582 dixisset
1734 4525 2012 4603 amplius,
2044 4545 2108 4586 ex

2199 4525 2313 4580 πὼν
2383 4520 2589 4579 κάτεισι
2654 4522 2752 4596 μὲν
2822 4522 3011 4588 ευθέως
3080 4533 3174 4581 τοῦ
3216 4525 3439 4602 πύργου,
3487 4522 3618 4601 πρὸς
3689 4518 3743 4576 δὲ
3796 4524 3867 4578 τὸ

470 4616 639 4671 turre
668 4591 911 4687 quidem
944 4606 1257 4670 descendit
1284 4607 1579 4690 protinus,
1602 4591 1851 4673 veniens
1874 4591 2010 4675 vero
2037 4616 2108 4677 ad

2199 4613 2416 4686 λουτρὸν
2473 4613 2503 4667 ὃ
2564 4612 2972 4682 κατασκευάζων
3043 4612 3203 4692 ἔτυχε
3274 4614 3465 4668 νεωστὶ
3536 4609 3865 4690 γενόμενος,

471 4696 797 4772 lavacrum,
832 4697 992 4776 quod
1027 4705 1166 4758 tunc
1199 4696 1545 4776 aediﬁcabat,
1574 4708 1731 4761 totus
1752 4704 1805 4762 ei
1830 4702 2108 4767 vacabat:

2199 4703 2322 4760 ὅλον
2356 4703 2539 4773 ἑαυτὸν
2574 4701 2881 4781 ἀπησχόλει
2915 4716 2930 4732 ⁹
2970 4700 3030 4758 οὗ
3072 4701 3165 4758 καὶ
3225 4701 3324 4768 τὴν
3381 4700 3666 4775 οίκοδομὴν
3723 4698 3866 4757 ἔπι-

474 4787 651 4868 cujus
681 4803 899 4866 urgens
925 4785 1402 4863 aediﬁcationem,
1437 4796 1497 4849 et
1527 4807 1795 4869 magnam
1819 4792 2108 4855 artiﬁcum

2199 4790 2458 4867 σπεύδων,
2519 4790 2723 4859 πλῆθός
2781 4813 2839 4848 τε
2900 4796 3163 4871 τεχνιτῶν
3221 4791 3491 4872 ἐφίστησι,
3554 4792 3640 4847 καὶ
3703 4787 3865 4857 ὅπως

471 4876 712 4939 adducit
741 4875 1216 4940 multitudinem:
1265 4886 1517 4954 etcum,
1573 4889 1635 4939 ut
1670 4882 2113 4961 quamprimum

472 4966 773 5042 eﬁ'ectum,
804 4965 1129 5029 redderent
1158 4966 1501 5047 aediﬁcium,
1555 4971 1914 5047 mandasset,
1949 4982 2005 5034 et
2032 4980 2117 5035 eis

466 5057 760 5137 inth
773 5055 1114 5119 mercedem
1131 5055 1637 5139 praebuissetﬁpse
1654 5059 1714 5121 in
1735 5060 2117 5143 longinquam

469 5148 772 5228 profectus
801 5153 893 5210 est
920 5146 1253 5227 regionem.

550 5234 654 5300 Ill.
676 5238 823 5298 Cum
852 5236 954 5298 diu
976 5243 1174 5297 autem
1199 5243 1359 5298 esset
1381 5246 1646 5300 moratus
1666 5239 1727 5300 in
1753 5258 1821 5303 ea
1840 5242 2119 5321 peregri-

468 5328 735 5404 natione,
768 5324 878 5389 Dei
904 5325 1120 5388 ancilla
1145 5326 1411 5388 Barbara
1443 5327 1757 5391 descendit
1813 5349 1883 5393 ex
1930 5340 2116 5408 turre,

468 5417 669 5479 visura
690 5416 1192 5498 quemadmodum
1208 5416 1377 5477 ﬁeret
1393 5417 1716 5482 lavacrum.
1736 5420 1966 5483 Deinde
1982 5441 2116 5483 cum

467 5506 594 5569 illic
622 5506 919 5578 ﬁnisset.et
948 5508 1348 5587 contemplata
1370 5516 1525 5569 esset
1552 5517 1949 5591 partem,quae
1978 5530 2115 5574 ver-

469 5596 642 5677 gitad
660 5596 1002 5671 meridiem,
1025 5595 1172 5658 duas
1192 5596 1414 5659 habere
1436 5598 1753 5674 fenestras,
1775 5619 1906 5680 quae
1922 5602 2117 5663 lucem

471 5683 802 5778 praebeant,
833 5685 1227 5773 reprehendit
1245 5687 1529 5771 artiﬁces,
1555 5688 1800 5752 dicens:
1827 5690 1946 5756 Cur
1964 5689 2115 5755 dua—

2199 4882 2261 4939 ἂν
2318 4881 2633 4961 ἐργάσαιντο
2690 4882 2790 4949 τὴν
2847 4880 3137 4956 οἰκοδομὴν
3184 4882 3511 4956 ἐπισκήψας,
3575 4878 3763 4946 ἐντελῆ
3801 4903 3868 4937 τε

2201 4975 2294 5029 τὸν
2371 4974 2559 5048 μισθὸν
2617 4975 2800 5034 αὒτοϊς
2869 4970 3307 5051 παρασχόμενος,
3378 4972 3451 5035 εἷς
3522 4968 3873 5048 μακροτέραν

2203 5063 2359 5129 αὐτός
2392 5061 2655 5137 ἀπεδήμει
2694 5062 2900 5141 χώραν,

2286 5240 2376 5306 1".
2435 5238 2882 5319 Ἐμϐραδόνοντος
2935 5238 2989 5297 δὲ
3038 5240 3138 5307 τὴν
3177 5236 3503 5318 ἀποδημίαν,
3533 5240 3568 5308 ἡ
3599 5240 3693 5297 τοῦ
3724 5244 3875 5299 Θεοῦ

2203 5330 2366 5398 δούλη
2452 5330 2695 5410 Βαρϐάρα
2776 5331 2966 5406 κατῄει
3038 5336 3130 5387 τοῦ
3198 5331 3426 5408 πύργου,
3499 5331 3562 5385 τὸ
3633 5327 3874 5407 λουτρὸν

2202 5420 2349 5484 ὅπως
2407 5420 2628 5499 γίνοιτο,
2688 5420 3123 5496 ἐπισκεψαμένη,
3184 5421 3274 5477 καὶ
3335 5418 3444 5476 δυσὶ
3492 5419 3875 5499 φωτιζόμενον

2200 5511 2363 5590 θυρίσι
2458 5511 2522 5564 τὸ
2615 5510 2746 5587 πρὸς
2840 5509 3178 5590 μεσημϐρίαν
3271 5508 3431 5589 μέρος
3522 5507 3865 5587 θεασαμένη,

2201 5585 2409 5677 μέμψιν
2440 5599 2609 5679 ἐπῆγε
2641 5585 2759 5665 τοῖς
2806 5585 3101 5680 τεχνίταις,
3135 5585 3294 5658 "om
3342 5585 3538 5681 χάριν,
3595 5585 3865 5677 λέγουσα,

2200 5701 2324 5759 ταῖς
2401 5687 2510 5753 δυσὶ
2580 5690 2742 5773 θυρίσι
2813 5693 2891 5771 μὴ
2957 5692 3045 5749 καὶ
3115 5691 3215 5763 τὴν
3284 5690 3466 5779 τρίτην
3511 5690 3860 5780 προσέθεσθε,
