4136 6422
455 459 572 537 307
1763 461 2044 528 MENSIS
2097 458 2528 525 DECEMBER.
3733 451 3854 522 308

452 602 661 670 nitatis
690 591 1030 686 signiﬁcans
1061 601 1452 684 majestatem.
1485 598 1716 663 Deinde
1757 598 1927 661 Pater
1957 617 2103 660 con-

2201 598 2412 674 ιόσμοΨ
2450 603 2603 656 τοῦτο
2653 592 2706 651 δέ
2738 594 2862 652 εἷπε
2909 593 3120 659 πάντως
3151 592 3249 660 τὴν
3303 592 3396 662 τῆς
3429 591 3582 672 ἁγίας
3638 592 3858 672 Υριᾶδος

459 681 1021 760 ιυτὴειυεήονὶιειο
1051 681 1351 755 sermonis
1386 690 1561 772 plane
1591 688 1941 769 admiratus,
1975 706 2109 751 cum

2201 685 2572 766 παραδηλοῦσα
2624 683 3042 764 μεγαλειότητα.
3083 684 3220 742 Εἶτα
3268 684 3398 763 πρὸς
3442 685 3504 740 τὸ
3547 689 3638 741 τοῦ
3689 681 3861 772 λόγου

459 803 593 848 eam
625 802 895 848 seorsum
947 781 1386 862 assumpsisset,
1421 787 1480 842 et
1523 778 1789 842 venisset
1819 777 1888 840 ad
1922 777 2112 857 ipsam

457 874 677 939 lavacri
711 874 998 955 piscinam
1035 889 1049 934 :
1111 870 1378 944 Quonam
1422 868 1622 949 modo,
1661 868 1876 951 inquit,
1913 867 2115 930 lumen

471 965 654 1028 trium
685 963 1077 1026 fenestrarum
1131 959 1435 1023 illuminat
1464 977 1705 1021 omnem
1754 957 2062 1020 hominem
2091 963 2120 1020 ’τ

451 1053 568 1119 ‘Illa
587 1060 808 1129 autem,
843 1049 1128 1126 Attende,
1161 1048 1380 1131 inquit,
1414 1055 1608 1131 pater,
1644 1056 1704 1110 et
1727 1047 2030 1127 intelliges
2059 1047 2118 1108 id

460 1142 623 1223 quod
656 1141 884 1205 dictum
908 1148 1025 1216 est,
1052 1148 1112 1202 et
1139 1139 1323 1201 simul
1355 1140 1408 1201 ei
1440 1137 1700 1200 ostendit
1719 1137 1953 1216 signum
1979 1155 2119 1198 cru-

457 1232 569 1296 cis.
605 1229 834 1294 Deinde
865 1229 1042 1292 etiam
1067 1228 1395 1292 ostendens
1424 1227 1669 1308 digitis:
1706 1226 1884 1307 Vide,
1907 1227 2121 1308 inquit,

456 1323 659 1404 Pater,
677 1320 860 1383 Filius
886 1328 944 1383 et
970 1319 1227 1402 Spiritus
1257 1326 1520 1381 sanctus.
1553 1317 1644 1380 Ab
1675 1318 1785 1380 hac
1817 1317 1951 1379 luce
1981 1335 2116 1380 om-

459 1411 553 1474 nis
581 1416 782 1474 creata
809 1417 1021 1472 natura
1049 1407 1430 1471 illuminatur
1485 1405 1913 1487 intelligenter.
1947 1405 2118 1468 Hunc

2197 776 2400 844 ξενικὸν
2470 777 2558 832 καὶ
2631 775 2884 843 ἀσύνηθες
2955 777 2984 832 ὁ
3054 775 3232 854 πατὴρ
3307 773 3678 856 διαταραχθεὶς
3751 771 3864 848 ἰδίᾳ

2199 868 2396 934 ταύτην
2467 865 2812 944 παραλαϐὼν,
2884 866 2973 922 καὶ
3042 866 3173 943 πρὸς
3236 864 3380 940 αύτῷ
3453 871 3531 939 τῷ
3600 860 3866 940 κολύμϐῳ

2200 965 2294 1015 τοῦ
2347 955 2566 1034 λουτροῦ
2643 956 2951 1038 γενόμενος,
3018 961 3158 1030 Πῶς,
3220 953 3345 1035 ἔφη,
3409 955 3469 1011 τὸ
3527 959 3632 1011 τῶν
3694 958 3866 1032 τριῶν

2201 1045 2416 1124 θυρίδων
2488 1046 2601 1126 φῶς
2684 1047 2884 1110 παντὸς
2957 1045 3230 1120 ἀνθρώπου
3301 1045 3622 1123 φωτιστικὸν
3707 1046 3864 1120 γίνε-

2203 1153 2337 1216 ut;
2400 1127 2462 1192 Ἠ
2523 1134 2600 1215 δὲ,
2670 1138 2966 1215 Πρόσσχες,
3021 1135 3148 1214 ἔφη,
3212 1135 3407 1215 Πάτερ,
3468 1136 3556 1192 καὶ
3610 1136 3864 1203 συνήσεις

2205 1229 2266 1284 τὸ
2332 1225 2636 1306 εἰρημένον.
2697 1227 2794 1284 Καὶ
2855 1225 2966 1302 ἅμα
3021 1226 3082 1282 τί)
3153 1233 3246 1283 τοῦ
3303 1234 3527 1304 σταυροῦ
3595 1222 3870 1306 ὑπεδήλου

2205 1299 2434 1393 σημεῖον
2495 1318 2619 1372 εἶτα
2651 1317 2739 1372 καὶ
2793 1299 2910 1380 τοῖς
2961 1314 3237 1382 δακτύλοις
3292 1299 3662 1394 ὑποδεικνῦσα,
3693 1299 3862 1392 εὈρτι,

2202 1407 2331 1485 ἔφη,
2393 1406 2600 1482 Πατὴρ,
2659 1407 2779 1470 Υἱὸς
2837 1407 2922 1462 καὶ
2982 1407 3042 1462 τὸ
3101 1406 3255 1484 ἅγιον
3327 1412 3562 1481 Πνεῦμα·
3615 1407 3717 1462 ὑπὸ
3776 1410 3867 1478 τῷ

457 1502 658 1585 itaque
689 1517 891 1562 verum
925 1516 1268 1563 sermonem
1297 1515 1432 1560 cum
1467 1496 1637 1559 malae
1668 1503 1728 1558 et
1758 1495 1830 1556 ad
1864 1495 2116 1557 menda-

2203 1498 2335 1578 φωτὶ
2411 1497 2581 1572 τούτῳ
2651 1499 2820 1561 κτίσις
2905 1502 3050 1554 πᾶσα
3133 1501 3328 1575 νοερῶς
3414 1495 3863 1571 καταλάμπεται.

455 1583 618 1654 cium
641 1588 982 1652 exercitatas
1007 1606 1182 1652 aures
1207 1587 1455 1650 minime
1486 1585 1790 1661 tulissent,
1826 1585 1918 1648 ira
1950 1586 2117 1648 fuere

2203 1593 2400 1646 Τοῦτον
2460 1583 2558 1664 ἄρα
2605 1587 2696 1642 τὸν
2767 1585 2940 1653 ἀληθῆ
3003 1585 3164 1665 λόγον
3220 1589 3254 1654 ἡ
3313 1585 3488 1666 φαύλη
3547 1586 3708 1663 ἀκοὴ,
3755 1586 3866 1643 καὶ

459 1681 746 1762 repleta:
777 1685 838 1742 et
868 1685 1037 1759 pater
1068 1676 1288 1740 oblitus
1313 1696 1379 1740 se
1402 1693 1535 1739 esse
1561 1683 1816 1756 patrem,
1841 1683 2117 1757 tyrannus

2206 1678 2335 1755 πρὸς
2409 1675 2599 1752 ψεῦδος
2672 1675 3084 1754 γεγυμνασμένη
3166 1676 3242 1752 μη
3329 1678 3612 1755 ἐνεγκοῦσα
3694 1681 3868 1752 θυμοῦ

463 1768 807 1852 properavit
838 1786 972 1831 esse
1020 1775 1079 1830 et
1109 1766 1432 1850 parricida,
1466 1775 1526 1829 et
1571 1765 1672 1848 qui
1706 1763 2003 1846 pendebat
2050 1764 2117 1827 ab

2206 1767 2293 1823 καὶ
2362 1765 2526 1846 ὀργῆς
2611 1765 2930 1845 ἐπληροῦτο.
3008 1765 3106 1823 Καὶ
3177 1767 3205 1822 ό
3275 1767 3476 1846 πατὴρ,
3549 1773 3642 1824 τοῦ
3715 1771 3867 1823 εἶναι

461 1859 968 1941 humeris,stricto
991 1875 1134 1920 ense
1159 1865 1331 1939 pater
1349 1873 1665 1937 aggressus
1696 1864 1785 1918 est
1809 1873 1917 1918 sua
1947 1874 2117 1941 manu

2208 1857 2382 1933 πατὴρ
2457 1854 2832 1932 ἐκλαθόμενος,
2906 1854 3155 1934 τύραννος
3245 1860 3339 1913 καὶ
3425 1857 3610 1936 φονεὺς
3694 1857 3868 1934 ἀπῄει

465 1949 746 2014 occidere
782 1947 1132 2012 Barbaram.
1164 1947 1271 2012 illa
1301 1955 1500 2009 autem
1533 1964 1668 2008 cum
1701 1963 1911 2008 manus
1945 1940 2117 2008 simul

2210 1947 2472 2023 γενέσθαι,
2551 1947 2639 2002 καὶ
2719 1947 2780 2002 τὸ
2858 1946 3000 2026 ξίφος
3072 1947 3100 2002 ὃ
3169 1948 3450 2026 παρήτητο
3525 1949 3630 2002 τῶν
3697 1948 3871 2020 ὤμων

465 2040 673 2104 oculos
701 2048 761 2103 et
794 2046 1056 2101 mentem
1091 2038 1151 2100 in
1185 2036 1402 2101 caelum
1453 2035 1819 2119 sustulisset,
1853 2055 1987 2100 eum
2021 2039 2117 2120 qui

2207 2036 2655 2112 διασπασᾶμενος,
2719 2037 3026 2116 αὖτοχειρίᾳ
3099 2035 3196 2104 τὴν
3257 2033 3532 2116 Βαρϐαραν
3613 2036 3869 2096 ἔσπευδεν

465 2137 659 2212 potest
679 2129 824 2192 dare
845 2129 1122 2206 salutem,
1150 2126 1399 2191 vocabat
1430 2127 1502 2189 ad
1527 2126 1953 2191 auxilium.llle
1981 2146 2117 2191 vero

2207 2125 2440 2186 ἀνελεῖν.
2503 2125 2716 2192 Ἐκείνη
2772 2123 2827 2182 δὲ
2859 2139 3054 2206 χεῖρας
3112 2126 3227 2201 ἅμα
3286 2129 3379 2200 καί
3415 2125 3710 2207 ὀφθαλμοὺς
3772 2131 3864 2184 καὶ

463 2239 586 2284 non
617 2218 877 2296 neglexit
909 2236 981 2282 ea
1007 2218 1231 2294 facere,
1258 2235 1388 2298 quae
1411 2223 1819 2280 consueverat:
1849 2217 1954 2279 sed
1979 2237 2117 2299 quo-

2205 2215 2438 2273 διάνοιαν
2497 2217 2571 2280 εἰς
2631 2215 2852 2295 οὐρανὸν
2923 2214 3096 2288 ἄρασα
3155 2217 3246 2272 τὸν
3317 2216 3506 2286 σώζειν
3573 2215 3856 2290 δυνάμενον

464 2309 642 2373 modo
671 2307 956 2371 Theclam
987 2313 1483 2389 protomartyrem
1541 2303 1914 2368 conservavit
1947 2304 2020 2367 ab
2047 2305 2117 2366 iis

2207 2307 2383 2364 ἐκάλει
2441 2307 2574 2378 πρὸς
2625 2305 2865 2384 ἀρωγήν.
2935 2307 3032 2364 Καὶ
3086 2306 3142 2368 ὃς
3187 2305 3282 2362 οὐκ
3324 2304 3512 2382 ἠμέλει
3550 2307 3612 2362 τὰ
3653 2308 3854 2376 συνήθη

463 2405 566 2477 qui
623 2396 1156 2481 persequebantur,
1216 2404 1394 2476 petrae
1424 2413 1558 2476 qua;
1611 2402 1975 2472 occurrerat,
2017 2395 2117 2474 ju-

2206 2395 2398 2452 ποιῶν·
2457 2393 2580 2451 ἀλλ’
2634 2394 2814 2474 ὥσπερ
2871 2393 3074 2451 Θέκλαδ
3125 2396 3226 2463 τὴν
3278 2396 3696 2475 πρωτομάρτυρα
3750 2403 3860 2454 τῶν

463 2488 646 2566 bene,
679 2495 745 2550 ut
780 2488 1282 2568 disrumperetur,
1313 2493 1373 2547 et
1405 2503 1534 2547 eam
1572 2485 1712 2548 sinu
1765 2483 2070 2566 exciperet
2102 2505 2116 2546 :

2206 2484 2507 2542 διωκόντων
2577 2482 2822 2559 διέσωσε,
2887 2485 3052 2564 πέτρᾳ
3121 2485 3190 2554 τῆ
3259 2487 3636 2566 προστυχούσῃ
3707 2483 3860 2564 διαρο

465 2577 548 2640 ita
573 2577 732 2640 hanc
763 2593 1002 2658 quoque
1031 2575 1348 2654 gloriosam
1380 2573 1562 2636 simili
1593 2581 1904 2636 consonat
1935 2573 2117 2636 mira-

2206 2576 2458 2654 ῥαγῆναι,
2525 2576 2610 2631 καὶ
2689 2577 2850 2642 αὐτὴν
2930 2573 3368 2651 ἐγκολπώσασθαι
3442 2573 3865 2652 διακελευσάμε-

467 2667 628 2731 culo.
663 2665 810 2730 Nam
853 2683 990 2728 cum
1017 2665 1120 2727 ille
1150 2663 1409 2727 carnifex
1443 2671 1657 2744 (neque
1689 2664 1848 2725 enim
1883 2665 2117 2744 parrici-

2207 2683 2320 2728 νοςο
2378 2663 2516 2721 οὕτω
2577 2665 2665 2720 καὶ
2723 2665 2821 2730 τὴν
2865 2663 3100 2739 ἀοίδιμον
3157 2665 3356 2732 ταύτην
3411 2667 3580 2741 ὁμοίῳ
3628 2666 3717 2723 καί
3759 2667 3867 2742 ἴσῳ

468 2757 605 2820 dam
639 2756 727 2818 fas
758 2763 848 2819 est
876 2773 1088 2818 vocare
1119 2761 1365 2836 patrem)
1392 2771 1537 2817 ense
1567 2753 1798 2815 sublato
1828 2754 2117 2834 procede-

2207 2760 2282 2828 τῷ
2340 2755 2569 2829 θαύματι
2625 2751 2898 2826 διασώζει⁶
2958 2754 3054 2818 Ὠς
3126 2755 3228 2834 γὰρ
3285 2753 3491 2820 ἐκεῖνος
3545 2759 3574 2813 δ
3648 2755 3861 2833 δήμιος,

464 2857 562 2911 ret
583 2848 641 2908 in
673 2846 878 2921 ﬁliam,
906 2852 1074 2927 petra
1099 2845 1283 2906 scissa
1309 2843 1367 2906 in
1388 2843 1535 2905 duas
1557 2852 1918 2925 partes,eam
1945 2862 2117 2907 exce-

2209 2842 2324 2901 οὒδὲ
2379 2845 2480 2922 γὰρ
2539 2843 2688 2902 ὅσιον
2759 2845 2962 2921 πατέρα
3023 2845 3114 2901 τὸν
3185 2843 3464 2924 μιαιφόνον
3529 2844 3740 2920 καλεῖν,
3808 2848 3868 2903 τὸ

464 2936 554 3020 pit
582 2935 783 3000 divino
829 2943 887 2997 et
917 2935 1325 3014 omnipotente
1381 2940 1552 3008 nutu,
1585 2941 1644 2995 et
1677 2951 1753 2994 ne
1782 2950 1814 2993 a
1849 2934 2117 2996 manibus

2210 2931 2355 3012 ξίφος
2400 2934 2531 3011 ἄρας
2592 2933 2788 3012 ἐχώρει
2843 2934 2979 2990 κατᾶ
3038 2939 3136 3000 τῆς
3195 2937 3470 3013 θυγατρὸς,
3508 2936 3670 3012 πέτρα
3729 2935 3868 3018 δ,χῆ

470 3025 695 3090 cedem
731 3023 1099 3105 spirantibus
1126 3031 1466 3105 caperetur,
1499 3023 1893 3098 conservavit,
1928 3033 2117 3086 trans-

2209 3027 2478 3098 τμηθεῖσα
2547 3025 2669 3098 θείῳ
2729 3025 2814 3080 καὶ
2873 3037 3188 3102 παντουργῳ
3259 3025 3476 3102 νεύματι
3536 3027 3734 3094 ταύτην
3811 3049 3868 3083 τε

473 3116 716 3190 mittens
744 3113 818 3177 ad
850 3113 981 3177 loca
1014 3113 1198 3193 magis
1231 3120 1534 3176 montana.
1568 3112 1682 3176 Sed
1718 3131 1830 3174 nec
1860 3113 1945 3174 sic
1996 3118 2117 3192 qui-

2210 3111 2525 3187 εἰσεδέξατο,
2564 3115 2653 3170 καὶ
2710 3115 2864 3194 χερσὶ
2923 3114 3189 3176 φονώσαις
3249 3112 3492 3182 ἄληπτον
3548 3114 3857 3196 διεσώσατο,

469 3205 605 3269 dem
631 3213 862 3287 poterat
883 3203 1216 3281 intelligere
1241 3202 1341 3284 qui
1366 3202 1509 3282 ipsis
1539 3201 1840 3283 lapidibus
1858 3214 1985 3264 erat
2006 3221 2117 3264 ma-

2208 3204 2393 3268 τόποις
2475 3203 2880 3281 παραπέμψασα
2941 3217 3059 3268 τοῖς
3117 3203 3487 3282 ὀρεινοτέροις,
3559 3203 3705 3262 Ἀλλ’
3761 3209 3852 3263 ούκ

471 3297 564 3384 gis
594 3293 963 3384 impatibilis,
1000 3301 1060 3384 et
1113 3292 1313 3384 minus
1343 3309 1523 3384 sensu
1577 3291 2117 3384 praeditus_._Adhuc

2208 3293 2275 3360 ἦν
2324 3291 2440 3351 οὐδὲ
2500 3292 2636 3350 οὕτω
2695 3308 2930 3352 συνεῖναι
2998 3294 3090 3348 τὸν
3151 3296 3242 3350 καί
3299 3292 3457 3350 λίθων
3497 3295 3662 3350 αὖτῶν
3720 3296 3857 3349 ἁπα-

466 3383 630 3447 enim
693 3383 905 3446 eodem
939 3380 1302 3444 incitabatur
1352 3381 1605 3461 impetu,
1640 3387 1700 3442 et
1746 3379 2117 3443 desiderabal

2209 3380 2451 3458 θέστερον
2507 3381 2601 3436 καὶ
2676 3381 3146 3460 ἀναισθητότερον,
3224 3380 3297 3438 ἔτι
3359 3383 3460 3461 γὰρ
3519 3383 3702 3462 εἴχετο
3755 3386 3858 3449 τῆς

465 3473 738 3554 accipere
767 3472 947 3534 ﬁliam
979 3492 994 3552 ;
1047 3489 1168 3533 non
1199 3470 1299 3552 qui
1330 3479 1489 3533 esset
1544 3477 1732 3550 pater,
1767 3469 1872 3531 sed
1933 3470 2117 3549 potius

2209 3471 2404 3550 ὁρμῆς,
2468 3472 2553 3527 καὶ
2611 3468 2798 3526 λαϐεῖν
2863 3474 3041 3529 ἐποθει
3128 3472 3227 3538 τῆν
3295 3471 3576 3552 θ)γατέρα,
3636 3477 3739 3552 οὔχ
3787 3473 3862 3537 ὡς

467 3561 626 3624 ﬁlius
656 3562 808 3642 ejus,
840 3560 945 3642 qui
975 3560 1084 3622 fuit
1113 3558 1420 3621 homicida
1449 3557 1522 3621 ab
1567 3558 1734 3619 initio
1756 3557 1810 3633 2,
1841 3567 1905 3620 ιιι
1931 3559 2117 3622 dicam

2208 3561 2384 3636 πατὴρ
2438 3559 2510 3616 ὢν
2539 3559 2771 3637 ἐκείνης,
2806 3559 2926 3616 ἀλλ’
2972 3564 3045 3625 ὡς
3091 3563 3199 3626 υίὸς
3249 3559 3454 3638 μᾷλλον
3497 3569 3589 3618 τοῦ
3631 3561 3867 3642 ἐξαρχῆς

467 3669 608 3714 cum
641 3651 843 3713 divina
889 3649 1201 3730 Scriptura
1236 3671 1252 3723 ;
1287 3657 1372 3730 ut,
1407 3667 1542 3711 cum
1592 3647 1912 3723 invenerit,
1949 3649 2117 3712 simul

2207 3651 2660 3725 ἆνθρωποκτόνου,
2723 3650 2859 3707 κατὰ
2922 3651 3020 3719 τῆν
3076 3653 3218 3708 θείαν
3293 3652 3454 3732 φέναι
3512 3653 3720 3732 φωνήν,
3787 3651 3868 3707 ’ἶν’

469 3748 688 3804 mactet
716 3747 776 3803 et
805 3738 1016 3820 perdat
1042 3739 1096 3801 3.

2207 3741 2370 3820 εὒρὼν
2390 3739 2502 3815 ἅμα
2534 3741 2619 3796 καὶ
2650 3741 2782 3816 θύσῃ
2810 3741 2896 3796 καὶ
2928 3740 3196 3817 ἀπολέσῃ.

547 3829 624 3895 V.
661 3819 819 3894 Cum
863 3844 1004 3892 vero
1035 3828 1098 3890 in
1158 3827 1310 3889 duos
1340 3825 1646 3889 incidisset
1701 3829 1986 3908 pastores,
2020 3848 2117 3892 ro-

2291 3819 2374 3889 E'.
2441 3829 2665 3902 Ποιμέσι
2723 3827 2778 3884 δὲ
2853 3827 2942 3886 δύο
2986 3831 3318 3911 περιτυχὼν,
3379 3829 3433 3886 εἴ
3488 3852 3538 3886 τι
3571 3833 3658 3888 καὶ
3717 3831 3874 3888 ἴσασι

467 3919 629 4002 gavit
657 3938 733 3982 an
764 3919 841 3981 de
873 3937 944 3981 ea
975 3917 1203 3981 scirent
1248 3915 1493 3997 aliquid.
1528 3916 1609 3979 Ex
1639 3917 1731 3978 his
1759 3927 1955 3980 autem
1981 3919 2117 3981 alter

2208 3920 2331 3996 περί
2389 3920 2585 3984 ταύτης
2633 3918 3038 3980 ἀνεπυνθάνετο.
3111 3921 3322 3978 Τούτων
3383 3917 3437 3975 δὲ
3492 3919 3680 3998 ἅτερος
3741 3921 3872 3996 μὲν,

466 4009 736 4088 quidem,
772 4009 874 4090 qui
907 4015 1036 4071 erat
1068 4007 1268 4070 animo
1302 4005 1664 4079 misericors,
1699 4019 1760 4068 et
1790 4009 1882 4070 cui
1913 4009 2117 4090 displi-

2209 4010 2434 4086 γνώμης
2517 4007 2592 4064 ὢν
2674 4008 2951 4084 συμπαθοῦ
2989 4057 3004 4088 ,
3093 4010 3177 4066 καὶ
3262 4010 3323 4065 τὸ
3407 4009 3687 4089 προδοῦναι
3773 4010 3878 4078 τὴν

466 4098 667 4181 cebat,
699 4117 829 4162 eam
883 4116 1060 4180 quam
1103 4104 1273 4178 pater
1327 4095 1816 4178 persequebatur,
1846 4099 2117 4179 prodere,

2210 4096 2546 4173 διωκομένην
2619 4100 2712 4156 οὒκ
2770 4096 3027 4173 ἐπαινῶν,
3089 4096 3297 4177 ἔξαρνος
3368 4098 3434 4165 ῆν
3506 4098 3876 4178 παραχρῆμα,

465 4189 664 4251 statim
709 4189 963 4269 negavit,
1001 4196 1060 4249 ct
1090 4204 1154 4249 se
1217 4185 1513 4248 simulavit
1541 4186 1838 4265 ignorare,
1874 4188 2117 4250 menda-

2212 4188 2297 4244 καὶ
2350 4186 2451 4252 τὴν
2510 4184 2727 4263 ἄγνοιαν
2790 4188 3118 4266 ὑπεκρίνετο,
3167 4187 3378 4264 ψεῦδος,
3429 4188 3585 4245 εἶπεν
3642 4188 3704 4245 ἄν
3765 4211 3878 4263 τις,

467 4278 627 4342 cium
663 4278 921 4341 salutare
951 4295 1058 4359 pro
1090 4276 1358 4352 veritate,
1395 4293 1530 4352 quae
1573 4277 1838 4355 laederet,
1874 4278 2117 4358 eligens.

2212 4287 2476 4354 σωτηριον
2530 4275 2642 4332 ἀντὶ
2696 4275 3039 4350 βλαπτούσης
3095 4276 3344 4346 ἀληθείας
3389 4277 3666 4352 ἐλόμενος,
3721 4277 3882 4347 Πλὴν

465 4367 761 4432 Caeterum
816 4368 918 4431 hic
948 4373 1156 4449 aperte
1209 4364 1523 4428 erubescat
1550 4366 1842 4437 Herodes.
1877 4369 1978 4449 qui
2009 4387 2117 4431 non

2212 4363 2333 4421 ἀλλ’
2417 4364 2750 4446 αἰσχυνέσθω
2833 4373 3070 4445 φανερῶς
3177 4367 3397 4425 ἐνταῦθα
3485 4359 3726 4447 Ἡρώδης
3823 4371 3887 4427 οὗ

463 4465 628 4521 recte
658 4457 934 4519 servabat
985 4453 1432 4536 jusjurandum,
1466 4462 1530 4515 ut
1563 4454 1736 4518 etiam
1772 4456 1994 4537 aliquid
2038 4459 2117 4518 in«

2214 4459 2391 4518 καλῶς
2451 4454 2699 4532 εὖροκῶν,
2734 4455 2827 4512 ’ίνα
2877 4479 2927 4512 τι
2960 4461 3048 4513 καί
3105 4459 3394 4537 παρὲνείρω
3422 4465 3499 4532 τῷ
3547 4455 3882 4537 διηγήματι,

465 4565 660 4609 seram
708 4545 1062 4622 narrationi,
1116 4552 1175 4606 et
1229 4543 1326 4625 qui
1389 4553 1453 4605 ut
1512 4546 1725 4607 malam
1786 4546 2117 4610 defenderet

2216 4545 2303 4600 καὶ
2350 4542 2543 4615 ἡδονῆς
2576 4543 2637 4601 ἐκ
2665 4543 2814 4612 δίκης
2864 4555 3102 4625 πονηράς
3145 4553 3239 4604 τοῦ
3295 4546 3452 4627 ὅρκου
3482 4549 3580 4615 τὴν
3629 4546 3887 4626 φυλακὴν

465 4636 855 4726 voluptatem,
891 4633 1085 4726 stabat
1111 4632 1495 4726 jusjurando.
1524 4634 1697 4698 Alter
1715 4653 1863 4726 vero
1897 4654 2117 4726 nequa-

2218 4635 2581 4726 ποιούμενος,
2620 4632 2685 4693 '0
2740 4633 2793 4691 δὲ
2844 4634 3005 4726 ἄλλος
3048 4637 3266 4716 γλώττῃ
3313 4637 3412 4714 μὲν
3469 4637 3734 4715 οόδαμῶς,
3805 4646 3886 4714 τῷ

468 4742 645 4805 quam
681 4724 923 4804 quidem
959 4721 1182 4804 lingua,
1212 4720 1317 4783 sed
1343 4721 1550 4802 digito,
1576 4723 1734 4804 quod
1766 4731 1857 4786 est
1879 4725 2117 4788 scelera

2217 4721 2456 4799 δακτύλῳ
2540 4721 2595 4779 δὲ
2677 4724 3094 4806 κακουργότερον
3177 4729 3486 4807 ὑποφαίνων
3520 4775 3536 4807 ,
3615 4727 3715 4794 τῆν
3807 4730 3885 4794 ὡς

466 4814 610 4896 tius,
643 4812 953 4889 indicans,
1008 4811 1366 4874 ostendebat
1422 4815 1597 4888 viam,
1630 4832 1763 4894 quae
1811 4815 1881 4875 ad
1940 4816 2117 4897 ipsan

2218 4813 2382 4881 αὐτὴν
2438 4813 2747 4892 ἀπάγουσαν
2823 4814 3117 4878 ὑπεδείκνυ.
3180 4817 3467 4896 Τοιγαροῦν
3527 4820 3622 4875 οὒκ
3677 4815 3886 4896 ἤνεγκε

469 4903 752 4968 ducebat.
776 4901 952 4978 Quod
969 4901 1304 4992 factumest
1323 4901 1543 4984 itaque,
1570 4921 1690 4992 non
1726 4903 1860 4966 tulit
1877 4904 2117 4985 justitia.

2217 4903 2277 4959 τὸ
2351 4903 2590 4984 πραχθὲν
2641 4907 2677 4972 ἡ
2737 4902 2881 4980 δίκη,
2943 4904 3078 4962 ἀλλὰ
3147 4908 3404 4984 τιμωρίαν
3465 4905 3636 4984 ἐπῆγε
3692 4928 3884 4986 παρα-

469 4992 578 5060 sed
637 4993 836 5055 statim
871 4991 1123 5054 sceleris
1181 4990 1380 5052 intulit
1428 4991 1824 5076 supplicium:
1888 5000 1948 5056 et
1997 5012 2117 5056 cur!

2218 4994 2408 5074 χρῆμα
2463 4996 2557 5050 τοῦ
2606 4997 3075 5074 κακουργήματος,
3135 4997 3224 5052 καὶ
3265 4997 3333 5053 τὰ
3383 4994 3540 5052 αὐτοῦ
3597 4995 3889 5074 θρέμματα

471 5084 606 5162 ejus
652 5099 793 5145 oves
845 5087 1150 5143 exsecrata
1204 5093 1363 5143 esset
1423 5088 1670 5162 martyr,
1705 5100 1822 5143 non
1882 5083 2117 5164 ampliu:

2217 5084 2313 5152 τῆς
2374 5085 2635 5163 μάρτυρος
2691 5085 3128 5161 ἒπαρασαμένης,
3191 5087 3284 5142 οὒκ
3339 5084 3416 5141 ἔτι
3469 5084 3740 5164 θρέμματο
3791 5087 3887 5163 ῆν,

469 5178 641 5235 erant
672 5187 840 5247 oves,
870 5170 976 5234 sed
1007 5177 1248 5232 mutatae
1276 5169 1519 5232 fuerant
1547 5169 1609 5231 in
1649 5171 1965 5234 scarabeos
2007 5172 2117 5254 qui,

2219 5170 2338 5230 ἀλλ’
2389 5175 2462 5238 εἷς
2491 5173 2762 5254 κανθάρων
2817 5174 3112 5250 ὁμοιότητα
3165 5171 3498 5254 μετεϐλήθη,
3533 5173 3697 5243 στέλη
3741 5199 3892 5236 κατ-

469 5261 549 5325 ad
600 5268 886 5343 perpetua
919 5258 1170 5323 sceleris
1217 5259 1684 5340 accusationem,
1717 5268 1938 5324 sanctae
1984 5263 2117 5325 Bar-

2219 5264 2413 5341 ῆγορος
2469 5262 2596 5343 ἄχρι
2673 5262 2858 5329 τέλους
2939 5266 3029 5321 τὸν
3089 5265 3187 5333 τῆς
3261 5265 3417 5343 ἆγίας
3476 5264 3643 5340 τάφον
3722 5288 3893 5346 περι-

468 5350 631 5414 harae
649 5349 994 5432 sepulcrum
1016 5357 1307 5430 perpetuo
1341 5351 1787 5415 circumvolant.
1820 5349 1959 5414 Haec
1991 5369 2117 5432 ergc

2220 5354 2505 5428 ιπτάμενα.
2564 5353 2780 5418 Τούτοις
2844 5353 2932 5410 οὖν
2995 5366 3111 5416 τοῖς
3161 5351 3513 5432 ὑποδείγμασι
3556 5361 3649 5411 τοῦ
3704 5353 3892 5415 δολίου

471 5440 664 5504 dolosi
694 5440 949 5522 pastoris
978 5439 1232 5519 vestigia
1281 5447 1523 5502 secutus
1551 5459 1760 5504 amens
1788 5441 2117 5524 Dioscorus,

2217 5442 2501 5518 Διόσκορος
2560 5441 2924 5512 ἀκολουθήσας
2985 5446 3013 5500 ὁ
3070 5442 3380 5518 παραπλῆξ,
3429 5444 3517 5499 καὶ
3571 5444 3672 5511 τὴν
3724 5444 3892 5523 ἁγίαν

471 5548 606 5594 cum
631 5538 896 5593 sanctam
943 5531 1003 5592 in
1024 5540 1228 5591 monte
1253 5531 1835 5611 comprehendisset,
1872 5533 2117 5613 primum

2214 5533 2300 5589 ἐπ’
2373 5531 2528 5609 ὄρους
2593 5530 2930 5614 καταλαϐὧν,
2989 5539 3172 5611 πρῶτα
3227 5533 3327 5609 μὲν
3381 5532 3549 5598 οὕτως
3617 5535 3691 5597 ὡς
3753 5538 3890 5615 εἶχε

472 5620 715 5702 quidem
746 5626 824 5682 Ita
853 5626 916 5682 ut
945 5626 1070 5682 erat
1097 5618 1189 5682 ira
1228 5622 1511 5700 percitus,
1548 5621 1884 5685 conscindit
1908 5623 2117 5686 verbe-

2209 5626 2376 5699 θυμοῦ
2428 5619 2670 5703 πληγαῖς
2703 5624 3052 5680 κατακόπτει·
3116 5621 3301 5682 ἔπειτα
3344 5627 3441 5692 τῆς
3473 5623 3647 5700 κόμης
3709 5621 3890 5692 αὐτὴν

553 5796 581 5841 ³
605 5797 777 5858 Joan.
811 5813 941 5875 Vill,
975 5798 1079 5864 44.
1164 5799 1198 5850 δ
1223 5798 1396 5863 Joan.
1427 5813 1490 5878 ι,
1528 5798 1628 5867 12.
