4136 6410
358 408 468 480 309
1533 415 2007 482 MARTYRIUM

2051 417 2110 484 s.
2155 415 2556 482 BARBAR/E.
3625 384 3744 485 310

359 545 662 627 λαϐόμενος,
724 545 813 604 καὶ
875 548 1010 627 πρὸς
1068 549 1184 638 βίαν
1243 546 1436 623 ἕλκων,
1482 549 1601 606 τότε
1645 549 1739 624 μὲν
1787 551 2002 629 οἱκίσκῲ

2087 552 2510 620 ribus.Deinde
2522 572 2648 616 eam
2663 569 2836 618 coma
2853 550 3314 638 apprehendens
3328 551 3450 619 etvi
3465 554 3730 634 trahens,

361 639 551 718 βραχεῖ
633 635 972 714 κατακλείει,
1055 637 1292 719 φύλακας
1377 638 1668 710 ἐπίστήσας
1746 643 1834 698 καὶ
1907 643 2006 712 τὴν

363 729 507 806 θύραν
573 739 837 806 σφαγτσιν
915 727 1366 808 ἀσφαλισάμενος·
1445 732 1566 785 εἶτα
1649 731 1738 786 καὶ
1821 731 2007 807 πολλῷ

353 827 423 891 τῷ
453 820 611 898 τάχει
646 818 776 896 πρὸς
839 819 931 874 τὸν
992 819 1234 896 ἡγεμόνα
1293 820 1593 881 Μαοκιανὸν
1654 821 2001 902 ἀφικόμενος,

342 910 399 973 ὃς
429 911 530 974 τὴν
561 909 739 988 ἀρχὴν
790 909 914 965 τότε
960 909 1068 964 τῶν
1113 909 1290 966 ἐκεῖσε
1347 907 1572 984 διεῖπεν,
1633 912 1774 985 αὒτῷ
1832 912 2002 970 πάντα

335 1000 406 1055 τὰ
463 1006 557 1054 τοῦ
631 998 950 1075 πράγματος
1023 997 1327 1075 καταλέγει·
1404 999 1492 1054 καὶ
1583 1002 1642 1055 τὸ
1715 1000 2000 1080 κεράλαιον

341 1089 425 1144 ’ὁτι
494 1088 645 1152 θεοῦς
706 1088 807 1162 μὲν
865 1090 928 1146 τὸ
983 1088 1259 1167 θυγάτριον
1317 1089 1592 1165 αρνηθείη,
1657 1090 1720 1145 τὰ
1765 1088 1820 1145 δὲ
1864 1099 2000 1167 Χρι-

347 1185 572 1236 στιανῶν
627 1177 806 1234 ἕλοιτο
865 1179 992 1256 παρ’
1050 1175 1237 1234 ἐλπίδα
1294 1185 1474 1251 τιμᾷν.
1539 1181 1716 1236 Ταύτεί
1767 1202 1825 1237 τε
1870 1180 1998 1260 ἔφη,

345 1270 430 1325 καὶ
503 1269 749 1347 ἀγαγὼν,
824 1269 1008 1346 χερσὶν
1081 1268 1243 1334 αὐτὴν
1325 1265 1536 1324 ἔκδοτον
1607 1282 1730 1334 ταῖς
1801 1269 2001 1328 ἐκείνου

341 1371 515 1431 ποιεῖ,
552 1359 692 1414 κατᾶ
722 1360 828 1413 τῶν
857 1356 998 1414 ἰδίων
1028 1357 1267 1430 ὁρκώσας
1294 1360 1427 1414 θεῶν
1459 1359 1536 1434 μὴ
1568 1361 1840 1436 φείσασθαι
1871 1368 1999 1418 τοῦ·

339 1471 434 1505 τον
466 1453 569 1516 τῆς
600 1448 858 1525 θυγατρὸς
892 1447 961 1526 (ὣ
990 1445 1319 1526 σπλάγχνων
1344 1446 1614 1526 πατρικῶν
1645 1451 1658 1506 l
1695 1451 1721 1505 ὁ
1771 1450 1996 1530 πατὴρ),

341 1538 484 1595 ἀλλὰ
537 1539 627 1595 καὶ
683 1536 961 1614 βιαιότατα
1021 1540 1320 1617 μετελθεῖν,
1387 1539 1476 1594 καὶ
1540 1539 1790 1615 βασάνοις
1865 1539 1998 1596 ἂνα-

351 1630 527 1686 λῶσαι
557 1627 999 1709 χαλεπωτάταις.

439 1718 543 1792 ς’,
607 1711 664 1776 Ὀ
733 1718 902 1775 τοίνυν
979 1720 1279 1798 Μαρκιανὸς
1363 1718 1701 1800 δικαστήριον
1785 1720 2003 1785 καθίσας

372 1811 540 1882 εἪος,
597 1809 679 1864 καὶ
737 1809 833 1876 τὴν
889 1809 1045 1885 ἁγίαν
1095 1810 1601 1890 παραστησάμενος,
1661 1811 1722 1867 τό
1791 1833 1847 1866 τε
1909 1816 2002 1868 τοῦ

372 1899 533 1967 ἤθους
581 1902 709 1973 ὁμοῦ
758 1898 982 1974 κόσμιον
1041 1901 1128 1956 καὶ
1183 1901 1243 1955 τὸ
1298 1905 1396 1967 τῆς
1456 1902 1666 1981 μορφῆς
1725 1899 2002 1979 πάγκαλον

373 1993 711 2065 θεασάμενος,
778 1990 884 2046 τῶν
943 1991 1039 2046 τοῦ
1093 1991 1292 2069 πατρὸς
1351 1990 1522 2069 ὅρκων
1593 1991 1997 2067 ἐπιλαθόμενος,

359 2082 648 2156 θαυμάζειν
711 2081 831 2136 τότε
903 2077 1109 2155 μᾶλλον
1171 2078 1205 2147 ἥ
1291 2079 1534 2152 κολάζειν
1617 2081 1830 2157 ἕτοιμος
1914 2081 2002 2148 ἧν,

352 2173 530 2248 Ταύτῃ
603 2177 732 2248 γοῦν
800 2172 888 2226 καὶ
963 2169 1162 2248 ῥήμασι
1229 2171 1644 2250 χρηστοτέροις,
1720 2172 2004 2250 Οἵκτειρον

521 2261 532 2276 1
667 2258 690 2278 π
943 2259 971 2280 1‘
1195 2260 1207 2280 Ι
1431 2261 1446 2282 \
1605 2261 1621 2283 ’
1676 2263 1689 2282 ε
1757 2262 1787 2275 θ’
1885 2263 1912 2275 ν

345 2281 603 2331 σεαυτην,
667 2258 876 2338 ελεγεν,
933 2282 978 2315 ω
1036 2258 1301 2338 Βαρὸαρα,
1364 2283 1448 2317 και
1506 2265 1603 2336 μεθ
1668 2282 1824 2336 ημων
1853 2265 2001 2318 θυσαι

352 2363 471 2413 τοῖς
531 2353 680 2412 θεοῖς
756 2350 1124 2426 προθυμήθητι
1155 2367 1166 2379 ·
1229 2351 1303 2414 ὡς
1372 2349 1542 2428 ἔγωγε
1612 2349 1842 2427 κήδομαί
1911 2373 2003 2407 σου

362 2441 448 2494 καὶ
501 2440 754 2515 βασάνοις
813 2437 1008 2504 κάλλος
1061 2449 1310 2499 τοσοῦτον
1374 2437 1662 2498 ὑποϐαλεῖν
1735 2439 1999 2520 φείδομαι.

364 2533 419 2588 Εἰ
470 2527 520 2585 δὲ
579 2530 661 2604 μὴ
723 2529 1018 2603 πεισθείης,
1083 2527 1202 2586 ἀλλ’
1259 2529 1353 2605 ἐμὲ
1406 2531 1709 2610 χρήσασθαί
1765 2552 1848 2586 σοι
1898 2553 2002 2588 κα-

356 2620 708 2697 ταναγκάσεις
781 2621 844 2675 τὸ
915 2618 1103 2676 λοιπὸν
1174 2622 1248 2685 ὡς
1319 2621 1378 2677 οὔ
1443 2621 1724 2698 βούλομαι.
1799 2612 1866 2678 Ἠ
1950 2619 2004 2676 δὲ

349 2712 576 2787 μαρτυς,
613 2710 760 2787 Ἐγὼ
787 2711 968 2767 θυσίαν
1014 2709 1261 2775 αἰνέσεως
1317 2716 1395 2780 τῷ
1449 2711 1583 2788 ἐμῷ,
1645 2710 1770 2792 ἔφη,
1832 2733 2004 2788 προσ-

347 2801 465 2866 άγω
533 2805 676 2874 θεῷ,
736 2801 792 2865 ὃς
851 2800 1068 2876 οὗρανὸν
1125 2820 1182 2855 τε
1245 2801 1332 2856 καὶ
1390 2805 1492 2879 γῆν
1551 2800 1748 2881 ἔκτισε,
1803 2802 1888 2858 καὶ
1939 2801 2005 2858 τὰ

352 2889 404 2944 ἐν
460 2890 654 2952 eritcf:
715 2887 946 2948 ἅπανταο
1010 2892 1130 2968 Περὶ
1203 2887 1256 2944 δὲ
1327 2896 1432 2946 τῶν
1503 2892 1764 2970 ματαίων,
1839 2892 2002 2970 φημὶ)

354 2981 480 3032 θεῶν
551 3000 651 3034 σου
724 2979 1031 3058 προείρηται
1106 2979 1202 3053 μέν
1277 2976 1330 3033 ἓν
1398 2979 1521 3054 θείῳ
1593 2983 1856 3055 Πνεύματι
1928 2986 2004 3052 τῷ

353 3068 517 3124 Δανίὸ
575 3068 659 3124 ὅτι
730 3091 758 3122 α
797 3069 870 3126 Τὰ
926 3067 1124 3126 εἴδωλα
1181 3075 1287 3125 τῶν
1351 3069 1509 3125 ἐθνῶν
1570 3069 1815 3147 ἀργύριον
1854 3092 1876 3127 u
1915 3072 2002 3126 καὶ

344 3161 591 3238 χρυσίον,
628 3158 758 3237 ’ἔργα
790 3165 989 3238 χειρῶν
1020 3158 1329 3238 ἀνθρώπων,
1366 3183 1393 3213 ι
1450 3161 1536 3216 καὶ
1595 3161 1673 3215 ὃτι
1742 3181 1765 3217 (ι
1802 3159 2002 3222 Πάντες

334 3251 383 3304 οἱ
486 3251 596 3305 θεοὶ
700 3255 808 3305 τῶν
907 3249 1069 3306 ἐθνῶν
1169 3247 1438 3324 δαιμόνια,
1479 3273 1506 3304 ιι
1598 3253 1854 3331 Σύμφημι
1948 3248 2002 3306 δὲ

334 3339 518 3417 κάγὼ,
644 3340 733 3394 καὶ
845 3338 945 3404 τὴν
1048 3340 1176 3416 πρὸς
1259 3339 1445 3402 αὖτοὺς
1551 3338 1737 3396 ἓλπίδα
1843 3339 2003 3407 κενὴν

347 3431 490 3486 εἶναι
576 3431 667 3484 καί
768 3427 998 3503 ματαίαν
1082 3426 1365 3506 διαῤῥτίὸην
1458 3429 1733 3508 ὁμολογῶ.
1831 3435 2004 3487 Ταῦτα

353 3519 448 3585 τῖις
519 3520 783 3598 μάρτυρος
855 3519 1133 3598 εἷπούσῆς,
1210 3522 1237 3576 ὀ
1307 3517 1564 3585 δικαστὴς
1636 3520 1767 3599 προς
1838 3519 2004 3598 ὃργὴν

362 3608 615 3687 ἐξαρθεὶς,
659 3606 1027 3688 περιδεθεϊσαν
1083 3608 1249 3676 αὐτὴν
1301 3608 1504 3666 κελεύει
1557 3610 1751 3686 βοείοις
1809 3609 2004 3684 νεύροις

367 3697 544 3770 ὠμοῖς
623 3698 855 3766 ἄνηλεῶς
957 3696 1379 3764 καταξαίνεσθαι.
1482 3700 1620 3756 Εἶτα
1694 3697 2004 3778 δριμυτέραν

371 3790 503 3864 αὖτῇ
554 3789 648 3855 τὴν
693 3790 947 3856 αἴσθησιν
1005 3788 1233 3845 ἐνθεῖναι
1295 3787 1644 3870 βουλόμενος,
1700 3791 1787 3847 καὶ
1823 3790 2005 3870 τριχί-

365 3901 474 3943 νοις
579 3879 878 3959 ὑφάσμασιν
995 3877 1268 3936 ἔπι-τάττει
1391 3876 1789 3958 προστρίϐεσθαι
1917 3879 2006 3942 τὰς

355 3967 599 4045 πληγάς,
705 3969 886 4031 Οὕτως
986 3970 1075 4024 οὗν
1185 3969 1547 4044 ἀπανθρώπως
1640 3967 2002 4044 αἷκιζομένης,

352 4057 596 4138 χαλεπαὶ
653 4066 731 4133 τῷ
805 4057 1016 4134 σώματι
1090 4058 1178 4114 καὶ
1249 4057 1543 4116 ἆνώκεστοι
1621 4059 2009 4135 ἆνεστομοῦντο

350 4151 548 4228 πηγαὶ,
604 4149 680 4212 ὡς
720 4149 785 4205 τὸ
828 4146 952 4205 ὅλον
1003 4145 1192 4228 ἔδαφος
1237 4153 1336 4214 τῆς
1393 4146 1652 4226 παρθένου
1709 4147 2010 4228 περιερῤάν-

344 4242 430 4294 θαι
503 4251 630 4303 τοῖς
688 4237 938 4313 αἴμασιν.
997 4237 1228 4295 ’Ἔπειτα
1303 4239 1438 4314 μετὰ
1513 4237 1608 4296 τὰς
1680 4237 1893 4318 πληγὰς
1950 4240 2010 4296 τὸ

343 4327 719 4404 δεσμωτήριον
777 4328 941 4395 «MV
983 4325 1310 4408 διαδέχεται,
1363 4335 1456 4388 τοῦ
1511 4329 1779 4406 ἡγεμόνος
1830 4329 1962 4408 πρὸς

343 4419 523 4497 μωρίᾳ
555 4420 658 4486 τὴν
687 4418 921 4497 μάρτυρα
947 4415 1272 4491 παραδώσει.

426 4509 516 4572 Z'.
550 4506 698 4575 Ἤδη
729 4506 784 4564 δὲ
816 4508 1081 4583 μεσούσης
1139 4510 1346 4584 νυκτὸς,
1408 4509 1520 4590 φῶς
1570 4529 1627 4565 τε
1671 4509 1837 4576 αὐτὴν
1865 4530 1996 4588 φαι-

341 4599 462 4678 δρὸν
539 4598 744 4656 ἄνωθεν
801 4596 1153 4676 περιλάμπει,
1215 4601 1297 4656 οιαὶ
1362 4601 1587 4676 Χριστὸς
1655 4598 2004 4680 ἐπιφαίνεται,

340 4692 534 4771 θέρσος
599 4710 657 4744 τε
718 4691 855 4764 αὒτῇ
914 4686 1139 4752 ἰντιθεὶς
1183 4689 1270 4746 καὶ
1318 4689 1384 4745 τὰ
1439 4687 1491 4755 ἐξ
1549 4689 1838 4769 ἀνθρώπων
1870 4689 2009 4746 κακὰ

345 4786 425 4857 μὴ
485 4779 714 4836 δεδιέναι
777 4776 919 4839 ὅλως
993 4777 1427 4856 ἐγκελευόμενος.
1507 4778 1652 4858 Ἐγὼ
1730 4780 1829 4859 γὰρ
1901 4781 2008 4854 εἰμι

353 4874 485 4946 μετὰ
513 4875 636 4942 σοῦ,
672 4867 802 4948 ἔφη,
852 4868 941 4924 καὶ
986 4868 1088 4924 ὑπὸ
1144 4870 1210 4944 τῇ
1272 4874 1395 4940 σκιᾷ
1449 4869 1554 4924 τῶν
1613 4869 1755 4944 ἐμῶν
1813 4869 2010 4948 πτερύ-

361 4985 462 5039 γων
490 4959 587 5037 ἔσῃ
616 4957 712 5038 apo}
725 4955 1019 5033 αττομὲνη.
1062 4956 1195 5014 Οῧτο
1241 4957 1396 5023 τέλος
1455 4958 1615 5038 ε’ίχον
1674 4961 1720 5015 οἱ
1749 4959 1881 5036 πρὸς
1911 4960 2008 5028 τὴν

363 5053 586 5131 μάρτυρα
617 5051 714 5105 τοῦ
747 5048 978 5124 Χριστοῦ
1025 5044 1197 5126 λύγοι,
1235 5048 1320 5104 καὶ
1381 5049 1442 5104 τὸ
1496 5055 1587 5104 τοῦ
1641 5049 1865 5106 Ἠσαίου
1923 5050 2010 5106 ἒπὶ

356 5144 478 5218 αὐτῇ
529 5139 700 5220 πέρας
759 5136 921 5216 εἶχε,
974 5137 1113 5214 ταχὺ
1166 5140 1269 5191 τῶν
1331 5137 1568 5210 ἰαμάτων
1618 5137 2009 5197 ἆνατειλάντων

351 5232 496 5308 αὖτῇ,
532 5231 619 5288 καὶ
651 5235 765 5286 τῶν
798 5225 1057 5303 πληγῶν,
1111 5223 1290 5306 ὥσπερ
1345 5225 1396 5292 ἐξ
1446 5227 1622 5307 ἀρχῆς
1682 5227 1818 5304 μηδὲ
1848 5250 2008 5308 γενο-

343 5321 527 5404 μένων,
607 5315 1170 5404 ἀπελαθέντωνῌωῦ
1239 5317 1512 5391 σώματος,
1587 5318 1734 5396 Χᾱρὰ
1791 5316 1845 5373 δὲ
1911 5319 2008 5387 τὴν

334 5414 476 5495 ἁγίαν
510 5401 671 5494 ἐἶχε
739 5407 838 5465 καὶ
901 5401 1239 5481 ἀγαλλίασις,
1317 5407 1606 5486 εὐφροσύνη
1664 5429 1720 5464 τε
1793 5409 2004 5476 αἰώνιος

321 5493 441 5592 ὑπὲρ
469 5493 731 5574 κεφάλῆς
771 5494 980 5574 αὐτῆς,
1041 5493 1101 5549 τὸ
1158 5503 1248 5552 τοῦ
1304 5500 1510 5554 Ησαίου
1582 5497 1742 5554 πάλιν
1809 5502 2004 5564 εἰπεῖν,

308 5575 433 5675 Γυνῆ
511 5575 569 5658 ag
650 5615 742 5657 τις
812 5580 1082 5651 θεοσεϐὴς
1146 5587 1233 5643 καὶ
1293 5585 1597 5666 φοϐουμένη
1654 5591 1746 5646 τὸν
1792 5591 2006 5672 Κύριον,

296 5695 562 5763 ,γουλιανὴ
630 5689 854 5761 ὄνομα,
928 5679 999 5752 τῇ
1058 5675 1277 5756 μάρτυρι
1327 5677 1448 5736 τότε
1477 5682 1723 5757 συνοῦσα,
1757 5679 1869 5739 ἐπεὶ
1901 5682 2006 5743 τῶν

353 5813 389 5868 4
426 5801 602 5876 Ρωι,
643 5805 844 5869 cun,
886 5781 954 5850 4.
1040 5780 1076 5834 5
1103 5783 1262 5854 Psal.
1294 5801 1431 5854 xcv.
1465 5786 1528 5859 5.
1611 5786 1646 5844 6
1673 5788 1785 5856 Isa.
1820 5805 1997 5874 xxxv,

2095 652 2234 707 tunc
2265 644 2507 726 quidem
2537 644 2790 707 includit
2821 647 2880 707 in
2913 663 3090 726 parva
3116 646 3497 728 domuncula,
3534 648 3735 730 impo-

2089 753 2239 797 nens
2268 735 2564 810 custodes,
2619 743 2676 796 et
2726 735 2941 798 ostium
2975 735 3261 798 obseraus
3293 745 3349 799 et
3385 737 3732 819 obsignans.

2089 822 2318 887 Deinde
2345 825 2519 886 etiam
2554 843 2763 904 magna
2795 825 3102 889 celeritate
3151 827 3395 890 veniens
3451 827 3520 889 ad
3583 846 3735 908 pras-

2089 913 2279 975 sidem
2311 913 2686 996 Martianum,
2713 915 2815 996 qui
2847 924 2983 979 tunc
3009 915 3130 978 illic
3161 915 3404 996 gerebat
3425 918 3733 997 magistra-

2087 1009 2233 1084 tum,
2267 1003 2448 1066 refert
2477 1005 2530 1065 ei
2563 1022 2688 1066 rem
2739 1024 3001 1068 omnem.
3056 1005 3301 1070 Summa
3352 1014 3547 1070 autem
3580 1017 3728 1086 erat,

2085 1089 2246 1167 quod
2270 1090 2416 1152 deos
2438 1091 2680 1172 quidem
2707 1102 2979 1173 negasset
3000 1093 3144 1174 filia,
3164 1111 3262 1156 res
3288 1113 3425 1157 vero
3449 1096 3731 1159 Christia-

2085 1197 2296 1241 norum
2331 1180 2607 1259 elegisset
2630 1191 2844 1262 praeter
2874 1203 3039 1265 spem
3062 1185 3526 1249 honorare.Haec
3556 1186 3724 1265 dixit,

2087 1279 2144 1331 et
2173 1268 2488 1332 adductam
2515 1271 2693 1334 tradit
2713 1272 2773 1333 in
2801 1291 3008 1336 manus
3028 1273 3213 1357 illius,
3239 1295 3370 1338 cum
3401 1294 3533 1338 eum
3561 1277 3730 1358 prius

2085 1359 2381 1438 adegisset
2410 1371 2809 1440 sacramento,
2847 1381 2964 1425 non
2998 1383 3312 1445 parsurum
3374 1385 3508 1429 esse
3567 1367 3728 1448 filim,

2081 1453 2142 1530 (o
2175 1458 2420 1531 paterna
2452 1451 2699 1528 viscera,
2731 1455 2964 1536 pater!)
3001 1455 3106 1517 sed
3140 1455 3568 1519 violentissime
3597 1476 3727 1520 eam

2085 1559 2218 1603 esse
2249 1549 2660 1619 tractaturum,
2697 1552 2755 1605 et
2784 1562 2916 1606 esse
2946 1546 3310 1625 gravissimis
3331 1554 3728 1629 consumptu-

2085 1648 2216 1692 rum
2249 1632 2579 1712 suppliciis.

2167 1718 2265 1810 Ἦ.
2293 1719 2613 1786 Martianus
2639 1741 2778 1804 ergo
2797 1743 2932 1787 cum
2954 1727 3170 1790 sedere
3197 1729 3468 1810 protinus
3489 1728 3731 1792 fecisset

2081 1809 2394 1889 judicium,
2451 1821 2508 1874 et
2555 1823 2821 1877 sanctam
2869 1825 3142 1880 curasset
3187 1809 3533 1900 sistendam,
3587 1826 3729 1881 tunc

2023 1951 2063 2003 Β
2087 1904 2792 2003 morum-contemplatus
2823 1907 3304 2003 honestatem__et
3357 1908 3564 1972 formae
3595 1908 3729 1990 pul-

2092 1989 2713 2074 chritudinem,patris
2743 1997 3104 2059 sacramenti
3130 1998 3370 2075 oblitus,
3398 2018 3530 2060 eam
3560 1989 3731 2078 para-

2095 2087 2186 2143 tus
2213 2091 2339 2143 erat
2369 2084 2555 2161 magis
2587 2083 2816 2166 mirari,
2842 2104 3016 2167 quam
3051 2088 3362 2166 castigare.
3387 2087 3480 2151 Sic
3507 2107 3646 2168 ergo
3668 2095 3731 2151 et

2091 2169 2285 2232 verbis
2337 2170 2827 2251 benignioribus:
2883 2175 3172 2241 Miserere
3222 2179 3328 2255 tui,
3386 2178 3646 2253 dicebat,
3692 2197 3727 2240 ο

2087 2259 2370 2342 Barbara,
2402 2271 2797 2345 promptoque
2829 2273 2887 2327 et
2926 2266 3106 2329 alacri
3152 2268 3353 2330 animo
3413 2267 3727 2330 nobiscum

2087 2348 2204 2412 diis
2233 2351 2530 2414 sacrifica.
2563 2351 2708 2414 Nam
2743 2373 2848 2433 ego
2869 2356 3110 2435 quidem
3144 2359 3227 2420 tui
3247 2377 3446 2422 curam
3470 2377 3636 2438 gero,
3672 2366 3732 2421 et

2090 2458 2267 2519 parco
2298 2441 2610 2503 tormentis
2643 2443 2816 2505 talem
2861 2445 3162 2525 subjicere
3193 2447 3726 2528 pulchritudinem.

2088 2531 2193 2593 Sin
2224 2537 2419 2592 autem
2444 2550 2564 2593 non
2591 2532 2881 2613 parueris,
2915 2553 3011 2596 me
3036 2536 3319 2616 deinceps
3341 2555 3515 2616 coges
3535 2544 3591 2601 te
3613 2539 3722 2614 uti,

2090 2626 2152 2709 ut
2181 2620 2336 2709 volo.
2372 2621 2593 2702 Martyr
2619 2631 2817 2685 autem
2848 2643 2861 2684 :
2894 2624 3015 2704 Ego
3063 2626 3448 2700 sacriﬁcium,
3511 2627 3728 2709 inquit,

2087 2708 2281 2772 laudis
2311 2709 2433 2772 Deo
2465 2728 2598 2772 meo
2632 2713 2843 2794 offero,
2877 2715 2980 2791 qui
3029 2717 3247 2778 creavit
3271 2717 3487 2779 coelum
3519 2725 3576 2778 et
3603 2708 3730 2780 ter-

2087 2817 2241 2880 ram,
2274 2807 2333 2861 et
2361 2801 2562 2862 omnia
2607 2820 2738 2882 quae
2767 2804 2824 2863 in
2861 2804 2949 2865 eis
2981 2814 3141 2867 sunt.
3175 2805 3259 2868 De
3290 2807 3405 2868 tuis
3433 2826 3598 2888 vero,
3631 2809 3732 2870 in-

2090 2889 2240 2969 quit,
2274 2889 2440 2950 vanis
2473 2890 2588 2951 diis
2621 2891 2968 2970 praedictum
3015 2894 3259 2974 quidem
3293 2905 3386 2958 est
3430 2915 3465 2958 a
3513 2897 3735 2959 Davide

2087 2978 2148 3038 in
2181 2977 2382 3040 divino
2416 2978 2678 3060 Spiritu:
2713 3001 2736 3038 α
2764 2981 3098 3045 Simulacra
3126 2984 3390 3061 gentium
3425 2994 3732 3065 argentum

2089 3074 2146 3128 et
2201 3086 2433 3143 aurum,
2499 3087 2682 3150 Opera
2749 3089 3027 3133 manuum
3098 3073 3409 3135 hominum
3433 3075 3482 3134 4.
3523 3100 3548 3130 υ
3613 3074 3725 3137 Et:

2094 3177 2119 3214 ιι
2152 3156 2372 3222 Omnes
2403 3159 2483 3220 dii
2515 3160 2779 3239 gentium
2812 3160 3147 3226 daemonia:
3195 3163 3482 3226 Dominus
3535 3172 3732 3228 autem

2087 3248 2268 3309 cmlos
2293 3247 2433 3310 fecit
2453 3251 2505 3308 5.
2541 3275 2561 3306 η
2592 3248 2664 3313 Ει
2693 3268 2834 3311 vero
2866 3269 2973 3330 ego
3005 3271 3238 3333 quoque
3260 3254 3577 3336 assentior,
3602 3273 3736 3317 esse

2087 3355 2322 3418 vanam,
2356 3357 2486 3419 quae
2535 3346 2627 3401 est
2676 3339 2738 3400 in
2789 3339 2898 3420 eis,
2947 3359 3138 3422 spem,
3175 3349 3234 3404 et
3259 3342 3498 3405 inanem
3529 3352 3733 3424 aperte

2090 3428 2403 3490 conﬁteor.
2458 3427 2594 3490 Haec
2635 3447 2769 3489 cum
2831 3428 3076 3492 dixisset
3134 3441 3376 3513 martyr,
3425 3433 3614 3512 judex
3645 3435 3736 3496 ira

2087 3535 2400 3592 accensus,
2429 3517 2601 3597 jubet
2632 3536 2761 3579 eam
2815 3519 2976 3593 exui,
3037 3529 3098 3583 et
3154 3520 3496 3584 crudelibus
3553 3522 3733 3586 boum

2088 3607 2286 3669 nervis
2346 3607 2670 3669 crudeliter
2719 3607 2892 3669 caedi.
2952 3609 3182 3672 Deinde
3242 3630 3376 3673 cum
3433 3611 3610 3674 vellet
3677 3613 3736 3674 ei

2090 3697 2329 3760 efﬁcere
2359 3715 2601 3759 sensum
2635 3697 3028 3777 acerbiorem,
3067 3699 3239 3780 jubet
3287 3701 3488 3781 plagas
3536 3702 3732 3765 cilicio

2089 3786 2285 3850 atteri.
2317 3788 2464 3850 Cum
2489 3786 2802 3868 puniretur
2821 3805 2960 3865 ergo
2985 3797 3100 3850 tam
3124 3789 3473 3865 inhumane,
3502 3793 3732 3873 aperie-

2089 3877 2308 3939 bantur
2337 3894 2542 3956 graves
2572 3877 2764 3938 foutes
2799 3878 3089 3956 corporis,
3124 3879 3271 3941 adeo
3321 3887 3383 3942 ut
3415 3887 3599 3942 totum
3631 3898 3733 3941 so-

2091 3967 2214 4029 lum
2247 3965 2595 4046 irrigaretur
2651 3966 2942 4045 sanguine
2998 3967 3261 4048 virginis.
3325 3969 3553 4033 Deinde
3607 3977 3738 4050 post

2091 4056 2340 4118 verbera
2370 4074 2498 4118 eam
2531 4071 2771 4116 carcere
2795 4055 3033 4136 excipit,
3071 4056 3211 4118 dum
3236 4067 3559 4138 occupatus
3582 4066 3740 4120 esset

2093 4143 3058 4230 praesesindeliberando,cuinam
3080 4147 3514 4227 supplicioeam
3533 4153 3740 4229 postea

2095 4237 2382 4300 traderet.

2035 4327 2325 4406 διάσκεψεν
2390 4327 2873 4410 ἐνασχολουμένου,
2933 4328 3031 4384 τίνι
3103 4330 3164 4385 τὸ
3236 4330 3371 4403 μετὰ
3432 4335 3591 4387 ταῦτα
3650 4350 3740 4385 τι-

2161 4507 2289 4571 VII.
2325 4508 2472 4572 Cum
2503 4515 2702 4570 autem
2719 4509 2844 4589 jam
2871 4513 3030 4570 esset
3053 4524 3166 4570 uox
3185 4507 3401 4581 media,
3431 4507 3530 4570 lux
3549 4508 3741 4589 ipsam

2033 4597 2485 4662 Dcircumcirca
2517 4597 2818 4660 illuminat
2847 4615 2880 4659 a
2915 4597 3175 4679 superis,
3209 4605 3270 4661 et
3317 4596 3589 4660 Christus
3642 4617 3743 4681 ap-

2067 4695 2282 4770 paret,
2318 4688 2416 4770 qui
2446 4696 2510 4750 et
2538 4687 2595 4750 ei
2623 4686 2903 4761 addebat,
2936 4687 3226 4765 animum,
3261 4693 3324 4751 et
3373 4686 3625 4768 jubebat
3678 4695 3743 4750 ut

2093 4778 2258 4842 nullo
2290 4777 2466 4840 modo
2515 4778 2755 4839 timeret
2805 4777 2962 4840 mala
3011 4777 3365 4841 hominum:
3399 4775 3519 4856 Ego
3551 4777 3738 4854 enim,

2093 4867 2308 4950 inquit,
2345 4885 2475 4928 sum
2511 4873 2730 4942 tecum,
2775 4873 2832 4928 et
2863 4865 3199 4929 servaberis
3230 4866 3338 4928 sub
3371 4867 3583 4929 umbra
3611 4868 3740 4930 ala-

2092 4977 2226 5022 rum
2261 4974 2548 5019 mearum.
2583 4955 2858 5018 Nondum
2907 4955 3088 5017 tinem
3135 4963 3492 5036 acceperant
3534 4955 3738 5034 verba,

2093 5067 2221 5131 quae
2246 5046 2470 5110 fiebant
2494 5046 2759 5127 martyri,
2787 5053 2845 5108 et
2866 5044 3024 5126 quod
3055 5043 3129 5106 ab
3159 5043 3309 5107 Isaia
3331 5045 3553 5109 dictum
3577 5047 3740 5126 esto,

2091 5139 2154 5200 in
2185 5157 2255 5200 ea
2286 5145 2374 5199 est
2405 5143 2906 5199 consummatum.
2937 5136 3086 5199 Nam
3120 5153 3254 5196 cum
3289 5135 3404 5198 cito
3439 5134 3494 5197 ei
3525 5145 3744 5200 exortae

2092 5236 2297 5292 essent
2327 5227 2690 5304 curationes,
2726 5235 2784 5288 et
2813 5226 3021 5305 plagae,
3048 5231 3326 5306 tanquam
3350 5242 3469 5287 non
3489 5224 3744 5289 fuissent

2092 5320 2164 5382 ab
2199 5319 2390 5394 initio,
2423 5335 2456 5378 a
2487 5333 2738 5398 corpore
2775 5315 3036 5397 expulsae
3067 5322 3288 5392 essent,
3336 5313 3614 5394 gaudium
3647 5323 3741 5379 te-

2091 5411 2221 5471 nuit
2248 5416 2512 5471 sanctam
2547 5414 2606 5468 et
2638 5405 2974 5478 exsultatio,
3011 5412 3070 5466 et
3095 5404 3298 5468 laetitia
3313 5412 3534 5467 aeterna
3561 5423 3742 5486 super

2091 5509 2267 5582 caput
2298 5500 2450 5581 ejus,
2482 5504 2546 5560 ut
2574 5513 2782 5559 rursus
2841 5495 3058 5575 dicam,
3121 5494 3276 5576 quod
3332 5494 3474 5556 dicit
3526 5495 3732 5582 Isaias.

2090 5590 2303 5653 Mulier
2332 5597 2528 5651 autem
2562 5585 2830 5668 quaedam
2866 5584 2982 5666 pia,
3019 5591 3078 5646 et
3126 5584 3340 5646 timens
3387 5581 3727 5659 Dominum,

2093 5681 2338 5744 nomine
2367 5679 2628 5762 Juliana,
2665 5685 2805 5740 tunc
2843 5691 3202 5740 conversans
3259 5691 3398 5738 cum
3448 5679 3725 5754 martyre,

2028 5789 2106 5856 14
2136 5807 2266 5873 seq.
