4136 6442
417 406 533 483 311

1725 406 2008 473 MENSIS
2056 405 2482 471 DECEMBER.

3684 395 3815 465 312

419 559 735 634 postquam
762 546 1158 623 admirabilia,
1194 564 1326 630 quae
1381 544 1442 608 in
1497 562 1568 610 ea
1604 545 1755 608 facta
1786 553 1942 623 sunt,
1980 550 2067 604 est

2172 543 2222 608 ηἶς
2297 544 2461 610 αὗτὴν
2536 536 2843 620 παραδόξων
2920 537 3115 605 θεατὴς
3184 535 3406 615 γέγωνε,
3484 536 3573 594 καὶ
3655 534 3817 597 ὅπως

420 641 660 719 intuila,
687 648 751 704 et
781 636 1284 719 quemadmodum
1309 635 1592 697 continuo
1614 634 1799 716 plaga:
1821 650 2074 695 evanue-

418 740 584 808 runt,
620 729 744 792 Deo
776 728 925 790 dans
977 726 1257 805 gloriam,
1318 740 1379 787 et
1428 726 1618 788 instar
1673 723 1898 785 sororis
1937 740 2072 784 cum

423 827 680 901 martyre
742 815 1147 895 consentiens,
1221 814 1483 889 seipsam
1557 810 1930 894 prazparabat
2003 809 2076 872 ad

422 910 623 991 plagas
653 915 709 970 et
741 905 990 983 ﬂagella.
1027 903 1256 966 Deinde
1287 922 1421 965 cum
1482 921 1698 991 praises
1756 902 1830 964 ad
1865 920 2075 991 secun-

422 990 559 1061 dam
607 996 859 1058 sedisset
918 992 1442 1066 examinationem,
1499 990 1756 1053 adducta
1811 990 1881 1053 ad
1941 1008 2074 1051 eum

421 1096 646 1164 sancta,
681 1093 742 1147 et
798 1084 922 1145 viso
978 1081 1319 1146 admirabili
1372 1080 1650 1143 omnibus
1709 1079 2074 1162 spectaculo,

422 1175 584 1256 quod
617 1192 724 1237 nec
756 1172 901 1235 levis
935 1171 1176 1255 quidem
1226 1171 1286 1232 in
1317 1171 1450 1250 ejus
1482 1188 1737 1251 corpore
1771 1169 2075 1243 laceratio,

422 1283 617 1346 neque
646 1263 804 1326 ullus
836 1260 1004 1323 vibex
1037 1259 1386 1341 apparebat,
1433 1259 1618 1339 judex
1654 1260 1728 1320 ad
1771 1259 2076 1321 veritatem

365 1363 367 1366 ‘
419 1363 625 1434 aperte
657 1351 999 1431 caecutiens,
1069 1351 1311 1412 mittens
1361 1366 1590 1427 magna:
1645 1348 1750 1412 Dei
1805 1347 2082 1429 potentiae

422 1443 728 1506 ascribere
750 1441 809 1502 id
843 1440 1002 1522 quod
1041 1439 1257 1500 factum
1291 1438 1506 1517 fuerat,
1538 1445 1596 1500 et
1627 1438 1839 1518 prioris
1871 1437 2000 1497 vitae
2025 1445 2083 1498 et

2157 633 2380 711 ἀφανεῖς
2435 634 2496 687 ὲκ
2555 638 2649 687 του
2701 630 3040 708 παραχρῆμα
3092 626 3425 694 κατέστησαν
3479 626 3530 684 di
3580 623 3821 701 πληγαὶ,

2158 719 2317 783 δοῦσα
2379 742 2436 778 τε
2501 718 2652 786 δόξαν
2709 723 2787 791 τῷ
2841 724 2978 792 Θεῷ,
3042 719 3130 774 καὶ
3187 715 3387 798 ἀδελφὰ.
3464 723 3532 793 τῇ
3588 715 3826 793 μάρτυρι.

2160 812 2602 890 συμφρονήσασα,
2668 809 2800 886 πρὶς
2860 806 3077 883 πληγὰς
3135 807 3329 875 ἑαυτὴν
3387 807 3475 863 καὶ
3544 805 3824 881 μάστιγας

2162 903 2574 978 παρεσκεύαζεν.
2637 899 2776 956 Εἶτα
2837 899 2968 975 πρὸς
3028 894 3270 973 δευτέραν
3324 898 3540 961 καθίσας
3594 898 3622 948 ὸ
3673 892 3830 971 ἦγε-

2162 992 2278 1066 μὼν
2351 990 2450 1057 τὴν
2523 988 2779 1067 ἐξέτασιν,
2850 988 2940 1044 καὶ
3021 990 3120 1053 τῆς
3193 987 3345 1064 ἁγίας
3415 984 3825 1066 προσαχθείσης

2162 1083 2324 1153 αύτῷ,
2426 1082 2512 1135 καὶ
2598 1079 2813 1157 φρικτὸν
2890 1077 3061 1151 θέαμα
3142 1082 3300 1133 πᾶσιν
3379 1074 3647 1149 ἀρθείσης,
3733 1072 3824 1128 ὅτι

2162 1169 2300 1245 μηΒέ
2332 1174 2391 1226 τὸ
2421 1170 2591 1248 τυχὸν
2622 1168 2911 1245 σπάραγμα
2940 1174 3016 1241 τῷ
3065 1178 3274 1241 σώματι
3334 1167 3499 1232 αὐτῆς
3534 1163 3831 1237 ὶδηλοζτο,

2167 1258 2303 1335 μηδὲ
2363 1258 2572 1334 μώλωψ
2632 1255 2842 1332 μηδεὶς,
2919 1259 2946 1313 ὃ
3017 1254 3295 1335 δικαστὴς,
3371 1262 3504 1334 φεῦὶ
3579 1259 3834 1335 φανερῶς

2163 1348 2482 1428 τυφλώττων
2512 1349 2643 1425 πρὸς
2673 1349 2772 1416 τήν
2799 1345 3073 1423 ἀλάθειαν,
3136 1345 3415 1403 ἀπολιπὼν
3475 1351 3542 1422 τῇ
3598 1342 3829 1420 μεγάλῃ

2163 1446 2257 1495 τσῦ
2289 1447 2419 1498 Θεοῦ
2448 1436 2661 1513 δυνάμει
2718 1439 2778 1494 τὸ
2834 1437 3055 1513 γεγονὸς
3116 1435 3451 1516 ὲπιγράνξειν,
3512 1432 3831 1510 μετάμελόν

426 1532 652 1595 erroris
678 1531 816 1594 duci
853 1520 1202 1610 penitentia,
1236 1528 1338 1591 ille
1372 1530 1567 1607 potius
1624 1545 1863 1589 omnem
1920 1524 2082 1587 exuit

2172 1551 2223 1585 τε
2282 1527 2471 1585 λαϐεῖν
2529 1530 2625 1586 τοῦ
2683 1527 2938 1605 προτέρου
2991 1529 3105 1604 βίου
3162 1528 3249 1583 καὶ
3302 1531 3400 1593 τῆς
3433 1526 3665 1603 ἀπάτης,
3705 1526 3739 1579 ὁ
3772 1520 3833 1579 δὲ

422 1622 749 1705 pudorem,
784 1628 843 1681 et
873 1618 992 1680 diis
1024 1619 1149 1679 suis
1184 1616 1571 1698 impudenter
1598 1634 1724 1677 eam
1754 1614 2084 1677 altribuens

2172 1619 2255 1675 καὶ
2319 1616 2525 1692 μᾶλλοο
2584 1618 3033 1695 ἀπηναισχύντει,
3102 1617 3187 1671 καὶ
3257 1628 3375 1679 τοῖς
3448 1618 3603 1674 αὺτοῦ
3674 1618 3835 1674 θεοῖς

425 1704 804 1774 sanationem
832 1731 845 1769 :
876 1706 1082 1783 Vides,
1117 1707 1286 1786 dixit,
1314 1726 1348 1766 ο
1383 1707 1665 1786 Barbara,
1697 1704 2084 1785 quemadmo-

2172 1709 2269 1775 τὴν
2308 1707 2454 1763 ἴασιν
2506 1705 2797 1785 ἐλογίζετο,
2855 1707 2965 1783 καὶ,
3028 1705 3208 1783 Ὁρᾷς,
3270 1704 3445 1785 ἔλεγε,
3499 1711 3613 1767 πῶς
3669 1704 3833 1759 ἀντι-

423 1803 565 1863 dum
602 1807 660 1862 te
692 1800 773 1861 dii
805 1805 1069 1877 tuentur,
1103 1804 1161 1859 et
1194 1797 1277 1857 tui
1310 1814 1512 1856 curam
1544 1804 1781 1873 gerunt,
1821 1795 1921 1876 qui
1960 1804 2084 1855 tuas

2172 1797 2441 1853 ποιοῦνταί
2494 1818 2587 1854 σου
2646 1798 2691 1853 οἱ
2748 1795 2887 1870 θεοῖ,
2949 1793 3213 1874 Βαρϐἆρα,
3256 1795 3345 1852 καὶ
3398 1792 3683 1869 κηδόμενοὶ
3740 1815 3839 1849 σου

426 1889 629 1970 plagas
653 1896 958 1950 curarunt.
981 1886 1085 1948 Cui
1117 1884 1605 1966 marterhristi:
1637 1883 1749 1958 Qui
1780 1882 2083 1959 similiter,

2172 1888 2266 1950 τὰς
2325 1885 2536 1964 πληγὰς
2592 1885 2995 1963 ἐθεράπευσανς
3054 1888 3191 1963 Πρὸς
3252 1885 3310 1941 ὃν
3360 1885 3395 1953 ἡ
3450 1894 3544 1943 τοῦ
3600 1890 3841 1961 Χριστοῦ

424 1979 642 2061 inquit,
679 1985 859 2059 atque
896 1987 982 2055 tu,
1017 1976 1357 2054 cmcutiunt,
1393 1981 1452 2035 et
1483 1974 1744 2035 humana
1777 1991 1952 2034 manu
1989 1973 2084 2033 in-

2172 1978 2371 2054 μάρτυς
2412 1995 2427 2012 ⁸
2467 1977 2527 2034 Οἱ
2560 1977 2755 2051 ὁμοίως
2812 1997 2896 2030 σοι
2962 1974 3380 2055 τυφλώττοντες,
3437 1973 3565 2053 ἔφη,
3619 1973 3711 2030 καὶ
3747 1972 3836 2030 ἆν-

422 2068 628 2148 digent
652 2067 722 2128 ad
749 2068 883 2140 hoc,
911 2073 976 2127 ut
997 2064 1402 2145 perducantur
1422 2063 1495 2123 ad
1521 2062 2084 2143 essentiam,quem-

2176 2066 2447 2144 θρωπίνης
2483 2068 2665 2146 χειρὸς
2698 2063 2937 2139 δεόμενοι
2982 2066 3110 2142 πρὸς
3147 2065 3244 2132 τὴν
3301 2071 3394 2122 τοῦ
3452 2064 3594 2122 εἶναι
3650 2085 3833 2140 πνρα-

423 2157 747 2219 admodum
810 2154 926 2217 tale
987 2154 1128 2236 quid
1189 2162 1511 2235 potuerunt
1560 2151 1809 2214 facere?
1852 2152 1970 2213 Sed
2036 2152 2084 2217 si

2173 2157 2381 2233 γωγὴν,
2465 2163 2580 2218 πῶς
2661 2155 2759 2234 ἄρα
2833 2165 3069 2213 τοιοῦτον
3100 2152 3359 2223 ἠδύναντο
3428 2151 3603 2231 δρᾷν;
3672 2150 3827 2209 Ἀλλ’

423 2246 511 2309 vis
543 2246 699 2308 scire
731 2246 1004 2327 quisnam
1037 2243 1139 2319 sit,
1171 2244 1271 2324 qui
1308 2260 1400 2303 me
1461 2241 1711 2321 sanavit,
1766 2249 1855 2303 est
1912 2243 2082 2305 Jesus

426 2336 704 2400 Christus
734 2335 891 2398 (ilius
924 2333 1055 2407 Dei,
1091 2351 1266 2414 quem
1303 2330 1434 2392 ﬁeri
1466 2350 1586 2393 non
1616 2339 1813 2411 potest
1845 2339 1904 2393 ut
1932 2350 2081 2393 con-

427 2425 678 2505 tuearis,
699 2442 835 2487 cum
864 2423 1181 2504 profundis
1206 2421 1471 2484 tenebris
1496 2421 1815 2501 impietatis
1839 2421 2081 2484 orbatus

425 2517 514 2577 sis
546 2514 736 2576 oculis
764 2514 1001 2575 animze.

510 2603 664 2666 Vill.
696 2602 798 2665 His
830 2602 1028 2664 verbis
1061 2619 1280 2683 [ιι-ωερε
1308 2601 1382 2663 ad
1447 2602 1733 2680 majorem
1792 2618 2081 2663 accensus

427 2692 832 2766 iracundiam,
868 2702 927 2754 et
959 2711 1074 2753 non
1102 2691 1305 2752 valens
1336 2709 1400 2753 se
1431 2695 1767 2770 continere,
1808 2690 1981 2769 jubet
2012 2691 2084 2751 iis

429 2784 537 2864 qui
556 2781 1047 2857 aderant,ferreis
1072 2780 1411 2861 pectinibus
1434 2780 1618 2841 latera
1652 2779 1890 2857 virginis
1920 2780 2082 2841 sciu-

428 2874 597 2948 dere,
632 2880 690 2935 et
716 2871 882 2934 taedis
912 2871 1066 2951 ignis
1117 2869 1387 2932 membra
1431 2870 1554 2949 jam
1600 2870 1850 2931 lacerata
1886 2887 2082 2944 urere,

429 2962 649 3026 deinde
681 2964 855 3024 etiam
889 2960 1107 3023 malleo
1141 2969 1455 3041 percutere
1508 2959 1914 3022 venerandum
1956 2960 2087 3040 ejus

428 3061 624 3135 caput.
675 3050 816 3124 Quae
867 3050 1111 3132 quidem
1184 3068 1319 3110 cum
1372 3050 1689 3111 celerrime
1745 3049 1986 3128 tierent,
2019 3067 2089 3111 ea

425 3142 636 3205 videns
668 3143 764 3223 pia
788 3140 1045 3219 Juliana,
1081 3145 1142 3202 et
1191 3138 1390 3199 animo
1444 3157 1601 3218 aegre
1665 3137 1886 3211 ferens,
1950 3157 2085 3201 cum

2197 2247 2210 2267 ν
2438 2246 2452 2263 \
2491 2247 2504 2267 ν
2601 2247 2611 2265 ν
2814 2244 2838 2261 η
3021 2243 3045 2263 ν
3196 2242 3230 2263 ο·
3613 2241 3627 2265 ι
3768 2248 3789 2257 ν

2170 2267 2213 2301 ει
2243 2247 2334 2301 τὸν
2367 2244 2461 2318 ἑμε
2495 2267 2779 2322 ιασαμενον
2812 2267 2956 2305 οστις
2992 2267 3084 2311 ειη
3115 2245 3294 2320 βουΛει
3340 2248 3557 2323 μαθεῖν,
3634 2252 3823 2308 incon;

2167 2339 2386 2411 Χριστός
2445 2337 2586 2391 ἑστιν
2644 2337 2670 2391 ὁ
2726 2342 2857 2391 Θεοῦ
2912 2343 3004 2391 τοῦ
3052 2340 3249 2406 ζῶντος
3296 2335 3440 2408 Υἱὸς,
3468 2332 3525 2388 ὃν
3554 2330 3610 2388 σὲ
3643 2334 3812 2387 καθο-

2164 2431 2256 2502 ρᾷν
2288 2424 2574 2505 ἀμήχανον
2608 2425 2762 2500 βαθετ
2816 2424 2991 2499 σκότῳ
3049 2423 3361 2502 πηρωθέντα
3419 2427 3516 2490 τῆς
3574 2418 3818 2485 ἀσεϐείας

2162 2515 2281 2574 τοὺς
2314 2519 2413 2581 τῆς
2442 2515 2627 2593 ψυχῆς
2660 2512 2986 2595 ὀφθαλμοὺς.

2250 2602 2344 2665 Η’.
2376 2612 2505 2670 Τοῖς
2533 2603 2714 2681 λόγοις
2760 2605 2964 2667 τούτοις
3017 2605 3044 2659 ὅ
3090 2602 3308 2681 ἡγεμὼν
3354 2601 3426 2666 εἷς
3480 2601 3694 2676 μείζονα
3727 2601 3822 2657 τὸν

2166 2694 2327 2768 θυμὸν
2359 2692 2653 2773 ἐκκαυθεὶς,
2713 2695 2800 2749 καὶ
2853 2688 2988 2768 μηδὲ
3047 2692 3302 2771 κατέχειν
3360 2691 3542 2747 ἑαυτὸν
3602 2691 3719 2751 οἷός
3763 2712 3822 2747 τε

2168 2782 2264 2856 ὢν,
2301 2797 2417 2848 τοῖς
2451 2783 2754 2861 παρεστῶσι
2814 2780 3170 2839 διακελεύεται
3230 2779 3470 2860 σιδηροῖς
3530 2779 3668 2846 ὄνυξι
3725 2782 3820 2844 τας

2170 2871 2397 2951 πλευρὰς
2455 2873 2550 2941 τῆς
2615 2874 2876 2951 μάρτυρος
2934 2871 3198 2951 ἆποξέειν,
3257 2873 3387 2951 πρὸς
3445 2868 3501 2927 δὲ
3551 2872 3641 2927 καὶ
3671 2869 3821 2946 λαμ-

2167 2964 2295 3019 πάσι
2331 2965 2491 3041 πυρὸς
2542 2964 2607 3021 τὰ
2656 2961 2759 3032 ἤδη
2823 2960 3066 3028 ξανθέντα
3128 2969 3234 3018 τῶν
3291 2967 3479 3038 μεμιῦν
3537 2959 3818 3035 ἐπικαίειν,

2170 3053 2294 3132 εἶτα
2350 3054 2437 3109 καὶ
2493 3055 2664 3132 σφύρᾳ
2723 3055 2895 3110 παίειν
2955 3052 3052 3119 τὴν
3113 3054 3291 3126 τιμίαν
3340 3052 3506 3118 αὐτῆς
3559 3052 3815 3130 κεφαλήν,

2170 3131 2265 3199 Ὧν
2328 3141 2393 3210 δὴ
2454 3131 2547 3200 καὶ
2602 3145 2675 3206 ὡς
2732 3142 2965 3222 τάχιστα
3016 3141 3419 3220 πραττοεενων,
3479 3141 3516 3209 ἦ
3567 3138 3813 3205 θεοσεϐὴς

431 3250 551 3294 non
588 3238 789 3312 posset
821 3247 996 3310 opem
1030 3229 1211 3302 ferre,
1244 3228 1499 3289 faciebat
1550 3227 1707 3308 quod
1743 3235 1993 3307 poterat,
2030 3236 2084 3290 et

2172 3229 2436 3299 ἰουλιανὴ
2493 3235 2793 3310 καθορῶσα,
2859 3233 2945 3287 καὶ
3002 3231 3099 3300 τήν
3173 3230 3359 3311 ψυχὴν
3416 3230 3641 3311 ἰσχυρῶς
3706 3228 3807 3283 ἂλ-

430 3339 603 3383 suum
638 3320 699 3381 in
732 3338 861 3382 eam
894 3335 1161 3380 amorem
1190 3317 1724 3389 ostendebat,nihil
1745 3335 1960 3378 curans
1985 3335 2084 3378 eos

2172 3321 2360 3397 γνοῦσα,
2436 3321 2548 3377 ἐπεὶ
2620 3322 2697 3389 μὴ
2770 3322 2992 3398 βοηθεῖν
3065 3318 3302 3395 ἐδύνατο,
3359 3317 3487 3399 ὅπερ
3550 3318 3613 3387 ἦν
3682 3320 3815 3393 αὖτῇ

432 3409 536 3492 qui
567 3408 837 3480 aderant,
872 3425 983 3468 nec
1019 3404 1364 3486 praesidem,
1401 3406 1505 3467 sed
1556 3407 1769 3467 uberes
1801 3408 2090 3488 lacrymas

432 3499 748 3563 eﬂ‘undens
779 3516 848 3559 ex
883 3495 1095 3559 oculis.
1156 3497 1300 3558 Cum
1361 3513 1495 3556 eam
1557 3514 1701 3574 ergo
1760 3498 2091 3577 aSpexisset

431 3587 777 3663 Martianus,
813 3596 869 3648 et
903 3603 1171 3667 quaenam
1202 3594 1360 3647 esset
1394 3584 1723 3661 didicisset,
1779 3594 2087 3666 postquam

432 3697 563 3742 eam
599 3694 836 3759 quoque
866 3675 1089 3737 audivit
1114 3692 1246 3736 esse
1270 3674 1692 3748 Christianam,
1730 3685 1784 3735 et
1816 3674 2092 3737 Barbarae

432 3767 852 3832 misericordia
886 3773 1109 3841 nolam,
1145 3764 1345 3826 animo
1376 3764 1735 3845 perturbari,
1762 3764 1930 3845 jubet
1960 3784 2088 3826 eam

433 3876 674 3940 quoque
706 3853 1156 3936 comprehendi,
1196 3861 1253 3915 et
1279 3853 1436 3932 ligno
1467 3854 1780 3935 suspendi,
1828 3864 1886 3918 et
1918 3857 2091 3916 simi-

433 3947 572 4010 liter
607 3955 781 4027 atque
831 3945 1097 4025 martyri,
1130 3943 1470 4024 pectinibus
1505 3943 1716 4005 ferreis
1756 3947 1938 4006 latera
1968 3945 2091 4006 dis-

433 4036 620 4119 cerpi.
651 4033 923 4098 Atvariis
948 4033 1189 4113 quidem
1214 4034 1645 4096 certaminibus
1668 4038 1929 4096 exercita
1962 4039 2097 4097 Bar-

435 4126 599 4199 bara,
644 4142 777 4188 cum
838 4121 1057 4185 acerbe
1115 4122 1471 4199 laniaretur,
1541 4123 1733 4187 oculis
1792 4125 1849 4185 in
1882 4124 2098 4187 cmlum

2173 3409 2390 3467 δυνατὸν
2447 3409 2634 3484 ἐποίει,
2692 3414 2784 3466 καί
2846 3412 2906 3467 τὸ
2960 3407 3172 3490 φίλτρον
3232 3412 3305 3474 ὡς
3365 3410 3524 3489 εἶχεν
3597 3405 3814 3481 ἐδείκνυ,

2174 3498 2342 3575 μηδὲν
2372 3503 2478 3556 τῶν
2540 3499 2813 3577 παρόντων
2874 3502 2962 3557 καὶ
3031 3502 3115 3556 τοῦ
3174 3499 3433 3581 ἄρχοντος
3501 3498 3821 3577 ἐπιστρενρο-

2173 3590 2338 3665 μὲνη,
2371 3589 2494 3646 ἀλλ’
2520 3591 2739 3646 ἀστακτὶ
2772 3592 2831 3647 τὸ
2875 3587 3093 3666 δάκρυον
3153 3596 3258 3646 τῶν
3314 3588 3571 3665 ὀμμάτων
3627 3598 3824 3666 προϊε-

2230 3678 2240 3692 .
2373 3671 2387 3692 ε
3539 3677 3549 3689 .

2175 3702 2335 3754 μενη.
2392 3690 2430 3737 Ο
2481 3682 2780 3758 Μαρκιανὸς
2829 3680 2939 3753 οὖν,
3001 3682 3074 3743 εἰς
3130 3679 3292 3747 αὔξην
3349 3676 3687 3754 ἀποϐλεψας,
3740 3678 3828 3733 καὶ

2174 3769 2291 3836 ἥτις
2351 3769 2443 3837 εἴη
2504 3771 2707 3843 μαθὼν,
2773 3770 2889 3826 ἒπεὶ
2939 3771 3027 3826 καί
3084 3770 3248 3836 αὖτὴν
3307 3768 3450 3825 εἶναι
3507 3768 3829 3846 Χριστιανὴν

2176 3860 2359 3931 ἤκουε,
2421 3860 2507 3916 καὶ
2570 3865 2638 3934 τῇ
2697 3861 2827 3937 πρὸς
2880 3859 2979 3926 τὴν
3044 3856 3316 3937 Βαρϐάραν
3371 3859 3666 3935 συμπαθείᾳ
3715 3878 3829 3914 πα-

2176 3949 2434 4006 θαίνεσθαι
2522 3947 2618 4014 τὴν
2704 3947 2911 4028 ψυχὴν,
3002 3945 3368 4026 συλληφθῆναι
3458 3947 3545 4003 ναὶ
3633 3944 3835 4013 ταύτην

2182 4038 2412 4112 κελεύει,
2500 4038 2588 4094 καὶ
2664 4042 2743 4111 τῷ
2828 4036 2963 4112 ξύλῳ
3049 4039 3536 4116 προσαναρτᾶσθαι,
3620 4038 3708 4093 καὶ
3771 4035 3851 4113 τῇ

2184 4130 2401 4206 μάρτυρι
2461 4124 2848 4204 παραπλησίως
2910 4124 3153 4205 σιδηροῖς
3215 4126 3462 4199 ξυστῆρσι
3524 4125 3618 4189 τὰς
3670 4123 3842 4182 πλευ-

433 4214 683 4278 sublatis
710 4231 725 4277 :
749 4211 839 4275 Tu
872 4213 1051 4289 nosti,
1082 4211 1770 4293 inquit,Deus,cognitor
1802 4214 2092 4290 cordium,

433 4304 592 4391 quod
622 4312 678 4367 te
709 4302 1082 4383 desiderans,
1120 4313 1180 4363 et
1238 4313 1368 4362 tuas
1413 4321 1620 4363 amans
1652 4302 1837 4382 leges,
1876 4322 1970 4363 me
2003 4311 2097 4364 to-

434 4403 551 4456 tam
586 4392 694 4455 tibi
723 4391 937 4464 obtuli,
974 4398 1036 4452 et
1064 4408 1098 4452 a
1126 4399 1225 4453 tua
1257 4391 1493 4471 pendeo
1525 4392 1789 4452 dextera.
1813 4391 1901 4453 Tu
1928 4410 2084 4472 ergo,

2180 4412 2358 4477 σκεϊς,
2417 4395 2545 4476 ἔφη,
2621 4393 3015 4474 καρδιογνῶστα
3089 4394 3210 4471 Θεὲ,
3290 4396 3371 4452 ὅτι
3448 4395 3506 4452 σὲ
3578 4396 3841 4475 ποθοῦσα,

434 4479 710 4554 Domine,
743 4497 819 4540 ne
852 4496 947 4539 me
978 4477 1384 4559 derelinquas,
1414 4478 1518 4540 sed
1556 4497 1651 4541 me
1683 4489 1965 4560 pertuam
2000 4500 2084 4543 su-

2181 4489 2267 4543 καὶ
2297 4488 2419 4553 τοὺς
2472 4489 2596 4549 σοὺς
2650 4486 2939 4564 στέργουσα
2996 4486 3211 4561 νόμους,
3267 4484 3401 4554 ὅλην
3456 4484 3690 4561 ἐμαυτὴν
3753 4506 3842 4540 σοι

435 4569 655 4657 scipias
686 4567 1183 4642 misericordiam,
1219 4575 1278 4629 et
1330 4586 1438 4628 nos
1481 4568 1686 4630 ambas
1716 4569 2003 4632 conﬁrma
2033 4578 2084 4631 et

2182 4578 2541 4657 προσήγαγον,
2602 4576 2689 4632 καὶ
2746 4575 2842 4643 τῆς
2911 4575 3010 4644 σῆς
3055 4575 3342 4654 ἀπήρτησα
3402 4573 3597 4639 δεξιᾶς,
3662 4576 3839 4637 Αὐτὸς

437 4655 784 4730 corrobora,
819 4664 885 4717 ut
914 4674 1154 4718 cursum
1208 4665 1565 4737 praesentem
1600 4676 1935 4739 pergamus.
1973 4658 2084 4723 Sed

2175 4677 2286 4741 οὖν,
2326 4655 2592 4737 Δέσποτα,
2630 4664 2707 4741 μὴ
2738 4664 3100 4743 ἑγδιαταλίπῃς
3148 4666 3316 4740 ἡμᾶς,
3371 4662 3492 4721 ἀλλ’
3552 4661 3843 4721 ἆντιλαὸοῦ

434 4745 783 4828 sicquidem
816 4753 1035 4827 martyr
1054 4745 2084 4829 Christi-Domiuum,propterquem

2175 4757 2313 4814 κατὰ
2339 4757 2399 4811 τὸ
2431 4756 2481 4812 ἔ)
2496 4756 2580 4817 εός
2615 4776 2730 4827 σου,
2757 4755 2842 4811 καὶ
2900 4754 3180 4811 τελειῶσαι
3229 4754 3319 4809 τὸν
3350 4754 3588 4824 παρόντα
3638 4751 3844 4832 δρόμον

437 4836 563 4899 hazc
593 4834 946 4910 sustinebat,
982 4834 1250 4925 rogabat,
1288 4844 1349 4896 ut
1390 4837 1521 4917 ejus
1570 4836 1787 4898 auxilio
1835 4839 2084 4900 robora-

2178 4845 2479 4925 ἀμφοτέρας
2511 4844 2813 4924 ἐνίσχυσον,
2847 4842 3000 4900 Ἀλλ’
3031 4843 3169 4900 οῧτω
3224 4846 3322 4919 μὲν
3367 4845 3402 4912 ἡ
3460 4845 3555 4900 τοῦ
3610 4848 3843 4921 Χριστοῦ

435 4936 606 4990 retur
634 4931 869 5015 naturai
894 4924 1296 4988 imbecillitas.
1330 4925 1569 4987 Sciebat
1598 4928 1755 4987 enim
1795 4946 1930 4989 eum
1962 4947 2084 4992 esse

2181 4924 2379 5015 μάρτυς
2439 4937 2531 4991 τὸν
2589 4933 2656 4991 δι’
2718 4935 2776 4991 ὃν
2828 4941 2993 4990 ταῦτα
3050 4932 3275 5010 δπέμενε
3336 4932 3614 4999 Δεσπότην
3664 4930 3838 5008 ἠξίου,

433 5032 740 5088 veracem,
773 5014 875 5097 qui
918 5015 1186 5107 dixerat:
1226 5038 1267 5107 α,
1289 5013 1550 5094 Spiritus
1583 5014 1822 5096 quidem
1884 5036 2084 5096 prom~

2178 5028 2278 5096 τὴν
2338 5025 2567 5107 φυσικὴν
2624 5023 2892 5082 ἀσθένειαν
2962 5024 3228 5101 ῥωσθῆναι
3316 5029 3384 5099 τῇ
3468 5018 3593 5102 παρ’
3678 5026 3841 5081 αὐτοῦ

437 5115 599 5190 ptus,
631 5122 772 5168 caro
801 5121 942 5168 vero
973 5104 1213 5167 inﬁrma
1239 5105 1293 5163 7.
1338 5128 1359 5161 ο

2181 5104 2638 5198 ῥοπῇ-δεομένη.
2705 5112 2819 5192 ᾔδει
2889 5114 2989 5195 γὰρ
3060 5115 3137 5178 τίς
3209 5115 3237 5171 ὃ
3301 5112 3542 5190 ἀψευδῶς
3614 5113 3843 5192 εἰρηκὼς

2181 5210 2257 5273 ὡς
2322 5229 2349 5261 α
2396 5207 2470 5264 Τὸ
2529 5205 2627 5283 μὲν
2685 5211 2891 5281 πνεῦμα
2954 5204 3245 5284 πρόθυμον,
3302 5205 3336 5273 ἡ
3399 5201 3448 5259 ’δὲ
3504 5201 3632 5284 σὰρξ
3686 5201 3850 5259 ἀσθε-

2181 5321 2300 5366 νης.
2332 5316 2358 5355 ι

516 5376 624 5440 IX.
656 5374 1208 5465 Tyrannusautem,
1232 5381 1297 5435 ut
1318 5373 1428 5465 qui,
1451 5373 1506 5436 ei
1540 5393 1606 5437 se
1638 5376 1885 5438 omnino
1910 5398 2084 5460 oppo-

2266 5387 2357 5446 Θ¹.
2415 5390 2476 5445 Ὀ
2536 5405 2789 5465 τυραννος
2849 5383 2926 5464 δὲ,
2990 5389 3226 5464 καθαπερ
3296 5381 3585 5441 ἀντίπαλον
3658 5381 3851 5439 ἑαυτὸν

437 5468 662 5528 suisset
690 5464 1122 5555 adversarium,
1156 5470 1220 5526 ut
1249 5464 1432 5525 animi
1491 5477 1809 5545 superaret
1862 5469 2084 5531 fortitu-

2183 5491 2301 5542 τοῖς
2362 5475 2509 5540 ὅλοις
2560 5475 2864 5553 ἀντιτιθεὶς,
2924 5473 3015 5530 ἴνα
3071 5479 3255 5555 ψυχῆς
3309 5471 3519 5552 ἀνδρίαν
3578 5469 3850 5550 ἆλγεινιῦν

438 5555 642 5618 dinem
674 5554 963 5617 malorum
998 5552 1193 5634 copia,
1248 5553 1619 5617 convertitur
1648 5554 1722 5616 ad
1752 5557 1913 5621 aliud
1948 5578 2084 5642 sup-

2181 5568 2393 5643 ἡττῆσῃ
2449 5564 2742 5647 περιουσία,
2803 5552 2935 5645 πρός
2994 5552 3185 5643 ἑτέραν
3245 5563 3360 5645 ἅμα
3426 5560 3673 5645 τρέπεται
3754 5582 3849 5619 τι·

2182 4219 2273 4296 ρὰς
2332 4214 2666 4282 ἆποξὲεσθαι.
2754 4207 2816 4273 ’Π
2884 4214 2981 4292 μὲν
3067 4215 3154 4273 οὗν
3237 4213 3534 4279 πολύαθλος
3595 4212 3843 4294 Βαρϐἇρα

2182 4306 2362 4369 δεινῶς
2395 4305 2645 4382 ξεομένη,
2705 4306 2841 4380 ὑψοῦ
2898 4306 2960 4361 τὸ
3022 4304 3169 4381 ὄμμα
3227 4302 3472 4386 διάρασα,
3534 4305 3605 4360 Σὺ
3664 4306 3842 4383 γινώο

2725 5611 2742 5645 ι

518 5748 550 5799 7
589 5745 794 5813 Matth.
827 5765 985 5829 xxvi,
1015 5751 1083 5814 4i
1100 5797 1119 5817 .
