  <div class='ocr_page' id='page_1' title='image "/cluster/home/n/w/nwhite01/storage/ocr_20150623/116:no.3/coo.31924054870203/165.png"; bbox 0 0 4136 6444; ppageno 0'>
   <div class='ocr_carea' id='block_1_1' title="bbox 418 412 3811 510">
    <p class='ocr_par' dir='ltr' id='par_1_1' title="bbox 418 412 3811 510">
     <span class='ocr_line' id='line_1_1' title="bbox 418 412 3811 510; baseline 0.004 -13"><span class='ocrx_word' id='word_1_1' title='bbox 418 412 533 498; x_wconf 79' lang='lat'><strong>315</strong></span> <span class='ocrx_word' id='word_1_2' title='bbox 1725 434 2007 505; x_wconf 82' lang='lat' dir='ltr'><strong>MENSIS</strong></span> <span class='ocrx_word' id='word_1_3' title='bbox 2061 435 2492 504; x_wconf 73' lang='lat' dir='ltr'><strong>usususus.</strong></span> <span class='ocrx_word' id='word_1_4' title='bbox 3689 436 3811 510; x_wconf 84' lang='grc'><strong>316</strong></span> 
     </span>
    </p>
   </div>
   <div class='ocr_carea' id='block_1_2' title="bbox 418 568 2063 660">
    <p class='ocr_par' dir='ltr' id='par_1_2' title="bbox 418 568 2063 660">
     <span class='ocr_line' id='line_1_2' title="bbox 418 568 2063 660; baseline 0.003 -25"><span class='ocrx_word' id='word_1_5' title='bbox 418 575 479 635; x_wconf 86' lang='lat' dir='ltr'><strong>et</strong></span> <span class='ocrx_word' id='word_1_6' title='bbox 505 568 903 639; x_wconf 73' lang='lat' dir='ltr'><strong>communiter</strong></span> <span class='ocrx_word' id='word_1_7' title='bbox 929 569 1059 641; x_wconf 84' lang='lat' dir='ltr'><strong>haec</strong></span> <span class='ocrx_word' id='word_1_8' title='bbox 1087 579 1148 639; x_wconf 89' lang='lat' dir='ltr'><strong>et</strong></span> <span class='ocrx_word' id='word_1_9' title='bbox 1179 571 1358 658; x_wconf 80' lang='lat' dir='ltr'><strong>justis</strong></span> <span class='ocrx_word' id='word_1_10' title='bbox 1382 581 1443 641; x_wconf 92' lang='lat' dir='ltr'><strong>et</strong></span> <span class='ocrx_word' id='word_1_11' title='bbox 1491 572 1751 660; x_wconf 75' lang='lat' dir='ltr'><strong>iniustis,</strong></span> <span class='ocrx_word' id='word_1_12' title='bbox 1789 583 1850 641; x_wconf 91' lang='lat' dir='ltr'><strong>et</strong></span> <span class='ocrx_word' id='word_1_13' title='bbox 1897 573 2063 640; x_wconf 72' lang='lat' dir='ltr'><strong>bonis</strong></span> 
     </span>
    </p>
   </div>
   <div class='ocr_carea' id='block_1_3' title="bbox 2147 568 3805 660">
    <p class='ocr_par' dir='ltr' id='par_1_3' title="bbox 2151 568 3805 657">
     <span class='ocr_line' id='line_1_3' title="bbox 2151 568 3805 657; baseline 0.002 -22"><span class='ocrx_word' id='word_1_14' title='bbox 2151 580 2280 635; x_wconf 77' lang='grc' dir='ltr'>πᾶσι</span> <span class='ocrx_word' id='word_1_15' title='bbox 2394 568 2902 657; x_wconf 76' lang='grc' dir='ltr'>παραστησάμενος,</span> <span class='ocrx_word' id='word_1_16' title='bbox 2989 570 3078 634; x_wconf 72' lang='grc' dir='ltr'>καὶ</span> <span class='ocrx_word' id='word_1_17' title='bbox 3157 570 3254 642; x_wconf 73' lang='grc' dir='ltr'><strong>τὰς</strong></span> <span class='ocrx_word' id='word_1_18' title='bbox 3344 571 3526 642; x_wconf 77' lang='grc' dir='ltr'>κοινὰς</span> <span class='ocrx_word' id='word_1_19' title='bbox 3611 575 3805 645; x_wconf 75' lang='grc' dir='ltr'>ταύτας</span> 
     </span>
    </p>
   </div>
   <div class='ocr_carea' id='block_1_4' title="bbox 419 661 2063 750">
    <p class='ocr_par' dir='ltr' id='par_1_4' title="bbox 419 661 2063 750">
     <span class='ocr_line' id='line_1_4' title="bbox 419 661 2063 750; baseline 0.003 -26"><span class='ocrx_word' id='word_1_20' title='bbox 419 669 478 724; x_wconf 81' lang='lat' dir='ltr'><strong>et</strong></span> <span class='ocrx_word' id='word_1_21' title='bbox 497 661 667 726; x_wconf 88' lang='lat' dir='ltr'><strong>malis</strong></span> <span class='ocrx_word' id='word_1_22' title='bbox 691 664 868 728; x_wconf 88' lang='lat' dir='ltr'><strong>simul</strong></span> <span class='ocrx_word' id='word_1_23' title='bbox 899 666 1266 748; x_wconf 67' lang='lat' dir='ltr'><strong>suppeditas,</strong></span> <span class='ocrx_word' id='word_1_24' title='bbox 1287 675 1347 729; x_wconf 91' lang='lat' dir='ltr'><strong>tu</strong></span> <span class='ocrx_word' id='word_1_25' title='bbox 1368 686 1607 750; x_wconf 88' lang='lat' dir='ltr'><strong>quoque</strong></span> <span class='ocrx_word' id='word_1_26' title='bbox 1631 685 1791 730; x_wconf 87' lang='lat' dir='ltr'><strong>nunc</strong></span> <span class='ocrx_word' id='word_1_27' title='bbox 1813 685 1908 730; x_wconf 91' lang='lat' dir='ltr'><strong>me</strong></span> <span class='ocrx_word' id='word_1_28' title='bbox 1933 684 2063 748; x_wconf 87' lang='lat' dir='ltr'><strong>pre-</strong></span> 
     </span>
    </p>
   </div>
   <div class='ocr_carea' id='block_1_5' title="bbox 2147 661 3805 750">
    <p class='ocr_par' dir='ltr' id='par_1_5' title="bbox 2151 665 3805 748">
     <span class='ocr_line' id='line_1_5' title="bbox 2151 665 3805 748; baseline 0.002 -24"><span class='ocrx_word' id='word_1_29' title='bbox 2151 665 2475 733; x_wconf 76' lang='grc' dir='ltr'><strong>ἀπολαύσεις</strong></span> <span class='ocrx_word' id='word_1_30' title='bbox 2551 665 2775 731; x_wconf 80' lang='grc' dir='ltr'>ὃικαίοις</span> <span class='ocrx_word' id='word_1_31' title='bbox 2831 688 2891 724; x_wconf 86' lang='grc' dir='ltr'><strong>τε</strong></span> <span class='ocrx_word' id='word_1_32' title='bbox 2966 667 3052 724; x_wconf 77' lang='grc' dir='ltr'>καὶ</span> <span class='ocrx_word' id='word_1_33' title='bbox 3113 665 3334 748; x_wconf 83' lang='grc' dir='ltr'>ἀδίκοις,</span> <span class='ocrx_word' id='word_1_34' title='bbox 3405 667 3632 746; x_wconf 71' lang='grc' dir='ltr'>ἀγαθοῖς</span> <span class='ocrx_word' id='word_1_35' title='bbox 3689 668 3805 745; x_wconf 74' lang='grc' dir='ltr'>ἅμα</span> 
     </span>
    </p>
   </div>
   <div class='ocr_carea' id='block_1_6' title="bbox 417 755 2063 840">
    <p class='ocr_par' dir='ltr' id='par_1_6' title="bbox 417 756 2063 840">
     <span class='ocr_line' id='line_1_6' title="bbox 417 756 2063 840; baseline 0.003 -26"><span class='ocrx_word' id='word_1_36' title='bbox 417 760 649 816; x_wconf 89' lang='lat' dir='ltr'><strong>cantem</strong></span> <span class='ocrx_word' id='word_1_37' title='bbox 681 756 914 832; x_wconf 83' lang='lat' dir='ltr'><strong>exaudi,</strong></span> <span class='ocrx_word' id='word_1_38' title='bbox 955 777 990 819; x_wconf 90' lang='grc' dir='ltr'><strong>ο</strong></span> <span class='ocrx_word' id='word_1_39' title='bbox 1019 756 1165 832; x_wconf 83' lang='lat' dir='ltr'><strong>Rex,</strong></span> <span class='ocrx_word' id='word_1_40' title='bbox 1200 765 1264 820; x_wconf 89' lang='lat' dir='ltr'><strong>ut</strong></span> <span class='ocrx_word' id='word_1_41' title='bbox 1291 758 1392 840; x_wconf 87' lang='lat' dir='ltr'><strong>qui</strong></span> <span class='ocrx_word' id='word_1_42' title='bbox 1425 760 1506 820; x_wconf 91' lang='lat' dir='ltr'><strong>tui</strong></span> <span class='ocrx_word' id='word_1_43' title='bbox 1538 758 1796 821; x_wconf 89' lang='lat' dir='ltr'><strong>nominis</strong></span> <span class='ocrx_word' id='word_1_44' title='bbox 1827 761 1889 821; x_wconf 82' lang='lat' dir='ltr'><strong>et</strong></span> <span class='ocrx_word' id='word_1_45' title='bbox 1914 774 2063 820; x_wconf 72' lang='lat' dir='ltr'><strong>mem</strong></span> 
     </span>
    </p>
   </div>
   <div class='ocr_carea' id='block_1_7' title="bbox 2147 755 3804 840">
    <p class='ocr_par' dir='ltr' id='par_1_7' title="bbox 2151 755 3804 839">
     <span class='ocr_line' id='line_1_7' title="bbox 2151 755 3804 839; baseline 0.001 -25"><span class='ocrx_word' id='word_1_46' title='bbox 2151 759 2238 814; x_wconf 84' lang='grc' dir='ltr'><strong>καὶ</strong></span> <span class='ocrx_word' id='word_1_47' title='bbox 2293 770 2552 837; x_wconf 75' lang='grc' dir='ltr'><strong>πονηροῖς</strong></span> <span class='ocrx_word' id='word_1_48' title='bbox 2607 763 2888 839; x_wconf 75' lang='grc' dir='ltr'>χορηγῶν,</span> <span class='ocrx_word' id='word_1_49' title='bbox 2923 757 3080 822; x_wconf 74' lang='grc' dir='ltr'>αὐτὸς</span> <span class='ocrx_word' id='word_1_50' title='bbox 3137 756 3233 814; x_wconf 76' lang='grc' dir='ltr'>καῖ</span> <span class='ocrx_word' id='word_1_51' title='bbox 3285 763 3374 814; x_wconf 82' lang='grc' dir='ltr'><strong>νῦν</strong></span> <span class='ocrx_word' id='word_1_52' title='bbox 3433 757 3566 834; x_wconf 73' lang='grc' dir='ltr'>ἐμοῦ</span> <span class='ocrx_word' id='word_1_53' title='bbox 3607 755 3804 834; x_wconf 74' lang='grc' dir='ltr'>δεομέ-</span> 
     </span>
    </p>
   </div>
   <div class='ocr_carea' id='block_1_8' title="bbox 417 843 2059 928">
    <p class='ocr_par' dir='ltr' id='par_1_8' title="bbox 417 843 2059 928">
     <span class='ocr_line' id='line_1_8' title="bbox 417 843 2059 928; baseline 0.002 -24"><span class='ocrx_word' id='word_1_54' title='bbox 417 843 798 907; x_wconf 91' lang='lat' dir='ltr'><strong>meminerint</strong></span> <span class='ocrx_word' id='word_1_55' title='bbox 822 845 1268 923; x_wconf 88' lang='lat' dir='ltr'><strong>decertationis,</strong></span> <span class='ocrx_word' id='word_1_56' title='bbox 1296 865 1370 910; x_wconf 89' lang='lat' dir='ltr'><strong>ue</strong></span> <span class='ocrx_word' id='word_1_57' title='bbox 1411 847 1694 928; x_wconf 83' lang='lat' dir='ltr'><strong>pestilens</strong></span> <span class='ocrx_word' id='word_1_58' title='bbox 1721 846 1967 909; x_wconf 86' lang='lat' dir='ltr'><strong>morbus</strong></span> <span class='ocrx_word' id='word_1_59' title='bbox 1997 851 2059 907; x_wconf 92' lang='lat' dir='ltr'><strong>in</strong></span> 
     </span>
    </p>
   </div>
   <div class='ocr_carea' id='block_1_9' title="bbox 420 933 2060 1019">
    <p class='ocr_par' dir='ltr' id='par_1_9' title="bbox 420 933 2060 1019">
     <span class='ocr_line' id='line_1_9' title="bbox 420 933 2060 1019; baseline 0.004 -26"><span class='ocrx_word' id='word_1_60' title='bbox 420 933 550 1012; x_wconf 84' lang='lat' dir='ltr'><strong>ejus</strong></span> <span class='ocrx_word' id='word_1_61' title='bbox 607 933 847 997; x_wconf 89' lang='lat' dir='ltr'><strong>domum</strong></span> <span class='ocrx_word' id='word_1_62' title='bbox 895 935 1151 1015; x_wconf 73' lang='lat' dir='ltr'><strong>ingruat,</strong></span> <span class='ocrx_word' id='word_1_63' title='bbox 1186 955 1379 1019; x_wconf 87' lang='lat' dir='ltr'><strong>neque</strong></span> <span class='ocrx_word' id='word_1_64' title='bbox 1427 937 1612 999; x_wconf 90' lang='lat' dir='ltr'><strong>ullum</strong></span> <span class='ocrx_word' id='word_1_65' title='bbox 1669 937 1828 999; x_wconf 85' lang='lat' dir='ltr'><strong>aliud</strong></span> <span class='ocrx_word' id='word_1_66' title='bbox 1861 954 1934 999; x_wconf 85' lang='lat' dir='ltr'><strong>ex</strong></span> <span class='ocrx_word' id='word_1_67' title='bbox 1987 936 2060 999; x_wconf 86' lang='lat' dir='ltr'><strong>iis</strong></span> 
     </span>
    </p>
   </div>
   <div class='ocr_carea' id='block_1_10' title="bbox 417 1026 2062 1105">
    <p class='ocr_par' dir='ltr' id='par_1_10' title="bbox 417 1026 2062 1105">
     <span class='ocr_line' id='line_1_10' title="bbox 417 1026 2062 1105; baseline 0.004 -21"><span class='ocrx_word' id='word_1_68' title='bbox 417 1041 548 1102; x_wconf 62' lang='lat' dir='ltr'><strong>quae</strong></span> <span class='ocrx_word' id='word_1_69' title='bbox 579 1033 826 1104; x_wconf 88' lang='lat' dir='ltr'><strong>possunt</strong></span> <span class='ocrx_word' id='word_1_70' title='bbox 853 1026 1205 1105; x_wconf 88' lang='lat' dir='ltr'><strong>corporibus</strong></span> <span class='ocrx_word' id='word_1_71' title='bbox 1261 1028 1478 1090; x_wconf 70' lang='lat' dir='ltr'><strong>afferre</strong></span> <span class='ocrx_word' id='word_1_72' title='bbox 1507 1028 1790 1090; x_wconf 90' lang='lat' dir='ltr'><strong>damnum</strong></span> <span class='ocrx_word' id='word_1_73' title='bbox 1847 1035 1906 1089; x_wconf 89' lang='lat' dir='ltr'><strong>et</strong></span> <span class='ocrx_word' id='word_1_74' title='bbox 1935 1045 2062 1090; x_wconf 88' lang='lat' dir='ltr'><strong>mo-</strong></span> 
     </span>
    </p>
   </div>
   <div class='ocr_carea' id='block_1_11' title="bbox 416 1110 2060 1194">
    <p class='ocr_par' dir='ltr' id='par_1_11' title="bbox 416 1110 2060 1194">
     <span class='ocr_line' id='line_1_11' title="bbox 416 1110 2060 1194; baseline 0.006 -23"><span class='ocrx_word' id='word_1_75' title='bbox 416 1110 678 1174; x_wconf 88' lang='lat' dir='ltr'><strong>lestiam.</strong></span> <span class='ocrx_word' id='word_1_76' title='bbox 733 1113 864 1176; x_wconf 90' lang='lat' dir='ltr'><strong>Scis</strong></span> <span class='ocrx_word' id='word_1_77' title='bbox 894 1116 1081 1191; x_wconf 90' lang='lat' dir='ltr'><strong>enim,</strong></span> <span class='ocrx_word' id='word_1_78' title='bbox 1116 1115 1389 1194; x_wconf 88' lang='lat' dir='ltr'><strong>Domine,</strong></span> <span class='ocrx_word' id='word_1_79' title='bbox 1422 1136 1531 1180; x_wconf 88' lang='lat' dir='ltr'><strong>nos</strong></span> <span class='ocrx_word' id='word_1_80' title='bbox 1582 1135 1716 1181; x_wconf 89' lang='lat' dir='ltr'><strong>esse</strong></span> <span class='ocrx_word' id='word_1_81' title='bbox 1745 1134 1956 1180; x_wconf 88' lang='lat' dir='ltr'><strong>carnes</strong></span> <span class='ocrx_word' id='word_1_82' title='bbox 2000 1125 2060 1181; x_wconf 91' lang='lat' dir='ltr'><strong>et</strong></span> 
     </span>
    </p>
   </div>
   <div class='ocr_carea' id='block_1_12' title="bbox 416 1201 2056 1276">
    <p class='ocr_par' dir='ltr' id='par_1_12' title="bbox 416 1201 2056 1276">
     <span class='ocr_line' id='line_1_12' title="bbox 416 1201 2056 1276; baseline 0.005 -20"><span class='ocrx_word' id='word_1_83' title='bbox 416 1201 776 1272; x_wconf 75' lang='lat' dir='ltr'><strong>sanguinem,</strong></span> <span class='ocrx_word' id='word_1_84' title='bbox 800 1217 972 1276; x_wconf 79' lang='lat' dir='ltr'><strong>opera</strong></span> <span class='ocrx_word' id='word_1_85' title='bbox 1002 1205 1470 1265; x_wconf 83' lang='lat' dir='ltr'><strong>intemeratarum</strong></span> <span class='ocrx_word' id='word_1_86' title='bbox 1503 1217 1729 1266; x_wconf 88' lang='lat' dir='ltr'><strong>tuarum</strong></span> <span class='ocrx_word' id='word_1_87' title='bbox 1758 1221 2056 1274; x_wconf 88' lang='lat' dir='ltr'><strong>manuum,</strong></span> 
     </span>
    </p>
   </div>
   <div class='ocr_carea' id='block_1_13' title="bbox 417 1291 2062 1376">
    <p class='ocr_par' dir='ltr' id='par_1_13' title="bbox 417 1291 2062 1376">
     <span class='ocr_line' id='line_1_13' title="bbox 417 1291 2062 1376; baseline 0.007 -25"><span class='ocrx_word' id='word_1_88' title='bbox 417 1298 478 1353; x_wconf 88' lang='lat' dir='ltr'><strong>et</strong></span> <span class='ocrx_word' id='word_1_89' title='bbox 521 1291 808 1356; x_wconf 86' lang='lat' dir='ltr'><strong>honorata</strong></span> <span class='ocrx_word' id='word_1_90' title='bbox 839 1303 936 1357; x_wconf 92' lang='lat' dir='ltr'><strong>tua</strong></span> <span class='ocrx_word' id='word_1_91' title='bbox 964 1295 1222 1376; x_wconf 79' lang='lat' dir='ltr'><strong>imagine</strong></span> <span class='ocrx_word' id='word_1_92' title='bbox 1256 1306 1315 1360; x_wconf 94' lang='lat' dir='ltr'><strong>et</strong></span> <span class='ocrx_word' id='word_1_93' title='bbox 1352 1299 1766 1360; x_wconf 77' lang='lat' dir='ltr'><strong>similitudine.</strong></span> <span class='ocrx_word' id='word_1_94' title='bbox 1800 1297 1980 1369; x_wconf 80' lang='lat' dir='ltr'><strong>Dixit,</strong></span> <span class='ocrx_word' id='word_1_95' title='bbox 2005 1306 2062 1362; x_wconf 85' lang='lat' dir='ltr'><strong>et</strong></span> 
     </span>
    </p>
   </div>
   <div class='ocr_carea' id='block_1_14' title="bbox 415 1381 2062 1464">
    <p class='ocr_par' dir='ltr' id='par_1_14' title="bbox 415 1381 2062 1464">
     <span class='ocr_line' id='line_1_14' title="bbox 415 1381 2062 1464; baseline 0.005 -22"><span class='ocrx_word' id='word_1_96' title='bbox 415 1399 526 1444; x_wconf 81' lang='lat' dir='ltr'><strong>vox</strong></span> <span class='ocrx_word' id='word_1_97' title='bbox 555 1381 632 1444; x_wconf 90' lang='lat' dir='ltr'><strong>de</strong></span> <span class='ocrx_word' id='word_1_98' title='bbox 681 1384 848 1446; x_wconf 72' lang='lat' dir='ltr'><strong>caelis</strong></span> <span class='ocrx_word' id='word_1_99' title='bbox 877 1385 1079 1450; x_wconf 90' lang='lat' dir='ltr'><strong>audita</strong></span> <span class='ocrx_word' id='word_1_100' title='bbox 1108 1396 1200 1450; x_wconf 90' lang='lat' dir='ltr'><strong>est</strong></span> <span class='ocrx_word' id='word_1_101' title='bbox 1251 1389 1709 1464; x_wconf 76' lang='lat' dir='ltr'><strong>admirabiliter,</strong></span> <span class='ocrx_word' id='word_1_102' title='bbox 1741 1390 1813 1451; x_wconf 87' lang='lat' dir='ltr'><strong>ad</strong></span> <span class='ocrx_word' id='word_1_103' title='bbox 1845 1389 2062 1452; x_wconf 75' lang='lat' dir='ltr'><strong>coelum</strong></span> 
     </span>
    </p>
   </div>
   <div class='ocr_carea' id='block_1_15' title="bbox 417 1473 2066 1558">
    <p class='ocr_par' dir='ltr' id='par_1_15' title="bbox 417 1473 2066 1558">
     <span class='ocr_line' id='line_1_15' title="bbox 417 1473 2066 1558; baseline 0.005 -25"><span class='ocrx_word' id='word_1_104' title='bbox 417 1490 631 1534; x_wconf 83' lang='lat' dir='ltr'><strong>vocans</strong></span> <span class='ocrx_word' id='word_1_105' title='bbox 676 1473 866 1555; x_wconf 90' lang='lat' dir='ltr'><strong>ipsam</strong></span> <span class='ocrx_word' id='word_1_106' title='bbox 898 1484 954 1538; x_wconf 91' lang='lat' dir='ltr'><strong>et</strong></span> <span class='ocrx_word' id='word_1_107' title='bbox 988 1476 1281 1541; x_wconf 90' lang='lat' dir='ltr'><strong>Julianam</strong></span> <span class='ocrx_word' id='word_1_108' title='bbox 1338 1480 1561 1542; x_wconf 87' lang='lat' dir='ltr'><strong>sociam</strong></span> <span class='ocrx_word' id='word_1_109' title='bbox 1608 1479 1973 1558; x_wconf 84' lang='lat' dir='ltr'><strong>certaminis,</strong></span> <span class='ocrx_word' id='word_1_110' title='bbox 2005 1486 2066 1542; x_wconf 90' lang='lat' dir='ltr'><strong>et</strong></span> 
     </span>
    </p>
   </div>
   <div class='ocr_carea' id='block_1_16' title="bbox 416 1561 2066 1651">
    <p class='ocr_par' dir='ltr' id='par_1_16' title="bbox 416 1561 2066 1651">
     <span class='ocr_line' id='line_1_16' title="bbox 416 1561 2066 1651; baseline 0.005 -29"><span class='ocrx_word' id='word_1_111' title='bbox 416 1561 597 1624; x_wconf 84' lang='lat' dir='ltr'><strong>simul</strong></span> <span class='ocrx_word' id='word_1_112' title='bbox 647 1564 938 1644; x_wconf 86' lang='lat' dir='ltr'><strong>pollicens</strong></span> <span class='ocrx_word' id='word_1_113' title='bbox 966 1567 1271 1644; x_wconf 87' lang='lat' dir='ltr'><strong>implenda</strong></span> <span class='ocrx_word' id='word_1_114' title='bbox 1300 1587 1390 1643; x_wconf 89' lang='lat' dir='ltr'><strong>ea,</strong></span> <span class='ocrx_word' id='word_1_115' title='bbox 1425 1589 1560 1651; x_wconf 74' lang='lat' dir='ltr'><strong>qum</strong></span> <span class='ocrx_word' id='word_1_116' title='bbox 1604 1570 1874 1651; x_wconf 88' lang='lat' dir='ltr'><strong>petierat.</strong></span> <span class='ocrx_word' id='word_1_117' title='bbox 1903 1567 2066 1630; x_wconf 86' lang='lat' dir='ltr'><strong>Hanc</strong></span> 
     </span>
    </p>
   </div>
   <div class='ocr_carea' id='block_1_17' title="bbox 409 1651 2067 1735">
    <p class='ocr_par' dir='ltr' id='par_1_17' title="bbox 409 1651 2067 1735">
     <span class='ocr_line' id='line_1_17' title="bbox 409 1651 2067 1735; baseline 0.004 -22"><span class='ocrx_word' id='word_1_118' title='bbox 409 1651 736 1733; x_wconf 87' lang='lat' dir='ltr'><strong>jucundam</strong></span> <span class='ocrx_word' id='word_1_119' title='bbox 779 1675 985 1719; x_wconf 79' lang='lat' dir='ltr'><strong>vocem</strong></span> <span class='ocrx_word' id='word_1_120' title='bbox 1017 1677 1151 1720; x_wconf 91' lang='lat' dir='ltr'><strong>cum</strong></span> <span class='ocrx_word' id='word_1_121' title='bbox 1207 1659 1497 1721; x_wconf 87' lang='lat' dir='ltr'><strong>audiisset</strong></span> <span class='ocrx_word' id='word_1_122' title='bbox 1525 1660 1805 1735; x_wconf 85' lang='lat' dir='ltr'><strong>Barbara,</strong></span> <span class='ocrx_word' id='word_1_123' title='bbox 1840 1659 1951 1720; x_wconf 84' lang='lat' dir='ltr'><strong>iter</strong></span> <span class='ocrx_word' id='word_1_124' title='bbox 1979 1658 2067 1720; x_wconf 83' lang='lat' dir='ltr'><strong>in-</strong></span> 
     </span>
    </p>
   </div>
   <div class='ocr_carea' id='block_1_18' title="bbox 416 1743 2060 1829">
    <p class='ocr_par' dir='ltr' id='par_1_18' title="bbox 416 1743 2060 1829">
     <span class='ocr_line' id='line_1_18' title="bbox 416 1743 2060 1829; baseline 0.005 -25"><span class='ocrx_word' id='word_1_125' title='bbox 416 1743 956 1829; x_wconf 74' lang='lat' dir='ltr'><strong>grediperrexit,et</strong></span> <span class='ocrx_word' id='word_1_126' title='bbox 977 1749 1152 1812; x_wconf 89' lang='lat' dir='ltr'><strong>ducta</strong></span> <span class='ocrx_word' id='word_1_127' title='bbox 1182 1757 1273 1812; x_wconf 91' lang='lat' dir='ltr'><strong>est</strong></span> <span class='ocrx_word' id='word_1_128' title='bbox 1298 1749 1368 1812; x_wconf 91' lang='lat' dir='ltr'><strong>ad</strong></span> <span class='ocrx_word' id='word_1_129' title='bbox 1401 1749 1597 1813; x_wconf 91' lang='lat' dir='ltr'><strong>locum</strong></span> <span class='ocrx_word' id='word_1_130' title='bbox 1630 1757 1720 1813; x_wconf 89' lang='lat' dir='ltr'><strong>sui</strong></span> <span class='ocrx_word' id='word_1_131' title='bbox 1751 1751 2060 1813; x_wconf 86' lang='lat' dir='ltr'><strong>decessus.</strong></span> 
     </span>
    </p>
   </div>
   <div class='ocr_carea' id='block_1_19' title="bbox 2147 847 3803 928">
    <p class='ocr_par' dir='ltr' id='par_1_19' title="bbox 2147 847 3803 928">
     <span class='ocr_line' id='line_1_19' title="bbox 2147 847 3803 928; baseline 0.002 -26"><span class='ocrx_word' id='word_1_132' title='bbox 2147 869 2244 915; x_wconf 85' lang='grc' dir='ltr'><strong>νης</strong></span> <span class='ocrx_word' id='word_1_133' title='bbox 2273 847 2604 928; x_wconf 75' lang='grc' dir='ltr'>εἰσάκουσον,</span> <span class='ocrx_word' id='word_1_134' title='bbox 2663 847 2904 925; x_wconf 77' lang='grc' dir='ltr'>βασιλευ,</span> <span class='ocrx_word' id='word_1_135' title='bbox 2937 847 3025 904; x_wconf 85' lang='grc' dir='ltr'><strong>καὶ</strong></span> <span class='ocrx_word' id='word_1_136' title='bbox 3077 847 3136 913; x_wconf 87' lang='grc' dir='ltr'>ὃς</span> <span class='ocrx_word' id='word_1_137' title='bbox 3164 847 3226 902; x_wconf 79' lang='grc' dir='ltr'><strong>ἂν</strong></span> <span class='ocrx_word' id='word_1_138' title='bbox 3277 853 3372 905; x_wconf 80' lang='grc' dir='ltr'>τοῦ</span> <span class='ocrx_word' id='word_1_139' title='bbox 3399 855 3494 906; x_wconf 78' lang='grc' dir='ltr'>σοῦ</span> <span class='ocrx_word' id='word_1_140' title='bbox 3535 848 3803 923; x_wconf 84' lang='grc' dir='ltr'>ὀνόματος</span> 
     </span>
    </p>
   </div>
   <div class='ocr_carea' id='block_1_20' title="bbox 2143 935 3795 1018">
    <p class='ocr_par' dir='ltr' id='par_1_20' title="bbox 2143 935 3795 1018">
     <span class='ocr_line' id='line_1_20' title="bbox 2143 935 3795 1018; baseline 0 -24"><span class='ocrx_word' id='word_1_141' title='bbox 2143 939 2232 995; x_wconf 86' lang='grc' dir='ltr'><strong>καὶ</strong></span> <span class='ocrx_word' id='word_1_142' title='bbox 2271 943 2371 1005; x_wconf 83' lang='grc' dir='ltr'><strong>τῆς</strong></span> <span class='ocrx_word' id='word_1_143' title='bbox 2397 937 2535 1014; x_wconf 64' lang='grc' dir='ltr'>ἐμῆς</span> <span class='ocrx_word' id='word_1_144' title='bbox 2590 935 2862 1009; x_wconf 76' lang='grc' dir='ltr'><strong>ἀθλήσεως</strong></span> <span class='ocrx_word' id='word_1_145' title='bbox 2903 943 2980 1012; x_wconf 82' lang='grc' dir='ltr'>τῷ</span> <span class='ocrx_word' id='word_1_146' title='bbox 3035 935 3176 1010; x_wconf 74' lang='grc' dir='ltr'>οἴκῳ</span> <span class='ocrx_word' id='word_1_147' title='bbox 3233 936 3392 994; x_wconf 66' lang='grc' dir='ltr'>αὐτοῦ</span> <span class='ocrx_word' id='word_1_148' title='bbox 3449 936 3795 1018; x_wconf 67' lang='grc' dir='ltr'>ἑπισκήψειε,</span> 
     </span>
    </p>
   </div>
   <div class='ocr_carea' id='block_1_21' title="bbox 2142 1025 3799 1103">
    <p class='ocr_par' dir='ltr' id='par_1_21' title="bbox 2142 1025 3799 1103">
     <span class='ocr_line' id='line_1_21' title="bbox 2142 1025 3799 1103; baseline -0.002 -16"><span class='ocrx_word' id='word_1_149' title='bbox 2142 1028 2222 1103; x_wconf 78' lang='grc' dir='ltr'>μὴ</span> <span class='ocrx_word' id='word_1_150' title='bbox 2280 1029 2411 1088; x_wconf 76' lang='grc' dir='ltr'>ἄλλο</span> <span class='ocrx_word' id='word_1_151' title='bbox 2440 1051 2492 1085; x_wconf 90' lang='grc' dir='ltr'><strong>τι</strong></span> <span class='ocrx_word' id='word_1_152' title='bbox 2550 1026 2718 1103; x_wconf 77' lang='grc' dir='ltr'>μηδὲν</span> <span class='ocrx_word' id='word_1_153' title='bbox 2767 1033 2873 1085; x_wconf 81' lang='grc' dir='ltr'>τῶν</span> <span class='ocrx_word' id='word_1_154' title='bbox 2923 1025 3191 1084; x_wconf 79' lang='grc' dir='ltr'>λωϐᾶσθαι</span> <span class='ocrx_word' id='word_1_155' title='bbox 3235 1027 3459 1103; x_wconf 81' lang='grc' dir='ltr'>σώματα</span> <span class='ocrx_word' id='word_1_156' title='bbox 3490 1029 3580 1085; x_wconf 78' lang='grc' dir='ltr'>καὶ</span> <span class='ocrx_word' id='word_1_157' title='bbox 3609 1027 3799 1087; x_wconf 79' lang='grc' dir='ltr'><strong>λυπεῖν</strong></span> 
     </span>
    </p>
   </div>
   <div class='ocr_carea' id='block_1_22' title="bbox 2142 1112 3801 1199">
    <p class='ocr_par' dir='ltr' id='par_1_22' title="bbox 2142 1112 3801 1199">
     <span class='ocr_line' id='line_1_22' title="bbox 2142 1112 3801 1199; baseline 0.002 -26"><span class='ocrx_word' id='word_1_158' title='bbox 2142 1117 2465 1195; x_wconf 77' lang='grc' dir='ltr'><strong>δυναμένων,</strong></span> <span class='ocrx_word' id='word_1_159' title='bbox 2518 1117 2686 1182; x_wconf 75' lang='grc' dir='ltr'>Οἶδας</span> <span class='ocrx_word' id='word_1_160' title='bbox 2735 1119 2859 1199; x_wconf 77' lang='grc' dir='ltr'>γὰρ,</span> <span class='ocrx_word' id='word_1_161' title='bbox 2897 1117 3071 1197; x_wconf 81' lang='grc' dir='ltr'>Κύριε,</span> <span class='ocrx_word' id='word_1_162' title='bbox 3106 1115 3188 1174; x_wconf 84' lang='grc' dir='ltr'><strong>ὅτι</strong></span> <span class='ocrx_word' id='word_1_163' title='bbox 3247 1119 3438 1196; x_wconf 78' lang='grc' dir='ltr'>σάρκες</span> <span class='ocrx_word' id='word_1_164' title='bbox 3480 1119 3646 1194; x_wconf 82' lang='grc' dir='ltr'>ἡμεῖς</span> <span class='ocrx_word' id='word_1_165' title='bbox 3704 1112 3801 1176; x_wconf 66' lang='grc' dir='ltr'><strong>καὶ</strong></span> 
     </span>
    </p>
   </div>
   <div class='ocr_carea' id='block_1_23' title="bbox 2142 1207 3800 1288">
    <p class='ocr_par' dir='ltr' id='par_1_23' title="bbox 2142 1207 3800 1288">
     <span class='ocr_line' id='line_1_23' title="bbox 2142 1207 3800 1288; baseline 0 -24"><span class='ocrx_word' id='word_1_166' title='bbox 2142 1212 2304 1284; x_wconf 81' lang='grc' dir='ltr'>αἷμα,</span> <span class='ocrx_word' id='word_1_167' title='bbox 2341 1231 2552 1284; x_wconf 79' lang='grc' dir='ltr'>ποιημα</span> <span class='ocrx_word' id='word_1_168' title='bbox 2581 1215 2687 1264; x_wconf 80' lang='grc' dir='ltr'><strong>τῶν</strong></span> <span class='ocrx_word' id='word_1_169' title='bbox 2739 1210 2846 1264; x_wconf 73' lang='grc' dir='ltr'>σῶν</span> <span class='ocrx_word' id='word_1_170' title='bbox 2901 1207 3186 1286; x_wconf 76' lang='grc' dir='ltr'>ἀχράντων</span> <span class='ocrx_word' id='word_1_171' title='bbox 3241 1214 3442 1288; x_wconf 78' lang='grc' dir='ltr'>χειρῶν</span> <span class='ocrx_word' id='word_1_172' title='bbox 3485 1210 3574 1265; x_wconf 82' lang='grc' dir='ltr'><strong>καὶ</strong></span> <span class='ocrx_word' id='word_1_173' title='bbox 3633 1209 3800 1265; x_wconf 81' lang='grc' dir='ltr'>εἰκόνι</span> 
     </span>
    </p>
   </div>
   <div class='ocr_carea' id='block_1_24' title="bbox 2147 1296 3802 1377">
    <p class='ocr_par' dir='ltr' id='par_1_24' title="bbox 2147 1296 3802 1377">
     <span class='ocr_line' id='line_1_24' title="bbox 2147 1296 3802 1377; baseline 0 -23"><span class='ocrx_word' id='word_1_174' title='bbox 2147 1301 2217 1376; x_wconf 75' lang='grc' dir='ltr'><strong>σῇ</strong></span> <span class='ocrx_word' id='word_1_175' title='bbox 2247 1299 2332 1355; x_wconf 86' lang='grc' dir='ltr'><strong>καὶ</strong></span> <span class='ocrx_word' id='word_1_176' title='bbox 2390 1300 2643 1376; x_wconf 80' lang='grc' dir='ltr'><strong>ὁμοιώσει</strong></span> <span class='ocrx_word' id='word_1_177' title='bbox 2689 1296 3071 1373; x_wconf 87' lang='grc' dir='ltr'>τετιμημένοι.</span> <span class='ocrx_word' id='word_1_178' title='bbox 3125 1296 3311 1377; x_wconf 59' lang='lat' dir='ltr'><strong>&quot;Equi,</strong></span> <span class='ocrx_word' id='word_1_179' title='bbox 3374 1299 3464 1354; x_wconf 85' lang='grc' dir='ltr'><strong>καὶ</strong></span> <span class='ocrx_word' id='word_1_180' title='bbox 3505 1300 3656 1377; x_wconf 72' lang='grc' dir='ltr'>φωνή</span> <span class='ocrx_word' id='word_1_181' title='bbox 3717 1320 3802 1361; x_wconf 90' lang='grc' dir='ltr'><strong>τις</strong></span> 
     </span>
    </p>
   </div>
   <div class='ocr_carea' id='block_1_25' title="bbox 2147 1384 3802 1467">
    <p class='ocr_par' dir='ltr' id='par_1_25' title="bbox 2147 1384 3802 1467">
     <span class='ocr_line' id='line_1_25' title="bbox 2147 1384 3802 1467; baseline -0.001 -22"><span class='ocrx_word' id='word_1_182' title='bbox 2147 1389 2422 1467; x_wconf 66' lang='grc' dir='ltr'>οὐρανόθεν</span> <span class='ocrx_word' id='word_1_183' title='bbox 2478 1386 2783 1467; x_wconf 78' lang='grc' dir='ltr'>παραδόξως</span> <span class='ocrx_word' id='word_1_184' title='bbox 2845 1386 3068 1454; x_wconf 76' lang='grc' dir='ltr'>ἠκούετο</span> <span class='ocrx_word' id='word_1_185' title='bbox 3094 1434 3112 1466; x_wconf 89' lang='grc'><strong>,</strong></span> <span class='ocrx_word' id='word_1_186' title='bbox 3170 1388 3335 1458; x_wconf 70' lang='grc' dir='ltr'>αὑτήν</span> <span class='ocrx_word' id='word_1_187' title='bbox 3395 1406 3450 1442; x_wconf 81' lang='grc' dir='ltr'><strong>τε</strong></span> <span class='ocrx_word' id='word_1_188' title='bbox 3516 1387 3604 1444; x_wconf 81' lang='grc' dir='ltr'>καὶ</span> <span class='ocrx_word' id='word_1_189' title='bbox 3663 1384 3802 1446; x_wconf 82' lang='grc' dir='ltr'>Ἰου-</span> 
     </span>
    </p>
   </div>
   <div class='ocr_carea' id='block_1_26' title="bbox 2149 1475 3803 1554">
    <p class='ocr_par' dir='ltr' id='par_1_26' title="bbox 2149 1475 3803 1554">
     <span class='ocr_line' id='line_1_26' title="bbox 2149 1475 3803 1554; baseline 0 -21"><span class='ocrx_word' id='word_1_190' title='bbox 2149 1476 2338 1546; x_wconf 80' lang='grc' dir='ltr'>λιανὴν</span> <span class='ocrx_word' id='word_1_191' title='bbox 2410 1480 2510 1545; x_wconf 76' lang='grc' dir='ltr'>τὴν</span> <span class='ocrx_word' id='word_1_192' title='bbox 2586 1477 2840 1534; x_wconf 72' lang='grc' dir='ltr'>συναθλον</span> <span class='ocrx_word' id='word_1_193' title='bbox 2925 1475 3290 1552; x_wconf 74' lang='grc' dir='ltr'><strong>ἐκκαλουμένη</strong></span> <span class='ocrx_word' id='word_1_194' title='bbox 3380 1477 3511 1554; x_wconf 80' lang='grc' dir='ltr'>πρὸς</span> <span class='ocrx_word' id='word_1_195' title='bbox 3581 1478 3803 1553; x_wconf 71' lang='grc' dir='ltr'>οὐρανὸν</span> 
     </span>
    </p>
   </div>
   <div class='ocr_carea' id='block_1_27' title="bbox 2148 1564 3804 1644">
    <p class='ocr_par' dir='ltr' id='par_1_27' title="bbox 2148 1564 3804 1644">
     <span class='ocr_line' id='line_1_27' title="bbox 2148 1564 3804 1644; baseline 0 -21"><span class='ocrx_word' id='word_1_196' title='bbox 2148 1569 2236 1624; x_wconf 82' lang='grc' dir='ltr'><strong>καὶ</strong></span> <span class='ocrx_word' id='word_1_197' title='bbox 2291 1571 2398 1624; x_wconf 80' lang='grc' dir='ltr'>τῶν</span> <span class='ocrx_word' id='word_1_198' title='bbox 2429 1566 2747 1635; x_wconf 79' lang='grc' dir='ltr'>αἰτηθέντων</span> <span class='ocrx_word' id='word_1_199' title='bbox 2803 1567 2915 1641; x_wconf 73' lang='grc' dir='ltr'>ἅμα</span> <span class='ocrx_word' id='word_1_200' title='bbox 2943 1566 3042 1633; x_wconf 78' lang='grc' dir='ltr'><strong>τὴν</strong></span> <span class='ocrx_word' id='word_1_201' title='bbox 3093 1564 3433 1644; x_wconf 74' lang='grc' dir='ltr'>ἐκπλήρωσιν</span> <span class='ocrx_word' id='word_1_202' title='bbox 3463 1565 3804 1644; x_wconf 75' lang='grc' dir='ltr'>ἐπαγγελλο-</span> 
     </span>
    </p>
   </div>
   <div class='ocr_carea' id='block_1_28' title="bbox 2151 1654 3805 1734">
    <p class='ocr_par' dir='ltr' id='par_1_28' title="bbox 2151 1654 3805 1734">
     <span class='ocr_line' id='line_1_28' title="bbox 2151 1654 3805 1734; baseline 0.001 -22"><span class='ocrx_word' id='word_1_203' title='bbox 2151 1657 2310 1732; x_wconf 83' lang='grc' dir='ltr'>μένη.</span> <span class='ocrx_word' id='word_1_204' title='bbox 2363 1659 2570 1724; x_wconf 77' lang='grc' dir='ltr'>Ταύτης</span> <span class='ocrx_word' id='word_1_205' title='bbox 2627 1655 2692 1725; x_wconf 78' lang='grc' dir='ltr'><strong>δὴ</strong></span> <span class='ocrx_word' id='word_1_206' title='bbox 2750 1661 2848 1722; x_wconf 79' lang='grc' dir='ltr'><strong>τῆς</strong></span> <span class='ocrx_word' id='word_1_207' title='bbox 2907 1654 3154 1734; x_wconf 77' lang='grc' dir='ltr'>γλυκείας</span> <span class='ocrx_word' id='word_1_208' title='bbox 3217 1676 3399 1734; x_wconf 74' lang='grc' dir='ltr'>φωνης</span> <span class='ocrx_word' id='word_1_209' title='bbox 3455 1657 3805 1714; x_wconf 68' lang='grc' dir='ltr'>ὶνωτισθεῖσα</span> 
     </span>
    </p>
   </div>
   <div class='ocr_carea' id='block_1_29' title="bbox 2149 1743 3802 1827">
    <p class='ocr_par' dir='ltr' id='par_1_29' title="bbox 2149 1743 3802 1827">
     <span class='ocr_line' id='line_1_29' title="bbox 2149 1743 3802 1827; baseline 0.002 -24"><span class='ocrx_word' id='word_1_210' title='bbox 2149 1747 2415 1826; x_wconf 76' lang='grc' dir='ltr'>Βαρϐάρα,</span> <span class='ocrx_word' id='word_1_211' title='bbox 2450 1747 2570 1805; x_wconf 82' lang='grc' dir='ltr'><strong>ὁδοῦ</strong></span> <span class='ocrx_word' id='word_1_212' title='bbox 2625 1768 2678 1803; x_wconf 83' lang='grc' dir='ltr'><strong>τε</strong></span> <span class='ocrx_word' id='word_1_213' title='bbox 2742 1743 2957 1827; x_wconf 72' lang='grc' dir='ltr'>εἴχετο,</span> <span class='ocrx_word' id='word_1_214' title='bbox 3005 1749 3094 1803; x_wconf 82' lang='grc' dir='ltr'>καὶ</span> <span class='ocrx_word' id='word_1_215' title='bbox 3142 1745 3272 1824; x_wconf 84' lang='grc' dir='ltr'>πρὸς</span> <span class='ocrx_word' id='word_1_216' title='bbox 3330 1747 3423 1801; x_wconf 74' lang='grc' dir='ltr'>τὸν</span> <span class='ocrx_word' id='word_1_217' title='bbox 3473 1748 3566 1802; x_wconf 83' lang='grc' dir='ltr'><strong>του</strong></span> <span class='ocrx_word' id='word_1_218' title='bbox 3619 1744 3802 1811; x_wconf 80' lang='grc' dir='ltr'>τέλους</span> 
     </span>
    </p>
   </div>
   <div class='ocr_carea' id='block_1_30' title="bbox 2146 1837 2610 1915">
    <p class='ocr_par' dir='ltr' id='par_1_30' title="bbox 2146 1837 2610 1915">
     <span class='ocr_line' id='line_1_30' title="bbox 2146 1837 2610 1915; baseline 0.006 -22"><span class='ocrx_word' id='word_1_219' title='bbox 2146 1837 2313 1894; x_wconf 85' lang='grc' dir='ltr'>τόπον</span> <span class='ocrx_word' id='word_1_220' title='bbox 2343 1839 2610 1915; x_wconf 78' lang='grc' dir='ltr'>ἐπείγετο,</span> 
     </span>
    </p>
   </div>
   <div class='ocr_carea' id='block_1_31' title="bbox 497 1922 2063 2014">
    <p class='ocr_par' dir='ltr' id='par_1_31' title="bbox 497 1922 2059 2011">
     <span class='ocr_line' id='line_1_31' title="bbox 497 1922 2059 2011; baseline 0.003 -26"><span class='ocrx_word' id='word_1_221' title='bbox 497 1922 755 1990; x_wconf 80' lang='lat' dir='ltr'><strong>XLCum</strong></span> <span class='ocrx_word' id='word_1_222' title='bbox 782 1945 852 1989; x_wconf 94' lang='lat' dir='ltr'><strong>eo</strong></span> <span class='ocrx_word' id='word_1_223' title='bbox 877 1935 1074 1992; x_wconf 88' lang='lat' dir='ltr'><strong>autem</strong></span> <span class='ocrx_word' id='word_1_224' title='bbox 1101 1928 1494 2011; x_wconf 64' lang='lat' dir='ltr'><strong>pervenisset,</strong></span> <span class='ocrx_word' id='word_1_225' title='bbox 1526 1929 1812 1992; x_wconf 89' lang='lat' dir='ltr'><strong>inclinato</strong></span> <span class='ocrx_word' id='word_1_226' title='bbox 1843 1929 2059 2011; x_wconf 85' lang='lat' dir='ltr'><strong>capite,</strong></span> 
     </span>
    </p>
   </div>
   <div class='ocr_carea' id='block_1_32' title="bbox 2147 1922 3805 2014">
    <p class='ocr_par' dir='ltr' id='par_1_32' title="bbox 2231 1925 3805 2006">
     <span class='ocr_line' id='line_1_32' title="bbox 2231 1925 3805 2006; baseline -0.002 -21"><span class='ocrx_word' id='word_1_227' title='bbox 2231 1934 2338 1988; x_wconf 78' lang='lat' dir='ltr'><strong>lA&#39;.</strong></span> <span class='ocrx_word' id='word_1_228' title='bbox 2397 1926 2547 1988; x_wconf 80' lang='grc' dir='ltr'>Ἐπεὶ</span> <span class='ocrx_word' id='word_1_229' title='bbox 2577 1925 2631 1982; x_wconf 76' lang='grc' dir='ltr'><em>δὲ</em></span> <span class='ocrx_word' id='word_1_230' title='bbox 2680 1925 2769 1984; x_wconf 78' lang='grc' dir='ltr'><strong>καὶ</strong></span> <span class='ocrx_word' id='word_1_231' title='bbox 2800 1925 3039 2006; x_wconf 77' lang='grc' dir='ltr'>φθάσασα</span> <span class='ocrx_word' id='word_1_232' title='bbox 3087 1925 3176 2001; x_wconf 79' lang='grc' dir='ltr'>ἦν,</span> <span class='ocrx_word' id='word_1_233' title='bbox 3237 1925 3333 1991; x_wconf 77' lang='grc' dir='ltr'>τὴν</span> <span class='ocrx_word' id='word_1_234' title='bbox 3393 1926 3632 2006; x_wconf 75' lang='grc' dir='ltr'>κεφαλὴν</span> <span class='ocrx_word' id='word_1_235' title='bbox 3677 1925 3805 1984; x_wconf 83' lang='grc' dir='ltr'>κλί-</span> 
     </span>
    </p>
   </div>
   <div class='ocr_carea' id='block_1_33' title="bbox 415 2016 2060 2102">
    <p class='ocr_par' dir='ltr' id='par_1_33' title="bbox 415 2016 2060 2102">
     <span class='ocr_line' id='line_1_33' title="bbox 415 2016 2060 2102; baseline 0.002 -26"><span class='ocrx_word' id='word_1_236' title='bbox 415 2016 680 2098; x_wconf 83' lang='lat' dir='ltr'><strong>paternis</strong></span> <span class='ocrx_word' id='word_1_237' title='bbox 710 2017 1012 2094; x_wconf 79' lang='lat' dir='ltr'><strong>manibus,</strong></span> <span class='ocrx_word' id='word_1_238' title='bbox 1048 2030 1296 2101; x_wconf 89' lang='lat' dir='ltr'><strong>paterno</strong></span> <span class='ocrx_word' id='word_1_239' title='bbox 1346 2038 1490 2082; x_wconf 89' lang='lat' dir='ltr'><strong>ense</strong></span> <span class='ocrx_word' id='word_1_240' title='bbox 1520 2019 1736 2102; x_wconf 90' lang='lat' dir='ltr'><strong>accipit</strong></span> <span class='ocrx_word' id='word_1_241' title='bbox 1774 2039 2060 2082; x_wconf 87' lang='lat' dir='ltr'><strong>consum-</strong></span> 
     </span>
    </p>
   </div>
   <div class='ocr_carea' id='block_1_34' title="bbox 415 2105 2066 2192">
    <p class='ocr_par' dir='ltr' id='par_1_34' title="bbox 415 2105 2066 2192">
     <span class='ocr_line' id='line_1_34' title="bbox 415 2105 2066 2192; baseline 0.002 -25"><span class='ocrx_word' id='word_1_242' title='bbox 415 2105 763 2188; x_wconf 81' lang='lat' dir='ltr'><strong>mationem,</strong></span> <span class='ocrx_word' id='word_1_243' title='bbox 819 2107 1012 2170; x_wconf 84' lang='lat' dir='ltr'><strong>bonus</strong></span> <span class='ocrx_word' id='word_1_244' title='bbox 1064 2110 1288 2172; x_wconf 79' lang='lat' dir='ltr'><strong>fructus</strong></span> <span class='ocrx_word' id='word_1_245' title='bbox 1349 2130 1419 2173; x_wconf 81' lang='lat' dir='ltr'><strong>ex</strong></span> <span class='ocrx_word' id='word_1_246' title='bbox 1474 2109 1629 2172; x_wconf 87' lang='lat' dir='ltr'><strong>mala</strong></span> <span class='ocrx_word' id='word_1_247' title='bbox 1691 2109 1906 2172; x_wconf 90' lang='lat' dir='ltr'><strong>arbore</strong></span> <span class='ocrx_word' id='word_1_248' title='bbox 1965 2128 2066 2192; x_wconf 93' lang='lat' dir='ltr'><strong>ap-</strong></span> 
     </span>
    </p>
   </div>
   <div class='ocr_carea' id='block_1_35' title="bbox 412 2199 2066 2283">
    <p class='ocr_par' dir='ltr' id='par_1_35' title="bbox 412 2199 2066 2283">
     <span class='ocr_line' id='line_1_35' title="bbox 412 2199 2066 2283; baseline 0.001 -24"><span class='ocrx_word' id='word_1_249' title='bbox 412 2214 630 2278; x_wconf 84' lang='lat' dir='ltr'><strong>parens</strong></span> <span class='ocrx_word' id='word_1_250' title='bbox 674 2199 1031 2281; x_wconf 78' lang='lat' dir='ltr'><strong>manifeste;</strong></span> <span class='ocrx_word' id='word_1_251' title='bbox 1061 2199 1295 2264; x_wconf 86' lang='lat' dir='ltr'><strong>Juliana</strong></span> <span class='ocrx_word' id='word_1_252' title='bbox 1325 2219 1563 2283; x_wconf 90' lang='lat' dir='ltr'><strong>quoque</strong></span> <span class='ocrx_word' id='word_1_253' title='bbox 1615 2200 1793 2262; x_wconf 88' lang='lat' dir='ltr'><strong>simul</strong></span> <span class='ocrx_word' id='word_1_254' title='bbox 1823 2218 1959 2262; x_wconf 92' lang='lat' dir='ltr'><strong>cum</strong></span> <span class='ocrx_word' id='word_1_255' title='bbox 1995 2217 2066 2262; x_wconf 88' lang='lat' dir='ltr'><strong>ea</strong></span> 
     </span>
    </p>
   </div>
   <div class='ocr_carea' id='block_1_36' title="bbox 414 2287 2068 2374">
    <p class='ocr_par' dir='ltr' id='par_1_36' title="bbox 414 2287 2068 2374">
     <span class='ocr_line' id='line_1_36' title="bbox 414 2287 2068 2374; baseline 0.002 -25"><span class='ocrx_word' id='word_1_256' title='bbox 414 2287 641 2350; x_wconf 90' lang='lat' dir='ltr'><strong>ibidem</strong></span> <span class='ocrx_word' id='word_1_257' title='bbox 673 2300 1132 2354; x_wconf 77' lang='lat' dir='ltr'><strong>consummatae</strong></span> <span class='ocrx_word' id='word_1_258' title='bbox 1156 2291 1410 2374; x_wconf 90' lang='lat' dir='ltr'><strong>quodam</strong></span> <span class='ocrx_word' id='word_1_259' title='bbox 1431 2310 1502 2355; x_wconf 86' lang='lat' dir='ltr'><strong>ex</strong></span> <span class='ocrx_word' id='word_1_260' title='bbox 1533 2291 1606 2353; x_wconf 85' lang='lat' dir='ltr'><strong>iis</strong></span> <span class='ocrx_word' id='word_1_261' title='bbox 1629 2291 1727 2372; x_wconf 85' lang='lat' dir='ltr'><strong>qui</strong></span> <span class='ocrx_word' id='word_1_262' title='bbox 1755 2290 1874 2353; x_wconf 89' lang='lat' dir='ltr'><strong>illic</strong></span> <span class='ocrx_word' id='word_1_263' title='bbox 1896 2298 2068 2354; x_wconf 90' lang='lat' dir='ltr'><strong>erant</strong></span> 
     </span>
    </p>
   </div>
   <div class='ocr_carea' id='block_1_37' title="bbox 414 2376 2060 2458">
    <p class='ocr_par' dir='ltr' id='par_1_37' title="bbox 414 2376 2060 2458">
     <span class='ocr_line' id='line_1_37' title="bbox 414 2376 2060 2458; baseline 0.003 -20"><span class='ocrx_word' id='word_1_264' title='bbox 414 2376 731 2443; x_wconf 86' lang='lat' dir='ltr'><strong>militibus.</strong></span> <span class='ocrx_word' id='word_1_265' title='bbox 767 2377 832 2442; x_wconf 84' lang='lat' dir='ltr'><strong>In</strong></span> <span class='ocrx_word' id='word_1_266' title='bbox 882 2398 953 2442; x_wconf 92' lang='lat' dir='ltr'><strong>eo</strong></span> <span class='ocrx_word' id='word_1_267' title='bbox 984 2399 1178 2443; x_wconf 72' lang='lat' dir='ltr'><strong>autem</strong></span> <span class='ocrx_word' id='word_1_268' title='bbox 1213 2382 1368 2454; x_wconf 91' lang='lat' dir='ltr'><strong>loco,</strong></span> <span class='ocrx_word' id='word_1_269' title='bbox 1399 2381 1500 2444; x_wconf 91' lang='lat' dir='ltr'><strong>ubi</strong></span> <span class='ocrx_word' id='word_1_270' title='bbox 1548 2381 1676 2446; x_wconf 70' lang='lat' dir='ltr'><strong>haec</strong></span> <span class='ocrx_word' id='word_1_271' title='bbox 1707 2381 1860 2443; x_wconf 81' lang='lat' dir='ltr'><strong>facta</strong></span> <span class='ocrx_word' id='word_1_272' title='bbox 1900 2389 2060 2458; x_wconf 88' lang='lat' dir='ltr'><strong>sunt,</strong></span> 
     </span>
    </p>
   </div>
   <div class='ocr_carea' id='block_1_38' title="bbox 413 2467 2061 2554">
    <p class='ocr_par' dir='ltr' id='par_1_38' title="bbox 413 2467 2061 2554">
     <span class='ocr_line' id='line_1_38' title="bbox 413 2467 2061 2554; baseline 0.004 -26"><span class='ocrx_word' id='word_1_273' title='bbox 413 2467 662 2548; x_wconf 89' lang='lat' dir='ltr'><strong>impium</strong></span> <span class='ocrx_word' id='word_1_274' title='bbox 687 2487 922 2552; x_wconf 91' lang='lat' dir='ltr'><strong>quoque</strong></span> <span class='ocrx_word' id='word_1_275' title='bbox 942 2480 1171 2553; x_wconf 89' lang='lat' dir='ltr'><strong>patrem</strong></span> <span class='ocrx_word' id='word_1_276' title='bbox 1198 2471 1396 2535; x_wconf 79' lang='lat' dir='ltr'><strong>divina</strong></span> <span class='ocrx_word' id='word_1_277' title='bbox 1415 2472 1796 2554; x_wconf 88' lang='lat' dir='ltr'><strong>persequitur</strong></span> <span class='ocrx_word' id='word_1_278' title='bbox 1811 2472 2061 2554; x_wconf 88' lang='lat' dir='ltr'><strong>justitia,</strong></span> 
     </span>
    </p>
   </div>
   <div class='ocr_carea' id='block_1_39' title="bbox 414 2559 2066 2645">
    <p class='ocr_par' dir='ltr' id='par_1_39' title="bbox 414 2559 2066 2645">
     <span class='ocr_line' id='line_1_39' title="bbox 414 2559 2066 2645; baseline 0.002 -26"><span class='ocrx_word' id='word_1_279' title='bbox 414 2575 550 2620; x_wconf 89' lang='lat' dir='ltr'><strong>cum</strong></span> <span class='ocrx_word' id='word_1_280' title='bbox 585 2575 695 2621; x_wconf 87' lang='lat' dir='ltr'><strong>nec</strong></span> <span class='ocrx_word' id='word_1_281' title='bbox 727 2559 1028 2624; x_wconf 90' lang='lat' dir='ltr'><strong>modicum</strong></span> <span class='ocrx_word' id='word_1_282' title='bbox 1061 2562 1300 2645; x_wconf 91' lang='lat' dir='ltr'><strong>quidem</strong></span> <span class='ocrx_word' id='word_1_283' title='bbox 1333 2561 1428 2624; x_wconf 89' lang='lat' dir='ltr'><strong>hic</strong></span> <span class='ocrx_word' id='word_1_284' title='bbox 1461 2569 1864 2643; x_wconf 82' lang='lat' dir='ltr'><strong>exspectasset</strong></span> <span class='ocrx_word' id='word_1_285' title='bbox 1897 2561 2066 2623; x_wconf 93' lang='lat' dir='ltr'><strong>boni-</strong></span> 
     </span>
    </p>
   </div>
   <div class='ocr_carea' id='block_1_40' title="bbox 416 2650 2068 2732">
    <p class='ocr_par' dir='ltr' id='par_1_40' title="bbox 416 2650 2068 2732">
     <span class='ocr_line' id='line_1_40' title="bbox 416 2650 2068 2732; baseline 0.003 -23"><span class='ocrx_word' id='word_1_286' title='bbox 416 2655 528 2729; x_wconf 83' lang='lat' dir='ltr'><strong>tas,</strong></span> <span class='ocrx_word' id='word_1_287' title='bbox 563 2655 805 2730; x_wconf 82' lang='lat' dir='ltr'><strong>prapter</strong></span> <span class='ocrx_word' id='word_1_288' title='bbox 862 2651 1092 2731; x_wconf 77' lang='lat' dir='ltr'><strong>insigne</strong></span> <span class='ocrx_word' id='word_1_289' title='bbox 1147 2650 1379 2726; x_wconf 83' lang='lat' dir='ltr'><strong>vitium,</strong></span> <span class='ocrx_word' id='word_1_290' title='bbox 1412 2659 1472 2714; x_wconf 90' lang='lat' dir='ltr'><strong>et</strong></span> <span class='ocrx_word' id='word_1_291' title='bbox 1513 2651 1672 2732; x_wconf 90' lang='lat' dir='ltr'><strong>quod</strong></span> <span class='ocrx_word' id='word_1_292' title='bbox 1720 2650 1882 2713; x_wconf 90' lang='lat' dir='ltr'><strong>nulla</strong></span> <span class='ocrx_word' id='word_1_293' title='bbox 1909 2659 2068 2714; x_wconf 90' lang='lat' dir='ltr'><strong>esset</strong></span> 
     </span>
    </p>
   </div>
   <div class='ocr_carea' id='block_1_41' title="bbox 413 2739 2067 2818">
    <p class='ocr_par' dir='ltr' id='par_1_41' title="bbox 413 2739 2067 2818">
     <span class='ocr_line' id='line_1_41' title="bbox 413 2739 2067 2818; baseline 0.003 -19"><span class='ocrx_word' id='word_1_294' title='bbox 413 2756 551 2818; x_wconf 87' lang='lat' dir='ltr'><strong>spes</strong></span> <span class='ocrx_word' id='word_1_295' title='bbox 583 2739 928 2804; x_wconf 88' lang='lat' dir='ltr'><strong>curationis.</strong></span> <span class='ocrx_word' id='word_1_296' title='bbox 964 2742 1012 2804; x_wconf 89' lang='lat' dir='ltr'><strong>E</strong></span> <span class='ocrx_word' id='word_1_297' title='bbox 1062 2750 1261 2803; x_wconf 92' lang='lat' dir='ltr'><strong>monte</strong></span> <span class='ocrx_word' id='word_1_298' title='bbox 1289 2740 1448 2804; x_wconf 91' lang='lat' dir='ltr'><strong>enim</strong></span> <span class='ocrx_word' id='word_1_299' title='bbox 1499 2748 1809 2803; x_wconf 89' lang='lat' dir='ltr'><strong>revertens</strong></span> <span class='ocrx_word' id='word_1_300' title='bbox 1855 2741 2067 2804; x_wconf 82' lang='lat' dir='ltr'><strong>feritur</strong></span> 
     </span>
    </p>
   </div>
   <div class='ocr_carea' id='block_1_42' title="bbox 413 2827 2062 2912">
    <p class='ocr_par' dir='ltr' id='par_1_42' title="bbox 413 2827 2062 2912">
     <span class='ocr_line' id='line_1_42' title="bbox 413 2827 2062 2912; baseline 0.003 -24"><span class='ocrx_word' id='word_1_301' title='bbox 413 2827 688 2904; x_wconf 85' lang='lat' dir='ltr'><strong>fulmine,</strong></span> <span class='ocrx_word' id='word_1_302' title='bbox 725 2837 783 2891; x_wconf 91' lang='lat' dir='ltr'><strong>et</strong></span> <span class='ocrx_word' id='word_1_303' title='bbox 810 2829 926 2892; x_wconf 88' lang='lat' dir='ltr'><strong>vita</strong></span> <span class='ocrx_word' id='word_1_304' title='bbox 954 2834 1200 2892; x_wconf 87' lang='lat' dir='ltr'><strong>omnino</strong></span> <span class='ocrx_word' id='word_1_305' title='bbox 1233 2832 1515 2912; x_wconf 81' lang='lat' dir='ltr'><strong>privatur,</strong></span> <span class='ocrx_word' id='word_1_306' title='bbox 1551 2849 1671 2892; x_wconf 92' lang='lat' dir='ltr'><strong>non</strong></span> <span class='ocrx_word' id='word_1_307' title='bbox 1724 2831 1836 2892; x_wconf 88' lang='lat' dir='ltr'><strong>hac</strong></span> <span class='ocrx_word' id='word_1_308' title='bbox 1869 2831 2062 2893; x_wconf 90' lang='lat' dir='ltr'><strong>solum</strong></span> 
     </span>
    </p>
   </div>
   <div class='ocr_carea' id='block_1_43' title="bbox 414 2918 2067 3002">
    <p class='ocr_par' dir='ltr' id='par_1_43' title="bbox 414 2918 2067 3002">
     <span class='ocr_line' id='line_1_43' title="bbox 414 2918 2067 3002; baseline 0.002 -23"><span class='ocrx_word' id='word_1_309' title='bbox 414 2919 592 2990; x_wconf 84' lang='lat' dir='ltr'><strong>ﬂuxa,</strong></span> <span class='ocrx_word' id='word_1_310' title='bbox 627 2918 731 2981; x_wconf 90' lang='lat' dir='ltr'><strong>sed</strong></span> <span class='ocrx_word' id='word_1_311' title='bbox 764 2939 831 2982; x_wconf 87' lang='lat' dir='ltr'><strong>ea</strong></span> <span class='ocrx_word' id='word_1_312' title='bbox 890 2923 1088 3002; x_wconf 86' lang='lat' dir='ltr'><strong>etiam,</strong></span> <span class='ocrx_word' id='word_1_313' title='bbox 1126 2940 1259 3002; x_wconf 73' lang='lat' dir='ltr'><strong>quae</strong></span> <span class='ocrx_word' id='word_1_314' title='bbox 1309 2929 1525 2996; x_wconf 89' lang='lat' dir='ltr'><strong>manet,</strong></span> <span class='ocrx_word' id='word_1_315' title='bbox 1560 2921 1663 2983; x_wconf 91' lang='lat' dir='ltr'><strong>ille</strong></span> <span class='ocrx_word' id='word_1_316' title='bbox 1692 2939 1832 2983; x_wconf 82' lang='lat' dir='ltr'><strong>vere</strong></span> <span class='ocrx_word' id='word_1_317' title='bbox 1887 2922 2067 2983; x_wconf 89' lang='lat' dir='ltr'><strong>miser</strong></span> 
     </span>
    </p>
   </div>
   <div class='ocr_carea' id='block_1_44' title="bbox 415 3009 2061 3092">
    <p class='ocr_par' dir='ltr' id='par_1_44' title="bbox 415 3009 2061 3092">
     <span class='ocr_line' id='line_1_44' title="bbox 415 3009 2061 3092; baseline 0.004 -24"><span class='ocrx_word' id='word_1_318' title='bbox 415 3019 474 3069; x_wconf 89' lang='lat' dir='ltr'><strong>et</strong></span> <span class='ocrx_word' id='word_1_319' title='bbox 498 3009 764 3091; x_wconf 89' lang='lat' dir='ltr'><strong>utrisque</strong></span> <span class='ocrx_word' id='word_1_320' title='bbox 796 3011 1097 3090; x_wconf 80' lang='lat' dir='ltr'><strong>indignus.</strong></span> <span class='ocrx_word' id='word_1_321' title='bbox 1136 3011 1382 3074; x_wconf 85' lang='lat' dir='ltr'><strong>Transit</strong></span> <span class='ocrx_word' id='word_1_322' title='bbox 1412 3019 1607 3074; x_wconf 89' lang='lat' dir='ltr'><strong>autem</strong></span> <span class='ocrx_word' id='word_1_323' title='bbox 1642 3011 1713 3072; x_wconf 93' lang='lat' dir='ltr'><strong>ad</strong></span> <span class='ocrx_word' id='word_1_324' title='bbox 1749 3011 2061 3092; x_wconf 63' lang='lat' dir='ltr'><strong>praesidem</strong></span> 
     </span>
    </p>
   </div>
   <div class='ocr_carea' id='block_1_45' title="bbox 414 3099 2066 3182">
    <p class='ocr_par' dir='ltr' id='par_1_45' title="bbox 414 3099 2066 3182">
     <span class='ocr_line' id='line_1_45' title="bbox 414 3099 2066 3182; baseline 0.002 -22"><span class='ocrx_word' id='word_1_325' title='bbox 414 3117 653 3179; x_wconf 86' lang='lat' dir='ltr'><strong>quoque</strong></span> <span class='ocrx_word' id='word_1_326' title='bbox 685 3099 1032 3163; x_wconf 75' lang='lat' dir='ltr'><strong>Martianum</strong></span> <span class='ocrx_word' id='word_1_327' title='bbox 1087 3101 1269 3182; x_wconf 84' lang='lat' dir='ltr'><strong>hujus</strong></span> <span class='ocrx_word' id='word_1_328' title='bbox 1297 3100 1581 3164; x_wconf 88' lang='lat' dir='ltr'><strong>divinitus</strong></span> <span class='ocrx_word' id='word_1_329' title='bbox 1625 3101 1880 3162; x_wconf 89' lang='lat' dir='ltr'><strong>immissi</strong></span> <span class='ocrx_word' id='word_1_330' title='bbox 1910 3100 2066 3179; x_wconf 85' lang='lat' dir='ltr'><strong>ignis</strong></span> 
     </span>
    </p>
   </div>
   <div class='ocr_carea' id='block_1_46' title="bbox 415 3190 2066 3270">
    <p class='ocr_par' dir='ltr' id='par_1_46' title="bbox 415 3190 2066 3270">
     <span class='ocr_line' id='line_1_46' title="bbox 415 3190 2066 3270; baseline 0.004 -23"><span class='ocrx_word' id='word_1_331' title='bbox 415 3192 695 3270; x_wconf 90' lang='lat' dir='ltr'><strong>impetus,</strong></span> <span class='ocrx_word' id='word_1_332' title='bbox 732 3192 902 3269; x_wconf 87' lang='lat' dir='ltr'><strong>plane</strong></span> <span class='ocrx_word' id='word_1_333' title='bbox 947 3190 1182 3252; x_wconf 87' lang='lat' dir='ltr'><strong>initium</strong></span> <span class='ocrx_word' id='word_1_334' title='bbox 1238 3200 1296 3251; x_wconf 87' lang='lat' dir='ltr'><strong>et</strong></span> <span class='ocrx_word' id='word_1_335' title='bbox 1348 3199 1576 3253; x_wconf 89' lang='lat' dir='ltr'><strong>certum</strong></span> <span class='ocrx_word' id='word_1_336' title='bbox 1633 3192 1867 3269; x_wconf 83' lang='lat' dir='ltr'><strong>signum</strong></span> <span class='ocrx_word' id='word_1_337' title='bbox 1904 3191 2066 3253; x_wconf 91' lang='lat' dir='ltr'><strong>illius</strong></span> 
     </span>
    </p>
   </div>
   <div class='ocr_carea' id='block_1_47' title="bbox 413 3276 2068 3362">
    <p class='ocr_par' dir='ltr' id='par_1_47' title="bbox 413 3276 2068 3362">
     <span class='ocr_line' id='line_1_47' title="bbox 413 3276 2068 3362; baseline 0.005 -27"><span class='ocrx_word' id='word_1_338' title='bbox 413 3276 569 3356; x_wconf 81' lang='lat' dir='ltr'><strong>ignis</strong></span> <span class='ocrx_word' id='word_1_339' title='bbox 611 3280 1044 3356; x_wconf 88' lang='lat' dir='ltr'><strong>immaterialis,</strong></span> <span class='ocrx_word' id='word_1_340' title='bbox 1079 3281 1180 3362; x_wconf 87' lang='lat' dir='ltr'><strong>qui</strong></span> <span class='ocrx_word' id='word_1_341' title='bbox 1232 3282 1422 3360; x_wconf 90' lang='lat' dir='ltr'><strong>ipsum</strong></span> <span class='ocrx_word' id='word_1_342' title='bbox 1483 3288 1771 3342; x_wconf 61' lang='lat' dir='ltr'><strong>aeternum</strong></span> <span class='ocrx_word' id='word_1_343' title='bbox 1817 3289 1905 3342; x_wconf 90' lang='lat' dir='ltr'><strong>est</strong></span> <span class='ocrx_word' id='word_1_344' title='bbox 1965 3300 2068 3360; x_wconf 90' lang='lat' dir='ltr'><strong>pu-</strong></span> 
     </span>
    </p>
   </div>
   <div class='ocr_carea' id='block_1_48' title="bbox 413 3368 2067 3451">
    <p class='ocr_par' dir='ltr' id='par_1_48' title="bbox 413 3368 2067 3451">
     <span class='ocr_line' id='line_1_48' title="bbox 413 3368 2067 3451; baseline 0.002 -23"><span class='ocrx_word' id='word_1_345' title='bbox 413 3368 668 3429; x_wconf 86' lang='lat' dir='ltr'><strong>niturus.</strong></span> <span class='ocrx_word' id='word_1_346' title='bbox 704 3369 1088 3431; x_wconf 87' lang='lat' dir='ltr'><strong>Valentianus</strong></span> <span class='ocrx_word' id='word_1_347' title='bbox 1120 3388 1258 3432; x_wconf 88' lang='lat' dir='ltr'><strong>vero</strong></span> <span class='ocrx_word' id='word_1_348' title='bbox 1305 3370 1399 3431; x_wconf 85' lang='lat' dir='ltr'><strong>vir</strong></span> <span class='ocrx_word' id='word_1_349' title='bbox 1429 3370 1670 3451; x_wconf 83' lang='lat' dir='ltr'><strong>quidam</strong></span> <span class='ocrx_word' id='word_1_350' title='bbox 1705 3369 1838 3451; x_wconf 90' lang='lat' dir='ltr'><strong>pius</strong></span> <span class='ocrx_word' id='word_1_351' title='bbox 1887 3378 1944 3431; x_wconf 91' lang='lat' dir='ltr'><strong>et</strong></span> <span class='ocrx_word' id='word_1_352' title='bbox 1973 3389 2067 3432; x_wconf 88' lang='lat' dir='ltr'><strong>re-</strong></span> 
     </span>
    </p>
   </div>
   <div class='ocr_carea' id='block_1_49' title="bbox 2148 2015 3803 2097">
    <p class='ocr_par' dir='ltr' id='par_1_49' title="bbox 2148 2015 3803 2097">
     <span class='ocr_line' id='line_1_49' title="bbox 2148 2015 3803 2097; baseline -0.001 -23"><span class='ocrx_word' id='word_1_353' title='bbox 2148 2041 2280 2076; x_wconf 88' lang='grc' dir='ltr'>νασα</span> <span class='ocrx_word' id='word_1_354' title='bbox 2307 2066 2326 2096; x_wconf 87' lang='grc'><strong>,</strong></span> <span class='ocrx_word' id='word_1_355' title='bbox 2412 2031 2699 2096; x_wconf 80' lang='grc' dir='ltr'>πατρικαῖς</span> <span class='ocrx_word' id='word_1_356' title='bbox 2784 2019 2938 2095; x_wconf 85' lang='grc' dir='ltr'>χερσὶ</span> <span class='ocrx_word' id='word_1_357' title='bbox 3021 2022 3098 2090; x_wconf 82' lang='grc' dir='ltr'>τῷ</span> <span class='ocrx_word' id='word_1_358' title='bbox 3182 2020 3426 2094; x_wconf 82' lang='grc' dir='ltr'>πατρικῷ</span> <span class='ocrx_word' id='word_1_359' title='bbox 3488 2015 3619 2097; x_wconf 75' lang='grc' dir='ltr'>ξίφει</span> <span class='ocrx_word' id='word_1_360' title='bbox 3701 2018 3803 2086; x_wconf 75' lang='grc' dir='ltr'>τὴν</span> 
     </span>
    </p>
   </div>
   <div class='ocr_carea' id='block_1_50' title="bbox 2145 2105 3806 2188">
    <p class='ocr_par' dir='ltr' id='par_1_50' title="bbox 2145 2105 3806 2188">
     <span class='ocr_line' id='line_1_50' title="bbox 2145 2105 3806 2188; baseline -0.001 -22"><span class='ocrx_word' id='word_1_361' title='bbox 2145 2109 2420 2166; x_wconf 83' lang='grc' dir='ltr'>τελείωσιν</span> <span class='ocrx_word' id='word_1_362' title='bbox 2503 2107 2746 2188; x_wconf 83' lang='grc' dir='ltr'>δέχεται,</span> <span class='ocrx_word' id='word_1_363' title='bbox 2830 2107 3034 2184; x_wconf 77' lang='grc' dir='ltr'>καρπὸς</span> <span class='ocrx_word' id='word_1_364' title='bbox 3119 2105 3318 2184; x_wconf 79' lang='grc' dir='ltr'>ἀγαθὸς</span> <span class='ocrx_word' id='word_1_365' title='bbox 3419 2105 3482 2163; x_wconf 74' lang='grc' dir='ltr'>ὶκ</span> <span class='ocrx_word' id='word_1_366' title='bbox 3565 2115 3806 2187; x_wconf 84' lang='grc' dir='ltr'>πονηροῦ</span> 
     </span>
    </p>
   </div>
   <div class='ocr_carea' id='block_1_51' title="bbox 2149 2195 3808 2278">
    <p class='ocr_par' dir='ltr' id='par_1_51' title="bbox 2149 2195 3808 2278">
     <span class='ocr_line' id='line_1_51' title="bbox 2149 2195 3808 2278; baseline -0.001 -22"><span class='ocrx_word' id='word_1_367' title='bbox 2149 2198 2355 2274; x_wconf 79' lang='grc' dir='ltr'>δένδρου</span> <span class='ocrx_word' id='word_1_368' title='bbox 2459 2195 2767 2278; x_wconf 80' lang='grc' dir='ltr'>παραδόξως</span> <span class='ocrx_word' id='word_1_369' title='bbox 2873 2196 3202 2276; x_wconf 76' lang='grc' dir='ltr'>ἀναφανεῖσα</span> <span class='ocrx_word' id='word_1_370' title='bbox 3235 2243 3250 2274; x_wconf 88' lang='grc'><strong>,</strong></span> <span class='ocrx_word' id='word_1_371' title='bbox 3338 2195 3428 2252; x_wconf 79' lang='grc' dir='ltr'>καὶ</span> <span class='ocrx_word' id='word_1_372' title='bbox 3510 2195 3808 2267; x_wconf 82' lang='grc' dir='ltr'>Ἰουλιανῆς</span> 
     </span>
    </p>
   </div>
   <div class='ocr_carea' id='block_1_52' title="bbox 2152 2286 3806 2367">
    <p class='ocr_par' dir='ltr' id='par_1_52' title="bbox 2152 2286 3806 2367">
     <span class='ocr_line' id='line_1_52' title="bbox 2152 2286 3806 2367; baseline 0 -21"><span class='ocrx_word' id='word_1_373' title='bbox 2152 2291 2284 2367; x_wconf 76' lang='grc' dir='ltr'>αὐτῇ</span> <span class='ocrx_word' id='word_1_374' title='bbox 2324 2289 2456 2367; x_wconf 89' lang='grc' dir='ltr'>πρός</span> <span class='ocrx_word' id='word_1_375' title='bbox 2485 2311 2536 2345; x_wconf 84' lang='grc' dir='ltr'><strong>τι</strong></span> <span class='ocrx_word' id='word_1_376' title='bbox 2594 2310 2649 2351; x_wconf 86' lang='grc' dir='ltr'><strong>ος</strong></span> <span class='ocrx_word' id='word_1_377' title='bbox 2680 2291 2787 2344; x_wconf 84' lang='grc' dir='ltr'><strong>τῶν</strong></span> <span class='ocrx_word' id='word_1_378' title='bbox 2840 2287 3021 2342; x_wconf 67' lang='grc' dir='ltr'>ὶκεῖσε</span> <span class='ocrx_word' id='word_1_379' title='bbox 3069 2288 3411 2364; x_wconf 82' lang='grc' dir='ltr'>στρατιωτῶν</span> <span class='ocrx_word' id='word_1_380' title='bbox 3443 2286 3650 2362; x_wconf 80' lang='grc' dir='ltr'>σύναμα</span> <span class='ocrx_word' id='word_1_381' title='bbox 3706 2310 3806 2346; x_wconf 83' lang='grc' dir='ltr'>τε-</span> 
     </span>
    </p>
   </div>
   <div class='ocr_carea' id='block_1_53' title="bbox 2151 2374 3810 2453">
    <p class='ocr_par' dir='ltr' id='par_1_53' title="bbox 2151 2374 3810 2453">
     <span class='ocr_line' id='line_1_53' title="bbox 2151 2374 3810 2453; baseline -0.001 -17"><span class='ocrx_word' id='word_1_382' title='bbox 2151 2377 2484 2446; x_wconf 83' lang='grc' dir='ltr'>λειωθείσης.</span> <span class='ocrx_word' id='word_1_383' title='bbox 2517 2375 2605 2436; x_wconf 85' lang='grc' dir='ltr'><strong>Ἐν</strong></span> <span class='ocrx_word' id='word_1_384' title='bbox 2665 2379 2710 2432; x_wconf 84' lang='grc' dir='ltr'>ὦ</span> <span class='ocrx_word' id='word_1_385' title='bbox 2741 2376 2793 2432; x_wconf 73' lang='grc' dir='ltr'><strong>δὲ</strong></span> <span class='ocrx_word' id='word_1_386' title='bbox 2826 2381 2988 2432; x_wconf 81' lang='grc' dir='ltr'>ταῦτα</span> <span class='ocrx_word' id='word_1_387' title='bbox 3034 2374 3217 2453; x_wconf 85' lang='grc' dir='ltr'>γέγονε</span> <span class='ocrx_word' id='word_1_388' title='bbox 3250 2375 3337 2431; x_wconf 76' lang='grc' dir='ltr'><strong>καὶ</strong></span> <span class='ocrx_word' id='word_1_389' title='bbox 3366 2377 3458 2432; x_wconf 81' lang='grc' dir='ltr'>τὸν</span> <span class='ocrx_word' id='word_1_390' title='bbox 3488 2375 3656 2445; x_wconf 74' lang='grc' dir='ltr'>ἀσεϐῆ</span> <span class='ocrx_word' id='word_1_391' title='bbox 3693 2401 3810 2435; x_wconf 89' lang='grc' dir='ltr'>πα-</span> 
     </span>
    </p>
   </div>
   <div class='ocr_carea' id='block_1_54' title="bbox 2149 2462 3808 2549">
    <p class='ocr_par' dir='ltr' id='par_1_54' title="bbox 2149 2462 3808 2549">
     <span class='ocr_line' id='line_1_54' title="bbox 2149 2462 3808 2549; baseline -0.001 -22"><span class='ocrx_word' id='word_1_392' title='bbox 2149 2470 2272 2549; x_wconf 84' lang='grc' dir='ltr'>τέρα</span> <span class='ocrx_word' id='word_1_393' title='bbox 2315 2471 2349 2538; x_wconf 79' lang='grc' dir='ltr'>ἡ</span> <span class='ocrx_word' id='word_1_394' title='bbox 2379 2473 2490 2526; x_wconf 84' lang='grc' dir='ltr'>θεία</span> <span class='ocrx_word' id='word_1_395' title='bbox 2521 2467 2723 2545; x_wconf 79' lang='grc' dir='ltr'>μέτεισι</span> <span class='ocrx_word' id='word_1_396' title='bbox 2755 2465 2899 2540; x_wconf 81' lang='grc' dir='ltr'>δίκη,</span> <span class='ocrx_word' id='word_1_397' title='bbox 2935 2462 3072 2540; x_wconf 78' lang='grc' dir='ltr'>μηδὲ</span> <span class='ocrx_word' id='word_1_398' title='bbox 3133 2466 3311 2545; x_wconf 77' lang='grc' dir='ltr'>βραχύ</span> <span class='ocrx_word' id='word_1_399' title='bbox 3341 2466 3442 2534; x_wconf 76' lang='grc' dir='ltr'><strong>τῆς</strong></span> <span class='ocrx_word' id='word_1_400' title='bbox 3473 2466 3808 2544; x_wconf 86' lang='grc' dir='ltr'>ἀγαθότητος</span> 
     </span>
    </p>
   </div>
   <div class='ocr_carea' id='block_1_55' title="bbox 2149 2555 3810 2638">
    <p class='ocr_par' dir='ltr' id='par_1_55' title="bbox 2149 2555 3810 2638">
     <span class='ocr_line' id='line_1_55' title="bbox 2149 2555 3810 2638; baseline -0.001 -22"><span class='ocrx_word' id='word_1_401' title='bbox 2149 2560 2366 2618; x_wconf 80' lang='grc' dir='ltr'>ἐνταῦθα</span> <span class='ocrx_word' id='word_1_402' title='bbox 2436 2558 2818 2638; x_wconf 84' lang='grc' dir='ltr'>περιμεινάσης</span> <span class='ocrx_word' id='word_1_403' title='bbox 2887 2555 2970 2612; x_wconf 78' lang='grc' dir='ltr'>διὰ</span> <span class='ocrx_word' id='word_1_404' title='bbox 3033 2555 3219 2619; x_wconf 84' lang='grc' dir='ltr'>κακίας</span> <span class='ocrx_word' id='word_1_405' title='bbox 3291 2577 3504 2619; x_wconf 76' lang='grc' dir='ltr'>παντως</span> <span class='ocrx_word' id='word_1_406' title='bbox 3574 2556 3810 2637; x_wconf 79' lang='grc' dir='ltr'>ὑπερϐο-</span> 
     </span>
    </p>
   </div>
   <div class='ocr_carea' id='block_1_56' title="bbox 2147 2642 3811 2724">
    <p class='ocr_par' dir='ltr' id='par_1_56' title="bbox 2147 2642 3811 2724">
     <span class='ocr_line' id='line_1_56' title="bbox 2147 2642 3811 2724; baseline 0.001 -20"><span class='ocrx_word' id='word_1_407' title='bbox 2147 2647 2250 2717; x_wconf 80' lang='grc' dir='ltr'><strong>λὴν</strong></span> <span class='ocrx_word' id='word_1_408' title='bbox 2302 2649 2390 2705; x_wconf 83' lang='grc' dir='ltr'><strong>καὶ</strong></span> <span class='ocrx_word' id='word_1_409' title='bbox 2448 2648 2638 2710; x_wconf 77' lang='grc' dir='ltr'>ἰάσεως</span> <span class='ocrx_word' id='word_1_410' title='bbox 2683 2646 3062 2724; x_wconf 85' lang='grc' dir='ltr'>ἀπαγόρευσιν.</span> <span class='ocrx_word' id='word_1_411' title='bbox 3115 2642 3382 2701; x_wconf 86' lang='grc' dir='ltr'>Ἐπανιὼν</span> <span class='ocrx_word' id='word_1_412' title='bbox 3438 2645 3539 2723; x_wconf 76' lang='grc' dir='ltr'><strong>γὰρ</strong></span> <span class='ocrx_word' id='word_1_413' title='bbox 3569 2646 3676 2703; x_wconf 81' lang='grc' dir='ltr'>ἀπὸ</span> <span class='ocrx_word' id='word_1_414' title='bbox 3715 2656 3811 2707; x_wconf 81' lang='grc' dir='ltr'>τοῦ</span> 
     </span>
    </p>
   </div>
   <div class='ocr_carea' id='block_1_57' title="bbox 2147 2733 3802 2818">
    <p class='ocr_par' dir='ltr' id='par_1_57' title="bbox 2147 2733 3802 2818">
     <span class='ocr_line' id='line_1_57' title="bbox 2147 2733 3802 2818; baseline -0.001 -24"><span class='ocrx_word' id='word_1_415' title='bbox 2147 2737 2296 2818; x_wconf 74' lang='grc' dir='ltr'>ὅρους</span> <span class='ocrx_word' id='word_1_416' title='bbox 2329 2784 2348 2811; x_wconf 84' lang='lat'><strong>,</strong></span> <span class='ocrx_word' id='word_1_417' title='bbox 2423 2744 2658 2817; x_wconf 88' lang='grc' dir='ltr'>κεραυνῷ</span> <span class='ocrx_word' id='word_1_418' title='bbox 2728 2735 2979 2812; x_wconf 79' lang='grc' dir='ltr'>βάλλεται</span> <span class='ocrx_word' id='word_1_419' title='bbox 3014 2779 3031 2807; x_wconf 87' lang='grc'><strong>,</strong></span> <span class='ocrx_word' id='word_1_420' title='bbox 3107 2737 3195 2789; x_wconf 79' lang='grc' dir='ltr'><strong>καὶ</strong></span> <span class='ocrx_word' id='word_1_421' title='bbox 3277 2733 3368 2801; x_wconf 81' lang='grc' dir='ltr'><strong>τῆς</strong></span> <span class='ocrx_word' id='word_1_422' title='bbox 3451 2740 3593 2806; x_wconf 80' lang='grc' dir='ltr'>ζωῆς</span> <span class='ocrx_word' id='word_1_423' title='bbox 3667 2735 3802 2802; x_wconf 74' lang='grc' dir='ltr'>ὅλως</span> 
     </span>
    </p>
   </div>
   <div class='ocr_carea' id='block_1_58' title="bbox 2148 2821 3799 2902">
    <p class='ocr_par' dir='ltr' id='par_1_58' title="bbox 2148 2821 3799 2902">
     <span class='ocr_line' id='line_1_58' title="bbox 2148 2821 3799 2902; baseline -0.004 -17"><span class='ocrx_word' id='word_1_424' title='bbox 2148 2826 2485 2902; x_wconf 74' lang='grc' dir='ltr'>ἓκϐάλλεται,</span> <span class='ocrx_word' id='word_1_425' title='bbox 2547 2828 2606 2884; x_wconf 73' lang='grc' dir='ltr'>οὗ</span> <span class='ocrx_word' id='word_1_426' title='bbox 2673 2831 2771 2894; x_wconf 81' lang='grc' dir='ltr'>τῆς</span> <span class='ocrx_word' id='word_1_427' title='bbox 2839 2823 3029 2892; x_wconf 78' lang='grc' dir='ltr'>ῥευσῆς</span> <span class='ocrx_word' id='word_1_428' title='bbox 3099 2821 3287 2900; x_wconf 86' lang='grc' dir='ltr'>μόνον,</span> <span class='ocrx_word' id='word_1_429' title='bbox 3345 2821 3482 2880; x_wconf 78' lang='grc' dir='ltr'><strong>ἀλλά</strong></span> <span class='ocrx_word' id='word_1_430' title='bbox 3540 2824 3632 2880; x_wconf 74' lang='grc' dir='ltr'>καὶ</span> <span class='ocrx_word' id='word_1_431' title='bbox 3699 2831 3799 2893; x_wconf 81' lang='grc' dir='ltr'>τῆς</span> 
     </span>
    </p>
   </div>
   <div class='ocr_carea' id='block_1_59' title="bbox 2149 2912 3803 2995">
    <p class='ocr_par' dir='ltr' id='par_1_59' title="bbox 2149 2912 3803 2995">
     <span class='ocr_line' id='line_1_59' title="bbox 2149 2912 3803 2995; baseline -0.001 -21"><span class='ocrx_word' id='word_1_432' title='bbox 2149 2919 2436 2995; x_wconf 68' lang='grc' dir='ltr'>μενούσης,</span> <span class='ocrx_word' id='word_1_433' title='bbox 2484 2921 2511 2974; x_wconf 81' lang='grc' dir='ltr'>ὁ</span> <span class='ocrx_word' id='word_1_434' title='bbox 2571 2915 2748 2979; x_wconf 74' lang='grc' dir='ltr'>ἅθλιος</span> <span class='ocrx_word' id='word_1_435' title='bbox 2821 2915 2988 2979; x_wconf 76' lang='grc' dir='ltr'>ὅντως</span> <span class='ocrx_word' id='word_1_436' title='bbox 3047 2915 3279 2992; x_wconf 78' lang='grc' dir='ltr'>ἐκεῖνος,</span> <span class='ocrx_word' id='word_1_437' title='bbox 3324 2915 3413 2970; x_wconf 82' lang='grc' dir='ltr'><strong>καὶ</strong></span> <span class='ocrx_word' id='word_1_438' title='bbox 3486 2912 3803 2994; x_wconf 71' lang='grc' dir='ltr'>ἀμφοτέρων</span> 
     </span>
    </p>
   </div>
   <div class='ocr_carea' id='block_1_60' title="bbox 2147 3003 3807 3084">
    <p class='ocr_par' dir='ltr' id='par_1_60' title="bbox 2147 3003 3807 3084">
     <span class='ocr_line' id='line_1_60' title="bbox 2147 3003 3807 3084; baseline -0.002 -18"><span class='ocrx_word' id='word_1_439' title='bbox 2147 3008 2380 3075; x_wconf 79' lang='grc' dir='ltr'>ἀνάξιος.</span> <span class='ocrx_word' id='word_1_440' title='bbox 2419 3007 2579 3075; x_wconf 80' lang='grc' dir='ltr'>Αιέϐη</span> <span class='ocrx_word' id='word_1_441' title='bbox 2632 3007 2684 3063; x_wconf 76' lang='grc' dir='ltr'><strong>δὲ</strong></span> <span class='ocrx_word' id='word_1_442' title='bbox 2735 3007 2823 3062; x_wconf 87' lang='grc' dir='ltr'><strong>καὶ</strong></span> <span class='ocrx_word' id='word_1_443' title='bbox 2876 3007 2947 3068; x_wconf 75' lang='grc' dir='ltr'><strong>εἰς</strong></span> <span class='ocrx_word' id='word_1_444' title='bbox 2981 3005 3072 3060; x_wconf 75' lang='grc' dir='ltr'>τὸν</span> <span class='ocrx_word' id='word_1_445' title='bbox 3120 3003 3360 3078; x_wconf 76' lang='grc' dir='ltr'>ἡγεμόνα</span> <span class='ocrx_word' id='word_1_446' title='bbox 3406 3007 3714 3084; x_wconf 74' lang='grc' dir='ltr'>Μαρκιανὸν</span> <span class='ocrx_word' id='word_1_447' title='bbox 3744 3007 3807 3063; x_wconf 75' lang='grc' dir='ltr'><strong>τὸ</strong></span> 
     </span>
    </p>
   </div>
   <div class='ocr_carea' id='block_1_61' title="bbox 2145 3092 3806 3175">
    <p class='ocr_par' dir='ltr' id='par_1_61' title="bbox 2145 3092 3806 3175">
     <span class='ocr_line' id='line_1_61' title="bbox 2145 3092 3806 3175; baseline -0.002 -19"><span class='ocrx_word' id='word_1_448' title='bbox 2145 3109 2238 3157; x_wconf 83' lang='grc' dir='ltr'>τοῦ</span> <span class='ocrx_word' id='word_1_449' title='bbox 2321 3098 2582 3166; x_wconf 74' lang='grc' dir='ltr'>θεηλάτου</span> <span class='ocrx_word' id='word_1_450' title='bbox 2664 3095 2811 3155; x_wconf 79' lang='grc' dir='ltr'>τοῦδε</span> <span class='ocrx_word' id='word_1_451' title='bbox 2915 3096 3076 3172; x_wconf 80' lang='grc' dir='ltr'>πυρὸς</span> <span class='ocrx_word' id='word_1_452' title='bbox 3163 3092 3436 3175; x_wconf 79' lang='grc' dir='ltr'>ὅρμημα,</span> <span class='ocrx_word' id='word_1_453' title='bbox 3525 3097 3806 3174; x_wconf 84' lang='grc' dir='ltr'>προοίμιον</span> 
     </span>
    </p>
   </div>
   <div class='ocr_carea' id='block_1_62' title="bbox 2147 3183 3806 3264">
    <p class='ocr_par' dir='ltr' id='par_1_62' title="bbox 2147 3183 3806 3264">
     <span class='ocr_line' id='line_1_62' title="bbox 2147 3183 3630 3246; baseline -0.004 -1"><span class='ocrx_word' id='word_1_454' title='bbox 2147 3188 2208 3246; x_wconf 68' lang='grc' dir='ltr'>δτί</span> <span class='ocrx_word' id='word_1_455' title='bbox 2442 3183 2995 3242; x_wconf 61' lang='grc' dir='ltr'><strong>⁸’”λά“ἒ</strong></span> <span class='ocrx_word' id='word_1_456' title='bbox 3128 3183 3303 3239; x_wconf 84' lang='grc' dir='ltr'><strong>”’λ</strong></span> <span class='ocrx_word' id='word_1_457' title='bbox 3503 3185 3630 3240; x_wconf 70' lang='grc' dir='ltr'><strong>’ἐ</strong></span> 
     </span>
     <span class='ocr_line' id='line_1_63' title="bbox 2202 3186 3806 3264; baseline -0.002 -18"><span class='ocrx_word' id='word_1_458' title='bbox 2202 3212 2316 3259; x_wconf 77' lang='grc' dir='ltr'>,που</span> <span class='ocrx_word' id='word_1_459' title='bbox 2372 3211 2458 3245; x_wconf 90' lang='grc' dir='ltr'><strong>και</strong></span> <span class='ocrx_word' id='word_1_460' title='bbox 2491 3211 2659 3264; x_wconf 84' lang='grc' dir='ltr'>συμοο</span> <span class='ocrx_word' id='word_1_461' title='bbox 2699 3211 2755 3244; x_wconf 85' lang='grc' dir='ltr'><strong>ον</strong></span> <span class='ocrx_word' id='word_1_462' title='bbox 2843 3191 3029 3261; x_wconf 53' lang='lat' dir='ltr'><strong>ipsum:</strong></span> <span class='ocrx_word' id='word_1_463' title='bbox 3061 3206 3154 3242; x_wconf 88' lang='grc' dir='ltr'><strong>του</strong></span> <span class='ocrx_word' id='word_1_464' title='bbox 3204 3207 3272 3239; x_wconf 92' lang='grc' dir='ltr'><strong>αυ</strong></span> <span class='ocrx_word' id='word_1_465' title='bbox 3309 3205 3368 3243; x_wconf 84' lang='grc' dir='ltr'><strong>ου</strong></span> <span class='ocrx_word' id='word_1_466' title='bbox 3397 3206 3559 3261; x_wconf 86' lang='grc' dir='ltr'>πυρος</span> <span class='ocrx_word' id='word_1_467' title='bbox 3635 3186 3806 3242; x_wconf 80' lang='grc' dir='ltr'>κείνου</span> 
     </span>
    </p>
   </div>
   <div class='ocr_carea' id='block_1_63' title="bbox 2150 3272 3801 3353">
    <p class='ocr_par' dir='ltr' id='par_1_63' title="bbox 2150 3272 3801 3353">
     <span class='ocr_line' id='line_1_64' title="bbox 2150 3272 3801 3353; baseline -0.002 -19"><span class='ocrx_word' id='word_1_468' title='bbox 2150 3281 2238 3336; x_wconf 81' lang='grc' dir='ltr'><strong>καὶ</strong></span> <span class='ocrx_word' id='word_1_469' title='bbox 2309 3279 2534 3343; x_wconf 73' lang='grc' dir='ltr'>αἶωνίως</span> <span class='ocrx_word' id='word_1_470' title='bbox 2595 3280 2751 3336; x_wconf 68' lang='grc' dir='ltr'>αὑτὸν</span> <span class='ocrx_word' id='word_1_471' title='bbox 2820 3276 3249 3353; x_wconf 75' lang='grc' dir='ltr'>τιμωρήσοντυς.</span> <span class='ocrx_word' id='word_1_472' title='bbox 3323 3273 3674 3338; x_wconf 71' lang='grc' dir='ltr'>Οὗαλεντῖνος</span> <span class='ocrx_word' id='word_1_473' title='bbox 3747 3272 3801 3330; x_wconf 84' lang='grc' dir='ltr'><strong>δέ</strong></span> 
     </span>
    </p>
   </div>
   <div class='ocr_carea' id='block_1_64' title="bbox 2151 3361 3800 3447">
    <p class='ocr_par' dir='ltr' id='par_1_64' title="bbox 2151 3361 3800 3447">
     <span class='ocr_line' id='line_1_65' title="bbox 2151 3361 3800 3447; baseline -0.004 -22"><span class='ocrx_word' id='word_1_474' title='bbox 2151 3391 2230 3434; x_wconf 83' lang='grc' dir='ltr'><strong>τις</strong></span> <span class='ocrx_word' id='word_1_475' title='bbox 2289 3368 2508 3435; x_wconf 63' lang='grc' dir='ltr'>εὐσεϐὴς</span> <span class='ocrx_word' id='word_1_476' title='bbox 2559 3370 2691 3447; x_wconf 77' lang='grc' dir='ltr'>ἀνὴρ</span> <span class='ocrx_word' id='word_1_477' title='bbox 2750 3369 2838 3422; x_wconf 85' lang='grc' dir='ltr'><strong>καὶ</strong></span> <span class='ocrx_word' id='word_1_478' title='bbox 2894 3366 3162 3446; x_wconf 70' lang='grc' dir='ltr'>φιλόθεος,</span> <span class='ocrx_word' id='word_1_479' title='bbox 3210 3361 3523 3439; x_wconf 81' lang='grc' dir='ltr'>ἀνελόμενος</span> <span class='ocrx_word' id='word_1_480' title='bbox 3571 3365 3636 3420; x_wconf 85' lang='grc' dir='ltr'><strong>τά</strong></span> <span class='ocrx_word' id='word_1_481' title='bbox 3692 3370 3800 3421; x_wconf 82' lang='grc' dir='ltr'><strong>τῶν</strong></span> 
     </span>
    </p>
   </div>
   <div class='ocr_carea' id='block_1_65' title="bbox 415 3452 2063 3542">
    <p class='ocr_par' dir='ltr' id='par_1_65' title="bbox 415 3456 2063 3542">
     <span class='ocr_line' id='line_1_66' title="bbox 415 3456 2063 3542; baseline 0.002 -24"><span class='ocrx_word' id='word_1_482' title='bbox 415 3456 686 3537; x_wconf 84' lang='lat' dir='ltr'><strong>ligiosus,</strong></span> <span class='ocrx_word' id='word_1_483' title='bbox 717 3478 851 3520; x_wconf 90' lang='lat' dir='ltr'><strong>cum</strong></span> <span class='ocrx_word' id='word_1_484' title='bbox 885 3471 1204 3542; x_wconf 79' lang='lat' dir='ltr'><strong>martyrum</strong></span> <span class='ocrx_word' id='word_1_485' title='bbox 1240 3479 1408 3522; x_wconf 91' lang='lat' dir='ltr'><strong>sacra</strong></span> <span class='ocrx_word' id='word_1_486' title='bbox 1436 3460 1771 3523; x_wconf 89' lang='lat' dir='ltr'><strong>sustulisset</strong></span> <span class='ocrx_word' id='word_1_487' title='bbox 1791 3479 2063 3540; x_wconf 89' lang='lat' dir='ltr'><strong>corpora,</strong></span> 
     </span>
    </p>
   </div>
   <div class='ocr_carea' id='block_1_66' title="bbox 2147 3452 3806 3542">
    <p class='ocr_par' dir='ltr' id='par_1_66' title="bbox 2151 3452 3806 3542">
     <span class='ocr_line' id='line_1_67' title="bbox 2151 3452 3806 3542; baseline -0.004 -26"><span class='ocrx_word' id='word_1_488' title='bbox 2151 3460 2427 3538; x_wconf 80' lang='grc' dir='ltr'>μαρτύρων</span> <span class='ocrx_word' id='word_1_489' title='bbox 2509 3460 2624 3537; x_wconf 75' lang='grc' dir='ltr'>ἱερὰ</span> <span class='ocrx_word' id='word_1_490' title='bbox 2709 3456 2934 3532; x_wconf 85' lang='grc' dir='ltr'>σώματα</span> <span class='ocrx_word' id='word_1_491' title='bbox 3018 3455 3105 3510; x_wconf 81' lang='grc' dir='ltr'><strong>καὶ</strong></span> <span class='ocrx_word' id='word_1_492' title='bbox 3189 3456 3377 3542; x_wconf 79' lang='grc' dir='ltr'>ἱεροῖς</span> <span class='ocrx_word' id='word_1_493' title='bbox 3419 3452 3646 3530; x_wconf 73' lang='grc' dir='ltr'>ᾅσμασιν</span> <span class='ocrx_word' id='word_1_494' title='bbox 3701 3455 3806 3542; x_wconf 10' lang='grc' dir='ltr'>,ὡς</span> 
     </span>
    </p>
   </div>
   <div class='ocr_carea' id='block_1_67' title="bbox 417 3541 2063 3632">
    <p class='ocr_par' dir='ltr' id='par_1_67' title="bbox 417 3547 2063 3632">
     <span class='ocr_line' id='line_1_68' title="bbox 417 3547 2063 3632; baseline 0.003 -25"><span class='ocrx_word' id='word_1_495' title='bbox 417 3555 474 3607; x_wconf 91' lang='lat' dir='ltr'><strong>et</strong></span> <span class='ocrx_word' id='word_1_496' title='bbox 506 3547 797 3622; x_wconf 76' lang='lat' dir='ltr'><strong>sacris,ut</strong></span> <span class='ocrx_word' id='word_1_497' title='bbox 818 3549 1151 3632; x_wconf 72' lang='lat' dir='ltr'><strong>oportebat,</strong></span> <span class='ocrx_word' id='word_1_498' title='bbox 1182 3551 1536 3612; x_wconf 89' lang='lat' dir='ltr'><strong>honorasset</strong></span> <span class='ocrx_word' id='word_1_499' title='bbox 1565 3550 1838 3632; x_wconf 84' lang='lat' dir='ltr'><strong>canticis,</strong></span> <span class='ocrx_word' id='word_1_500' title='bbox 1873 3570 1942 3612; x_wconf 91' lang='lat' dir='ltr'><strong>ea</strong></span> <span class='ocrx_word' id='word_1_501' title='bbox 1973 3553 2063 3632; x_wconf 90' lang='lat' dir='ltr'><strong>pie</strong></span> 
     </span>
    </p>
   </div>
   <div class='ocr_carea' id='block_1_68' title="bbox 2147 3541 3806 3632">
    <p class='ocr_par' dir='ltr' id='par_1_68' title="bbox 2151 3541 3806 3627">
     <span class='ocr_line' id='line_1_69' title="bbox 2151 3541 3806 3627; baseline -0.002 -24"><span class='ocrx_word' id='word_1_502' title='bbox 2151 3546 2251 3604; x_wconf 73' lang='grc' dir='ltr'>ἔδει</span> <span class='ocrx_word' id='word_1_503' title='bbox 2311 3549 2568 3627; x_wconf 78' lang='grc' dir='ltr'>τιμήσας,</span> <span class='ocrx_word' id='word_1_504' title='bbox 2617 3547 2671 3602; x_wconf 80' lang='grc' dir='ltr'>ἐν</span> <span class='ocrx_word' id='word_1_505' title='bbox 2730 3546 2917 3627; x_wconf 79' lang='grc' dir='ltr'>χωρίῳ</span> <span class='ocrx_word' id='word_1_506' title='bbox 2974 3542 3240 3600; x_wconf 82' lang='grc' dir='ltr'>Γελασσὸν</span> <span class='ocrx_word' id='word_1_507' title='bbox 3299 3541 3633 3620; x_wconf 78' lang='grc' dir='ltr'>καλουμένῳ,</span> <span class='ocrx_word' id='word_1_508' title='bbox 3693 3541 3806 3599; x_wconf 84' lang='grc' dir='ltr'><strong>δώ-</strong></span> 
     </span>
    </p>
   </div>
   <div class='ocr_carea' id='block_1_69' title="bbox 415 3633 2063 3719">
    <p class='ocr_par' dir='ltr' id='par_1_69' title="bbox 415 3637 2063 3719">
     <span class='ocr_line' id='line_1_70' title="bbox 415 3637 2063 3719; baseline 0.004 -22"><span class='ocrx_word' id='word_1_509' title='bbox 415 3644 472 3697; x_wconf 91' lang='lat' dir='ltr'><strong>et</strong></span> <span class='ocrx_word' id='word_1_510' title='bbox 503 3637 830 3700; x_wconf 82' lang='lat' dir='ltr'><strong>honorifice</strong></span> <span class='ocrx_word' id='word_1_511' title='bbox 846 3639 1094 3719; x_wconf 89' lang='lat' dir='ltr'><strong>deponit</strong></span> <span class='ocrx_word' id='word_1_512' title='bbox 1122 3641 1182 3700; x_wconf 91' lang='lat' dir='ltr'><strong>in</strong></span> <span class='ocrx_word' id='word_1_513' title='bbox 1215 3639 1370 3715; x_wconf 92' lang='lat' dir='ltr'><strong>loco,</strong></span> <span class='ocrx_word' id='word_1_514' title='bbox 1393 3640 1494 3718; x_wconf 91' lang='lat' dir='ltr'><strong>qui</strong></span> <span class='ocrx_word' id='word_1_515' title='bbox 1519 3640 1740 3702; x_wconf 86' lang='lat' dir='ltr'><strong>dicitur</strong></span> <span class='ocrx_word' id='word_1_516' title='bbox 1761 3639 2063 3716; x_wconf 85' lang='lat' dir='ltr'><strong>Gelassus,</strong></span> 
     </span>
    </p>
   </div>
   <div class='ocr_carea' id='block_1_70' title="bbox 2147 3633 3811 3719">
    <p class='ocr_par' dir='ltr' id='par_1_70' title="bbox 2154 3633 3811 3717">
     <span class='ocr_line' id='line_1_71' title="bbox 2154 3633 3811 3717; baseline -0.002 -24"><span class='ocrx_word' id='word_1_517' title='bbox 2154 3636 2275 3694; x_wconf 81' lang='grc' dir='ltr'>δεκα</span> <span class='ocrx_word' id='word_1_518' title='bbox 2349 3638 2546 3713; x_wconf 74' lang='grc' dir='ltr'>μιλὶοις</span> <span class='ocrx_word' id='word_1_519' title='bbox 2614 3638 2904 3717; x_wconf 70' lang='grc' dir='ltr'>Εὺχαϊτῶν</span> <span class='ocrx_word' id='word_1_520' title='bbox 2978 3633 3265 3714; x_wconf 73' lang='grc' dir='ltr'>ἀπέχοντι,</span> <span class='ocrx_word' id='word_1_521' title='bbox 3311 3640 3520 3709; x_wconf 85' lang='grc' dir='ltr'>σεμνῶς</span> <span class='ocrx_word' id='word_1_522' title='bbox 3589 3655 3650 3690; x_wconf 85' lang='grc' dir='ltr'><strong>τε</strong></span> <span class='ocrx_word' id='word_1_523' title='bbox 3718 3634 3811 3690; x_wconf 84' lang='grc' dir='ltr'>καὶ</span> 
     </span>
    </p>
   </div>
   <div class='ocr_carea' id='block_1_71' title="bbox 416 3722 2063 3808">
    <p class='ocr_par' dir='ltr' id='par_1_71' title="bbox 416 3725 2058 3806">
     <span class='ocr_line' id='line_1_72' title="bbox 416 3725 2058 3806; baseline 0.004 -21"><span class='ocrx_word' id='word_1_524' title='bbox 416 3725 518 3806; x_wconf 91' lang='lat' dir='ltr'><strong>qui</strong></span> <span class='ocrx_word' id='word_1_525' title='bbox 575 3725 742 3787; x_wconf 89' lang='lat' dir='ltr'><strong>abest</strong></span> <span class='ocrx_word' id='word_1_526' title='bbox 792 3727 1113 3789; x_wconf 90' lang='lat' dir='ltr'><strong>duodecim</strong></span> <span class='ocrx_word' id='word_1_527' title='bbox 1181 3728 1536 3790; x_wconf 89' lang='lat' dir='ltr'><strong>milliaribus</strong></span> <span class='ocrx_word' id='word_1_528' title='bbox 1597 3729 1668 3790; x_wconf 91' lang='lat' dir='ltr'><strong>ab</strong></span> <span class='ocrx_word' id='word_1_529' title='bbox 1728 3729 2058 3806; x_wconf 81' lang='lat' dir='ltr'><strong>Euchaitis,</strong></span> 
     </span>
    </p>
   </div>
   <div class='ocr_carea' id='block_1_72' title="bbox 2147 3722 3810 3808">
    <p class='ocr_par' dir='ltr' id='par_1_72' title="bbox 2148 3722 3810 3808">
     <span class='ocr_line' id='line_1_73' title="bbox 2148 3722 3810 3808; baseline -0.003 -24"><span class='ocrx_word' id='word_1_530' title='bbox 2148 3728 2405 3808; x_wconf 74' lang='grc' dir='ltr'>θεοφιλῶς</span> <span class='ocrx_word' id='word_1_531' title='bbox 2459 3732 2795 3801; x_wconf 64' lang='grc' dir='ltr'>κατατίθησι,</span> <span class='ocrx_word' id='word_1_532' title='bbox 2850 3727 3019 3782; x_wconf 84' lang='grc' dir='ltr'>νόσων</span> <span class='ocrx_word' id='word_1_533' title='bbox 3074 3722 3238 3799; x_wconf 76' lang='grc' dir='ltr'>ἴαμα,</span> <span class='ocrx_word' id='word_1_534' title='bbox 3288 3727 3485 3803; x_wconf 78' lang='grc' dir='ltr'>ψυχῶν</span> <span class='ocrx_word' id='word_1_535' title='bbox 3537 3723 3810 3802; x_wconf 84' lang='grc' dir='ltr'>ἀγαλλία-</span> 
     </span>
    </p>
   </div>
   <div class='ocr_carea' id='block_1_73' title="bbox 415 3811 2063 3899">
    <p class='ocr_par' dir='ltr' id='par_1_73' title="bbox 415 3814 2060 3897">
     <span class='ocr_line' id='line_1_74' title="bbox 415 3814 2060 3897; baseline 0.002 -21"><span class='ocrx_word' id='word_1_536' title='bbox 415 3814 759 3878; x_wconf 87' lang='lat' dir='ltr'><strong>morborum</strong></span> <span class='ocrx_word' id='word_1_537' title='bbox 818 3818 1134 3894; x_wconf 88' lang='lat' dir='ltr'><strong>medelam,</strong></span> <span class='ocrx_word' id='word_1_538' title='bbox 1183 3819 1515 3880; x_wconf 87' lang='lat' dir='ltr'><strong>animarum</strong></span> <span class='ocrx_word' id='word_1_539' title='bbox 1577 3820 2060 3897; x_wconf 85' lang='lat' dir='ltr'><strong>exsultationem,</strong></span> 
     </span>
    </p>
   </div>
   <div class='ocr_carea' id='block_1_74' title="bbox 2147 3811 3800 3899">
    <p class='ocr_par' dir='ltr' id='par_1_74' title="bbox 2148 3811 3800 3899">
     <span class='ocr_line' id='line_1_75' title="bbox 2148 3811 3800 3899; baseline -0.001 -25"><span class='ocrx_word' id='word_1_540' title='bbox 2148 3842 2244 3894; x_wconf 87' lang='grc' dir='ltr'><strong>μα,</strong></span> <span class='ocrx_word' id='word_1_541' title='bbox 2310 3817 2566 3899; x_wconf 70' lang='grc' dir='ltr'>φιλοθέων</span> <span class='ocrx_word' id='word_1_542' title='bbox 2623 3817 2822 3897; x_wconf 78' lang='grc' dir='ltr'>ἀνδρῶν</span> <span class='ocrx_word' id='word_1_543' title='bbox 2887 3814 3194 3893; x_wconf 72' lang='grc' dir='ltr'>ἐντρυφημα</span> <span class='ocrx_word' id='word_1_544' title='bbox 3263 3811 3655 3895; x_wconf 77' lang='grc' dir='ltr'>πολυέρασκον,</span> <span class='ocrx_word' id='word_1_545' title='bbox 3721 3819 3800 3880; x_wconf 72' lang='grc' dir='ltr'><strong>εἰς</strong></span> 
     </span>
    </p>
   </div>
   <div class='ocr_carea' id='block_1_75' title="bbox 417 3903 2063 3989">
    <p class='ocr_par' dir='ltr' id='par_1_75' title="bbox 417 3904 2063 3989">
     <span class='ocr_line' id='line_1_76' title="bbox 417 3904 2063 3989; baseline 0.004 -24"><span class='ocrx_word' id='word_1_546' title='bbox 417 3904 647 3985; x_wconf 91' lang='lat' dir='ltr'><strong>piorum</strong></span> <span class='ocrx_word' id='word_1_547' title='bbox 699 3911 954 3969; x_wconf 84' lang='lat' dir='ltr'><strong>virorum</strong></span> <span class='ocrx_word' id='word_1_548' title='bbox 998 3909 1311 3970; x_wconf 83' lang='lat' dir='ltr'><strong>amabilem</strong></span> <span class='ocrx_word' id='word_1_549' title='bbox 1334 3908 1920 3972; x_wconf 86' lang='lat' dir='ltr'><strong>delectationem.Ad</strong></span> <span class='ocrx_word' id='word_1_550' title='bbox 1941 3909 2063 3989; x_wconf 82' lang='lat' dir='ltr'><strong>glo-</strong></span> 
     </span>
    </p>
   </div>
   <div class='ocr_carea' id='block_1_76' title="bbox 2147 3903 3808 3989">
    <p class='ocr_par' dir='ltr' id='par_1_76' title="bbox 2147 3903 3808 3989">
     <span class='ocr_line' id='line_1_77' title="bbox 2147 3903 3808 3989; baseline -0.001 -26"><span class='ocrx_word' id='word_1_551' title='bbox 2147 3908 2296 3974; x_wconf 77' lang='grc' dir='ltr'>δόξαν</span> <span class='ocrx_word' id='word_1_552' title='bbox 2354 3916 2580 3989; x_wconf 81' lang='grc' dir='ltr'>Χριστοῦ</span> <span class='ocrx_word' id='word_1_553' title='bbox 2641 3916 2732 3967; x_wconf 83' lang='grc' dir='ltr'><strong>τοῦ</strong></span> <span class='ocrx_word' id='word_1_554' title='bbox 2789 3906 3039 3974; x_wconf 69' lang='grc' dir='ltr'>ἀληθινοῦ</span> <span class='ocrx_word' id='word_1_555' title='bbox 3099 3909 3233 3960; x_wconf 76' lang='grc' dir='ltr'>Θεοῦ</span> <span class='ocrx_word' id='word_1_556' title='bbox 3289 3905 3443 3980; x_wconf 79' lang='grc' dir='ltr'>ἡμῶν</span> <span class='ocrx_word' id='word_1_557' title='bbox 3513 3907 3560 3979; x_wconf 82' lang='grc' dir='ltr'>ᾧ</span> <span class='ocrx_word' id='word_1_558' title='bbox 3614 3903 3808 3978; x_wconf 80' lang='grc' dir='ltr'>πρέπει</span> 
     </span>
    </p>
   </div>
   <div class='ocr_carea' id='block_1_77' title="bbox 413 3992 2063 4082">
    <p class='ocr_par' dir='ltr' id='par_1_77' title="bbox 413 3995 2058 4082">
     <span class='ocr_line' id='line_1_78' title="bbox 413 3995 2058 4082; baseline 0.004 -27"><span class='ocrx_word' id='word_1_559' title='bbox 413 3995 562 4056; x_wconf 88' lang='lat' dir='ltr'><strong>riam</strong></span> <span class='ocrx_word' id='word_1_560' title='bbox 619 3997 841 4060; x_wconf 87' lang='lat' dir='ltr'><strong>Christi</strong></span> <span class='ocrx_word' id='word_1_561' title='bbox 873 3998 993 4059; x_wconf 86' lang='lat' dir='ltr'><strong>veri</strong></span> <span class='ocrx_word' id='word_1_562' title='bbox 1031 3999 1134 4062; x_wconf 89' lang='lat' dir='ltr'><strong>Dei</strong></span> <span class='ocrx_word' id='word_1_563' title='bbox 1163 3999 1374 4072; x_wconf 89' lang='lat' dir='ltr'><strong>nostri,</strong></span> <span class='ocrx_word' id='word_1_564' title='bbox 1409 4018 1584 4080; x_wconf 90' lang='lat' dir='ltr'><strong>quem</strong></span> <span class='ocrx_word' id='word_1_565' title='bbox 1620 3998 1795 4062; x_wconf 88' lang='lat' dir='ltr'><strong>decet</strong></span> <span class='ocrx_word' id='word_1_566' title='bbox 1848 4001 2058 4082; x_wconf 92' lang='lat' dir='ltr'><strong>honor,</strong></span> 
     </span>
    </p>
   </div>
   <div class='ocr_carea' id='block_1_78' title="bbox 2147 3992 3809 4082">
    <p class='ocr_par' dir='ltr' id='par_1_78' title="bbox 2147 3992 3809 4079">
     <span class='ocr_line' id='line_1_79' title="bbox 2147 3992 3809 4079; baseline -0.004 -22"><span class='ocrx_word' id='word_1_567' title='bbox 2147 4022 2304 4076; x_wconf 84' lang='grc' dir='ltr'>τιμη,</span> <span class='ocrx_word' id='word_1_568' title='bbox 2363 4000 2581 4079; x_wconf 65' lang='grc' dir='ltr'>κράτος,</span> <span class='ocrx_word' id='word_1_569' title='bbox 2659 3996 3012 4078; x_wconf 72' lang='grc' dir='ltr'>μεγαλωσύνη</span> <span class='ocrx_word' id='word_1_570' title='bbox 3074 4013 3129 4049; x_wconf 85' lang='grc' dir='ltr'><strong>τε</strong></span> <span class='ocrx_word' id='word_1_571' title='bbox 3193 3992 3291 4050; x_wconf 80' lang='grc' dir='ltr'>καί</span> <span class='ocrx_word' id='word_1_572' title='bbox 3363 3994 3809 4073; x_wconf 78' lang='grc' dir='ltr'>μεγαλοπρέπεια</span> 
     </span>
    </p>
   </div>
   <div class='ocr_carea' id='block_1_79' title="bbox 411 4084 2063 4170">
    <p class='ocr_par' dir='ltr' id='par_1_79' title="bbox 411 4087 2060 4170">
     <span class='ocr_line' id='line_1_80' title="bbox 411 4087 2060 4170; baseline 0.004 -24"><span class='ocrx_word' id='word_1_573' title='bbox 411 4087 694 4165; x_wconf 84' lang='lat' dir='ltr'><strong>potentia,</strong></span> <span class='ocrx_word' id='word_1_574' title='bbox 730 4089 1007 4170; x_wconf 85' lang='lat' dir='ltr'><strong>majestas</strong></span> <span class='ocrx_word' id='word_1_575' title='bbox 1048 4096 1105 4151; x_wconf 88' lang='lat' dir='ltr'><strong>et</strong></span> <span class='ocrx_word' id='word_1_576' title='bbox 1134 4089 1590 4170; x_wconf 79' lang='lat' dir='ltr'><strong>magniﬁcentia,</strong></span> <span class='ocrx_word' id='word_1_577' title='bbox 1629 4109 1786 4153; x_wconf 92' lang='lat' dir='ltr'><strong>nunc</strong></span> <span class='ocrx_word' id='word_1_578' title='bbox 1820 4097 1875 4153; x_wconf 88' lang='lat' dir='ltr'><strong>et</strong></span> <span class='ocrx_word' id='word_1_579' title='bbox 1908 4109 2060 4153; x_wconf 89' lang='lat' dir='ltr'><strong>sem-</strong></span> 
     </span>
    </p>
   </div>
   <div class='ocr_carea' id='block_1_80' title="bbox 2147 4084 3806 4170">
    <p class='ocr_par' dir='ltr' id='par_1_80' title="bbox 2147 4084 3806 4151">
     <span class='ocr_line' id='line_1_81' title="bbox 2147 4084 3806 4151; baseline -0.003 -3"><span class='ocrx_word' id='word_1_580' title='bbox 2147 4098 2229 4147; x_wconf 79' lang='grc' dir='ltr'>νῦν</span> <span class='ocrx_word' id='word_1_581' title='bbox 2298 4092 2386 4148; x_wconf 83' lang='grc' dir='ltr'>καὶ</span> <span class='ocrx_word' id='word_1_582' title='bbox 2443 4091 2520 4147; x_wconf 80' lang='grc' dir='ltr'><strong>ἀεὶ</strong></span> <span class='ocrx_word' id='word_1_583' title='bbox 2591 4090 2678 4146; x_wconf 77' lang='grc' dir='ltr'>καὶ</span> <span class='ocrx_word' id='word_1_584' title='bbox 2748 4090 2821 4151; x_wconf 81' lang='grc' dir='ltr'><strong>είς</strong></span> <span class='ocrx_word' id='word_1_585' title='bbox 2898 4086 3020 4149; x_wconf 82' lang='grc' dir='ltr'>τοὺς</span> <span class='ocrx_word' id='word_1_586' title='bbox 3089 4084 3283 4148; x_wconf 72' lang='grc' dir='ltr'>αἰῶνας</span> <span class='ocrx_word' id='word_1_587' title='bbox 3360 4092 3468 4142; x_wconf 84' lang='grc' dir='ltr'><strong>τῶν</strong></span> <span class='ocrx_word' id='word_1_588' title='bbox 3557 4086 3806 4149; x_wconf 81' lang='grc' dir='ltr'>αἰώνων.</span> 
     </span>
    </p>
   </div>
   <div class='ocr_carea' id='block_1_81' title="bbox 393 4179 2347 4256">
    <p class='ocr_par' dir='ltr' id='par_1_81' title="bbox 393 4179 2347 4256">
     <span class='ocr_line' id='line_1_82' title="bbox 393 4179 2347 4256; baseline 0.001 -17"><span class='ocrx_word' id='word_1_589' title='bbox 393 4191 527 4254; x_wconf 90' lang='lat' dir='ltr'><strong>per,</strong></span> <span class='ocrx_word' id='word_1_590' title='bbox 564 4182 702 4241; x_wconf 87' lang='lat' dir='ltr'><strong>etin</strong></span> <span class='ocrx_word' id='word_1_591' title='bbox 734 4179 951 4243; x_wconf 65' lang='lat' dir='ltr'><strong>saecula</strong></span> <span class='ocrx_word' id='word_1_592' title='bbox 982 4179 1372 4242; x_wconf 84' lang='lat' dir='ltr'><strong>saeculorum.</strong></span> <span class='ocrx_word' id='word_1_593' title='bbox 1411 4183 1624 4243; x_wconf 84' lang='lat' dir='ltr'><strong>Amen.</strong></span> <span class='ocrx_word' id='word_1_594' title='bbox 2141 4180 2347 4256; x_wconf 82' lang='grc' dir='ltr'>Ἀμήν.</span> 
     </span>
    </p>
   </div>
  </div>
