4136 6432
330 427 452 497 317

1695 424 1887 493 VITA
1929 423 1992 491 S.
2037 420 2372 492 NIGOLAI.

3612 392 3730 496 318

331 584 3720 617 ww“

1452 732 1708 820 ΒΙοΣ
1810 732 1999 819 ΚΑΙ
2096 732 2639 821 ΠΟΛΙΤΕΙΑ

863 919 981 971 ΚΑΙ
1022 914 1276 971 MEPIKE
1319 916 1692 971 GAI‘MATQN
1738 916 2027 971 AIHI‘HZIJ

2112 919 2240 971 ΤΟΥ
2282 918 2727 989 ΕΙῨΘᾹΥΜΑΣΙ
2774 918 3204 975 ΠΕΡΙΩΝΥΜΟΥ

1577 1111 2509 1244 ΝΙΚΟΛΑΟΥ

1171 1375 1713 1431 ΔΡΧΙΕΠΙΣΚΟΠΟΥ
1759 1375 1985 1427 ΜΥΡΩΝ

2050 1367 2207 1428 ΤΗΣ
2228 1372 2484 1427 ΔΥΚΙΩΝ
2532 1373 2890 1431 ΕΠΑΡΧΙΑΣ.

1369 1676 1634 1765 VITA
1700 1678 1839 1764 ET
1908 1676 2695 1768 CONVERSATIO

752 1850 852 1917 ET
895 1851 1344 1923 SINGULARIS
1382 1854 1940 1924 MIBACULOBUM
1981 1854 2375 1924 NARRATIO
2416 1852 2826 1922 MIRACULIS
2871 1850 3303 1920 CLARISSIMI

1634 2061 2428 2213 NICOLAI

1225 2329 1728 2392 ARCHIEPISCOPI
1769 2332 1972 2393 MYRA'}
2001 2331 2069 2390 IN
2107 2330 2435 2391 EPARCHIA
2472 2330 2824 2391 LYCIORUM.

893 2501 1097 2575 (Latine
1132 2517 1214 2574 ap.
1247 2500 1455 2561 Surium
1493 2504 1556 2561 ad
1589 2502 1724 2562 diem
1762 2503 1798 2561 6
1836 2504 1962 2562 Dec.
2000 2523 2015 2572 ;
2062 2503 2237 2561 Graece
2275 2521 2336 2562 ex
2372 2503 2484 2561 cod.
2526 2519 2625 2562 ms.
2666 2502 2878 2562 Coislin.
2921 2521 2975 2564 ο.
3015 2505 3165 2576 N7.)

396 2814 801 2872 ΠΡΟΟΙΜΙΟΝ,
834 2842 912 2855 ——
966 2811 1137 2892 Σοφόν
1164 2832 1214 2867 τι
1270 2817 1464 2892 χρῆμα
1494 2813 1786 2895 ζωγράφων
1834 2815 1976 2896 χεὶρ,
2002 2824 2027 2875 Α

2143 2811 2573 2879 ΡΒιιΕΕΑΤΙΟ.
2644 2848 2713 2860 -—
2744 2814 2907 2879 Scita
2935 2814 3207 2895 quaedam
3256 2831 3357 2878 res
3386 2821 3478 2877 est
3509 2829 3724 2877 manus

326 2900 411 2954 καὶ
457 2896 613 2967 δεινὴ
674 2899 777 2976 μὲν
839 2901 1176 2977 μιμήσασθαι
1233 2902 1330 2970 τὴν
1387 2901 1661 2983 ἀλήθειαν,
1720 2902 1872 2972 δεινὴ
1933 2903 1988 2960 δὲ

331 2993 431 3043 τῶν
474 2989 817 3066 πραγμάτων
868 2990 1066 3068 ἐναργῆ
1121 2993 1396 3069 προθεῖναι
1454 2992 1519 3048 τὰ
1572 2990 1836 3070 σύμϐολα,
1897 3015 1987 3051 σο-

332 3078 563 3155 φώτερον
618 3077 677 3134 δὲ
724 3076 825 3157 ἄρα
894 3076 1081 3156 λόγος,
1124 3082 1212 3135 καὶ
1268 3078 1453 3157 πολλῷ
1508 3084 1773 3161 γραφικῆς
1829 3083 1990 3163 ἐταρ-

325 3168 579 3246 γέστερον
650 3165 826 3233 δεῖξαί
878 3189 938 3224 τε
1015 3170 1044 3224 ὃ
1100 3168 1371 3246 βούλεται,
1432 3172 1520 3228 καὶ
1575 3171 1872 3252 ὀφθαλμοῖς
1927 3176 1990 3230 τὸ

320 3261 555 3335 πρᾶγμα
613 3254 950 3335 παραϐαλεῖν
1013 3259 1101 3315 καὶ
1164 3260 1401 3335 τοσούτῳ
1456 3259 1686 3336 μαλλον,
1731 3260 1840 3335 ὅσῳ
1906 3267 1993 3322 καὶ

319 3346 489 3403 πλέον
550 3346 797 3423 ἐρεθίζειν
855 3345 970 3404 οἶδε
1012 3349 1101 3405 καὶ
1155 3346 1320 3420 ζήλου
1379 3371 1430 3406 τι
1489 3350 1705 3430 κέντρον
1773 3351 1989 3425 ἐνιέναι,

326 3438 416 3493 καὶ
471 3433 749 3508 διανιστᾴν
778 3436 913 3515 πρὸς
969 3436 1071 3504 τὴν
1112 3438 1363 3512 μίμησιν.
1418 3441 1615 3497 Αὐτίκα
1658 3448 1784 3519 γοῦν
1827 3445 1854 3498 ὁ
1884 3448 1990 3500 τῶν

334 3530 465 3582 κατά
536 3527 670 3583 Θεὸν
739 3527 1210 3602 πολιτευσαμένων
1268 3529 1407 3610 βίος,
1466 3536 1544 3602 τῷ
1596 3529 1743 3609 λόγῳ
1806 3531 1988 3589 διατυ-

343 3616 621 3689 πούμενος,
679 3614 914 3681 πολλοὺς
971 3615 1035 3672 ἂν
1091 3616 1446 3686 ἐφελκύσηται
1521 3621 1610 3677 καὶ
1667 3620 1989 3702 διαθερμάνῃ

350 3704 480 3780 πρὸς
532 3704 736 3781 ἀρετὴν,
770 3706 862 3763 καὶ
913 3704 1024 3780 ὅλῳ
1078 3708 1265 3773 αὖτοὺς
1296 3710 1430 3788 πρὸς
1486 3710 1580 3767 τὸν
1622 3710 1807 3785 ὅμοιον
1851 3713 1989 3770 ὑπο-

348 3791 490 3861 θήξει
552 3793 721 3870 ζῆλον,
754 3794 940 3875 ὥσπερ
989 3794 1056 3863 δὴ
1112 3800 1202 3854 καὶ
1228 3799 1258 3854 ὁ
1306 3807 1401 3857 τοῦ
1450 3799 1587 3855 θείου
1626 3801 1829 3875 Πατρὸς
1891 3811 1991 3861 Νι-

2073 2902 2342 2982 pictoris,
2375 2913 2433 2965 et
2477 2922 2610 2985 qua;
2642 2902 2894 2984 pulchre
2937 2904 3181 2985 quidem
3215 2905 3328 2967 scit
3356 2903 3575 2966 imitari
3616 2920 3722 2964 ve-

2072 2992 2332 3068 ritatem,
2371 3001 2430 3054 et
2459 3012 2658 3055 rerum
2693 2994 2862 3072 signa
2892 2994 3216 3057 ostendere
3263 2993 3585 3063 evidentia,
3618 2990 3725 3052 sed

2071 3099 2171 3143 res
2196 3090 2287 3144 est
2314 3082 2500 3160 magis
2531 3082 2678 3144 scita
2708 3082 2919 3156 oratio,
2950 3091 3008 3144 et
3040 3083 3264 3161 pictura
3314 3083 3490 3161 longe
3520 3081 3727 3145 efﬁce-

2073 3171 2221 3242 cior.
2253 3172 2326 3232 ad
2358 3172 2418 3233 id
2451 3175 2609 3252 quod
2641 3172 2762 3233 vult
2805 3172 3269 3246 ostendendum,
3306 3180 3367 3235 et
3394 3190 3522 3234 rem
3571 3189 3724 3232 ocu-

2072 3261 2146 3322 lis
2189 3260 2671 3342 subjiciendam:
2709 3279 2841 3343 qua:
2871 3270 2931 3323 et
2982 3261 3169 3341 magis
3211 3262 3323 3324 scit
3351 3261 3604 3323 incitare
3650 3260 3727 3322 ad

2072 3351 2493 3426 imitationem,
2531 3360 2591 3414 et
2636 3352 2897 3433 aliquem
2930 3352 3240 3414 stimulum
3286 3350 3635 3415 imitationis
3662 3349 3725 3412 in

2073 3441 2300 3503 animas
2342 3443 2670 3505 immittere
2699 3450 2758 3503 et
2787 3442 2858 3503 ad
2893 3442 3057 3523 paria
3088 3442 3371 3506 excitare.
3400 3441 3532 3505 Jam
3565 3440 3727 3503 enim

2072 3530 2194 3592 vita
2251 3548 2459 3593 eorum
2519 3532 2623 3612 qui
2689 3542 2778 3594 ex‘
2813 3532 2938 3595 Deo
2969 3532 3143 3594 vitam
3198 3550 3397 3617 egere,
3450 3548 3731 3612 expressa

2073 3620 2362 3695 oratione,
2399 3621 2622 3683 multos
2651 3623 2722 3684 ad
2785 3622 3063 3684 virtutem
3097 3622 3403 3685 attraxerit
3431 3630 3492 3683 et
3538 3621 3725 3683 advo-

2075 3710 2317 3785 caverit,
2351 3716 2413 3772 et
2443 3711 2515 3772 ad
2550 3710 2809 3773 similem
2863 3711 3054 3774 zelum
3087 3713 3331 3774 omnino
3359 3709 3725 3775 accenderit.

2080 3797 2392 3870 Quomodo
2424 3801 2602 3862 etiam
2658 3802 2776 3863 vita
2807 3800 2990 3863 divini
3032 3801 3225 3863 Patris
3255 3800 3480 3864 Nicolai
3508 3807 3568 3862 et
3597 3800 3727 3879 ejus

352 3881 564 3959 κολάου,
597 3888 686 3942 καῖ
747 3886 936 3943 τούτου
966 3907 1028 3963 γε
1086 3885 1290 3962 μᾶλλον
1347 3887 1500 3966 εἴπερ
1551 3890 1716 3969 τινὸς,
1747 3888 1855 3964 ὅσῳ
1909 3888 1998 3946 καὶ

2081 3889 2279 3968 potius
2335 3906 2511 3970 quam
2568 3890 2825 3970 alicujus
2897 3890 3167 3963 alterius,
3226 3909 3358 3971 qua;
3428 3900 3489 3951 et
3556 3907 3736 3952 aures

335 3971 504 4040 ἀκοήν
561 3972 726 4031 πλέον
778 3973 955 4043 ἡδύνει
1004 3976 1090 4032 ναὶ
1149 3976 1338 4055 ψυχὴν
1390 3976 1675 4057 εὐφραίνει,
1710 3982 1806 4035 καῖ
1866 3980 1995 4057 πρὸς

2080 3976 2337 4039 delectat
2366 3985 2424 4038 et
2471 3977 2729 4039 animam
2760 3979 2945 4041 afﬁcit
2993 3979 3213 4053 laetitia,
3247 3988 3305 4041 et
3350 3981 3562 4041 excitat
3594 3978 3732 4040 aui-

331 4060 432 4129 τὴν
487 4066 597 4118 τῶν
641 4060 825 4119 καλῶν
870 4061 1122 4140 ἐργασίαν
1181 4060 1447 4136 διανιστᾷ.
1497 4065 1573 4122 Τὰ
1628 4064 1826 4123 ἐκείνου
1881 4066 2013 4122 τοίοι

2081 4083 2246 4127 mum
2296 4067 2369 4128 ad
2407 4067 2793 4129 honestarum
2847 4087 3049 4131 rerum
3101 4070 3534 4148 operationem.
3584 4067 3736 4133 Sunt

328 4169 419 4207 νυν
472 4152 568 4239 ,καὶ
626 4148 914 4229 διηγητὲον
972 4152 1133 4228 ἡμῖν,
1181 4154 1270 4210 καὶ
1318 4155 1395 4217 τῷ
1438 4153 1588 4234 λόγῳ
1640 4154 2027 4234 περιληπτέον]

2085 4173 2224 4235 ergo
2277 4173 2375 4218 res
2430 4158 2566 4238 ejus
2622 4157 2959 4230 narranda),
3019 4167 3082 4219 et
3132 4159 3402 4221 oratione
3446 4177 3734 4239 compre-

327 4242 405 4304 είς
462 4238 710 4320 δύναμιν,
762 4241 860 4299 udi
925 4239 1096 4299 πάλαι
1154 4243 1254 4318 μὲν
1323 4241 1524 4312 ἔκδηλα
1581 4258 1698 4310 τοῖς
1767 4244 1996 4313 πολλοῖς

2080 4244 2414 4309 hendendae
2471 4264 2575 4326 pro
2632 4246 2881 4328 viribus,
2946 4246 3180 4310 etiamsi
3236 4249 3354 4312 sint
3403 4249 3523 4327 jam
3589 4247 3732 4310 olim

323 4328 477 4419 ὄντα,
523 4327 789 4419 καί-ουδὲ
839 4336 968 4407 μιᾶς
1045 4330 1159 4391 οὔδ’
1230 4330 1373 4398 ὅλως
1438 4334 1674 4412 ἱστορίας
1747 4336 1992 4412 δεόμενα,

2079 4335 2322 4416 quidem
2357 4336 2560 4399 multis
2592 4327 2873 4417 cognitae,
2902 4356 3034 4419 quae
3081 4337 3246 4400 nulla
3276 4337 3548 4417 indigent
3598 4336 3732 4399 his-

324 4418 474 4486 πλὴν
525 4417 652 4476 ἀλλ’
679 4417 802 4477 ὅσον
861 4419 1155 4479 ἀναλαϐεῖν
1207 4422 1338 4481 αὒτᾶ
1366 4424 1454 4480 καὶ
1506 4425 1583 4489 εἷς
1640 4426 1864 4501 μνήμην
1895 4426 1993 4481 ἆνο

2080 4431 2252 4501 toria,
2285 4424 2403 4488 nisi
2458 4426 2532 4489 ad
2589 4445 2691 4489 eas
2744 4417 3108 4508 repetendas
3157 4434 3220 4490 et
3265 4426 3329 4489 in
3377 4426 3730 4489 memoriam

324 4511 578 4586 ενεγκεῖν
619 4511 881 4591 σήμερον,
927 4512 1016 4569 καὶ
1072 4512 1163 4577 τὰς
1206 4517 1315 4569 τῶν
1371 4512 1666 4595 φιλαρέτων
1710 4517 1859 4592 ὑμῶν
1902 4519 1995 4575 εὗ-

2076 4515 2462 4591 revocandas,
2524 4523 2586 4580 et
2644 4516 2717 4578 ad
2775 4525 3034 4581 vestrum
3095 4515 3329 4580 virtutis
3399 4515 3731 4582 amentium

324 4605 521 4680 φρᾶναι
603 4600 813 4680 ψυχάς.
904 4622 929 4656 α
966 4598 1477 4679 Ἐγκωμιαζομένου
1560 4604 1685 4685 γὰρ,
1724 4627 1749 4663 ε
1839 4605 1990 4684 φησὶ,

2077 4604 2464 4670 Ιιειίῧοιιηᾱοε
2488 4606 2744 4671 animos.

330 4711 356 4744 ι
392 4687 602 4747 δικαίου
628 4689 1082 4770 εὐφρανθήσονται
1111 4689 1254 4751 λαοί.
1296 4714 1325 4748 ι

408 4780 508 4842 A’.
571 4783 662 4853 Τῷ
719 4779 943 4858 μεγάλῳ
1009 4781 1289 4860 τοιγάροῦν
1353 4788 1526 4858 τοῦτῷ
1587 4784 1676 4841 καὶ
1723 4786 1995 4861 θαυμασίῳ

328 4872 495 4950 [lupi
548 4869 768 4946 Πάταρα
826 4868 923 4944 μὲν
971 4871 1006 4938 ἦ
1062 4873 1278 4949 πατρὶς,
1305 4871 1462 4938 πόλις
1520 4873 1715 4939 Λυκίας
1740 4876 1828 4932 καὶ
1883 4877 1990 4932 τῶν

332 4959 605 5042 ἒπιφανῶν
657 4959 935 5038 πρότερον,
993 4960 1223 5039 Πατέρες
1287 4959 1345 5019 δὲ
1415 4963 1482 5020 τὰ
1538 4962 1636 5039 μὲν
1705 4965 1781 5027 εἷς
1835 4963 1988 5042 γένος

2155 4783 2202 4848 Ι.
2236 4784 2389 4849 Huic
2439 4803 2578 4866 ergo
2634 4804 2849 4865 magno
2905 4794 2966 4850 et
3011 4788 3366 4851 admirando
3400 4788 3563 4850 Patri
3618 4807 3725 4869 pa-

2075 4875 2187 4937 tria
2243 4875 2484 4956 quidem
2539 4883 2665 4938 erat
2723 4875 2958 4957 Patara,
3022 4878 3218 4955 Lyciae
3271 4878 3500 4953 civitas,
3568 4880 3733 4959 prius

2072 4964 2343 5045 insignis.
2409 4963 2696 5028 Parentes
2747 4973 2944 5026 autem
3006 4965 3260 5028 honesto
3317 4965 3559 5047 quidem
3601 4967 3732 5029 loco

337 5056 437 5107 τῶν
491 5050 552 5107 εὖ
599 5058 931 5129 γεγονότων,
962 5052 1142 5111 οὒσίαν
1199 5048 1254 5107 δὲ
1311 5052 1574 5131 αὖτάρκῃ,
1622 5055 1708 5112 οιαὶ
1759 5052 1862 5122 ὅση
1910 5055 1988 5130 μὴ

336 5142 578 5219 περιττὴ,
638 5138 987 5221 κεκτημένοι,
1044 5141 1290 5220 ἄγευστοι
1346 5148 1616 5218 κοσμικῆς
1673 5141 1830 5212 δόξης
1901 5146 1989 5202 καὶ

330 5231 553 5290 ἀπίστου
607 5230 975 5311 περιφανείας,
1022 5232 1111 5289 καὶ
1166 5238 1245 5307 τῷ
1300 5230 1448 5290 παιδὶ
1476 5235 1641 5297 καλὸς
1698 5234 1862 5299 τύπος
1897 5236 1991 5293 τοῦ

327 5325 544 5402 μετρίου
625 5321 1029 5402 προσκείμενοι,
1108 5323 1226 5402 περὶ
1309 5331 1473 5398 μόνον
1558 5323 1845 5405 σχολάζειν
1927 5327 1989 5382 τὸ

326 5412 545 5495 ἂγαθδν,
605 5414 695 5471 καὶ
727 5418 912 5469 ’τοῦτο
983 5411 1045 5469 ἐκ
1113 5414 1313 5477 παντὸς
1373 5413 1569 5491 τρόπου
1639 5413 1989 5490 μεταδιώκειν

2072 5054 2195 5117 nati
2233 5076 2248 5113 :
2294 5071 2399 5117 eas
2452 5073 2590 5117 vero
2622 5054 3000 5136 possidentes
3043 5055 3354 5119 facultates
3383 5075 3516 5137 quae
3560 5056 3732 5119 sufﬁ—

2072 5144 2311 5208 ciebant
2331 5153 2390 5207 et
2410 5163 2531 5207 non
2554 5146 3063 5226 erantsupertluae
3092 5163 3107 5209 :
3148 5147 3245 5227 qui
3275 5146 3516 5226 quidem
3551 5166 3733 5209 mun-

2071 5235 2284 5296 danam
2317 5234 2566 5314 gloriam
2600 5242 2658 5296 et
2691 5252 2968 5315 pompam
3012 5252 3090 5296 ne
3119 5243 3431 5315 gustavere
3460 5236 3730 5316 quidem,

2071 5334 2133 5386 et
2178 5324 2301 5386 tilio
2334 5324 2516 5386 futuri
2557 5333 2730 5387 erant
2761 5324 3078 5406 pulchrum
3135 5324 3438 5406 exemplar
3467 5325 3541 5388 ad
3588 5327 3725 5401 hoc,

2072 5422 2136 5476 ut
2192 5416 2247 5476 ei
2275 5422 2506 5494 gratum
2540 5423 2700 5476 esset
2750 5413 2834 5476 nil
2890 5413 3249 5494 possidere;
3306 5414 3364 5477 ei
3407 5414 3520 5477 soli
3568 5416 3730 5497 quod

324 5502 659 5583 βουλομενοι.
744 5502 907 5561 Οὗτοι
982 5500 1126 5576 παρὰ
1187 5505 1283 5566 τὰς
1352 5499 1606 5568 διεξόδους
1639 5507 1744 5560 τῶν
1788 5503 2027 5582 ὑδάτων(

2076 5503 2295 5565 bonum
2337 5513 2427 5566 est
2458 5512 2757 5582 vacantes,
2794 5511 2853 5565 et
2880 5503 2941 5566 id
2978 5504 3167 5566 modis
3197 5503 3475 5566 omnibus
3518 5521 3730 5583 perse-

322 5593 418 5664 τῆς
480 5591 761 5657 οὐσεϐείας
833 5588 1224 5665 πεωυτωμένοι
1253 5639 1269 5672 ,
1329 5592 1466 5668 ὁμοῦ
1533 5614 1590 5651 τε
1661 5596 1864 5673 καρπὸν
1933 5594 1990 5651 ἐν

318 5694 481 5770 καιρῷ
525 5685 728 5747 διδοῦσι
792 5682 892 5740 τὸν
942 5678 1296 5760 ὡραιότατον,
1343 5685 1371 5742 ὁ
1413 5686 1559 5753 θεῖος
1619 5686 1774 5753 οὗτος
1823 5682 1990 5744 Νικό-

380 5806 594 5878 ‘Psal.
628 5823 675 5893 ι,
710 5801 779 5869 3.

2073 5601 2348 5674 quentes.
2383 5593 2455 5657 Hi
2486 5594 2735 5675 plantati
2756 5611 2938 5657 secus
2959 5590 3570 5673 decursus.aquarum
3604 5594 3727 5672 pie-

2072 5682 2210 5746 tatis
2253 5682 2302 5762 Ι,
2334 5683 2509 5746 simul
2540 5691 2716 5769 atque
2747 5682 2890 5747 dant
2917 5681 2981 5744 in
3013 5690 3283 5769 tempore
3336 5682 3592 5746 fructum
3622 5679 3722 5747 di-
