4136 6438
394 376 514 453 319

1705 390 1867 455 ΜΕΝ
1873 387 1987 453 SlS
2025 389 2463 463 DEGEMBER.

3666 401 3794 471 320

396 526 605 621 vinum.
626 525 962 615 Nicolaum,
996 539 1186 603 mater
1229 534 1425 601 cessat
1452 550 1691 616 parere,
1722 528 1944 621 sterilis
1972 527 2048 593 ab

2143 531 2261 621 lato;
2317 533 2407 609 ἧν,
2439 533 2529 599 καὶ
2582 535 2717 612 ὁμοῦ
2753 530 3001 603 πεδειται
3060 535 3159 604 τὰς
3213 534 3413 606 ὠδῖνας
3455 541 3493 611 ἦ
3546 540 3794 621 Mm;

398 619 499 683 illo
534 628 808 705 tempore
838 643 1088 687 manens
1118 634 1176 687 et
1197 625 1395 687 nullos
1430 624 1765 705 producens
1799 620 2046 689 liberos,

400 711 841 787 quodammodo
900 715 1215 795 proﬁtente
1267 724 1475 777 natura
1516 731 1634 776 non
1692 728 1866 792 posse
1918 728 2049 773 eam

399 801 581 863 alium
637 803 923 882 proferre.
957 804 1074 866 Sed
1121 823 1254 866 cum
1288 823 1423 867 eum
1476 804 1733 885 primum
1768 799 1945 861 simul
1991 807 2051 862 et

398 891 675 953 ultimum
710 911 1070 970 generosum
1093 912 1323 956 ramum
1357 903 1553 957 mater
1594 894 1655 955 iu
1686 891 1881 954 lucem
1914 891 2050 953 edi-

401 983 585 1045 disset
617 984 1007 1064 multiplicem
1053 985 1266 1067 spiritu
1311 1003 1447 1046 cum
1493 986 1747 1064 conjuge
1794 982 2049 1043 fructum

405 1072 625 1136 dedere
680 1075 957 1136 virtutum
1025 1075 1358 1157 cumulum,
1419 1075 1532 1137 hac
1600 1094 1740 1138 vere
1799 1070 2052 1151 pulchra

399 1162 742 1243 laeupletati
799 1163 1032 1242 sobole,
1062 1165 1335 1239 Nicolao,
1385 1164 1653 1249 inquam,
1686 1167 2048 1231 admirabili.

399 1249 484 1312 Ex
535 1252 629 1314 bis
662 1261 832 1316 natus
890 1254 1141 1335 praebuit
1188 1255 1476 1317 indicium
1537 1274 1658 1318 suae
1707 1276 1840 1319 cum
1895 1262 2047 1340 Bap-

403 1340 538 1404 tista
568 1343 1031 1424 conjunctionis,
1066 1345 1197 1425 ejus
1248 1364 1384 1425 quae
1414 1344 1606 1424 ipsum
1663 1347 1897 1427 peperit
1925 1357 2047 1411 ste-

402 1430 682 1494 rilitatem
720 1450 734 1496 :
786 1434 943 1515 quod
975 1434 1078 1496 ille
1109 1434 1349 1515 quidem
1384 1434 1444 1496 in
1476 1434 1667 1496 lucem
1700 1437 1896 1498 enitus
1925 1439 2049 1500 sol-

401 1518 491 1582 vit
541 1522 744 1586 matris
801 1532 1087 1586 uterum:
1141 1524 1236 1586 hic
1294 1531 1490 1585 autem
1551 1534 1757 1587 contra
1806 1528 2047 1590 claudit.

406 1613 554 1675 Cum
612 1627 811 1678 autem
863 1624 1166 1697 oporteret
1210 1634 1345 1678 eum
1398 1616 1603 1678 lactari
1661 1626 1724 1679 ut
1766 1618 2053 1683 infantem

410 1711 470 1764 et
504 1707 788 1768 maternis
817 1706 888 1768 ad
905 1707 1116 1769 moveri
1146 1706 1460 1782 uberibus,
1495 1707 1594 1769 hic
1625 1726 1864 1785 quoque
1897 1711 2056 1773 Deus

407 1794 704 1873 significat
748 1797 941 1879 qualis
976 1804 1133 1859 esset
1163 1796 1394 1859 futurus
1435 1796 1735 1874 Nicolaus,
1769 1818 1905 1861 eum
1949 1819 2056 1862 ve-

2134 620 2325 702 ἅγονος
2384 623 2437 691 ἐξ
2495 624 2697 683 ἐκείνου
2758 627 3003 700 μείνασα,
3044 630 3199 686 οἱονεὶ
3257 635 3350 707 τῇς
3409 633 3614 711 φύσεως
3671 620 3793 691 επέ

2133 714 2493 790 αγορευούσης
2551 718 2613 772 τὸ
2661 717 2738 791 μὴ
2780 723 3017 776 τοιοῦτον
3063 715 3225 775 ἄλλον
3283 736 3630 799 προενεγκεῖν
3690 722 3796 779 δύ-

2133 806 2345 866 νασθαι.
2406 802 2573 862 Ἀλλά
2604 812 2791 864 τοῦτον
2846 805 2912 875 δὴ
2943 810 3150 883 πρῶτον
3207 804 3319 884 ἅμα
3349 812 3436 867 καὶ
3477 810 3794 870 τελευταῖον

2133 893 2169 960 ἡ
2244 896 2427 973 μήτηρ
2483 896 2573 951 τὸν
2628 895 2815 973 εὐγενῆ
2900 896 3093 955 κλάδον
3150 900 3227 964 εἰς
3297 910 3410 979 φῶς
3478 900 3792 979 ἐνεγκοῦσα,

2136 981 2410 1063 πολύχουν
2482 984 2630 1060 ὅμως
2690 985 2782 1041 σὺν
2844 992 2922 1043 τῶ
2980 989 3187 1065 συζύγῳ
3229 996 3307 1063 τῷ
3376 991 3637 1066 πνεύματι
3694 989 3787 1047 δέ-

2135 1072 2273 1129 δωκε
2329 1075 2420 1130 τὸν
2467 1076 2690 1152 καρπὸν,
2736 1076 2826 1131 τὸν
2881 1082 2987 1133 τῶν
3033 1076 3234 1155 ἀρετῶν
3290 1081 3481 1156 σωρὸν,
3530 1081 3627 1148 τὴν
3679 1087 3789 1138 τῶν

2135 1162 2348 1239 ἀγαθῶν
2404 1162 2695 1235 θάλασσαν,
2756 1166 2847 1221 τὸν
2909 1168 3213 1242 θαυμαστὸν
3270 1171 3326 1225 ἒν
3398 1175 3527 1225 πᾶσι
3585 1167 3796 1237 δηλαδὴ

2136 1252 2425 1315 Νικόλαον,
2476 1252 2571 1311 Ἐκ
2599 1255 2854 1311 τοιούτων
2909 1255 3065 1318 αὗτὸς
3098 1261 3391 1334 γεννηθεὶς,
3426 1262 3499 1324 ὡς
3559 1258 3796 1321 ἑοικέναι

2134 1348 2210 1415 τῷ
2268 1343 2530 1418 σπέρματι
2573 1345 2667 1401 τὸν
2711 1346 2936 1425 καρπὸν,
2970 1344 3171 1424 δεῖγμα
3229 1350 3327 1415 τῆς
3371 1350 3505 1427 πρὸς
3548 1350 3639 1405 τὸν
3681 1350 3796 1425 βα-

2134 1433 2363 1498 πτιστήν
2432 1432 2761 1500 οἰκειότητος
2838 1435 2937 1501 τὴν
3010 1442 3106 1503 τῆς
3181 1437 3587 1516 γεννησαμένης
3651 1460 3797 1514 παρ-

2140 1520 2257 1600 έχει
2315 1522 2613 1599 στείρωσιν.
2650 1524 2747 1581 Καὶ
2801 1524 2900 1600 γάο
2935 1526 2962 1581 ὁ
3023 1525 3121 1600 μὲν
3150 1527 3382 1606 μητέρος
3413 1527 3611 1593 ὠδῖνας
3667 1525 3798 1583 δια-

2138 1608 2247 1667 λύει
2281 1614 2511 1690 τεχθείς·
2571 1615 2719 1678 οὗτος
2752 1611 2805 1668 δὲ
2856 1613 3019 1671 κλείει
3070 1617 3285 1689 ταύτας,
3323 1616 3502 1696 ὥσπερ
3545 1620 3574 1674 ὁ
3631 1616 3797 1693 λόγος

2137 1699 2377 1779 ὕστερον.
2440 1699 2646 1758 Ἐπειδὲ
2702 1700 2756 1759 δὲ
2802 1705 2889 1760 καὶ
2932 1703 3173 1771 θηλάξειν
3220 1708 3379 1765 αὐτὸν
3416 1708 3553 1764 κατὰ
3602 1706 3798 1787 βρέφος

2137 1792 2333 1870 ἒχρῆν,
2391 1793 2477 1847 καὶ
2532 1797 2609 1864 τῷ
2665 1794 2901 1871 μητρῴῳ
2955 1796 3312 1873 παραγεῖοθαι
3372 1804 3550 1871 μαζῷ,
3593 1796 3798 1862 ἐπιση-

409 1886 600 1947 nisset
627 1885 699 1947 ad
733 1895 962 1948 aetatem
996 1905 1131 1967 quae
1179 1894 1444 1966 saperet.
1480 1889 1627 1950 Nam
1662 1896 1779 1949 tota
1812 1889 2052 1968 quidem

2143 1882 2383 1956 μαίνεται
2454 1881 2715 1938 κάνταῦθα
2772 1884 2900 1948 Θεὸς
2954 1887 3144 1950 ὁποῖος
3190 1884 3334 1942 ἔσται
3389 1885 3649 1948 Νικόλαος
3696 1886 3801 1953 τὴν

411 1973 794 2037 bebdomada
827 1975 1087 2039 mamilla
1117 1975 1401 2038 utebatur
1450 1983 1512 2037 ut
1542 1977 1758 2052 infans,
1790 1998 1925 2040 cum
1957 1997 2056 2042 ve-

409 2069 599 2126 nisset
626 2074 824 2128 autem
858 2074 1101 2148 quartus
1129 2065 1257 2128 dies
1288 2075 1347 2128 et
1393 2065 1741 2143 Parasceve,
1777 2068 1963 2131 semel
1993 2068 2055 2131 in

408 2160 664 2237 utroque
716 2174 924 2218 eorum
985 2155 1078 2218 lac
1133 2154 1667 2237 sumebatzidque
1713 2159 2057 2239 veSpertino

411 2250 706 2324 tempore,
739 2243 850 2307 sub
871 2246 1135 2327 perfecta
1173 2246 1376 2325 regula
1392 2245 1677 2309 educatus
1700 2239 2056 2313 etiam’ante

417 2332 759 2413 pueritiam,
796 2343 852 2399 et
910 2335 1262 2398 familiarem
1313 2334 1426 2400 sibi
1456 2353 1588 2398 esse
1631 2336 2054 2402 abstinentiam

409 2422 735 2487 ostendens
764 2423 837 2487 ab
869 2425 1059 2489 initio.

492 2692 563 2757 Il.
620 2695 769 2759 Cum
800 2695 888 2759 sic
918 2715 1058 2776 ergo
1105 2697 1480 2770 educaretur,
1515 2705 1574 2760 ot
1622 2697 1812 2760 bonos
1860 2716 2058 2761 mores

413 2784 634 2865 partim
691 2786 935 2868 quidem
976 2807 1049 2850 ex
1108 2787 1227 2851 illis
1270 2787 1417 2870 ipsis
1467 2788 1811 2869 parentibus
1853 2789 2053 2871 expri‘

413 2886 606 2937 meret
662 2876 872 2957 partim
926 2888 1124 2942 autem
1181 2879 1311 2959 ipse
1360 2896 1432 2940 ex
1478 2896 1546 2941 se
1595 2877 1957 2961 produceret
2000 2885 2059 2941 et

416 2965 663 3045 coleret,
701 2975 981 3045 tanquam
1033 2966 1189 3033 bona
1217 2968 1419 3047 aliqua
1452 2975 1510 3031 et
1558 2986 1848 3048 generosa
1876 2978 2053 3043 terra,

2139 1978 2429 2049 φρονοῦσαν
2498 1971 2711 2039 ἠλικίαν
2784 1972 3207 2048 ἀπολαμϐανων.
3268 1974 3446 2042 ’Ὂλης
3519 1976 3618 2050 μὲν
3695 1976 3802 2053 γὰρ

2139 2058 2430 2136 ἑϐδομάδος
2489 2060 2585 2118 ὅσα
2634 2063 2721 2118 καὶ
2769 2063 2959 2142 βρέφος
3020 2071 3087 2140 τῇ
3129 2064 3271 2141 θηλῇ
3324 2064 3549 2145 ἐχρῆτο·
3613 2062 3803 2132 ἔπειδὴ

2138 2149 2193 2206 δὲ
2251 2153 2286 2220 ἡ
2358 2153 2543 2230 τετρὰς
2576 2153 2683 2208 τῶν
2736 2156 2974 2225 ἡμερῶν,
3010 2156 3082 2219 ὡς
3132 2153 3186 2210 δὲ
3246 2157 3330 2212 καὶ
3382 2156 3418 2222 ἦ
3480 2154 3803 2224 Παρασκευὴ

2140 2246 2338 2315 παρῆν,
2372 2240 2510 2308 ἅπαξ
2567 2241 2623 2297 ἐν
2680 2241 2903 2321 ἑκατέρᾳ
2961 2245 3159 2300 τούτων
3221 2258 3451 2324 μετεῖχε
3503 2243 3798 2322 γάλακτος,

2141 2333 2229 2388 καὶ
2285 2332 2449 2388 ταῦτα
2510 2333 2646 2389 κατά
2703 2334 2796 2389 τὸν
2856 2333 3225 2406 τῆςέσπέρας
3281 2337 3489 2415 καιρὸν,
3534 2336 3636 2390 ὑπὸ
3692 2356 3801 2389 κα-

2141 2425 2250 2479 νόνι
2323 2422 2510 2496 τελείῳ
2581 2426 2668 2480 καὶ
2749 2426 2851 2502 πρὸ
2924 2429 3021 2491 τῆς
3100 2422 3353 2493 παιδικῆς
3422 2426 3804 2499 τιθηνούμενος

2138 2512 2351 2581 ἡλικίας
2387 2561 2403 2593 ,
2476 2515 2564 2570 καὶ
2630 2512 2688 2570 τί)
2760 2516 2889 2591 πρὸς
2974 2514 3284 2592 ἐγκράτειαν
3355 2517 3564 2579 οἰκείως
3650 2513 3803 2595 ἔχειν

2137 2604 2438 2684 ὑποφαίνων
2474 2604 2533 2660 ἐκ
2567 2605 2883 2682 προοιμίων,

2220 2693 2310 2756 B'.
2372 2692 2521 2751 Οὕτω
2564 2693 2844 2772 τοιγαροῦν
2900 2694 3253 2775 ἀναγόμενος,
3305 2696 3395 2751 καὶ
3464 2695 3530 2751 τὰ
3584 2695 3796 2775 χρηστά

2138 2789 2244 2841 τῶν
2324 2785 2466 2851 ἠθῶν
2538 2784 2603 2840 τὰ
2662 2782 2762 2859 μὲν
2843 2787 3014 2843 αὐτῶν
3086 2785 3301 2841 ἓκείνων
3359 2784 3792 2862 ἀποματτόμενος

2141 2876 2243 2930 τῶν
2299 2873 2567 2951 πατέρων,
2600 2873 2666 2929 τὰ
2714 2869 2768 2928 δὲ
2825 2874 2967 2953 φύων
3016 2876 3107 2931 καὶ
3158 2875 3412 2951 γεωργῶν
3444 2876 3596 2941 αὐτὸς
3641 2874 3801 2931 οἴκο-

2138 2968 2249 3038 θεν,
2303 2967 2483 3039 ὥσπερ
2539 2985 2619 3027 τις
2680 2962 2854 3041 ἀγαθὴ
2912 2967 2985 3042 γῆ
3029 2965 3114 3020 καὶ
3160 2964 3400 3041 γενναία,
3461 2963 3672 3033 ἡλικίας
3743 2986 3803 3021 τε

413 3065 467 3119 et
492 3057 614 3136 jam
669 3057 741 3120 ad
793 3057 1072 3122 idoneam
1104 3045 1474 3140 pervenisset
1520 3045 1776 3134 aetatem,
1812 3058 2057 3121 traditus

2143 3052 2243 3121 ἤδη
2316 3052 2518 3120 ἥπτετο
2575 3052 2671 3109 καί
2748 3060 3132 3132 γραμματιστῇ
3208 3051 3540 3128 παρεδίδοτο.
3631 3045 3689 3113 Ὀ
3750 3054 3807 3111 δὲ

414 3144 521 3207 fuit
551 3148 964 3224 grammatico.
1013 3150 1069 3210 ιε
1107 3167 1244 3212 vero
1288 3167 1424 3211 cum
1474 3154 1698 3229 optimo
1730 3156 1790 3211 et
1833 3148 2057 3211 acutis-

2145 3141 2355 3219 μεγέθει
2412 3164 2469 3198 τε
2527 3143 2734 3221 φύσεως
2795 3144 2878 3198 καὶ
2930 3142 3160 3207 διανοίας
3222 3141 3432 3210 ὀξύτητι
3490 3144 3678 3221 μικρὸν
3735 3144 3803 3210 ἦν

418 3234 572 3298 simo
626 3237 863 3316 ingenio
895 3238 1178 3319 plurimas
1207 3238 1549 3319 disciplinas
1579 3236 1743 3299 brevi
1798 3247 2057 3318 tempore

2147 3233 2434 3295 ἀκωλύτως
2495 3229 2562 3289 δι’
2607 3232 2756 3308 ἀέρος
2816 3232 2955 3308 θέον,
2990 3232 3222 3292 πλεῖστα
3275 3239 3378 3290 τῶν
3430 3230 3799 3306 παιδευμάτων

418 3326 805 3407 percepisset,
840 3327 1014 3390 civile
1044 3328 1284 3410 quidem
1317 3337 1377 3390 et
1426 3329 1666 3390 forense
1696 3345 1886 3406 genus
1914 3328 2057 3390 doc-

2147 3322 2202 3377 ἐν
2258 3323 2462 3401 βραχεῖ
2531 3322 2976 3396 καρπωσάμενος.
3038 3325 3109 3381 Τὸ
3185 3324 3282 3397 μὲν
3347 3320 3432 3377 οὖν
3507 3320 3799 3397 δημοτικὸν

416 3415 591 3479 trinae
615 3417 865 3498 respuit.
900 3408 1229 3481 lnsolentes
1256 3426 1452 3480 autem
1494 3416 1841 3480 sodalitates
1871 3416 2057 3479 decli-

2146 3417 2303 3468 τοῦτο
2351 3412 2438 3468 καὶ
2508 3411 2766 3489 ἀγοραῖον
2824 3410 3123 3493 διέπτυσεν,
3172 3412 3406 3491 ἑταιρίας
3449 3408 3505 3467 δὲ
3560 3411 3805 3487 ἀκόσμος

419 3524 570 3568 nans
642 3516 701 3569 et
756 3507 1228 3570 consuetudines
1299 3516 1360 3569 et
1427 3507 1859 3570 collocutiones
1926 3525 2057 3570 eum

2148 3502 2309 3581 φημὶ,
2343 3503 2431 3557 καὶ
2484 3501 2695 3576 ὁμιλίας
2756 3502 2982 3577 ἀμαθεῖς
3043 3500 3313 3576 ἐκκλίνας,
3361 3502 3448 3557 καὶ
3488 3502 3548 3558 τὸ
3595 3500 3808 3579 γυναιξί

423 3594 799 3671 mulieribus,
848 3605 907 3657 et
962 3596 1054 3658 vel
1112 3596 1319 3659 oculos
1373 3596 1434 3658 in
1495 3614 1595 3657 eas
1645 3594 1894 3676 injicere
1950 3595 2057 3658 sibi

2149 3590 2201 3646 δὲ
2253 3590 2562 3666 συλλαλεϊν,
2614 3592 2649 3659 ἢ
2698 3592 2788 3648 καὶ
2842 3589 3040 3649 διδόναι
3086 3590 3358 3672 ὀφθαλμὸν
3410 3589 3548 3657 ὅλως
3591 3590 3809 3667 ἀπαγο-

421 3683 815 3763 interdicens,
877 3704 1077 3748 curam
1127 3685 1369 3765 gerebat
1423 3686 1558 3748 vitae
1612 3690 2057 3765 temperantiae:

2151 3681 2364 3755 ρεύσας,
2424 3686 2523 3747 τῆς
2597 3679 2826 3748 ἀληθοῦς
2899 3681 3192 3756 ἐπεμέλετο
3255 3682 3626 3761 σωφροσύνης,
3681 3681 3812 3738 εἶτα

417 3782 481 3837 et
519 3775 743 3855 jubens
791 3776 990 3839 valere
1030 3787 1306 3838 externas
1360 3776 1870 3848 conversationes,
1904 3774 2057 3837 divi-

2151 3771 2237 3826 καὶ
2279 3783 2401 3835 ταῖς
2455 3768 2553 3835 ἔξω
2605 3766 2901 3847 διατριϐαῖς
2986 3770 3126 3835 ἅπαξ
3180 3773 3391 3851 χαίρειν
3451 3771 3638 3849 εἰπὼν,
3691 3774 3812 3836 τοῖς

417 3865 514 3927 nis
567 3867 814 3928 omnino
862 3866 1105 3928 vacabat
1173 3866 1425 3937 aedibus,
1482 3875 1541 3928 et
1592 3865 1821 3927 malens
1875 3865 1931 3925 in
1982 3869 2057 3927 eis

2150 3861 2307 3924 θείοις
2368 3857 2662 3940 ἐσχόλαζεν
2719 3858 2922 3935 οἴκοις,
2987 3863 3140 3916 οἷκον
3199 3861 3356 3922 αὐτὸς
3415 3860 3599 3915 ἑαυτὸν
3669 3856 3814 3923 ἄξιον

421 3954 691 4033 abjectus
731 3972 865 4017 esse
894 3972 963 4016 ex
997 3954 1181 4017 divini
1210 3954 1451 4017 Davidis
1480 3953 1773 4016 sententia
1803 3953 1855 4017 2.
1891 3956 2057 4016 Post-

2152 3955 2228 4022 τῷ
2290 3950 2536 4026 Δεσπὸτῃ
2567 3950 2966 4019 κατασκεάζων,
3022 3946 3241 4016 Ἐπειδὴ
3300 3947 3355 4003 δὲ
3399 3949 3530 4024 πρός
3581 3969 3638 4004 τε
3709 3949 3814 4017 τὴν

417 4062 594 4125 quam
653 4052 848 4106 autem
883 4045 943 4105 in
989 4045 1329 4107 divinarum
1387 4044 1827 4125 Seripturarum
1877 4052 1937 4105 et
1992 4043 2057 4107 de

2152 4045 2259 4095 τῶν
2316 4042 2468 4095 θείων
2528 4045 2748 4117 Γραφῶν
2804 4044 3002 4117 γνῶσιν
3059 4040 3151 4096 καί
3196 4045 3300 4095 τῶν
3361 4040 3479 4117 περὶ
3525 4046 3656 4098 Θεοῦ
3712 4037 3813 4095 δο-

417 4135 542 4197 Ι)εο
596 4133 937 4215 dogmatum
986 4134 1327 4213 cognitione
1386 4135 1531 4196 satis
1578 4133 1965 4214 elaborasset,
2012 4142 2057 4197 el

2153 4129 2374 4208 γμάτων
2434 4127 2732 4206 ἀρκούντως
2793 4126 3180 4204 διαπεπόνητο,
3214 4129 3422 4207 μυρίαις
3475 4150 3534 4185 τε
3592 4129 3813 4209 χάρισιν

419 4233 665 4286 ornatus
735 4230 893 4287 esset
973 4225 1179 4305 gratiis
1251 4222 1819 4300 innumerabilibus,
1885 4241 2057 4285 accu-

2156 4218 2465 4295 ὲκοσμεττο,
2523 4219 2612 4274 καὶ
2681 4219 2780 4285 τὴν
2836 4220 3209 4297 προσήκουσαν
3265 4221 3488 4296 ἱερεῦσιν
3541 4217 3811 4297 ἀκρίϐειαν

418 4323 726 4396 ratamque
772 4324 832 4378 et
887 4324 1153 4378 exactam
1214 4314 1345 4376 vitae
1403 4314 1653 4376 formam
1713 4332 1847 4395 quae
1898 4312 2057 4376 dece:

2157 4308 2398 4387 ἀτεχνῶς
2456 4307 2675 4386 ἔσωζεν,
2706 4310 2765 4365 οὗ
2809 4309 2918 4384 μὴν
2963 4307 3099 4365 ἀλλά
3157 4309 3337 4365 καὶτὸ
3384 4308 3512 4376 ἦθος
3545 4309 3686 4383 αὐτῷ
3729 4306 3808 4366 ἔτι

419 4395 766 4468 sacerdotes
819 4423 959 4468 vere
991 4403 1356 4479 observaret,
1389 4404 1532 4486 quin
1589 4402 1764 4464 etiam
1816 4401 1907 4464 vel
1936 4410 2057 4491 ante

2156 4399 2389 4469 νεάζοντι
2448 4398 2705 4472 στάσιμόν
2761 4420 2819 4456 τε
2874 4400 2961 4455 καὶ
3033 4395 3379 4491 πρεσξυτικὸν
3430 4398 3519 4472 ἦν,
3576 4395 3811 4476 πρεσϐύ-

418 4512 601 4559 canos
648 4502 851 4558 essent
908 4495 1039 4574 ejus
1091 4511 1291 4556 mores
1334 4499 1678 4554 constentes
1708 4499 1768 4555 et
1821 4490 2057 4554 seniles.

2154 4509 2304 4567 τερον
2357 4488 2514 4547 αότὸν
2557 4486 2729 4555 ἠξίουν
2779 4490 3119 4568 ψηφῖζεσθαι,
3182 4486 3390 4566 ’Ὠσπερ
3448 4488 3548 4566 γάρ
3579 4489 3641 4544 τὸ
3695 4492 3809 4566 γῆ..

419 4583 708 4663 rogabant
737 4585 927 4665 ipsum
963 4592 1024 4644 ut
1053 4583 1222 4645 ﬁeret
1273 4581 1602 4665 presbyter.
1647 4580 1890 4644 Hortatu
1933 4599 2057 4660 ergc

2156 4599 2250 4655 ρας
2296 4578 2463 4649 σῶζον
2523 4579 2623 4644 τὴν
2681 4580 3061 4654 προσήκομσαν
3113 4579 3456 4658 σωφροσύνην
3525 4576 3667 4633 ἔστιν
3719 4576 3810 4633 ὅτε

420 4656 553 4753 ejus
601 4656 816 4755 patrui,
851 4673 927 4736 ab
985 4674 1253 4736 antistite
1274 4656 1398 4755 'qui
1453 4656 1600 4734 tunc
1652 4677 1782 4735 erat
1835 4656 2057 4751 Myren-

2158 4669 2245 4723 καὶ
2292 4665 2675 4743 διαϐάλλομεν,
2708 4667 2844 4725 οὕτω
2897 4666 2963 4735 δὴ
3012 4669 3103 4725 καὶ
3157 4671 3383 4734 νεότητα
3443 4670 3663 4744 κρείττω
3711 4688 3811 4744 γε·

421 4764 598 4838 sium,
651 4763 963 4826 ordinatur
1011 4756 1367 4845 presbyter:
1433 4770 1494 4825 et
1543 4764 1666 4826 Deo
1722 4768 1825 4842 qui
1877 4761 2057 4840 ipsum

2157 4755 2386 4832 νομένην
2446 4757 2552 4813 τῶν
2615 4759 2821 4814 οἰκείων
2888 4760 3090 4838 ὁρμῶν,
3140 4760 3228 4814 καὶ
3288 4759 3468 4835 γήρως
3525 4757 3810 4832 εὐκοσμίαν

423 4853 694 4926 dederat,
727 4853 1020 4925 redditur,
1056 4863 1118 4915 ut
1148 4844 1250 4935 qui
1297 4851 1642 4933 parentibus
1670 4868 1879 4913 revera
1924 4849 2057 4912 fuis-

2159 4860 2440 4925 συντηρεῖν
2511 4844 2807 4921 δυναμένην
2863 4847 3104 4926 ἀγαμεθά
3161 4870 3219 4905 τε
3280 4847 3660 4925 προσηκόντως
3720 4847 3813 4904 καὶ

421 4952 515 5006 set
571 4944 793 5005 donum
858 4934 1238 5025 precationis.
1292 4942 1407 5006 Hic
1460 4949 1659 5004 autem
1710 4939 2057 5022 Myrensiun

2158 4935 2370 4995 πολλῶν
2428 4934 2656 4994 ἐπαίνων
2704 4936 2846 5002 ἀξίαν
2903 4939 3170 5017 κρίνομεν,
3244 4940 3441 5012 Γνώμη
3492 4936 3663 4994 τοίνυν
3718 4938 3815 4992 τοῦ

423 5034 695 5117 pontifex
745 5034 967 5095 donum
1017 5033 1203 5096 divini
1261 5031 1521 5113 Spiritus
1568 5039 1950 5105 consecutus,
1985 5028 2075 5090 vi-

427 5124 578 5188 dens
600 5124 839 5204 juvenis
888 5123 1152 5186 animam
1186 5125 1499 5186 florentem
1553 5121 1887 5197 virtutibus,
1924 5138 2077 5201 prae-

426 5215 572 5276 dixit
627 5219 870 5293 gratiam
932 5232 1069 5295 quae
1126 5213 1187 5274 in
1238 5230 1310 5275 eo
1369 5220 1497 5274 erat
1551 5210 1943 5291 abundatura,
1989 5209 2075 5271 sic

423 5303 634 5365 dicens
669 5319 685 5365 :
745 5302 962 5364 Eorum
997 5301 1235 5383 quidem
1291 5301 1394 5384 qui
1427 5301 1665 5363 tristitia
1712 5298 2071 5375 afficiuntur,

428 5399 539 5455 erit
567 5392 889 5472 benignum
943 5392 1270 5473 solatium;
1325 5391 1574 5473 pulchre
1626 5398 1823 5453 autem
1877 5396 2078 5469 pascet

429 5483 679 5563 animas,
713 5491 770 5544 et
828 5500 931 5546 eos
961 5482 1064 5564 qui
1114 5482 1448 5545 erraverint
1484 5479 1785 5544 revocabit
1831 5480 1903 5542 ad
1939 5496 2076 5559 pas-

2159 5030 2289 5107 πρὸς
2358 5028 2557 5105 πατρὸς
2620 5031 2778 5086 αὐτοῦ
2834 5030 2970 5085 θείου
3023 5030 3123 5085 ὑπὸ
3190 5027 3284 5084 τοῦ
3351 5034 3644 5093 τηνικαῦτα
3710 5032 3809 5095 τῆς

2162 5116 2377 5197 Μυρέων
2459 5115 2709 5194 προέδρου
2785 5132 3173 5198 χειροτονεῖται
3244 5115 3592 5195 πρεσϐύτερος
3627 5162 3642 5190 ,
3713 5123 3812 5178 καὶ

2153 5215 2230 5283 τῷ
2280 5206 2529 5265 δεδωκότι
2589 5215 2705 5283 Θεῷ
2761 5206 3097 5288 ἀντιδίδοται,
3133 5210 3160 5265 ὃ
3212 5205 3377 5287 δῶρον
3424 5207 3592 5270 ὄντως
3638 5206 3814 5287 εὐχῆς

2154 5311 2276 5362 τοῖς
2320 5300 2696 5376 γεγεννηκόσιν
2745 5299 2903 5357 αὑτὸν
2952 5296 3264 5376 γενόμενος.
3328 5290 3385 5355 Ὀ
3440 5295 3623 5371 μέντοι
3666 5296 3815 5376 ἆρχ-

2159 5391 2323 5469 ιερεὺς
2384 5393 2483 5455 τῆς
2536 5385 2752 5465 Μυρέων
2798 5386 2949 5452 οὗτος
2992 5390 3133 5445 θείου
3188 5388 3493 5459 Πνεύματος
3542 5388 3817 5464 εὖμοιρεῐν

2158 5477 2474 5553 ἠξιωμένος,
2524 5477 2622 5545 τὴν
2675 5483 2765 5533 τοῦ
2805 5476 2925 5535 νέου
2982 5478 3167 5559 ψυχὴν
3226 5476 3445 5555 ἀρεταῖς
3506 5476 3816 5550 κατάκομον

429 5590 539 5636 cua
572 5572 803 5654 pietatis
833 5589 845 5635 :
883 5580 942 5635 et
988 5571 1296 5655 apparebit
1325 5580 1594 5636 servator
1625 5569 1701 5633 iis
1729 5571 1831 5652 qui
1860 5568 2055 5635 fuerin

2160 5573 2420 5648 καθορῶν,
2476 5564 2623 5623 οὐδὲν
2676 5565 2978 5634 ἐπιδοιάσας
3030 5578 3118 5628 καί
3179 5569 3295 5647 περὶ
3349 5567 3449 5635 τῆς
3507 5565 3815 5644 μελλούσης

508 5751 537 5807 ³
569 5753 724 5822 Psal.
757 5769 996 5839 unm,
1029 5753 1128 5816 11.
