4136 6432
439 311 554 379 3ῗ3

1743 313 2024 383 MENSIS
2080 306 2509 382 DECEMBER.

3707 310 3829 382 324

439 474 632 536 usque
689 457 1067 536 progreditur
1099 462 1328 534 egestas
1361 455 1383 514 Υ
1430 460 1714 515 statuerat
1746 453 1893 514 filias
1949 469 2076 514 suas

2167 452 2432 511 λιπόντων
2489 455 2668 531 αὐτὸν,
2731 449 2874 532 φεύί
2952 449 3118 531 μέχρι
3171 449 3268 508 καί
3330 451 3484 510 τίνων
3543 456 3580 522 ἦ
3654 450 3828 508 ἔνδεια

439 543 637 622 (erant
657 553 854 605 autem
883 557 1005 608 tres
1029 545 1218 606 forma
1242 540 1531 621 insignes)
1556 541 1838 603 mercede
1858 541 1927 602 ad
1956 541 2084 602 libi-

439 633 636 694 dinem
661 634 1018 713 prostituere
1049 631 1408 707 volentibus,
1436 639 1495 693 et
1521 650 1588 695 ex
1624 649 1826 693 earum
1861 637 2088 710 quaestu

439 740 505 784 se
529 731 586 784 et
606 723 762 784 ﬁlias
782 724 967 786 alere.
1001 721 1113 785 Eas
1131 724 1292 784 enim
1321 720 1699 782 matrimonio
1723 720 2090 800 conjungere

437 830 556 873 non
613 820 864 892 poterat,
898 814 1037 891 quia
1082 819 1326 892 propter
1380 811 1622 872 nimiam
1682 820 2088 890 paupertatem

438 919 646 961 omnes
693 919 792 962 eas
821 900 1309 980 dedignarentur.
1347 900 1402 961 Is
1461 918 1600 978 ergo
1632 899 1692 960 in
1725 899 1819 962 his
1850 907 1997 973 erat,
2034 907 2093 960 et

437 989 592 1050 hanc
621 988 953 1070 improbam
990 989 1192 1051 animo
1225 987 1496 1049 versabat
1553 988 2001 1066 cogitationem,
2034 998 2094 1050 et

430 1078 551 1158 jam
572 1078 645 1140 ad
671 1078 1012 1142 miserabile
1036 1097 1188 1160 opus
1215 1076 1825 1158 aggrediebatur.Sed
1862 1086 1944 1154 tu,
1971 1076 2088 1140 Do-

435 1167 736 1250 mine,qui
761 1177 848 1229 est
880 1179 1091 1232 natura
1116 1169 1332 1241 bonus,
1355 1177 1411 1230 et
1435 1168 1626 1229 omnis
1651 1165 1793 1229 boni
1815 1175 2084 1242 causa,et

431 1254 691 1336 benigne
719 1257 1046 1320 inﬂecteris
1073 1262 1292 1319 nostris
1318 1256 1997 1332 necessitatibus,efficis
2023 1265 2084 1318 ut

431 1346 545 1408 hoc
567 1348 760 1410 veniat
783 1348 854 1408 ad
880 1367 1055 1411 aures
1072 1347 1303 1410 Nicolai
1336 1367 1350 1408 :
1384 1356 1442 1408 et
1463 1346 1683 1408 bonum
1721 1346 1904 1408 mittis
1937 1366 2084 1408 nun-

429 1437 579 1497 tium
635 1445 694 1499 et
725 1447 1063 1518 promptum
1099 1437 1511 1517 opitulatorem
1544 1437 1614 1497 ad
1663 1456 1798 1498 eum
1831 1439 1932 1516 qui
1959 1437 2080 1516 jam

431 1525 710 1588 veniebat
759 1527 817 1588 in
848 1529 1063 1588 anima:
1117 1527 1472 1607 periculum,
1505 1525 1606 1606 qui
1646 1526 1822 1587 simul
1857 1535 1915 1587 et
1956 1527 2086 1606 ejus

2173 545 2406 620 βιάζεται
2466 543 2816 626 προχωρεῖνε
2892 546 3116 620 γνώμην
3181 541 3310 623 ἔσχε
3372 543 3464 607 τὰς
3536 543 3830 620 θυγατέρας

2179 634 2348 713 (τρεῖς
2425 634 2478 690 δὲ
2533 635 2670 702 ἦσαν
2751 633 2894 706 αὐτῷ
2967 629 3235 710 πάγκαλοι
3309 634 3394 689 καὶ
3474 630 3833 712 διαφερόντως

2174 723 2362 800 ἀγαθαὶ
2419 724 2519 790 τὴν
2568 722 2713 799 ὄψιν)
2771 724 2958 798 μισθοῦ
3027 722 3157 799 πρὸς
3232 719 3521 778 ἀκολασίαν
3592 718 3836 777 ἐκδοῦναι

2174 826 2292 876 τοῖς
2353 812 2720 891 βουλομένοις,
2755 813 2842 869 καὶ
2901 813 2962 867 τὸ
3013 812 3249 866 ἐντεῦθεν
3304 814 3492 875 αὐταῖς
3538 810 3838 889 ποριζόμε-

2175 925 2264 959 νον
2325 903 2512 958 ἑαυτοῦ
2574 923 2631 957 τε
2685 902 2778 957 καί
2839 901 2945 956 τῶν
3004 899 3204 956 παίδων
3278 903 3548 956 ποιεῖσθαι
3606 901 3835 978 τροφὴν,

2174 990 2356 1068 ὥσπερ
2414 989 2474 1046 ἐκ
2531 987 2786 1068 βορϐόρου
2843 990 2968 1069 φασὶ
3019 985 3432 1068 βορϐορολογεῖν
3483 986 3830 1064 βοδλόμενος,

2173 1081 2260 1137 καὶ
2331 1081 2496 1158 πόρον
2571 1081 2744 1152 ἑαυτῴ
2813 1080 3069 1158 πορίζειν,
3143 1080 3298 1143 ποίας
3355 1077 3454 1155 ἄρα
3527 1080 3709 1142 πενίας
3768 1079 3836 1136 οὐ

2164 1170 2596 1252 χαλεπώτερον,
2660 1173 2730 1227 Τὸ
2779 1170 2876 1248 γὰρ
2933 1166 3179 1246 ἀνδράσιν
3226 1169 3383 1232 αὐτὲις
3441 1169 3650 1244 νομίμῳ
3707 1191 3835 1225 συν-

2167 1261 2393 1339 αρμόσαι
2444 1261 2598 1336 γάμῳ
2643 1257 2904 1326 ἠϐούλετο
2951 1258 3072 1333 μὲν,
3111 1259 3204 1315 οὐκ
3235 1257 3462 1326 ἠδύνατο
3521 1256 3574 1315 δὲ
3626 1256 3710 1313 διὰ
3765 1257 3835 1312 τὸ

2165 1349 2302 1407 πολύ
2360 1353 2454 1416 τῆς
2516 1349 2697 1413 πενίας
2754 1351 2856 1405 ὑπὸ
2925 1349 3138 1404 πάντων
3196 1349 3342 1413 εὐθὺς
3403 1347 3832 1423 ἀτιμαζομένας,

2165 1448 2258 1497 τοῦ
2293 1441 2556 1514 σωμάτων
2608 1439 2800 1511 ἔρωτος
2852 1437 3072 1494 ἐνταῦθα
3130 1441 3261 1517 πρὸς
3297 1440 3596 1518 χρημάτων
3655 1437 3835 1515 ἔρωτα

2167 1535 2275 1586 τῶν
2331 1526 2632 1605 δευτερείων
2691 1527 3021 1602 ἀξιουμένου.
3088 1519 3144 1585 “ο
3204 1528 3299 1602 μὲν
3359 1527 3446 1585 οὖν
3502 1528 3559 1583 ἐν
3619 1528 3833 1592 τούτοις

433 1617 728 1678 solaretur
757 1624 1190 1697 paupertatem,
1225 1629 1286 1676 et
1317 1616 1600 1678 liberaret
1631 1634 1663 1677 a
1707 1635 1773 1677 re
1799 1635 1932 1697 quae
1961 1626 2076 1678 erat

2168 1623 2258 1698 ἦν,
2309 1621 2396 1675 καὶ
2453 1640 2552 1684 την
2610 1619 2847 1696 πονηρὰν
2893 1618 3089 1684 ταύτην
3142 1615 3340 1674 ὠδίνων
3400 1617 3624 1674 ἔννοιαν·
3686 1615 3835 1672 ἀλλὰ

431 1706 688 1786 gravior,
717 1716 1080 1787 paupertate.
1120 1703 1270 1767 Vide
1319 1713 1515 1767 autem
1553 1705 1696 1766 mihi
1728 1707 1916 1767 sancti
1947 1725 2076 1768 cum

2169 1711 2254 1764 καὶ
2305 1709 2434 1785 πρὸς
2495 1706 2646 1785 ἔργον
2705 1705 2806 1774 ἤδη
2883 1706 3102 1786 ἐχώρει.
3181 1705 3339 1766 Οὐδὲν
3413 1707 3512 1784 γὰρ
3584 1705 3830 1784 ἀνάγκης

432 1795 751 1876 prudentia
799 1795 1410 1875 commiserationem,
1442 1793 1571 1856 Non
1603 1795 1763 1856 enim
1809 1796 2076 1857 sustinuit

2169 1799 2324 1876 φασὶν
2400 1797 2762 1876 ἰσχυρότερον.
2840 1798 2899 1853 Τί
2957 1795 3012 1852 δὲ
3091 1796 3174 1870 σὺ,
3239 1799 3266 1852 ὁ
3348 1795 3742 1876 φιλάνθρωπος,
3799 1794 3831 1850 ὃ

432 1885 505 1946 ad
539 1903 675 1946 eum
703 1885 1019 1958 accedere,
1045 1891 1103 1946 et
1123 1885 1197 1946 de
1222 1903 1291 1946 eo
1328 1885 1529 1965 paucis
1563 1882 2076 1964 disserere,neque

2171 1888 2366 1965 ἀγαθὸς
2426 1887 2480 1943 ἐν
2531 1893 2658 1943 πᾶσι
2712 1886 2864 1957 Θεὸς,
2920 1889 2946 1942 ὁ
3003 1900 3126 1949 ταῖς
3179 1887 3334 1960 ἡμῶν
3382 1885 3640 1964 ἀνάγκαις
3697 1883 3831 1965 φιλ-

432 1973 488 2034 ei
531 1973 849 2035 ostendere
881 1991 1122 2034 manum
1178 1991 1313 2050 quae
1365 1973 1448 2033 illi
1500 1971 1923 2052 benefecisset,
1957 1993 2088 2054 qua:

432 2064 844 2125 solentfacere
873 2064 975 2142 qui
1009 2072 1150 2125 sunt
1172 2063 1245 2124 ad
1283 2061 1758 2124 misericordiam
1780 2062 1996 2144 pusillo
2030 2071 2088 2125 et

430 2154 664 2233 abjecto
701 2152 900 2214 animo
933 2173 949 2229 ;
1007 2152 1236 2214 sciebat
1265 2152 1426 2214 enim
1463 2151 1588 2214 haec
1621 2169 1754 2214 esse
1784 2151 1982 2232 gravia
2007 2152 2082 2214 iis

429 2245 530 2324 qui
561 2243 636 2304 ab
659 2242 870 2323 opibus
899 2250 959 2304 et
985 2242 1173 2322 gloria
1217 2241 1568 2304 deciderunt
1598 2245 1670 2301 ad
1703 2241 1990 2321 inopiam,
2022 2249 2082 2304 ut

429 2351 565 2412 quae
595 2350 700 2394 eos
747 2331 973 2411 pudore
1021 2331 1304 2412 afﬁciant,
1339 2339 1398 2392 et
1447 2333 1703 2411 priorem
1739 2330 2080 2393 felicitatem

428 2430 712 2488 revocent
739 2421 798 2482 in
833 2421 1182 2483 memoriam
1211 2442 1225 2485 :
1259 2422 1364 2482 sed
1411 2420 1661 2501 perinde
1692 2438 1763 2482 ac
1792 2420 2084 2498 evangeli-

428 2530 563 2574 cum
591 2519 949 2593 praaceptum
978 2510 1358 2572 contendens
1387 2509 2080 2591 superare,quojubetur

427 2620 508 2664 ne
532 2602 590 2664 id
622 2601 781 2683 quod
814 2600 878 2661 fit
907 2600 1165 2663 dextera:
1199 2599 1338 2662 ﬁdei
1372 2599 1690 2662 credatur'l
1725 2622 1740 2658 :
1778 2617 1854 2661 ne
1884 2605 2077 2679 ipsum

430 2692 674 2775 quidem
708 2692 808 2773 qui
851 2691 1225 2756 afﬁciebatur
1254 2690 1550 2754 beneficio
1581 2689 1766 2754 voluit
1793 2690 2080 2753 adhibere

426 2790 638 2846 testem
664 2783 793 2862 ejus
818 2783 974 2863 quod
1000 2781 1178 2844 fiebat
1204 2803 1218 2847 :
1255 2789 1478 2845 tantum
1505 2779 1716 2842 aberat
1738 2789 1801 2843 ut
1829 2779 2077 2860 gloriam

425 2881 720 2955 quaereret
737 2871 810 2934 ab
828 2869 1194 2934 hominibus.
1229 2870 1375 2933 Nam
1399 2871 1528 2952 ipse
1559 2871 1738 2932 etiam
1765 2869 1909 2932 boni
1940 2869 2080 2951 quid

422 2963 670 3040 faciens,
707 2962 892 3043 magis
923 2961 1199 3024 studebat
1246 2962 1457 3039 latere,
1491 2979 1671 3042 quam
1705 2960 1746 3022 ii
1793 2959 1894 3043 qui
1928 2960 2082 3023 mala

421 3053 672 3118 faciunt.
707 3052 882 3116 Certe
930 3071 1068 3114 cum
1113 3051 1244 3114 auri
1277 3051 1637 3134 permultum
1683 3050 1861 3113 simul
1911 3050 2082 3112 colli-

2169 1976 2457 2055 ανθρώπως
2555 1975 3050 2053 ἐπικαμπτόμενος,
3130 1976 3244 2031 τίνα
3329 1977 3595 2053 μηχανὴν
3683 1976 3832 2052 εὐρί-

2169 2088 2338 2138 σκεις,
2400 2067 2487 2122 καὶ
2541 2065 2657 2120 τίνα
2715 2063 2780 2131 δὴ
2839 2066 3128 2143 θεραπείαν
3194 2074 3287 2124 τοῦ
3359 2065 3578 2143 ἀμάχου
3636 2065 3831 2120 τούτου

2166 2162 2384 2226 κακοῦ;
2444 2156 2528 2217 Εἰς
2580 2155 2692 2210 ὦτα
2742 2168 2930 2210 πεσεῖν
2987 2158 3048 2210 τὸ
3104 2156 3382 2232 γινόμενον
3411 2159 3490 2226 τῷ
3545 2154 3832 2231 θεράποντί

2166 2267 2258 2302 σου
2316 2246 2751 2324 παρασκευάζεις,
2802 2246 2894 2301 καί
2956 2242 3184 2323 ἄγγελον
3258 2247 3416 2304 αὐτὸν
3475 2243 3673 2321 ἀγαθὸν
3721 2244 3827 2300 ἆνο

2165 2333 2241 2412 δρὶ
2299 2337 2386 2392 καὶ
2435 2336 2573 2392 κατὰ
2619 2340 2776 2410 σῶμα
2821 2335 3120 2411 πιεζομένῳ
3168 2336 3256 2392 καὶ
3300 2335 3416 2412 περὶ
3469 2333 3658 2414 ψυχὴν
3701 2356 3830 2389 κιν-

2165 2422 2421 2481 δυνεύοντι
2481 2427 2798 2500 θαυμαστῶς
2859 2423 3214 2499 ἐπιπέμπεις,
3267 2425 3401 2498 ὁμοῦ
3460 2444 3518 2479 τε
3565 2423 3665 2490 τήν
3715 2445 3826 2480 πε-

2165 2517 2276 2570 νίαν
2327 2515 2823 2592 παραμυθούμενον,
2855 2516 2943 2570 καὶ
3001 2519 3099 2580 τῆς
3136 2515 3282 2592 ,πρὸς
3340 2511 3614 2570 ἀπώλειαν
3663 2515 3826 2570 αὐτὸν

2163 2604 2422 2684 φερούσης
2479 2603 2778 2680 ἀπάγοντα,
2854 2602 3001 2670 Πλὴν
3061 2602 3159 2678 ὅρα
3218 2627 3309 2679 μοι
3383 2604 3470 2659 καὶ
3513 2608 3667 2661 τοῦτο
3719 2607 3823 2672 τῆς

2163 2692 2405 2771 μεγάλης
2457 2699 2550 2749 τοῦ
2598 2693 2750 2772 ἀγιου
2810 2697 3020 2774 ψυχῆς,
3081 2699 3196 2757 πῶς
3257 2693 3511 2752 συνάπτει
3565 2695 3816 2771 φρονήσει

2161 2784 2224 2839 τὸ
2300 2783 2585 2858 συμποθές,
2648 2781 2719 2840 Οὐ
2795 2784 2894 2862 γὰρ
2953 2783 3212 2858 ὑπάμεινε
3289 2790 3368 2858 τῷ
3422 2781 3564 2862 ἀνδρὶ
3641 2804 3812 2861 προσ-

2164 2872 2360 2946 ελθεῖν,
2396 2870 2512 2930 οὐδὲ
2556 2873 2674 2948 περὶ
2716 2873 2900 2930 τούτου
2955 2873 3042 2930 καὶ
3091 2873 3268 2953 βραχὺ
3327 2896 3374 2930 τι
3435 2872 3808 2954 διαλεχθηναι,

2163 2961 2277 3023 οὐδὲ
2351 2963 2452 3030 τὴν
2539 2961 2840 3042 εὐεργέτιδι
2898 2966 3040 3038 αὐτῳ
3111 2965 3198 3018 καὶ
3276 2963 3440 3038 μόνον
3500 2961 3818 3043 παραδεῖξαι

2162 3055 2354 3134 χεῖρα,
2404 3055 2436 3108 ἃ
2497 3054 2715 3119 σύνηθες
2775 3053 2965 3129 μυ.ροῦ
3023 3059 3152 3110 πᾶσι
3208 3067 3385 3110 ποιεῖν
3441 3054 3562 3117 τοῖς
3620 3076 3822 3129 μικρο-

421 3151 636 3226 gasset,
669 3143 1028 3225 intempesta
1059 3152 1235 3206 nocte
1280 3142 1438 3204 venit
1466 3140 1540 3203 ad
1574 3141 1705 3222 ejus
1735 3139 1850 3202 viri
1893 3140 2075 3220 aedes,

2162 3144 2366 3225 ψύχοις
2402 3145 2501 3213 ,τὸν
2559 3141 2728 3206 ἔλεον,
2778 3141 2933 3211 ’ᾙδει
2963 3143 3062 3221 γὰρ
3107 3141 3188 3200 ὅτι
3240 3144 3460 3223 φορτικά
3487 3149 3652 3199 ταῦτα
3698 3156 3819 3208 τοῖς

423 3245 483 3299 et
521 3253 656 3297 cum
687 3233 747 3296 id
780 3251 884 3315 per
914 3232 1233 3314 quamdam
1267 3232 1574 3312 injecisset
1601 3232 1952 3311 fenestram,
1977 3231 2076 3293 do-

2162 3234 2222 3290 ἐκ
2277 3232 2505 3290 πλούτου
2562 3234 2649 3288 καὶ
2705 3229 2859 3299 δόξης
2891 3233 2960 3297 εἰς
3022 3235 3082 3288 τὸ
3136 3233 3356 3309 ἀπορεῖν
3411 3251 3811 3310 κατενηνεγμε-

422 3343 585 3391 mum
638 3323 838 3386 statim
887 3322 1226 3400 revertitur,
1263 3321 1446 3386 veluti
1489 3319 1851 3384 erubescens
1895 3319 2076 3382 videri

2163 3347 2296 3398 νοις,
2355 3323 2716 3400 ἐντρέμποντα
2757 3343 2814 3378 τε
2863 3323 2955 3387 τὰς
3029 3321 3242 3380 ἐκείνων
3313 3320 3514 3400 ψυχὰς,
3573 3321 3662 3376 καὶ
3731 3319 3805 3386 είς

421 3417 587 3481 dare.
2161 3415 2381 3490 μνήμην
2469 3411 2610 3477 αὖθις
2697 3408 3030 3486 ἐμϐάλλοντα
3100 3411 3197 3480 τῆς
3285 3410 3539 3492 προτέρας
3612 3409 3810 3485 εδημέ-

346 3545 348 3547 -
423 3510 560 3589 ρίας.
642 3501 788 3563 Ἀλλ’
843 3504 1021 3582 ὥσπερ
1074 3499 1454 3582 ὑπερϐαλέσθαι
1541 3501 1855 3582 φιλονεικῶν
1927 3505 2012 3562 καὶ
2092 3504 2190 3572 τὴν
2276 3500 2627 3580 εὐαγγελικην
2705 3501 2912 3567 ἐκεῖνος
2980 3501 3368 3583 παραγγελίαν,
3426 3501 3488 3557 τὸ
3562 3499 3642 3576 μὴ
3713 3522 3814 3556 πι-

422 3600 699 3666 στευθῆναι
754 3595 854 3663 τὴν
931 3595 1206 3674 ἀριστερὰν
1263 3595 1322 3650 τὸ
1384 3595 1695 3672 μυστήριον,
1756 3593 1872 3652 οὐδὲ
1945 3597 2103 3652 αὐτὸν
2157 3591 2433 3664 ἠϐουλήθη
2504 3593 2594 3649 τὸν
2655 3592 2711 3648 εὖ
2761 3593 3046 3672 πάσχοντα
3125 3593 3361 3671 μάρτυρα
3418 3591 3512 3648 τοῦ
3574 3611 3814 3671 πραττο-

423 3690 584 3766 μένου
646 3684 997 3767 παραὶαϐεῖνο
1060 3684 1198 3741 οὕτω
1254 3686 1462 3763 μακρὰν
1524 3684 1728 3766 ἀπεῖχε
1782 3694 1874 3744 τοῦ
1930 3685 2106 3753 ἥττων
2163 3686 2308 3742 εἶναι
2369 3681 2689 3765 φιλοδοξίας·
2745 3683 2860 3741 ἐπεὶ
2917 3685 3008 3742 καὶ
3053 3682 3260 3759 μᾶλλον
3311 3685 3470 3746 αὐτὸς
3519 3681 3716 3760 ἀγαθόν
3764 3703 3815 3750 τι

421 3785 592 3840 ποιῶν
668 3776 703 3845 ἢ
759 3775 926 3855 ἕτεροι
985 3775 1187 3853 πονηρὰ
1262 3773 1484 3853 δρῶντες
1543 3777 1604 3831 τὸ
1662 3775 1844 3834 λαθεῖν
1918 3776 2192 3840 ἔσπευδεν.
2253 3773 2471 3852 Ἀμέλει
2528 3775 2622 3832 καὶ
2684 3772 2840 3853 ἀδρὸν
2898 3772 3201 3850 ἀπόδεσμον
3276 3772 3510 3854 εἰληφὼς
3569 3771 3813 3852 χρυσίου,

417 3871 549 3950 ἀωρὶ
599 3872 704 3924 τῶν
764 3867 963 3923 νυκτῶν
1026 3865 1206 3944 ἔξεισι,
1267 3866 1354 3920 καὶ
1410 3866 1538 3943 πρὸς
1583 3867 1682 3931 τὴν
1741 3867 1905 3924 οἰκίαν
1971 3874 2064 3925 τοῦ
2133 3863 2318 3946 ἀνδρὸς
2379 3865 2626 3945 ἐπιστὰς,
2684 3866 2746 3921 τὸ
2803 3865 2903 3940 μὲν
2959 3863 3175 3946 χρυσίον
3231 3862 3290 3919 ἕκ
3332 3884 3474 3927 τινος
3519 3868 3625 3920 τῶν
3669 3863 3818 3940 θυρί-

417 3961 524 4018 δων
596 3956 731 4014 εἴσω
785 3957 1050 4032 καθίησιν,
1112 3956 1266 4018 αὐτὸς
1341 3952 1394 4010 δὲ
1445 3958 1482 4032 ᾗ
1563 3953 1734 4012 ποδῶν
1795 3957 1955 4038 εἶχεν
2029 3957 2176 4022 εὐθὺς
2265 3955 2564 4030 ἐπάνεισιν,
2626 3952 2805 4034 ὥσπερ
2875 3956 3263 4035 αίσχυνὸμενος
3343 3953 3570 4032 ὁγθῆναι
3641 3973 3819 4029 μετα-

417 4048 606 4112 διδούς.

501 4136 601 4202 Vl.
626 4139 794 4198 Mane
815 4153 956 4213 ergo
979 4152 1114 4197 cum
1141 4133 1228 4196 vir
1247 4135 1350 4198 ille
1380 4135 1742 4200 surrexisset
1769 4145 1830 4200 et
1863 4155 2070 4200 aurum

2236 4133 2300 4210 ς
2300 4135 2340 4195 ³.
2400 4120 2598 4192 "Eu:st
2658 4133 2747 4191 οὖν
2804 4137 2831 4191 ὁ
2887 4134 3021 4213 ἀνὴρ
3069 4135 3319 4216 ἀναστὰς,
3373 4135 3458 4191 καὶ
3487 4135 3550 4192 τὸ
3598 4130 3821 4213 χρυσίον

413 4226 832 4320 invenisset,et
853 4225 1072 4320 deinde
1096 4225 1392 4288 vinculum
1417 4225 1718 4320 solvisset,
1744 4227 1854 4290 fuit
1876 4227 2070 4289 obstu-

2160 4227 2302 4290 εὐθὺς
2358 4225 2613 4305 ἐφευρὼν,
2661 4223 2844 4281 ἔπειτα
2894 4227 2986 4281 τὸν
3038 4224 3232 4300 δεσμὸν
3281 4226 3468 4298 λύσας,
3505 4223 3816 4289 ἕκπληγτσς

417 4319 710 4402 pefactus,
738 4326 797 4379 et
822 4335 886 4378 se
915 4315 1126 4378 falsum
1148 4334 1279 4378 esse
1313 4313 1577 4396 putabat,
1602 4317 1823 4380 timens
1851 4337 1926 4380 ne
1948 4336 2068 4380 non

2160 4319 2249 4397 ἦν,
2307 4317 2395 4371 καὶ
2449 4316 2634 4374 ἑαυτὸν
2705 4315 2910 4389 μᾶλλον
2980 4313 3346 4384 ἐξηπατῆσθαι
3409 4315 3567 4391 ᾤετο,
3630 4309 3818 4375 δεδιὼς

417 4401 577 4472 esset
606 4425 818 4470 aurum
852 4405 910 4467 id
939 4405 1096 4486 quod
1129 4406 1511 4468 cernebatur.
1543 4403 1858 4470 Undenam
1905 4409 2066 4471 enim

2160 4407 2230 4482 μή
2275 4405 2399 4485 οὐχὶ
2450 4406 2648 4484 χρυσὸς
2707 4403 2828 4480 ᾗτὸ
2873 4405 3170 4486 ὁρώμενον,
3201 4401 3324 4462 ἀλλ’
3377 4405 3584 4472 ἀπάτη.
3645 4403 3816 4463 Πόθεν

415 4502 530 4562 tale
549 4498 689 4580 quid
712 4496 920 4559 fuisset
940 4496 1298 4576 suspicatus,
1324 4495 1586 4558 noluisse
1619 4497 2062 4560 benefactorem

415 4607 554 4651 eum
601 4586 822 4650 habere
852 4587 1156 4650 conscium
1190 4585 1466 4648 beneficii
1498 4586 1594 4647 cui
1641 4586 2064 4652 benefecerat?

414 4677 704 4752 Quocirca
731 4681 982 4739 summis
1029 4676 1089 4737 id
1123 4683 1388 4754 atterens
1437 4674 1635 4753 digitis
1666 4686 1726 4739 et
1766 4677 2064 4740 curiosius

412 4769 678 4844 intuens,
712 4765 815 4828 ubi
865 4765 1136 4846 cognovit
1164 4764 1224 4826 id
1271 4782 1412 4827 vere
1447 4783 1582 4827 esse
1625 4783 1858 4842 aurum,
1893 4767 2060 4829 lata-

413 4857 611 4941 batur,
648 4855 1002 4932 mirabatur,
1036 4853 1256 4917 dubius
1303 4863 1429 4918 erat
1459 4853 1664 4931 animi,
1699 4874 1818 4937 prae
1849 4857 2060 4936 gaudio

411 4948 636 5012 calidas
655 4945 996 5009 effundebat
1012 4946 1648 5026 lacrymasPostquam
1664 4953 1860 5008 autem
1878 4945 2061 5008 multa

411 5038 567 5120 apud
619 5055 684 5098 se
713 5054 958 5099 versans
1013 5035 1314 5098 neminem
1348 5033 1610 5097 habebat
1657 5054 1860 5098 eorum
1906 5055 2054 5117 quos

413 5125 812 5207 cognoscebat
832 5126 928 5187 cui
961 5125 1292 5188 ascriberet
1321 5125 1380 5186 id
1408 5123 1567 5206 quod
1599 5123 1817 5188 factum
1844 5125 2060 5208 fuerat,

410 5218 528 5281 hoc
544 5221 663 5278 Deo
677 5225 985 5297 acceptum
1006 5214 1256 5292 ferebat,
1282 5223 1342 5277 et
1357 5215 1632 5294 lacrymis
1653 5234 1772 5277 non
1795 5215 2065 5279 cessabat

415 5307 470 5369 ei
513 5307 730 5385 gratias
759 5324 955 5384 agere,
980 5305 1070 5366 sui
1094 5323 1331 5387 quoque
1361 5304 1421 5365 in
1452 5307 1643 5366 Deum
1668 5306 1898 5386 peccati
1928 5305 2060 5368 cul-

412 5415 545 5478 pam
569 5395 963 5459 contendebat
984 5395 1216 5457 solvere
1245 5403 1382 5456 ante
1401 5393 1606 5470 alia;et
1633 5414 1810 5458 unam
1836 5415 1904 5458 ex
1937 5396 2061 5458 suis

411 5487 646 5558 ﬁliabus
675 5505 894 5570 nempe
934 5487 1210 5569 primam,
1248 5492 1367 5549 viro
1397 5484 1707 5569 conjungit
1754 5487 2060 5552 matrimo-

490 5678 520 5738 7
547 5675 752 5747 Matth.
774 5696 851 5764 vi,
883 5677 941 5743 3.

2149 4498 2249 4576 γὰρ
2298 4495 2361 4552 ἂν
2405 4498 2492 4552 καὶ
2541 4493 2821 4573 δπειλήφει
2879 4493 3141 4572 τοιοῦτον,
3178 4497 3239 4552 τὸ
3298 4495 3376 4571 μὴ
3430 4493 3657 4562 θελῆσαι
3716 4497 3813 4554 τὸν

2147 4585 2546 4666 εὐηργετηκότα
2608 4582 2744 4660 μηδὲ
2802 4585 3078 4662 συνίστορα
3142 4585 3228 4642 τὸν
3291 4584 3348 4641 εὖ
3404 4585 3640 4642 παθόντα
3705 4591 3814 4654 τῆς

2147 4678 2444 4755 εὐεργεσίας
2529 4671 2915 4754 παραλαϐεῖν;
3001 4674 3162 4733 ’Ὅθεν
3257 4671 3440 4755 ἄκροις
3525 4673 3810 4754 ἐπιτρίϐων

2146 4767 2273 4824 αὐτὸ
2356 4763 2630 4829 δακτύλοὶς
2664 4809 2680 4838 ,
2769 4764 2858 4821 καὶ
2942 4763 3344 4844 περιεργότερον
3429 4763 3808 4845 ἐπαφώμενος,

2143 4853 2257 4912 ἐπεὶ
2309 4854 2448 4934 ἔγνω
2501 4856 2701 4935 χρυσὸν
2758 4853 2969 4922 ἀληθῶς
3033 4853 3202 4924 εἶναι,
3247 4852 3427 4926 ἥδετο,
3489 4853 3803 4930 ἐθαύμαζεν,

2142 4945 2426 5026 ἠπορεῖτο,
2473 4946 2666 5023 θερμὸν
2722 4943 2811 5024 ὑφ’
2859 4942 3056 5026 ἣδονῂς
3103 4943 3365 5016 ἀπέσταζε
3414 4942 3660 5025 δάκρυον,
3706 4944 3810 5002 οὐκ

2149 5023 2308 5115 εἶχεν
2359 5023 2474 5092 ὅτι
2503 5035 2598 5092 καί
2649 5023 2878 5112 γένοιτο.
2929 5023 3022 5099 Ὠς
3055 5030 3109 5090 δὲ
3169 5033 3346 5092 πολλὰ
3393 5023 3804 5114 στριφων-καθ’

2147 5125 2358 5207 ἐαυτὸν,
2412 5123 2594 5183 οὐδένα
2633 5125 2764 5205 εἶχε
2805 5130 2912 5182 τῶν
2966 5125 3378 5204 γινωσκομένων
3510 5124 3796 5206 ἐπιγράφει

2145 5218 2207 5272 τὸ
2277 5217 2519 5294 γεγονὸς,
2571 5214 2657 5271 ἐπὶ
2720 5215 2851 5272 Θεὸν
2907 5214 3126 5294 ἀνέφερε
3179 5221 3360 5296 τοῦτο,
3403 5215 3492 5273 καὶ
3547 5212 3805 5294 δάκρυσιν

2145 5305 2477 5386 εὐχαριστῶν
2547 5308 2644 5364 οὐκ
2720 5303 2876 5366 ἀνίει,
2954 5306 3049 5360 Διὸ
3117 5307 3212 5362 καί
3292 5313 3384 5363 τοῦ
3467 5306 3596 5383 πρὸς
3672 5305 3808 5363 Θεὸν

2143 5397 2526 5474 ἁμαρτήματος
2585 5415 2682 5463 την
2751 5395 2921 5451 αἰτίαν
2981 5395 3231 5474 λπείγετο
3285 5397 3386 5475 πρὸ
3441 5399 3548 5451 τῶν
3620 5393 3804 5454 ἄλλων

2142 5483 2306 5563 λύειν,
2368 5485 2457 5543 καὶ
2529 5483 2653 5562 μίαν
2711 5488 2817 5541 τῶν
2885 5484 3206 5567 θυγατέρων,
3255 5484 3291 5554 ἦ
3349 5484 3539 5567 πρώτη
3609 5480 3664 5542 δὲ
3741 5484 3805 5562 ἢν
