4136 6420
299 313 423 383 325

1665 303 1854 375 νΙΤΑ
1898 306 1958 371 S.
2005 299 2341 373 NICOLAI.

3501 319 3508 324 '
3573 300 3690 378 326

297 457 463 529 αὕτη,
522 453 649 532 πρὸς
710 448 898 529 γάμον
960 446 1103 526 ἀνδρὶ
1158 445 1432 524 συνάπτει,
1494 469 1587 508 του
1649 447 1962 524 αῦτομάτως

2057 442 2172 525 nio,
2214 461 2319 524 pro
2342 441 2482 505 dote
2511 438 2569 504 ei
2617 437 2814 504 soluto
2845 456 3007 532 auro
3039 443 3198 525 quod
3227 441 3465 509 abunde
3497 447 3691 511 fuerat

301 546 488 624 ὥσπερ
535 541 742 622 ῥυέντος
803 547 1014 621 χρυσοῦ
1083 538 1118 606 ἤ
1173 536 1538 619 θεοπέμπτου,
1606 535 1813 613 μᾶλλον
1884 538 1964 594 εί-

303 649 456 709 πετν,
487 635 682 696 ἱκανῶς
709 631 784 693 εἷς
846 643 1054 708 προῖκα
1109 626 1558 696 καταϐληθέντος.
1618 627 1790 708 ⁰οπερ
1844 626 1965 684 huc?

310 727 437 804 πρὸς
465 722 666 801 γνῶσιν
689 718 822 788 ἦλθε
850 720 933 795 τῷ
981 719 1278 796 θαυμασίῷ,
1339 719 1428 774 καὶ
1479 715 1617 797 ἔγνω
1673 718 1812 775 κατὰ
1867 718 1965 785 τὴν

313 812 530 888 γνώμην
597 811 743 884 αὖτῷ
796 807 1068 886 πράξαντα
1122 809 1216 865 τὸν
1273 804 1458 888 ἄνδρα,
1519 813 1672 864 τοῦτο
1724 807 1825 886 γὰρ
1870 813 1966 868 καί

303 901 465 963 αὐτὸς
494 895 742 972 ἔσπευδε,
791 898 854 955 τὸ
912 895 1067 954 λῦσαι
1125 893 1209 952 διὰ
1269 902 1362 954 τοῦ
1412 896 1588 975 γάμου
1615 895 1712 963 τήν
1741 901 1834 952 τοῦ
1861 917 1962 952 κα-

298 998 400 1050 κοῦ
427 989 724 1070 πρόφασιν,
774 987 1031 1066 εὒτρὲπὴς
1064 985 1130 1054 ἧν
1182 986 1249 1042 τὰ
1305 982 1470 1062 ὅμοια
1526 985 1622 1043 καί
1681 987 1811 1066 πρὸς
1869 985 1967 1053 τὴν

299 1079 550 1157 δευτέραν
580 1078 792 1158 δρᾶσαι.
835 1077 934 1136 Καὶ
990 1076 1058 1143 δὴ
1106 1077 1196 1132 καὶ
1254 1074 1415 1133 ἄλλον
1466 1074 1772 1152 ἀπόδεσμον
1827 1087 1967 1156 χρυ-

313 1179 432 1245 σοῦ,
460 1168 816 1228 ίσοτάλαντον
872 1173 949 1242 τῷ
999 1165 1262 1245 προτέρῳ,
1322 1167 1510 1231 νυκτός
1569 1165 1820 1246 ἐπιστὰς,
1884 1159 1970 1222 καὶ

313 1259 477 1320 οὐδενῖ
532 1257 793 1327 αἴσθησιν
847 1254 990 1332 δοὺς,
1050 1255 1194 1330 αὖτῷ
1250 1255 1567 1330 ἐπιπέμπει.
1628 1254 1855 1335 σορθρου
1915 1253 1970 1311 δὲ

307 1351 592 1414 διαναστὰς
645 1351 674 1405 6
732 1347 866 1426 ἀνὴρ
935 1347 1024 1402 καὶ
1073 1347 1136 1402 τό
1193 1346 1414 1426 χρυσίον
1478 1345 1668 1413 ἐπίσης
1727 1346 1968 1425 εὑρηκὼς

306 1441 584 1518 κείμενον,
646 1439 736 1494 καὶ
793 1437 915 1495 ἰδὼν
974 1435 1120 1501 ὅπως
1179 1436 1207 1492 ὀ
1265 1436 1396 1500 Θεὸς
1451 1434 1661 1498 ἀπόνως
1718 1439 1861 1508 αὒτῷ
1889 1434 1966 1491 ὕει

307 1532 402 1588 τὸν
432 1529 694 1608 πλοῦτον,
727 1527 840 1604 βίον
897 1547 956 1583 τε
986 1524 1218 1605 δίδωσιν,
1265 1525 1443 1606 ὥσπερ
1500 1528 1528 1581 ὁ
1584 1524 1766 1604 λόγος,
1828 1524 1970 1593 ἀλη-

309 1620 598 1695 λεσμένον,
671 1623 740 1694 τῇ
811 1619 965 1693 ὁμοίᾳ
1042 1616 1234 1697 εἴχετο
1300 1617 1387 1672 καὶ
1472 1614 1616 1680 αὖθις
1689 1614 1963 1686 ἐκπλήξει,

2047 533 2517 614 suppeditatum.
2554 532 2723 606 Quod
2757 531 2997 614 quidem
3032 542 3342 615 postquam
3402 535 3560 598 venit
3616 536 3689 598 ad

2047 623 2314 686 notitiam
2339 622 2569 688 Nicolai
2589 621 2985 698 admirabilis,
3011 633 3070 684 et
3087 623 3392 687 hominem
3416 627 3694 705 cognovit

2048 713 2264 776 fecisse
2295 729 2369 776 ex
2399 713 2532 794 eius
2561 713 2746 774 animi
2779 714 3071 775 sententia
3095 713 3236 792 (hoc
3269 715 3428 777 enim
3480 725 3606 779 erat
3637 716 3694 778 ei

2049 802 2250 865 studio
2282 820 2390 884 per
2416 803 2652 883 nuptias
2679 801 2919 864 auferre
2949 802 3088 865 mali
3118 804 3548 887 occasionem),
3587 826 3694 888 pa-

2051 901 2214 955 ratus
2241 901 2369 955 erat
2395 891 2616 954 similia
2645 910 2880 974 quoque
2913 892 3108 955 facere
3147 892 3207 955 in
3239 895 3564 959 secundam
3617 897 3694 960 ii-

2052 982 2188 1044 liam
2207 1003 2221 1045 :
2239 990 2413 1063 atque
2424 982 2574 1044 adeo
2603 981 2970 1044 tantumdem
2984 981 3120 1045 auri
3140 984 3374 1064 pondus
3390 987 3690 1066 alligatum

2053 1071 2228 1134 mittit
2258 1089 2364 1152 per
2394 1071 2666 1134 eamdem
2698 1072 3016 1134 fenestram
3049 1081 3252 1147 noctu,
3287 1075 3564 1138 omnibus
3594 1075 3692 1138 in-

2053 1161 2401 1224 scientibus.
2431 1161 2578 1224 Cum
2609 1178 2752 1224 vero
2782 1161 2871 1222 vir
2897 1180 3072 1225 mane
3100 1165 3477 1241 surrexisset,
3503 1174 3561 1229 et
3581 1185 3692 1228 au-

2051 1270 2185 1315 rum
2216 1251 2494 1314 similiter
2522 1251 2871 1328 invenisset,
2894 1252 3105 1315 eodem
3140 1255 3315 1316 modo
3349 1273 3555 1318 rursus
3584 1256 3696 1319 fuit

2053 1341 2519 1422 obstupefactus,
2554 1341 2841 1423 humique
2871 1350 3202 1423 prostratus
3246 1343 3438 1406 solum
3489 1346 3698 1409 calidis

2051 1432 2338 1512 irrigabst
2370 1431 2668 1513 lacrymis,
2713 1434 2894 1509 Deus,
2927 1432 3152 1509 dicens,
3189 1434 3292 1516 qui
3317 1434 3401 1497 vis
3453 1437 3695 1500 miseri-

2052 1521 2341 1596 cordiam,
2374 1522 2754 1603 dispensator
2806 1531 3024 1584 nostrae
3075 1524 3305 1602 salutis,
3360 1526 3462 1606 qui
3521 1527 3698 1590 etiam

2055 1614 2220 1694 prius
2239 1623 2480 1694 propter
2494 1631 2683 1675 meam
2702 1613 2879 1674 homo
2900 1613 3089 1676 factus
3111 1633 3175 1675 es
3205 1614 3697 1700 inobedientiam,

317 1713 496 1786 ταύτῃ
549 1732 631 1767 τοι
695 1708 786 1764 καί
847 1710 920 1773 εἷς
981 1709 1081 1785 γῆν
1141 1707 1346 1786 πεσὼν,
1406 1707 1494 1762 καὶ
1551 1714 1629 1782 τῷ
1677 1705 1854 1787 ἐδάφει
1909 1708 1970 1762 τὸ

2057 1714 2115 1765 et
2145 1722 2304 1765 nunc
2340 1721 2436 1765 me
2468 1721 2602 1764 cum
2637 1702 2871 1764 filiabus
2901 1703 3120 1765 liberas
3151 1722 3184 1765 a
3207 1705 3420 1786 laqueo
3445 1706 3698 1790 inimici,

327 1801 575 1876 μέτωπον
641 1797 1012 1878 προσερείσας,
1083 1796 1416 1877 θερμοτέροις
1474 1798 1617 1872 αὐτῷ
1686 1809 1804 1861 τοῖς
1875 1794 1971 1852 δά-

335 1912 516 1968 κρυσιν
543 1887 744 1969 ἔϐαλλε,
778 1888 899 1964 Θεὲ,
937 1887 1133 1967 λέγων,
1193 1887 1380 1966 ἀγαθὲ,
1449 1886 1544 1942 Θεὲ
1599 1886 1814 1944 πάντων
1861 1908 1969 1954 κη-

335 1978 514 2054 δεμὼν
543 1980 630 2036 καὶ
656 1978 842 2057 ἆγαθοῦ
869 1979 1071 2040 παντὸς
1127 1977 1294 2054 αἷτιε,
1356 1977 1604 2052 οἱκονόμε
1664 1979 1762 2043 τῆς
1817 1979 1971 2053 ἡμων

326 2070 620 2146 σωτηρίας,
667 2071 695 2125 6
723 2070 810 2125 καί
855 2067 1110 2146 πρότερον
1145 2065 1229 2123 διὰ
1282 2070 1380 2133 τήν
1431 2066 1567 2143 ἐμὴν
1626 2067 1969 2147 ἐνανθρωπή-

316 2182 415 2223 σας
471 2157 792 2237 παράϐασιν,
858 2159 945 2214 καὶ
1005 2167 1093 2216 νῦν
1156 2154 1269 2232 ἅμα
1318 2158 1469 2213 παισὶ
1525 2162 1622 2224 τῆς
1681 2157 1970 2234 ἀναγκαίας

312 2271 382 2323 με
417 2251 620 2316 ταύτης
669 2246 891 2326 παγίδος
945 2254 1039 2304 τοῦ
1097 2249 1292 2325 ἐχθροῦ
1346 2247 1625 2324 ῥυόμενος,
1693 2247 1848 2310 αὒτός
1880 2269 1972 2322 μοι

311 2341 408 2395 τδν
442 2343 534 2396 τοῦ
565 2345 664 2394 σοῦ
722 2336 1027 2413 θελήματος
1068 2337 1350 2415 ὑπουργὸν,
1412 2337 1504 2392 τὸν
1561 2338 1655 2392 σὸν
1707 2336 1974 2413 μιμητὴν,

322 2429 416 2484 τὸν
445 2427 499 2483 έν
542 2427 839 2506 ἀνθρώποις
895 2423 1145 2504 ἄγγελον,
1213 2425 1269 2490 ὃς
1329 2424 1468 2482 οὕτω
1524 2447 1590 2500 με
1649 2424 1974 2482 ἀναπλάττει

327 2517 507 2593 πάλιν,
569 2516 739 2582 οὕτως
777 2518 1067 2594 ἔγκαινίζει
1125 2536 1217 2591 μοι
1273 2515 1374 2582 τὴν
1434 2515 1744 2594 εὗημερίαν,
1808 2514 1974 2580 οὕτως

2053 1793 2185 1874 ipse
2217 1792 2362 1854 mihi
2393 1811 2527 1854 eum
2563 1792 2812 1854 ostende
2835 1793 2935 1873 qui
2971 1802 3084 1856 tute
3109 1794 3698 1874 deservitvoluntati,

2055 1883 2158 1960 qui
2191 1882 2347 1944 inter
2396 1883 2672 1944 homines
2701 1890 2791 1943 est
2842 1883 3090 1962 angelus
3149 1892 3206 1945 et
3265 1887 3530 1949 imitator
3586 1896 3702 1951 tute

2056 1971 2442 2051 benignitatis
2478 1993 2492 2053 ;
2528 1975 2660 2052 quis
2692 1971 2789 2034 hic
2819 1978 2932 2049 est,
2965 1973 3068 2049 qui
3112 1992 3220 2035 nos
3249 1976 3472 2056 eripuit
3497 1997 3534 2040 a
3563 1997 3707 2059 pau-

2055 2071 2284 2144 pertate
2312 2081 2444 2144 quae
2475 2080 2584 2123 nos
2613 2061 2936 2142 premebat,
2972 2069 3034 2124 et
3061 2081 3096 2125 a
3125 2064 3292 2126 tetris
3319 2065 3498 2128 solvit
3525 2069 3700 2148 cogi-

2055 2152 2399 2214 tationibus.
2435 2151 2588 2215 Ecce
2619 2153 2780 2214 enim
2815 2160 2910 2215 tua
2933 2153 3346 2216 misericordia
3373 2157 3697 2220 secundam

2059 2242 2240 2304 filiam
2275 2243 2440 2305 trado
2473 2243 2595 2304 viro
2627 2243 3106 2322 conjungendam
3145 2245 3526 2309 matrimonio
3556 2247 3701 2328 legi-

2060 2332 2226 2408 timo,
2263 2351 2394 2413 quae
2417 2335 2536 2412 jam
2569 2331 2769 2394 vitavit
2797 2351 2874 2394 ne
2899 2333 2978 2394 sit
3026 2334 3226 2415 praeda
3257 2335 3501 2414 diaboli,
3536 2347 3592 2399 et
3629 2357 3704 2400 ne

2059 2423 2202 2485 mihi
2237 2437 2528 2503 quaestum
2560 2422 2772 2486 afferat
2801 2425 3006 2505 quovis
3035 2425 3277 2504 damno,
3325 2427 3474 2507 prob
3533 2428 3706 2490 dolor

2056 2531 2412 2592 graviorem.

319 2607 548 2687 ὀλεθρίου
602 2606 718 2663 λόει
789 2605 1176 2685 βουλεύματος,
1225 2604 1382 2669 αὖτός
1440 2627 1531 2681 μοι
1589 2612 1774 2662 τοῦτον
1832 2603 1941 2670 ὅτίς
1995 2604 2105 2662 ἐστὶ
2163 2605 2446 2684 γνώρισον.
2508 2603 2639 2662 Ἰδοὺ
2695 2606 2794 2684 γὰρ
2863 2612 2940 2681 τῷ
2999 2605 3134 2663 ἐλέει
3179 2615 3255 2682 τῷ
3313 2614 3412 2685 σῷ,
3459 2610 3548 2666 καὶ
3605 2611 3704 2678 τὴν

312 2697 556 2774 δευτέραν
640 2702 751 2752 τῶν
805 2694 1104 2774 θυγατέρων
1183 2692 1333 2773 ἀνδρὶ
1389 2696 1526 2752 κατὰ
1584 2695 1747 2771 νόμον
1823 2693 2094 2771 ἒκδίδωμι,
2155 2705 2420 2775 φυγοῦσαν
2501 2693 2606 2763 ἤδη
2685 2698 2746 2752 τὸ
2832 2701 3224 2772 μνηστευθῆνια
3284 2704 3362 2772 τῷ
3444 2696 3702 2782 διαϐόλῳ,

311 2790 400 2847 καὶ
429 2785 617 2866 κέρδος
646 2786 765 2862 ὲμοὶ
796 2784 1134 2866 προσφέρειν,
1164 2785 1361 2861 ζημίας
1391 2781 1558 2848 ὅντως
1589 2785 1828 2860 ψυψικῆς
1857 2784 2129 2864 πρόξενον,

397 2868 477 2941 Ζ’.
514 2875 693 2937 Ταῦτά
754 2897 812 2932 τε
883 2874 1060 2955 ἔλεγε,
1131 2876 1218 2932 καὶ
1277 2881 1346 2951 τῇ
1418 2873 1564 2931 παιδὶ
1633 2881 1971 2956 παραχρῆμα

2134 2871 2259 2937 VII.
2293 2873 2431 2937 Haec
2463 2875 2634 2957 dixit,
2674 2885 2732 2939 et
2759 2879 3040 2942 secundae
3080 2883 3218 2946 filiae
3274 2888 3466 2949 statim
3539 2890 3703 2953 cele-

319 2968 491 3026 ὶτέλει
565 2968 694 3029 τοὺς
759 2967 989 3045 γάμους,
1051 2964 1321 3044 μετέωρον
1380 2965 1560 3044 ὥσπερ
1615 2966 1717 3034 τὴν
1789 2967 1973 3046 ψυχὴν

2062 2961 2254 3059 bravit
2285 2965 2544 3048 nuptias,
2577 2977 2778 3059 erecto
2793 2970 2919 3048 jam
2945 2971 3146 3034 animo
3176 2983 3236 3037 et
3265 2975 3420 3038 bona
3451 2995 3558 3059 spe
3585 2980 3702 3043 du-

324 3059 487 3139 ἒχων,
551 3057 640 3114 ἐπὶ
707 3062 956 3136 χρηστῶν
1015 3075 1073 3111 τε
1122 3053 1348 3112 ἐλπίδων
1399 3056 1722 3136 ὀχούμενος,
1763 3057 1836 3121 ὡς
1871 3054 1973 3115 οὐδ’

2061 3061 2192 3115 ctus
2220 3054 2346 3115 fore
2379 3063 2439 3115 ut
2470 3074 2580 3118 nec
2607 3057 2668 3118 in
2700 3059 2876 3120 tertia
2905 3061 3150 3140 quidem
3201 3064 3256 3126 ei
3289 3066 3368 3127 sit
3395 3053 3706 3132 defuturus

316 3153 402 3207 ὲπί
431 3151 536 3216 τῆς
565 3147 755 3225 τρίτης
787 3147 848 3202 ἃν
880 3147 952 3211 εἷς
1008 3147 1210 3225 μακρὸν
1251 3145 1516 3225 ἆπορήσοι
1570 3153 1663 3204 τοῦ
1719 3149 1973 3217 συνοική-

2061 3143 2168 3221 qui
2227 3162 2357 3204 eam
2415 3144 2668 3224 accipiat
2723 3149 3062 3236 conjugem.
3123 3153 3203 3215 Se
3261 3156 3421 3217 enim
3470 3157 3595 3236 jam
3639 3159 3703 3220 in

309 3262 529 3305 σοντος.
565 3239 678 3306 Τὴν
716 3249 911 3317 προῖκα
967 3238 1068 3315 γὰρ
1125 3233 1228 3304 ἤδη
1287 3239 1380 3294 καὶ
1441 3234 1526 3293 διὰ
1583 3238 1768 3316 χειρὸς
1831 3237 1978 3317 ἔχειν

310 3331 477 3407 ᾤετο,
512 3326 748 3408 θαῤῥῶν,
779 3329 853 3392 ὡς
886 3326 1054 3399 εἰκὸς,
1109 3325 1215 3382 ἀπὸ
1273 3331 1377 3383 τῶν
1434 3327 1730 3406 προτέρων,
1791 3327 1976 3385 ’Ἔνθεν

311 3443 396 3479 τοι
452 3421 547 3477 καὶ
606 3418 959 3492 προσεκτιιιὸς
1016 3415 1106 3488 ἦν,
1165 3416 1253 3472 καὶ
1314 3417 1415 3484 τὴν
1472 3419 1656 3497 ψυχὴν
1729 3417 1974 3496 ἐμπαρά-

326 3532 528 3582 σκευος,
589 3508 668 3584 μὴ
731 3508 816 3564 καὶ
872 3506 1010 3584 λάθῃ
1064 3507 1325 3585 φοιτήσας
1355 3508 1383 3562 6
1413 3507 1720 3588 εὐεργέτης,
1754 3509 1841 3564 καὶ
1866 3529 1975 3564 πα·-

338 3601 549 3677 pas-16w
608 3598 708 3672 μὲν
769 3597 1026 3676 εὐφρόνῃ,
1088 3595 1304 3673 λυπήσῃ
1359 3593 1414 3651 δὲ
1488 3603 1560 3670 τῷ
1632 3595 1770 3672 μηδὲ
1835 3601 1978 3673 αὐτῷ

342 3687 502 3753 δῆλος
551 3688 808 3768 γενέσθαι,
860 3693 938 3762 τῷ
995 3689 1052 3742 εὖ
1101 3686 1400 3767 πάσχοντι,
1458 3685 1595 3763 μηδὲ
1631 3694 1787 3745 τοῦτο
1817 3689 1981 3764 μόνον

343 3773 645 3833 ἀντιλαϐεῖν
690 3776 938 3853 θελῆσαι,
971 3777 1071 3844 τὴν
1116 3776 1406 3856 ὁμολογίαν
1451 3779 1552 3844 τῆς
1609 3778 1856 3858 χάριτος,
1923 3770 1980 3836 (Ο

338 3867 438 3945 μὲν
465 3865 528 3934 δὴ
587 3867 720 3924 οὕτω
773 3869 905 3948 πρὸς
961 3869 1062 3933 τὴν
1121 3868 1321 3924 ἐκείνου
1387 3866 1592 3924 ἕλευσιν
1646 3866 1976 3948 διηγρύπνει’

328 3959 601 4039 ἐφίσταται
633 3956 690 4013 δὲ
745 3959 808 4014 τὸ
865 3959 1042 4036 τρίτον
1101 3959 1128 4013 6
1186 3957 1468 4037 εὺεργέτης
1521 3959 1732 4034 βαθείας
1795 3960 1978 4024 νυκτὸς

322 4050 522 4130 ἀψόφῳ
551 4047 698 4129 ποδὶ,
738 4051 827 4106 καὶ
890 4047 1034 4128 παρᾶ
1088 4055 1166 4122 τῷ
1223 4051 1431 4120 συνήθει
1489 4051 1640 4124 τόπῳ
1695 4052 1976 4129 γενόμενος

321 4139 447 4196 ἴσον
476 4145 683 4220 χρυσοῦ
710 4140 797 4195 καὶ
825 4143 975 4203 αὖθις
1007 4136 1308 4215 ἀπόδεσμον
1348 4137 1432 4196 διὰ
1491 4145 1589 4207 τῆς
1648 4143 1811 4208 αὐτῆς
1863 4143 1976 4199 εἱσ-

321 4229 526 4304 πέμπει
616 4227 838 4305 θυρίδος,
925 4229 1013 4284 καὶ
1099 4229 1436 4308 παραχρῆμα
1523 4229 1654 4287 θέων
1727 4231 1971 4308 ἐπανῇευ

2062 3242 2340 3314 promptu
2377 3235 2614 3314 putabat
2645 3235 2868 3299 habere
2900 3237 3123 3316 dotem,
3160 3261 3229 3304 ex
3281 3235 3578 3323 prioribus
3625 3248 3703 3311 de

2062 3340 2131 3384 ea
2161 3341 2424 3404 quoque,
2459 3334 2520 3386 ut
2551 3343 2657 3405 par
2685 3335 2833 3402 erat,
2861 3329 3212 3412 concipiens
3235 3333 3536 3400 fiduciam.
3562 3339 3706 3400 Erat

2059 3412 2260 3508 itaque
2289 3422 2549 3508 attentus
2578 3425 2637 3478 et
2665 3417 2980 3495 sollicitus,
3011 3430 3069 3482 et
3117 3429 3266 3485 totas
3299 3438 3507 3488 noctes
3555 3429 3704 3508 vigi-

2062 3502 2218 3598 labat
2246 3504 2506 3581 assidue,
2541 3525 2618 3568 ne
2649 3525 2721 3568 eo
2757 3509 3048 3572 insciente
3078 3513 3394 3577 accederet
3433 3502 3708 3598 egregius

2061 3593 2164 3656 ille
2193 3596 2602 3675 suppeditator
2660 3600 2957 3677 pecunia):
3016 3601 3120 3663 sed
3179 3603 3229 3665 si
3290 3593 3518 3669 veniret
3568 3593 3705 3672 eum

2063 3683 2354 3747 ambabus
2388 3686 2664 3748 manibus
2691 3690 3198 3769 apprehenderet,
3225 3702 3284 3755 et
3311 3712 3382 3755 ex
3413 3714 3484 3758 eo
3524 3699 3708 3762 sciret

2063 3774 2332 3855 quisnam
2349 3779 2905 3852 esset,etundenam
2920 3799 3128 3842 aurum
3145 3783 3218 3845 ad
3244 3801 3379 3846 eum
3401 3785 3704 3852 afﬂueret.

2063 3868 2254 3944 Atque
2286 3865 2406 3957 ille
2437 3867 2678 3957 quidem
2740 3869 2828 3930 sic
2872 3869 3149 3949 vigilabat
3201 3873 3520 3937 adventum
3576 3878 3708 3957 ejus

2063 3955 2432 4036 praestolans.
2466 3955 2668 4018 Tertio
2697 3967 2893 4020 autem
2927 3962 3290 4040 pedetentim
3342 3966 3573 4029 accedit
3604 3955 3709 4032 Dei

2063 4059 2269 4107 servus
2298 4045 2576 4107 Nicolaus
2607 4065 2740 4108 cum
2797 4058 2959 4111 esset
3010 4069 3122 4112 nox
3176 4053 3506 4132 profunda:
3570 4077 3706 4123 cum

2059 4135 2321 4197 venisset
2350 4137 2425 4198 ad
2457 4137 2654 4198 locum
2706 4151 3085 4215 consuetum,
3150 4145 3517 4207 tantumdem
3577 4151 3708 4214 auri

2058 4243 2269 4287 rursus
2296 4225 2596 4307 alligatum
2629 4227 2896 4289 immittit
2917 4248 3025 4311 per
3054 4231 3326 4294 eamdem
3357 4236 3698 4303 fenestram.

316 4322 491 4384 Αὐτὸς
523 4317 580 4375 δὲ
614 4321 643 4374 6
699 4320 791 4382 τὰς
849 4319 1149 4397 εὐεργεσίας
1205 4320 1442 4389 συνήθως
1499 4317 1822 4401 δεχόμενος,
1883 4329 1973 4380 τοῦ

2062 4313 2232 4379 Pater
2261 4333 2398 4378 vero
2429 4317 2762 4398 puellarum
2786 4338 2920 4381 cum
2938 4322 3224 4386 sensisset
3247 4328 3556 4410 strepitum
3574 4333 3706 4394 auri

318 4410 666 4473 εἰσπεσόντος
725 4419 926 4489 χρυσοῦ
993 4411 1098 4465 τῶν
1183 4410 1371 4488 ψόφων
1467 4409 1800 4492 αἰσθόμενος,
1891 4414 1978 4470 καὶ

315 4501 498 4574 τούτῳ
546 4512 801 4578 παρεῖναι
860 4498 1022 4560 πάλιν
1083 4501 1173 4556 τὸν
1233 4501 1433 4570 συνήθη
1493 4498 1854 4570 πλουτοδότην
1901 4504 1980 4579 μὴ

313 4591 622 4668 ἀγνοήσας,
656 4590 693 4666 ᾖ
721 4589 923 4670 τάχους
978 4590 1138 4671 εἶχεν
1195 4591 1340 4655 εὐθὺς
1399 4588 1608 4649 ἐδίωκε·
1663 4594 1752 4651 καὶ
1807 4615 1978 4651 κατα-

317 4679 505 4738 λαϐὼν
535 4683 626 4736 καὶ
677 4683 830 4759 γνοὺς
888 4679 1035 4746 ὅστις
1089 4679 1204 4755 εἴη,
1266 4679 1383 4740 οὐδὲ
1444 4683 1544 4762 γὰρ
1594 4688 1702 4740 τῶν
1754 4683 1980 4761 ἇσήμων

318 4774 478 4838 οὗτος
560 4774 636 4834 εἷς
697 4771 890 4851 ἀρετὴν
958 4772 1052 4829 οὐκ
1107 4771 1269 4852 εἶχεν
1327 4771 1388 4829 ἐκ
1442 4775 1788 4854 περιχαρείας
1845 4773 1881 4831 ὅ
1929 4795 1978 4830 τι

319 4865 408 4919 καὶ
439 4861 677 4940 γένοιτο,
742 4862 1007 4942 ἐγκρατὴς
1061 4859 1167 4929 ἤδη
1226 4870 1320 4920 τοῦ
1376 4863 1683 4942 θηράματος
1735 4863 1832 4940 ὢν,
1893 4865 1980 4922 καὶ

324 4954 416 5008 τὶιν
475 4952 764 5032 εὐεργέτην
821 4953 877 5009 ἐν
947 4953 1134 5033 χερσὶν
1202 4951 1372 5034 ἔχων,
1448 4951 1786 5031 Λαμϐἄνεται
1855 4958 1981 5034 γοῦν

330 5039 494 5110 ἡδέως
549 5047 659 5099 τῶν
717 5041 917 5099 ἐκείνου
973 5039 1173 5124 ποδῶν,
1235 5045 1324 5100 καὶ
1380 5041 1656 5123 λυτρωτὴν
1684 5047 1842 5104 αὐτὸν
1889 5048 1979 5103 καὶ

325 5133 516 5209 βοηθὸν
579 5133 667 5190 καὶ
725 5137 943 5210 σωτῆρα
1002 5133 1195 5211 ψυχῶν
1267 5133 1341 5197 εἷς
1418 5131 1652 5214 ἔσχατον
1709 5133 1977 5201 ἀπωλείας

320 5221 640 5304 ἐρχομένων
699 5221 898 5283 ἐκάλει.
966 5223 1024 5278 Ei
1081 5223 1157 5297 μὴ
1213 5223 1314 5301 γὰρ
1369 5224 1492 5287 τοὺς
1553 5224 1697 5300 σοὺς,
1765 5223 1972 5304 ἔλεγεν,

315 5314 626 5393 οἰκτιρμοὺς
685 5315 714 5370 6
769 5313 942 5392 μέγας
996 5309 1132 5368 ἐλέει
1193 5309 1503 5380 διανέστησε
1556 5313 1768 5395 Κύριος,
1808 5314 1974 5372 πάλαι

316 5401 381 5460 ἂν
408 5403 755 5480 ἆπωλώλειν,
818 5405 1004 5481 πατὴρ
1051 5399 1250 5476 ἅθλιος,
1313 5403 1448 5477 μετὰ
1505 5403 1828 5483 θυγατέρων,
1888 5405 1980 5461 οἵ·

311 5516 405 5572 μοι
442 5493 456 5557 !
492 5499 676 5574 τριῶν,
714 5493 887 5554 Ἀλλὰ
941 5501 1032 5552 νῦν
1090 5491 1326 5548 σέσωκεν
1380 5493 1527 5567 ἡμᾶς
1585 5491 1671 5550 διὰ
1717 5515 1834 5575 σου,
1892 5496 1979 5552 καὶ

311 5591 406 5646 τοῦ
493 5594 680 5672 πικροῦ
773 5591 880 5658 τῆς
979 5581 1239 5664 ἁμαρτίας
1323 5580 1573 5664 ἐῤῥύσατο
1661 5585 1976 5666 πτώματος,

384 5694 419 5754 8
443 5693 591 5768 Psal.
625 5712 771 5784 cm,
808 5700 874 5762 7.

2062 4418 2215 4490 quod
2243 4417 2605 4483 ceciderat,et
2625 4420 3123 4480 animadvertisset
3145 4424 3346 4483 adesse
3366 4441 3706 4494 consuetum

2064 4517 2243 4580 opum
2276 4498 2807 4579 suppeditatorem,
2840 4521 3018 4580 quam
3049 4504 3333 4570 citissime
3357 4511 3543 4589 potuit
3568 4532 3704 4577 eum

2064 4596 2158 4651 est
2175 4598 2526 4687 persecutus
2544 4605 2564 4687 _:
2595 4607 2855 4672 cumque
2882 4610 3020 4655 eum
3044 4598 3624 4687 comprehendisset,
3650 4616 3709 4670 et

2065 4678 2437 4776 cpgnovisset
2456 4679 2731 4776 quisnam
2765 4692 2946 4761 esset,
2976 4702 3172 4766 neque
3201 4688 3363 4752 enim
3395 4691 3447 4754 is
3466 4678 3712 4776 propter

2063 4769 2335 4872 virtutem
2369 4777 2430 4872 et
2467 4768 2851 4872 splendorem
2911 4776 3154 4872 generis
3207 4788 3337 4872 erat
3393 4768 3706 4872 obscurus,

2063 4858 2324 4951 procidit
2350 4860 2587 4951 adejus
2604 4861 2810 4942 pedes,
2842 4871 2902 4925 et
2920 4863 3092 4928 illum
3122 4868 3569 4951 redemptorem
3603 4858 3712 4941 vo;

2064 4948 2323 5048 cabat,et
2347 4949 2711 5030 a-ijutorem,
2739 4960 2799 5048 et
2826 4963 3196 5048 servatorem
3220 4948 3554 5026 animarum
3577 4985 3713 5048 quae

2055 5039 2181 5120 jam
2212 5040 2286 5100 ad
2318 5047 2649 5101 extremum
2681 5040 3134 5106 adducebantur
3174 5048 3532 5128 periculum.
3583 5039 3710 5119 Nisi

2061 5129 2245 5202 enim,
2279 5129 2538 5210 dicebat,
2572 5136 2703 5192 tuas
2761 5150 3013 5212 magnus
3069 5134 3172 5198 ille
3205 5138 3265 5200 in
3296 5140 3714 5211 misericordia

2060 5219 2686 5316 Dominus‘excitasset
2708 5221 3146 5316 miserationes,
3172 5227 3296 5307 jam
3328 5231 3468 5294 olim
3502 5237 3710 5316 periis-

2061 5327 2188 5372 sem
2225 5308 2429 5371 infelix
2463 5317 2630 5390 pater
2654 5329 2791 5374 cum
2845 5314 3056 5391 tribus,
3094 5317 3210 5380 heu
3243 5319 3412 5394 mihi,
3449 5308 3708 5390 ﬁliabus.

2063 5398 2182 5462 Sed
2209 5417 2368 5462 nunc
2399 5399 2573 5462 nobis
2604 5419 2712 5481 per
2741 5409 2795 5464 te
2824 5404 2987 5466 dedit
3017 5407 3293 5487 salutem,
3317 5419 3375 5472 et
3395 5411 3470 5475 ab
3491 5419 3710 5481 acerbo

2062 5508 2204 5553 casu
2237 5488 2463 5572 peccati
2495 5490 2806 5556 liberavit:
2841 5503 2900 5556 et
2928 5497 3116 5559 erexit
3144 5501 3456 5566 mendicos
3486 5524 3520 5567 e
3551 5516 3710 5570 ster-

2062 5580 2339 5664 quilinio,
2374 5588 2432 5644 et
2461 5598 2495 5647 e
2526 5588 2682 5646 terra
2710 5599 2959 5665 surgere
2987 5585 3131 5651 fecit
3161 5607 3452 5676 pauperes
3477 5596 3534 5660 8.
3572 5595 3711 5667 Huic
