4136 6418
459 311 575 392 327

1772 318 1827 389 Μ
1838 320 2052 390 ENSIS
2094 313 2520 388 DECEMBER.

3733 311 3857 388 328

461 465 562 526 ille
595 462 836 545 quidem
870 471 1004 523 cum
1037 460 1312 540 lacrymis
1337 459 1558 522 laatitiae
1593 468 1652 522 et
1681 461 1872 522 calido
1897 460 2099 538 Spiritu

2192 460 2373 538 ἡγειρὲ
2402 481 2459 516 τε
2491 459 2596 516 ἀπὸ
2654 459 2875 537 κοπρίας
2940 460 3211 540 πτωχοὺς,
3273 460 3362 516 καὶ
3417 459 3523 516 ἀπὸ
3579 464 3682 538 γῆς
3716 460 3850 517 ἂνὲ-

461 555 599 616 ﬁdei
637 560 690 615 ei
725 552 978 625 dicebat,
1014 559 1075 612 et
1104 554 1178 611 ad
1213 551 1417 610 beatos
1448 550 1582 610 illos
1629 553 1808 630 pedes
1836 553 2106 613 adhaere-

460 644 685 706 scebat.
722 643 826 704 Ille
854 651 1052 704 autem
1089 649 1393 719 postquam
1429 646 1723 718 cognovit,
1757 660 1821 701 se
1850 644 1970 720 jam
2004 643 2106 702 ho-

463 735 607 794 mini
639 732 898 794 evasisse
946 729 1355 798 mauilestum,
1391 746 1526 789 eum
1578 730 1717 791 facit
1748 749 2015 809 surgere,
2050 739 2108 792 et

460 830 834 887 sacramento
864 820 1026 881 illius
1055 819 1329 896 astringit
1357 819 1614 881 animam
1664 839 1739 881 ne
1770 821 1924 900 apud
1957 820 2105 882 alios

459 915 720 996 proferat
751 929 882 990 quae
912 911 1064 970 facta
1090 908 1324 970 fuerant
1357 917 1475 969 toto
1507 916 1776 988 tempore
1802 911 1934 972 vitae
1960 929 2106 990 suae,

457 1023 652 1085 neque
684 1001 945 1080 publicet
977 998 1474 1062 misericordiam.
1511 999 1634 1062 Hoc
1667 1009 1757 1061 est
1787 1000 1966 1080 hujus
1999 1000 2110 1062 viri

456 1089 831 1171 unum,quod
855 1097 945 1150 est
967 1097 1024 1149 et
1047 1087 1469 1161 maximum,et
1495 1090 1752 1151 maxime
1776 1091 2102 1170 cognitum.

455 1182 596 1261 Ejus
617 1199 754 1242 vero
786 1196 918 1260 quae
946 1177 1214 1258 quotidie
1241 1178 1459 1239 fiebant
1488 1179 1547 1239 in
1574 1197 1795 1256 egenos
1816 1180 2105 1241 distribu-

456 1273 740 1345 tiones,et
773 1270 942 1350 panis
974 1267 1263 1329 mendicis
1295 1269 1843 1347 suppeilitationem
1877 1289 2025 1350 quos
2047 1270 2106 1331 in

454 1361 612 1424 fame
645 1359 864 1434 alebat,
897 1366 960 1419 et
984 1357 1155 1418 bonis
1179 1357 1468 1438 implebat
1491 1359 1720 1421 animas
1744 1361 2102 1441 esurientes,

454 1451 525 1511 ad
587 1451 712 1512 haec
769 1466 843 1509 ne
903 1445 1289 1509 mediocriter
1339 1447 1582 1527 quidem
1635 1450 1890 1510 dicenda
1919 1451 2104 1511 suffe-

455 1540 604 1603 cerit
633 1538 872 1620 aliquis.

535 1808 688 1873 VIII.
721 1805 1010 1882 Quoniam
1060 1815 1254 1868 autem
1288 1806 1468 1870 etiam
1528 1807 1808 1869 virtutum
1868 1806 2162 1870 amabatB

453 1909 853 1981 perfectiorem
879 1913 931 1961 et
954 1904 1223 1975 majorem
1247 1905 1399 1975 apud
1425 1905 1602 1962 Deum
1633 1905 2099 1976 coniunctionem

452 1988 695 2069 assequi
729 1994 786 2048 et
813 1984 1308 2060 familiaritatem,
1356 1984 1582 2065 capitur
1619 1987 1862 2066 quidem
1895 2005 2100 2048 amore

450 2079 692 2152 silentii,
752 2075 954 2138 animo
1003 2093 1145 2135 vero
1203 2075 1466 2154 concipit
1521 2074 1845 2137 abscedere
1898 2083 2101 2156 utpote

449 2169 608 2251 quod
643 2184 762 2228 non
796 2170 998 2245 posset
1025 2163 1198 2225 aliter
1229 2165 1467 2246 assequi
1499 2168 1661 2245 quod
1695 2165 2094 2228 desiderabat.

460 2282 481 2316 ι
501 2257 723 2320 Vacate
744 2253 1221 2333 enim,inquit,et
1241 2254 2099 2334 cognoscile9.»0uamohrem

451 2347 652 2410 statuit
682 2363 749 2406 se
780 2345 953 2421 longe
983 2360 1316 2423 removere,
1353 2351 1412 2404 et
1467 2347 1894 2406 convenienter
1951 2347 2100 2407 Pro-

450 2438 644 2518 phetaa
676 2433 942 2496 habitare
965 2433 1024 2494 in
1066 2432 1393 2494 solitudine
1417 2435 1514 2510 '0;
1548 2442 1604 2495 et
1627 2453 1759 2496 cum
1785 2435 2101 2515 aliquando

454 2528 512 2589 ei
543 2527 727 2588 visum
763 2531 919 2585 esset
949 2523 1156 2584 venire
1187 2522 1559 2585 Palaestinam
1610 2533 1673 2584 ut
1725 2533 1927 2586 sancta
1974 2525 2102 2586 loca

450 2617 700 2692 videret,
735 2614 797 2674 in
829 2613 1046 2694 quibus
1077 2612 1177 2690 qui
1210 2631 1316 2691 pro
1348 2612 1520 2674 nobis
1571 2632 1782 2694 passus
1832 2623 1922 2676 est
1979 2617 2096 2677 Do-

451 2707 649 2770 minus
679 2708 738 2765 in
773 2703 994 2764 mundo
1047 2709 1139 2763 est
1181 2711 1470 2778 versatus,
1534 2722 1671 2764 cum
1729 2704 2104 2766 ascendisset

451 2813 660 2857 navem
695 2812 826 2874 quae
855 2801 995 2854 tunc
1030 2801 1271 2855 venerat
1302 2811 1372 2854 ex
1398 2793 1869 2874 ngypto,tendit
1891 2811 2102 2856 versus

446 2885 821 2949 Palmsrinam
848 2882 1024 2944 simul
1053 2881 1293 2962 quidem
1309 2901 1587 2962 quaerens
1605 2902 1733 2944 eam
1753 2902 1930 2961 quam
1949 2883 2104 2946 desi-

447 2974 696 3038 derabat
718 2973 1195 3048 solitudinem,et
1210 2973 1594 3052 proficiscens
1620 2974 1691 3035 ad
1710 2975 1954 3036 visenda
1974 2975 2102 3037 loca

448 3076 672 3129 sancta.
699 3064 816 3128 Sed
841 3065 915 3125 de
939 3062 1034 3124 his
1054 3062 1299 3142 quidem
1324 3063 1527 3126 dicere
1551 3065 1923 3126 differamus.
1951 3068 2098 3128 Pau-

2191 571 2354 616 στησε
2401 551 2660 616 πένητας.
2700 557 2873 608 Ταῦτα
2933 550 3137 612 ἐκεῖνος
3196 550 3288 604 σὺν
3349 547 3595 626 δάκρυσιν
3651 552 3854 629 5-5990-

2190 640 2350 706 σύνης
2418 641 2505 695 καὶ
2574 643 2751 716 θερμῷ
2813 641 3040 706 πίστεως
3112 641 3382 714 πνεύματι
3449 639 3645 715 ἔφασκε
3715 640 3854 718 πρὸς

2189 728 2372 804 αὐτὸν,
2430 731 2516 786 καὶ
2574 728 2739 792 πολὺς
2798 730 2886 801 ἦν,
2949 745 3070 793 τοῖς
3127 729 3410 807 μακαρίοις
3468 729 3670 787 ἐκείνου
3722 732 3854 787 ποσὶ

2188 820 2590 897 προσκείμενος.
2656 811 2712 877 Ὀ
2778 817 2856 899 δὲ,
2919 818 3104 878 ἐπειδή
3137 820 3276 897 ἔγνω
3333 821 3555 900 φανερὸς
3605 818 3709 887 ἤδη
3770 826 3854 892 τῷ

2191 909 2449 986 ἀνθρώπῳ
2507 910 2816 988 γενόμενος,
2877 908 3174 976 διανίστησί
3233 932 3288 966 τε
3339 911 3423 966 καὶ
3465 910 3642 989 ὅρκοις
3687 910 3854 967 αὗτοῦ

2190 1001 2288 1065 τὴν
2356 1001 2542 1078 ψυχὴν
2612 1000 2881 1076 μεγίστοις
2953 997 3376 1079 καταλαμϐάνει,
3443 1002 3520 1073 μὴ
3587 997 3651 1054 ἂν
3711 1001 3847 1078 πρὸς

2191 1087 2398 1166 ἐτέρους
2457 1086 2582 1166 παρ’
2638 1087 2764 1144 ὅλον
2849 1091 3009 1147 αὖτοῦ
3065 1091 3156 1146 τὸν
3218 1091 3331 1162 βίον
3405 1089 3704 1168 ἐξενεγκεῖν
3773 1090 3852 1146 τὰ

2192 1180 2545 1256 γεγενημένα,
2604 1177 2742 1254 μηδὲ
2799 1178 3148 1254 δημοσιεῦσαι
3207 1183 3301 1237 τὸν
3362 1179 3534 1240 ἔλεον.
3596 1177 3684 1236 Ἐν
3745 1181 3854 1255 μὲν

2188 1266 2252 1335 δὴ
2281 1271 2372 1323 τοῦ
2400 1267 2584 1344 ἀνδρὸς
2613 1276 2794 1348 τοῦτο,

2188 1357 2513 1434 ριμώτατον·
2565 1360 2658 1421 τὰς
2715 1357 2770 1413 δὲ
2836 1358 2951 1416 καθ’
3013 1359 3238 1416 ἕκαστον
3289 1363 3420 1436 πρὸς
3447 1361 3570 1422 τοὺς
3600 1359 3657 1414 ἐν
3685 1361 3856 1439 χρείᾳ

2187 1446 2442 1518 διανομὰς
2503 1450 2587 1503 καὶ
2648 1450 2709 1503 τὸ
2771 1447 3050 1528 χορτάζειν
3108 1451 3361 1529 πτωχοὺς
3424 1451 3479 1504 ἐν
3528 1447 3692 1527 ἄρτῳ,
3754 1452 3852 1506 καὶ

2186 1534 2480 1616 διατρέφειν
2552 1539 2736 1600 αὒτιὺς
2812 1539 2867 1592 ἐν
2941 1546 3090 1616 γιμῷ
3161 1543 3248 1594 καὶ
3321 1539 3502 1619 ψυχὰς
3575 1542 3848 1602 πεινώσας

2187 1628 2398 1704 ἀγαθῶν
2459 1626 2756 1700 ἐμπιπλᾷν.
2821 1626 2958 1684 ἀλλὰ
3029 1628 3192 1685 ταῦτέ
3278 1650 3339 1706 γε
3407 1627 3524 1685 οὑδὲ
3610 1631 3848 1706 μετρίως

2831 1271 2917 1326 καὶ
2950 1269 3089 1327 οὕτω
3122 1271 3377 1349 μέγιστόν
3435 1291 3490 1326 τε
3550 1272 3638 1326 καὶ
3695 1292 3854 1349 γνω-

2184 1716 2244 1771 ἅν
2278 1739 2356 1780 τις
2395 1718 2567 1772 εἰπεῖν
2600 1716 2891 1796 ἐξαρκέσοι.

2269 1805 2356 1869 Η’.
2394 1806 2611 1874 Ἐπειδὴ
2669 1805 2724 1862 δὲ
2781 1810 2870 1864 καὶ
2926 1809 3250 1887 τελεωτέρας
3306 1809 3497 1888 ἀρετῆς
3554 1809 3681 1889 ἤρα,
3751 1812 3849 1867 καὶ

2188 1897 2427 1970 μείζονος
2515 1896 2815 1953 ἀπολαῦσαι
2902 1899 2998 1966 τῆς
3084 1900 3224 1978 παρὰ
3309 1906 3424 1973 Θεῷ
3493 1901 3846 1980 οἰκειώσεως,

2186 1983 2443 2059 λαμϐάνει
2506 1987 2603 2059 μὲν
2660 1988 2814 2042 αὗτὸν
2872 1989 3105 2067 ἡσυχίας
3168 1989 3321 2068 ἔρως,
3395 1986 3568 2043 ὠδίνει
3627 1985 3682 2043 δὲ
3740 1989 3847 2055 τὴν

2183 2073 2490 2148 ἀποδημίαν
2524 2076 2660 2132 οὕτω
2692 2080 2924 2153 θερμῶς,
2972 2081 3046 2140 ὡς
3077 2080 3154 2153 μὴ
3212 2079 3272 2135 ὃν
3315 2078 3491 2142 ἄλλως
3549 2082 3691 2153 αύτῷ
3748 2087 3848 2136 τοῦ

2185 2164 2509 2239 ποθουμένου
2582 2165 2868 2231 τεύξεσθαι.
2959 2187 2988 2226 (
3025 2168 3339 2248 Σχολάσατε
3417 2169 3540 2247 γὰρ,
3582 2191 3606 2224 ι
3682 2171 3844 2248 φησὶ,

2193 2277 2215 2309 ι
2251 2255 2339 2310 καὶ
2368 2262 2538 2332 γνῶτε
2581 2277 2602 2310 ι
2664 2257 2758 2311 Διὸ
2809 2255 2904 2312 καὶ
2949 2260 3157 2336 μακρὰν
3213 2272 3391 2316 ποιεῖν
3427 2262 3617 2315 ἑαυτὸν
3673 2258 3844 2336 ἔγνω,

2185 2345 2272 2401 καὶ
2341 2344 2478 2400 κατὰ
2561 2346 2652 2400 τὸν
2723 2348 3010 2423 Προφήτην
3081 2351 3154 2411 εἰς
3226 2349 3425 2428 ἔρημον
3497 2347 3843 2415 αὐλισθῆναι,

2188 2433 2417 2511 Ἐρημία
2474 2433 2571 2508 μὲν
2630 2435 2730 2513 γὰρ
2788 2437 2970 2514 μήτηρ
3029 2438 3289 2518 ἡσδχίας,
3323 2440 3524 2519 ἡσυχία
3573 2437 3627 2494 δὲ
3683 2439 3845 2495 θείων

2184 2525 2398 2580 ἐννοιῶν
2454 2525 2542 2580 καὶ
2599 2525 2841 2603 Θεωρίας,
2906 2527 3208 2584 οιγειότατα
3267 2534 3383 2602 Θεῷ
3441 2530 3843 2596 συναπτούσης.

2190 2614 2290 2671 Καὶ
2343 2634 2472 2670 ποτε
2506 2611 2658 2679 δόξαν
2711 2614 2852 2688 αὐτῷ
2909 2616 3008 2684 τὴν
3067 2617 3426 2686 Παλαιστίνην
3482 2617 3640 2694 ἰδεῖν,
3700 2619 3840 2676 ὥστε

2184 2716 2304 2766 τοῖς
2352 2704 2517 2780 ἁγίοις
2577 2705 2826 2784 ἐντυχεῖν
2884 2706 3094 2787 τόποις,
3149 2707 3204 2763 ἐν
3261 2713 3346 2773 οἷς
3404 2712 3432 2765 ὁ
3488 2710 3620 2788 ὑπὲρ
3675 2709 3832 2783 ἡμῶν

2185 2792 2368 2848 παθὼν
2431 2793 2619 2870 Κύριος
2690 2795 2784 2860 τὰς
2839 2794 2895 2850 ἐν
2971 2797 3160 2873 κόσμῳ
3228 2795 3500 2876 διατριϐὰς
3570 2801 3825 2878 ἐποιεῖτο,

2185 2880 2372 2938 πλοίου
2429 2881 2614 2945 ἐπιϐὰς
2675 2883 2726 2949 ἐξ
2787 2886 3048 2962 Αἰγύπτου
3108 2895 3194 2944 νῦν
3259 2887 3584 2968 ἀναχθέντος
3655 2891 3834 2945 ἐκεῖσε

2182 2973 2440 3051 καταίρει,
2513 2974 2647 3044 ὁμοῦ
2703 2975 2804 3048 μὲν
2861 2975 2963 3041 τὴν
3020 2975 3179 3056 φίλην
3233 2975 3402 3052 διψῶν
3461 2979 3709 3055 ἐρημίαν,
3773 2981 3842 3035 δ·-

2183 3069 2284 3136 μοῦ
2313 3059 2366 3117 δὲ
2398 3065 2484 3119 καὶ
2513 3064 2586 3126 εἰς
2634 3064 2776 3142 θέαν,
2808 3065 2880 3125 ὡς
2913 3063 3015 3132 ἤδη
3063 3066 3290 3146 ἔφημεν,
3352 3075 3458 3123 τῶν
3515 3069 3679 3145 ἁγίων
3737 3069 3837 3124 τό-

450 3157 636 3220 lulum
665 3165 863 3218 autem
893 3154 1288 3216 immoremur
1345 3154 1404 3215 in
1468 3153 1866 3234 navigatione.
1899 3157 2096 3236 Atque

2185 3173 2295 3206 πων
2324 3153 2635 3229 φερόμενος,
2688 3150 2838 3208 Ἀλλ’
2867 3155 2894 3209 ὁ
2927 3153 3024 3227 μὲν
3054 3161 3181 3232 περὶ
3229 3158 3414 3216 τούτου
3470 3155 3631 3230 λόγος
3690 3156 3832 3211 ἀνα-

449 3245 760 3326 navigabat
792 3243 1033 3324 quidem
1065 3252 1226 3304 recta
1257 3244 1316 3304 in
1348 3244 1690 3324 ZEgyptum.
1723 3244 1868 3307 Cum
1897 3255 2093 3308 autem

445 3337 599 3400 nihil
623 3335 957 3397 futurorum
988 3351 1023 3393 a
1051 3333 1249 3393 nautis
1281 3334 1727 3412 praevideretur,
1775 3333 1826 3394 is
1859 3342 2095 3414 tempe-

442 3433 658 3488 statem
691 3423 1006 3484 maximam
1039 3428 1098 3481 et
1139 3439 1326 3482 saevos
1355 3429 1666 3484 ventorum
1711 3421 1974 3503 impetus
2007 3424 2095 3486 eis

445 3512 826 3595 praenuntiat.
877 3509 1120 3572 Dicebat
1163 3509 1324 3570 enim
1376 3529 1443 3572 se
1490 3510 1712 3572 vidisse
1769 3511 2090 3592 malignum

443 3621 653 3665 navem
700 3601 1149 3680 ascendentem,
1213 3599 1446 3681 velique
1504 3609 1562 3662 et
1610 3601 1755 3662 clavi
1811 3604 2096 3666 rudentes

443 3692 638 3771 gladio
661 3691 1087 3764 dissecantem,
1117 3697 1174 3750 et
1205 3696 1384 3750 totam
1411 3707 1621 3751 navem
1653 3689 2010 3754 retinentem
2034 3703 2094 3756 et

443 3783 975 3862 circumagentem,
1013 3788 1072 3840 et
1096 3779 1394 3840 volentem
1428 3797 1558 3841 eam
1595 3800 1728 3842 cum
1760 3781 1902 3844 viris
1945 3783 2094 3864 ipsis

443 3873 860 3951 submergere.
923 3870 1020 3932 Sic
1079 3869 1294 3950 inquit,
1358 3878 1416 3931 et
1465 3870 1658 3931 statim
1694 3870 1870 3933 veluti
1920 3872 2093 3952 signo

441 3961 926 4026 dato.vehemens
939 3959 1102 4039 quaed
1113 3977 1206 4019 am
1225 3959 1486 4038 procella
1505 3960 1740 4040 spirans
1761 3979 1794 4022 c
1809 3960 2087 4040 nubibus,

441 4051 686 4132 pelagus
734 4050 884 4112 tollit
921 4050 976 4110 in
1008 4049 1220 4110 ﬂuctus
1266 4048 1578 4123 maximos,
1614 4057 1673 4110 et
1703 4050 1803 4130 qui
1835 4069 1969 4112 cum
2020 4071 2090 4115 eo

439 4141 948 4222 navigabant,non
971 4138 1168 4201 minus
1202 4139 1567 4200 ﬂuctuabant
1587 4139 2092 4222 auimis,etprope

445 4249 728 4311 maguum
760 4238 983 4292 stantes
1012 4227 1348 4303 Nicolaum,
1393 4228 1580 4291 Deum
1614 4231 1851 4310 quidem
1886 4249 2092 4311 preca-

441 4320 685 4398 bantur,
720 4322 920 4403 ipsum
953 4337 1092 4381 vero
1125 4318 1416 4397 rogabant
1473 4327 1539 4380 ut
1587 4338 1762 4399 opem
1808 4320 1990 4382 ferret
2032 4321 2090 4382 in

443 4412 853 4489 gravissimum
870 4409 1144 4471 adductis
1158 4409 1512 4488 periculum.
1537 4409 1833 4470 etnullam
1851 4428 2093 4490 speran-

2181 3240 2436 3315 μεινάτω·
2468 3242 2632 3316 ἡμεῖς
2665 3239 2719 3296 δὲ
2770 3247 2846 3317 τῷ
2892 3242 3012 3316 πλῷ
3071 3246 3248 3325 βραχύ
3302 3268 3350 3302 τι
3409 3243 3826 3322 προσδιατρίψο-

2181 3349 2303 3405 μεν.
2363 3328 2555 3387 ’Ἑπλει
2619 3333 2717 3404 μὲν
2776 3335 2866 3388 οὖν
2921 3334 3036 3390 εὐθὺ
3093 3338 3194 3403 τῆς
3247 3335 3523 3413 Αἰγύπτου.
3582 3343 3710 3396 Τοῖς
3771 3332 3829 3390 δὲ

2179 3420 2393 3484 ναύταις
2421 3417 2569 3478 οὐδὲν
2628 3428 2718 3478 τοῦ
2777 3421 3070 3497 μέλλοντος
3126 3424 3486 3503 προγνωσθέν,
3551 3431 3832 3502 τρικυμίαν

2177 3510 2326 3572 οὗτος
2392 3511 2574 3573 autat;
2651 3512 2746 3568 καί
2810 3513 3126 3588 πνευμάτων
3196 3511 3532 3592 ἀγριωτέρων
3603 3511 3837 3589 ἐμϐολὰς

2178 3597 2559 3677 προαγγέλλει.
2650 3604 2818 3659 Αὐτὸν
2904 3603 3003 3680 γὰρ
3067 3601 3168 3683 ἔφη
3242 3605 3334 3660 τὸν
3405 3605 3638 3681 πονηρὸν
3700 3601 3839 3661 ἰδεῖν

2178 3686 2432 3745 ἐπιϐάντα
2467 3690 2565 3764 μὲν
2595 3691 2691 3758 τῆς
2723 3693 2879 3768 νεὼς,
2913 3694 2980 3748 τὰ
3039 3691 3092 3748 δὲ
3144 3703 3238 3752 τοῦ
3294 3695 3441 3752 ἱστοῦ
3492 3695 3582 3750 καὶ
3632 3695 3699 3752 τὰ
3729 3700 3838 3750 τῶν

2178 3777 2452 3845 πηδαλίων
2484 3779 2595 3854 ἅμα
2625 3779 2860 3838 καλώδια
2924 3784 3166 3862 μαχαίρᾳ
3225 3781 3562 3860 διατεμόντο,
3611 3783 3744 3850 ἄλην
3775 3805 3838 3840 τε

2179 3870 2508 3949 περισχόντα
2564 3871 2660 3938 τὴν
2729 3879 2849 3928 ναῦν
2905 3873 2991 3929 καὶ
3067 3871 3510 3950 περιδινήσαντα,
3594 3875 3682 3931 καὶ
3757 3876 3842 3946 τῷ

2176 3959 2316 4034 βυθῷ
2372 3961 2701 4037 πειρώμενον
2761 3961 3043 4040 αὔτανδρον
3110 3967 3376 4022 καθεῖναι.
3451 3964 3633 4028 Οὕτως
3704 3963 3835 4043 ἔφη,

2177 4048 2264 4104 καὶ
2318 4055 2654 4128 παραχρῆμα
2703 4049 2882 4130 ὥσπερ
2942 4051 3000 4108 ἐκ
3055 4073 3194 4118 τινος
3252 4053 3494 4110 ἀπόπτου
3553 4054 3840 4128 συνθήμα-

2175 4153 2264 4201 τός
2297 4136 2492 4218 σφυδρά
2523 4161 2603 4203 τις
2650 4137 2881 4215 λαῖλαψ,
2918 4147 3024 4198 τῶν
3083 4147 3256 4220 νεφῶν
3314 4139 3694 4216 διαπνεύσασα,
3757 4144 3839 4207 εἰς

2177 4224 2416 4282 κλύδωνα
2477 4227 2730 4305 μέγιστον
2788 4231 2849 4285 τὸ
2909 4230 3142 4310 πέλαγος
3201 4232 3368 4312 αἴρει,
3439 4234 3587 4289 αὐτοί
3655 4231 3712 4289 τέ
3785 4234 3842 4290 οἱ

2177 4314 2536 4391 συμπλέοντες
2597 4316 2744 4374 οὖδέν
2809 4321 2972 4385 ἧττον
3043 4321 3389 4397 ἐκυμαίνοντο
3459 4323 3552 4387 τὰς
3626 4323 3840 4403 ψυχὰς,

2177 4408 2264 4461 καὶ
2323 4408 2465 4484 παρὰ
2523 4415 2599 4482 τῷ
2672 4409 2893 4487 μεγάλῳ
2963 4412 3205 4486 στάντες,
3275 4411 3517 4491 ηῧχοντο
3589 4413 3687 4486 μὲν
3755 4420 3844 4487 τῷ

442 4501 600 4563 tibus
620 4502 760 4563 mali
778 4499 1163 4573 solutionem,
1181 4516 1255 4559 ex
1283 4517 1354 4560 eo
1366 4497 1526 4579 quod
1547 4500 1672 4578 ipse
1695 4499 2089 4578 praedixisset,

2185 4503 2318 4577 θεῷ,
2377 4495 2581 4554 ἐδέοντο
2640 4497 2692 4554 δὲ
2765 4503 2946 4575 αὐτοῦ,
3025 4501 3291 4576 ἐπαμῦναι
3363 4508 3566 4580 πικρῶς
3650 4500 3842 4558 κινδυ-

441 4597 758 4670 sperantes
779 4609 913 4652 eum
951 4607 1129 4667 posse
1159 4587 1336 4650 etiam
1365 4606 1540 4668 opem
1571 4588 1751 4650 ferre.
1773 4587 1878 4650 Ille
1900 4597 2096 4650 autem

2185 4587 2409 4661 νεύουσι,
2481 4589 2570 4644 καὶ
2627 4587 2892 4666 μηδεμίαν
2955 4590 3221 4663 ἐλπίζουσι
3280 4599 3375 4649 τοῦ
3431 4598 3600 4649 κακοῦ
3657 4591 3842 4672 λύσιν,

440 4697 544 4741 eos
566 4681 748 4760 jussit
781 4681 940 4742 bono
973 4696 1104 4740 esse
1134 4678 1361 4758 animo,
1398 4686 1458 4740 et
1488 4677 1786 4758 pollicitus
1817 4690 1907 4739 est
1930 4677 2094 4740 brevi

2185 4674 2358 4751 ὥσπερ
2417 4676 2523 4734 ἀπὸ
2582 4678 2673 4736 τοῦ
2730 4693 3011 4758 προειπεῖν
3068 4683 3226 4740 αὐτὸν
3297 4682 3385 4739 καὶ
3454 4683 3516 4738 τὸ
3585 4680 3841 4740 δύνασθαι

437 4770 697 4833 futuram
720 4789 756 4833 a
786 4770 941 4831 malo
968 4768 1408 4831 liberationem.
1434 4765 1649 4832 Omnia
1671 4777 1831 4830 certe
1858 4786 1988 4849 quae
2009 4767 2097 4830 eis

2185 4766 2398 4841 βοηθεῖν
2457 4764 2790 4832 ἐλπίσαντες.
2854 4761 2910 4827 Ὀ
2969 4767 3024 4825 δὲ
3079 4769 3291 4848 θαρρεῖν
3351 4792 3408 4826 τε
3468 4770 3677 4831 ἐκέλευε
3745 4775 3843 4828 καὶ

439 4861 692 4923 molesta
721 4868 891 4924 erant
920 4859 1036 4921 cito
1068 4865 1208 4921 sunt
1262 4857 1500 4922 ablata:
1563 4876 1848 4938 mareque
1909 4859 2096 4921 evasit

2185 4855 2419 4934 ταχεῖαν
2474 4858 2659 4923 αὐτοῖς
2721 4857 2927 4916 ἔσεσθαι
2987 4859 3085 4926 τὴν
3149 4858 3470 4938 ἀπαλλαγὴν
3521 4869 3616 4920 τοῦ
3667 4868 3846 4918 κακοῦ

439 4954 764 5034 placidum,
797 4962 857 5015 et
886 4953 946 5013 in
979 4951 1302 5033 perfectam
1330 4958 1618 5013 mutatum
1646 4959 1737 5013 est
1765 4951 2094 5032 tranquilli-

440 5052 660 5108 tatem:
696 5055 757 5107 et
788 5043 904 5125 ipsi
941 5043 1110 5106 obliti
1140 5041 1652 5117 lamentationem,
1702 5042 1776 5104 ad
1829 5041 2088 5104 lmtitiam

437 5135 624 5198 animi
648 5141 786 5196 sunt
813 5133 1105 5212 conversi,
1137 5131 1261 5194 Deo
1294 5139 1353 5194 et
1385 5133 1518 5212 ejus
1573 5132 1794 5194 famulo
1845 5140 2092 5211 agentes

2177 4945 2472 5026 προειρώνει
2506 4965 2523 4982 ο
2577 4946 2658 5002 διὸ
2712 4951 2802 5006 καὶ
2860 4946 3062 5022 συνῳδά
3119 4962 3240 5013 τοῖς
3297 4951 3507 5028 ῥηθεῖσι
3565 4952 3632 5008 τὰ
3686 4951 3842 5028 πρά-

2176 5056 2360 5113 γματα
2416 5033 2720 5112 ἠκολούθει,
2783 5039 2868 5095 καὶ
2949 5040 3014 5095 τὰ
3098 5036 3363 5096 λυποῦντα
3433 5041 3606 5098 πάντα
3672 5038 3845 5106 ὀξέως

2177 5125 2382 5189 ἐλύετο,
2441 5126 2514 5183 ’Ἡ
2571 5148 2630 5183 τε
2693 5129 2788 5206 γὰρ
2843 5127 3085 5186 θάλασσα
3142 5128 3432 5208 ἦμεροῡτο,
3485 5132 3572 5186 καὶ
3615 5131 3695 5193 ,εἷς
3725 5151 3845 5206 γα-

438 5217 679 5296 gratias,
711 5224 770 5275 et
798 5214 1118 5294 dupliciter
1167 5231 1303 5274 eum
1366 5213 1756 5291 admirantes,
1818 5223 1880 5275 et
1930 5213 2090 5292 quod

2185 5214 2351 5283 λήνην
2409 5213 2602 5293 ἀκριϐῆ
2662 5215 3046 5294 μετεϐάλλετο,
3105 5217 3201 5274 mi
3258 5219 3413 5278 αὐτοὶ
3465 5226 3572 5276 τῶν
3628 5217 3846 5296 θρήνων

438 5304 813 5385 praedixisset
843 5305 1052 5379 tristia,
1089 5311 1149 5365 et
1179 5303 1342 5381 quod
1373 5302 1748 5366 removisset.

2185 5305 2325 5369 εὒθὺς
2385 5304 2754 5381 ἐκλαθόμενοι,
2831 5309 2962 5385 πρὸς
3037 5308 3280 5383 εὐθυμίαν
3341 5308 3653 5388 ἐτράποντο.
3709 5310 3850 5366 Ἐν..

435 5399 612 5462 τεοθεν
671 5400 787 5469 Θεῷ
840 5395 938 5470 μὲν
994 5397 1080 5452 καὶ
1135 5401 1212 5468 τῷ
1282 5397 1440 5455 αὐτου
1508 5395 1779 5473 θεράποντι
1833 5395 1933 5463 τὴν
1994 5396 2156 5476 χάριν
2215 5394 2603 5473 διωμολόγουν,
2671 5395 2846 5472 Διπλῇ
2903 5394 2956 5452 δε
3011 5405 3192 5455 τοῦτον
3251 5402 3607 5475 θαυμάζοντες
3668 5400 3839 5472 ἦσαν,

435 5493 513 5562 τῷ
539 5507 597 5544 τε
631 5498 908 5566 προειπεῖν
938 5485 1051 5563 ἅμα
1081 5485 1182 5553 τὴν
1223 5485 1329 5542 τῶν
1360 5489 1684 5566 σκυθρωπῶν
1718 5483 1926 5567 ἔφοδον,
1963 5488 2050 5543 καὶ
2081 5492 2159 5562 τῷ
2187 5485 2339 5543 λῦσαι
2369 5482 2557 5563 ῥᾳδίως
2589 5486 2655 5544 τὰ
2684 5487 2988 5566 σκυθρωπά.

513 5666 546 5722 9
575 5665 737 5732 Psal.
770 5683 911 5745 XLV,
945 5667 1044 5732 ll.
1133 5667 1193 5720 10
1220 5666 1384 5732 Psal.
1419 5684 1539 5745 Liv,
1586 5673 1646 5732 8.
