4136 6424
421 320 530 392 331
1739 328 2019 393 MENSIS
2074 331 2215 393 DEC
2226 332 2502 395 EMBER.
3710 326 3748 396 3
3771 331 3853 395 32

426 463 569 527 olim
599 463 850 545 pulchre
871 463 1066 528 fuerat
1090 462 1470 538 aediﬁcatum,
1498 470 1562 524 ut
1577 463 1704 542 jam
1723 470 1859 524 ante
1886 463 2057 526 decla
2075 498 2091 510 -

2186 465 2428 530 εὐπλοίας
2489 467 2563 530 εἰς
2622 466 2722 532 τὴν
2778 468 2979 523 οἰκείαν
3030 467 3373 543 ἀπέπεμπεν,
3439 468 3605 531 Αὐτὸς
3657 467 3849 541 μέντοι

433 552 585 614 ravit
606 553 819 629 oratio,
841 551 1205 633 jucundeab
1239 551 1326 612 eis
1355 560 1447 613 est
1476 569 1647 632 usus,
1673 558 1730 613 et
1760 570 1969 613 omnes
2000 553 2101 633 qui

2186 558 2316 633 πρὸς
2376 566 2474 622 τήν
2532 561 2631 622 τῆς
2678 557 2830 633 ἁγίας
2877 558 3018 614 Σιὼν
3057 559 3198 636 ἱερὰν
3257 558 3450 629 μονὴν,
3485 558 3552 624 ἦν
3594 559 3693 614 ὑπὸ
3751 564 3851 614 τοῦ

431 644 495 703 in
551 643 681 724 ipso
713 651 883 706 erant
940 643 1190 724 replevit
1242 641 1568 721 voluptate,
1602 660 1824 722 eosque
1867 643 2101 723 excepit

2186 647 2318 702 θείου
2390 649 2548 703 αὐτοῦ
2604 644 2707 711 ἤδη
2783 646 3077 725 παγκάλως
3153 647 3528 722 ᾠκοδομῆσθαι
3586 650 3614 704 6
3683 646 3849 724 λόγος

433 729 673 795 liberali
703 742 761 796 et
796 733 1079 795 muniﬁca
1126 730 1335 811 gratia.
1388 729 1706 811 Sapienter
1755 740 1951 793 autem
2004 751 2101 792 res

2186 732 2472 803 ἐδήλωσεν,
2520 735 2878 810 ἀναστρέψας,
2944 737 3205 801 ἀσπάσιός
3276 758 3335 793 τε
3406 739 3588 799 αὐτοῖς
3661 740 3845 811 ὡφθῖδ,

435 821 572 902 ejus
598 840 859 905 superna
891 802 1276 903 dispensabat
1304 802 1709 901 Providentia,
1734 829 1795 882 et
1826 839 2096 900 magnam

2186 824 2270 878 καὶ
2351 820 2545 892 ἡδονῆς
2605 820 2728 887 οἵας
2800 825 2919 885 τοὺς
2980 826 3035 880 ἐν
3106 826 3240 901 αὗτῇ
3311 826 3512 888 πάντας
3584 824 3848 902 ἐπλήρου.

435 910 594 974 hanc
625 912 822 974 lucem
856 917 983 973 erat
1005 928 1217 987 magno
1251 909 1604 989 impositura
1625 908 2008 984 candelabro,
2047 920 2101 971 et

2187 910 2303 969 Ο“ίδ’
2364 911 2446 968 ὅτι
2506 914 2667 976 πόθος
2725 914 2861 987 ὑμᾶς
2929 918 3152 995 κατέχει
3220 918 3436 995 θερμὸς,
3497 917 3584 971 καὶ
3655 914 3849 988 διψᾶτε

436 1000 577 1065 ideo
625 1021 765 1065 eum
796 1020 1005 1064 rursus
1057 985 1304 1062 deduxit
1340 985 1423 1061 ad
1480 999 1804 1080 civitatem,
1836 1000 2101 1062 divinum

2186 1005 2401 1076 μαθεῖν,
2434 1006 2547 1066 πῶς
2600 1023 2658 1057 τε
2691 1000 2856 1069 ἐπέϐη
2912 1012 3007 1061 τοῦ
3050 1007 3258 1085 θρόνου,
3290 1007 3377 1061 καὶ
3422 1010 3534 1068 πῶς
3584 1005 3651 1060 τὰ
3705 1006 3845 1080 μετὰ

447 1090 565 1153 mel
588 1092 826 1154 virtutis
852 1090 1173 1170 diligenter
1203 1096 1573 1172 operantem.

2186 1091 2288 1157 τὴν
2360 1087 2642 1169 προεδρίαν
2726 1092 2870 1165 αὒτῷ
2941 1091 3238 1163 διήνυσται.
3326 1102 3499 1152 Ταῦτα
3563 1101 3686 1171 γοῦν
3752 1100 3848 1153 καὶ

439 1177 698 1248 δηλώσων
729 1184 755 1238 6
813 1180 974 1259 λόγος
1027 1179 1268 1261 ἔρχεται.
1305 1178 1455 1237 Ἐπεὶ
1488 1180 1587 1257 γὰρ
1632 1187 1808 1259 σοφῶς
1862 1180 2056 1238 ἄνωθεν
2116 1180 2151 1246 ἧ
2211 1179 2438 1255 Πρόνοια
2504 1179 2571 1235 τὰ
2629 1177 2750 1236 κατ’
2796 1182 2950 1238 αὐτὸν
3000 1180 3230 1257 διετίθει,
3260 1185 3349 1240 καὶ
3406 1183 3467 1240 τὸ
3496 1183 3634 1261 μέγα
3687 1186 3851 1241 τοῦτο

434 1275 547 1350 φῶς
611 1271 698 1328 ἐπὶ
730 1270 976 1350 μεγάλην
1037 1270 1231 1345 ’έμελλε
1282 1270 1532 1339 θήσεσθαι
1584 1270 1685 1335 τὴν
1740 1268 1985 1348 λυχνίαν,
2021 1268 2180 1326 πάλιν
2234 1270 2393 1325 αὐτὸν
2455 1268 2543 1324 ἐπὶ
2599 1270 2699 1327 τὴν
2749 1270 2907 1327 πόλιν
2962 1273 3189 1350 κατῆγε,
3224 1271 3528 1353 φιλοπόνως
3578 1275 3638 1329 τὸ
3694 1276 3850 1329 θεῖον

437 1359 558 1434 μέλι
588 1365 690 1428 τῆς
720 1361 915 1439 ἀρετῆς
947 1360 1323 1440 ἐργαζόμενον.

515 1450 616 1514 XI.
670 1450 817 1513 Cum
852 1449 939 1511 sic
990 1457 1188 1511 autem
1240 1448 1418 1510 vitam
1452 1455 1658 1526 ageret
1710 1455 1774 1508 ut
1806 1445 2158 1508 humanosB

441 1559 655 1606 omnes
675 1538 889 1603 lateret
912 1539 1140 1613 oculos,
1162 1556 1228 1600 se
1258 1537 1448 1616 magis
1468 1537 1777 1617 aperiebat
1806 1550 1861 1597 et
1886 1546 2091 1598 osten-

440 1631 619 1695 debat
648 1648 782 1694 esse
816 1629 1053 1692 maximi
1087 1628 1449 1691 faciendum.
1483 1628 1615 1690 Non
1672 1627 1831 1689 enim
1867 1627 2097 1687 celabat

439 1721 624 1784 virtus
645 1719 990 1802 operarium
1023 1740 1036 1781 :
1074 1737 1193 1780 non
1220 1716 1408 1797 magis
1436 1736 1611 1798 quam
1646 1716 1694 1777 si
1728 1716 1822 1777 lux
1856 1736 1960 1777 eos
1992 1716 2096 1793 qui

440 1829 549 1894 per
576 1810 745 1874 illum
775 1809 1103 1873 ambulant.
1155 1808 1311 1882 Quin
1342 1807 1516 1868 etiam
1566 1806 1793 1869 fructus
1826 1804 2093 1868 laborum

439 1900 602 1964 illius
655 1900 771 1963 cito
801 1902 1076 1962 arborem
1129 1896 1456 1961 indicabat.
1503 1895 1622 1958 Sed
1648 1894 1807 1957 Deus
1864 1914 2099 1975 quoque

440 1989 543 2072 qui
596 1998 841 2053 noverat
865 1988 1098 2051 occulta
1144 1988 1344 2054 cordis
1404 1985 1587 2060 illius,
1622 2004 1740 2047 non
1791 1984 2099 2045 sustinens

440 2080 735 2145 cultorem
759 2097 930 2141 suum
954 2077 1214 2159 amplius
1239 2076 1650 2155 latere,virnm
1682 2074 1877 2137 reddit
1897 2077 2095 2136 mani-

439 2169 679 2234 festum.
716 2166 1236 2242 Quemadmodum
1270 2174 1467 2228 autem
1496 2165 1610 2226 hoc
1644 2164 1863 2226 factum
1897 2166 1970 2223 sit
2001 2173 2094 2225 at-

444 2255 1307 2322 tendendaestnarratio.Cum
1326 2254 1425 2316 illo
1440 2264 1553 2316 tem
1565 2272 1707 2335 pore
1733 2252 2094 2335 Myrensium

440 2348 688 2412 antistes
710 2359 770 2410 et
786 2347 990 2410 sedem
1016 2353 1073 2407 et
1094 2344 1270 2406 vitam
1294 2344 1471 2405 simul
1492 2342 1864 2423 reliquisset,
1897 2353 1955 2403 et
1985 2343 2100 2402 iter

439 2438 515 2502 ad
560 2436 749 2501 Deum
783 2444 944 2501 esset
974 2435 1301 2512 ingressus,
1336 2432 1536 2494 divina
1588 2431 1774 2493 subiit
1802 2430 2097 2493 aemulatio

443 2528 746 2609 subjectos
796 2525 851 2588 ei
884 2524 1196 2606 episcopos
1234 2530 1292 2584 et
1322 2540 1354 2584 e
1385 2522 1548 2584 clero
1599 2520 1874 2601 eximios,
1907 2530 1973 2581 ut
2016 2520 2102 2580 vir

2262 1446 2369 1505 lA'.
2446 1449 2598 1507 Οὕτω
2656 1449 2710 1505 δὲ
2771 1453 2969 1526 μετιὼν
3033 1452 3171 1508 ὥστε
3243 1452 3458 1509 πάντων
3537 1450 3847 1532 διαφεύγειν

2178 1537 2298 1600 τοὺς
2384 1537 2709 1617 ὀφθαλμοὺς,
2795 1541 2955 1597 πλέον
3029 1542 3214 1598 ἑαυτὸν
3285 1541 3444 1609 δῆλον
3513 1541 3679 1598 ἐποίει
3751 1550 3852 1603 καὶ

2178 1632 2272 1682 τοῦ
2334 1629 2531 1691 παντὸς
2588 1628 2753 1693 ἄξιον.
2816 1633 2888 1688 ΟΞ»
2940 1633 3038 1710 γὰρ
3088 1631 3307 1707 ἔκρυπτε
3371 1633 3461 1687 τὸν
3516 1632 3744 1709 ἐργαὶτην
3810 1634 3852 1699 ἡ

2180 1717 2364 1789 ἀρετὴ,
2401 1717 2506 1797 οὔχ
2563 1718 2724 1785 ἧττον
2783 1720 2817 1788 ἢ
2874 1724 2936 1776 τὸ
2968 1729 3079 1801 φῶς
3110 1725 3231 1785 τους
3281 1718 3368 1776 ὑπ’
3401 1721 3584 1794 ἐκείνῳ
3611 1745 3850 1799 πορευο-

2182 1806 2388 1881 μένους·
2464 1809 2552 1864 καὶ
2597 1811 2644 1865 οἱ
2718 1817 2824 1865 τῶν
2892 1814 3051 1869 αὐτοῦ
3108 1810 3161 1867 δὲ
3207 1814 3384 1867 πόνων
3440 1814 3631 1888 καρποὶ
3702 1814 3852 1890 ταχὺ

2182 1904 2274 1953 τοῦ
2357 1894 2567 1974 δένδρου
2650 1901 2711 1955 τὸ
2782 1903 2990 1978 εὐγενὲς
3076 1904 3429 1977 κατεμήνυον.
3520 1900 3686 1958 Ἀλλὰ
3750 1906 3855 1959 καὶ

2183 1984 2443 2063 ὀφθαλμοὶ
2501 1996 2633 2046 Θεοῦ
2690 1992 2797 2046 τῶν
2854 1992 3067 2071 acpth
3123 1992 3267 2052 ὄντες
3327 1991 3579 2065 ἐπόπται,
3640 1990 3850 2057 ἥκιστα

2180 2078 2268 2132 καὶ
2324 2075 2400 2131 ἔτι
2458 2076 2733 2135 λανθάνειν
2769 2083 2923 2137 αὗτὸν
2979 2082 3286 2161 ἠνείχοντο,
3354 2082 3692 2155 ’Λμέλεικαί
3746 2080 3850 2149 δῆο

2181 2163 2273 2227 λος
2316 2167 2513 2243 γίνεται
2566 2171 2649 2225 καὶ
2708 2172 2734 2224 6
2786 2173 2968 2249 Πατὴρ
3012 2176 3039 2228 6
3092 2171 3306 2248 βλέπων
3364 2171 3417 2226 ἐν
3468 2177 3547 2244 τῷ
3597 2179 3845 2249 κρυπτῷ,

2180 2253 2459 2320 ἀποδιδοὺς
2529 2258 2714 2333 ἐκείνῷ
2792 2265 2931 2315 κατα
2986 2263 3046 2317 τὸ
3113 2262 3340 2340 ρανερὸν
3408 2259 3690 2336 δείκνυται,
3751 2266 3849 2320 καὶ

2181 2342 2351 2418 ὅπως,
2423 2349 2741 2416 προσεκτέον
2802 2356 2880 2421 τῷ
2936 2349 3257 2427 διηγήματι.
3328 2348 3493 2429 ’Ἄρτι
3558 2360 3649 2407 τοῦ
3716 2354 3845 2410 κατ’

2181 2435 2360 2489 ἐκεῖνο
2430 2445 2614 2512 καιροῦ
2690 2444 2791 2505 τῆς
2865 2440 3085 2517 Μυρέων
3166 2441 3419 2518 προέδρου
3493 2443 3583 2497 τὸν
3657 2443 3849 2520 θρόνον

2182 2521 2344 2603 ἄμφω
2398 2526 2485 2581 καὶ
2516 2528 2604 2583 τὸν
2651 2530 2765 2603 βίον
2810 2528 3193 2609 ἀπολιπόντος,
3223 2529 3385 2602 ζῆλος
3438 2533 3650 2598 εἰσῆλθε
3689 2536 3842 2597 θεῖος

445 2618 657 2698 dignus
708 2622 769 2678 tn
809 2614 953 2677 sede
1004 2620 1419 2694 reponeretur,
1456 2619 1512 2673 et
1561 2629 1697 2672 cum
1730 2623 1930 2672 essent
1985 2610 2099 2670 ali-

445 2706 682 2789 quando
734 2722 941 2768 omnes
987 2702 1328 2781 congregati
1380 2702 1441 2763 in
1492 2699 1768 2774 ecclesia,
1803 2698 2101 2761 consuluit

2186 2700 2383 2781 κλήρου
2466 2707 2555 2761 τὸν
2630 2706 2772 2773 ἄξιον
2843 2707 3129 2767 ἀποδοῦναι
3199 2716 3277 2784 τῷ
3359 2712 3550 2787 θρόνῳ·
3626 2714 3708 2768 καὶ
3767 2710 3833 2782 δή

447 2795 687 2878 quidam
711 2814 779 2858 ex
803 2792 1032 2871 eis,Dei
1056 2790 1440 2872 etsapientiaz
1468 2791 1630 2853 illius
1666 2788 2099 2870 dispensationi

2186 2813 2312 2848 ποτε
2396 2795 2612 2852 πάντων
2694 2797 3202 2875 ἐκκλησιασαμένων
3237 2847 3253 2871 ,
3334 2798 3670 2861 συνεϐούλευέ
3749 2821 3831 2864 τις

445 2869 600 2949 lianc
629 2903 756 2948 rem
790 2869 1071 2966 precibus
1120 2869 1518 2945 committere.
1554 2880 1681 2943 Hoc
1711 2869 1845 2943 cum
1895 2898 2095 2955 omne,

2186 2882 2377 2963 αὐτῶν,
2427 2892 2557 2943 Θεοῦ
2616 2885 2671 2943 δὲ
2727 2895 2882 2945 τοῦτο
2942 2891 3028 2947 καὶ
3075 2892 3174 2956 τῆς
3233 2890 3434 2947 ἐκείνου
3497 2893 3681 2971 σοφίας
3752 2893 3836 2948 οὶ-

446 2984 731 3053 tanquam
767 2972 1180 3055 unusquisque
1212 2989 1379 3033 suam
1412 2970 1688 3050 elegisset
1717 2970 2094 3043 sententiam,

2186 2974 2427 3047 κονομία,
2489 2977 2627 3056 εὐχῇ
2696 2979 2763 3034 τὰ
2836 2989 2928 3037 τοῦ
2996 3001 3312 3058 πραγματος
3390 2970 3699 3059 ἐπιτρέψαι,
3744 2984 3842 3039 καὶ

446 3030 606 3128 Βειῗε
663 3064 765 3146 qui
815 3030 964 3125 facit
1008 3030 1375 3125 voluntatem
1438 3030 1775 3124 timentium
1827 3077 1988 3139 eum,
2042 3066 2101 3118 et

2310 3030 2321 3047 ι
2413 3030 2427 3041 ·
2527 3030 2627 3056 ίκι·
2709 3030 2761 3034 ·”
2846 3030 2925 3037 "'
3002 3030 3310 3058 "l'"l|"""
3391 3030 3508 3038 ""‘
3547 3030 3569 3037 '
3619 3030 3672 3039 '"
3749 3030 3837 3039 ""‘

2186 3061 2281 3127 τὴν
2336 3061 2535 3120 ἐκείνου
2568 3070 2900 3147 χειροτονίαν
2955 3075 3023 3145 τῇ
3052 3067 3255 3126 ἄνωθεν
3308 3030 3608 3150 ἐγχειρίσαῖ
3639 3030 3837 3152 ψῗήφω,

449 3154 688 3218 exaudit
737 3170 949 3235 preces
995 3151 1259 3239 illorum,
1292 3149 1397 3213 uni
1442 3168 1646 3211 eorum
1698 3148 1919 3210 revelat
1961 3166 2097 3209 eum

2186 3149 2363 3239 Οὕτως
2433 3154 2523 3210 οῦν
2575 3158 2748 3213 αὗτῶν
2803 3164 2871 3234 τῇ
2929 3160 3070 3238 εῦχῇ
3136 3148 3475 3239 χρωμένων,
3510 3158 3664 3237 ἤρεσε
3734 3148 3838 3238 γὰρ

450 3244 549 3325 qui
586 3249 715 3305 erat
735 3220 1091 3323 praefuturus
1115 3220 1406 3318 ecclesiae,
1435 3247 1493 3330 et
1515 3238 1598 3330 ad,
1620 3255 1755 3299 eum
1780 3236 2100 3330 aliquando

2187 3240 2215 3294 6
2283 3238 2467 3319 λόγος,
2539 3247 2567 3300 ὁ
2631 3247 2691 3303 τὸ
2775 3220 3191 3322 θελνημιιιη...τῶἰῖ1
3256 3220 3588 3330 ξροϐουμένιξιν
3671 3220 3831 3306 αὐτὸν

448 3332 650 3395 divina
669 3349 963 3414 apparens
985 3329 1159 3403 visio,
1183 3329 1308 3390 visa
1330 3337 1421 3390 est
1442 3327 1498 3390 ei
1513 3329 1827 3407 jubere,ut
1853 3327 2101 3389 veniens

2188 3334 2355 3417 ποιῶν
2415 3331 2627 3414 Κύριος,
2685 3336 2760 3391 ἐνὶ
2822 3337 3025 3395 τούτων
3089 3339 3182 3395 τὸν
3237 3327 3665 3417 προστησόμενον
3729 3339 3832 3405 τῆς

446 3420 521 3484 ad
545 3419 754 3500 templi
775 3418 1000 3480 aditum
1026 3416 1148 3508 illic
1170 3424 1356 3508 staret
1379 3415 1691 3508 etdicere:
1729 3415 1843 3488 Qui
1877 3415 2101 3508 primus

2191 3414 2514 3487 Ἐκκλησίας
2567 3437 2717 3481 ποιεῖ
2772 3426 3061 3505 γνώριμον.
3110 3414 3359 3485 Ποιετδὲ
3417 3426 3598 3493 οὕτως·
3650 3428 3838 3508 E3110-

448 3510 522 3573 ad
556 3510 844 3591 templum
879 3507 1131 3582 venerit,
1167 3507 1218 3568 is
1248 3514 1337 3568 est
1367 3506 1469 3587 qui
1516 3524 1650 3568 meo
1684 3513 1954 3568 movetur
1978 3504 2101 3584 spi-

2191 3507 2336 3581 μένῳ
2392 3517 2467 3584 τῷ
2517 3511 2660 3592 ἀνδρὶ
2716 3514 2842 3589 τῷδε
2894 3517 3004 3573 θεία
3060 3540 3140 3582 τις
3197 3517 3457 3575 ἐπιστᾶσα
3512 3516 3655 3592 ὄψις,
3713 3504 3844 3575 ἐπι-

458 3599 601 3674 ritu,
637 3606 696 3661 et
726 3617 861 3660 eum
893 3596 1284 3677 accipientes,
1317 3605 1407 3657 est
1438 3607 1634 3658 autem
1664 3596 1720 3658 ei
1749 3614 1969 3658 nomen
2000 3594 2101 3657 Ni-

2190 3597 2398 3653 τάττειν
2453 3599 2621 3659 ἐδόκει
2682 3606 2822 3683 παρὰ
2880 3608 2975 3668 τὰς
3034 3616 3126 3665 τοῦ
3179 3616 3306 3664 ναοῦ
3365 3606 3593 3670 εἰσόδοδς
3635 3608 3845 3667 ἐλθόντι

451 3690 677 3771 colaus,
716 3706 850 3753 eum
903 3701 1106 3749 create
1138 3686 1482 3766 episcopum
1521 3704 1534 3748 :
1589 3686 1702 3747 hoc
1735 3686 1893 3748 enim
1927 3694 2018 3748 est
2055 3687 2101 3747 ei

2192 3692 2404 3775 στῆναι,
2440 3693 2549 3771 καὶ,
2583 3693 2789 3772 ’Όσπερ
2831 3695 2917 3770 ἂν,
2949 3698 3129 3775 φάναι,
3170 3703 3384 3775 Πρῶτος
3434 3700 3520 3754 τὸν
3553 3699 3676 3754 ναὸν
3725 3701 3845 3757 εἷσ-

451 3778 968 3862 praedestinatum.

2193 3774 2357 3855 ἐλθοι,
2419 3787 2601 3839 τοῦτον
2662 3783 2806 3840 εἶναι
2860 3788 2951 3841 τὸν
3011 3793 3087 3859 τῷ
3132 3786 3249 3858 ἐμῷ
3304 3788 3614 3862 κινούμενον
3673 3789 3847 3845 Πνεῦ-

450 3893 598 3949 ματι.
665 3867 927 3930 Νικόλαος
999 3866 1165 3942 ὄνομα
1223 3871 1299 3939 τῷ
1365 3864 1504 3943 ἀνδρὶ
1576 3870 1621 3941 ᾧ
1678 3869 1765 3923 καὶ
1823 3867 1922 3935 τὴν
1979 3867 2278 3932 ἐπισκοπὴν
2338 3871 2423 3924 καὶ
2479 3870 2578 3938 τὴν
2647 3875 2743 3939 τῆς
2818 3874 3142 3943 Ἐκκλησίας
3202 3878 3529 3956 προστασίαν
3591 3877 3848 3958 ἐγχειρι-

452 3960 628 4017 στέον.
662 3966 827 4017 Τοῦτο
856 3957 955 4035 γὰρ
986 3955 1127 4029 αὐτῷ
1157 3957 1245 4012 καὶ
1276 3957 1623 4035 προώρισται,
3244 3948 3253 3956 ’

529 4050 666 4113 XII.
700 4046 844 4109 Cum
866 4045 983 4107 hoc
1011 4044 1101 4106 vir
1126 4044 1227 4105 ille
1259 4044 1495 4107 divinus
1525 4046 1864 4127 accepisset
1892 4055 2101 4128 myste-

2198 4125 2209 4130 _
2438 4039 2616 4104 Οὕτως
2679 4044 2706 4098 6
2758 4046 2900 4110 θεῖος
2972 4045 3179 4111 ἐκεῖνος
3243 4047 3377 4121 ἀνὴρ
3446 4050 3687 4130 μυηθεὶς,
3745 4055 3847 4109 οὒκ

448 4140 629 4213 rium,
664 4137 791 4199 hac
822 4134 1044 4216 synodo
1090 4143 1143 4196 et
1180 4135 1342 4197 clero
1397 4125 1822 4213 communicat,
1856 4146 1916 4198 et
1957 4125 2100 4198 vom-

2188 4125 2462 4204 ἆπόρῤητα
2534 4132 2660 4197 παρ’
2720 4135 2890 4209 ἐαυτῷ
2961 4138 3185 4217 κατέχει
3243 4139 3308 4193 τὰ
3369 4139 3658 4213 μυηθέντα,
3704 4137 3853 4195 ἀλλὰ

450 4204 627 4292 nibus
674 4204 1015 4304 diligentius
1047 4223 1394 4286 vacantibus
1444 4226 1725 4300 orationi,
1762 4204 1818 4286 is
1856 4224 1952 4287 cui
2002 4224 2101 4286 ille

2191 4218 2284 4272 καί
2331 4224 2399 4284 τῆ
2431 4219 2629 4296 συνοῖῳ
2683 4223 2844 4281 ταῦτα
2874 4226 2971 4281 καί
3025 4234 3102 4300 τῷ
3130 4226 3315 4304 κλήρῳ
3357 4226 3491 4296 δῆλα
3534 4241 3703 4287 ποιεῖ.
3745 4230 3854 4285 Καὶ

452 4334 702 4399 magnus
748 4315 937 4378 fueiat
964 4313 1279 4394 revelatus,
1316 4316 1475 4376 venit
1514 4315 1575 4376 in
1605 4334 1741 4378 eum
1797 4316 1993 4376 locum
2029 4314 2101 4376 ad

2187 4304 2252 4373 δὴ
2310 4307 2738 4389 φιλοπονώτερον
2800 4315 3037 4396 πάιτων,
3098 4322 3193 4383 τῆς
3251 4320 3419 4396 εὐχῆς
3482 4318 3779 4393 ἐγομένων,
3825 4321 3857 4375 6

449 4394 630 4486 quem
662 4406 853 4468 fuerat
878 4406 1103 4483 jussus.
1134 4402 1264 4466 Jam
1320 4412 1518 4467 autem
1556 4411 1717 4467 circa
1748 4408 2100 4466 matutinum

2186 4394 2274 4450 τὸν
2305 4396 2473 4473 μέγαν
2526 4399 2892 4479 ἐκκαλυφθείς,
2926 4394 3044 4461 ἔνθα
3096 4404 3160 4471 δὴ
3219 4394 3323 4462 καὶ-
3354 4408 3388 4474 ἡ
3448 4419 3675 4487 φανεῖσα
3720 4406 3857 4481 ὄψις

450 4482 650 4559 divino
681 4482 893 4576 spiritu
928 4501 1124 4555 motus
1156 4511 1404 4572 magnus
1434 4494 1535 4555 ille
1581 4494 1860 4556 Nicolaus
1896 4516 1908 4551 :
1944 4492 2101 4554 venit

2187 4482 2446 4555 ἐκέλευεν,
2521 4488 2847 4565 ἀφικνεῖται.
2937 4491 3093 4560 ’Ἤδη
3171 4493 3224 4550 δὲ
3294 4495 3417 4572 περὶ
3462 4482 3584 4552 ’τὸν
3661 4494 3856 4572 ὄρθρον

449 4585 513 4647 in
545 4573 885 4648 ecclesiam.
918 4583 1064 4646 Cum
1097 4599 1233 4644 vero
1277 4581 1484 4644 fuisset
1513 4583 1573 4643 in
1606 4581 1927 4645 vestibulo:
1964 4601 2101 4643 eum

2188 4573 2453 4662 ιΙνεύματι
2512 4577 2634 4652 θείῳ
2692 4584 2922 4647 κινηθεὶς
2984 4586 3010 4640 ὁ
3067 4583 3236 4662 μέγας
3282 4582 3570 4655 Νικόλαος,
3619 4586 3691 4647 εἷς
3744 4585 3855 4652 τὴν

453 4673 756 4757 accipiens
784 4673 833 4735 is
857 4672 957 4753 qui
989 4672 1090 4733 illa
1118 4672 1322 4742 fuerat,
1351 4673 1631 4750 dignatus
1658 4672 1910 4747 visione,
1946 4669 2101 4744 Quo-

2187 4660 2476 4728 ἐκκλησίαν
2534 4668 2626 4722 καί
2674 4670 2829 4735 αὐτὸς
2880 4670 3115 4742 ἀπήντα.
3178 4673 3327 4730 Ἐπεὶ
3382 4672 3436 4729 δὲ
3481 4674 3535 4730 ἐν
3590 4680 3666 4747 τῷ
3713 4696 3857 4752 προ-

452 4753 630 4828 ωοᾶο
657 4762 908 4836 vocaris,
934 4780 968 4823 ο
1000 4762 1105 4837 illi,
1141 4761 1458 4840 diligenter
1481 4761 1726 4841 rogavit.
1762 4761 1868 4824 Ille
1898 4768 2095 4823 autem

2186 4757 2291 4825 ναῷ
2365 4753 2595 4835 γένοιτο,
2657 4756 2898 4839 ἐντυχὼν
2969 4761 3112 4837 αὒτῷ
3185 4765 3212 4818 6
3285 4763 3383 4831 τῆς
3454 4765 3594 4828 θείας
3668 4762 3856 4838 ὅψεως

448 4855 699 4917 comiter
723 4860 783 4916 et
808 4851 1192 4933 simpliciter:
1224 4852 1508 4916 Nicolaus
1541 4840 1840 4934 peccator,
1875 4850 2092 4929 inquit,

2186 4840 2385 4937 Ξκείντις
2424 4842 2773 4937 ’ἠξιωμένον
2805 4857 2926 4915 Πῶς
2984 4852 3107 4933 ἄρα,
3142 4853 3188 4909 ὦ
3217 4854 3423 4934 τέκνον,
3458 4853 3599 4931 καλῇ
3632 4872 3648 4929 ;
3693 4853 3853 4920 εὐθὺς

446 4928 943 5020 Domine,servns
956 4949 1069 5003 tua;
1081 4940 1429 5004 sanctitatis.
1463 4928 1569 5004 Ille
1592 4959 1732 5004 vero
1754 4928 1841 5002 vir
1860 4940 2096 5003 divinus

2186 4928 2356 5023 ᾔρετο.
2398 5021 2406 5023 Α
2441 4943 2479 4991 Ο
2553 4933 2607 4991 δὲ
2665 4938 2847 5016 πράως
2904 4940 3044 4998 οὕτω
3117 4945 3202 4999 καὶ
3276 4928 3509 5023 ἀφελῶς
3575 4928 3852 5010 Νικόλαος

448 5018 762 5114 postquam
794 5031 922 5094 haec
952 5030 1254 5120 moderata
1285 5039 1344 5094 et
1373 5032 1625 5094 humilia
1653 5031 1874 5093 audivit
1904 5030 2095 5110 Magni

2186 5018 2527 5120 ἆμαρταλὸςὶ
2560 5023 2811 5102 δέσποτα,
2845 5028 2971 5111 ἔφη,
3022 5034 3120 5101 τῆς
3170 5018 3460 5110 ἆγιότὴτος
3517 5032 3695 5098 δοῦλος
3745 5034 3858 5101 τῆς

445 5111 651 5194 verba,
679 5122 889 5201 partim
918 5118 1159 5202 quidem
1192 5140 1262 5183 ex
1294 5121 1539 5183 nomine
1567 5120 1799 5186 Nicolai
1848 5120 2011 5198 quod
2037 5120 2095 5182 ei

2186 5113 2297 5202 riis.
2336 5111 2428 5173 Ὠς
2470 5111 2557 5169 οῦν
2607 5117 2635 5169 ό
2691 5119 2837 5180 θεῖος
2896 5119 3101 5186 ἐκεῖνος
3147 5122 3283 5201 ἀνὴρ
3334 5124 3401 5178 τὰ
3432 5121 3623 5200 μέτρια
3677 5128 3857 5181 ταῦτα

444 5198 965 5290 praedixeratvisie
997 5229 1127 5291 quae
1154 5212 1755 5293 apparuerat,partim
1788 5219 1987 5272 autem
2019 5228 2091 5272 ex

2186 5198 2263 5293 cui
2314 5204 2537 5258 ταπεινὰ
2589 5206 2720 5283 πρὸς
2776 5216 2867 5266 τοῦ
2930 5210 3167 5288 μεγάλω
3228 5198 3672 5293 ἀγκούσειεν,ήόίμα
3742 5214 3859 5286 μὲν

444 5288 669 5358 summa
694 5298 965 5358 modestia
990 5288 1130 5369 (non
1166 5288 1466 5372 ignorabat
1498 5288 1897 5372 enim,«Super
1916 5315 2087 5371 quem

2186 5288 2279 5383 ἰπο
2328 5294 2429 5357 τῆς
2488 5300 2577 5349 τοῦ
2611 5295 2871 5354 Νικολάου
2925 5299 3191 5383 κλήσεως,
3223 5302 3291 5370 ἢν
3329 5304 3415 5359 καὶ
3472 5288 3523 5369 ἡ-
3562 5302 3672 5359 θεία
3724 5302 3857 5378 ὄψις

442 5386 601 5450 Deus
627 5391 875 5472 respicit
902 5388 1019 5451 nisi
1048 5408 1228 5472 supra
1259 5391 1461 5455 mitem
1494 5400 1553 5454 et
1599 5391 1868 5473 quietum
1892 5392 1939 5434 ¹¹
1973 5391 2003 5451 ?
2032 5391 2089 5472 ι)

2186 5375 2316 5473 atth
2387 5383 2716 5462 προειρήκει,
2780 5387 2893 5462 ἅμα
2956 5387 3010 5445 δὲ
3083 5393 3171 5449 καὶ
3244 5391 3351 5449 ἀπὸ
3420 5404 3513 5448 του
3584 5393 3848 5470 μεγέθους

442 5467 798 5551 cognoscens
817 5480 979 5538 illum
999 5467 1159 5538 hunc
1180 5495 1305 5540 esse
1333 5496 1504 5555 quem
1527 5467 1679 5541 Deus
1700 5467 2088 5556 significabat,

2186 5467 2271 5533 εῆς
2315 5474 2766 5550 μετριοφροσύνης
2826 5477 2923 5533 καΐ
2979 5488 3071 5537 τοῦ
3120 5479 3432 5555 συνᾴδοντος
3492 5480 3625 5559 αὒτῇ
3668 5467 3854 5563 σχή-

2182 2613 2304 2674 τούς
2362 2635 2420 2669 τε
2449 2613 2537 2671 ὑπ’
2595 2620 2751 2675 αιῖτὸν
2809 2618 3133 2683 ἐπισκόπους
3191 2625 3277 2676 καὶ
3313 2622 3431 2685 τοὺς
3475 2620 3701 2697 λογάδας
3746 2632 3845 2680 τοῦ

518 5656 567 5705 ίί
599 5658 715 5725 Isa.
747 5675 911 5743 LXVI,
939 5658 1000 5726 2.
