4136 6426
344 336 460 405 335

1655 339 1936 404 MENSIS
1976 335 2409 402 DECEMBER.

3610 337 3728 403 336

341 474 476 536 dem
510 491 641 554 qua:
671 471 829 535 bona
856 481 1016 534 esset
1051 472 1280 554 fruens,
1317 473 1478 536 mala
1500 480 1698 535 autem
1731 473 1992 534 carceris

2095 478 2318 554 (ρηστοῦ
2378 476 2476 549 μὲν
2537 473 2680 532 οὑδεν
2746 474 3020 554 μετέχων,
3087 477 3194 531 τῶν
3267 475 3327 532 ἐκ
3397 482 3496 542 τῆς
3567 476 3741 555 φῦλα-

339 562 539 625 ferens
564 570 681 624 tam
706 562 840 623 forti
861 569 917 623 et
943 579 1236 638 generoso
1256 561 1482 638 animo,
1517 581 1692 642 quam
1720 563 1852 642 quis
1879 562 1999 623 fer-

342 659 437 714 ret
464 671 534 714 ea
562 671 692 732 qua:
721 660 926 713 essent
952 658 1116 728 grata
1167 659 1226 713 et
1279 651 1561 729 iucunda.
1617 651 1730 713 Sed
1769 670 1878 712 nec
1910 652 1997 713 sic

343 741 585 822 quidem
610 739 1044 805 intermittebat
1062 758 1205 801 suos
1225 739 1286 801 in
1307 740 1424 802 fide
1447 741 1641 802 alere:
1667 741 1724 800 in
1750 744 1920 801 firmo
1941 752 1999 803 et

343 828 596 892 infracto
621 829 1010 892 fundamento
1027 829 1460 908 pedesillorum
1487 838 1776 905 statuens,
1807 837 1866 891 et
1893 850 1997 892 eos

342 919 609 981 reddens
641 919 951 981 vividiores
979 926 1040 981 et
1067 919 1332 981 acriores
1359 936 1466 998 pro
1498 919 1768 980 veritate.

342 1011 526 1088 ἱστῶν,
597 1015 692 1066 καὶ
766 1009 1134 1087 γενναιοτέρου
1206 1010 1303 1084 μὲν
1361 1008 1645 1084 ἐμπιπλῶν
1719 1013 2056 1093 ὁρμήματος,

347 1120 742 1176 παρεχομενος.

425 1183 580 1248 XIV.
613 1184 725 1247 Sed
759 1184 955 1246 statim
1011 1186 1096 1246 sol
1150 1193 1397 1266 apparet
1441 1195 1575 1266 post
1627 1185 1890 1248 nubem:
1947 1199 2003 1248 et

348 1274 496 1338 levis
527 1283 584 1336 et
613 1275 811 1337 suavis
841 1273 1111 1354 quaedam
1136 1292 1280 1335 aura
1303 1282 1436 1356 post
1459 1276 1807 1354 procellam,
1839 1277 2006 1338 beni-

349 1382 620 1444 gnusque
649 1372 708 1424 et
757 1363 1024 1424 clemens
1077 1380 1249 1423 meus
1310 1362 1584 1426 Christus
1643 1365 1904 1444 desuper
1929 1367 2001 1426 ad

349 1472 514 1517 suam
538 1455 776 1515 intuens
798 1451 1234 1522 haereditatem,
1268 1450 1518 1513 destruit
1541 1455 1779 1532 quidem
1805 1457 2004 1516 omnia

351 1546 676 1627 impietatis
703 1544 1246 1624 sceptra,tollitque
1263 1545 1336 1607 de
1360 1545 2002 1621 medio,Diocletianos,

351 1637 616 1716 inquam,
645 1641 706 1696 et
731 1632 1122 1694 Maximianos
1153 1642 1210 1694 et
1242 1633 1598 1714 quicunque
1656 1635 1821 1695 fuere
1875 1647 2006 1716 post

354 1743 457 1787 eos
481 1723 944 1803 gentiles,erigit
966 1731 1164 1784 autem
1193 1740 1378 1785 cornu
1397 1724 1604 1786 salutis
1629 1727 1846 1804 populo
1870 1746 2000 1807 suo,

2082 564 2182 630 κῆς
2211 564 2263 618 δὲ
2297 563 2550 641 λυπηρῶν
2612 563 2967 644 ἀνεχόμενος,
3033 564 3172 620 οὕτω
3227 569 3501 641 γενναίως,
3563 565 3742 642 ὥσπερ

2083 651 2145 707 ἅν
2176 675 2253 718 τις
2284 652 2489 729 μᾶλλον
2540 652 2713 720 ἡδέων
2766 659 3133 731 κατατρυφῶν.
3199 652 3347 721 Πλην
3403 653 3519 710 οὐδὲ
3578 655 3741 718 οὕτως

2081 742 2216 797 ἀνίει
2271 745 2298 798 ὁ
2357 744 2421 798 τά
2479 743 2650 799 πάντα
2707 757 2977 822 γενναῖος,
3044 741 3162 798 ἀλλ’
3210 744 3391 820 ὥσπερ
3441 744 3556 798 τινὰ
3583 743 3743 821 νεαρὰ

2081 835 2214 913 φ)τά
2244 836 2366 898 τοὺς
2395 831 2484 889 ὑπ’
2520 834 2661 907 αὸτῲ
2694 835 2892 895 πάντας
2954 834 3184 908 νάμασιν
3239 831 3512 898 εὗσεϐεἰας
3572 835 3741 908 ἐπαρ-

2081 921 2184 978 δων
2244 923 2334 998 ἧι,
2395 922 2448 978 ἐν
2509 922 2731 1002 ἀῤῥαγεῖ
2783 945 2842 978 τε
2890 923 3120 998 θεμελίῳ
3178 927 3298 986 τοὺς
3333 923 3546 978 ἐκείνων
3579 921 3739 989 πόδας

2133 1011 2467 1090 ἀξιομάχους
2539 1011 2594 1068 δὲ
2663 1014 2991 1090 στρατιώτας
3064 1019 3163 1080 τῆς
3235 1012 3486 1080 ἀληθείας
3557 1012 3739 1085 αὑτοὺς

2169 1194 2276 1253 LV.
2314 1192 2464 1250 Ἀλλ’
2527 1193 2672 1253 εὐθύς
2726 1191 2880 1262 ἥλιος
2935 1193 3071 1267 μετά
3124 1195 3302 1271 νέφος,
3355 1193 3443 1248 καὶ
3484 1193 3617 1259 ἠπία
3659 1214 3742 1254 τις

2088 1284 2217 1360 αὖρα
2277 1285 2414 1358 μετά
2470 1283 2570 1350 τὴν
2627 1280 2904 1359 καταιγίδα
2966 1284 3050 1337 καὶ
3102 1283 3496 1362 φιλάνθρωπον,
3549 1284 3576 1337 ὁ
3611 1281 3741 1356 ἐμὸς

2090 1376 2314 1449 Χριστὸς
2371 1372 2566 1429 ἄνωθεν
2637 1374 2764 1446 πρὸς
2822 1373 2912 1427 tiu
2987 1371 3144 1428 αὑτοῦ
3215 1370 3344 1426 λαὸν
3421 1369 3738 1445 ἐπιϐλέψας,

2091 1463 2334 1540 καθαιρεῖ
2395 1481 2491 1536 μεν
2551 1459 2792 1525 ἀσεϐείας
2853 1461 3062 1516 ἅπαντα
3122 1466 3389 1539 σκῆπτρα,
3465 1463 3552 1516 καὶ
3605 1460 3742 1535 μετά

2089 1558 2193 1606 τῶν
2246 1550 2412 1630 φίλων
2469 1550 2652 1612 αὑτοῖς
2717 1547 2985 1622 δαιμόνων
3044 1550 3288 1621 οἰμώζειν
3348 1561 3546 1606 ποιεῖ’
3615 1559 3743 1604 Διο-

2090 1638 2365 1704 κλητιανοὶ
2420 1639 2583 1696 ταῦτα
2641 1641 2734 1695 καί
2795 1637 3152 1712 Μαξιμιανοί,
3211 1642 3296 1694 καὶ
3346 1639 3461 1694 ὅσοι
3491 1638 3608 1712 μετ’
3642 1637 3745 1693 αὑ-

2088 1731 2208 1791 τοὺς
2270 1751 2362 1785 του
2428 1728 2752 1802 ὲλληνισμοῦ
2808 1729 3275 1805 προειστήκεισαν.
3359 1727 3631 1793 Ἀνίστησι
3691 1725 3748 1782 δὲ

354 1823 415 1876 et
446 1814 636 1892 ﬁgura
658 1814 854 1874 crucis
885 1830 991 1891 per
1015 1812 1215 1874 stellas
1242 1822 1568 1893 apparente
1591 1816 1926 1877 Constantis
1952 1825 2007 1878 et

2095 1821 2250 1893 κέρας
2311 1819 2576 1895 σωτηρίας
2637 1825 2712 1890 τῷ
2774 1816 2886 1890 λαῷ
2945 1819 3124 1891 αὑτοῦ,
3171 1820 3258 1873 καὶ
3320 1818 3466 1890 τόπῳ
3523 1823 3747 1893 σταυροῦ

351 1903 597 1966 Helena:
641 1902 825 1964 filium
857 1901 1302 1964 Constantinum
1341 1914 1570 1976 evocat,
1604 1911 1664 1964 et
1719 1905 1774 1964 ei
1829 1906 2007 1967 tradit

352 2001 652 2073 sceptrum
682 1990 1184 2054 Romanorusz
1207 2009 1346 2052 vero
1377 2010 1513 2054 cum
1547 2002 1710 2054 esset
1735 1996 2000 2075 sapiens,

357 2091 416 2145 et
444 2100 582 2145 eum
616 2080 713 2142 cui
735 2088 1002 2142 vocasset
1027 2099 1144 2142 non
1169 2080 1590 2160 ignorasset,in
1623 2101 1693 2143 eo
1717 2085 2000 2146 conﬁdit:

2089 1905 2155 1961 δι’
2189 1907 2424 1984 ἀστέρων
2481 1908 2573 1962 τὸν
2629 1907 2973 1968 Κώνσταντος
3031 1910 3120 1962 καὶ
3177 1899 3396 1973 Ἑλένης
3455 1917 3744 1964 Κωνσταν-

2089 2009 2236 2052 τῖνον
2294 2001 2698 2070 μετακαλεῖται,
2763 1998 2847 2051 καὶ
2907 1999 2969 2052 τὸ
3047 1987 3322 2053 ⁹Ρωμαίων
3394 1995 3534 2070 αὑτῷ
3600 2001 3744 2062 σκῆ-

2089 2107 2252 2164 πτρον
2315 2085 2634 2164 ἐγχειρίζει,
2699 2077 2755 2142 ’0
2815 2084 2869 2140 δὲ
2921 2087 3134 2148 συνετὸς
3181 2086 3276 2156 ὢν,
3334 2088 3420 2142 καὶ
3453 2087 3545 2140 τὸν
3575 2084 3745 2142 καλέ-

357 2181 415 2234 et
435 2171 689 2251 dejectis
710 2170 990 2232 omnibus
1016 2169 1396 2247 adversariis,
1417 2173 1716 2234 acerrime
1739 2173 2007 2236 defendit

2095 2197 2258 2231 σαντα
2318 2178 2462 2236 ὅστις
2521 2174 2612 2242 εἴη
2675 2176 2750 2248 μὴ
2822 2175 3090 2251 ἀγνοήσας
3150 2175 3292 2248 αὑτῴ
3346 2195 3398 2228 τε
3457 2173 3743 2248 ἐθάρσησε,

358 2263 677 2341 pietatem:
715 2268 775 2322 et
806 2260 877 2321 iis
907 2260 1009 2337 qui
1045 2259 1208 2340 prius
1265 2261 1501 2323 fuerant
1549 2262 2007 2341 imperatoribus

2095 2267 2180 2320 καὶ
2243 2263 2335 2320 ὑπ’
2394 2264 2596 2322 ἐκείνου
2653 2265 3012 2343 φραττόμενός
3067 2285 3124 2319 τε
3196 2266 3282 2320 καὶ
3358 2263 3576 2339 δύναμιν
3637 2263 3746 2337 ἒμ-

355 2349 574 2412 cecinit
603 2348 988 2429 palinodiam,
1031 2349 1250 2428 jubens
1281 2349 1529 2430 quidem
1580 2350 1737 2412 dirui
1788 2354 2007 2430 templa

2095 2355 2407 2429 πνεόμενος,
2470 2353 2530 2409 οὑ
2589 2355 2696 2428 μὴν
2755 2353 2892 2408 ἀλλά
2951 2355 3036 2410 καὶ
3091 2355 3184 2417 τάς
3250 2367 3445 2433 χεῖρας
3507 2354 3605 2426 μὲν
3669 2355 3743 2417 εἰς

358 2439 836 2512 simulacrorum,
870 2439 1021 2500 solvi
1049 2446 1247 2500 autem
1282 2458 1313 2500 e
1355 2440 1700 2502 carceribus
1757 2460 1862 2502 eos
1911 2445 2007 2523 qui

2095 2443 2404 2521 παράταξιν,
2463 2446 2583 2509 τοὺς
2654 2442 2938 2506 δακτύλους
3013 2441 3062 2498 δὲ
3137 2445 3212 2506 είς
3283 2443 3521 2518 πόλεμον
3592 2442 3746 2499 διδα-

360 2528 594 2590 fuerant
624 2527 839 2588 inclusi
863 2535 1107 2608 propter
1131 2546 1351 2589 nomen
1377 2528 1620 2603 Christi,
1649 2539 1707 2591 et
1727 2533 2007 2594 :edificari

2095 2535 2376 2606 σιιόμενος,
2450 2534 2705 2609 τρόπαιον
2780 2535 2916 2589 κατά
2997 2539 3097 2600 τῆς
3182 2533 3391 2600 πλάνης
3461 2533 3748 2614 περιφανὲς

361 2618 585 2699 templa
613 2615 1110 2695 Christianorum,
1133 2629 1193 2680 et
1215 2619 1500 2681 ecclesias
1526 2639 1698 2682 suum
1734 2633 2004 2684 ornatum

2095 2623 2337 2689 ἔστησεν·
2398 2621 2486 2678 ὅτε
2543 2624 2631 2678 καὶ
2689 2624 3043 2703 ὑπερηφάνων
3099 2623 3198 2698 μὲν
3260 2622 3524 2702 ὀφθαλμοῖ
3583 2645 3744 2680 τετα-

362 2707 668 2788 suscipere
684 2709 784 2784 (ἓ).
808 2708 1083 2770 Cumboc
1105 2725 1250 2788 ergo
1275 2708 1582 2771 decretum
1609 2729 1850 2774 omnem
1877 2713 2007 2792 ejus

2095 2714 2372 2793 πείνωντο,
2448 2715 2772 2788 καθηροῦντο
2851 2710 2906 2768 δὲ
3005 2711 3236 2769 εἰδώλων
3329 2716 3466 2789 ναοὶ,
3542 2714 3741 2770 ἀνίεντο

360 2796 616 2878 imperio
648 2795 977 2876 subjectam
1003 2799 1562 2878 comprehendisset
1588 2800 1919 2880 regionem,
1949 2803 2007 2862 in

2095 2801 2145 2858 δὲ
2205 2803 2310 2860 τῶν
2370 2799 2616 2880 φυλακῶν
2677 2803 2724 2858 οἱ
2774 2799 2860 2859 διά
2910 2803 3130 2880 Χριστὸν
3163 2801 3370 2877 δέσμιοι
3407 2818 3423 2834 ⁸
3472 2799 3740 2876 ἀνῳκοδο-

366 2904 532 2948 suam
556 2886 804 2965 patriam
825 2887 1279 2948 revertebantur
1300 2906 1510 2948 omnes
1530 2886 1746 2952 Christi
1769 2892 2007 2952 confes-

2096 2905 2253 2968 μεῖτο
2309 2890 2363 2947 δὲ
2393 2893 2458 2947 τά
2519 2897 2845 2969 Χριστιανῶν
2913 2891 3128 2966 τεμένη,
3187 2894 3273 2948 καὶ
3331 2906 3459 2957 ταῖς
3492 2900 3587 2950 τοῦ
3618 2899 3749 2952 Θεοῦ

365 2992 554 3037 seres.
589 2973 770 3036 Suum
819 2975 1019 3054 itaque
1052 2975 1393 3054 pontificem
1446 2977 1753 3039 Nicolaum
1807 2981 2007 3041 civitas

2097 2981 2400 3049 ἐκκλησίαις
2475 2985 2501 3038 ὁ
2573 2980 2856 3060 προλαϐὼν
2927 2981 3124 3040 ἐδίδοτο
3197 2982 3422 3060 κόσμος.
3499 2984 3752 3040 Τοιούτου

367 3067 629 3145 suscepit
647 3062 1032 3143 Myrensium,
1060 3064 1328 3128 instituto
1351 3067 1588 3144 quidem
1613 3087 1680 3128 ac
1711 3069 2007 3130 voluntate

2095 3080 2373 3149 τοιγαροῦν
2431 3070 2694 3149 δόγματος
2754 3073 2850 3139 τὴν
2911 3074 3013 3128 ὑπὸ
3077 3084 3241 3150 χεῖρα
3302 3079 3478 3129 πᾶσαν
3554 3071 3746 3128 διαλα-

364 3161 689 3234 martyrem
710 3153 1156 3215 etiucruentum
1181 3155 1606 3218 victorem.llle
1624 3167 1817 3220 autem
1837 3178 1872 3220 a
1893 3163 2007 3222 Deo

2097 3158 2310 3236 ϐόντος,
2371 3161 2455 3217 ἐπὶ
2507 3161 2601 3224 τὰς
2662 3162 2862 3218 ἑαυτῶν
2935 3160 3184 3238 πατρίδας
3245 3165 3290 3218 οἰ
3359 3169 3451 3219 τοῦ
3522 3164 3747 3239 Χριστοῦ

365 3242 518 3304 dalis
543 3242 707 3304 omni
738 3259 806 3303 ex
839 3252 1007 3323 parte
1031 3245 1252 3305 floreus
1285 3245 1481 3320 donis,
1517 3254 1575 3306 et
1607 3247 1846 3308 morbos
1877 3267 2007 3310 om-

2098 3252 2397 3328 κατήγοντο
2451 3249 2697 3314 ἕγαστος.
2759 3252 2856 3306 Διά
2911 3258 3076 3308 ταῦτα
3133 3253 3222 3309 καὶ
3272 3255 3362 3309 τὸν
3411 3252 3608 3308 οἰκεῖον
3638 3253 3739 3327 ἀρ-

365 3350 474 3394 nes
502 3331 846 3421 curabat,et
876 3331 985 3421 fuit
1022 3332 1186 3394 brevi
1219 3333 1417 3414 clarus,
1460 3345 1517 3395 et
1545 3334 1863 3414 gloriosus,
1898 3357 2007 3400 non

2099 3339 2289 3419 χιερέα
2347 3338 2608 3397 Νικόλαον
2664 3342 2698 3408 ἡ
2752 3340 2990 3418 Μυρέων,
3058 3342 3293 3421 μάρτυρά
3341 3362 3400 3420 γε
3449 3346 3518 3417 τῇ
3545 3361 3744 3417 προαι-

366 3421 559 3483 solum
592 3420 750 3511 apud
770 3419 1002 3511 fideles,
1027 3421 1133 3482 sed
1163 3421 1339 3483 etiam
1372 3423 1527 3503 apud
1561 3424 1777 3486 multos
1798 3424 2007 3488 infide-

2101 3428 2262 3506 ρέσει,
2365 3430 2452 3486 καὶ
2549 3431 2872 3505 ἀναίμακτον
2970 3419 3312 3507 ἀπελάμϐανε
3403 3431 3743 3511 στεφανίτην,

372 3511 484 3586 les,
521 3517 578 3570 et
607 3508 943 3570 habebatur
967 3511 1024 3571 in
1055 3511 1322 3572 omnium
1358 3513 1648 3574 animisin
1685 3514 1894 3596 majori
1917 3518 2007 3578 ad-

2107 3513 2162 3577 Ὀ
2222 3519 2279 3574 δὲ
2331 3517 2638 3599 χαρίσμασι
2697 3518 3045 3597 θεοδωργζτοις
3096 3523 3401 3598 κατάκομος
3447 3522 3542 3599 ὥν,
3605 3523 3748 3587 παθη

370 3597 686 3660 miratione
709 3617 881 3679 quam
915 3618 1046 3680 qua:
1068 3601 1257 3680 possit
1281 3601 1476 3663 verbis
1501 3571 1853 3684 exprimilﬂt
1878 3607 2007 3668 ideo

2131 3571 2156 3577 “’
2229 3571 2276 3574 “”
2335 3571 2637 3599 Ι»”ι’“Τ””
2706 3571 3043 3597 """I"°""
3097 3571 3399 3598 ⁷”’“-””Γ“⁷“⁹
3449 3571 3542 3601 ’-Ἰ
3610 3571 3745 3587 “”’”¹

2097 3633 2153 3666 τε
2213 3610 2382 3665 πάντα
2442 3611 2577 3688 ἰᾶτο,
2649 3612 2736 3665 καὶ
2807 3609 3068 3686 περίδοξος
3132 3612 3192 3665 οὗ
3266 3626 3485 3671 πιστοῖς
3559 3612 3745 3685 μόνον,

358 3708 493 3751 cum
529 3688 757 3750 videret
781 3690 977 3751 adhuc
1007 3699 1236 3752 restare
1262 3692 1483 3754 multas
1507 3711 1638 3754 aras
1654 3695 2007 3758 simulacro-

2098 3697 2233 3755 ἀλλά
2264 3697 2487 3762 πολλοῖς
2542 3701 2596 3754 ἓν
2653 3701 2854 3779 βραχεῖ
2905 3703 2996 3756 καί
3057 3702 3162 3756 τῶν
3216 3701 3454 3758 ἀπίστων
3513 3701 3747 3778 ἐγένετο.

364 3797 522 3854 rum,
561 3787 619 3840 et
649 3796 918 3857 magnam
947 3779 1282 3842 daemonum
1316 3791 1613 3844 catervam
1638 3783 1698 3845 in
1723 3784 1809 3846 eis
1838 3785 2007 3848 habi-

2103 3791 2197 3846 Καὶ
2254 3792 2426 3862 θαῦμα
2485 3787 2539 3843 ἐν
2599 3802 2718 3850 ταῖς
2778 3791 3028 3845 ἁπάντων
3075 3790 3247 3847 ἔκειτο
3296 3795 3531 3870 ψυχαῖς,
3589 3789 3753 3866 λόγου

362 3876 517 3945 tare,
544 3875 743 3930 etnon
778 3886 996 3948 paucos
1017 3869 1275 3949 perdere
1301 3889 1371 3932 ex
1396 3870 1788 3951 Myrensibus,
1813 3875 2007 3936 divino

2097 3881 2294 3941 παντὸς
2349 3879 2704 3955 ὑψηλότερον,
2760 3880 2926 3955 ταύτῃ
2986 3903 3067 3936 τοι
3126 3883 3214 3938 καὶ
3279 3869 3410 3936 τῶνγ
3455 3879 3752 3936 εἰδωλικῶν

365 3957 494 4018 zelo
519 3963 719 4018 animo
745 3958 1027 4019 incensus
1048 3960 1306 4038 exsurgit
1329 3961 1675 4037 fortissime,
1701 3972 1758 4024 et
1776 3983 2007 4026 omnem

2100 3968 2323 4032 πολλοῖς
2355 3969 2426 4031 εἷς
2460 3967 2535 4023 ἔτι
2566 3969 2764 4044 βωμῶν
2794 3967 2992 4047 συχνόν
3025 3992 3074 4025 τι
3107 3969 3270 4049 φῦλον
3300 3969 3599 4048 δαιμόνιον,
3636 3970 3755 4024 ἐπι-

368 4046 607 4108 illorum
639 4046 850 4108 obiens
872 4048 1205 4130 regionem,
1240 4051 1287 4110 si
1321 4049 1381 4110 in
1414 4051 1672 4128 aliquam
1709 4070 1870 4115 aram
1901 4054 2007 4116 ali-

2100 4059 2365 4136 ψωριάζον
2397 4055 2560 4113 οἱονεί
2593 4057 2842 4132 λείψανον
2873 4055 3140 4128 ἀσεϐείας,
3195 4062 3290 4115 οὑκ
3319 4060 3518 4137 ὀλίγοις
3554 4080 3611 4114 τε
3643 4066 3750 4114 τῶν

366 4136 602 4218 quando
633 4135 964 4214 incidisset,
998 4139 1164 4199 humi
1189 4139 1525 4218 dejiciebat,
1549 4150 1606 4202 et
1629 4148 1685 4202 in
1713 4143 2007 4222 pulverem

2101 4135 2316 4225 Μυρέωι
2379 4144 2630 4211 ἀπολείας
2687 4145 2862 4203 αἴτιον
2936 4149 3343 4223 καθιστάμενον,
3417 4135 3568 4224 ζήλῳ
3650 4150 3750 4224 μὲν

363 4225 845 4315 comminuebat:
883 4236 942 4289 et
971 4229 1058 4290 sic
1091 4229 1295 4308 procul
1334 4229 1642 4309 expellens
1672 4230 2007 4294 daemonum

2096 4237 2218 4308 θείῳ
2246 4236 2501 4312 πίπραται
2530 4237 2627 4301 τὴν
2671 4237 2876 4315 ψυχὴν.
2912 4233 3306 4314 Ἀνδριγώτατα
3368 4238 3423 4294 δὲ
3480 4237 3750 4294 διανίστα-

365 4313 827 4406 multitudinem,
884 4316 1082 4380 effecit
1136 4326 1201 4380 ut
1256 4337 1400 4397 grex
1475 4338 1618 4399 pace
1694 4323 2007 4402 tranquilla

2095 4347 2181 4382 ται
2215 4325 2301 4381 καὶ
2331 4326 2426 4392 τὴν
2461 4325 2674 4380 ἐκείνων
2701 4332 2875 4381 πᾶσαν
2908 4325 3216 4406 περιελθὼν,
3356 4327 3418 4382 ἂν
3442 4329 3612 4403 βωμῷ
3643 4349 3747 4384 πε-

363 4405 688 4468 frueretur.
2095 4415 2328 4494 ριτύχοι,
2361 4414 2539 4490 ὥσπερ
2567 4436 2648 4478 τις
2702 4414 2940 4493 ἀριστεὺς
2991 4417 3125 4476 κατά
3159 4405 3428 4491 δαιμόνων
3459 4430 3749 4495 προχεϊρι-

366 4497 527 4575 σθεὶς,
578 4497 650 4560 εἷς
724 4496 911 4577 ἔδαφός
969 4520 1025 4553 τε
1081 4497 1321 4554 κατέσπα
1383 4501 1468 4555 καὶ
1524 4502 1598 4562 εἷς
1659 4501 1804 4557 κόνιν
1875 4504 2063 4568 αὐτοὺς
2137 4505 2387 4560 ἐλέπτυνε
2446 4503 2643 4583 σφόδρα
2712 4507 3066 4579 πεποιθότως,
3145 4507 3230 4562 καὶ
3285 4507 3450 4572 οὕτως
3509 4505 3749 4562 ἐκποδὼν

363 4587 461 4653 τὴν
494 4591 598 4641 τῶν
642 4609 888 4666 πονηρων
923 4585 1442 4662 πνευμάτωνπληθὺν
1473 4590 1816 4671 ποιούμενος,
1850 4598 2080 4673 καθαρᾶς
2111 4592 2406 4650 ἀπολαϐεῖν
2433 4593 2676 4672 γαλήνης
2709 4599 2776 4660 τῆ
2810 4595 3008 4671 ποίμνη
3039 4608 3302 4675 παρεῖχε,

443 4672 569 4736 XV.
605 4676 748 4736 Cum
777 4675 864 4737 sic
899 4675 1121 4737 bellum
1165 4685 1411 4760 generet
1460 4687 1700 4740 sanctus
1725 4672 2007 4745 adversus

2175 4683 2285 4742 IE'.
2327 4693 2547 4740 Τοιαυτα
2610 4692 2686 4750 τῷ
2743 4684 2878 4762 ἁγίῳ
2933 4683 3228 4741 διαθλοῦντι
3287 4687 3421 4741 κατά
3478 4683 3748 4761 δαιμόνων

364 4763 608 4843 spiritus
635 4763 1053 4840 improbitatis,
1090 4765 1154 4824 fit
1184 4765 1452 4844 quaedam
1486 4766 1540 4826 ei
1574 4784 1606 4826 a
1646 4769 1880 4848 superis
1911 4769 2007 4830 in-

2095 4773 2264 4830 ἕπεισί
2316 4796 2395 4836 τις
2457 4773 2652 4830 ἄνωθεν
2710 4773 2912 4831 ἔννοιαν
2969 4775 3226 4853 θειοτέρα,
3292 4775 3429 4850 μηδὲ
3490 4783 3584 4831 τοῦ
3640 4781 3742 4842 τῆς

363 4852 604 4933 Spiratio
631 4854 957 4917 etdivinior
986 4855 1282 4934 cogitatio,
1302 4861 1366 4916 ut
1389 4873 1462 4915 ne
1487 4873 1521 4915 a
1543 4855 1746 4918 Diana:
1768 4859 2009 4934 quidem

365 4943 586 5024 templo
607 4945 1069 5019 abstineret,sed
1097 4943 1291 5024 ipsum
1318 4947 2009 5024 quoqueaggrederetur,

365 5039 428 5096 et
484 5033 538 5095 ei
595 5033 756 5096 idem
814 5034 1040 5096 faceret
1098 5032 1256 5115 quod
1317 5033 1655 5113 prioribus:
1692 5045 1820 5098 erat
1850 5039 2010 5100 enim

362 5121 425 5183 id
483 5131 542 5185 et
591 5123 1032 5203 pulchritudine
1085 5121 1459 5198 admirabile,
1528 5131 1587 5184 et
1635 5124 1783 5187 alios
1825 5146 2010 5208 supe-

362 5229 508 5273 rans
563 5212 969 5290 magnitudine
1027 5220 1085 5276 et
1136 5212 1642 5293 jucundissimum
1719 5215 2010 5278 daemoni-

362 5298 478 5360 bus
505 5300 932 5362 habitaculum.
969 5301 1113 5364 Cum
1147 5320 1288 5380 ergo
1344 5302 1535 5381 major
1565 5303 1848 5368 adversus
1900 5307 2013 5368 hoc

363 5391 649 5469 templum
682 5410 818 5453 eum
853 5391 1136 5455 subiisset
1167 5392 1450 5471 impetus,
1486 5391 1665 5474 idque
1687 5397 2012 5475 juvenilius

365 5487 424 5543 et
451 5481 648 5543 acrius
663 5490 847 5564 esset,
872 5501 992 5546 non
1023 5483 1217 5545 solum
1239 5482 1425 5544 diruit
1453 5485 1653 5547 omnia
1683 5507 1818 5566 quae
1835 5506 2016 5569 supra

445 5659 527 5742 (2)
560 5660 778 5726 Baron.
813 5679 953 5731 ann.
988 5665 1130 5750 318,
1167 5681 1227 5728 n.
1263 5665 1362 5730 39.

2093 4861 2403 4943 Ἀρτέμιδος
2435 4863 2767 4942 ἀποσχέσθαι
2799 4871 2945 4943 ναοῦ,
3002 4865 3056 4928 ὃς
3100 4864 3288 4921 κάλλει
3352 4886 3409 4920 τε
3458 4865 3744 4929 κάλλιστος

2094 4955 2184 5025 ἧν,
2245 4955 2331 5009 καὶ
2389 4954 2601 5031 μεγέθει
2659 4961 2764 5010 τῶν
2831 4953 3008 5010 ἄλλων
3087 4954 3361 5034 μέγιστος,
3438 4955 3747 5022 ἀπατηλοῖς

2097 5040 2307 5119 δαίμοσι
2397 5041 2639 5122 διατριϐὴ
2718 5043 3100 5122 πολυεραστος.
3185 5047 3389 5122 Ὀρμῆς
3469 5045 3748 5124 τοιγαροῦν

2097 5131 2182 5188 ἐπὶ
2230 5131 2413 5188 τοῦτον
2474 5133 2716 5196 πλείονος
2775 5135 2932 5192 αὑτὸν
2991 5131 3356 5210 εἰσελθούσης,
3419 5137 3504 5190 καὶ
3563 5157 3746 5190 νεανι-

2096 5222 2328 5301 κώτερον
2359 5223 2500 5296 αὑτῷ
2531 5220 2800 5298 ἐμϐαλὼν,
2861 5223 3021 5295 λέων,
3084 5225 3112 5279 ὃ
3169 5225 3315 5303 φασὶ,
3367 5225 3502 5299 μετά
3547 5221 3747 5305 ξίφους,

2097 5315 2200 5390 οὔχ
2261 5310 2405 5376 ὅσοις
2463 5313 2838 5390 ὑπερανίστατο
2895 5312 3135 5389 καθῄρει,
3203 5312 3341 5368 ἀλλά
3399 5314 3496 5370 καί
3573 5314 3747 5371 αὑτῶ)

2098 5399 2353 5465 ἐξανέσπα
2383 5400 2675 5480 κρηπίδων,
2738 5401 2831 5458 ’ίνα
2889 5401 3025 5476 μηδὲ
3084 5404 3273 5480 μικρόν
3323 5425 3372 5458 τι
3405 5407 3505 5470 τῆς
3538 5401 3747 5470 πλάνης

2097 5491 2360 5569 ζὼπυρον,
2421 5490 2555 5566 μηδὲ
2617 5492 2727 5567 ῥίζα
2783 5492 3098 5570 ὑπολειφθῇ,
3172 5488 3438 5567 δυναμένῆ
3508 5495 3597 5550 καὶ
3669 5492 3745 5550 ἔτι
