4136 6474
417 384 530 453 337

1776 388 1965 455 VITA
2009 389 2071 454 S.
2118 389 2456 454 NICOLAI.

3697 390 3817 460 338

420 519 534 585 τοὺς
584 516 820 599 ἄφρονας
880 518 1015 600 πρὸς
1090 519 1286 590 ταύτην
1340 518 1701 603 παρακαλεῖν,
1761 522 1851 579 καὶ
1919 543 2074 581 συνε-

2177 539 2381 584 erram
2413 519 2767 585 eminebant
2793 528 2858 585 et
2902 540 2975 586 ea
3002 520 3170 586 humi
3217 521 3459 606 dejecit,
3494 526 3600 589 sed
3632 528 3817 591 etiam

419 609 578 667 λόντα
636 608 827 690 φάναι,
861 610 932 666 τὰ
991 609 1091 686 μὲν
1119 613 1192 676 είς
1241 611 1369 690 ἀέρα
1426 613 1667 692 μετέωρα
1710 621 1802 672 τοῦ
1831 615 1957 669 ναοῦ
2006 618 2083 687 τῷ

421 698 594 778 ἐδάφει
664 710 933 779 παρεῖχε,
988 701 1054 756 τά
1128 700 1183 757 δὲ
1252 702 1401 759 κάτω
1467 702 1567 758 ὑπὸ
1626 702 1736 780 γῆν
1804 703 1876 766 εἰς
1954 702 2081 781 ἀέρα

426 790 630 865 ἑλίκμα.
690 788 757 846 Οἶ
821 811 885 866 γε
928 791 1039 862 μὴν
1104 792 1325 871 πονηροὶ
1374 790 1639 866 δαίμονες,
1676 791 1854 871 ὣσπερ
1912 791 2079 869 βίαιόν

417 903 463 935 τι
524 883 613 936 καὶ
682 881 1001 959 τυραννικὸν
1058 884 1424 962 ὑφιστάμενοι,
1483 880 1689 939 δυνατοὶ
1761 881 1858 957 μὲν
1929 881 2079 938 ἀνθί-

411 976 638 1028 στασθαι
710 972 801 1029 καὶ
872 970 1193 1045 προσμένειν
1252 969 1496 1046 οὐδαμῶς
1567 972 1726 1052 ἦσαν,
1795 971 2080 1050 φεύγοντες

410 1059 467 1116 δὲ
526 1061 678 1136 ὅμως
738 1062 920 1140 φωνὰς
971 1061 1217 1139 ἠφίεσαν,
1252 1061 1341 1117 καὶ
1398 1058 1693 1119 ἀδικεῖσθαι
1747 1063 1878 1140 πρὸς
1921 1062 2082 1126 αὐτοῦ

414 1153 480 1209 τὲι
549 1150 786 1231 ἔσχατα,
835 1153 917 1208 καὶ
987 1150 1095 1207 τῶν
1165 1151 1372 1208 οἰκείων
1444 1149 1825 1208 ἀπελαυνεσθαι
1888 1149 2080 1207 διετεί-

417 1264 590 1300 νοντο.
659 1242 757 1301 Καὶ
818 1239 958 1296 οὕτω
1016 1240 1116 1316 μὲν
1170 1247 1334 1297 ταῦτα
1393 1247 1470 1314 τῷ
1525 1241 1661 1317 ἁγίῳ
1702 1239 1929 1321 ἐχώρει,
1992 1239 2078 1296 καὶ

418 1332 583 1409 πέρας
648 1334 792 1403 αὒτῷ
863 1331 1106 1410 χρηστὸν
1159 1332 1195 1399 ἡ
1276 1331 1412 1387 κατά
1470 1328 1735 1405 δαιμόνων
1813 1326 2078 1404 ἐλάμϐανε

417 1423 722 1499 στρατηγία
799 1419 966 1478 Ἀδιλά
1018 1422 1320 1492 μνησθῆναι
1378 1418 1540 1477 πάλιν
1583 1422 1611 1475 6
1654 1418 1815 1498 λόγος
1842 1421 1930 1476 καὶ
1976 1425 2078 1476 τῶν

420 1510 605 1567 ἄλλων
653 1509 926 1588 βούλεται,
985 1510 1072 1565 καὶ
1130 1510 1207 1585 μὴ
1238 1508 1379 1586 λήθῃ
1436 1506 1754 1589 παραδοῦναι
1807 1510 1874 1569 τά
1916 1508 2079 1588 λόγου

423 1623 452 1656 α
463 1603 513 1658 αὶ
544 1602 767 1677 μνήμης
802 1599 940 1666 ἄξια.

520 1778 647 1854 ις’,
701 1777 1090 1837 Κωνσταντίνου
1133 1785 1224 1835 τοῦ
1268 1778 1478 1857 πρώτου
1506 1777 1770 1855 βασιλέων
1819 1777 2079 1856 πρεσϐεύ-

2166 618 2347 673 totum
2409 611 2702 676 convulsit
2771 611 2844 675 ab
2918 612 3068 694 ipsis
3123 612 3550 696 fundamentis,
3614 627 3675 680 et
3742 618 3818 680 ad

2164 714 2447 759 summam
2478 701 2674 773 templi
2702 701 2937 774 quidem
2959 717 3025 760 ea
3046 716 3176 774 quae
3203 712 3366 763 erant
3392 703 3454 761 in
3474 719 3608 763 aere
3635 706 3818 765 subli-

2165 791 2279 852 mia
2302 791 2468 853 humi
2499 790 2721 871 dejecit
2745 813 2759 855 :
2796 809 2929 872 quae
2949 798 3147 854 autem
3171 804 3342 855 erant
3361 792 3472 857 sub
3495 801 3658 858 terra
3673 812 3818 875 pro-

2158 879 2293 960 jicit
2310 880 2372 941 in
2393 898 2619 944 aerem.
2648 880 2783 944 Mali
2808 898 2949 943 vero
2974 881 3278 944 dmmones
3301 900 3376 944 ne
3398 883 3817 949 advenientem

2166 969 2408 1050 quidem
2431 978 2701 1033 sanctum
2730 970 2852 1033 ullo
2874 970 3049 1032 modo
3073 977 3346 1051 poterant
3365 974 3686 1050 sustinere,
3710 975 3820 1038 sed

2168 1058 2344 1120 etiam
2365 1074 2546 1121 voces
2569 1059 3249 1137 emittebantfugientes,
3273 1069 3334 1123 et
3351 1062 3724 1126 afﬁrmabant
3752 1080 3821 1127 se

2166 1146 2241 1208 ab
2262 1146 2391 1228 ipso
2416 1164 2627 1226 magna
2652 1148 2810 1210 afﬁci
2834 1148 3076 1228 injuria,
3097 1157 3156 1210 et
3187 1149 3403 1213 invitos
3431 1170 3466 1213 a
3485 1151 3667 1214 rebus
3692 1151 3819 1215 suis

2165 1237 2481 1299 excedere.
2513 1237 2583 1298 Et
2612 1237 2739 1299 hinc
2761 1237 3004 1318 quidem
3029 1236 3249 1301 Sancto
3275 1240 3362 1300 sic
3385 1241 3814 1321 procedebant;

2163 1338 2222 1388 et
2238 1325 2463 1388 bonum
2479 1325 2701 1388 exitum
2726 1335 3100 1389 estassecuta
3124 1345 3256 1407 quae
3275 1329 3349 1391 ab
3376 1332 3506 1410 ipso
3528 1331 3817 1394 adversus

2161 1416 2472 1478 daemones
2501 1425 2780 1497 suscepta
2806 1416 3003 1478 fuerat
3030 1417 3331 1498 expeditio
3368 1440 3382 1482 :
3428 1419 3536 1481 sed
3564 1419 3815 1483 aliarum

2164 1506 2295 1585 ejus
2324 1524 2524 1568 rerum
2570 1505 2694 1567 vult
2720 1523 2937 1568 rursus
2972 1507 3322 1570 meminisse
3365 1508 3577 1583 oratio,
3609 1518 3666 1570 et
3696 1528 3819 1572 non

2166 1594 2452 1657 mandare
2482 1594 2771 1658 oblivioni
2801 1612 2872 1657 ea
2901 1612 3037 1674 quae
3068 1595 3246 1675 digna
3276 1604 3417 1659 sunt
3442 1615 3575 1677 quae
3607 1596 3818 1661 dican-

2167 1695 2262 1748 tur
2290 1693 2349 1745 et
2383 1684 2742 1748 mandentur
2770 1684 3101 1748 memoriae.

2247 1775 2403 1840 XVI.
2440 1775 2585 1840 Cum
2619 1778 2780 1839 enim
2826 1775 3277 1860 Constantinus,
3312 1778 3413 1860 qui
3442 1780 3671 1860 primus
3696 1781 3818 1844 im-

448 1892 636 1934 σαντος
683 1871 777 1936 τὴν
846 1865 1115 1925 εὐσέϐειαν
1172 1869 1237 1926 τὰ
1301 1862 1577 1944 Ῥωμαίων
1638 1865 1743 1935 ἤδη
1810 1866 2082 1932 διέποντος

2177 1874 2408 1944 perator
2423 1866 2603 1946 elegit
2625 1884 2760 1929 esse
2773 1866 2926 1946 pius,
2946 1866 3393 1930 administraret
3412 1870 3818 1933 Romanorum

452 1961 720 2036 σκῆπτρα,
775 1959 854 2014 καὶ
911 1958 1100 2014 τούτου
1157 1956 1221 2025 δὴ
1272 1966 1363 2017 τοῦ
1405 1956 1640 2035 μεγάλου
1678 1957 1973 2038 ἀρχιερέως
2022 1959 2084 2014 τὸ

448 2051 566 2124 περὶ
597 2051 749 2107 α-ἶιτὸν
797 2047 998 2114 πλῆθος
1031 2049 1161 2126 πρὸς
1192 2046 1460 2123 ἀνάληψιν
1507 2054 1613 2104 τῶν
1644 2048 1810 2125 ὀρθῶν
1856 2048 2087 2103 ἀσκοῦν-

436 2160 528 2201 τος
582 2134 880 2212 δογμάτων,
944 2138 1031 2193 καὶ
1075 2143 1181 2193 πᾶν
1218 2135 1272 2193 εἴ
1313 2159 1366 2193 τι
1428 2136 1653 2216 ἔκφυλον
1696 2137 1761 2204 ἧν
1803 2138 1857 2192 ἐν
1901 2139 2086 2202 αὐτοῖς

427 2228 518 2283 καὶ
591 2229 761 2297 νόθον,
830 2225 994 2303 ῥίζαις
1065 2225 1256 2291 αυτατς
1347 2227 1723 2307 ἀναιροῦντος,
1797 2228 2086 2305 ἀθροίζεται

425 2317 525 2392 μὲν
590 2316 732 2372 κατά
784 2317 1004 2373 Νίκαιαν
1052 2316 1116 2371 τὸ
1173 2312 1467 2392 ὀρθόδοξον,
1514 2316 1596 2396 ἐφ’
1653 2321 1699 2392 ᾧ
1755 2318 1845 2373 τὸν
1899 2313 2088 2383 εὐσεϐῆ

435 2408 533 2478 μὲν
587 2410 686 2474 τῆς
751 2405 977 2468 πίστεως
1035 2403 1154 2481 ὅρον
1209 2404 1576 2484 ὄιακρατῦναι,
1621 2407 1723 2474 τὴν
1779 2405 1982 2484 Ἀρείου
2038 2403 2093 2461 δὲ

440 2495 758 2574 βλάσφημον
818 2494 1048 2576 αἵρεσιν,
1105 2493 1348 2574 ἀειφυγίᾳ
1402 2494 1772 2570 καταδικάσαι,
1818 2497 1907 2553 καὶ
1954 2499 2091 2564 στῆ-

438 2608 523 2641 σαι
594 2586 695 2643 μὲν
770 2585 1168 2658 κυμαινομένην
1239 2586 1339 2651 τὴν
1412 2583 1757 2661 Ἐκκλησὶαν,
1834 2586 2095 2661 ὁμότιμον

433 2676 522 2731 τὸν
577 2677 698 2730 ι’ἱὸν
758 2680 835 2730 τῶ
896 2675 1057 2751 Πατρὶ
1127 2671 1566 2752 δογματίσαντες,
1596 2676 1671 2740 είς
1722 2674 1780 2729 ἓν
1811 2672 1865 2730 δὲ
1912 2673 2091 2755 ἀμφό-

426 2787 560 2842 τερα
620 2763 855 2839 συνάψαι
886 2763 953 2819 τὰ
1000 2763 1159 2839 μέρη,
1219 2764 1390 2841 Μέρος
1440 2763 1528 2820 οὖν
1582 2765 1670 2821 καὶ
1721 2767 1748 2821 6
1797 2765 2095 2840 θαυμαστὸς

428 2857 585 2917 οὗτος
637 2852 954 2933 ἀρχειερεῦς
1006 2852 1099 2920 τῆς
1131 2855 1271 2928 ἱερᾶς
1324 2850 1541 2911 συνόδου
1582 2852 1891 2931 γενόμενος,
1926 2855 2098 2929 στόμα

430 2947 720 3022 πυρίπνουν
771 2948 851 3016 τῷ
901 2942 1012 2997 ὄντι
1071 2943 1205 2998 κατά
1249 2941 1455 3020 Ἀρείου
1505 2942 1706 3021 γίνεται
1765 2944 1853 2999 καὶ
1924 2943 2090 3022 φθέγ-

438 3054 575 3107 ματα
637 3029 846 3095 κοιλίας
904 3027 1135 3109 μᾶλλον,
1167 3031 1261 3088 οὒκ
1308 3029 1583 3111 ἀληθείας,
1613 3031 1679 3088 τὰ
1727 3030 1925 3088 ἐκείνου
1983 3029 2094 3086 δεί-

435 3144 579 3178 κνυσι
642 3120 909 3199 δόγματα,
956 3121 1043 3176 καὶ
1100 3129 1193 3179 τοῦ
1248 3125 1354 3176 τῶν
1406 3126 1584 3178 κακῶν
1628 3120 1867 3197 σπορέως
1922 3120 2097 3200 ἀτεχ-

2172 1955 2515 2037 imperium,
2534 1963 2593 2017 et
2620 1955 2718 2018 hic
2750 1973 3000 2035 magnus
3025 1958 3288 2038 pontifex
3317 1976 3485 2020 suam
3512 1968 3822 2023 exerceret

2175 2044 2409 2124 plebem
2443 2044 2514 2107 ad
2538 2055 2704 2108 recta
2725 2047 3113 2127 suscipienda
3140 2047 3502 2128 dogmata,et
3520 2050 3568 2111 si
3591 2049 3731 2130 quid
3752 2049 3815 2111 in

2173 2135 2262 2196 eis
2292 2142 2418 2197 erat
2447 2135 2713 2198 alienum
2747 2144 2807 2198 et
2837 2136 3264 2218 adulterinum,
3284 2137 3346 2200 id
3377 2146 3562 2200 totum
3593 2139 3816 2202 radici-

2173 2230 2264 2281 tus
2286 2224 2665 2283 exsciuderet.
2689 2225 2876 2283 Niceaa
2903 2226 3136 2297 quidem
3168 2241 3368 2284 omnes
3396 2236 3822 2301 congregantur

2175 2314 2518 2389 orthodoxi,
2549 2320 2616 2379 ut
2663 2314 2824 2395 pium
2855 2315 2995 2378 ﬁdei
3025 2316 3330 2380 decretum
3362 2318 3818 2396 constituerent,

2176 2403 2303 2467 Arii
2358 2411 2555 2466 autem
2605 2405 2849 2486 impiam
2882 2406 3088 2487 procul
3132 2407 3500 2487 expellerent
3541 2407 3819 2490 blasphe-

2182 2495 2384 2570 miam,
2422 2503 2480 2555 et
2515 2494 2913 2557 conciliarent
2960 2514 3166 2577 pacem
3199 2497 3491 2560 universae
3517 2497 3820 2579 Ecclesiae,

2178 2583 2561 2646 decernendo
2592 2583 2805 2648 Filium
2829 2590 2964 2647 esse
2988 2587 3147 2650 Patri
3168 2586 3397 2649 honore
3428 2588 3740 2668 aequalem,
3766 2597 3827 2652 et

2180 2672 2387 2736 ambas
2410 2683 2611 2754 partes
2641 2676 3066 2754 conjungendo
3109 2676 3172 2738 in
3203 2694 3410 2739 unum.
3443 2676 3537 2740 Fit
3565 2696 3705 2758 ergo
3733 2679 3835 2741 hic

2181 2782 2423 2844 quoque
2444 2763 2818 2827 admirabilis
2849 2764 3135 2828 Nicolaus
3158 2784 3298 2846 pars
3323 2785 3508 2829 sacrae
3539 2767 3838 2849 synodi,et

2183 2863 2426 2918 strenue
2446 2858 2672 2919 resistit
2698 2858 2870 2936 nugis
2894 2857 3021 2920 Arii
3048 2875 3183 2921 cum
3219 2859 3419 2921 omnia
3440 2859 3832 2936 dissolvisset,

2178 2954 2238 3007 et
2260 2954 2604 3008 accuratam
2628 2947 2768 3009 fidei
2792 2948 3058 3026 regulam
3083 2947 3363 3010 omnibus
3384 2948 3841 3024 tradidisset,il-

2181 3034 2300 3100 linc
2323 3034 2553 3097 recedit
2574 3042 2634 3096 et
2654 3036 2725 3097 ad
2758 3054 2930 3097 suum
2956 3052 3196 3115 gregem
3233 3037 3572 3114 revertitur,
3606 3038 3833 3099 adhor-

2183 3130 2317 3185 tans
2346 3141 2556 3185 omnes
2584 3131 2641 3185 et
2668 3123 2978 3186 adducens
3006 3125 3079 3187 ad
3116 3125 3388 3186 virtutem
3427 3143 3441 3189 :
3491 3135 3550 3188 et
3580 3134 3837 3189 tractans

431 3218 536 3272 νῑῖις
588 3211 899 3286 σπέρματα,
933 3209 967 3266 ἃ
1010 3213 1085 3274 ὡς
1118 3209 1363 3290 ἀράχνης
1406 3211 1623 3284 νήματα
1674 3209 1835 3275 λύσας
1884 3206 2087 3288 ῥᾳδίως,

2187 3212 2520 3274 doctiinam
2572 3214 2773 3276 acrius
2805 3220 2864 3275 et
2892 3214 3235 3276 ferventius.
3270 3213 3417 3279 Cum
3465 3222 3688 3292 autem,
3720 3214 3838 3278 ali-

418 3306 514 3360 καὶ
577 3300 783 3358 κανόνα
831 3306 962 3357 πᾶσι
1021 3299 1119 3367 τῆς
1177 3302 1333 3379 ὁρθῆς
1391 3299 1621 3365 πίστεως
1674 3298 1872 3370 ἀκριϐῆ
1922 3320 2099 3376 παρα-

421 3392 575 3472 δοὺς,
639 3390 854 3446 ἐπεῐθέισ
912 3411 973 3446 τε
1017 3390 1359 3469 ἀναζεύγιυσι
1407 3391 1496 3446 καὶ
1551 3391 1680 3467 πρὸς
1748 3389 1847 3457 τὴν
1906 3389 2100 3446 οίκείαν

427 3483 673 3538 inﬁxerat
736 3479 995 3555 ποίμνην,
1059 3480 1342 3539 Καὶτοῡτο
1401 3477 1454 3535 δὲ
1484 3486 1599 3540 πῶς
1652 3478 1713 3535 ἄν
1743 3500 1823 3542 τις
1870 3482 2103 3541 εὐπετῶς

436 3570 814 3648 παραδράμοι,
877 3569 1137 3651 φιλοθέων
1200 3567 1367 3633 ὅντως
1447 3568 1800 3647 διηγημάτων
1875 3568 2103 3645 ἒραστὴς

447 3659 572 3732 ὤιος
631 3659 801 3734 Λιμός
861 3680 995 3716 ποτε
1045 3659 1144 3726 τὴν
1198 3659 1389 3715 Λυκίαν
1433 3671 1656 3738 συνεῖχε
1700 3654 1892 3721 δεινός*
1941 3655 2105 3713 ἐσπά-

455 3755 562 3817 νιζε
605 3745 658 3802 δὲ
694 3751 777 3806 καὶ
820 3749 857 3817 ἠ
905 3749 1125 3827 Μυρέων
1169 3751 1367 3827 τροφῆς
1412 3749 1502 3805 καὶ
1559 3761 1678 3810 τοῖς
1726 3744 1867 3810 ἴσοις
1912 3760 2104 3810 κακοῖς

458 3836 689 3908 ἐπιέζετο
744 3837 1040 3916 Ἐμπορίαν
1097 3837 1221 3914 γοῦν
1293 3859 1393 3893 τινι
1453 3837 1560 3893 τῶν
1633 3843 1893 3893 ναυτικῶν
1962 3837 2106 3895 σίτου

2187 3302 2426 3379 quando
2458 3302 2646 3366 fames
2693 3304 3009 3365 invasisset
3036 3303 3290 3385 Lyciam,
3326 3304 3609 3368 alimento
3659 3306 3839 3369 etiam

2188 3411 2338 3473 opus
2370 3392 2627 3454 habebat
2656 3392 2862 3455 civitas
2893 3394 3282 3474 Myrensium,
3319 3401 3378 3455 et
3408 3395 3617 3457 Iisdem
3670 3394 3842 3457 malis

2189 3480 2517 3544 laborabat.
2553 3481 2800 3545 Cuidam
2814 3482 3020 3565 itaque
3039 3493 3232 3546 nauta:
3252 3483 3651 3565 quifrumenti
3676 3485 3843 3548 fece-

2190 3580 2281 3633 rat
2307 3578 2735 3654 mercaturam,
2760 3580 2944 3636 noctu
2980 3590 3231 3652 magnus
3259 3581 3511 3655 apparet
3538 3573 3841 3649 Nicolaus,

2189 3668 2248 3722 et
2277 3661 2332 3723 ei
2362 3661 2551 3723 tribus
2575 3661 2728 3724 datis
2750 3681 2855 3743 pro
2877 3661 3055 3724 arrha
3076 3663 3298 3737 aureis,
3319 3663 3496 3743 jubet
3524 3681 3660 3725 eum
3698 3682 3843 3745 pro-

2188 3748 2375 3812 ﬁcisci
2397 3750 2459 3812 in
2494 3750 2793 3815 civitatem
2816 3751 3202 3833 Myrensium,
3228 3761 3288 3814 et
3319 3752 3392 3814 iis
3422 3755 3524 3830 qui
3557 3760 3697 3814 sunt
3725 3753 3849 3815 illic

2188 3839 2451 3902 vendere
2485 3841 2874 3904 frumentum.
2922 3839 3225 3903 Excitatus
3271 3840 3471 3919 itaque
3525 3850 3846 3922 mercator,

452 3927 793 4003 πεποιημένῳ
863 3926 1136 4006 ἐπιφανεὶς
1208 3928 1394 3991 νυκτὸς
1468 3928 1496 3983 6
1569 3925 1740 4003 μέγας
1817 3926 2077 3990 Νικόλαος

2192 3927 2389 3990 aureis
2413 3929 2472 3992 in
2500 3947 2672 3991 manu
2699 3929 2982 4007 inventis,
3005 3949 3143 3992 cum
3166 3930 3457 3992 visionem
3493 3938 3692 3993 mente
3716 3930 3849 4010 agi-

440 4017 539 4073 καί
602 4032 750 4095 τρεῖς
825 4022 970 4091 αὖτῴ
1025 4018 1158 4093 πρὸς
1225 4014 1502 4095 ἀῤῥαϐῶνα
1558 4022 1788 4096 χρυσοῦς
1844 4020 1905 4075 οὔ
1973 4016 2087 4072 κατέ

2196 4025 2395 4090 lasset,
2420 4024 2483 4081 et
2509 4018 2669 4099 quod
2702 4019 2924 4080 factum
2951 4018 3147 4080 fuerat
3179 4017 3708 4093 essetadmiratus,
3742 4035 3848 4079 ve-

438 4107 731 4187 φέντασμα
798 4105 940 4181 δοὺς,
1002 4105 1143 4163 ἀλλά
1202 4107 1441 4184 καθαρῶς
1496 4108 1627 4184 πρὸς
1700 4105 1976 4179 ἀλήθειαν,
2034 4106 2087 4162 ei;

2194 4108 2281 4166 nit
2313 4108 2495 4188 Myra.
2523 4106 2591 4170 Et
2622 4108 2724 4170 ille
2758 4106 3002 4188 quidem
3026 4107 3232 4171 vendit
3261 4108 3622 4170 frumentum
3657 4109 3715 4170 in
3761 4108 3851 4169 ci-

435 4198 539 4264 τὴν
601 4197 820 4275 Μυρέων
880 4203 1105 4275 κατᾶραι
1151 4198 1240 4253 καὶ
1293 4193 1580 4253 ἀποδόσθαι
1628 4197 1720 4252 τὸν
1776 4209 1928 4253 σῖτον
1986 4209 2087 4252 τοῖς

2192 4198 2365 4259 vitate
2402 4217 2416 4260 :
2450 4198 2550 4278 qui
2581 4214 2723 4259 vero
2753 4197 2816 4259 in
2846 4215 2917 4258 ea
2951 4203 3146 4276 erant,
3176 4197 3416 4259 invento
3449 4214 3521 4259 eo
3553 4196 3724 4258 famis
3756 4215 3851 4258 so-

433 4286 560 4343 ἐκεῖ
619 4286 968 4356 ἐπισκήπτει.
1033 4287 1381 4350 Διυπνυσθεῖς
1427 4287 1598 4341 τοίνυν
1648 4287 1677 4341 6
1729 4284 1985 4366 ἔμπορος,
2018 4307 2085 4341 κα

2188 4286 2359 4363 latio,
2393 4287 2454 4349 id
2484 4290 2605 4351 Deo
2638 4295 2697 4349 et
2727 4305 2938 4367 magno
2970 4284 3236 4362 Nicolao,
3273 4286 3430 4348 sicut
3461 4286 3635 4347 etiam
3669 4285 3856 4347 multa

430 4380 537 4440 τήν
597 4372 771 4440 δεξιὰν
840 4376 1001 4452 εὑρὼν
1060 4375 1543 4454 συμφθεγγομένην
1601 4380 1669 4452 τῇ
1739 4373 1986 4447 ἀληθείᾳ,
2043 4378 2087 4432 τί

2188 4377 2326 4452 alia,
2356 4376 2764 4440 ascribehant.

427 4464 662 4546 γεγονός
715 4485 773 4520 τε
830 4463 913 4520 διὰ
971 4467 1241 4539 θαύματος
1295 4464 1561 4539 ἐποιεῖτο,
1607 4466 1697 4521 καὶ
1752 4466 1827 4528 ὡς
1881 4464 2011 4544 εἶχε
2070 4467 2273 4547 τάχους
2334 4468 2460 4544 πρὸς
2518 4468 2585 4524 τὰ
2648 4467 2795 4546 Μύρα
2855 4470 3147 4546 κατήγετο.
3216 4466 3354 4524 Εἶτα
3402 4466 3498 4524 καΐ
3550 4468 3641 4523 τὸν
3699 4478 3851 4524 σῖτον

428 4562 503 4624 τῆ
559 4552 718 4610 πόλει
789 4552 1159 4629 διαπαλήσας,
1220 4555 1392 4628 ἐαυτῷ
1446 4554 1545 4628 μὲν
1603 4551 1845 4634 κέρδους,
1905 4558 2133 4619 εκείνοις
2189 4554 2244 4612 δὲ
2297 4557 2440 4629 ζωῆς
2508 4557 2797 4616 καθίστατο
2857 4556 3134 4637 πρόξενος,
3198 4554 3329 4615 Οὖδὲ
3386 4558 3542 4614 τοῦτο
3609 4553 3852 4631 παριδεῖν

426 4645 577 4712 ἄξιον
619 4644 710 4699 καὶ
736 4644 815 4719 μὴ
846 4641 1022 4700 δοῦναι
1056 4638 1268 4723 γραφῇ,
1295 4645 1340 4699 εἰ
1371 4641 1471 4699 καὶ
1502 4640 1887 4721 περιᾳδόμενόν
1920 4646 2035 4700 ἔστι
2078 4651 2214 4702 πᾶσι
2250 4649 2337 4702 καὶ
2368 4646 2842 4723 καθωμιλημένον.

519 4730 627 4792 α’.
691 4732 886 4796 Στάσις
958 4734 1058 4789 ὕπὸ
1131 4733 1237 4788 τῶν
1310 4730 1593 4813 Ταιφάλων
1669 4732 1810 4788 κατά
1879 4734 2087 4811 Φρυγία

2177 4770 2178 4773 η
2274 4734 2452 4798 XVII.
2503 4736 2731 4799 Deinde
2763 4735 2978 4798 seditio
3032 4754 3067 4796 a
3097 4734 3403 4816 Taiphalis
3439 4733 3519 4815 (3)
3568 4733 3760 4795 oritur
3790 4734 3852 4797 in

438 4823 734 4880 ἀνάπτεται
793 4821 892 4888 τὴν
948 4820 1220 4899 μεγάληνο
1281 4820 1342 4877 οὗ
1403 4820 1704 4895 πυθόμενος
1764 4823 1791 4877 ὁ
1862 4820 2087 4899 βασιλεὺς

2198 4842 2408 4903 magna
2458 4824 2731 4906 Phrygia.
2790 4824 2962 4899 Quod
3022 4843 3155 4886 cum
3202 4824 3470 4886 audisset
3524 4823 3854 4903 imperator

446 4924 875 4985 Κωνσταντϊνος,
938 4912 1027 4967 καὶ
1087 4910 1243 4978 κοινῇ
1301 4911 1420 4989 περὶ
1492 4910 1678 4966 τούτου
1736 4906 2087 4986 διασκεψάμε-

2195 4913 2639 4995 Constantinus,
2677 4923 2738 4975 et
2779 4913 2856 4976 de
2887 4932 2953 4976 eo
2988 4916 3390 4976 communiter
3436 4911 3851 4989 deliberasset,

450 5025 557 5074 νος,
588 5014 737 5081 τρεῖς
781 5007 889 5057 τῶν
942 4999 1220 5079 ἀρχόντων
1251 4998 1363 5074 ἅμα
1420 5010 1538 5061 τοῖς
1569 4995 1659 5055 ὑπ’
1719 4998 1906 5063 αὐτοὺς
1952 5021 2083 5077 στρα

2197 5013 2315 5065 tres
2336 5004 2513 5066 simul
2542 5005 2596 5066 ei
2618 5003 2925 5083 subjectos
2947 5003 3131 5067 duces
3165 5002 3483 5079 exercitus,
3505 5020 3711 5065 eorum
3741 5021 3852 5065 au-

454 5092 655 5155 τιώταις
720 5090 1093 5170 (Neu-rruqu
1151 5091 1219 5156 ἦν
1261 5090 1350 5145 καὶ
1409 5087 1609 5164 Οὗρσος
1664 5088 1751 5145 καὶ
1812 5085 2087 5161 Ἐρπυλίωε

2196 5103 2313 5157 tem
2348 5093 2594 5156 nomina
2625 5101 2795 5157 erant
2824 5092 3192 5175 Nepotianus
3222 5101 3280 5154 et
3302 5088 3490 5154 Ursus
3531 5099 3589 5152 et
3620 5088 3850 5169 Ilerpy-

446 5180 622 5247 αὗτοϊς
681 5181 747 5239 τὰ
819 5178 1111 5253 ὀνόματα),
1171 5183 1488 5234 κατευνᾶσαι
1546 5178 1613 5233 τὰ
1671 5178 1962 5256 πράγματα
2022 5201 2087 5235 κα

2194 5185 2339 5264 lion,
2374 5182 2447 5245 ad
2498 5201 2596 5244 res
2645 5182 2941 5245 sedandas
2989 5191 3049 5245 et
3109 5180 3554 5262 componendas
3587 5179 3765 5241 mittit
3792 5180 3852 5240 in

437 5284 561 5349 πρὸς
632 5270 882 5338 εὐταξίαν
952 5280 1285 5344 μεταγαγεῖν
1360 5268 1434 5331 εἰς
1505 5267 1734 5345 Φρυγίαν
1817 5267 2082 5344 ὲκπέμπει

2202 5274 2539 5354 Phrygiam.
2609 5271 2701 5337 llli
2759 5289 2898 5335 vero
2956 5290 3170 5352 magna
3238 5270 3546 5333 celeritate
3603 5268 3851 5350 profecti

439 5365 495 5421 Οἱ
555 5362 631 5447 δὲ,
664 5364 762 5421 σῦν
825 5357 1023 5432 πολλῷ
1056 5358 1216 5435 τάχει
1267 5356 1385 5447 τῆς-
1416 5356 1809 5447 Κωνσταντίνου
1863 5356 2079 5447 ἀφορμη

2198 5361 2714 5444 Constantinopoli
2762 5361 3124 5444 appulerunt
3165 5364 3223 5424 in
3255 5360 3571 5443 quemdam
3619 5367 3852 5440 portum

422 5443 624 5524 053m;
673 5455 732 5514 εν
812 5473 924 5507 τινι
985 5446 1188 5521 λιμένι,
1252 5445 1311 5501 οὗ
1372 5443 1688 5523 Ἀνδριάκης
1764 5446 1824 5501 τὸ
1884 5445 2087 5504 ὲπίνειο

2199 5453 2547 5525 Myrensium
2578 5443 2888 5525 provincias
2921 5452 3144 5525 Lyciae;
3176 5452 3485 5509 vocabatur
3514 5457 3704 5507 autem
3735 5450 3850 5502 An-

409 5548 685 5625 ἐκαλεῖτο,
757 5547 861 5613 τῆς
920 5536 1138 5598 Λυκίων
1181 5536 1534 5615 κατήχθησαν
1591 5535 1881 5615 ἐπαρχίας,
1947 5535 2084 5594 Πλεῖ

2197 5545 2419 5603 driaccs
2464 5542 2694 5606 Navale.
2738 5542 2880 5608 Cum
2922 5557 3058 5603 vero
3085 5558 3201 5603 non
3234 5541 3548 5601 concedere
3578 5539 3661 5596 eis
3692 5551 3846 5601 mare

456 5766 548 5851 (3)
572 5762 884 5833 Joannes
919 5741 1234 5809 Diaconus
1264 5740 1421 5825 apud
1451 5741 1670 5806 Barca.
1700 5757 1842 5805 ann.
1878 5738 2020 5804 326.
