4136 6416
368 383 484 452 339

1670 380 1951 446 MENSIS
2000 377 2425 446 DECEMBER.

3632 378 3753 447 340

369 532 435 586 ιιι
454 522 824 603 navigarent,
855 521 1022 584 brevi
1052 527 1321 602 tempore
1343 519 1404 582 in
1436 526 1607 602 portu
1642 528 2014 601 manserunt,

2118 525 2267 580 τοίνυν
2327 524 2509 582 αὐτοῖς
2567 523 2626 580 οὔ
2682 522 3016 603 παρέχοντος
3088 530 3181 581 τοῦ
3238 522 3527 607 πελάγους,
3573 528 3754 609 βραχὺ

371 620 431 676 et
473 613 704 676 interea
754 610 995 692 quidam
1050 629 1122 672 ex
1180 628 1388 672 eorum
1455 609 1740 674 militibus
1797 628 1830 672 e
1884 610 2019 671 navi

372 711 618 778 exeunt,
645 718 715 763 ea
741 699 1139 782 comparaturi
1171 718 1303 781 qum
1318 700 1588 763 eranteis
1604 700 1676 761 ad
1702 717 1872 761 usum
1906 718 2017 761 ne-

342 790 971 863 .cessaria.Quomodo
1001 797 1199 851 autem
1224 789 1419 852 solent
1448 789 1668 852 milites
1688 788 2015 851 alienarum

371 900 576 946 rerum
609 881 816 962 rapina
854 887 913 941 et
940 878 1221 941 violentia
1252 878 1424 940 valde
1483 878 1787 952 delectari,
1821 880 1891 941 iis
1921 879 2019 940 hic

374 989 613 1054 quoque
665 968 961 1042 utebatur,
995 976 1053 1030 et
1108 986 1206 1031 res
1260 968 1550 1031 vexabant
1575 969 1909 1032 accolarum
1963 976 2021 1030 et

375 1058 913 1143 depOpulabantur.
947 1057 1180 1120 Deinde
1199 1075 1297 1119 res
1313 1057 1487 1119 etiam
1513 1059 1803 1139 processit
1822 1060 1891 1121 ad
1917 1077 2018 1120 se-

375 1153 676 1216 ditionem,
709 1157 764 1207 et
795 1149 1081 1206 excitatus
1106 1156 1190 1205 est
1229 1148 1462 1219 quidam
1493 1146 1750 1205 tumulus
1780 1149 1848 1203 ad
1888 1149 2018 1205 Pla-

374 1260 547 1304 coma
584 1240 745 1322 quod
802 1238 1041 1301 dicitur.
1076 1237 1203 1300 Hoc
1232 1256 1364 1300 cum
1399 1237 1710 1300 recivisset
1756 1238 2030 1302 Nicolaus

378 1329 770 1401 admirabilis.
804 1329 909 1391 ille
946 1328 1098 1390 nihil
1142 1335 1455 1390 cunctatus
1486 1327 1645 1389 venit
1671 1329 1745 1390 ad
1801 1330 2024 1392 navale.

376 1420 684 1492 Postquam
712 1427 902 1476 autem
937 1418 1272 1475 manifestus
1305 1417 1408 1474 fuit
1438 1416 1635 1488 paucis
1663 1416 2026 1487 quibusdam,

376 1510 534 1573 fama
569 1508 769 1572 omnia
799 1508 1081 1589 pervasit,
1114 1514 1174 1570 et
1206 1506 1476 1588 protinus
1520 1508 1799 1569 universa
1827 1509 2031 1571 civitas

377 1613 511 1656 cum
536 1598 783 1656 ducibus
809 1597 1094 1655 exercitus
1118 1596 1189 1653 de
1219 1610 1380 1655 more
1397 1598 1447 1652 ei
1470 1598 1749 1668 processit
1775 1599 2024 1656 obviam.

379 1687 527 1751 Cum
589 1688 691 1749 ille
748 1687 952 1765 itaque
1009 1691 1304 1749 exercitus
1365 1686 1551 1749 duces
1607 1686 2031 1765 interrogasset

376 1777 769 1857 quamobrem
826 1784 884 1836 et
930 1775 1091 1838 unde
1139 1775 1432 1851 venirent,
1482 1776 1568 1837 illi
1626 1776 1909 1838 dixerunt
1964 1797 2029 1838 se

2100 614 2228 690 πρὸς
2282 617 2361 685 τῷ
2417 610 2590 688 λιμένι
2635 610 2914 689 διέτριϐον,
2974 611 3065 670 Ἐν
3109 615 3281 689 τούτῳ
3341 612 3395 671 δὲ
3455 637 3593 680 τινες
3641 624 3753 674 τῶν

2100 700 2190 757 ὑπ’
2241 702 2427 766 αὖτοὺς
2483 708 2843 779 στρατιωτῶν·
2905 701 3065 768 ἐξίασι
3122 706 3213 761 τοῦ
3269 702 3472 778 πλοίου,
3508 707 3574 763 τὰ
3623 706 3753 763 ἐπι-

2100 788 2284 860 τήδεια
2344 790 2702 867 ὠνησόμενοι.
2763 801 2867 850 Οΐα
2931 791 2985 849 δὲ
3043 791 3193 873 φιλεῖ
3248 795 3309 850 τὸ
3366 798 3750 866 στρατιωτικὸν

2104 882 2342 968 (ἁρπαγῇ
2372 882 2471 960 γὰρ
2528 883 2636 938 τῶν
2692 880 2981 961 ἀλλοτρίων
3034 884 3119 940 καὶ
3168 885 3257 960 βία
3307 883 3372 941 τὰ
3406 884 3579 943 πολλὰ
3617 886 3754 966 χαί-

2101 970 2321 1048 ρουσιν),
2378 968 2444 1026 τά
2499 972 2697 1041 συνήθη
2755 970 3015 1029 κάνταῦθα
3071 971 3353 1054 ἔπραττον,
3412 977 3499 1030 καὶ
3574 982 3752 1039 κακῶς

2100 1061 2167 1115 τὰ
2221 1065 2328 1115 τῶν
2384 1060 2680 1137 προσοίκων
2730 1059 2960 1121 ἐποίουν.
3001 1059 3243 1119 ’Ἔπειτα
3296 1063 3384 1119 καὶ
3441 1065 3513 1126 είς
3574 1064 3752 1120 στάσιν

2105 1148 2299 1228 ἐχώρει
2358 1150 2420 1204 τὸ
2473 1155 2720 1227 πρᾶγμα,
2750 1151 2838 1206 καὶ
2892 1153 3108 1231 ταραχή
3142 1173 3223 1216 τις
3272 1154 3401 1232 πρὸς
3432 1160 3509 1228 τῷ
3556 1153 3757 1210 καλου-

2110 1239 2253 1314 μένῳ
2313 1236 2640 1314 Πλακώματι
2682 1239 3020 1318 ἀνηρέθιστο,
3075 1243 3312 1299 Γνωσθὲν
3359 1241 3448 1299 οὗν
3501 1247 3576 1319 τῷ
3624 1247 3762 1304 θαυ-

2112 1329 2300 1404 μαστῷ
2386 1327 2657 1409 Νικολάῳ,
2719 1333 2837 1393 οἶος
2907 1330 3112 1395 ἐκεῖνος
3184 1331 3238 1388 ἐν
3309 1346 3425 1399 τοῖς
3504 1342 3764 1400 τοιούτοις

2111 1419 2369 1494 πνεύματι
2400 1419 2499 1486 τὴν
2533 1420 2701 1498 ὁρμὴν
2759 1419 2944 1494 ὅμοιος
2975 1421 3119 1485 εὐθὺς
3165 1421 3218 1486 ἐς
3248 1422 3310 1479 τὸ
3349 1422 3572 1481 ἐπίνειον
3602 1424 3760 1492 ἧκεν.

2110 1508 2269 1567 Ἐπεὶ
2330 1507 2384 1565 δέ
2428 1530 2566 1565 τισιν
2624 1507 2826 1588 ὀλίγοις
2883 1508 3069 1588 γέγονε
3128 1509 3313 1586 δῆλος,
3349 1518 3417 1590 τῇ
3475 1515 3631 1592 φήμῃ,
3676 1511 3767 1570 διὰ

2110 1600 2325 1656 πάντων
2380 1598 2584 1680 ἐφοίτα,
2619 1600 2706 1655 καὶ
2736 1603 3075 1679 παραχρῆμα
3116 1602 3150 1669 ἡ
3183 1600 3344 1666 πόλις
3390 1604 3531 1678 αὖτῷ
3589 1610 3763 1679 πᾶσα,

2111 1690 2318 1765 σύναμα
2373 1689 2461 1745 καὶ
2513 1700 2633 1751 τοῖς
2689 1687 3108 1764 ἀπεσταλμένοις
3165 1687 3387 1770 ἄρχουσι
3454 1695 3767 1772 προσκυνή-

2110 1800 2316 1859 σοντες,
2375 1780 2447 1842 ὡς
2517 1777 2655 1852 ἔθος,
2713 1778 2986 1848 ἀπήντων,
3056 1778 3327 1858 Ἐρομένῳ
3395 1782 3565 1838 τοίνυν
3636 1783 3766 1847 τοὺς

376 1868 565 1931 fuisse
619 1867 833 1929 missos
883 1865 960 1927 ad
1009 1864 1455 1944 imperatorem,
1489 1872 1556 1926 ut
1602 1874 2029 1945 componerent

2118 1868 2379 1948 ἔρχοντας
2413 1866 2497 1948 ἐφ’
2549 1866 2655 1940 ὅτῳ
2702 1869 2786 1923 καὶ
2838 1867 2953 1925 ὅθεν
3001 1867 3207 1948 ἥκοιεν,
3240 1870 3436 1927 ἐκεῖνοι
3482 1873 3610 1949 πρὸς
3657 1873 3768 1949 βα-

380 1957 709 2020 seditiones
733 1964 967 2018 exortas
989 1954 1048 2017 in
1075 1953 1344 2035 Phrygia.
1382 1953 1487 2015 Ille
1512 1972 1652 2015 vero
1683 1972 1785 2015 eos
1808 1954 1867 2015 in
1892 1954 2030 2015 civi-

378 2054 558 2109 tatem
612 2053 916 2126 acceptos,
952 2044 1265 2125 splendide
1308 2053 1368 2106 et
1410 2043 1723 2123 magniﬁce
1775 2044 2028 2125 hr-spitio

385 2138 626 2217 excipit.
661 2134 890 2197 Deinde
918 2151 1052 2196 cum
1078 2132 1166 2195 illi
1191 2133 1444 2195 militum
1474 2133 1787 2193 tumultum
1819 2132 2032 2214 sepiis-

379 2234 537 2302 sent,
588 2233 650 2287 et
698 2225 772 2286 ab
824 2224 930 2285 illo
979 2227 1234 2286 assecuti
1283 2230 1482 2285 essent
1525 2223 2029 2299 benedictionem,

371 2316 496 2395 jam
529 2321 699 2377 erant
728 2318 1047 2393 egressuri.

458 2405 792 2469 XVIII-IX.
829 2405 1071 2467 Interim
1104 2409 1302 2465 autem
1333 2402 1574 2484 quidam
1608 2422 1678 2466 ex
1703 2404 1931 2467 civibus
1961 2405 2033 2466 ad

381 2502 655 2558 sanctum
678 2494 986 2557 Nicolaum
1010 2493 1326 2568 accedunt,
1361 2501 1418 2554 et
1440 2492 1512 2554 ad
1537 2492 1668 2573 ejus
1693 2495 1871 2575 pedes
1905 2514 2034 2555 ma-

378 2603 495 2664 gno
531 2585 716 2647 animi
748 2583 965 2646 ardore
995 2581 1397 2664 procidentes,
1434 2581 1720 2660 rogabant
1752 2591 1811 2645 ut
1860 2602 2033 2665 opem

383 2676 573 2736 ferret
606 2672 682 2735 iis
724 2671 939 2754 quibus
969 2670 1148 2733 ﬁebat
1191 2670 1435 2749 injuria,
1473 2680 1530 2732 et
1573 2672 1943 2752 postulabant
1975 2681 2039 2734 ut

388 2763 794 2826 liberarentur
839 2780 874 2824 a
906 2760 1077 2824 malis
1126 2759 1541 2841 praesentibus.
1593 2759 1817 2823 Prazses
1874 2763 2034 2823 enim

382 2853 756 2930 Eustathius,
820 2868 956 2914 cum
1011 2850 1235 2931 ejulatu
1286 2849 1565 2912 dicebant
1622 2858 1679 2912 et
1734 2852 2030 2933 lacrymis,

385 2942 662 3025 pecuniis
706 2948 1031 3022 corruptus
1060 2939 1134 3002 ab
1182 2939 1257 3001 iis
1284 2941 1383 3020 qui
1430 2940 1631 3002 colunt
1661 2941 1938 3004 invidiam
1975 2950 2033 3003 et

383 3032 859 3113 improbitatem,
899 3038 1018 3092 tres
1067 3029 1224 3092 viros
1255 3048 1323 3091 ex
1368 3029 1442 3091 iis
1474 3031 1577 3111 qui
1607 3040 1744 3091 sunt
1776 3032 1834 3092 in
1884 3031 2034 3093 civi-

380 3131 522 3203 tate,
556 3141 694 3186 cum
726 3120 872 3183 nihil
924 3120 1170 3183 omnino
1212 3119 1538 3201 peccarint,
1578 3129 1770 3182 morte
1803 3123 2032 3198 multat,

376 3212 489 3275 Pro
513 3212 607 3275 his
633 3229 776 3292 ergo
798 3209 1072 3273 universa
1131 3209 1339 3273 civitas
1362 3209 1765 3271 miserandum
1812 3211 1870 3272 in
1906 3230 2035 3273 mo-

383 3302 529 3365 dum
560 3302 954 3379 cruciatur,et
982 3298 1324 3371 al‘ilictatur,
1354 3308 1413 3360 et
1445 3299 1505 3360 in
1540 3317 1751 3378 magno
1782 3319 2035 3363 maerore

381 3397 539 3452 tuam
570 3389 1272 3469 imploratpraeaentiam.
1307 3386 1369 3447 Si
1403 3386 1561 3448 enim
1587 3388 1896 3466 adfuisses,
1916 3410 2033 3452 non

381 3480 532 3552 apud
562 3494 690 3537 eam
720 3476 837 3535 tale
869 3476 952 3534 sol
977 3476 1167 3533 scelus
1191 3475 1518 3547 aspexisset.
1552 3477 1681 3537 Ilaec
1712 3493 1839 3535 cum
1862 3481 2033 3539 homo

380 3570 489 3633 Dei
520 3566 830 3647 audiisset,
867 3574 925 3627 et
953 3565 1219 3627 imitator
1249 3565 1408 3627 illius
1440 3566 1879 3642 clementiaa,atl
1904 3571 2030 3633 hcce

383 3659 671 3718 excitatur
702 3664 757 3714 et
786 3656 1040 3728 assurgit
1067 3656 1280 3721 animo,
1304 3656 1489 3714 zelum
1527 3656 1770 3714 induens
1792 3672 1847 3717 et
1887 3661 2032 3718 ﬁdu-

384 3751 562 3831 ciam,
598 3757 656 3812 et
684 3749 1003 3828 assumptis
1034 3746 1289 3809 ducibus
1321 3747 1641 3830 exercitus,
1668 3751 1861 3812 statim
1886 3754 2031 3813 viam

381 3849 473 3902 est
497 3840 822 3918 ingressus.
858 3837 1004 3900 Cum
1025 3843 1225 3899 autem
1258 3837 1470 3899 fuisset
1500 3844 1559 3898 in
1592 3839 1845 3919 quodam
1882 3842 2034 3916 loco,

381 3931 434 3992 is
455 3948 594 3992 vero
617 3926 939 3990 vocabatur
961 3928 1104 4002 Leo,
1140 3924 1383 4006 rogabat
1413 3945 1519 3990 eos
1540 3928 1642 4009 qui
1672 3932 2043 3995 accedebant

382 4037 459 4082 an
517 4019 593 4080 de
620 4018 765 4080 viris
816 4016 936 4078 illis
967 4016 1193 4097 aliquid
1255 4016 1500 4098 scirent,
1538 4030 1597 4081 et
1635 4018 1737 4081 ubi
1768 4040 1870 4083 eos
1898 4022 2037 4085 reli-

387 4109 682 4188 quissent.
708 4107 796 4169 Illi
820 4106 1114 4188 autem,in
1140 4106 1355 4187 platea,
1381 4107 1681 4187 inquiunt,
1708 4112 1861 4191 apud
1898 4114 2042 4175 Dio-

394 4217 599 4261 scoros
629 4199 730 4280 qui
780 4204 1086 4259 vocantur.
1132 4196 1240 4258 Ille
1271 4215 1410 4259 vero
1468 4209 1629 4260 recta
1677 4219 1929 4280 pergens
1972 4204 2045 4265 ad

2112 1957 2303 2021 σιλέως
2362 1956 2684 2014 ἀπεστάλθαι
2728 1958 2909 2031 εἷπον,
2958 1955 3039 2037 ἐφ’
3095 1961 3140 2032 ᾧ
3186 1971 3301 2024 τοῖς
3344 1961 3479 2018 κατὰ
3533 1963 3770 2040 Φρυγίαν

2112 2048 2206 2111 τὰς
2264 2048 2476 2111 στάσεις
2533 2045 2712 2111 καλῶς
2784 2045 3061 2107 διαθεῖναι.
3153 2049 3249 2106 Καὶ
3310 2051 3367 2113 ὃς
3440 2049 3770 2128 παραλαϐὼν

2115 2140 2299 2200 αὖτοὺς
2357 2139 2411 2194 ἐν
2465 2144 2532 2214 τῇ
2589 2135 2741 2193 πόλει
2800 2135 3093 2217 φιλοτίμως
3145 2136 3387 2211 ἐξένιζεν,
3454 2138 3569 2197 Εἶθ’
3627 2139 3771 2197 οὕτω

2115 2230 2207 2285 τὸν
2261 2226 2477 2306 θόρυϐον
2528 2227 2700 2295 ἠπίως
2759 2227 3095 2302 κοιμίσαντες
3151 2234 3255 2283 τῶν
3288 2235 3622 2308 στρατιωτῶν
3681 2232 3772 2288 καὶ

2119 2318 2360 2396 εὺλογίας
2390 2318 2567 2394 ὥσπερ
2598 2315 2699 2373 ἔδει
2729 2319 2827 2383 τῆς
2858 2314 2981 2394 παρ’
3014 2318 3174 2377 αὖτοῦ
3201 2319 3482 2399 τυχόντες,

2198 2407 2441 2470 ιΗ’-ιθ’,
2487 2406 2649 2465 Ἐπεὶ
2680 2404 2905 2483 ἔμελλον
2935 2407 3034 2474 τῆς
3064 2409 3193 2486 πρὸς
3224 2410 3453 2486 Φρυγίαν
3484 2407 3603 2467 ὁδοῦ
3632 2409 3772 2490 ἔχε-

2121 2503 2263 2578 σθαι,
2314 2496 2693 2577 προσελθόντες
2750 2496 2891 2559 τινὲς
2952 2499 3055 2553 τῶν
3120 2496 3215 2565 τῆς
3287 2497 3518 2572 πόλεως,
3578 2503 3775 2577 θερμο-

2120 2591 2286 2657 τάτην
2352 2588 2474 2669 οἵαν
2534 2591 2677 2660 αὐτῷ
2730 2586 2818 2643 καὶ
2875 2590 3141 2665 περιπαθῆ
3218 2587 3597 2669 προσφέρουσιν
3653 2592 3771 2645 ἱκε-

2120 2682 2284 2739 τείαν,
2349 2668 2409 2734 Ἠ
2469 2676 2522 2733 δὲ
2584 2678 2651 2746 ἧν
2695 2676 2909 2753 ἀμύνειν
2967 2668 3377 2752 ἀδικουμένοις(
3420 2680 3506 2734 καὶ
3565 2679 3615 2736 τί
3670 2681 3768 2757 γὰρ

2119 2768 2239 2826 ἀλλ’
2301 2770 2337 2837 ἢ
2383 2767 2508 2824 ὅσον
2552 2766 2698 2824 οὔπω
2739 2765 2835 2823 καί
2882 2766 3038 2826 αὐτοῦ
3071 2773 3165 2825 τοῦ
3214 2772 3307 2844 ζῇν
3355 2774 3537 2832 κακῶς
3592 2767 3765 2825 άπαλ-

2119 2859 2519 2935 λαττομενοις;
2597 2858 2658 2914 ⁸0
2721 2857 2819 2935 γὰρ
2892 2857 3110 2935 ἡγεμὼν
3190 2856 3497 2934 Εὖστάθιος,
3561 2857 3765 2936 ἔλεγον,

2115 2950 2414 3029 χρημάτων
2474 2947 2554 3003 δτι
2619 2945 2880 3003 πλείστων
2946 2945 3115 3013 ἥττων
3179 2947 3492 3024 γενόμενος,
3524 2948 3626 3004 ὑπὸ
3669 2954 3776 3005 τῶν

2118 3038 2307 3119 φθόνου
2361 3040 2450 3094 καὶ
2505 3038 2693 3100 κακίας
2749 3033 2927 3099 δεινῶς
2991 3036 3310 3112 ἡττωμένων
3369 3050 3511 3110 τρεῖς
3558 3043 3662 3093 τῶν
3719 3040 3778 3093 ἒν

2121 3136 2188 3206 τῇ
2243 3127 2395 3186 πόλει
2456 3124 2643 3204 ἄνδρας
2690 3123 2837 3182 οὐδὲν
2883 3123 3020 3188 ὅλως
3062 3126 3442 3205 ἡμαρτηκότας
3487 3130 3544 3185 οὗ
3586 3127 3775 3203 μετρίᾳ

2120 3224 2218 3276 τινὶ
2274 3217 2524 3297 τιμωρίᾳ,
2585 3216 2650 3283 ἧν
2725 3216 2825 3293 γὰρ
2880 3216 3016 3272 οὕτω
3070 3216 3131 3271 τὸ
3201 3215 3441 3296 χαλεπὸν
3508 3215 3763 3294 φορητὸν,

2117 3307 2238 3365 ἀλλ’
2297 3307 2507 3387 ἐσχάτῃ
2565 3302 2821 3382 καταδίκῃ
2869 3303 3104 3376 κολάζει.
3156 3305 3317 3383 Ὑπὲρ
3370 3307 3428 3360 οὗ
3457 3305 3541 3360 καὶ
3584 3305 3618 3373 ἡ
3671 3304 3740 3360 πό

2116 3398 2198 3461 λις
2233 3396 2474 3460 ἐλεεινῶς
2530 3417 2810 3470 κοπτεται,
2843 3394 2943 3462 τὴν
2997 3393 3174 3452 ἄδικόν
3206 3416 3263 3452 τε
3308 3392 3607 3462 ἂνοδύρεται
3663 3399 3773 3450 τῶν

2115 3489 2303 3547 ἆθώων
2361 3486 2597 3566 σφαγὴν,
2661 3487 2749 3541 καὶ
2803 3484 2898 3554 τὴν
2960 3486 3084 3565 σὴν,
3130 3488 3175 3542 ὧ
3231 3485 3518 3563 θαυμάσιε,
3572 3506 3776 3562 παρου-

2114 3580 2228 3635 σίαν
2288 3574 2584 3635 ἐπιϐοᾶται.
2654 3576 2711 3633 Εἰ
2770 3575 2868 3654 γὰρ
2927 3579 3127 3650 παρῆς,
3188 3574 3283 3631 οὒκ
3340 3573 3402 3630 ἂν
3451 3582 3687 3631 τοιοῦτον
3749 3568 3778 3623 ὁ

2123 3667 2267 3736 ἥλιος
2328 3672 2492 3742 μῦσος
2549 3662 2743 3740 ’έμελλε
2802 3668 3050 3741 καθορᾷν.
3115 3665 3329 3723 Τούτων
3399 3666 3426 3721 ὁ
3483 3670 3579 3721 τοῦ
3645 3670 3780 3721 Θεοῦ

2121 3758 2415 3837 ἅνθρωπος,
2469 3755 2565 3813 καΐ
2622 3757 2719 3822 τῆς
2795 3754 2992 3811 ἐκείνου
3065 3758 3392 3830 συμπαθείας
3453 3750 3778 3823 ἀκριϐέστα-

2128 3872 2213 3915 τος
2290 3847 2534 3924 μιμητὴς
2592 3845 2849 3916 ἀκούσας,
2912 3844 3017 3924 οὔχ
3088 3844 3413 3925 ὅπερτίθεται
3467 3843 3565 3910 τὴν
3640 3842 3777 3919 βοή-

2126 3945 2294 4015 θειαν,
2330 3936 2444 3996 ουδὲ
2494 3937 2690 4017 χρόνον
2741 3935 2793 3992 ἐν
2822 3932 2976 4010 μέσῳ
3022 3941 3113 3991 τοῦ
3169 3956 3226 3991 τε
3275 3934 3499 3995 ἂκοῦσαι
3529 3932 3623 3988 καὶ
3681 3937 3782 3999 τῆς

2128 4032 2257 4110 πρὸς
2319 4028 2618 4106 ἐπικουρίαν
2672 4027 2866 4105 ὁρμῆς,
2928 4022 3045 4081 οὔδε
3114 4024 3317 4104 βραχὺν
3376 4026 3593 4102 τίθεται,
3646 4020 3783 4078 ἀλλὰ

2128 4124 2219 4177 τὸν
2287 4118 2418 4197 ὑπὲρ
2488 4124 2579 4174 τοῦ
2650 4116 2847 4195 ἀγαθοῦ
2904 4112 3066 4186 ζῆλον
3131 4114 3311 4192 ὥσπερ
3380 4113 3498 4169 τινὰ
3558 4110 3783 4178 λεοντῆν

2129 4209 2297 4284 ἐνδὺς,
2360 4210 2504 4269 εὒίῖυς
2586 4204 2935 4280 διανίσταται,
2997 4206 3084 4261 καὶ
3154 4203 3448 4282 παῤῥησίας
3518 4200 3779 4258 πίπλαται

402 4288 740 4370 martyrium
790 4289 1143 4349 Sanctorum
1179 4285 1516 4348 Crescentis
1547 4296 1610 4349 et
1652 4288 2031 4372 Dioscoridts1

2125 4300 2226 4367 τὴν
2286 4300 2492 4378 ψυχήν·
2551 4297 2667 4357 τοῦς
2722 4294 3027 4373 εἰρημένους
3068 4316 3123 4350 τε
3172 4292 3437 4373 ἄρχοντας
3493 4312 3779 4368 συμπαρα-

389 4379 484 4436 ubi
518 4378 892 4436 intellexisset
920 4391 1021 4434 eos
1057 4375 1230 4433 modo
1266 4385 1491 4446 portam
1528 4379 1886 4447 egreditntes
1913 4381 2031 4438 dum

2128 4387 2328 4470 λαϐὼν,
2361 4386 2479 4445 ἱ»δοῦ
2532 4386 2777 4446 ἅπτεται.
2837 4384 2948 4442 ’Ἦν
2994 4407 3094 4440 τινι
3151 4382 3273 4460 γοῦν
3324 4382 3496 4455 τόπῳ,
3531 4379 3677 4437 Λέων
3725 4378 3779 4434 δὲ

381 4468 454 4531 ad
479 4469 672 4531 Beran
701 4467 777 4548 (is
807 4473 1005 4528 autem
1039 4472 1167 4527 erat
1191 4465 1358 4526 locus
1383 4484 1499 4545 quo
1540 4467 1610 4525 ad
1641 4477 1891 4530 mortem
1925 4472 2031 4532 du-

2128 4483 2276 4541 οὗτος
2332 4475 2607 4552 ἐκαλεῖτο,
2653 4475 2963 4553 γενόμενος,
3013 4473 3331 4528 ἐπυνθάνετο
3388 4475 3494 4526 τῶν
3552 4468 3775 4548 παριόν-

382 4558 673 4621 cebantur
696 4555 1100 4634 condemnati)
1134 4554 1381 4634 gradum
1410 4556 1846 4633 accelerans,et
1881 4563 2031 4637 quod

2125 4592 2256 4643 των,
2319 4566 2371 4624 εἴ
2428 4588 2476 4623 τι
2536 4565 2653 4643 περὶ
2710 4562 2815 4619 τῶν
2876 4560 3077 4641 civach
3138 4560 3351 4617 ἐκείνων
3419 4557 3630 4630 εἰδετεν,
3691 4559 3779 4613 καὶ

382 4647 590 4710 deerat
631 4646 947 4724 senectuti,
984 4645 1184 4707 cordis
1233 4645 1465 4707 fervore
1510 4647 1818 4726 supplens,
1877 4649 2042 4713 brevi

380 4744 653 4817 tempore
709 4738 977 4816 pervenit
1007 4733 1081 4795 ad
1119 4735 1759 4800 locum‘constitutum.
1796 4747 1852 4799 et
1888 4740 2045 4805 videt

382 4843 660 4905 magnam
694 4825 936 4907 quidem
967 4824 1542 4914 circumsistentem
1577 4825 2040 4914 multitudinem,

378 4917 539 4979 viros
569 4934 731 4991 vero,
761 4915 911 4996 proh
945 4913 1159 4976 dolor!
1194 4932 1352 4994 pone
1383 4914 1607 4975 vinctos
1655 4917 1950 5001 manibus,
1987 4913 2045 4984 et

379 5014 623 5090 opertos
652 5005 948 5069 habentes
979 5004 1207 5085 oculos,
1244 5011 1304 5065 et
1333 5002 1493 5064 nudo
1525 5004 1679 5066 collo
1711 5015 1767 5067 et
1797 5019 2043 5074 extenso

381 5097 709 5159 sectionem
746 5102 1161 5177 exspectantes
1195 5116 1210 5167 ;
1251 5091 1590 5155 miserabile
1612 5102 2040 5179 spectaculum,

385 5196 445 5249 et
468 5187 629 5266 quod
663 5205 774 5248 nec
793 5185 1031 5247 oculum
1065 5184 1306 5265 quidem
1331 5191 1565 5263 poterat
1587 5184 1808 5249 habere
1830 5199 2039 5254 testem

2126 4659 2248 4717 ὅποι
2298 4656 2360 4713 ἂν
2391 4655 2579 4719 αὖτοὺς
2633 4651 2968 4710 ἀπολίποιεν.
3022 4654 3081 4709 Οἱ
3114 4649 3167 4706 δὲ
3218 4650 3363 4708 Κατὰ
3394 4650 3514 4713 τοὺς
3577 4645 3778 4705 καλου-

2127 4749 2340 4825 μένους,
2392 4745 2616 4826 ἔφησαν,
2656 4740 2971 4820 Διοσκόρους
3031 4739 3083 4797 ἐν
3144 4747 3211 4816 τῇ
3267 4738 3515 4810 πλατείᾳ.
3567 4738 3664 4795 Καὶ
3722 4738 3778 4800 ὃς

2128 4839 2244 4895 εὐθὺ
2299 4846 2393 4895 τοῦ
2423 4832 2703 4913 μαρτυρίου
2760 4838 2866 4887 τῶν
2919 4831 3080 4907 ἁγίων
3139 4829 3447 4907 Κρίσκεντος
3506 4827 3591 4883 καὶ
3648 4836 3779 4882 Διο-

2127 4925 2363 5003 σκορίδου
2421 4926 2634 5005 προῄειο
2668 4923 2755 4978 καὶ
2809 4918 2992 4988 ἐπειδὴ
3044 4919 3200 4997 μάθοι
3254 4918 3464 4982 τούτους
3512 4915 3623 4993 ἄρτι
3680 4916 3781 4982 τὴν

2124 5002 2298 5085 πύλην
2378 5002 2785 5093 ὑπερϐαίνοντας
2869 5011 3011 5089 παρὰ
3099 5006 3190 5064 τόν
3273 5007 3449 5086 Βηρᾶν
3534 5002 3777 5084 ἄγεσθαι,

2123 5110 2286 5171 τόπος
2357 5104 2412 5162 δὲ
2484 5103 2636 5168 οὗτος
2708 5107 2813 5158 τῶν
2873 5096 3167 5156 καταδίκων
3236 5096 3592 5169 ἐπιθανάτιος,
3652 5097 3779 5150 ἐπι-

2125 5200 2294 5264 τείνας
2349 5197 2447 5264 τὴν
2514 5194 2766 5272 πορείαν,
2839 5191 2925 5247 καὶ
2983 5190 3043 5245 τὸ
3100 5185 3272 5244 ἐνδέον
3343 5191 3419 5258 τῷ
3475 5186 3627 5264 γήρει
3702 5191 3781 5258 τῷ

380 5275 809 5367 perpessionis,
829 5283 887 5367 et
914 5276 1115 5355 ipsum
1142 5273 1486 5367 carniﬁcem
1503 5272 1603 5354 qui
1630 5274 1754 5367 jam
1781 5280 2031 5358 gladium

2126 5288 2359 5367 διαπύρῳ
2414 5286 2507 5353 τῆς
2564 5282 2848 5360 προθυμίας
2908 5276 3258 5356 ἀναπληρῶν,
3317 5275 3369 5332 ἐν
3435 5276 3638 5367 βραχεῖ
3688 5277 3781 5367 τον

379 5366 727 5444 strinxerat,
763 5364 1111 5445 caedemque
1143 5361 1513 5444 spirantibus
1572 5372 1631 5424 et
1663 5366 1903 5431 furiosis
1956 5375 2031 5434 in-

2121 5361 2415 5458 ὡρισμένον
2490 5373 2758 5453 ἐπιψθάνει
2816 5369 3005 5425 τόπον.
3085 5368 3222 5424 Εἶτα
3281 5368 3375 5444 ἓ)ρᾷ
3446 5363 3614 5420 πολὺν
3680 5363 3779 5440 μὲν

380 5453 665 5517 tuebatur
695 5454 909 5535 oculis,
942 5464 1002 5516 et
1030 5451 1123 5515 vel
1147 5453 1275 5514 solo
1300 5460 1545 5533 aspectu
1579 5471 1699 5533 pra:
1731 5475 1789 5518 se
1816 5458 2031 5524 ferebat

2122 5451 2289 5549 ὅγλον
2358 5451 2702 5544 περιεστῶτα,
2739 5458 2859 5521 τοὺς
2908 5456 3095 5536 ἄνδρας
3158 5454 3212 5511 δὲ
3255 5454 3447 5534 ὀπίσω,
3482 5453 3622 5532 φεῦί
3687 5453 3782 5519 τὰς

381 5543 830 5606 immanitatem.

2121 5538 2318 5641 χεῖρας
2398 5538 2844 5627 δνεὸεσμημένους,
2907 5549 2994 5604 καὶ
3064 5546 3167 5641 τὰς
3430 5540 3781 5641 κεκαλυμμέ-

380 5656 521 5709 νους,
580 5635 668 5691 καὶ
744 5657 927 5712 γομνῳ
983 5634 1246 5716 τρκχήλῳ
1322 5634 1423 5700 τὴν
1479 5631 1697 5722 πληγὴν
1754 5631 2163 5722 ἀναειέιονταςῗ
2201 5631 2356 5709 ista»
2416 5665 2471 5701 τε
2529 5643 2619 5698 τὸν
2690 5637 2883 5714 δήμιον
2943 5639 3004 5694 τὸ
3063 5635 3208 5715 ξίφος
3285 5632 3389 5701 ἤδη
3448 5631 3783 5706 διεσπασμέ-

380 5748 489 5799 νον,
554 5724 640 5779 καὶ
698 5724 875 5802 φόνιόν
931 5748 980 5780 τι
1038 5726 1124 5780 καὶ
1184 5726 1408 5799 μανικὸν
1468 5721 1755 5799 βλέποντι,
1816 5734 1902 5788 κχὶ
1960 5741 2018 5793 τὸ
2079 5744 2209 5818 πρὸς
2267 5738 2481 5819 σφαγὴν
2542 5731 2765 5813 ὅρμημα
2823 5733 2900 5805 τῷ
2959 5729 3228 5807 προσώπῳ
3285 5723 3773 5805 χαρακτηρίζοντα,

380 5811 606 5871 ἐλεεινὸν
636 5814 809 5889 θέαμα
837 5816 925 5871 καὶ
952 5811 1086 5891 μηδὲ
1118 5812 1373 5893 ὀφθαλμῴ
1403 5811 1645 5891 σώφρονι
1690 5814 1876 5891 ῥᾳδίως
1908 5811 2235 5911 ἀνασγεξεάν,
