4136 6490
377 356 494 422 343

1694 354 1977 418 MENSIS
2016 353 2446 418 DECEMBER.

3662 352 3794 422 344

376 492 521 552 Nam
533 506 667 551 cum
682 492 805 565 ipse
826 490 1093 564 protinus
1114 490 1367 549 venisset
1384 489 1442 547 in
1468 497 1839 561 conspectum
1854 492 2042 563 impe-

2138 493 2410 572 νεωτέροις
2466 492 2567 572 γάρ
2624 491 3012 572 ἐπιχειροῦσιν,
3089 493 3421 573 πράγμασιν,
3480 493 3580 552 ὅσα
3639 497 3794 565 ἡμᾶς

375 582 614 659 ratoris,
638 591 840 646 narrat
868 602 999 664 quae
1035 581 1108 645 ab
1136 580 1258 642 illis
1290 578 1604 654 audiverit,
1634 587 1691 641 et
1723 582 2045 661 persuadet

381 681 447 735 ut
476 672 701 735 indicta
732 692 915 735 causa
946 673 1017 735 ab
1053 671 1154 733 illo
1185 669 1520 751 capiantur,
1557 678 1616 731 et
1649 670 1707 730 in
1740 689 2044 733 carcerem

383 763 793 843 conjiciantur:
829 764 918 825 Ne
945 761 1142 836 nobis,
1168 759 1386 842 inquit,
1414 778 1533 821 non
1559 760 2045 823 animadverten-

381 852 543 915 tibus
592 851 810 915 faciant
840 870 911 916 ea
978 869 1109 931 quae
1139 858 1276 912 sunt
1322 848 1614 911 meditati.
1650 849 1748 912 Sic
1803 851 2046 930 quidem

380 942 598 1005 factum
632 949 744 1022 est,
778 948 839 1004 et
867 941 1126 1022 conjecti
1165 947 1301 1001 sunt
1334 939 1421 1000 illi
1454 938 1513 1001 in
1546 957 1877 1015 carcerem,
1913 960 2046 1002 cum

383 1050 497 1094 nec
557 1031 750 1111 ipsum
784 1030 1023 1112 quidem
1083 1030 1307 1091 scirent
1339 1047 1448 1091 cur
1506 1037 1705 1091 essent
1739 1030 1939 1093 traditi
1989 1030 2049 1091 in

384 1122 714 1185 custodiam
769 1128 997 1183 tantum
1033 1119 1237 1183 aberat
1286 1126 1351 1181 ut
1381 1119 1604 1200 aliquid
1639 1120 1781 1182 mali
1816 1121 2047 1183 machi-

382 1214 501 1275 nati
533 1220 737 1274 essent
758 1211 1049 1273 adversus
1078 1210 1532 1291 imperatorem.

381 1303 539 1378 οὕτω,
597 1305 685 1358 καὶ
765 1303 880 1365 τοὺς
953 1299 1144 1378 ἄνδρας
1225 1300 1409 1380 εἶχειν
1481 1299 1718 1379 φυλακὴ,
1782 1300 1887 1359 οὔδ’

2129 584 2375 656 ἀκοῦσαι,
2436 586 2524 641 καὶ
2605 583 2812 662 πονηρᾶ
2886 583 3229 662 τεκμαίρουσι
3289 586 3423 641 κατά
3493 584 3792 663 βασιλέως.

2130 671 2281 731 Οὕτω
2336 677 2441 731 τῶν
2500 671 2698 749 ἀνδρῶν
2770 673 3137 752 κατειπόντες,
3168 678 3264 730 καὶ
3315 677 3535 754 χρυσίου
3587 674 3798 732 πολλοῦ

2129 765 2219 819 τὸν
2265 762 2504 842 ἔπαρχον
2556 762 2918 837 ὠνησάμενοι,
2970 764 3067 828 τὰς
3122 760 3405 839 βασιλικὰς
3462 763 3530 821 δι’
3587 763 3798 821 ἐκείνου

2132 854 2425 932 φθείρουσιν
2474 852 2661 915 ἀκοάς.
2715 853 2870 918 Εὖθὺς
2922 852 3021 931 γὰρ
3078 854 3153 917 εἷς
3198 852 3319 928 δ’ψιν
3353 855 3509 919 αὒτὸς
3557 861 3633 929 τῷ
3680 856 3797 931 βα·-

2133 942 2277 1000 σιλετ
2334 941 2622 1021 φενόμενος
2657 940 2866 1007 διέξεισί
2891 964 2949 999 τε
3000 943 3031 998 ἃ
3083 941 3210 1020 παρ’
3256 943 3472 1000 ἐκείνων
3519 943 3793 1022 ἀκούσειε,

2132 1034 2220 1092 ναὶ
2276 1033 2440 1089 πείθει
2501 1031 2708 1111 ἰρήμην
2784 1029 2871 1088 ὁπ’
2929 1035 3084 1090 αὐτοῦ
3147 1030 3348 1089 ἀλῶναι
3395 1034 3517 1096 τοὺς
3574 1033 3789 1113 ἄνδρας,

2132 1124 2193 1179 τὸ
2251 1120 2304 1177 δὲ
2334 1128 2421 1178 νῦν
2476 1120 2632 1202 ἔχον,
2666 1119 2878 1201 φυλακῇ
2920 1119 3157 1189 δοθῆναν
3215 1122 3305 1190 Μὴ
3356 1120 3628 1198 λαθόντες,
3673 1146 3796 1203 φη-

2312 1208 2596 1290 ὂράσωσιν,
2678 1212 2710 1267 ἃ
2791 1211 2965 1267 πάντα
3059 1208 3482 1287 μεμελετήκασι,
3570 1213 3801 1290 Γέγονεν

2135 1213 2238 1291 σὶν,

1974 1302 2102 1358 αὒτὸ
2173 1308 2328 1359 τοῦτο
2400 1298 2810 1381 ἒπισταμένους,
2872 1298 2993 1357 ὅτου
3071 1302 3235 1380 χάριν
3292 1303 3353 1357 τὸ
3428 1300 3800 1382 δεσμωτήριον

381 1393 788 1469 κατεκρίθησαν·
822 1390 1075 1448 τοσοῦτον
1105 1390 1341 1470 ἀπεῖχον
1371 1398 1464 1447 τοῦ
1496 1390 1732 1470 πονηρόν
1767 1414 1815 1447 τι
1846 1390 2227 1468 βουλεύσασθαι
2261 1390 2395 1450 κατᾶ
2427 1388 2716 1467 βασιλεως.

463 1480 652 1545 XXII.
690 1479 1037 1542 Intercessit
1067 1478 1445 1556 aliquantum
1485 1479 1794 1560 temporis,
1835 1488 1891 1540 et
1922 1499 2054 1541 rur-

2220 1482 2348 1544 KB'.
2404 1483 2603 1560 Χρόνος
2640 1486 2666 1540 ὁ
2699 1482 2895 1559 μεταξὺ
2953 1483 3178 1565 συχνὸς,
3214 1485 3301 1542 καὶ
3334 1483 3495 1542 πάλιν
3525 1487 3559 1552 ἡ
3612 1507 3802 1553 πονη-

382 1589 489 1633 sus
549 1568 889 1651 malignitas
935 1577 1211 1649 tanquam
1251 1587 1369 1629 non
1416 1577 1700 1631 contenta
1754 1570 2051 1649 prioribus

2138 1576 2243 1654 ρία,
2316 1574 2550 1650 καθάπερ
2647 1577 2741 1632 οὒκ
2830 1574 3133 1652 ἀρκουμένη
3206 1588 3324 1636 τοῖς
3406 1573 3796 1651 προλαϐοῦσιν,

386 1658 676 1739 adimplet
709 1658 884 1720 etiam
922 1657 983 1721 id
1034 1657 1193 1738 quod
1227 1657 1455 1720 deerat.
1490 1662 1643 1723 Nam
1673 1658 1758 1721 sic
1809 1659 2050 1739 quidem

2138 1662 2422 1721 ἀκόλουθον
2472 1665 2560 1719 καὶ
2615 1662 2766 1726 τέλος
2841 1664 3090 1724 ἐπινοιεϊ.
3149 1662 3480 1743 Ἐτύγχανον
3531 1665 3627 1739 μὲν
3690 1667 3799 1743 γὰρ

388 1748 686 1828 degebant
716 1747 808 1809 illi
831 1747 941 1808 viri
977 1746 1183 1810 afﬂicti
1207 1748 1268 1808 in
1299 1764 1564 1823 carcere;
1592 1748 2051 1811 calumniatores

2138 1754 2302 1818 οὕτως
2360 1755 2404 1809 οἳ
2460 1749 2639 1830 ἄνδρες
2698 1758 2767 1829 τῇ
2817 1752 3029 1832 φυλακῇ
3086 1757 3668 1833 προσκακοπαθοῦντεςο
3745 1757 3802 1811 οἱ

389 1848 584 1900 autem
620 1856 755 1899 cum
780 1835 1053 1899 viderent
1083 1846 1322 1917 tempus
1347 1838 1861 1912 tluere,timentes
1894 1857 1968 1899 ne
2004 1838 2051 1900 si

2138 1843 2455 1922 συκοφάνται
2507 1840 2586 1917 δὲ,
2648 1842 2761 1899 ἐπεὶ
2813 1842 3134 1921 ὑπορρέοντα
3184 1844 3275 1899 τὸν
3332 1843 3526 1922 χρόνον
3584 1843 3798 1925 ἑώρων,

389 1928 688 1991 evenisset
717 1926 939 2008 aliquid
974 1926 1373 2007 inopinatum,
1410 1934 1644 1989 structae
1672 1928 1912 2009 quidem
1946 1948 2047 1991 ar-

2138 1931 2398 1998 δείσαντες
2436 1933 2514 2009 μή
2582 1933 2683 1989 πεύ
2724 1956 2776 1989 τι
2832 1938 2939 1988 τῶν
2981 1930 3257 2000 ἀδοκήτων
3314 1930 3521 2000 συμϐὰν
3563 1934 3629 1990 τὰ
3694 1936 3804 2008 μὲν

387 2026 722 2098 guerentor
747 2032 956 2079 eorum
1011 2015 1265 2096 insidiae,
1297 2023 1749 2078 converteretur
1801 2036 1939 2079 vero
1986 2017 2046 2080 in

388 2107 746 2188 periculum,
783 2123 993 2167 rursus
1021 2105 1321 2167 accedunt
1362 2106 1434 2168 ad
1485 2106 1858 2187 praefectum,
1891 2115 1946 2169 et
1992 2108 2049 2170 ei

386 2198 692 2260 facessunt
726 2194 1031 2274 negotium
1066 2213 1143 2256 ne
1192 2194 1279 2256 sic
1309 2194 1468 2257 viros
1516 2196 1909 2277 relinqueret,
1942 2197 2044 2259 sed

385 2286 714 2366 eisjustum
739 2285 991 2346 inferret
1019 2283 1407 2366 supplicium.
1441 2284 1550 2347 Ille
1579 2294 1799 2361 autem,
1829 2290 2049 2348 veritus

390 2395 466 2439 ne
484 2394 691 2438 aurum
719 2374 833 2437 sibi
862 2373 1219 2449 auferretur,
1247 2374 1299 2436 si
1329 2374 1509 2438 ﬁnem
1537 2394 1655 2436 non
1682 2374 2055 2457 accepissent

385 2486 519 2549 quae
550 2471 675 2528 erat
722 2463 1048 2546 pollicitus,
1094 2464 1327 2527 accedit
1356 2482 1566 2526 rursus
1621 2465 1690 2525 ad
1726 2464 2054 2545 imperato-

387 2574 562 2619 rem:
612 2554 924 2635 vultusque
950 2554 1268 2616 severitate
1324 2562 1381 2615 et
1414 2554 1544 2635 ipso
1580 2554 1736 2615 tristi
1783 2564 2050 2636 aspectu,

388 2665 511 2728 prae
541 2663 606 2708 se
634 2645 836 2708 ferens
868 2643 1157 2705 malorum
1194 2661 1259 2705 se
1288 2644 1496 2706 venire
1530 2644 1801 2705 nuntium
1831 2663 1845 2707 :
1879 2653 1935 2705 et
1969 2645 2048 2705 si-

388 2737 513 2797 mul
541 2735 750 2797 volens
775 2732 1093 2796 ostendere
1124 2750 1187 2794 se
1221 2731 1381 2794 illius
1404 2732 1533 2794 vita)
1567 2750 1768 2794 curam
1804 2733 2049 2795 omnino

386 2826 958 2906 gerere,essequein
977 2841 1111 2885 eum
1126 2841 1362 2885 summa
1386 2822 1502 2886 fide
1522 2830 1580 2884 et
1603 2821 2019 2886 benevolentia
2035 2871 2049 2886 .

388 2914 623 2979 Deinde
654 2913 816 2976 varie
846 2911 1153 2976 insidiosis
1186 2910 1389 2979 verbis
1419 2912 1631 2992 irrepit
1658 2924 1715 2975 et
1742 2932 1807 2974 se
1833 2913 1887 2975 ei
1914 2913 2052 2974 insi«

382 3014 545 3082 nuat,
580 3004 836 3068 dicens:
891 3003 1170 3079 Domine,
1207 3008 1307 3084 qui
1358 3001 1644 3065 adversus
1693 3011 1848 3064 tuam
1899 3003 2053 3066 mala

2132 2022 2406 2101 ἀποῤῥητα
2462 2028 2554 2079 τοῦ
2612 2020 2878 2101 δράματος
2951 2020 3224 2100 διελέγξῃ,
3291 2029 3587 2101 περιτραπῇ
3654 2022 3709 2081 δὲ
3770 2028 3803 2082 ὁ

2132 2110 2366 2176 κίνδυνος
2422 2111 2539 2168 κατ’
2613 2112 2809 2185 αὐτῶν,
2871 2113 2960 2169 καὶ
3019 2114 3094 2167 ὢν
3152 2113 3402 2189 ἒσπειραν
3475 2114 3620 2170 αὐτοὶ
3672 2115 3803 2181 τοὺς

2134 2202 2365 2279 καρποὺς
2426 2202 2766 2276 ἀμήσωνται,
2831 2202 3077 2281 προσίασι
3150 2209 3227 2276 τῷ
3295 2201 3528 2281 ἐπάρχῳ
3603 2202 3797 2279 πάλιν,

2134 2293 2222 2348 καὶ
2279 2288 2344 2347 δι’
2394 2290 2565 2369 ὄχλου
2622 2292 2867 2356 πλείονος
2928 2291 3233 2368 γεγονότες,
3266 2288 3442 2359 ἠξίουν
3502 2293 3581 2367 μὴ
3624 2292 3801 2356 οὕτως

2135 2381 2224 2453 ἒᾷν
2281 2380 2403 2445 τοὺς
2462 2378 2649 2460 ἄνδρας
2693 2380 2870 2456 μένειν
2915 2381 3002 2438 ἐπὶ
3058 2387 3270 2461 μακρῷ,
3325 2378 3446 2437 ἀλλ’
3502 2380 3648 2448 ἀξίαν
3697 2385 3803 2440 αὒ-

2135 2483 2252 2533 τοϊς
2302 2471 2399 2537 τὴν
2452 2468 2600 2538 δίκην
2652 2470 2989 2550 ἐπενεγκεῖν.
3046 2470 3291 2532 Ἐκεῖνος
3346 2470 3459 2545 οὖν,
3492 2471 3586 2528 ἅτε
3634 2471 3800 2552 φιλο·-

2136 2560 2436 2639 χρητιάτως
2491 2561 2660 2640 ἔχων,
2711 2563 2798 2617 καὶ
2855 2562 2985 2640 ὑπὲρ
3032 2560 3123 2617 τοῦ
3173 2558 3597 2627 γαταϐληθέντος
3653 2566 3801 2637 αὐτῷ

2132 2650 2354 2730 χρυσίου
2397 2650 2493 2717 τὴν
2553 2649 2766 2729 καρδίαν
2803 2647 3145 2725 διασεισθεὶς,
3190 2651 3269 2721 μὴ
3328 2649 3421 2707 καί
3481 2650 3788 2730 ἀφαιρεθείη

2132 2746 2341 2819 τοῦτον,
2400 2738 2565 2815 πέρας
2646 2744 2753 2796 τῶν
2836 2739 3244 2821 ὑποσχεθέντων
3309 2741 3404 2796 οὐκ
3472 2739 3784 2819 εἰληφότων.

2132 2826 2305 2885 δειλὸν
2361 2829 2460 2908 γὰρ
2488 2831 2516 2885 ὁ
2576 2837 2826 2892 πλοὺτος
2877 2829 3117 2906 πρόσεισι
3153 2836 3230 2904 τῷ
3285 2827 3505 2906 βασιλεῖ
3548 2831 3633 2887 καὶ
3688 2832 3788 2885 αὗ·-

2132 2922 2236 2999 θις,
2269 2924 2337 2995 τῇ
2396 2939 2452 2974 τε
2510 2925 2602 2975 τοῦ
2665 2918 2944 2997 προσώπου
3003 2918 3249 2976 ἐνστάσει
3308 2920 3397 2976 καὶ
3454 2927 3532 2994 τῷ
3589 2922 3795 2984 συθοωο

2133 3010 2219 3083 πῷ
2276 3016 2374 3074 της
2419 3008 2619 3087 ὅψεως,
2678 3015 2858 3066 κακῶν
2920 3006 3149 3088 ἅγγελος
3208 3006 3357 3076 ἥκειν
3429 3010 3799 3086 ὑποφαινόμε-

384 3102 523 3157 sunt
569 3092 841 3156 meditati
877 3095 1235 3173 potentiam,
1273 3110 1380 3172 pro
1416 3090 1490 3153 iis
1541 3091 1716 3153 bonis
1747 3111 1877 3172 qua)
1909 3112 1943 3154 a
1996 3100 2051 3154 te

2138 3122 2222 3163 νος
2286 3099 2372 3153 καί
2440 3097 2552 3165 ἅμα
2613 3096 2776 3166 δῆλος
2830 3098 2974 3155 εἶναι
3032 3096 3381 3175 βουλόμενος,
3433 3099 3530 3164 τῆς
3594 3097 3800 3157 ἐκείνου

383 3193 522 3247 sunt
553 3181 881 3258 consecuti,
918 3199 995 3244 ne
1047 3182 1107 3243 in
1142 3199 1388 3244 carcere
1418 3181 1663 3263 quidem
1697 3181 1990 3243 desistunt
2021 3202 2051 3243 a

2138 3189 2277 3259 ζωῆς
2338 3187 2398 3244 ἐκ
2449 3188 2645 3253 παντὸς
2704 3188 3016 3267 φροντίζων,
3077 3189 3334 3253 εὐνοϊκῶς
3388 3208 3444 3244 τε
3500 3188 3631 3265 πρὸς
3687 3187 3787 3242 αὖ-

384 3274 487 3338 tali
519 3271 929 3347 meditatione,
969 3290 1171 3350 neque
1205 3271 1326 3332 ulla
1356 3272 1657 3333 ducuntur
1688 3272 2048 3353 pzcnilentia,

2138 3280 2225 3334 τὸν
2296 3276 2468 3356 ἔχων,
2528 3278 2616 3333 καὶ
2672 3279 2966 3334 πιστότατα
3038 3275 3386 3353 διακείμενος.
3453 3276 3649 3334 ’Ἔνθεν
3703 3297 3786 3332 τοι

387 3364 496 3427 sed
522 3381 679 3424 nunc
701 3378 945 3441 quoque
971 3368 1355 3440 perseverant
1382 3360 1445 3421 in
1488 3360 1693 3440 captis
1727 3360 2049 3438 prioribus,

2138 3367 2223 3424 καὶ
2274 3364 2532 3431 ποικίλως
2593 3368 2751 3426 αὐτὸν
2820 3368 3013 3441 ὑπιὼν,
3077 3371 3137 3425 Οἱ
3196 3367 3327 3424 κατὰ
3384 3372 3477 3423 τοῦ
3536 3365 3788 3445 κράτους,

390 3461 449 3515 et
477 3452 751 3533 improbe
809 3449 1019 3512 eadem
1057 3468 1267 3511 rursus
1320 3456 1579 3512 struunt.
1615 3447 1783 3510 Nunc
1816 3468 1953 3529 ergo
2004 3456 2049 3512 Si

2138 3454 2389 3528 δέσποτα,
2437 3455 2564 3536 ἔφη,
2598 3459 2691 3515 τοῦ
2744 3456 2835 3513 σοῦ
2879 3455 3314 3532 μεμελετηκότες
3371 3456 3479 3512 ἀνθ’
3529 3457 3603 3511 ὧν
3665 3455 3800 3512 ἀπέ-

388 3544 566 3605 liceat
596 3540 862 3622 quidem,
899 3557 1003 3601 eos
1025 3539 1185 3619 juste
1218 3539 1552 3620 puniemus.
1617 3540 1718 3601 Sin
1753 3538 1968 3613 minus,
1996 3550 2051 3602 at

2138 3544 2331 3603 λαυσαν
2378 3545 2611 3623 ἀγαθῶν,
2660 3545 2854 3625 ὀλίγων
2905 3547 3005 3625 γὰρ
3057 3553 3193 3604 πάνυ
3240 3547 3300 3604 τὸ
3351 3545 3633 3625 σωφρόνως
3693 3544 3796 3624 φέ-

391 3629 903 3695 considerandum
938 3637 1030 3691 est
1062 3647 1135 3689 ne
1167 3630 1217 3690 si
1243 3628 1340 3689 isti
1372 3646 1481 3689 nos
1513 3628 2051 3710 praevenerintjpsi

2138 3656 2246 3714 ρειν
2307 3634 2616 3714 εὐημερίαν,
2664 3634 2771 3693 οὔδ’
2825 3637 2876 3693 ἐν
2928 3642 2996 3713 τῇ
3044 3639 3258 3716 φυλακῇ
3304 3635 3450 3700 ὄντες
3499 3634 3797 3701 ἀποστῆναι

390 3722 546 3785 male
593 3720 878 3783 afﬁciant.
916 3717 1059 3781 Haec
1109 3717 1480 3781 conturbant
1509 3718 1953 3797 imperatorem,
1991 3728 2049 3784 et

2138 3731 2223 3781 τοῦ
2273 3731 2453 3789 κακῶς
2504 3739 2724 3804 φρονεῖν
2781 3728 3069 3800 πείθονται,
3106 3724 3223 3782 οὐδέ
3280 3747 3359 3791 τις
3415 3725 3603 3790 αὐτοὺς
3658 3725 3799 3802 αἱρεῖ

386 3812 666 3893 injiciunt
689 3810 744 3872 ei
776 3808 1352 3890 suspicionem.lpse
1385 3827 1523 3886 ergo
1556 3809 1759 3870 volens
1787 3821 2044 3872 mentem

2138 3813 2489 3891 μεταμέλεια,
2552 3815 2690 3872 ἀλλά
2761 3818 2849 3874 καὶ
2910 3819 2996 3875 νῦν
3054 3816 3339 3891 ἐμμένουσι
3412 3828 3529 3878 τοῖς
3601 3815 3798 3892 προτέ-

391 3902 651 3965 liberare
681 3919 713 3963 a
744 3898 1148 3962 sollicitudine
1180 3898 1311 3960 etin
1357 3898 1619 3959 futurum
1646 3918 1761 3959 non
1795 3901 2050 3981 amplius

2138 3927 2263 3982 ροις,
2324 3906 2413 3962 καί
2470 3906 2538 3962 τὰ
2595 3908 2726 3965 αὗτά
2784 3905 2945 3963 πάλιν
3002 3908 3313 3985 κακούργως
3371 3905 3674 3983 βάπτουσιν.
3741 3903 3799 3962 Εἰ

386 3992 623 4069 timere,
660 3997 850 4053 morte
883 3989 1243 4051 condemnat
1274 3987 1655 4050 innocentes.

2138 3995 2232 4070 μὲν
2293 3994 2379 4051 οὗ)
2431 3994 2541 4052 ἔστι
2591 3995 2810 4075 χαλεπά
2868 3993 3314 4073 βεϐουλευμένους
3376 3998 3567 4051 παθεῖν
3617 3992 3798 4073 χαλε-

386 4090 525 4157 πῶς,
586 4084 630 4139 εἷ
700 4080 748 4136 δ’
818 4082 929 4160 οὖν,
990 4078 1108 4136 ἀλλ’
1143 4081 1289 4144 ὃπως
1349 4081 1426 4156 μὴ
1484 4081 1776 4159 φθάσαντες
1828 4083 1969 4137 οὗτοί
2028 4085 2281 4163 πρότερον
2364 4085 2545 4149 καλῶς
2603 4087 2748 4161 ἡμᾶς
2808 4083 3060 4164 δράσωσι.
3123 4082 3408 4165 Θορυϐουσι
3480 4090 3645 4140 ταῦτα
3703 4084 3798 4139 τὸν

384 4171 608 4250 βασιλέα
694 4173 779 4227 καὶ
861 4171 933 4235 εἰς
1017 4169 1268 4232 ὑπονοίας
1353 4166 1731 4243 ἐμϐάλλουσιν,
1808 4169 2061 4244 ’ὦμενουν
2155 4175 2669 4253 εὖκαταφρονήτους,
2758 4173 2971 4251 Ἀμέλει
3043 4176 3131 4231 καὶ
3213 4174 3424 4231 ἀνεῖναι
3508 4169 3833 4253 φροντίδων⁸

383 4264 505 4326 τοὺς
563 4260 850 4341 λογισμοὺς
923 4258 1274 4339 βὸυλόμενος,
1334 4261 1426 4316 καὶ
1483 4260 1559 4333 μὴ
1618 4257 1863 4337 περιδεὴς
1938 4260 2075 4319 οὕτω
2136 4264 2220 4320 καὶ
2279 4264 2582 4344 κατάφοϐος
2642 4269 2760 4341 ζῇν,
2823 4265 3045 4323 θάνατον
3102 4263 3402 4342 νατακρίνει
3474 4269 3580 4319 τῶν
3637 4263 3796 4318 ἀναι-

392 4355 545 4416 τίων,

472 4440 684 4506 XXIII.
715 4439 1113 4504 Constitutum
1148 4457 1288 4519 ergo
1319 4438 1510 4502 fuerat
1544 4448 1609 4501 ut
1636 4438 1733 4500 die
1781 4442 2050 4521 sequenti

2223 4445 2354 4505 KI".
2410 4444 2633 4524 ’Ὦριστο
2663 4446 2837 4502 τοίνυν
2879 4446 2939 4503 τὸ
2970 4450 3150 4503 θανεῖν
3180 4445 3367 4507 αὐτοὺς
3420 4447 3495 4506 εἷς
3526 4443 3623 4512 τὴν
3672 4441 3798 4499 ἐπι-

399 4538 799 4595 morerentur.
837 4531 1103 4613 Vespere
1154 4532 1313 4590 enim
1348 4530 1465 4591 lata
1492 4529 1682 4591 fuerat
1712 4532 2005 4592 sententia
2040 4549 2053 4606 ;

399 4630 459 4685 et
483 4621 555 4683 ad
578 4620 888 4683 custodem
916 4617 1181 4682 carceris
1212 4625 1375 4681 venit
1404 4618 1608 4680 infelix
1643 4620 1884 4681 nuntius
1908 4640 2057 4682 con-

398 4710 822 4780 demnationis,
851 4715 909 4771 et
930 4708 1018 4771 illi
1045 4708 1119 4769 de
1154 4708 1240 4769 eis
1263 4708 1463 4791 omnia
1485 4708 1796 4786 signiﬁcat.
1825 4709 1929 4772 Ille
1950 4730 2057 4773 au-

400 4808 519 4863 tem
554 4817 688 4861 cum
733 4797 993 4860 multum
1029 4815 1197 4859 suam
1233 4797 1603 4878 deplorasset
1632 4799 2054 4876 calamitatem,

400 4896 530 4952 erat
559 4887 718 4952 enim
744 4896 808 4950 ut
834 4888 1095 4965 videtur,
1122 4886 1302 4967 longe
1330 4886 1608 4968 praefecto
1635 4887 1972 4970 humanior,
2003 4901 2061 4952 et

394 4980 618 5052 alioqui
646 4978 764 5051 jam
792 4978 877 5036 eis
900 4986 1161 5035 evaserat
1182 4978 1405 5035 amicus
1436 4985 1490 5033 et
1511 4975 1829 5043 familiaris,
1857 4980 2063 5039 deinde

405 5088 688 5144 moerens,
721 5068 795 5131 ad
831 5086 935 5132 eos
987 5066 1241 5143 accedit,
1274 5075 1334 5129 et
1366 5089 1378 5131 :
1431 5065 1691 5148 Utinam,
1740 5068 1950 5152 inquit,
1985 5093 2061 5136 ne

400 5161 704 5222 vobiscum
758 5157 1001 5239 quidem
1035 5157 1229 5238 primo
1262 5175 1603 5219 sermonem
1643 5161 2051 5239 contulissem,

399 5268 597 5331 neque
628 5254 854 5310 tantum
882 5257 1122 5328 tempus
1145 5247 1301 5329 apud
1326 5265 1419 5308 me
1444 5246 1660 5309 versati
1685 5252 1915 5327 essetis,
1944 5273 2055 5316 ne-

402 5357 517 5421 que
538 5338 678 5400 satis
701 5338 945 5398 fuissem
969 5335 1270 5399 vobiscum
1299 5336 1621 5418 particeps,
1646 5336 1872 5402 facilius
1895 5344 2053 5406 enim

402 5427 818 5490 sustinuissem
852 5427 1284 5508 calamitatem;
1324 5427 1402 5488 de
1429 5426 1829 5506 disjuuctione
1862 5436 2055 5497 mino-

403 5535 533 5580 rem
553 5516 819 5580 dolorem
843 5517 1177 5598 acciperem
1189 5534 1325 5599 ,uec
1345 5514 1431 5579 sic
1455 5515 1821 5598 perturbatio
1853 5541 2051 5587 meum

2141 4542 2322 4597 οὖσαν.
2378 4528 2441 4592 Ἦ
2474 4536 2572 4614 γὰρ
2623 4540 2802 4614 ψῆφος
2835 4535 3059 4612 ἑσπέρας
3111 4534 3312 4607 δέδοτο,
3350 4536 3436 4591 καὶ
3469 4541 3542 4608 τῷ
3595 4531 3796 4607 δεσμο-

2141 4624 2331 4705 φύλᾶκι
2380 4625 2621 4705 χαλεπός
2678 4647 2754 4689 τις
2792 4623 3013 4704 ἅγγελος
3058 4624 3365 4704 προσελθὼν
3395 4624 3569 4680 πάντα
3624 4644 3795 4678 κατα-

2142 4714 2286 4794 λέγει
2340 4718 2406 4774 τὰ
2464 4716 2827 4794 ψηφισθέντα.
2907 4707 2964 4773 Ὀ
3024 4714 3081 4772 δὲ
3142 4715 3316 4773 πολλά
3367 4716 3622 4793 πρότερον
3681 4708 3797 4768 καθ’

2144 4806 2328 4863 ἑαυτὸν
2387 4809 2656 4885 θρηνήσας
2715 4808 2815 4874 την
2882 4807 3178 4887 συμφορὰν,
3240 4806 3305 4873 ἧν
3363 4805 3462 4882 γὰρ
3521 4806 3593 4865 ὡς
3661 4801 3799 4858 ἔοικε

2142 4895 2509 4976 φιλάνθρωπος
2562 4894 2765 4972 μᾶλλον
2796 4895 2831 4964 ἢ
2877 4896 3115 4971 ὅμοιοιος
3146 4903 3222 4970 τῷ
3270 4895 3497 4973 ὑπάρχῳ
3530 4892 3799 4972 φιλόχρυ-

2143 5008 2256 5058 σος,
2292 4986 2468 5053 ἄλλως
2517 5007 2575 5043 τε
2624 4987 2711 5042 καὶ
2755 4983 2904 5065 φίλος
2957 4987 3128 5042 αὐτῶν
3159 4987 3244 5042 καὶ
3290 4985 3521 5052 συνήθης
3551 4980 3655 5049 ἤδη
3698 5002 3798 5057 γε-

2143 5079 2456 5155 γενημένος,
2505 5077 2628 5134 εἶτα
2683 5077 2774 5132 καὶ
2830 5088 2947 5139 τοϊς
2992 5073 3206 5153 ἀνδράσι
3263 5074 3504 5154 πρόσεισι
3555 5075 3799 5150 σκυθρω-

2141 5170 2241 5233 πὸς
2310 5170 2398 5225 καὶ
2453 5164 2853 5245 δεδακρυμένος,
2900 5167 2987 5221 καὶ
3053 5166 3146 5222 ἀπ’
3220 5167 3385 5231 αὐτῆς
3458 5162 3639 5241 ὥσπερ
3699 5166 3801 5227 τῆς

2141 5256 2314 5333 ὄψεως
2373 5259 2434 5313 τὸ
2482 5256 2720 5334 λυπηρὸν
2765 5265 2856 5315 τοῦ
2889 5257 3197 5334 πράγματος
3242 5250 3648 5333 προαγγέλλων,
3682 5252 3797 5325 καὶ,

2143 5344 2415 5425 ’¹Οφελον,
2450 5347 2574 5427 ἔφη,
2610 5345 2746 5422 μηδὲ
2803 5345 2901 5413 τὴν
2934 5346 3151 5423 πρώτην
3204 5348 3332 5419 ὑμῖν
3371 5343 3534 5410 ἦλθον
3583 5343 3655 5404 εἷς
3700 5339 3798 5396 λό-

2140 5458 2289 5515 γους,
2351 5435 2488 5512 μηδὲ
2550 5443 2799 5493 τοσοῦτον
2858 5436 2991 5509 ὁμοῦ
3058 5432 3300 5514 διέτριψα
3376 5432 3595 5510 ψρόνον,
3659 5428 3797 5506 μηδὲ

2138 5526 2403 5602 τραπέζης
2475 5523 2610 5601 μηδὲ
2683 5523 2829 5581 ἀλῶν
2903 5523 3032 5595 ὑμῖν
3097 5524 3428 5592 ἐκοινώνησα
3489 5518 3794 5600 δυστυχῶν.

492 5695 574 5778 (5)
609 5693 973 5758 Hilariannm
1009 5696 1168 5758 hunc
1200 5701 1369 5758 vocat
1400 5694 1572 5761 Joan.
1606 5693 1904 5765 Diaconus
1931 5704 2084 5784 apud
2120 5703 2468 5768 Baronium.
