4136 6416
326 352 444 421 345

1685 353 1877 420 VITA
1917 352 1978 419 S.
2026 352 2361 420 NICOLAI.

3593 358 3712 427 346

326 483 473 566 Ῥᾷον
529 489 628 570 γὰρ
684 489 749 549 ἂν
811 488 1057 560 ὑπέστην
1125 491 1224 561 τὴν
1281 490 1577 572 συμφορὰν,
1647 491 1808 560 ἧττον
1876 487 1974 560 ἥλ-

2067 487 2424 571 perculisset
2450 485 2742 556 animum.
2775 487 2917 555 Cras
2946 490 3108 555 enim
3143 509 3175 556 ιι
3221 489 3398 557 nobis
3453 493 3709 562 invicem

324 605 467 662 γησα
518 583 619 648 τὴν
672 582 1052 662 προκειμένην
1111 579 1388 656 διάζευξιν,
1447 584 1541 640 οὒκ
1611 580 1672 645 ἄν
1743 604 1844 658 μου
1917 583 1980 639 τὸ

324 674 485 737 πάθος
544 672 683 732 οὕτω
736 673 992 731 καθίκετο
1049 677 1147 740 τῆς
1203 677 1415 753 ψοχῆςο
1477 670 1653 749 αὔριον
1728 673 1828 751 γὰρ
1885 670 1981 729 ἀπ’

327 761 592 836 ἀλλήλων,
654 760 897 844 ἀδελφοὶ,
956 761 1293 843 διαιρούμεθα
1348 762 1447 830 τὴν
1512 762 1727 840 πικρὰν,
1779 761 1976 839 οἷ’μοιί

320 855 403 910 καὶ
431 852 739 913 τελευταίαν
794 851 1072 928 διαίρεσιν,
1128 851 1194 911 E’t’
1250 874 1301 909 τι
1358 851 1484 930 γοῦν
1541 851 1668 931 περὶ
1726 852 1825 921 τῆς
1887 854 1978 909 οὖ-

317 944 434 1008 σίας
463 943 723 1018 βούλεσθε
754 940 1023 1000 διαθέσθαι
1078 948 1177 1009 τῆς
1231 941 1511 1019 ὑμετέρας,
1571 942 1648 1016 μὴ
1704 944 1791 999 καὶ
1843 942 1980 1020 φθά-

312 1055 383 1101 ση
440 1033 546 1103 τήν
606 1034 755 1107 ὑμῶν
789 1032 1016 1110 γνώμην
1080 1035 1106 1088 6
1167 1033 1355 1111 πικρὸς
1409 1032 1655 1096 θάνατος.
1717 1038 1890 1089 Ταῦτα
1954 1033 1981 1088 6

320 1124 418 1197 μὶν
446 1124 605 1197 εἷπε,
640 1127 875 1198 θρηνῶν·
938 1126 987 1178 οἱ
1043 1121 1097 1177 δὲ
1162 1122 1234 1201 (τί
1289 1122 1391 1200 γὰρ
1448 1119 1509 1178 ἂν
1540 1122 1628 1178 καὶ
1658 1119 1869 1198 ἔδρασεν
1895 1122 1982 1178 ὶπὶ

325 1213 523 1278 τούτοις
557 1213 718 1293 ψυχὴ
750 1209 920 1285 μηδὲν
950 1211 1113 1287 ἑαυτῇ
1167 1209 1436 1269 συνειδυῖα
1491 1210 1714 1268 θανάτου
1762 1208 1904 1275 ἄξιον
1938 1211 1979 1287 ς)

324 1300 767 1380 περιερρήγνυντο
838 1300 933 1363 τὰς
1002 1302 1253 1372 ὶσθῆτας,
1327 1300 1422 1365 τὰς
1469 1312 1666 1380 χεῖρας
1726 1297 1982 1367 ἀλλήλοις

316 1391 669 1466 συνέϐαλλον,
732 1391 828 1456 τὰς
885 1389 1076 1470 τρίχας
1137 1388 1369 1469 ἔτιλλον,
1438 1388 1702 1467 θρηνῶδες
1774 1411 1825 1445 τι
1895 1385 1983 1445 καὶ

314 1484 505 1560 γοερὸν
579 1482 984 1557 ἀνακράζοντες,
1059 1475 1361 1539 ἆπέϐλεπόν
1444 1502 1502 1537 τε
1574 1482 1648 1544 εἷς
1735 1480 1977 1560 οὒρανὸν,

316 1574 407 1630 καὶ
464 1572 707 1650 μάρτυρα
763 1571 863 1638 τὴν
918 1571 1062 1626 θείαν
1117 1568 1461 1634 ἐξεκαλοῦντο
1511 1568 1683 1637 δίκην.
1726 1570 1815 1633 Τίς
1846 1571 1982 1644 ἡμῖν

320 1661 526 1737 δαίμων
582 1658 872 1734 ἐϐάσκηνε,
933 1658 1204 1738 λέγοντες,
1262 1665 1362 1728 τῆς
1420 1663 1618 1733 (diﬁc;
1693 1662 1753 1718 Τί
1811 1657 1982 1715 δεινὸν

324 1754 487 1826 ἡμεῖς
541 1748 898 1830 εἰργασμένοι,
968 1751 1063 1806 τὸν
1130 1752 1238 1806 τῶν
1308 1751 1618 1829 κακούργων
1688 1751 1981 1817 ὑποστῆναι

332 1842 552 1898 θάνατον
628 1841 1013 1917 κατεκρίθημεν
1051 1856 1067 1913 ;

334 1931 519 2005 ἡμῶν,
600 1930 727 1993 τίνες
782 1932 830 1986 οἱ
889 1930 957 1986 τὰ
1011 1928 1364 2008 πεπραγμένα
1422 1932 1598 1994 κακῶς
1658 1927 1982 2009 διελέγχον-

330 2038 471 2092 τεςξ
506 2021 676 2079 Ταῦτά
725 2042 779 2077 τε
837 2019 1050 2098 ἔλεγον,
1107 2023 1205 2075 καὶ
1264 2020 1387 2084 τοὺς
1442 2019 1661 2083 οἰκείους
1725 2017 1982 2091 ὀνομαστὶ

2064 577 2486 668 disjungimnr,
2519 579 2759 656 acerba,
2793 581 2911 644 heu
2948 583 3115 665 mihi,
3152 592 3210 646 et
3240 584 3449 648 ultima
3477 585 3712 668 disjun-

2062 667 2283 760 ctione.
2311 666 2519 746 Neque
2548 689 2652 732 vos
2680 672 2940 753 amplius
2972 674 3309 753 jucundum
3352 666 3714 760 videbo—spe-

2064 758 2386 840 ctaculum,
2406 778 2522 823 non
2545 760 2781 823 audiam
2805 762 3136 843 loquentes,
3167 783 3287 826 non
3308 784 3520 846 panem
3537 758 3719 849 appo-

2066 866 2202 909 nam
2234 866 2640 912 communem.
2666 850 2821 914 Jussi
2843 852 3005 914 enim
3035 856 3180 916 estis
3202 855 3494 919 interimi.
3523 859 3640 921 Sed
3662 858 3716 920 si

2066 938 2141 999 de
2172 937 2384 1002 vestris
2420 938 2799 1004 facultatibus
2849 943 3028 1005 vultis
3079 944 3300 1025 aliquid
3365 944 3712 1025 disponere,

2057 1028 2180 1108 jam
2214 1036 2308 1090 est
2334 1036 2569 1108 tempus
2596 1052 2608 1088 :
2647 1049 2723 1093 ne
2755 1049 2915 1093 mors
2946 1040 3200 1095 vestram
3233 1036 3554 1114 praeveniat
3576 1055 3715 1098 sen-

2066 1116 2336 1180 tentiam.
2360 1116 2496 1180 Haec
2516 1118 2618 1180 ille
2645 1121 2888 1197 quidem
2916 1121 3064 1185 dixit
3088 1142 3371 1200 maerens,
3397 1132 3454 1186 et
3473 1125 3712 1189 illorum

2068 1214 2325 1269 mortem
2358 1206 2575 1270 acerbe
2604 1209 2946 1290 deplorans.
2981 1212 3069 1275 llli
3097 1222 3317 1288 autem,
3361 1214 3521 1296 (quid
3551 1217 3713 1279 enim

2066 1296 2139 1357 ad
2169 1297 2295 1359 haec
2327 1297 2608 1359 fecissent
2636 1300 2872 1380 animae,
2900 1319 3032 1381 qua:
3054 1303 3277 1366 nullius
3298 1304 3545 1385 reiquae
3560 1325 3715 1368 mor-

2067 1392 2186 1446 tem
2222 1397 2556 1450 mereretur
2568 1388 2680 1449 sibi
2702 1393 3140 1453 erantconscize
3161 1399 3189 1456 ?
3208 1401 3477 1456 etvestes
3493 1395 3714 1458 lacera-

2068 1473 2231 1552 bant,
2260 1485 2319 1538 et
2343 1478 2590 1558 capillos
2611 1480 2830 1540 misere
2854 1479 3185 1545 vellebant:
3216 1481 3363 1555 Quis
3390 1483 3563 1545 nobis
3586 1484 3712 1547 dai-

2069 1583 2231 1640 mon,
2268 1566 2562 1639 dicentes.
2598 1568 2769 1630 vitam
2800 1569 3051 1635 invidit?
3070 1574 3190 1634 Cur
3214 1591 3323 1633 nos
3342 1582 3538 1635 autem
3561 1574 3712 1637 sub-

2066 1654 2287 1718 ibimus
2313 1666 2562 1721 mortem
2596 1660 3081 1725 maleficiorum?
3111 1662 3405 1735 Quidnam
3436 1661 3710 1740 fecimus,

2068 1746 2223 1828 quod
2251 1757 2503 1810 mortem
2536 1752 2887 1813 mereatur?
2916 1753 3158 1817 Amicos
3187 1772 3328 1815 suos
3359 1755 3708 1817 nominatim

1167 1840 1316 1902 Τίνες
1415 1843 1463 1896 οἱ
1560 1846 1974 1918 κατηγοροῦντες

2064 1835 2352 1899 vocabant
2386 1855 2403 1914 ;
2451 1850 2760 1918 cognatos,
2803 1841 3147 1919 familiares,
3186 1843 3370 1905 Deum
3402 1844 3473 1906 ad
3506 1862 3707 1906 rerum

2067 1928 2446 2007 praesentium
2464 1929 2755 1992 vocabant
2773 1932 3176 1994 testimonium
3187 1936 3328 2014 ,jam
3350 1942 3489 1996 ante
3503 1933 3709 1996 oculos

2067 2024 2318 2078 mortem
2351 2017 2578 2080 visione
2603 2020 3158 2100 apprehendebant.

319 2110 566 2185 ἐκάλουν,
616 2110 735 2173 τοὺς
791 2122 1092 2188 συγγενεῖς,
1144 2111 1267 2172 τοὺς
1324 2110 1585 2185 συνήθεις,
1649 2110 1741 2165 τὸν
1798 2107 2020 2165 θάνατον
2082 2104 2186 2174 ἤδη
2242 2110 2347 2186 πρὸ
2403 2116 2510 2165 τῶν
2552 2110 2839 2190 οφθαλμῶν
2897 2112 3148 2176 ἔϐλεπον,
3200 2120 3400 2193 Μικροῡ
3442 2114 3529 2171 καὶ
3576 2114 3707 2193 πρὸς

308 2203 373 2258 τὸ
404 2208 592 2280 Θεϊον,
621 2201 696 2264 ὡς
726 2200 804 2276 μὴ
836 2199 1219 2278 ἑπιμαρτυροῦν
1247 2202 1432 2261 αὐτοῖς
1464 2199 1565 2266 τὴν
1596 2196 1776 2254 ἄδικον
1809 2196 2046 2276 σφαγὴν,
2080 2197 2495 2276 κατεγὸγγυζον.

389 2289 528 2351 ΚΔ¹⁶
592 2288 748 2349 Οῧτω
805 2289 903 2356 την
959 2289 1254 2369 συμφορὰν,
1306 2288 1442 2367 φεῦί
1492 2288 1797 2365 περιπαθῶς
1830 2287 1973 2343 ἀπο-

312 2378 637 2461 ὃδρομὲνων,
704 2379 792 2443 εἷς
849 2385 956 2436 τῶν
1009 2385 1191 2457 τριῶν,
1254 2381 1597 2443 Νεπωτιανὸς
1653 2376 1844 2453 ὄνομα,
1900 2378 1972 2438 εἰς

325 2472 539 2545 μνήμην
576 2469 747 2527 ἐλθὼν
820 2467 1104 2548 Νικολάου,
1159 2470 1246 2526 καὶ
1305 2467 1453 2525 ὅπως
1513 2467 1566 2523 ἐν
1624 2468 1819 2545 Μύροις
1872 2466 1973 2522 ἀν-

324 2559 454 2639 δρῶν
510 2563 723 2624 ἐκεῖνος
780 2565 940 2637 τριῶν
996 2559 1254 2637 προέστη,
1317 2560 1405 2614 καὶ
1449 2558 1675 2615 θανάτου
1722 2554 1970 2630 ἐξείλετο,

319 2664 495 2729 σωτηρ
558 2652 748 2714 αὐτοῖς
802 2649 863 2706 ἐκ
920 2646 1210 2726 παραδόξου
1267 2648 1352 2706 και>
1411 2649 1606 2728 ἀγαθὸς
1669 2646 1974 2726 προστάτης

312 2741 632 2817 γενόμενος,
692 2739 850 2817 λόγον
879 2736 1149 2813 ἑμϐαλὼν,
1213 2736 1394 2810 ἐκίνει,
1457 2737 1554 2794 καί
1612 2750 1732 2799 τοῖς
1790 2734 1975 2800 ἄλλοις

309 2829 564 2907 ἔνδακρυς
623 2827 1046 2905 ἐκοινολογεῖτο.
1124 2829 1403 2905 Εὒρετικὸν
1461 2829 1560 2906 γὰρ
1617 2827 1824 2906 ἀνάγκη
1889 2826 1976 2882 καὶ

320 2921 448 2999 πρὸς
501 2917 717 2983 πολλὰς
774 2916 973 2982 ἐννοίας
1033 2916 1305 2995 ἐγείρουσα
1364 2916 1463 2984 τὴν
1519 2915 1728 2996 ψυχήν.
1794 2914 1975 2977 Οὕτως

2138 2284 2341 2349 XXIV.
2372 2288 2520 2350 Cum
2553 2288 2640 2351 sic
2675 2289 2893 2354 acerbe
2941 2292 3432 2374 lamentarentur,
3480 2302 3541 2357 et
3590 2300 3705 2355 tam

2059 2374 2478 2439 miserabiliter
2512 2397 2682 2440 suam
2714 2379 2988 2460 lugerent
3016 2383 3591 2456 calamitatem,alter
3612 2401 3708 2445 eo-

2055 2482 2189 2526 rum
2219 2465 2313 2527 cui
2345 2485 2565 2528 nomen
2582 2466 2974 2549 Nepotianus,
3025 2472 3377 2535 recordatur
3395 2472 3712 2550 Nicolai,et

2059 2555 2564 2641 quemadmodum
2596 2559 2779 2641 Myris
2805 2559 2909 2622 ille
2941 2569 3060 2622 tres
3081 2562 3238 2623 viros
3266 2562 3558 2639 defendit,
3596 2573 3653 2625 et
3674 2581 3709 2625 a

2061 2638 2251 2707 morte
2275 2638 3080 2731 eripuit,cum'exinupinato
3112 2651 3199 2713 eis
3228 2638 3713 2715 fuissetservator

2060 2742 2118 2824 et
2147 2734 2454 2799 defensor.
2489 2736 2633 2801 Haec
2666 2739 2755 2802 eis
2783 2739 2939 2803 inter
2963 2759 3029 2803 se
3060 2741 3449 2820 loquentibus
3482 2743 3712 2824 (inven-

2058 2823 2220 2886 tione
2249 2825 2406 2887 enim
2439 2828 2593 2890 valet
2624 2829 2974 2906 necessitas,
3011 2839 3071 2892 et
3095 2834 3352 2894 animam
3383 2832 3456 2895 ad
3488 2823 3708 2895 multas

2061 2913 2277 2975 excitat
2305 2915 2741 2994 cogitationes),
2776 2919 2848 2981 ab
2881 2920 2996 2981 illis
3024 2939 3266 3001 quoque
3289 2922 3362 2983 ad
3393 2921 3580 2985 Deum
3607 2922 3707 2983 in-

324 3012 415 3070 οὖν
467 3012 602 3089 πρὸς
668 3006 939 3077 ἀλλήλους
998 3004 1419 3083 διομιλουμένοις
1494 3011 1677 3071 αὐτοῖς
1747 3004 1969 3081 μεσίτης

2060 3011 2353 3065 tercessor
2375 3005 2574 3068 statim
2611 3018 2956 3089 assumptus
3000 3019 3089 3071 est
3112 3009 3413 3085 Nicolaus,
3448 3011 3707 3075 dicenti-

313 3101 580 3163 κάκείνοις
631 3099 702 3154 τὰ
752 3099 886 3176 πρὸς
937 3098 1068 3154 Θεὸν
1127 3095 1389 3159 Νικόλαος
1448 3096 1634 3155 αὐτίκα
1687 3092 1973 3174 παρελαμ-

303 3190 527 3265 ϐάνετο,
562 3191 678 3258 καὶ,
718 3188 882 3266 Κύριε
914 3189 939 3243 6
972 3193 1067 3244 τοῦ
1094 3193 1187 3243 σοῦ
1250 3184 1520 3245 Νικολάου
1580 3187 1732 3265 Θεὸς,
1793 3187 1820 3241 6
1850 3184 1972 3246 τοὺς

294 3296 453 3360 τρεῖς
486 3278 686 3358 ἄνδρας
718 3277 898 3336 ἀδίκου
954 3276 1209 3356 πρότερον
1265 3274 1457 3341 ἐξελὼν
1512 3277 1761 3348 θανάτου,
1826 3271 1973 3330 ἔπιδε

294 3374 389 3430 καὶ
418 3372 515 3429 νῦν
569 3369 658 3449 ἔρρ’
715 3370 885 3443 ἡμᾶς,
950 3366 1155 3443 ἔλεγον,
1219 3366 1297 3441 μὴ
1354 3364 1507 3429 ὄντος
1561 3365 1615 3422 ἐν
1672 3364 1973 3439 ἀνθρώποις

304 3465 457 3541 δρᾷς,
520 3458 780 3529 δέσποτα,
836 3463 930 3514 τοῦ
991 3455 1343 3532 λυτρουμένου
1398 3455 1485 3512 νῦν
1518 3453 1653 3531 μηδὲ
1683 3455 1965 3527 σώζοντος.

315 3550 452 3609 Ἰδοὺ
501 3551 606 3627 γὰρ
666 3546 954 3627 συνέχεται
1011 3548 1149 3619 ἡμῖν
1204 3547 1240 3614 ἠ
1294 3543 1504 3625 καρδία,
1560 3543 1658 3602 καί
1690 3548 1740 3602 αἱ
1768 3543 1972 3619 θλίψεις

327 3643 489 3706 αὒτῆς
529 3639 960 3707 ἔπληθύνθησανο
1020 3633 1128 3692 ἰδοὺ
1184 3637 1276 3693 καὶ
1327 3637 1361 3703 ἡ
1414 3635 1567 3714 ’ξω-δὴ
1602 3636 1703 3714 πρὸ
1738 3635 1832 3702 τῆς
1866 3638 1970 3709 ψυ-

329 3733 447 3807 χῆς
481 3731 611 3803 ημᾶς
640 3728 927 3801 ἐπιλείπει,
958 3727 1047 3783 καὶ
1075 3727 1108 3794 ἡ
1140 3725 1354 3805 γλῶττα
1384 3732 1461 3799 τῷ
1508 3726 1630 3804 πυρὶ
1689 3728 1789 3792 τῆς
1836 3745 1973 3801 καρ-

331 3817 445 3883 δίας
473 3820 593 3875 ὡσεὶ
619 3821 778 3898 κηρὸς
809 3818 1057 3894 τήκεται,
1089 3814 1187 3872 καὶ
1216 3814 1311 3872 οὐκ
1359 3812 1435 3870 ἔτι
1487 3836 1570 3871 σοι
1628 3812 1744 3872 οὐδὲ
1799 3835 1974 3891 προσ-

325 3922 567 3986 ενεγκεϊν
608 3906 868 3983 δυναμεθα
931 3903 1139 3980 δέησιν,
1198 3910 1266 3981 τῇ
1324 3909 1534 3983 συνοχῇ
1586 3910 1680 3960 τοῦ
1735 3902 1975 3977 πνεύμα-

315 4020 409 4061 τος
465 3998 838 4078 ἀφαιρεθείσης
896 3996 1055 4071 ἡμῶν
1114 3994 1210 4062 τῆς
1268 3993 1530 4072 φθογγῆς.
1591 3993 1744 4072 Ταχὺ
1776 4014 1975 4070 προκα-

309 4087 699 4145 ταλαόἐτωσαν
757 4089 903 4161 ἡμᾶς
964 4087 1011 4144 οἱ
1070 4084 1332 4162 οἰκτιρμοί
1390 4105 1507 4157 σου,
1570 4085 1752 4161 Κύριε’
1804 4081 1982 4147 ἐξελοῦ

311 4181 459 4253 ἡμᾶς
489 4181 553 4234 ὲκ
582 4177 766 4256 χειρὸς
795 4179 900 4234 τῶν
931 4174 1209 4251 διψώντων
1252 4175 1432 4248 ἡμῶν·
1487 4181 1714 4231 σπεῦσον
1760 4174 1787 4229 6
1836 4172 1979 4251 ἀγα-

303 4272 422 4343 θὸς,
456 4268 693 4325 σπεῦσον
722 4268 793 4332 εἷς
818 4269 920 4334 τὴν
947 4268 1106 4339 ἡμῶν
1138 4265 1412 4340 βοήθειαν.

2059 3093 2211 3156 bus:
2247 3092 2522 3175 Domine,
2564 3097 2647 3157 tui
2677 3094 2904 3159 Nicolai
2938 3101 3117 3170 Deus,
3151 3100 3253 3180 qui
3280 3108 3401 3163 tres
3443 3102 3601 3163 viros
3630 3098 3705 3163 ab

2054 3182 2272 3261 injusta
2302 3193 2495 3246 morte
2521 3186 2685 3266 prius
2713 3187 3009 3268 eripuisti,
3039 3189 3113 3251 ad
3142 3210 3249 3252 nos
3276 3211 3512 3274 quoque
3540 3192 3707 3274 aspi-

2056 3291 2161 3349 ce;
2190 3274 2462 3354 quoniam
2486 3294 2604 3338 non
2628 3285 2716 3339 est
2740 3277 2896 3340 inter
2918 3279 3194 3344 homines
3213 3282 3314 3361 qui
3335 3301 3507 3362 opem
3529 3281 3706 3347 ferat.

2056 3365 2211 3425 Ecce
2242 3363 2404 3425 enim
2432 3383 2536 3427 cor
2562 3375 2827 3428 nostrum
2852 3369 3293 3451 comprimitur,
3321 3379 3380 3433 et
3401 3372 3531 3453 ejus
3553 3372 3707 3434 aﬂli-

2056 3458 2282 3515 ctiones
2315 3455 2723 3537 multiplicatae
2756 3467 2897 3521 sunt
2925 3477 3107 3541 super
3160 3479 3291 3542 nos,
3327 3469 3385 3524 et
3414 3480 3591 3524 nemo
3623 3470 3714 3525 est

2057 3544 2161 3633 qui
2191 3561 2300 3605 nos
2330 3544 2544 3608 educat
2567 3565 2599 3609 θ
2628 3548 2973 3633 ιειιιειῑὶοηεΪ
3002 3549 3159 3612 Ecce
3191 3569 3297 3612 nos
3329 3570 3567 3633 quoque
3597 3570 3705 3615 vox

2058 3632 2259 3694 deficit
2289 3642 2428 3696 ante
2459 3636 2745 3712 animam,
2782 3646 2842 3698 et
2871 3632 3072 3719 lingua
3101 3640 3239 3718 igne
3270 3632 3487 3704 cordis,
3514 3647 3710 3705 exsic-

2057 3731 2225 3784 catur
2247 3744 2265 3811 7:
2307 3732 2364 3785 et
2396 3724 2504 3785 tibi
2538 3745 2655 3788 non
2693 3744 3008 3807 possumus
3039 3729 3295 3809 amplius
3319 3732 3538 3794 olTerre
3562 3750 3705 3811 pre-

2061 3810 2319 3873 ces.Cito
2339 3814 2700 3891 praeveniaut
2723 3835 2826 3875 nos
2844 3816 3270 3879 misericordiae
3285 3810 3705 3899 tuae,Domine,

2062 3919 2138 3961 ne
2153 3900 2451 3981 despicias
2471 3903 2819 3983 injustitiam
2847 3914 2904 3967 et
2929 3907 3210 3987 injustam
3230 3917 3505 3975 mortem.
3533 3910 3714 3988 Eripe

2061 4008 2171 4051 nos
2197 4009 2230 4052 e
2250 4008 2428 4054 manu
2451 4010 2659 4054 eorum
2691 3994 2790 4074 qui
2824 4006 3100 4075 quaerunt
3125 4007 3388 4061 nostram
3412 4000 3707 4080 animam;

2063 4089 2120 4142 et
2152 4080 2364 4142 festina
2393 4082 2467 4143 ad
2500 4092 2769 4146 nostrum
2802 4086 3114 4147 auxilium.
3166 4087 3309 4152 Cras
3338 4089 3497 4152 enim
3526 4089 3720 4153 dede-

2066 4188 2199 4233 mur
2236 4171 2434 4235 morti.

395 4357 542 4421 κε’.
575 4358 792 4422 Τούτοις
822 4356 1117 4435 προσσχὼν
1174 4357 1201 4412 6
1230 4361 1336 4411 τῶν
1392 4353 1732 4434 φοϐουμένων
1791 4355 1971 4430 αὒτὸν,

2142 4354 2325 4419 XXV.
2382 4356 2529 4419 Cum
2579 4356 2704 4419 haec
2750 4358 3122 4433 attendisset,
3186 4360 3286 4442 qui
3345 4378 3555 4424 eorum
3607 4360 3710 4442 qui

303 4452 398 4507 καὶ
459 4446 674 4512 μᾶλλον
728 4446 763 4514 ἤ
818 4447 999 4523 πατὴρ
1061 4446 1482 4524 προϊστάμενος,
1550 4445 1648 4512 τὴν
1709 4445 1973 4524 ταχίστην

302 4545 500 4603 αὐτοῖς
559 4537 821 4611 ἐκπέμπει
877 4535 1154 4613 βοήθειαν,
1222 4525 1285 4591 Ἠ
1341 4533 1396 4591 δὲ
1450 4536 1515 4603 ἦν
1564 4537 1588 4590 ὃ
1634 4538 1783 4599 θεῖος
1815 4534 1972 4592 αὐτοῦ

302 4629 557 4707 θεράπων
613 4629 642 4683 6
695 4626 994 4701 θαυμαστὸς
1036 4632 1114 4700 τῷ
1163 4622 1272 4681 δ’ντι
1305 4622 1593 4703 Νικόλαος,
1653 4622 1711 4687 ὅς
1740 4622 1867 4700 ὄναρ
1895 4631 1972 4700 τῷ

303 4716 531 4796 βασιλεῖ
590 4714 830 4789 ἐπιστὰς,
902 4712 1152 4792 Βασιλεῖ»,
1220 4712 1346 4794 ἔφη,
1396 4714 1456 4770 τὸ
1512 4716 1681 4794 τάχος
1714 4714 1966 4790 ἀναστὰς,

306 4810 434 4871 τοὺς
466 4803 869 4885 κατεχομένους
929 4804 983 4860 ὲν
1032 4810 1099 4880 τῇ
1160 4808 1358 4883 φρουρᾷ
1405 4802 1775 4881 στρατηλάτας
1825 4816 1971 4881 τρεῖς

311 4893 573 4960 ἀϐλαϐεῖς
604 4893 750 4957 ἄνες,
808 4893 1141 4973 Συκοφάντία
1186 4893 1289 4971 γὰρ
1342 4893 1551 4971 πονηρὰ
1609 4894 1693 4949 καὶ
1751 4890 1972 4961 διαϐολὴ

317 4986 512 5059 ματαία
573 4985 634 5040 τὸ
690 4982 813 5040 κατ’
869 4985 1067 5045 meum.
1113 4983 1230 5040 Εἶθ’
1285 4982 1422 5040 οὕτω
1450 4985 1537 5039 καὶ
1566 4982 1631 5051 ἢν
1668 4982 1972 5061 πάσχουσιν

317 5073 513 5132 ἀδικίαν
549 5070 895 5152 ἐξετραγῴδει
924 5074 1013 5129 καὶ
1043 5074 1110 5129 τὰ
1158 5078 1250 5129 τοῦ
1298 5070 1566 5150 δράματος
1623 5073 1756 5149 πρὸς
1814 5071 1969 5151 ἀκρί-

309 5162 455 5221 ϐείαν
479 5162 700 5244 διεξῄει,
734 5164 778 5219 εἰ
807 5161 852 5219 δ’
885 5162 997 5236 οὖν,
1032 5161 1270 5237 πόλεμον
1330 5161 1448 5218 κατ’
1510 5163 1671 5221 αὖτοῦ
1729 5163 1968 5228 κινήσειν

302 5260 390 5313 καὶ
420 5262 604 5321 κακῶς
638 5256 797 5312 αυτὸν
818 5251 1051 5309 ἀπολεῖν
1080 5252 1315 5320 ἠπείλει.
1336 5251 1666 5330 Ἐκπλαγείς
1700 5251 1792 5307 οὖν
1815 5253 1842 5307 6
1861 5253 1966 5327 βα-

300 5347 478 5410 σιλεὺς
510 5345 611 5414 τὴν
642 5346 740 5403 τοῦ
768 5341 959 5423 ἀνδρὸς
1019 5341 1315 5421 παρρησίαν
1366 5349 1436 5419 τῇ
1485 5364 1543 5400 τε
1575 5340 1714 5416 ἀλλ-ῃ
1765 5343 1853 5397 καὶ
1884 5340 1965 5397 ὅτι

295 5438 432 5509 ἀωρί
462 5444 573 5495 τῶν
605 5440 811 5492 νυκτῶν
845 5433 953 5489 τῶν
983 5431 1265 5508 βασιλείων
1317 5431 1464 5489 ἔνδον
1516 5433 1779 5512 ἐφαίνετο·
1833 5428 1966 5485 Ἀλ-

297 5526 365 5584 λά
393 5529 493 5609 τίς,
524 5526 619 5607 ἧρε
633 5548 707 5599 το,
743 5526 833 5598 σὺ,
868 5525 897 5579 6
928 5528 1147 5579 τοιαῦτα
1177 5522 1427 5579 ἐπισείων
1459 5522 1579 5597 ἐμοὶ
1607 5523 1698 5577 καί
1760 5515 1911 5576 διαπε
1924 5543 1968 5575 ι-

297 5608 583 5695 λούμενοςς
608 5619 672 5677 ‘0
698 5614 780 5674 δέ’
810 5611 1084 5676 Νικόλαος
1115 5613 1142 5669 ὁ
1173 5611 1227 5668 ἐν
1255 5618 1325 5688 τῇ
1355 5610 1572 5691 Μυρέων
1603 5608 1960 5688 μητροπόλει,

296 5707 417 5790 ἔφη.
454 5711 555 5770 Καὶ
605 5707 802 5766 αὐτίκα
863 5703 969 5782 μὲν
1025 5702 1127 5760 ὑπὸ
1181 5703 1282 5770 τῆς
1339 5699 1516 5779 ὅψεως
1564 5699 1962 5785 διαταραχθεὶς,

2057 4445 2254 4524 ipsum
2285 4444 2515 4517 timent,
2553 4454 2833 4528 tanquam
2870 4459 3036 4528 pater
3060 4450 3343 4526 ﬁliorum,
3369 4450 3705 4529 miseretur,

2057 4535 2234 4597 mittit
2264 4536 2548 4598 auxilium
2581 4555 2615 4598 a
2646 4547 2879 4619 sancto,
2919 4558 3134 4621 nempe
3191 4559 3361 4603 suum
3395 4540 3704 4614 famulum,

2058 4641 2112 4692 et
2144 4643 2315 4692 noctu
2347 4650 2634 4707 apparens
2664 4636 2997 4708 imperatori
3020 4639 3288 4696 Nicotaus
3310 4638 3664 4697 admirabilis
3694 4658 3708 4703 ;

2058 4713 2407 4795 Imperator,
2445 4719 2654 4797 inquit,
2688 4737 2865 4797 surge
2894 4720 3038 4801 cito,
3092 4727 3154 4782 et
3198 4739 3302 4782 eos
3356 4730 3478 4781 tres
3525 4722 3712 4783 duces

2056 4806 2354 4868 exercitus
2386 4808 2488 4884 qui
2525 4808 2870 4869 detinentur
2903 4810 2964 4870 in
2997 4828 3269 4884 carcere,
3304 4810 3513 4873 libera.
3546 4809 3710 4872 Fue-

2055 4903 2194 4957 runt
2223 4896 2380 4957 enim
2416 4905 2644 4960 temere
2675 4897 2920 4978 appetiti
2948 4899 3293 4963 calumniis.
3342 4900 3566 4962 Deinde
3609 4899 3709 4961 in-

2052 4984 2291 5065 justitiae
2341 5005 2521 5063 quam
2571 4988 2874 5067 patiuntur
2921 4988 3171 5068 eXponit
3220 4988 3592 5067 tragtediam,
3650 4999 3710 5053 et

2054 5075 2555 5156 quemadmodum
2584 5077 2670 5138 eis
2697 5077 2937 5140 fuerunt
2957 5090 3174 5159 paratas
3192 5078 3424 5140 insidiae
3437 5088 3714 5143 accurate

2052 5166 2450 5246 persequitur.
2484 5165 2588 5228 Sin
2621 5166 2839 5248 minus,
2861 5185 2927 5229 se
2957 5177 3018 5229 et
3050 5167 3270 5231 bellum
3301 5176 3624 5244 moturum,
3652 5178 3711 5231 et

2051 5254 2208 5315 male
2241 5253 2438 5333 ipsum
2472 5255 2870 5337 perditurum,
2916 5264 2975 5319 et
3005 5267 3273 5321 extrema
3325 5258 3380 5319 ei
3415 5258 3710 5321 facturum

2050 5354 2143 5406 est
2202 5344 2483 5409 minatus.
2543 5344 2888 5408 Admiratus
2947 5347 3150 5429 itaque
3201 5348 3528 5428 imperator
3577 5349 3710 5427 ejus

2054 5432 2357 5495 fidentiam
2394 5442 2451 5495 et
2480 5434 2718 5497 dicendi
2751 5436 3120 5518 libertatem,
3154 5446 3213 5500 et
3276 5438 3497 5519 alioqui
3548 5441 3707 5519 quod

2050 5524 2404 5603 intempesta
2434 5534 2611 5587 nocte
2642 5525 2731 5588 sic
2761 5527 3068 5604 ingressus
3101 5534 3264 5590 esset
3285 5528 3506 5606 regiam
3538 5544 3552 5589 :
3586 5527 3705 5590 Sed

2051 5612 2182 5695 quis
2216 5622 2277 5674 tu
2301 5631 2390 5694 es,
2412 5615 2662 5695 rogavit,
2684 5615 2787 5698 qui
2810 5616 2936 5680 haec
2962 5635 3112 5681 mete
3136 5616 3417 5698 potentiae
3441 5616 3705 5679 intentas

2048 5711 2108 5768 et
2138 5701 2390 5768 minaris
2413 5704 2438 5767 ἲ
2458 5704 2739 5772 Nicolaus
2768 5714 2968 5770 autem
2997 5727 3013 5772 :
3040 5705 3152 5779 Qui
3181 5723 3459 5789 praesum,
3484 5704 3699 5785 inquit,
