4136 6424
454 383 568 451 347

1764 374 2047 452 MEN‘SIS
2089 388 2519 456 DECEMBER.
3720 398 3839 464 348

451 527 811 612 Myrensium
839 527 1191 610 metropoli;
1219 536 1277 590 et
1304 526 1499 590 statim
1525 525 1626 588 ille
1644 524 1887 618 quidem
1917 524 2102 618 surgit

2190 529 2459 596 ἀνιστατο,
2497 530 2554 592 Ὀ
2588 531 2639 589 δὲ
2671 533 2819 611 ἅγιος
2852 532 3041 601 ἐπίσης
3077 533 3160 591 καὶ
3221 543 3296 610 τῷ
3356 535 3579 618 ἐπάρχῳ
3636 537 3839 596 Ἀὅλα-

453 620 841 683 conturbatus
910 635 945 680 a
1000 619 1254 681 visione.
1316 621 1569 681 Sanctus
1624 634 1766 677 vero
1827 615 2103 676 similiter

453 711 628 771 etiam
662 720 908 791 apparet
939 707 1195 771 Ablabio
1233 709 1507 787 praefecto
1539 706 1861 767 dormienti
1890 727 1905 781 ;
1941 715 1999 766 et
2029 706 2103 767 de

450 811 534 865 eis
567 810 791 866 mandat
818 807 1035 864 eadem.
1072 806 1305 863 Abl-ibio
1338 818 1551 869 autem,
1587 806 1683 877 qui
1723 805 1844 875 ipse
1874 819 2104 876 quoque

450 890 676 971 rogavit
709 890 979 970 quisnam
1002 896 1181 965 esset,
1215 886 1516 961 Nicotaus,
1548 885 2105 966 respondit,Christi

450 998 678 1042 servus.
712 978 1009 1040 Excitatus
1037 995 1177 1055 ergo
1214 976 1529 1057 Ablabius,
1597 985 1798 1037 mente
1829 976 2108 1038 versabat

451 1064 699 1149 id'quod
736 1069 795 1129 in
829 1066 1055 1129 somnis
1087 1066 1335 1139 viderat,
1376 1075 1433 1127 et
1456 1066 1744 1143 quidnam
1772 1073 1929 1127 esset
1951 1067 2104 1147 quod

450 1160 505 1220 ei
537 1166 912 1238 apparuerat,
953 1165 1012 1217 et
1057 1153 1340 1236 quidnam
1375 1156 1742 1235 signiﬁcaret
1770 1176 1783 1214 :
1817 1166 1876 1217 et
1907 1156 2104 1217 statim

449 1249 610 1310 venit
637 1247 708 1309 ad
745 1247 938 1327 ipsum
964 1247 1206 1326 quidam
1239 1247 1314 1307 ab
1338 1246 1730 1325 imperatore,
1762 1246 2106 1325 signiﬁcans

450 1357 519 1400 ea
550 1357 681 1418 quae
709 1337 1048 1417 imperatori
1080 1341 1204 1397 visa
1238 1346 1408 1396 erant
1436 1336 1498 1397 in
1529 1337 1779 1398 somnis.
1829 1336 1935 1399 llle
1967 1355 2105 1397 vero

449 1428 503 1489 ei
536 1445 742 1488 rursus
769 1426 1067 1487 renuntiat
1096 1425 1412 1499 visionem,
1471 1434 1528 1486 et
1583 1433 1786 1488 narrat
1818 1426 1872 1487 ei
1908 1425 2107 1487 omnia

451 1537 583 1599 qua:
616 1517 696 1579 ibi
725 1525 1145 1597 apparuerant.
1183 1516 1289 1578 Illa
1322 1536 1466 1595 ergo
1498 1516 1862 1587 admirabili,
1890 1527 1947 1578 et
1973 1536 2104 1597 quae

454 1617 670 1688 praeter
690 1608 1060 1688 opinionem,
1087 1606 1317 1669 visione
1345 1606 1761 1687 obstupefacti,
1781 1608 2105 1687 imperator

453 1707 513 1758 et
543 1696 877 1777 praefectus,
912 1707 969 1758 et
999 1697 1156 1777 quod
1191 1696 1376 1758 veluti
1410 1696 1581 1775 signo
1617 1698 1754 1758 (lato
1787 1697 1994 1758 eadem
2028 1698 2101 1758 ad

451 1795 767 1866 utrumque
798 1786 1077 1865 venisset,
1112 1785 1393 1866 quoniam
1441 1792 1743 1847 somnium
1781 1806 1896 1848 non
1930 1797 2103 1868 pote-

2185 619 2283 696 ϐίῳ
2342 625 2587 680 ὑπνοῦντι
2652 624 2921 703 ἐπιφανείς
2985 627 3047 681 τὰ
3108 626 3238 681 αὕτα
3294 629 3410 706 περὶ
3470 632 3573 684 τῶν
3642 629 3846 707 ἀνδρῶν

2188 710 2210 765 ἐ
2369 714 2380 733 ι
2597 714 2612 737 ο
2666 713 2695 733 ρ
2807 716 2818 737 ι
2929 713 2969 733 M
3180 718 3189 732 1
3412 720 3424 733 ι
3543 721 3557 741 ,
3613 720 3639 730 ..

2218 735 2529 783 πισκηπτει,
2618 712 2864 785 Αολαϐιῳ
2925 736 2976 769 οε
3034 715 3269 793 ἐρομενῳ
3338 741 3428 774 και
3504 741 3646 794 αυτῳ
3701 719 3849 783 ὅστις

2190 802 2307 875 εἴη,
2393 802 2680 873 Νικόλαος,
2757 803 3097 876 ἁπεκρίνατο,
3178 814 3268 862 τοῦ
3335 813 3566 882 Χριστοῦ
3641 808 3845 875 δοῦλος,

2194 895 2524 957 Διυπνισοεὶς
2612 895 2790 949 τοίνυν
2878 892 3179 977 ’Λϐλαϐιος,
3256 895 3477 975 ἔστραιρε
3553 899 3652 965 τὴν
3725 900 3847 975 ὄψιν

2188 980 2520 1038 καθ’ὲαυτὸν
2606 1005 2638 1037 κ
2675 984 2689 1003 ‘
2790 985 2799 1005 '
3044 982 3070 1003 ”
3229 987 3255 1041 ὸ
3395 986 3415 1017 λ
3479 1009 3491 1019 ’
3549 990 3565 1009 ⁸
3748 988 3771 1007 ’⁵

2188 1059 2202 1064 Δ
2410 1061 2424 1064 _
2528 1030 2574 1064 ,γ
2643 1006 2689 1038 αι
2749 1006 2798 1039 τι
2851 1005 2979 1039 ποτε
3038 1007 3137 1064 αρα
3193 1007 3223 1042 τ
3288 1009 3449 1064 φανιν
3482 1009 3567 1044 και
3605 986 3633 1044 ὅ
3666 1011 3713 1044 τι
3742 1006 3844 1055 οη-

2188 1059 2333 1131 λοῦν,
2404 1061 2767 1121 διεσκέπτετο’
2831 1066 2917 1121 καὶ
2971 1059 3082 1139 ἅμα
3143 1065 3263 1131 ἥκει
3302 1059 3404 1132 ’τις
3461 1070 3536 1131 ὡς
3577 1070 3729 1126 αὑτὸν
3781 1070 3843 1124 ἐκ

2189 1149 2477 1229 βασιλέως,
2538 1153 2755 1225 μηνύων
2815 1152 2948 1231 ἅπερ
3008 1158 3035 1210 6
3090 1154 3343 1231 βασιλεὺς
3401 1156 3458 1212 ἐν
3516 1158 3663 1230 ὕπνῳ
3717 1159 3844 1215 θεά-ι

2188 1262 2341 1296 σαιτο
2370 1258 2383 1270 ·
2420 1243 2503 1297 καὶ
2536 1245 2593 1305 ὃς
2626 1242 2954 1321 ἀπαγγέλλει
3012 1246 3110 1311 τὴν
3170 1244 3316 1321 ὄψιν,
3370 1248 3458 1303 καὶ
3502 1248 3567 1302 τὰ
3614 1247 3845 1325 φανέντα

2190 1333 2331 1403 αὖτῷ
2362 1329 2593 1396 διέξεισι,
2629 1335 2768 1410 Πρὸς
2828 1336 2888 1389 τὸ
2946 1333 3241 1412 παράδοξον
3299 1336 3470 1393 τοίνυν
3518 1339 3693 1392 ἐκεῖνο
3742 1360 3845 1404 της

2188 1420 2307 1482 θέας
2369 1421 2530 1500 ἄμφω
2604 1423 3064 1505 καταπλαγέντες,
3118 1428 3145 1482 ὃ
3202 1448 3258 1481 τε
3329 1426 3579 1503 βασιλεὺς
3655 1432 3743 1482 καὶ
3819 1430 3848 1483 6

2190 1509 2451 1591 ἔπαρχος,
2489 1513 2581 1568 καὶ
2630 1513 2778 1579 ὅπως
2834 1515 3014 1593 ὥσπερ
3071 1517 3177 1572 ἀπὸ
3235 1517 3566 1591 συνθήματος
3622 1518 3657 1584 ἡ
3711 1518 3848 1585 αὒτῆ

2188 1601 2309 1675 ὄψις
2342 1602 2598 1680 ἑκατέρη),
2653 1606 2866 1684 φανείη,
2919 1604 3107 1672 ἐπειδὴ
3166 1608 3261 1663 τὸν
3321 1607 3524 1684 ὄνειρον
3555 1606 3853 1681 συμϐαλεῖν

2188 1691 2283 1746 οὒκ
2313 1692 2497 1770 εἷχος,
2534 1693 3037 1769 μετακαλεσάμενος
3103 1696 3209 1752 ἀπὸ
3263 1702 3364 1763 τῆς
3424 1696 3668 1775 φυλακῆς
3730 1700 3854 1763 τοὺς

2189 1782 2560 1853 στρατηλάτας
2641 1785 2668 1838 6
2751 1782 3025 1862 βασιλεὺς,
3121 1785 3496 1862 περιεστώτων
3578 1786 3854 1860 ἁπάντων,

453 1886 587 1937 rant
617 1876 941 1956 conjicere,
996 1876 1303 1937 accersitis
1351 1894 1383 1935 e
1429 1894 1672 1937 carcere
1703 1877 1821 1937 illis
1853 1877 2104 1937 (lucibus

2192 1870 2328 1943 Τίσι,
2377 1872 2531 1949 φησὶ,
2599 1874 2845 1950 μαγείαις
2914 1876 3072 1948 ὑμεῖς
3141 1875 3505 1954 χρησάμενοι,
3583 1877 3857 1941 τοιούτους

458 1966 780 2047 exercitus,
815 1964 1095 2027 omnibus
1138 1965 1758 2028 circumsistentibus:
1811 1966 2099 2041 Quanam,

455 2056 673 2138 inquit,
706 2066 834 2119 arte
864 2058 1091 2137 magica
1135 2065 1388 2127 utentes,
1431 2056 1573 2117 talia
1606 2056 1677 2116 ad
1711 2075 1817 2117 nos
1851 2056 2106 2118 ministis

454 2147 711 2221 somnia,
746 2155 862 2208 tam
899 2165 1035 2208 acre
1068 2146 1288 2208 bellum
1324 2147 1732 2208 intentantia?
1769 2146 1855 2208 llli
1905 2156 2100 2207 autem

458 2236 557 2316 qui
592 2236 1217 2314 nulliusreiejusmodi
1243 2236 1354 2297 sibi
1382 2243 1553 2296 erant
1580 2236 1826 2307 conscii,
1868 2254 1930 2296 se
1956 2246 2099 2297 nutu

458 2327 714 2389 invicem
747 2325 1212 2403 interrogabant,
1236 2326 1284 2385 si
1309 2331 1442 2402 quis
1474 2343 1683 2386 eorum
1709 2326 1847 2405 quid
1876 2336 2098 2400 nosset,

459 2416 933 2497 obstupefactum
967 2415 1116 2476 alter
1141 2419 1195 2475 in
1228 2416 1478 2476 alterum
1509 2415 1745 2475 oculum
1768 2417 2091 2494 conjicien-

454 2514 565 2570 tes.
601 2505 935 2585 Imperator
963 2523 1100 2566 vero
1134 2523 1237 2566 eus
1281 2505 1487 2566 videns
1510 2504 1596 2565 sic
1626 2506 1888 2583 allectos,
1925 2514 2107 2566 muta-

454 2605 549 2657 tur
578 2596 649 2658 ad
685 2596 1010 2670 lenitatem,
1051 2603 1109 2656 et
1142 2612 1324 2675 prope
1355 2612 1459 2655 eos
1488 2594 1804 2671 accedens,
1831 2593 1998 2675 jubet
2033 2596 2101 2656 ad

455 2688 582 2749 haec
611 2686 999 2766 respondere.

535 2865 737 2929 XXVI.
776 2866 861 2927 llli
895 2873 1091 2927 autem
1124 2866 1329 2927 oculos
1362 2864 1665 2944 replentes
1710 2865 2011 2942 Iacrymis,
2048 2874 2105 2926 et

457 2956 696 3018 assidue
722 2956 1049 3019 ululantes:
1077 2960 1223 3028 Nos,
1248 2955 1594 3029 dixerunt,o
1620 2957 1966 3033 imperator,
1994 2975 2104 3017 ne-

456 3065 571 3127 que
602 3064 697 3108 ars
723 3047 949 3125 magica
981 3045 1122 3126 quid
1147 3045 1526 3125 sit,novimus
1555 3065 1570 3121 ;
1605 3064 1799 3125 neque
1823 3045 2107 3107 adversus

456 3147 616 3198 tuam
652 3138 972 3215 potentiam
1005 3153 1181 3211 grave
1209 3134 1346 3214 quid
1375 3152 1582 3196 sumus
1605 3135 1893 3196 meditati.
1914 3132 2106 3195 Testis

456 3234 547 3287 est
575 3225 676 3305 qui
708 3225 908 3286 omnia
947 3224 1105 3285 videt
1129 3225 1360 3287 oculus.
1397 3226 1455 3287 Si
1485 3236 1685 3284 autem
1720 3226 1845 3285 lucc
1878 3243 1996 3284 non
2030 3225 2103 3284 ita
2125 3262 2164 3311 ο

459 3323 619 3389 sunt,
660 3313 763 3375 sed
799 3313 930 3374 mali
964 3314 1184 3394 aliquid
1210 3314 1268 3373 in
1300 3322 1355 3373 te
1387 3313 1773 3390 cogitavimus
1800 3312 2044 3391 nullam,
2070 3331 2103 3372 ο

456 3404 805 3484 imperator,
840 3403 915 3464 de
948 3403 1122 3463 nobis
1153 3403 1385 3480 reperis
1417 3400 1911 3463 misericordiam.
1944 3402 2102 3472 Non,

457 3512 492 3553 ο
526 3494 871 3571 imperator,
907 3512 1012 3570 per
1066 3496 1254 3573 ipsam
1318 3492 1695 3564 Trinitatem,
1759 3509 1954 3567 neque
2002 3492 2103 3551 toti

459 3589 664 3643 nostro
698 3581 902 3661 generi
932 3581 1423 3661 peperceris.Sed
1450 3582 1497 3643 si
1520 3581 1659 3661 quid
1687 3590 1775 3643 est
1799 3581 1888 3642 vel
1916 3588 2105 3642 morte

456 3670 712 3748 gravius,
748 3671 803 3731 id
840 3670 897 3731 in
933 3689 1039 3732 nos
1093 3672 1466 3751 pronunties.
1519 3670 1706 3735 Nobis
1756 3671 2099 3749 imperator,

454 3762 564 3822 fuit
595 3762 719 3822 haec
751 3762 1066 3823 haereditas
1095 3762 1303 3823 relicta
1333 3781 1365 3822 a
1406 3760 1775 3841 parentibus,
1809 3761 2104 3821 honorare

454 3852 901 3931 imperatorem,
939 3859 995 3913 et
1032 3851 1089 3912 in
1126 3870 1260 3911 cum
1312 3850 1789 3913 benevolentiam
1825 3850 2104 3930 praeferre

451 3941 637 4002 rebus
660 3941 960 4002 omnibus.
998 3938 1059 4002 Si
1091 3946 1225 4021 quis
1263 3959 1400 4001 vero
1434 3942 1558 4003 haec
1612 3940 2097 4019 transgrediatur,

454 4029 608 4089 male
640 4048 776 4090 eum
813 4030 1087 4104 multare,
1151 4038 1208 4091 et
1250 4049 1321 4091 eo
1368 4030 1451 4091 uti
1483 4030 1772 4109 deinceps
1826 4038 2100 4109 tanquam

455 4119 648 4180 boste.
712 4118 1108 4190 Quamobrem
1168 4128 1370 4181 nostra
1401 4120 1694 4199 neglecta,
1744 4118 1816 4179 ad
1849 4128 2030 4190 tuam,
2069 4138 2103 4178 ο

450 4209 1058 4287 imperator,salutem
1080 4209 1447 4289 aspeximus.
1476 4210 1722 4282 Quando
1746 4217 1941 4270 autem
1974 4225 2103 4268 ma-

452 4317 563 4359 nus
595 4316 833 4379 quoque
868 4298 1101 4360 hostilis
1120 4300 1404 4360 adversus
1431 4309 1587 4359 tuam
1627 4298 1973 4361 movebatur
1998 4317 2105 4378 po-

453 4389 720 4467 tentiam,
757 4397 815 4449 et
842 4396 1076 4466 tempus
1121 4388 1455 4468 postulabat
1483 4390 1657 4449 talem
1692 4389 1950 4448 virorum
1983 4389 2104 4447 vir-

452 4486 665 4557 tutem,
697 4478 831 4538 aliis
864 4477 1284 4556 praetermissis
1306 4479 1401 4558 qui
1436 4488 1604 4539 erant
1639 4477 1907 4557 ejusdem
1934 4477 2107 4556 cujus

452 4585 560 4628 nos
583 4567 1276 4647 auctoritatis,nus,quod
1316 4567 1540 4627 utinam
1560 4587 1677 4628 non
1701 4566 1964 4628 fecisses!
1988 4566 2108 4626 ele~

450 4656 582 4733 gisti
620 4675 740 4735 pra;
771 4658 1023 4729 casteris,
1064 4667 1122 4717 et
1153 4656 1298 4719 belli
1354 4657 1415 4718 in
1446 4676 1548 4719 eos
1602 4656 1852 4737 gerendi
1903 4674 2104 4717 curam

450 4745 627 4807 nobis
659 4746 974 4807 mandasti.
1010 4746 1133 4809 Hac
1166 4747 1240 4807 de
1286 4764 1470 4810 causa
1508 4755 1781 4828 prompto
1812 4753 1871 4808 et
1923 4738 2105 4807 alacri

455 4835 653 4896 animo
687 4843 786 4897 tuo
810 4835 1009 4915 jussui
1041 4837 1364 4917 paruimus,
1400 4846 1460 4897 et
1489 4836 1709 4897 bellum
1737 4836 2108 4916 suscepimus

449 4924 731 4986 adversus
765 4925 1065 4991 inimicos.
1117 4935 1178 4987 et
1230 4932 1525 5007 propriam
1557 4927 1859 5000 virtutem,
1896 4925 1952 4985 id
1987 4925 2108 4987 Deo

448 5014 669 5075 dictum
735 5014 816 5075 sit
873 5015 1156 5095 propitio,
1193 5016 1361 5077 factis
1414 5020 1556 5078 satis
1616 5016 2009 5095 ostendimus,
2044 5015 2105 5075 in

451 5122 566 5183 quo
593 5103 836 5180 quidem
862 5122 1073 5166 omnes
1099 5114 1188 5166 sat
1208 5105 1333 5166 scio
1357 5122 1774 5167 consensuros.
1804 5103 1925 5165 Hoc
1948 5105 2105 5185 quod

450 5192 626 5254 nobis
655 5192 819 5271 prius
843 5192 1093 5271 praebuit
1120 5194 1483 5265 felicitatem,
1511 5194 1793 5255 adversus
1818 5214 1926 5254 nos
1949 5213 2107 5255 nunc

448 5296 638 5342 armat
669 5280 921 5345 invidia:
961 5293 1018 5344 et
1050 5284 1547 5365 condemnamur,
1585 5285 1732 5364 proli
1788 5284 1989 5347 dolor!
2042 5294 2102 5346 ut

453 5370 659 5445 vides;
692 5380 751 5432 et
781 5390 885 5433 nos
904 5390 1037 5434 esse
1062 5385 1329 5435 extrema
1360 5392 1636 5455 passuros
1662 5387 2098 5454 exspectamus.

452 5459 745 5531 Quocirca
803 5480 874 5523 eo
932 5463 1115 5524 rediit
1175 5476 1392 5526 nostrae
1457 5467 1513 5526 in
1572 5474 1625 5524 te
1674 5464 2106 5528 benevolentia}

450 5550 735 5626 ostensio,
765 5560 824 5612 ut
848 5562 1007 5615 esset
1032 5554 1268 5615 occasio
1295 5554 1534 5634 majoris
1558 5554 1859 5634 supplicii,
1895 5564 1952 5615 et
1999 5574 2104 5636 pro

450 5637 635 5716 gloria
669 5659 799 5721 quas
827 5641 1183 5722 sperabatur
1216 5652 1273 5704 et
1325 5643 1939 5725 remuneratiouibus,
2000 5665 2109 5707 nos

457 5735 615 5792 tenet
646 5738 838 5792 metus
860 5731 1066 5795 mortis
1089 5739 1147 5794 et
1175 5732 1973 5814 condemnationis,pr0pter
1996 5736 2109 5799 hoc

2188 1962 2326 2033 ἡμῖν
2400 1961 2676 2037 ἐπέμψατε
2736 1965 2857 2026 τοὺς
2912 1966 3175 2042 ὀνείρους,
3237 1964 3474 2032 πόλεμον
3533 1966 3671 2022 οὕτω
3727 1988 3858 2046 atpo-

2188 2048 2307 2126 δρὸν
2339 2051 2691 2125 ἐπισείοντας,
2749 2055 2832 2109 καὶ
2880 2055 2945 2109 τὰ
2988 2056 3254 2132 βαρύτατα
3316 2053 3432 2111 καθ’
3489 2057 3644 2128 ἡμῶν
3703 2056 3862 2112 ἀπει-

2188 2140 2406 2207 λοῦντας
2445 2161 2460 2216 ;
2507 2144 2565 2199 Οἱ
2611 2140 2686 2215 δὲ,
2742 2142 2907 2215 μηδὲν
2954 2152 3193 2201 τοινῦτον
3253 2147 3466 2207 ἑαυτοῖς
3520 2143 3852 2219 συνειδότες,

2187 2232 2437 2305 νεύμασιν
2465 2231 2646 2309 ὥσπερ
2680 2231 2946 2298 ἆλλάλους
2979 2234 3200 2309 ἠρώτων
3233 2235 3285 2289 εἴ
3316 2256 3368 2289 τι
3420 2232 3481 2289 ἂν
3520 2257 3601 2297 τις
3662 2232 3853 2311 εἰδείη,

2186 2319 2633 2397 ἐκπεπληγμένον
2685 2325 2805 2377 οἷον
2862 2324 3071 2393 ἑκάστῳ
3124 2324 3217 2379 τὸν
3274 2322 3548 2401 ὀφθαλμὸν
3606 2322 3842 2381 ἐπιδευ-

2187 2418 2384 2475 λοντες.
2427 2411 2485 2468 Ὀ
2517 2410 2761 2487 βασιλεὺς
2792 2413 2966 2469 τοίνυν
2997 2413 3137 2469 οὕτω
3192 2414 3311 2474 τοὺς
3363 2412 3552 2493 ἄνδρας
3611 2413 3843 2495 ἔχοντας

2187 2501 2535 2575 θεασάμενος,
2599 2500 2744 2557 οὖδὲν
2809 2525 2865 2558 τε
2923 2505 2983 2559 τὸ
3040 2504 3285 2578 ποράπαν
3348 2506 3589 2568 ἐοικότας
3649 2503 3841 2562 εἰδέναι

2189 2592 2277 2646 καὶ
2328 2590 2684 2665 ξενιζομὲνοος
2740 2593 2839 2659 τὴν
2900 2592 3090 2666 ἀκοὴν,
3152 2594 3237 2649 ἐπὶ
3296 2595 3358 2649 τὸ
3408 2594 3699 2672 πραότερον
3742 2598 3836 2651 εὐ-

2188 2684 2272 2745 θυς
2327 2680 2672 2756 μεταϐάλλει,
2735 2685 2821 2738 καὶ
2878 2684 3136 2762 προσχὼν
3210 2685 3396 2747 αὺτοῖς
3460 2683 3833 2761 ἀποκρίνασθαι

2189 2772 2319 2846 πρὸς
2350 2780 2514 2829 ταῦτα
2548 2771 2748 2829 κελεύει
2762 2817 2775 2830 .

2274 2862 2417 2935 κζ’.
2486 2865 2544 2919 Οἱ
2604 2861 2657 2918 δὲ
2716 2865 2788 2928 εἰς
2848 2864 2948 2939 γῆν
3009 2862 3208 2927 ἰδόντες
3265 2867 3361 2921 καὶ
3418 2864 3656 2944 δακρύων
3720 2876 3840 2929 τοὺς

2190 2950 2489 3030 ὀφθαλμοὺς
2522 2952 2881 3021 πλήσσαντες,
2919 2953 3142 3027 Ἠειεϊς,
3189 2955 3370 3033 εἶπον,
3429 2956 3674 3035 βασιλεῦ,
3730 2953 3846 3011 οὔτε

2190 3042 2416 3118 μαγείαν
2446 3042 2474 3098 ὅ
2506 3043 2712 3099 τίποτὲ
2745 3044 2887 3101 ἐστιν
2936 3042 3182 3117 οἴδαμεν,
3238 3044 3357 3101 οὔτε
3411 3048 3547 3102 κατὰ
3603 3050 3698 3102 τεῦ
3755 3052 3848 3101 σοῦ

2189 3132 2431 3203 κράτολς,
2494 3134 2689 3209 μάρτυς
2750 3136 2777 3190 6
2840 3138 3010 3189 πάντα
3068 3133 3271 3212 ἐφορῶν
3325 3134 3617 3213 ὀφθαλμὸς,
3672 3132 3844 3191 δεινόν

2188 3243 2238 3276 τι
2269 3221 2735 3297 μεμελετήκαμεν.
2774 3225 2828 3280 Εἰ
2859 3221 2911 3278 δὲ
2945 3224 3021 3290 μὴ
3057 3224 3195 3280 οὕτω
3225 3232 3416 3303 ταῦτα,
3457 3224 3592 3279 ἀλλά
3646 3246 3692 3278 τι
3737 3245 3837 3279 που

2190 3312 2345 3387 νηρὸν
2379 3314 2515 3383 ἡμτν
2546 3311 2796 3369 ἔσκεπται
2830 3314 2965 3370 κατὰ
3023 3316 3141 3386 σοῦ,
3207 3313 3426 3387 μηδένα,
3488 3314 3533 3369 ὦ
3587 3311 3831 3388 βασιλεῦ,

2191 3400 2392 3477 μηδένα
2418 3399 2534 3457 καθ’
2571 3405 2745 3475 ἡμῶν,
2774 3404 2851 3477 μὴ
2909 3403 3036 3481 πρὸς
3081 3407 3178 3471 τῆς
3236 3402 3447 3481 Τριάδος
3508 3406 3693 3475 αὒιῆς,
3726 3401 3835 3457 λά-

2189 3488 2288 3565 ϐῃς
2321 3490 2656 3569 ἕλεον,μηδὲ
2690 3491 2813 3548 ὅλου
2872 3494 3027 3571 φείσῃ
3086 3504 3178 3552 τοῦ
3229 3494 3412 3571 γένους
3472 3494 3649 3566 ἡμῶν,
3713 3489 3837 3547 ἀλλ’

2190 3581 2242 3636 εἴ
2290 3603 2338 3637 τι
2397 3583 2485 3638 καί
2539 3582 2762 3638 Θανάτου
2805 3583 3112 3662 βαρύτερον,
3167 3583 3439 3663 ἀπόφηναι
3492 3580 3610 3638 καθ’
3655 3583 3836 3656 ἡμῶν.

2191 3669 2376 3744 Ἡμῖν,
2413 3672 2458 3726 ὦ
2489 3669 2726 3746 βασιλεῦ,
2781 3674 2932 3732 οὗτος
2968 3673 3029 3728 ἒκ
3063 3670 3303 3749 πατέρων
3366 3675 3459 3728 οἷα
3519 3670 3713 3747 κλήρος
3765 3671 3842 3731 εἰς

2189 3760 2268 3815 ἀεὶ
2327 3759 2741 3839 φυλαττόμενος,
2800 3762 2860 3816 τὸ
2903 3759 3124 3836 βασιλέα
3172 3768 3332 3834 τιμᾷν
3382 3762 3470 3817 καὶ
3501 3761 3601 3827 τὴν
3630 3761 3703 3823 είς
3748 3760 3844 3816 αὗ-

2187 3850 2279 3904 τὸν
2310 3850 2512 3905 εὔνοιαν
2570 3857 2664 3906 τοῦ
2722 3850 2919 3914 παντῦς
2978 3856 3265 3927 προτιμᾷν,
3326 3852 3381 3908 Ei
3438 3848 3493 3906 δέ
3546 3871 3626 3909 τις
3674 3848 3846 3904 ταῦτα

2188 3937 2525 4017 παραϐαίνοι,
2588 3948 2812 4012 ζημιοῦν
2869 3942 3025 3998 αὖτὸν
3077 3941 3145 4009 τὰ
3197 3939 3447 4017 μέγιστα,
3508 3940 3598 3996 καὶ
3644 3941 3715 4000 ὡς
3745 3959 3848 3993 πο⁴

2188 4027 2354 4103 λεμίῳ
2412 4030 2473 4084 τὸ
2528 4026 2718 4084 λοιπὸι
2774 4032 3033 4107 χρῆσθαι,
3087 4030 3224 4085 ὥστε
3275 4029 3399 4107 περί
3431 4027 3671 4090 πλείονος
3706 4025 3847 4101 μᾶλ-

2187 4117 2289 4173 λον
2339 4119 2494 4192 ἡμῶν
2541 4121 2640 4184 τὴν
2687 4119 2787 4184 σὴν
2840 4117 3045 4196 ἤγομεν
3093 4119 3379 4197 σωτηρίαν,
3427 4121 3516 4175 καὶ
3561 4116 3645 4174 διὰ
3673 4116 3847 4172 ταῦτα

2190 4208 2414 4281 ἔπαινοι,
2478 4208 2724 4286 χάριτες,
2776 4210 2864 4263 καὶ
2918 4207 3137 4282 ἀμοιϐαὶ
3200 4208 3477 4287 φιλότιμοι
3537 4208 3680 4277 παρὰ
3738 4212 3849 4273 τῆς

2188 4298 2284 4365 σῆς
2344 4300 2482 4370 ἡμῖν
2544 4296 2822 4367 ἠλπίζοντο
2877 4295 3070 4363 δεξιᾶς,
3125 4297 3345 4366 Ἐπειδή
3402 4298 3456 4353 δὲ
3491 4296 3850 4353 καὶστασιώο

2188 4387 2281 4453 6ης
2338 4391 2457 4466 χεὶρ
2516 4388 2650 4443 κατὰ
2707 4398 2800 4445 τοῦ
2852 4394 2946 4445 σοῦ
2974 4389 3198 4466 κράτους
3229 4389 3502 4461 κεκίνητο,
3534 4388 3620 4443 καὶ
3652 4390 3851 4442 τοιαύ-

2189 4500 2288 4542 την
2353 4477 2554 4553 ἀνδρῶν
2611 4476 2803 4553 ἀρετὴν
2863 4479 2889 4532 6
2970 4480 3150 4555 καιρὸς
3211 4477 3408 4547 ἐζήτει·
3470 4478 3588 4541 τοὺς
3645 4471 3850 4539 ἄλλους

2191 4565 2570 4644 παραδραμὼν,
2626 4565 2739 4621 ὅσοι
2791 4568 2885 4622 τοῦ
2940 4568 3099 4623 αὐτου
3153 4569 3292 4639 ἡμῖν
3345 4566 3640 4645 ἐτύγχανον
3670 4563 3851 4630 ἀξιώ-

2192 4678 2384 4734 ματος,
2417 4658 2583 4733 ἡμᾶς,
2620 4658 2693 4719 ὡς
2745 4659 2839 4715 οὐκ
2897 4655 3114 4736 ὄφελον,
3178 4657 3240 4712 ἐκ
3295 4657 3506 4712 πάντων
3564 4653 3847 4735 προείλου,

2193 4749 2277 4803 καὶ
2338 4748 2428 4801 τὸν
2493 4744 2614 4802 κατ’
2684 4745 2896 4801 ἐκείνων
2972 4748 3105 4819 ἡμῖν
3177 4745 3506 4825 ἐνεχείρισας
3576 4744 3850 4819 πόλεμον,

2192 4837 2354 4893 ταῦτά
2385 4858 2466 4891 τοι
2516 4837 2603 4891 καὶ
2662 4836 2917 4912 πρόθυμοι
2977 4843 3053 4909 τῷ
3085 4842 3161 4908 σῷ
3219 4835 3536 4908 κελεύσματι
3595 4833 3852 4907 εἴξαμεν,

2196 4929 2290 4984 Καὶ
2340 4928 2407 4984 τὰ
2462 4926 2592 5003 πρὸς
2646 4925 2834 4989 αὐτοὺς
2924 4925 3175 5004 abditi-Lm;
3257 4924 3661 4999 ἐπανειλόμεθα,
3752 4926 3856 4981 καὶ

2188 5018 2287 5083 τὴν
2332 5018 2527 5072 οἰκείαν
2579 5016 2794 5093 ἀρετὴν,
2849 5015 2941 5069 σὺν
2996 5022 3111 5088 Θεῴ
3165 5012 3220 5069 δὲ
3279 5015 3526 5090 ετρήσθω,
3589 5012 3674 5068 ἐπὶ
3733 5019 3855 5069 τῶν

2187 5106 2356 5184 ἔργων
2402 5102 2799 5177 ἐπεδειξάμεθα,
2850 5103 3022 5181 ’Ὅπερ
3082 5106 3136 5159 εὖ
3195 5103 3302 5159 οἷδ’
3363 5102 3444 5159 ὅτι
3504 5104 3856 5181 συμφήσουσι

2194 5198 2405 5269 πάντες,
2440 5201 2590 5251 τοῦτο
2620 5195 2718 5261 τὴν
2777 5192 3107 5269 εὐδαιμονίαν
3161 5195 3417 5270 πρότερον
3474 5193 3605 5267 ἡμῖν
3658 5214 3859 5266 παρα-

2191 5288 2352 5365 σχὸν,
2387 5295 2472 5344 νῦν
2505 5285 2622 5340 καθ’
2675 5286 2832 5359 ἡμῶν
2884 5286 2910 5339 6
2970 5284 3157 5363 φθόνος
3219 5281 3449 5353 ὁπλίζει·
3509 5283 3594 5339 καὶ
3655 5287 3857 5357 κρινό-

2186 5381 2341 5451 μεθα,
2403 5374 2541 5454 ipsi}!
2601 5374 2646 5429 ὦ
2702 5381 2832 5430 Θεοῦ
2886 5371 3172 5452 ὀφθαλμοὶ,
3238 5373 3461 5450 γνώμης
3535 5368 3854 5453 ἐπιϐούλου,

2188 5468 2274 5522 καὶ
2331 5467 2395 5520 τὰ
2452 5463 2657 5543 ἔσχατα
2717 5466 2983 5519 πείσεσθαι
3044 5460 3451 5541 προσδοκῶμεν.
3510 5461 3681 5515 "state
3737 5482 3857 5516 πε-

2190 5556 2468 5634 ριέστηκεν
2517 5556 2679 5632 ἡμῖν,
2712 5551 3028 5630 ὦβασιλεῦ,
3083 5556 3115 5620 ἡ
3175 5557 3273 5620 τῆς
3332 5554 3464 5631 πρὸς
3523 5552 3581 5608 σὲ
3638 5551 3857 5616 εὐνοίας

2191 5644 2455 5711 ἀπόδειξις
2535 5645 2789 5722 τιμωρίας
2868 5643 3108 5718 μείζονος
3183 5643 3427 5707 ὑπόθεσις
3505 5643 3681 5720 εἶναι,
3756 5646 3857 5701 καὶ

2192 5734 2305 5792 ἀντὶ
2336 5733 2490 5803 δόξης
2542 5733 2894 5809 ἔλπιζομένης
2952 5735 3040 5791 καὶ
3098 5732 3275 5795 ἄλλων
3323 5729 3565 5810 ἆμοιόὧν
3619 5731 3853 5790 θανάτου
