4136 6430
264 344 381 413 349

1633 352 1823 419 VITA
1867 352 1928 418 S.
1974 353 2154 420 NICO
2176 357 2330 422 LAI.

3541 360 3659 431 350

263 485 425 570 φόϐος
471 487 621 565 ἡμᾶς
677 486 1017 580 παραλαϐὼν
1059 488 1203 571 ἔχει.
1267 495 1389 558 Πῶς
1444 496 1636 566 ταῦτα,
1687 493 1732 548 ὦ
1788 489 1914 565 ἥλιεἶ

2018 490 2291 557 ultimum
2342 501 2401 559 et
2432 494 2782 577 praeclarum
2831 496 3075 580 quidem
3128 498 3234 564 sed
3265 498 3475 564 infelix
3527 500 3657 565 fac-

266 580 382 645 πῶς
414 588 607 661 ταῦτα,
638 582 756 638 θεία
788 578 938 657 δίκη,
971 580 1147 662 φέρεις
1177 583 1301 659 ὁρᾷν
1333 603 1351 654 ;

358 761 480 823 KZ'.
528 760 755 823 Τούτοις
815 760 1067 839 βασιλεὺς
1124 761 1499 825 κατακλασθεᾶ
1558 761 1658 828 τὴν
1715 760 1925 841 ψυχὴν,

269 848 425 918 δῆλος
482 852 554 918 ἦν
604 850 694 908 ἐπὶ
740 857 812 927 τῇ
868 854 1088 909 ἰειείνων
1143 852 1407 931 ἀποφάσει
1465 850 1922 926 μεταμελόμενος,

265 939 507 1018 ’Ἔτρεμε
587 941 693 1019 γὰρ
764 941 832 997 τὰ
892 941 987 998 τοῦ
1059 949 1190 1000 Θεοῦ
1259 941 1619 1016 δικαιώματα,
1675 942 1763 996 καὶ
1829 940 1927 1008 τὴν

258 1028 547 1110 ἁλουργίδα
609 1029 823 1106 ᾐδειτο,
870 1032 951 1104 μὴ
1009 1030 1307 1107 νομοθετῶν
1362 1029 1570 1107 ἄλλοις,
1614 1030 1770 1090 αὐτὸς
1835 1031 1927 1087 εὗ-

262 1121 417 1184 θύνας
474 1121 704 1199 ὗπόσχῃ
766 1125 865 1187 τῆς
910 1120 1155 1198 κρίσεως.
1206 1121 1365 1183 Εὐθὺς
1423 1122 1513 1177 οὗν
1558 1119 1790 1184 ἐπιεικὲς
1836 1121 1932 1198 ὁρᾷ

271 1208 454 1273 αὖτοὺς
511 1212 604 1266 καὶ
668 1208 872 1288 ἥμερον
934 1210 1236 1290 φθέγγεται,
1283 1211 1439 1267 οἱονεὶ
1485 1207 1770 1284 κατωδύνῳ
1820 1213 1928 1284 ψυ-

270 1307 351 1381 χῇ
414 1300 557 1368 ἤπια
596 1310 768 1360 ταῦτα
826 1300 1075 1365 ἐπιτιθεὶς
1119 1302 1394 1379 φάρμακα,
1455 1303 1513 1359 οἱ
1557 1298 1634 1370 δὲ,
1681 1300 1778 1365 τὰς
1831 1304 1926 1375 ψυ.

263 1392 372 1471 χὰς
413 1393 551 1467 πρὸς
595 1393 691 1449 τὸν
719 1390 882 1469 λόγον
931 1390 1026 1448 τοῦ
1055 1389 1220 1471 φόϐου
1277 1389 1554 1463 λύσαντες,
1589 1389 1702 1447 ἐπεὶ
1736 1392 1823 1448 καὶ
1865 1393 1928 1447 τὸ

259 1480 549 1557 ἐνδόσιμον
599 1488 698 1548 τῆς
738 1480 1039 1560 παῤῥησίας
1086 1480 1254 1561 ἔσχον
1298 1479 1401 1549 ἤδη
1445 1481 1588 1557 παρὰ
1631 1487 1722 1538 τοῦ
1764 1481 1924 1556 βασι-

261 1571 427 1642 λέως,
494 1571 843 1647 ἑδημοσίευον
902 1571 996 1628 τὸν
1045 1572 1331 1650 θησαυρὸν,
1379 1570 1475 1627 οὒκ.
1529 1569 1785 1648 ἔκρυπτον
1826 1570 1927 1637 τὴν

262 1660 477 1742 ἐλπίδα,
521 1665 650 1735 καὶ,
699 1661 879 1738 Κύριε,
915 1662 943 1717 ὁ
977 1667 1071 1717 τοῦ
1123 1667 1216 1716 σοῦ
1261 1658 1526 1719 Νικολαου
1571 1660 1724 1737 Θεὸς,
1771 1658 1925 1736 μέγι-

2013 589 2160 671 tum.
2188 583 2499 658 Quomodo
2525 589 2677 663 haec,
2701 607 2735 649 o
2759 589 2849 651 sol
2875 608 2891 665 ;
2917 590 3219 671 quomodo
3246 591 3374 654 haec
3402 591 3662 654 sustines

2009 670 2232 743 videre.
2269 693 2304 735 o
2326 676 2560 754 justitia
2589 676 2614 740 ἲ

2089 760 2326 852 XXVII.
2361 765 2464 827 His
2494 767 2697 830 animo
2728 769 2919 832 ﬂexus
2945 770 3295 851 imperator,
3320 778 3526 852 aperte
3555 790 3664 835 os-

2011 850 2201 939 tendit
2220 871 2287 916 se
2310 856 2603 931 paenitere
2618 857 2791 921 facta;
2809 859 2926 921 illis
2947 850 3658 939 injuriaeTimebatenim

2011 938 2120 1031 Dei
2159 942 2665 1022 justiﬁcationes;
2718 957 2777 1009 et
2827 938 3141 1012 verebatur
3189 969 3535 1031 purpuram,
3582 969 3661 1013 ne

2011 1028 2173 1122 leges
2194 1032 2394 1095 ferens
2415 1036 2865 1111 aliis,redderet
2896 1041 3022 1121 ipse
3044 1028 3429 1115 rationem,et
3449 1058 3661 1122 pmnas

2013 1118 2206 1182 lueret
2228 1122 2445 1201 judici.
2482 1127 2600 1188 Eos
2628 1126 2829 1208 itaque
2861 1118 3061 1191 statim
3087 1129 3364 1209 benignis
3395 1118 3662 1192 intuetur

2011 1209 2224 1298 oculis,
2251 1220 2311 1273 et
2332 1213 2565 1293 placide
2588 1234 2691 1277 eos
2714 1218 3058 1298 alloquitur.
3091 1218 3180 1281 Illi
3203 1218 3557 1295 autem,suis
3583 1220 3658 1280 ad

2012 1296 2330 1389 dicendum
2366 1305 2636 1366 excitatis
2662 1296 2900 1381 animis,
2928 1326 3063 1370 cum
3099 1327 3242 1371 ansa
3264 1308 3546 1389 loquendi
3580 1308 3656 1370 li-

2011 1386 2155 1478 bere
2195 1390 2283 1452 eis
2311 1391 2448 1454 data
2497 1395 2690 1457 fuerat
2732 1395 2806 1458 ab
2856 1399 3244 1478 imperatore,
3280 1386 3662 1477 publicabant

2011 1477 2380 1568 tliesaurum,
2412 1502 2522 1545 nec
2582 1504 2751 1565 spem
2798 1487 3098 1565 celabant,
3153 1477 3237 1563 et,
3266 1488 3543 1568 Domine,
3576 1487 3657 1548 tui

2006 1564 2233 1631 Nicolai
2269 1568 2449 1652 Deus,
2488 1564 2699 1652 magna
2730 1594 2872 1639 voce
2903 1564 3266 1650 clamabant,
3299 1576 3398 1658 qui
3429 1564 3548 1639 tres
3583 1576 3662 1638 vi-

2006 1672 2108 1718 ros
2138 1659 2212 1719 ab
2244 1660 2449 1742 iniqua
2479 1672 2670 1726 morte
2699 1665 3021 1746 aliquando
3052 1668 3332 1738 servasti,
3366 1686 3475 1729 nos
3505 1685 3658 1746 quo—

271 1774 397 1809 στον
453 1748 710 1827 ἀνεδόων,
760 1754 788 1808 ὁ
857 1750 1112 1831 πρότερον
1164 1750 1284 1815 τοὺς
1345 1763 1489 1828 τρεῖς
1554 1746 1743 1827 ἄνδρας
1816 1749 1914 1805 ἁδί-

2007 1764 2123 1837 que
2154 1766 2263 1827 per
2297 1750 2496 1830 ipsum
2529 1754 2697 1834 eripe
2725 1755 2800 1819 ab
2830 1756 2945 1818 hoc
2994 1756 3259 1837 periculo
3292 1753 3656 1817 imminenti.

275 1863 377 1898 κου
436 1841 655 1898 θανάτου
721 1839 1143 1917 διασωσάμενος,
1218 1841 1375 1904 αὐτὸς
1445 1840 1533 1897 καὶ
1599 1842 1687 1896 νῦν
1744 1839 1914 1904 ἐξελοῦ

2005 1836 2358 1901 Sermonem
2410 1822 2638 1923 arripit
2677 1822 3021 1926 imperator:
3057 1856 3115 1909 et
3149 1870 3162 1906 :
3214 1846 3361 1918 Quis
3412 1854 3523 1919 est,
3556 1845 3657 1905 in-

276 1932 443 2004 ἡμῶν
503 1928 568 1985 δι’
631 1931 775 1990 αὐτοῦ
829 1933 922 1987 τοῦ
992 1930 1368 2008 ἐπηρτημένου
1441 1929 1590 1986 τοῦδε
1658 1928 1917 1991 κινδύνου.

279 2011 536 2096 εΑριπιιίζει
583 2022 669 2076 τὸν
694 2019 850 2096 λόγον
905 2022 933 2076 ὁ
962 2019 1233 2099 βασιλεὺς,
1277 2022 1389 2095 καὶ,
1435 2021 1523 2082 Τίς
1567 2019 1716 2084 οὗτος
1748 2022 1775 2076 ὁ
1818 2030 1916 2078 Νι-

266 2109 490 2185 κόλαος,
526 2109 650 2190 ἔφη,
686 2112 773 2168 καὶ
814 2111 965 2175 ὅπως
1014 2113 1101 2168 καὶ
1148 2110 1284 2172 τίνες
1333 2112 1420 2174 οὓς
1478 2109 1676 2167 ἔσωσεν
1708 2110 1853 2166 οὗτοι
1904 2129 1919 2183 ;

255 2199 480 2263 εἴπατε.
560 2204 903 2267 Νεπωτιανὸς
983 2201 1073 2257 οὖν
1159 2200 1344 2257 αὐτίκα
1415 2198 1653 2266 διέξεισιν
1712 2200 1922 2257 ἅπαντα

252 2290 396 2347 κατὰ
438 2289 629 2368 μέρος,
690 2294 780 2348 καὶ
831 2291 978 2357 ὅπως
1031 2291 1384 2372 ἑπιχανόντος
1432 2294 1618 2372 αὐτοῖς
1675 2288 1777 2357 ἤδη
1834 2296 1925 2345 τοῦ

263 2379 390 2453 ᾅδου
445 2379 761 2460 παραδόξως
814 2382 1002 2445 αὐτοὺς
1045 2380 1400 2451 ἑλυτρώσατο.
1465 2371 1522 2438 Ὀ
1570 2377 1626 2435 δὲ
1669 2377 1919 2455 βασιλεὺς

262 2477 334 2544 τῇ
375 2472 489 2543 περὶ
538 2472 602 2527 τὸ
656 2478 823 2527 Θεϊον
872 2472 959 2527 καὶ
1017 2471 1138 2533 τοὺς
1200 2473 1358 2528 αὐτοῦ
1402 2469 1727 2545 θεράποντας
1785 2469 1918 2543 τιμῇ

262 2561 350 2614 καί
400 2560 497 2638 πρὸ
539 2568 636 2618 ’τοῦ
682 2559 1099 2634 καλλυνόμενος,
1157 2557 1264 2615 οὔδ’
1314 2558 1531 2615 ἐνταῦθα
1578 2563 1704 2634 γοῦν
1748 2555 1919 2626 λήθην

255 2649 438 2705 ἑαυτοῦ
488 2652 580 2706 καὶ
639 2649 739 2716 τῆς
793 2650 987 2713 οἰκείας
1047 2646 1342 2724 ἐλάμϐανεν
1396 2647 1615 2725 ἀρετῆς,
1668 2644 1790 2702 ἀλλ’
1852 2649 1916 2702 ὁ·-

241 2746 344 2814 μοῦ
402 2760 463 2795 τε
526 2741 648 2816 περῖ
705 2745 798 2794 τοῦ
859 2736 1044 2816 ἀνδρὸς
1102 2738 1245 2811 αὐτῷ
1300 2735 1602 2815 ἀνηγγέλη,
1656 2737 1744 2792 καὶ
1799 2734 1915 2792 οὐδὲ

2004 1931 2156 2016 quit,
2187 1927 2284 1990 hic
2302 1929 2607 2013 Nicolaus,
2631 1943 2690 1995 et
2722 1936 3024 2015 quomodo
3056 1945 3115 1998 et
3145 1954 3434 2016 quosnam
3461 1951 3658 1995 serva—

2004 2015 2084 2076 vit
2105 2017 2286 2080 dicite
2314 2023 2339 2081 ?
2371 2022 2740 2102 Nepotianus
2761 2034 2955 2087 autem
2990 2015 3190 2087 omnia
3220 2025 3413 2086 statim
3452 2030 3658 2085 narrat

2004 2105 2367 2185 singillatim.
2419 2109 2750 2193 Imperator
2778 2134 2915 2177 vero
2949 2117 3050 2196 qui
3103 2124 3161 2178 et
3193 2116 3250 2176 in
3284 2113 3471 2176 Deum
3505 2124 3564 2174 et
3594 2112 3656 2173 in

2009 2196 2140 2275 ejus
2189 2197 2447 2263 famulos
2478 2202 2707 2266 honore
2760 2205 2926 2285 prius
2956 2205 3071 2267 sibi
3124 2204 3421 2285 placebat,
3452 2221 3528 2263 ne
3557 2202 3656 2262 hic

2009 2303 2245 2366 quoque
2275 2306 2398 2352 suae
2440 2300 2529 2354 est
2558 2291 2778 2356 oblitus
2807 2295 3061 2357 virtutis.
3115 2295 3230 2359 Sed
3266 2293 3445 2355 simul
3478 2302 3656 2371 atque

2004 2375 2080 2436 de
2128 2377 2228 2439 illo
2276 2379 2405 2440 viro
2454 2381 2563 2443 fuit
2610 2391 3039 2459 renuntiatum,
3076 2406 3193 2447 non
3252 2403 3399 2465 opus
3449 2382 3658 2444 habuit

2003 2468 2208 2559 multis
2259 2470 2478 2548 verbis,
2513 2476 2617 2537 sed
2650 2494 2783 2556 qua;
2810 2477 2924 2539 sibi
2975 2488 3333 2559 apparuerat
3363 2476 3651 2537 visionem

2006 2558 2191 2636 magis
2220 2564 2518 2639 recolens,
2557 2566 2956 2648 ﬁduciamque
2999 2558 3067 2629 et
3088 2568 3371 2649 loquendi
3403 2566 3654 2628 liberta-

2002 2654 2120 2739 tein
2178 2668 2285 2729 pro
2332 2651 2407 2713 iis
2457 2655 2556 2734 qui
2608 2657 3027 2721 afﬁciebautur
3074 2659 3314 2739 injuria,
3348 2665 3405 2718 et
3451 2673 3652 2716 acrem

1999 2736 2162 2800 illius
2208 2739 2401 2801 zelum
2435 2761 2616 2823 supra
2656 2746 2900 2809 modum
2954 2736 3303 2822 admiratus,
3337 2749 3425 2809 eis
3474 2746 3656 2807 donat

244 2826 465 2916 πολλῶν
525 2828 724 2898 ἐδεήθη
783 2827 986 2907 λόγων,
1019 2826 1139 2884 ἀλλ’
1194 2829 1268 2891 εἰς
1312 2827 1410 2916 τὴν
1453 2839 1714 2906 φανεῖσαν
1764 2828 1910 2916 αῦτῷ

2004 2826 2255 2889 veniam.
2292 2832 2387 2905 Et,
2425 2850 2542 2894 non
2576 2854 2711 2913 ego,
2742 2836 2959 2916 inquit,
2994 2838 3160 2900 vobis
3192 2838 3365 2901 vitam
3408 2835 3651 2914 largior,

248 2911 370 2992 δψιν
416 2917 502 2975 ἐπὶ
554 2917 770 2991 μᾶλλον
812 2916 1132 2996 ἀνενεγκὼν,
1164 2917 1251 2973 καὶ
1306 2914 1406 2983 τήν
1454 2915 1585 2992 ὑπὲρ
1636 2921 1739 2971 τῶν
1792 2913 1908 2970 ἀδι-

2004 2916 2096 3007 sed
2120 3005 2130 3007 Α
2154 2918 2206 2978 is
2238 2937 2416 2998 quem
2473 2911 2725 2987 vocastis
2756 2911 2843 2987 ad
2889 2926 3202 3001 auxilium,
3235 2928 3336 3007 qui
3380 2911 3653 2987 necinos

251 3007 523 3082 κοδμένων
594 3007 917 3086 παρρησίαν,
962 3008 1052 3064 καὶ
1119 3007 1212 3062 τὸν
1255 3004 1420 3063 πολὺν
1482 3004 1683 3061 ἐκείνου
1744 3002 1906 3074 ζῆλον

2004 3005 2235 3084 quidem
2268 3009 2503 3071 sinebat
2533 3012 2824 3091 dormire,
2854 3032 2958 3077 vos
2989 3002 3286 3078 acerrime
3317 3014 3653 3076 defendens

249 3095 336 3154 διὰ
405 3098 677 3170 θαύματος
747 3098 969 3171 θέμενος
1005 3143 1018 3168 ,
1094 3096 1416 3174 συγγνώμης
1502 3093 1691 3156 εὐθέως
1761 3092 1909 3159 ἠξίου

2004 3104 2053 3156 et
2083 3096 2259 3158 vestri
2285 3117 2488 3160 curam
2514 3104 2938 3181 gerens.Abite
2959 3124 3100 3184 ergo
3131 3106 3201 3166 ad
3236 3106 3451 3185 ipsum,
3481 3113 3652 3165 tonsa

237 3190 363 3251 τοὺς
422 3186 647 3265 ἄνδρας,
709 3190 818 3245 Οὐκ
873 3187 1005 3265 ἐγὼ,
1059 3185 1257 3263 λέγων,
1317 3184 1439 3242 ἀλλ’
1500 3186 1558 3241 ὃν
1619 3185 1776 3259 ὑμεῖς
1841 3185 1912 3248 εἷς

2004 3201 2169 3247 coma
2217 3192 2267 3246 ei
2299 3191 2454 3264 agite
2504 3192 2747 3269 gratias.
2783 3194 2997 3256 Nostro
3027 3184 3271 3274 quoque
3298 3192 3540 3254 nomine
3592 3189 3651 3253 ei

231 3278 495 3355 βοήθειαν
554 3274 894 3341 ὲξεκαλεῖσθε
954 3274 1494 3364 Νικόλαον,ῗέκεϊνος
1554 3275 1683 3364 ὑμῖν
1746 3273 1909 3351 χαρί-

2004 3276 2374 3340 renuntiate:
2411 3278 2565 3342 Ecce
2609 3281 2725 3344 feci
2787 3284 2942 3364 quod
2996 3273 3291 3363 jusseras,
3326 3282 3447 3343 noli
3499 3282 3648 3343 mihi

237 3376 385 3438 ζεται
450 3390 556 3434 την
609 3364 776 3438 ξωὴν,
810 3367 868 3428 ὃς
928 3363 1045 3423 οῦδὲ
1087 3363 1354 3422 καθεύδειν
1403 3366 1547 3438 ἡμᾶς
1597 3363 1731 3419 ἀνίει
1786 3366 1909 3440 θερ-

249 3460 455 3532 μότατα
543 3460 860 3534 προστατῶν
933 3456 1081 3529 ὑμῶν
1150 3456 1238 3510 καὶ
1309 3453 1629 3527 κηδόμενος.
1704 3451 1908 3509 "Anne

259 3554 532 3625 τοιγαροῦν
588 3545 717 3621 παρ’
779 3545 958 3605 αὐτόν.
1040 3545 1137 3604 Καὶ
1193 3565 1495 3622 κειραμενοι
1548 3544 1646 3610 τὴν
1708 3541 1904 3617 κόμην,

266 3638 450 3703 τὼς-ἧς
490 3636 831 3715 εὔχαριστίας
876 3634 1127 3711 ἀπόδοτε,
1174 3633 1534 3712 ἀπαγγείλατε
1564 3631 1619 3688 δὲ
1662 3633 1750 3690 καὶ
1779 3631 1905 3709 παρ’

264 3728 424 3801 ἡμῶν
480 3729 541 3781 τὸ
603 3725 883 3783 κελευσθὲν
955 3724 1220 3803 λέγοντες,
1284 3721 1414 3782 Ἰδοὺ
1471 3723 1765 3790 πεποίηκα’
1827 3723 1906 3796 μὴ

263 3813 472 3871 ἀπείλει
532 3837 637 3888 μοι.
695 3825 875 3874 Ταῦτα
944 3815 1094 3888 εἶπε,
1143 3814 1238 3870 καὶ
1292 3816 1523 3893 χρυσοῦν
1567 3811 1901 3890 εὐαγγέλιον,

257 3907 352 3962 καὶ
406 3905 584 3968 σκεῦός
638 3928 691 3963 τι
749 3904 932 3983 ἕτερον
990 3914 1219 3985 χρυσοῦν
1276 3905 1365 3961 καὶ
1425 3903 1576 3983 αὐτὸ,
1633 3900 1789 3959 λίθων
1847 3923 1904 3957 τε

246 3997 439 4069 τιμίων
512 3995 933 4071 συντεθειμένων,
1008 3996 1205 4072 κηρούς
1288 4016 1347 4050 τε
1431 3991 1520 4050 δύο
1586 3993 1904 4072 ἐπιχρύσους

240 4087 433 4149 αὐτοῖς
495 4085 728 4163 δίδωσιν,
777 4085 1144 4160 ἐντειλάμενος
1181 4085 1452 4142 ἀναθεῖναι
1510 4091 1675 4139 ταῦτα
1719 4090 1793 4155 τῷ
1850 4081 1905 4137 ἐν

244 4178 444 4255 Μύροις
493 4181 629 4249 ναῷ.
681 4176 831 4233 Οὕτω
876 4174 940 4243 δὴ
970 4176 1058 4231 καὶ
1106 4175 1253 4233 αὐτοὶ
1307 4171 1601 4249 παραδοξου
1646 4174 1909 4251 σωτηρίας

240 4266 626 4344 ἐπιτυχόντες,
692 4267 836 4329 εὐθὺς
893 4264 1016 4321 ὀδοῦ
1066 4285 1124 4321 τε
1180 4263 1440 4341 ἥπτοντο,
1487 4265 1574 4319 καὶ
1627 4264 1913 4340 προθύμοις

240 4358 402 4413 ποσὶν
453 4359 530 4421 ὡς
566 4358 661 4411 τὸν
704 4354 853 4434 ἅγιον
882 4356 1155 4433 ἀφίκοντο,
1203 4354 1427 4429 ἅσμενοί
1452 4348 1512 4410 τε
1557 4352 1703 4409 εἶδον
1736 4353 1914 4415 αὐτόν,

1996 3365 2254 3444 amplius
2278 3368 2512 3431 minari.
2541 3369 2678 3432 Haec
2701 3372 2867 3449 dixit,
2880 3382 2938 3434 et
2962 3391 3205 3435 aureum
3238 3371 3645 3451 Evangelium,

1995 3461 2053 3515 et
2087 3456 2384 3535 quoddam
2413 3459 2576 3521 aliud
2620 3478 2721 3522 vas
2751 3480 2819 3525 ex
2851 3482 2997 3525 auro
3029 3472 3087 3526 et
3115 3462 3368 3543 gemmis
3397 3480 3649 3541 compo-

1994 3545 2195 3618 situm,
2235 3554 2293 3607 et
2332 3549 2484 3610 duos
2516 3551 2787 3613 cereolos
2834 3572 3047 3615 aureos
3078 3557 3129 3615 ei
3195 3552 3400 3624 donat,
3428 3550 3651 3631 jubens

1993 3652 2064 3695 ea
2095 3635 2378 3698 dedicare
2411 3641 2631 3719 templo
2664 3641 2817 3721 quod
2855 3652 2943 3705 est
2973 3644 3174 3724 Myris.
3213 3643 3312 3704 Sic
3344 3641 3431 3703 illi
3461 3641 3651 3721 admi-

1989 3724 2262 3787 rabiliter
2319 3737 2377 3788 et
2432 3738 2641 3791 contra
2682 3731 3031 3809 opinionem
3095 3731 3351 3795 assecuti
3395 3730 3645 3792 salutem

1989 3814 2105 3874 iter
2150 3816 2433 3878 continuo
2481 3828 2622 3881 sunt
2680 3819 2957 3899 ingressi,
2995 3830 3053 3884 et
3097 3822 3213 3884 laeti
3242 3822 3315 3882 ad
3373 3828 3643 3881 sanctum

1990 3905 2258 3977 veniunt,
2292 3913 2350 3966 et
2378 3906 2637 3970 libentes
2668 3930 2804 3971 eum
2842 3910 3146 3986 videbant,
3182 3918 3244 3973 et
3297 3929 3419 3990 pra;
3453 3908 3647 3970 maxi-

1992 4010 2087 4054 mo
2118 3995 2331 4071 gaudio
2364 4007 2569 4076 aperte
2591 4000 2988 4061 ostendebant
3016 4020 3083 4063 se
3116 3998 3556 4081 promptissimo
3591 4005 3649 4059 et

1991 4082 2346 4144 alacerrimo
2375 4085 2576 4146 animo
2609 4106 2743 4149 esse
2802 4091 3148 4167 profusuros
3181 4091 3355 4152 vitam
3387 4089 3501 4149 sibi
3532 4088 3647 4149 do-

1997 4181 2219 4248 natam,
2267 4183 2330 4235 ut
2377 4177 2677 4239 referrent
2721 4179 2940 4257 gratias
2986 4181 3066 4259 ei,
3113 4180 3214 4259 qui
3263 4179 3428 4257 ipsos
3484 4186 3647 4239 tanto

1999 4262 2279 4324 affecerat
2341 4264 2655 4328 beneﬁcio.
2704 4268 2935 4329 Deinde
2987 4268 3210 4347 templo
3268 4267 3548 4329 dedicant
3594 4273 3656 4327 et

2004 4352 2261 4414 offerunt
2320 4372 2387 4415 ea
2420 4373 2555 4436 quae
2596 4369 2957 4437 acceperant
2989 4358 3060 4419 ab
3113 4358 3496 4437 imperatore.
3532 4357 3654 4417 Do-

245 4448 346 4504 Καὶ
391 4444 553 4512 δῆλοι
585 4444 724 4512 ἦσαν
773 4447 875 4502 ὑπὸ
915 4451 1016 4513 τῆς
1059 4444 1193 4523 ἄγαν
1241 4441 1436 4511 ἡδονῆς
1482 4445 1715 4506 εὐπετῶς
1764 4443 1911 4524 ἔχειν

2004 4442 2183 4516 mine,
2219 4442 2492 4519 Domine,
2530 4446 2664 4525 quis
2695 4446 2912 4508 similis
2948 4447 3076 4527 tibi,
3112 4448 3215 4526 qui
3254 4445 3475 4507 liberas
3506 4461 3652 4523 ege-

240 4538 333 4591 καὶ
378 4537 548 4596 αὗτᾶς
605 4534 855 4610 προέσθαι
908 4536 1003 4599 τὰς
1061 4534 1403 4614 χαρισθείσας
1461 4535 1647 4595 αὺτοῖς
1698 4534 1903 4612 ψυχὰς,

238 4625 383 4681 ὥστε
442 4623 595 4690 ἀξίαν
642 4623 925 4683 ἀποδοῦναι
997 4630 1075 4697 τῷ
1134 4622 1301 4687 οὕτως
1359 4624 1739 4701 εὐργετήσαντι
1809 4623 1906 4690 τὴν

242 4715 618 4794 εἶιχαριστίαν.
667 4715 803 4771 Εἶτα
832 4722 911 4787 τῷ
938 4721 1050 4788 ναῷ
1090 4714 1156 4769 τὰ
1185 4713 1245 4770 ἐκ
1286 4711 1549 4789 βασιλέως
1605 4712 1903 4791 ἀφοσιοῦσι⁶

247 4827 276 4860 ε
313 4807 473 4882 Κύριε
507 4852 523 4880 ,
581 4804 762 4883 Κύριε,
832 4806 909 4866 τίς
981 4802 1134 4878 ὅμοις
1191 4824 1298 4877 σοι,
1359 4803 1611 4879 ῥυόμενος
1662 4804 1907 4882 ’πτωχὸν

1997 4551 2137 4593 num
2171 4550 2203 4592 a
2239 4533 2516 4595 manibus
2548 4554 2617 4597 eo
2650 4537 3049 4615 potentiorum
3077 4536 3149 4610 η,
3184 4535 3406 4597 sensim
3440 4532 3652 4594 dicen-

1992 4631 2104 4695 tes,
2140 4630 2198 4682 et
2248 4639 2359 4684 nec
2385 4623 2549 4703 ipsos
2579 4643 2876 4705 pauperes
2922 4627 3190 4687 sinentes
3221 4632 3495 4704 expertes
3536 4641 3650 4701 gu-

1992 4722 2117 4772 stus
2170 4713 2404 4790 laalitize,
2440 4714 2548 4775 sed
2602 4734 2704 4777 eos
2754 4735 2997 4796 quoque
3043 4717 3163 4777 suis
3215 4715 3389 4777 bonis
3416 4715 3649 4793 imper-

1992 4801 2146 4862 tiens
2172 4800 2197 4864 ἲ

244 4893 306 4950 ὲκ
350 4897 543 4973 χειρὸς
599 4892 967 4970 στερεωτέρων
1017 4892 1224 4972 αὐτούς
1267 4914 1292 4949 ε
1352 4892 1526 4968 ἠρέμα
1580 4893 1996 4971 ὑπωφονοῦντες,
2063 4894 2157 4947 καί
2222 4891 2358 4967 μηδὲ
2428 4895 2586 4957 αὐτὸς
2644 4896 2889 4974 agape-,4
2944 4902 3044 4963 τῆς
3102 4898 3297 4965 ἡδονῆς
3359 4896 3479 4957 τοὺς
3544 4894 3646 4951 πέ-

249 5003 410 5048 νητας
438 4983 708 5063 ἀφιέντες,
744 4982 879 5039 ἆλλᾶ
914 4985 999 5039 καὶ
1027 4983 1245 5047 τούτους
1275 4984 1360 5046 οἷς
1391 4986 1574 5061 εἶχον,
1610 4981 2001 5060 φιλοτιμότατα
2031 4979 2368 5046 δεξιούκενοι.

332 5073 457 5133 KH’.
512 5073 669 5131 Οὕτω
699 5079 978 5150 τοιγαροῦν
1037 5071 1255 5128 ἐπὶτῶν
1306 5071 1474 5150 ἔργων
1505 5080 1597 5130 τοῦ
1641 5079 1770 5130 Θεοῦ
1813 5073 1905 5127 τὸν

240 5164 440 5220 οἰκεῖον
528 5161 827 5239 θέραποντα
886 5160 1272 5239 μεγαλύνοντος
1316 5204 1332 5233 ,
1408 5162 1704 5236 ὑπόπτερος
1788 5169 1906 5236 περὶ

234 5256 395 5312 αὐτοῦ
453 5255 645 5333 φήμη,
674 5246 981 5331 διαρθεϊσα,
1029 5256 1287 5330 πανταχῆ
1335 5271 1394 5305 τε
1452 5248 1552 5307 ἔθει
1602 5252 1689 5305 καὶ
1733 5250 1907 5306 πάντα

232 5341 658 5422 περιελάμϐανε,
716 5340 955 5419 πέλαγός
984 5362 1043 5396 τε
1098 5338 1347 5415 διεϐαινε,
1382 5341 1467 5396 καὶ
1513 5341 1648 5397 κατὰ
1702 5338 1905 5395 θαλάσ-

229 5456 332 5500 σης
389 5432 530 5501 ἄλης
583 5433 803 5513 ἐφέρετο
855 5432 943 5487 καὶ
995 5427 1101 5487 οὐδ’
1146 5429 1236 5487 ἕνα
1291 5433 1454 5486 τόπον
1526 5429 1755 5498 ἀνήκοον
1800 5435 1907 5485 τῶν

228 5523 483 5602 μεγάλων
543 5531 641 5581 τοῦ
694 5519 884 5600 ἀνδρὸς
942 5520 1225 5594 θαυμάτων
1284 5520 1450 5599 ἠφίει.
1508 5526 1707 5577 Ναῦται
1780 5525 1907 5597 γοῦν

306 5704 366 5756 η
389 5703 553 5769 Psal.
594 5716 799 5777 LXXXI,
838 5700 980 5764 1-4.

2068 5069 2337 5134 XXVIII.
2370 5072 2470 5133 Sic
2510 5091 2650 5152 ergo
2683 5074 2804 5137 Deo
2835 5073 2894 5136 in
2929 5076 3214 5155 operibus
3240 5094 3413 5136 suum
3448 5073 3642 5135 extol-

1990 5160 2494 5236 lentefamulum,
2530 5164 2703 5225 allata
2749 5165 2824 5226 de
2854 5183 2924 5227 eo
2950 5164 3182 5227 sublata
3212 5166 3386 5239 fama,
3416 5164 3479 5224 in
3507 5183 3640 5225 om-

1989 5268 2128 5312 nem
2184 5260 2408 5331 partem
2457 5253 2838 5332 poi-vadebat,
2887 5262 2944 5316 et
2992 5256 3192 5317 omnia
3239 5254 3643 5333 comprehen-

1991 5338 2203 5400 debat:
2242 5358 2405 5402 mare
2439 5343 2898 5420 transmittebat,
2924 5364 3029 5425 per
3054 5354 3273 5406 terram
3308 5344 3637 5414 ferebatur,

1991 5436 2050 5489 et
2078 5430 2302 5490 nullum
2336 5429 2677 5495 dimittebat
2719 5434 2915 5496 locum
2950 5436 3024 5498 ad
3056 5454 3235 5516 quem
3269 5454 3384 5496 non
3442 5436 3638 5513 magni

1995 5536 2339 5598 magnarum
2395 5520 2716 5599 gratiarum
2752 5529 3124 5607 pervenisset
3151 5524 3397 5587 auditio.
3429 5526 3635 5590 Nautes
