4136 6430
503 355 611 424 351

1821 361 2102 426 MENSIS
2144 363 2573 429 DECEMBER.

3771 363 3890 432 352

503 498 707 580 itaque
723 496 1041 582 aliquando
1054 501 1113 564 in
1129 519 1402 581 magnam
1418 498 1690 564 incidunt
1702 506 2140 581 tempestatem,

2230 522 2357 558 ποτε
2412 502 2636 560 κλύδωνι
2694 502 2929 582 χαλεπῷ
2986 503 3392 584 περιτυχόντες,
3463 503 3600 562 ὥστε
3661 505 3760 574 τὴν
3834 505 3893 562 ἰν

505 589 605 669 qui
661 609 792 651 cum
826 609 954 653 eam
989 611 1119 671 qua:
1151 592 1210 652 in
1265 591 1538 652 manibus
1569 609 1772 652 (orum
1807 599 1932 652 erat
1966 591 2152 670 posita

504 679 744 737 salutem
769 680 1478 751 desperassent.'quoniam
1504 695 1772 751 magnum
1795 681 2086 737 Nicolaum
2119 696 2148 734 a

505 770 650 826 fama
674 779 1008 839 acceperant
1031 783 1156 827 esse
1184 771 1346 826 velox
1373 770 1652 827 auxilium
1685 773 1742 828 in
1764 771 1831 826 iis
1855 785 1977 842 quae
2001 786 2153 840 prae—

504 868 587 914 ter
613 874 768 930 spem
801 861 1161 926 eveniunt,so
1185 870 1336 918 tutos
1359 859 1427 916 ad
1452 875 1581 916 eum
1616 861 1968 931 precandum
1993 875 2149 917 com-

499 947 719 1021 ferunt,
749 957 808 1012 et
851 967 985 1010 eum
1018 950 1371 1012 invocabant
1402 955 1459 1010 in
1521 958 1893 1031 tempestate,
1928 959 1988 1014 et
2018 968 2150 1011 ma-

499 1056 611 1098 nus
642 1038 710 1097 ad
747 1056 881 1099 eum
914 1039 1264 1114 tendebant,
1299 1049 1357 1101 et
1400 1058 1434 1100 a
1485 1041 1612 1101 solo
1647 1041 1778 1120 ejus
1811 1039 2155 1120 pendebant

499 1127 740 1188 auxilio.
776 1128 886 1190 Ille
928 1137 1120 1190 autem
1159 1149 1236 1191 ne
1292 1149 1502 1210 parum
1537 1128 1778 1210 quidem
1841 1137 2152 1191 cunctatus

500 1217 768 1297 protinus
802 1236 1006 1278 navem
1042 1219 1248 1291 insilit,
1288 1232 1349 1280 et
1379 1238 1513 1280 cum
1547 1237 1611 1280 se
1647 1219 1965 1280 manifeste
2010 1237 2150 1280 con-

496 1305 872 1385 spiciendum
905 1307 1140 1370 illorum
1167 1308 1520 1390 praebuisset
1549 1308 1773 1369 oculis:
1812 1308 1986 1388 Ecce,
2027 1327 2145 1388 me,

496 1395 710 1474 inquit,
747 1399 1078 1472 vocavistis,
1115 1408 1172 1458 et
1215 1398 1422 1459 adsum
1475 1397 1641 1458 vobis
1672 1417 1846 1478 opem
1896 1399 2143 1462 laturus.

498 1485 730 1548 Deinde
772 1505 907 1548 cum
941 1504 1042 1549 eos
1069 1488 1350 1566 jussisset
1402 1505 1536 1548 esse
1570 1491 1726 1547 bono
1757 1487 1983 1566 animo,
2019 1488 2146 1548 cla-

497 1592 630 1634 vum
664 1576 846 1638 sumit
870 1583 930 1636 in
948 1585 1273 1656 conspectu
1305 1578 1600 1651 omnium,
1623 1587 1682 1637 et
1708 1576 1788 1639 ita
1820 1595 2025 1637 navem
2059 1578 2148 1638 vi-

500 1663 752 1726 debatur
799 1666 1079 1746 dirigere.
1116 1667 1346 1730 Deinde
1392 1668 1567 1729 etiam
1620 1686 1784 1727 mare
1834 1668 2152 1748 increpans

497 1756 665 1816 sedat
693 1759 905 1820 ﬂuctus
935 1769 992 1820 et
1023 1758 1311 1828 turbines,
1343 1767 1399 1819 et
1431 1759 1543 1818 alia
1578 1758 1727 1818 mala
1755 1759 2146 1840 tempestatis,

497 1849 796 1924 quomodo
832 1849 993 1928 prius
1023 1868 1265 1928 quoque
1314 1867 1482 1908 meus
1511 1847 1703 1912 Jesus.
1741 1859 1798 1908 et
1829 1848 1916 1908 sic
1946 1849 2030 1908 eis
2057 1848 2145 1908 fa-
2175 1879 2210 1929 Β

497 1935 668 1995 cilcm
726 1947 783 1996 et
815 1938 1189 2018 tranquillam
1244 1937 1468 2016 praebet
1500 1937 1962 2015 navigationem.
1999 1936 2146 1999 Cum

493 2033 688 2086 autem
728 2044 831 2087 eos
861 2025 981 2088 leni
1029 2034 1086 2088 et
1121 2027 1352 2107 placido
1394 2035 1593 2088 vectos
1629 2037 1785 2088 terra
1824 2033 2076 2106 excepit,
2113 2047 2146 2088 e

492 2115 622 2174 navi
653 2115 1088 2178 descendentes
1113 2117 1555 2178 contendebant
1581 2117 1650 2177 ad
1687 2136 1821 2178 eum
1850 2117 2146 2179 accedere

496 2205 592 2283 qui
645 2224 750 2266 eos
781 2205 1066 2267 liberarat
1109 2225 1140 2267 a
1171 2207 1462 2286 periculi.
1521 2206 1750 2268 Deinde
1779 2226 1911 2267 cum
1964 2225 2145 2268 acce-

494 2294 719 2374 pissent
751 2315 886 2356 eum
921 2296 1102 2358 ivisse
1153 2297 1224 2356 ad
1261 2297 1605 2370 ecclesiam,
1646 2297 1860 2357 vadunt
1893 2300 1963 2358 ad
1996 2305 2149 2357 tem-

494 2384 677 2463 plum.
717 2390 906 2466 Alque
939 2386 1037 2447 ille
1086 2386 1326 2466 quidem
1362 2406 1494 2448 cum
1531 2405 1594 2447 se
1645 2386 1889 2448 fecisset
1920 2395 2144 2467 partem

493 2473 661 2549 cleri,
699 2475 886 2536 stabat
917 2495 1052 2537 cum
1106 2477 1263 2539 aliis.
1314 2475 1401 2537 Illi
1451 2486 1650 2537 autem
1703 2495 1836 2536 cum
1893 2477 1951 2537 in
2012 2495 2148 2537 eum

494 2564 894 2644 conjecissent
925 2565 1134 2626 oculos
1172 2567 1272 2645 qui
1308 2585 1424 2626 non
1464 2573 1588 2626 erat
1619 2565 1706 2626 eis
1742 2565 1906 2641 prius
1940 2565 2148 2644 cogni-

494 2662 609 2728 tus,
637 2673 706 2716 ex
735 2673 804 2716 ea
830 2673 959 2736 qua:
989 2655 1076 2716 eis
1100 2656 1157 2716 in
1188 2657 1334 2716 mari
1369 2656 1516 2717 facta
1543 2656 1733 2717 fuerat
1753 2655 2146 2734 apparitione,

489 2762 624 2805 eum
661 2745 949 2806 continuo
980 2754 1346 2823 agnoverunt
1384 2764 1395 2806 :
1435 2753 1492 2805 et
1523 2756 1906 2806 accnrrentes
1955 2746 2150 2825 proci--

491 2833 640 2894 dunt
669 2835 742 2895 ad
799 2835 932 2914 ejus
965 2834 1172 2914 pedes,
1209 2844 1265 2894 et
1299 2836 1504 2913 lingua
1535 2835 1776 2914 quidem
1816 2835 1904 2894 eis
1936 2852 2146 2894 move-

493 2922 664 2985 batur
689 2924 758 2984 ad
784 2927 1044 3003 agendas
1067 2925 1306 3003 gratias:
1345 2924 1523 2986 simul
1548 2942 1686 2985 vero
1720 2943 1850 2986 cum
1875 2943 1943 2986 ea
1969 2924 2142 2984 etiam

488 3011 842 3092 loquebatur
864 3013 1122 3093 animus,
1141 3033 1346 3075 eorum
1372 3032 1504 3096 qua;
1529 3033 1738 3094 passus
1768 3022 1824 3075 et
1847 3015 2143 3094 quomodo

489 3103 680 3164 fuerat
710 3103 996 3164 liberatus
1052 3103 1379 3164 recordans
1417 3125 1429 3165 :
1486 3113 1543 3165 et
1577 3103 1766 3164 oculis
1795 3103 2145 3164 emittebant

490 3192 782 3272 lacrymas
832 3203 1011 3255 testes
1041 3211 1247 3255 eorum
1301 3213 1431 3273 qua}
1475 3193 1848 3255 dicebantur.
1914 3167 2204 3256 Deindec

489 3282 667 3344 etiam
704 3283 772 3344 iis
794 3284 896 3361 qui
927 3283 1173 3344 aderant
1205 3283 1547 3362 singillatim
1576 3283 1895 3344 narrabant
1925 3285 2140 3344 seriem

489 3372 576 3432 rei
609 3379 807 3449 gesta-3.

568 3459 775 3523 XXIX.
831 3461 1217 3523 Admirabilis
1266 3480 1407 3523 vero
1451 3461 1730 3524 Nicolaus
1773 3478 1891 3522 non
1947 3461 2144 3523 minus

488 3551 686 3612 sciens
717 3549 975 3614 liberare
1005 3570 1038 3612 a
1065 3552 1330 3632 periculo
1357 3553 1592 3627 animm,
1619 3552 1774 3632 quod
1801 3560 1926 3613 erat
1959 3552 2135 3613 etiam

487 3641 544 3701 ei
576 3640 782 3722 majori
813 3659 992 3714 curaa,
1029 3660 1161 3702 cum
1209 3641 1595 3722 perspicendi
1630 3642 1932 3704 facultatis
1981 3642 2139 3703 dono

485 3731 730 3809 spiritus
786 3731 874 3791 eis
905 3730 1264 3792 insidentem
1318 3731 1461 3792 vidit
1507 3730 1975 3810 improbitatem,
2011 3749 2143 3812 quae

489 3821 690 3900 procul
723 3839 756 3881 a
790 3820 907 3886 Deo
972 3821 1317 3882 removebat
1347 3831 1402 3882 et
1448 3820 1520 3881 ab
1576 3820 1736 3882 illius
1798 3821 2135 3882 mandatis:

488 3912 605 3971 Vos
636 3911 820 3991 ipsos,
847 3931 878 3971 ο
913 3909 1040 3980 lilii,
1076 3911 1340 3984 dicebat,
1373 3912 1704 3989 agnoscite,
1740 3911 2006 3990 inquam,
2042 3929 2144 3972 vos

485 4017 629 4076 rogo
667 4018 680 4061 ε
715 4007 772 4059 et
802 3999 979 4060 cnrda
1011 4008 1200 4061 vestra
1257 4008 1313 4060 et
1348 3999 1566 4060 mentis
1595 4010 1808 4061 vestrae
1862 4009 2054 4060 motus
2086 4010 2144 4061 et

483 4089 872 4166 cogitationes
903 4088 974 4148 ad
1009 4089 1119 4150 hoc
1147 4089 1384 4167 dirigite
1415 4100 1476 4150 ut
1508 4088 1627 4150 Deo
1654 4089 1960 4168 placeatis.
1995 4089 2139 4150 Nam

481 4181 593 4240 etsi
646 4179 862 4239 multos
894 4179 1204 4254 latcamus,
1238 4191 1299 4240 et
1331 4179 1471 4240 boni
1531 4198 1664 4240 esse
1715 4179 2049 4259 videamur,
2081 4189 2141 4240 at

482 4268 648 4330 illum
705 4269 946 4349 quidem
981 4277 1144 4330 certe
1201 4268 1447 4330 omnino
1498 4269 1644 4330 nihil
1679 4269 1884 4330 latebit
1930 4288 2136 4330 eorum

483 4378 615 4438 quae
647 4369 847 4420 nostra
878 4367 1038 4419 sunt.
1075 4380 1103 4419 ‹
1141 4357 1286 4420 Nam
1322 4361 1500 4420 homo
1529 4359 1797 4435 quidem,
1832 4359 2045 4439 inquit,
2078 4361 2138 4419 in

483 4448 719 4519 faciem,
755 4447 918 4509 Deus
941 4454 1136 4510 autem
1172 4449 1243 4508 ad
1267 4451 1511 4511 θοι-13.»
1553 4451 1675 4510 Hoc
1701 4466 1942 4528 quoque
1969 4449 2137 4510 Scri—

2235 595 2418 670 χερσὶν
2466 594 2676 651 ἅπασαν
2723 595 2976 650 ἀπειπεῖν
3021 596 3307 670 σωτηρίαν,
3357 593 3539 662 ἐπειδὴ
3583 598 3672 652 τὸν
3715 596 3890 674 πὲγαν

2237 681 2498 738 Νικόλαον
2551 682 2728 748 ὀξεῖαν
2760 683 2812 738 ἐν
2872 683 3051 740 τοῖσδε
3082 697 3198 744 τοῖς
3249 680 3375 760 παρ’
3407 683 3590 741 ἐλπίδα
3633 688 3888 761 βοήθειαν

2234 771 2334 826 ὑπὸ
2373 772 2462 839 τῆς
2517 774 2703 851 φήμης
2755 772 3068 846 ἐμάνθανον,
3101 771 3216 829 ὅλοι
3257 779 3352 840 τῆς
3398 777 3526 852 πρὸς
3580 777 3738 832 αὐτὸν
3789 775 3890 831 ἐλ-

2237 859 2383 926 πίδος
2438 862 2718 938 ἐκκρεμεΐς
2756 866 2914 937 ἦσαν,
2962 863 3144 919 τοῦτόν
3185 884 3241 918 τε
3290 870 3484 941 νοερῶς
3544 864 3891 930 ἐξεκαλοῦντο

2235 952 2372 1006 κατὰ
2429 952 2522 1009 τού
2591 951 2879 1032 κλύδωνος,
2938 954 3026 1008 καὶ
3067 955 3210 1027 αὐτῷ
3250 954 3344 1018 τὰς
3409 967 3601 1033 χεῖρας
3646 955 3887 1030 ἐκθυμως

2235 1040 2457 1120 ὤρεγον,
2510 1043 2596 1099 καὶ
2639 1040 2808 1117 μόνης
2870 1039 3138 1121 ἑξείχοιτο
3177 1041 3277 1108 τῆς
3336 1044 3461 1117 παρ’
3537 1046 3689 1100 αὐτοῦ
3740 1047 3886 1121 βοη-

2232 1131 2395 1195 θείας.
2440 1133 2534 1188 Καὶ
2589 1132 2645 1193 ὃς
2692 1129 2807 1188 ούδέ
2865 1133 3040 1211 βραχὺ
3085 1130 3361 1205 μελλήσας
3422 1133 3758 1204 ἐπιπηδήσας
3816 1139 3893 1210 τῇ

2235 1224 2328 1286 νηὶ
2375 1220 2576 1291 ἐπάνω,
2613 1222 2698 1276 καὶ
2744 1223 2965 1300 φανερὸς
3022 1235 3137 1285 τοῖς
3187 1220 3303 1277 ἐκεῖ
3347 1223 3634 1298 γενόμενος
3678 1222 3883 1303 ὀφθαλ-

2232 1324 2383 1388 μοῖς,
2417 1309 2572 1384 Ἰδοὺ,
2619 1309 2917 1380 κεκλήκατὲ
2971 1333 3058 1382 με,
3095 1313 3247 1389 φησὶ,
3294 1315 3379 1367 καὶ
3427 1312 3707 1388 βοηθήσων
3753 1315 3890 1388 ὑμῖν

2231 1401 2473 1476 πάρειμι.
2551 1410 2682 1458 Εἶτα
2739 1404 2824 1456 καί
2883 1399 3092 1478 θαῤῥεϊν
3151 1402 3337 1465 αὐτοῖς
3405 1400 3889 1478 διακελευσάμενος

2230 1497 2321 1546 τοῦ
2379 1487 2638 1555 πηδαλίου)
2695 1511 2749 1545 τε
2806 1487 3132 1563 ἐλαμϐάνετο
3177 1491 3276 1546 δπὸ
3314 1492 3412 1557 τὴν
3464 1492 3676 1548 πάντων
3733 1492 3886 1570 ὄψιν,

2234 1578 2320 1632 καὶ
2377 1580 2545 1653 ταύτῃ
2601 1579 2700 1644 τὴν
2747 1587 2868 1635 ναῦν
2927 1580 3113 1635 ἰθύνειν
3172 1587 3371 1655 τρανῶς
3424 1579 3697 1661 ἐϐλέπὲτο,
3753 1585 3890 1660 πρὸς

2235 1667 2446 1732 ταύτοις
2522 1668 2608 1723 καὶ
2679 1674 2744 1744 τῇ
2815 1667 3054 1745 Θαλάσσῃ
3126 1668 3474 1750 ἐπιτιμήσας,
3549 1673 3642 1735 τὰς
3710 1693 3891 1747 τρικυ-

2235 1758 2356 1831 μίας
2391 1761 2575 1820 αὺτοῖς
2622 1759 2858 1819 καὶτοὺς
2918 1757 3221 1836 στροϐίλους
3279 1761 3364 1814 καὶ
3419 1762 3484 1816 τὰ
3541 1757 3677 1817 ἄλλα
3731 1763 3797 1817 τὰ
3827 1761 3891 1818 ἐκ

2234 1855 2324 1903 τοῦ
2379 1854 2652 1926 χειμῶνος
2732 1849 2957 1922 κοιμίζει
3012 1849 3175 1926 κακὰ,
3207 1849 3386 1925 ὥσπερ
3439 1850 3493 1905 δὲ
3553 1852 3638 1907 καὶ
3683 1852 3712 1906 ὁ
3753 1850 3886 1925 ἐμὸς

2235 1937 2439 2003 Ἰησους
2507 1939 2784 2015 πρότερον,
2847 1940 2933 1992 καὶ
2991 1938 3156 2000 οὕτως
3210 1937 3408 2014 ἥμερον
3462 1941 3546 1995 καὶ
3591 1939 3888 2016 εὖγςέληνον

2233 2027 2448 2090 ἐκείνοις
2475 2029 2566 2081 τὸν
2627 2026 2792 2083 πλοῦν
2836 2025 3065 2088 δίδωσιν,
3125 2030 3220 2091 ἐὶς
3267 2028 3355 2083 οὖν
3412 2031 3566 2103 πράῳ
3609 2034 3686 2101 τῷ
3728 2031 3893 2086 πνεύ-

2233 2139 2360 2191 ματι
2427 2116 2746 2194 φερομένοὸς
2804 2119 2838 2184 ἡ
2904 2117 3103 2194 χέρσος
3180 2121 3364 2180 αὖτοὺς
3425 2117 3721 2198 ἐξεδέχετο,
3785 2127 3887 2186 τῆς

2233 2208 2358 2272 νηὸς
2452 2205 2848 2286 ὰποϐαίνοντες,
2923 2209 3013 2263 τὸν
3085 2204 3413 2262 διασώσαντα
3486 2217 3580 2264 τοῦ
3647 2207 3892 2267 κινδύνου

2233 2297 2517 2373 ἠπείγοντο
2573 2298 2808 2374 φθάνειν,
2875 2301 3007 2353 Εἶτα
3079 2297 3338 2370 μαθόντες
3397 2299 3469 2360 είς
3516 2298 3615 2364 τὴν
3686 2299 3894 2368 ἐκκλη-

2235 2388 2351 2440 σίαν
2409 2385 2564 2441 αὖτὸν
2607 2386 2881 2465 οἴχεσθαι,
2916 2386 3099 2442 ἄπίασι
3161 2387 3302 2465 παρὰ
3343 2388 3434 2442 τὸν
3479 2388 3625 2447 ναόν.
3677 2377 3738 2446 Ὀ
3791 2392 3892 2464 μὲν

2233 2476 2321 2530 οὖν
2374 2475 2530 2552 μέρος
2579 2476 2765 2533 ἑαυτὸν
2809 2483 2903 2532 τοῦ
2948 2475 3148 2553 κλήρου
3199 2475 3452 2546 ποιήσας,
3487 2479 3722 2547 εἱσυήκει
3771 2494 3890 2544 τοῖς

2235 2554 2459 2616 πολλοῖς
2505 2554 2712 2628 ὅμοιος·
2764 2559 2809 2611 οἱ
2854 2554 2908 2611 δὲ
2951 2559 3024 2620 ὡς
3085 2554 3344 2613 ἐπέϐαλον
3389 2561 3530 2630 αὖτῷ
3586 2559 3679 2622 τὰς
3736 2559 3886 2636 ὄψεις

2234 2647 2402 2720 μήπω
2462 2646 2664 2708 τούτοις
2708 2646 2992 2720 γνωσθέντι
3038 2647 3316 2724 πρότερον,
3374 2645 3468 2702 ἀπ’
3542 2650 3705 2714 αὖτῆς
3759 2656 3883 2727 γοῦν

2232 2743 2330 2803 τῆς
2390 2737 2442 2793 ἐν
2503 2745 2577 2810 τῷ
2638 2735 2860 2814 πελάγει
2908 2736 3215 2815 ἐπιφανείας
3273 2738 3630 2814 ἀνεγίνωσκόν
3687 2759 3740 2793 τε
3792 2740 3876 2794 καὶ

2233 2829 2305 2888 εἷς
2359 2827 2566 2884 ἐκεῖνον
2619 2827 2761 2890 εὐθὺς
2816 2826 3092 2904 ἀνέφτρον,
3149 2828 3236 2884 καὶ
3278 2825 3722 2905 προσδραμόντες,
3753 2849 3877 2905 προ-

2229 2917 2486 2974 σὲπιπτον
2548 2919 2702 2973 αὒτοῦ
2759 2929 2878 2978 τοῖς
2936 2917 3081 2987 ποσὶ,
3140 2917 3228 2972 καὶ
3286 2929 3402 2978 τοῖς
3462 2916 3671 2996 χείλεσι
3727 2920 3878 2974 τοῦτο

2230 3009 2325 3082 μὲν
2383 3008 2704 3081 ἧτπάζοντο,
2757 3013 2912 3062 τοῦτο
2969 3003 3022 3061 δὲ
3085 3008 3172 3061 καὶ
3216 3006 3537 3086 ἐφθέγγοντο
3571 3009 3886 3088 εὖχάριστόν

2229 3121 2301 3171 τι,
2365 3099 2452 3154 καὶ
2497 3095 2741 3174 δάκρυσιν
2797 3094 2990 3163 ἡδονῆς
3055 3097 3466 3176 κεκερασμένον,
3516 3099 3591 3150 ὦν
3637 3119 3694 3152 τε
3748 3097 3886 3154 ἔπα-

2229 3193 2314 3244 θον
2378 3187 2832 3263 μιμνησκόμενοι,
2892 3187 2980 3241 καὶ
3032 3184 3181 3248 ὅπως
3239 3189 3473 3263 ῥεδσθεῖεν
3528 3185 3724 3260 σφόδρα
3777 3209 3879 3243 πε-

2229 3280 2468 3356 ριχαριῦς
2526 3275 2893 3352 ἐξηγούμενοι·
2961 3274 3145 3331 ἔπειτα
3176 3277 3262 3332 καὶ
3307 3288 3423 3338 τοῖς
3469 3283 3689 3352 παροῦσι
3744 3276 3878 3332 κατὰ

2230 3369 2388 3445 μέρος
2421 3368 2485 3422 τὰ
2517 3374 2609 3422 τοῦ
2653 3367 2969 3442 πράγματος
3000 3363 3304 3444 διηγοῦντο.

2313 3456 2443 3518 ΚΘ’.
2524 3455 2582 3512 ’0
2674 3457 2973 3529 θαυμαστὸς
3063 3457 3234 3513 τοίνυν
3307 3453 3560 3517 Νικόλαος

2227 3548 2429 3624 ῥύεσθαι
2490 3555 2584 3603 τοῦ
2633 3544 2728 3611 τῆς
2779 3550 2964 3624 ψυχῆς
3010 3545 3114 3624 οὐχ
3158 3550 3319 3614 ἦττον
3373 3543 3545 3620 εἰδὼς,
3579 3546 3608 3600 ὃ
3651 3547 3739 3601 καὶ
3787 3551 3888 3613 τῆς

2226 3638 2469 3698 πλείονος
2531 3635 2736 3710 μᾶλλον
2783 3636 2928 3702 ἠξίου
2989 3634 3281 3715 φροντίδος,
3327 3635 3512 3703 ἐπειδὴ
3561 3642 3640 3708 τῷ
3701 3633 3890 3715 διορα-

2225 3735 2360 3801 τικῷ
2442 3735 2528 3784 τοῦ
2597 3727 2901 3800 πνεύματος
2975 3725 3233 3803 ὀφθαλμῷ
3318 3727 3622 3806 μοχθηρίαν
3700 3731 3889 3787 αὐτοῖς

2227 3817 2640 3890 ὑποκαθημένην
2699 3817 2863 3893 ἑώρα,
2927 3814 3108 3892 πόῤῥω
3177 3818 3308 3872 Θεοῦ
3364 3817 3452 3872 καὶ
3522 3821 3628 3872 τῶν
3685 3815 3892 3873 ἐκείνου

2228 3906 2525 3984 βάλλουσαν
2586 3906 2841 3984 ἐντολῶν,
2876 3904 3167 3981 Ἐπίγνωτε
3228 3905 3467 3977 ἑαυτοὺς,
3503 3904 3717 3983 ἐφώνει,
3763 3904 3887 3964 δέο-

2227 4021 2345 4072 μαι,
2382 3997 2563 4075 τέκνα,
2598 3997 2876 4072 ἐπίγνωτε,
2917 3996 3002 4050 καὶ
3060 3995 3154 4056 τὰς
3204 3993 3415 4070 καρδίας
3473 3996 3619 4069 ὑμῶν
3678 3997 3764 4051 καὶ
3824 3998 3892 4052 τὰ

2225 4096 2317 4146 τοῦ
2375 4089 2465 4143 νοῦ
2512 4084 2783 4157 κινήματα
2830 4105 2887 4140 τε
2945 4085 3033 4139 καὶ
3079 4080 3414 4157 διανοήματα
3467 4086 3540 4144 εἰς
3591 4083 3892 4159 εὖαρέστη-

2225 4201 2306 4234 σιν
2380 4177 2701 4235 ἀπευθύνατε
2774 4182 2867 4230 τοῦ
2923 4175 3074 4232 Θεοῦ.
3139 4173 3246 4232 Κᾶν
3319 4175 3419 4252 γὰρ
3478 4175 3600 4236 τοὺς
3659 4173 3895 4243 πολλοὺς

2225 4267 2496 4328 λανθάνειν
2556 4266 2780 4342 ἔχομεν,
2815 4265 2843 4319 ὃ
2887 4265 2948 4320 τὸ
2988 4269 3093 4318 πᾶν
3151 4263 3205 4318 ἐν
3235 4271 3312 4337 τῷ
3369 4285 3433 4319 τα
3482 4263 3653 4342 φαῦλα
3708 4265 3894 4340 πράτ-

2224 4380 2329 4414 τειν
2399 4357 2541 4412 εἶναι
2616 4356 2926 4429 νομίζομεν,
2985 4356 3070 4410 καὶ
3143 4356 3375 4432 χρηστοὶ
3441 4353 3704 4425 δοκῶμεν,
3763 4353 3897 4411 ἀλλ’

2224 4448 2431 4504 ἐκεῖνον
2461 4445 2600 4506 ὅλως
2650 4442 2795 4500 ossa»
2827 4442 3096 4520 διαφεύγει
3130 4444 3235 4499 τῶν
3293 4444 3592 4522 ἡμετέρων.
3661 4467 3688 4498 α
3723 4442 3887 4501 "Av-

3646 3453 3887 3513 κινδύνου

486 4547 714 4616 pturam
748 4537 1059 4598 audivistis
1111 4538 1455 4598 dicentem:
1505 4563 1531 4593 α
1568 4540 1658 4600 Ne
1697 4538 1924 4598 faciatis
1957 4539 2130 4614 mala,

2230 4542 2425 4614 θρωπος
2484 4536 2581 4602 μὲν
2624 4536 2727 4612 γὰρ
2778 4536 2852 4597 εἷς
2911 4534 3219 4611 πρόσωπον,
3261 4557 3282 4590 ο
3349 4535 3538 4613 φησὶν,
3589 4554 3612 4588 ι
3650 4535 3782 4596 Θεός
3834 4533 3895 4591 δὲ

488 4636 545 4687 et
576 4645 678 4686 vos
704 4646 820 4687 non
855 4627 1364 4706 comprehendant
1400 4627 1559 4688 mala
1591 4629 1666 4686 η.
1702 4656 1721 4680 ιι
1759 4627 1977 4688 Discite
2009 4645 2142 4688 vero

485 4715 682 4795 potius
729 4716 1106 4791 benefacere,
1165 4720 1227 4778 et
1269 4717 1541 4797 corporis
1593 4716 2135 4779 sanctiﬁcationem

486 4815 606 4866 toto
629 4825 910 4868 exercere
937 4807 1263 4886 proposito.
1309 4806 1461 4867 ινοε
1493 4808 1651 4870 enim
1683 4807 1824 4868 estis
1854 4809 2140 4888 templum

482 4897 614 4958 Dei.
671 4895 783 4968 Qui
815 4904 1012 4957 autem
1061 4897 1382 4972 corrumpit
1426 4897 1538 4958 hoc
1586 4896 1898 4978 templum,
1935 4897 2146 4978 perdet

482 5004 617 5054 eum
650 4988 868 5048 Deus.»
900 4983 1038 5047 llazc
1061 4985 1205 5046 dicit
1229 4985 1462 5047 divinus
1479 4985 1694 5047 Paulus
1714 4987 1788 5048 *3.
1821 4987 1917 5049 Sic
1943 4987 2140 5067 facile,

482 5084 541 5134 et
594 5075 670 5137 de
704 5085 920 5137 caetero
974 5075 1159 5136 Deum
1220 5075 1517 5136 habebitis
1565 5075 1924 5154 adjutorem.
1961 5076 2142 5138 Suffi-

485 5165 648 5226 ciunt
681 5167 824 5226 mihi
883 5166 1010 5226 haec
1065 5183 1197 5244 quae
1248 5165 1407 5226 dicta
1436 5175 1574 5226 sunt
1625 5168 1697 5227 ad
1740 5166 2144 5227 ostendendas

485 5274 630 5333 opes
653 5254 870 5334 quibus
893 5254 995 5315 ille
1018 5272 1050 5313 a
1079 5257 1198 5316 Deo
1222 5268 1348 5314 erat
1373 5253 1912 5334 locupletatus.Sed
1936 5255 2139 5317 nescio

489 5344 784 5424 quomodo
846 5344 976 5421 ejus
1027 5344 1274 5413 mentio,
1323 5364 1432 5406 nec
1486 5346 1580 5406 hic
1632 5345 1870 5425 quidem
1921 5346 2140 5426 patitur

485 5435 700 5495 sistere
751 5435 1134 5494 orationem:
1185 5435 1288 5495 sed
1343 5435 1457 5495 nisi
1508 5455 1577 5498 ea
1630 5455 1763 5517 quze
1818 5445 2140 5516 supersunt

484 5524 791 5602 adjecerit,
833 5524 1115 5584 damnum
1151 5525 1466 5586 ducitesse
1502 5527 1849 5590 maximum.

2229 4629 2300 4689 εἷς
2346 4623 2578 4701 καρδίαν.
2616 4647 2638 4682 ιι
2692 4623 2984 4680 Ἠκούσατε
3029 4625 3126 4689 τῆς
3185 4629 3396 4703 Γραφῆς
3443 4625 3530 4680 καὶ
3576 4633 3731 4683 τοῦτο
3790 4623 3896 4682 λε-

2231 4718 2449 4794 γούσης.
2507 4739 2530 4768 ιι
2570 4716 2655 4781 Μὴ
2689 4727 2897 4770 ποιεῖτε
2929 4715 3090 4784 κακὰ,
3127 4714 3214 4769 καὶ
3247 4714 3305 4769 οὗ
3336 4714 3414 4789 μὴ
3441 4712 3719 4789 καταλάϐῃ
3747 4715 3894 4788 ὑμᾶς

2227 4809 2292 4863 τὰ
2320 4807 2478 4868 κατά,
2518 4829 2545 4861 ιι
2586 4806 2655 4862 Εὖ
2705 4803 2757 4860 δὲ
2785 4818 2964 4861 ποιεϊι
2995 4804 3200 4878 μᾶλλον
3231 4805 3496 4879 ἐπιμὸνως
3529 4803 3892 4882 σπουδάσατε,

2229 4901 2313 4954 καὶ
2361 4899 2451 4952 τὸν
2499 4897 2761 4972 ἁγιασμὸν
2813 4898 2904 4950 τοῦ
2964 4895 3210 4965 σώματος
3279 4894 3380 4970 ὅλῃ
3415 4895 3668 4972 *προθέσει
3718 4917 3897 4970 μεταο

2227 4986 2468 5053 διώξατε.
2548 4970 2756 5051 ima;
2817 4985 2915 5061 γὰρ
2975 4986 3140 5058 ἡμεῖς
3201 4991 3356 5048 Θεοῦ.
3412 4970 3506 5048 ηΟς
3565 4984 3619 5040 δὲ
3691 4985 3898 5064 φθείρει

2225 5081 2318 5134 τὸν
2369 5079 2494 5132 ναὸν
2544 5076 2635 5132 τοῦ
2686 5081 2838 5137 Θεοῦ,
2879 5099 2905 5128 »
2973 5073 3176 5140 Παῦλος
3222 5075 3388 5131 ταῦτά
3425 5097 3589 5155 φησιν
3639 5078 3667 5132 ὁ
3711 5079 3897 5157 θεῖος,

2235 5191 2256 5224 ε
2292 5167 2474 5249 φθερεῖ
2506 5167 2688 5223 τοῦτον
2713 5168 2740 5221 ὁ
2770 5166 2922 5229 Θεός.
2964 5188 2988 5219 n
3040 5164 3192 5221 031w
3221 5179 3454 5246 ποιεῖτε,
3488 5166 3574 5222 καὶ
3605 5168 3667 5222 τὸ
3697 5165 3900 5224 λοιπὸν

2223 5258 2364 5325 ἕξετε
2424 5258 2617 5332 βοηθὸν
2647 5255 2862 5334 ἄμαχον
2906 5257 2997 5310 τὸν
3043 5255 3196 5316 Θεὸν.
3260 5256 3462 5333 ’Ἤρκει
3495 5257 3560 5310 τὰ
3621 5256 3892 5334 εἰρημένα

2225 5351 2290 5419 ἢν
2349 5350 2498 5412 οὗτος
2543 5345 2788 5401 ἐπλούτει
2843 5346 2984 5420 παρὰ
3044 5354 3175 5402 Θεοῦ
3222 5345 3417 5422 ῥοπὴν,
3449 5345 3642 5408 ἱκανῶς
3700 5368 3890 5421 παρα-

2223 5445 2446 5505 στῆσαι.
2515 5433 2669 5490 Ἀλλ’
2704 5435 2798 5490 οὒκ
2859 5432 2967 5490 οἷδ’
3015 5434 3159 5500 ὅπως
3211 5439 3245 5503 ἡ
3307 5437 3423 5508 περὶ
3474 5435 3632 5491 αὒτοῦ
3682 5435 3890 5510 μνώμη

2222 5528 2328 5587 οὐδ’
2375 5528 2593 5582 ἐνταῦθα
2644 5530 2836 5592 στῆσαι
2887 5527 2974 5582 τὸν
3015 5524 3172 5604 λόγον
3237 5525 3517 5606 ἀνέχεται,
3551 5524 3670 5581 ἀλλ’
3705 5528 3749 5581 εἰ
3808 5529 3890 5601 μή

484 5617 574 5670 καὶ
601 5615 663 5669 τὰ
696 5613 987 5690 λειπόμενα
1021 5616 1330 5692 προσθήσει,
1363 5618 1557 5692 ζημίαν
1590 5617 1785 5675 τίθεται
1827 5621 1925 5686 τὴν
1959 5621 2246 5698 μεγίστην,

565 5733 618 5778 ¹³
649 5737 669 5799 1
699 5734 855 5813 Reg.
890 5750 1014 5812 xw,
1043 5737 1104 5803 7.
1191 5734 1244 5778 “
1271 5734 1442 5799 Joan.
1478 5754 1583 5814 xu,
1617 5741 1719 5803 35.

1809 5738 1859 5783 ¹⁵
1889 5742 1913 5804 Ι
1943 5738 2078 5803 Cor.
2115 5759 2201 5823 ιιι,
2242 5739 2340 5803 t6.
