4136 6482
266 361 374 434 353
1481 360 1526 385 "
1621 359 1808 428 VITA
1855 363 1915 426 S.
1967 356 2302 428 NICOLAI.
3539 353 3652 429 354

345 502 427 561 ιν.
458 499 626 578 Λόγος
657 499 759 577 γὰρ
810 520 891 560 τις
931 497 993 555 ἐκ
1053 507 1260 579 μακροῦ
1313 506 1405 555 τοῦ
1461 500 1658 578 χρόνου
1717 498 1812 556 καί
1842 499 1973 560 εἰςΑ

2079 495 2261 560 XXX.
2297 496 2552 569 Quidam
2594 496 2752 558 enim
2812 515 3016 559 sermo
3077 496 3152 559 ab
3208 497 3469 578 antiquis
3527 498 3650 560 uti-

267 597 408 670 ἡμᾶς
487 590 748 671 φοιτήσας
822 590 915 643 τὸν
991 588 1255 665 μακάριον
1323 589 1532 645 τουτονὶ
1604 586 1900 666 παραδίδωτ

2021 604 2119 665 lue
2151 586 2522 665 temporibus
2552 585 2848 666 repetitus
2873 586 2944 648 ad
2982 605 3086 646 nos
3117 586 3386 661 veniens,
3422 586 3654 648 descri—

270 681 616 757 πρεσϐυτικὸν
675 679 775 753 μξν
833 680 895 733 τὸ
948 679 1102 749 ἦθος,
1163 676 1449 755 ἁγγελικὸν
1505 675 1560 732 δὲ
1620 678 1718 744 τὴν
1770 678 1903 737 θέαν,

2024 677 2092 736 ιίι
2117 677 2276 738 hunc
2308 675 2546 738 beatum
2575 677 2842 738 moribus
2893 675 3138 752 quidem
3178 675 3455 751 senilem,
3487 694 3657 755 aspe-

272 776 533 852 ἁγιασιιοῦ
593 768 647 824 δε
709 771 798 824 καὶ
855 764 1079 848 χάριτος
1136 765 1495 825 ἀποπνέονταο
1555 768 1643 822 καὶ
1705 769 1802 845 ὡς,
1865 767 1905 822 εἲ

2016 772 2102 826 stu
2132 773 2328 827 autem
2362 766 2720 844 angelicum,
2760 766 3084 845 Spirantem
3116 785 3255 827 vero
3311 766 3649 828 sanctifica-

271 886 348 925 τις
402 863 590 932 ἐκείνῳ
646 861 734 915 καὶ
799 859 970 934 ψιλῶς
1028 857 1248 934 ἐντύχοι
1305 856 1482 924 πολλὴ
1538 863 1613 931 τῷ
1643 857 1904 937 ἐντυχόντι

2020 855 2226 916 .ionem
2256 863 2313 916 et
2376 855 2634 917 divinam
2691 855 2962 936 gratiam.
3028 857 3212 918 Porro
3270 866 3467 916 autem
3527 857 3653 919 haec

261 949 602 1030 παραχρῆμα
632 949 724 1004 καὶ
753 945 838 1003 διὰ
867 945 1038 1022 μόνης
1097 942 1302 1012 δηλαδὴ
1357 951 1455 1012 τῆς
1512 945 1633 1010 θέας
1690 945 1888 1002 ἐπίδοσί

2022 963 2241 1024 ιυοιιυε
2264 949 2338 1006 de
2372 964 2443 1006 eo
2472 945 2705 1027 adjicit,
2730 945 2884 1025 quod
2915 947 2964 1006 si
3001 945 3212 1026 quisin
3235 963 3370 1006 eum
3401 945 3655 1008 incidis-

253 1064 312 1099 τε
344 1042 483 1119 πρὸς
539 1039 603 1095 τὸ
649 1037 861 1114 βέλτιον
915 1035 1001 1092 καὶ
1040 1031 1310 1110 μεταϐολή
1362 1057 1442 1099 τις
1490 1034 1714 1112 ἐγίνετο.
1752 1036 1886 1092 Καὶι

2024 1043 2114 1107 :et,
2143 1033 2196 1094 ei
2233 1035 2334 1115 qui
2367 1035 2686 1109 inciderat,
2718 1053 2788 1096 ex
2819 1034 2948 1096 solo
2979 1035 3109 1113 ejus
3139 1047 3410 1114 aspectu,
3446 1054 3657 1114 magna

257 1131 299 1187 δ’
364 1131 425 1187 ἂν
480 1132 706 1207 ὑπῆρχε
769 1128 918 1183 πάθει
971 1126 1075 1180 τινὶ
1134 1125 1220 1180 καὶ
1283 1123 1423 1202 λύπῃ
1481 1127 1791 1204 βαρύνεσθαι
1823 1127 1890 1193 τὴ

2015 1122 2184 1184 [iebat
2217 1124 2288 1185 ad
2324 1123 2382 1184 id
2418 1125 2575 1204 quod
2603 1133 2693 1185 est
2724 1124 2938 1185 melius
2968 1125 3255 1196 accessio,
3293 1133 3352 1185 et
3382 1128 3648 1189 mutatio.

257 1222 472 1299 ψυχὴν,
503 1221 689 1291 οὗτος,
723 1218 764 1272 si
798 1215 896 1272 καί
952 1215 1113 1289 μόνον
1171 1215 1313 1288 αὐτῷ
1368 1214 1677 1290 ἆτενίσειεν,
1733 1219 1890 1282 ἱκανῆ

2020 1213 2424 1294 Unusquisque
2445 1232 2586 1274 vero
2606 1214 2776 1293 cujus
2805 1214 3250 1295 animusaliquo
3269 1215 3653 1294 premebatur

258 1289 497 1366 ἀπέλαϐε
558 1314 658 1365 τοῦ
712 1307 1000 1368 λυποῦντος
1059 1308 1414 1383 παραψυχῆς,
1480 1302 1685 1380 Ἐξῇειν
1736 1302 1791 1360 δὲ
1833 1327 1891 1361 κα

2020 1289 2212 1364 lolore
2271 1289 2341 1363 et.
2392 1289 2833 1384 pertubatione,
2883 1323 3016 1364 cum
3063 1289 3168 1364 vel
3200 1289 3390 1365 solum
3424 1305 3482 1365 in
3514 1323 3653 1366 eum

256 1422 335 1464 τις
391 1398 712 1477 ὺπέρφωτος
771 1394 1018 1471 ἀστραπὴ
1074 1399 1174 1460 τῆς
1235 1393 1437 1449 ἐκείνου
1491 1394 1634 1473 θέας,
1694 1396 1783 1450 καὶ
1860 1416 1887 1450 τ

2017 1393 2293 1455 iiﬁxisset
2325 1394 2555 1466 oculos,
2591 1395 2731 1454 satis
2769 1412 3044 1472 magnum
3091 1394 3428 1454 inveniebat
3461 1396 3650 1456 mole-

254 1489 556 1567 πρόσωπον
611 1485 927 1559 κατέλαμπε
985 1481 1192 1557 μᾶλλον
1251 1481 1286 1549 ἤ
1337 1485 1399 1539 τὸ
1426 1484 1682 1549 Μωσέως,
1722 1484 1788 1540 Εἴ
1823 1505 1887 1539 πο

2020 1483 2099 1544 ιίω
2127 1483 2428 1546 solatium.
2472 1483 2554 1544 Ex
2589 1485 2720 1562 ejus
2750 1503 2988 1564 quoque
3017 1484 3178 1544 vultu
3212 1483 3504 1545 emicabat
3534 1485 3653 1546 ful-

253 1581 435 1636 τοίνυν
496 1575 736 1651 συμϐαίη
809 1581 916 1630 τῶν
985 1571 1298 1651 ἑτεροδόξων
1370 1573 1512 1646 αὐτῷ
1584 1595 1732 1637 τινας
1804 1577 1886 1630 καί

2019 1591 2111 1651 gor
2140 1573 2382 1652 quidam
2414 1591 2596 1652 supra
2629 1574 2868 1634 modum
2899 1573 3250 1649 luminosus,
3281 1581 3339 1634 et
3361 1575 3491 1652 ejus
3513 1575 3652 1636 illu-

261 1666 382 1723 aes»
443 1665 740 1736 συνελθεῖν,
804 1662 968 1738 μόνον
1025 1664 1070 1718 εἰ
1130 1665 1226 1730 τῆς
1279 1661 1478 1718 ἐκείνου
1523 1661 1764 1739 γλυκείας
1795 1663 1894 1719 ἀπε

2022 1665 2230 1723 strabat
2263 1663 2474 1724 faciem
2511 1663 2826 1744 plusquam
2883 1665 3084 1726 Mosis.
3120 1663 3180 1725 Si
3215 1663 3414 1743 itaque
3461 1665 3655 1726 conti-

265 1756 473 1812 λαυσαν
508 1755 780 1834 γλώττης,
814 1754 958 1817 εὐθὺς
990 1752 1233 1828 ἀπῄεσαν
1290 1752 1388 1818 τὴν
1444 1754 1506 1808 ἐκ
1555 1750 1752 1808 παίδων
1795 1775 1898 1809 συν-

2021 1752 2187 1829 ςὶεεθι
2215 1753 2446 1833 aliquos
2477 1771 2544 1813 ex
2580 1753 2651 1814 iis
2683 1753 2784 1834 qui
2835 1761 3004 1814 erant
3057 1753 3306 1814 diverste
3357 1763 3535 1815 sectze
3565 1755 3654 1816 vel

276 1844 600 1910 αυξηθεϊσαν
655 1846 835 1906 αὺτοῖς
889 1842 1097 1919 αἵρεσιν
1159 1838 1617 1922 ἀποϐεϐληκότες,
1677 1842 1772 1899 καί
1829 1844 1909 1899 τὸι

2010 1841 2066 1902 in
2097 1842 2187 1902 via
2237 1861 2370 1903 cum
2419 1861 2489 1903 eo
2521 1843 2830 1919 congredi,
2890 1844 2940 1903 si
2996 1841 3374 1904 solummodo
3405 1863 3643 1906 suavem

276 1936 442 2011 ὀρθὸν
497 1939 597 2000 τῆς
651 1932 885 2000 ίιληθείας
946 1930 1107 2009 λόγον
1166 1931 1648 2007 ἐνστερνισάμενοι.
1707 1934 1770 1990 '0
1825 1933 1909 2006 μὲι

2019 1931 2165 1993 illius
2196 1932 2456 2010 linguam
2496 1933 2848 2006 sensissent,
2885 1933 3076 1994 statim
3101 1931 3343 1994 abibant
3361 1933 3652 2012 abjicien-

273 2026 372 2080 οὖν
436 2021 578 2080 οὕτω
627 2019 914 2100 βεϐιωκὼς,
971 2022 1058 2077 καὶ
1111 2019 1392 2096 λαμπρῶς,
1443 2022 1577 2078 κατά
1610 2043 1672 2100 γε
1702 2024 1793 2078 τὸν
1824 2027 1906 2089 τῆς

2018 2030 2096 2083 tes
2111 2023 2386 2083 haeresim
2407 2022 2674 2102 quasillis
2698 2023 3050 2084 coaluerata
3077 2025 3279 2102 pueris
3305 2040 3317 2080 :
3349 2031 3407 2084 et
3427 2034 3651 2086 rectam

267 2113 470 2191 ἀρετῆς
497 2111 678 2188 λόγον,
715 2113 798 2188 καὶ
848 2111 1074 2175 ἀστείως
1124 2109 1598 2185 πολιτευσάμενος,
1670 2113 1756 2168 καὶ
1805 2112 1900 2168 οἶόν

2021 2111 2268 2173 veritatis
2297 2112 2590 2174 rationem
2627 2121 2748 2174 toto
2782 2120 3025 2193 pectore
3079 2111 3491 2174 admittebant.
3546 2113 3654 2178 Ille

262 2223 307 2257 τι
341 2201 517 2277 μόρον
553 2198 763 2266 ἥδιστον
793 2201 882 2256 καὶ
938 2199 1293 2276 προσαγωγὸν
1349 2197 1404 2254 ἐν
1431 2198 1574 2276 μέσῃ
1606 2201 1672 2274 τῇ
1703 2198 1892 2272 Μυρὲω

2022 2218 2147 2278 πει)
2179 2219 2317 2262 cum
2378 2199 2462 2262 sic
2528 2201 2797 2277 vixisset,
2851 2210 2909 2263 et
2957 2220 3026 2262 ex
3065 2201 3299 2264 virtutis
3329 2203 3562 2265 ratione
3591 2223 3655 2267 se

248 2293 373 2354 τοὺς
431 2289 687 2352 συνόντος
747 2289 993 2367 μυρίσας,
1051 2287 1319 2364 βαθύτατα
1391 2309 1448 2343 τε
1517 2289 1785 2366 γηράσας,
1835 2311 1881 2344 κε

2020 2290 2290 2367 praeclare
2315 2292 2637 2369 gessisset:
2673 2300 2730 2353 et
2762 2309 2900 2353 vere
2929 2291 3196 2372 jucundo
3229 2299 3285 2352 et
3342 2299 3502 2354 suavi
3537 2314 3653 2356 un-

255 2381 472 2459 πλήρης
499 2381 724 2456 ἡμερῶν
753 2383 862 2435 τῶν
910 2399 970 2434 τε
1001 2379 1153 2434 θείων
1185 2378 1273 2434 καὶ
1330 2384 1435 2435 τῶν
1493 2376 1768 2452 λυομένων
1823 2377 1884 2456 γέ

2018 2387 2251 2458 ςυθιιῑο,
2287 2380 2540 2441 mediam
2563 2381 2917 2462 Myrensium
2949 2381 3271 2454 civitatem,
3295 2380 3651 2466 divinarum,

266 2470 511 2545 νόμενος,
572 2469 692 2525 ἐπεὶ
743 2470 833 2526 καὶ
896 2468 1053 2525 αὐτὸν
1112 2466 1387 2547 ἄνθρωπον
1461 2466 1611 2543 ὄντα,
1670 2465 1772 2524 ἔδει
1847 2476 1899 2542 ni

2020 2486 2279 2544 mquam,
2305 2471 2629 2549 gratiarum
2659 2469 2909 2533 ﬂoribus
2942 2469 3326 2549 perfudisset,
3341 2479 3400 2533 et
3427 2472 3498 2533 ad
3517 2465 3653 2551 pro?

267 2565 433 2632 κοινῷ
482 2563 863 2638 Αειτουργῆσαι
926 2557 1073 2632 νόμῳ
1128 2562 1224 2624 τῆς
1288 2561 1467 2627 κοινῆς
1521 2558 1746 2634 φύσεως,
1779 2558 1900 2632 νόσᾳ

2020 2557 2420 2620 ῗυηιίὶεεὶιηειπι
2455 2560 2828 2640 pervenisset
2876 2567 3276 2634 senectutem,
3327 2559 3653 2642 fuissetque

269 2649 569 2729 περιπίπτει
649 2648 906 2728 βραχείᾳ,
975 2649 1040 2702 Ἦ
1106 2644 1159 2702 δέ
1229 2646 1371 2721 αὐτῷ
1443 2647 1513 2712 εἷς
1583 2649 1902 2726 εὖχαριστίω

2020 2648 2220 2727 plenus
2251 2649 2486 2725 diebus,
2523 2659 2640 2714 tam
2675 2649 2915 2721 divinis,
2951 2667 3126 2730 quam
3177 2649 3250 2710 iis
3311 2652 3412 2728 qui
3458 2652 3653 2714 resol-

259 2743 353 2803 τὰς
410 2741 548 2810 πρὸς
611 2740 747 2795 Θεὸν
819 2739 905 2794 καὶ
967 2737 1160 2811 ὕμνους
1231 2735 1456 2802 ἒξοδίους
1518 2739 1606 2794 καὶ
1669 2759 1892 2816 προπεμι

2018 2748 2256 2800 vuntur:
2291 2739 2573 2818 quoniam
2625 2758 2784 2817 eum,
2819 2759 2954 2802 cum
2987 2749 3144 2801 esset
3173 2739 3372 2820 homo,
3408 2751 3651 2820 Oporte-

259 2832 516 2909 πτηρίους
551 2825 811 2902 διέϐαινε,
870 2828 959 2884 καὶ
1020 2828 1088 2904 τῇ
1148 2831 1246 2909 τῆς
1301 2825 1558 2902 ἐκδημίας
1599 2826 1773 2884 ἐλπίδε
1805 2851 1883 2906 χαι

2018 2827 2109 2888 bat
2139 2829 2444 2890 communi
2495 2829 2609 2908 legi
2655 2830 2948 2893 inservire
2997 2838 3244 2903 naturae,
3300 2829 3361 2891 in
3410 2829 3651 2896 brevem

265 2901 515 2998 ριὲστατα
573 2918 747 2975 ἐτίθει
799 2901 898 2974 τὸν
955 2901 1147 2995 μέγαν,
1200 2901 1364 2996 “Οπερ
1423 2901 1524 2996 ⁸ξὲιρ
1573 2931 1691 2981 τοῖς
1742 2901 1893 2974 ἄλλοι

2022 2917 2284 2978 norbum
2320 2901 2699 2982 inciditillle
2751 2938 2892 2985 vero
2927 2919 3002 2981 ab
3031 2938 3105 2981 eo
3146 2901 3534 3000 consumptus
3566 2933 3655 2986 est

262 3011 328 3066 τὸ
386 3016 455 3085 τῇ
508 3010 663 3088 σαρκὶ
728 3007 1073 3086 παραμένειν,
1137 3013 1291 3064 τοῦτο
1360 3005 1545 3081 ἐκείνῳ
1599 3008 1661 3063 τὸ
1710 3005 1895 3078 διαζευ·

2029 3027 2064 3068 n
2099 3007 2350 3087 agendis
2383 3008 2506 3070 Deo
2557 3009 2784 3090 gratiis,
2819 3009 3175 3090 bymnisque
3223 3008 3325 3089 qui
3374 3010 3653 3076 dicuntur

261 3100 459 3179 χθῆναι
488 3107 583 3156 τοῦ
612 3099 871 3174 σώματος
899 3097 988 3164 ἧν.
1023 3095 1174 3153 Ἀλλ’
1234 3099 1262 3152 ὁ
1320 3097 1416 3171 μὲν
1479 3097 1618 3153 οὕτω
1661 3098 1754 3153 τὸν
1797 3096 1894 3153 ἐπί·

2016 3101 2064 3158 in
2100 3117 2372 3171 excessu,
2406 3107 2464 3160 et
2490 3118 2596 3180 spe
2626 3099 2995 3178 migraticnis
3035 3098 3479 3179 jucundissime
3512 3119 3649 3164 eum

249 3213 422 3268 χῆρον
453 3188 778 3246 καταλείπει
807 3188 923 3265 βίον
977 3188 1065 3243 καὶ
1121 3186 1250 3264 πρός
1308 3190 1406 3254 τῆν
1455 3187 1666 3264 μακρὰν
1713 3186 1882 3254 ἐκείνη

2014 3187 2293 3250 reddebat
2323 3190 2622 3251 affectum.
2659 3191 2806 3251 Nam
2859 3188 3015 3268 quod
3047 3187 3178 3250 aliis
3212 3207 3566 3269 permanere
3588 3195 3647 3254 in

237 3283 329 3339 καὶ
389 3279 674 3358 μακαρίαν
739 3275 991 3334 διαϐαίνει
1072 3277 1240 3352 ζωὴν,
1313 3274 1686 3354 λαμπρότησιν
1752 3276 1870 3355 ἀγγε

2014 3295 2210 3358 carne,
2243 3279 2356 3341 hoc
2379 3280 2465 3340 illi
2487 3278 2746 3360 disjungi
2773 3298 2808 3340 a
2829 3258 3100 3358 corpore.
3123 3258 3239 3341 Sed
3273 3279 3375 3340 ille
3406 3281 3647 3361 quidem

235 3371 350 3427 λων
409 3371 594 3427 συνὼν
651 3366 753 3423 καί
816 3366 1306 3445 συναγαλλόμενος,
1363 3367 1542 3423 καὶτὸ
1573 3366 1669 3434 τῆς
1701 3365 1868 3445 Τριάδι

2019 3369 2163 3428 hanc
2195 3367 2436 3431 brevem
2459 3378 2516 3431 et
2534 3369 2815 3431 caducam
2835 3368 3121 3449 relinquit
3140 3367 3346 3450 vitam,
3371 3377 3430 3430 et
3455 3380 3652 3434 trans-

251 3460 445 3538 οέοαος
477 3460 660 3537 sum,
697 3456 1019 3536 τρανότερόν
1047 3477 1107 3513 τε
1156 3457 1245 3512 καὶ
1289 3454 1676 3535 καθαρώτερον,
1741 3457 1809 3514 Τὸ
1867 3455 1884 3512 ἓ

2018 3457 2050 3516 it
2080 3456 2153 3517 ad
2185 3457 2350 3519 illam
2387 3458 2726 3520 diuturnam
2759 3466 2819 3520 et
2840 3458 3094 3530 beatam,
3141 3476 3276 3520 cum
3309 3459 3651 3538 splendori-

259 3551 442 3606 τουτου
491 3556 654 3623 σῶμα
718 3548 780 3603 τὸ
831 3549 1033 3624 τίμιον,
1108 3548 1292 3626 χερσὶν
1349 3547 1518 3611 ὁσίαις
1587 3545 1892 3602 ἐπισκόπων

2020 3548 2117 3607 bus
2139 3549 2486 3626 angelorum
2522 3567 2881 3612 conversans
2908 3559 2968 3610 et
2997 3549 3322 3624 exsultans,
3357 3557 3416 3610 et
3447 3550 3653 3614 videns

265 3647 363 3696 τοῦ
425 3639 620 3714 κλήρυυ
704 3639 932 3711 παντὸς,
1007 3638 1095 3695 καὶ
1148 3637 1516 3716 λαμπροφορίᾳ
1586 3637 1892 3713 τιμώμενον

2013 3635 2201 3698 lucem
2237 3638 2501 3701 veritatis
2523 3647 2790 3719 apertius
2810 3646 2870 3700 et
2900 3639 3126 3718 purius.
3161 3641 3500 3702 Preliosum
3533 3660 3646 3704 au-

265 3734 348 3800 τῷ
377 3727 434 3782 ἐν
477 3730 660 3806 Μύροις
717 3729 834 3803 ναῷ
892 3728 1248 3801 κατοτίθεται,
1301 3726 1464 3802 μύρον
1520 3727 1609 3782 καὶ
1668 3727 1741 3788 είς
1801 3726 1898 3783 τόδε

2016 3733 2124 3787 tem
2198 3727 2330 3806 ejus
2377 3746 2616 3808 corpus,
2650 3728 2880 3790 sanctis
2921 3727 3339 3808 episcoporum
3375 3730 3649 3794 manibus

266 3817 477 3896 χρόνου
541 3817 793 3897 προχέον,
871 3819 1043 3876 νόσων
1117 3821 1367 3897 ψυχικῶν
1439 3818 1526 3874 καὶ
1597 3821 1899 3894 σωματικῶπ

2010 3824 2066 3876 et
2096 3816 2243 3878 cleri
2279 3824 2479 3888 totius,
2513 3818 2866 3898 facibusque
2901 3827 2960 3880 et
2996 3817 3321 3879 luminibus
3380 3819 3643 3883 honora-

267 3905 437 3982 ἴαμα.
2007 3920 2155 3984 tum,
2191 3907 2593 3986 deponituriu
2613 3908 2834 3988 templo
2865 3907 3024 3985 quod
3053 3917 3145 3969 est
3165 3907 3648 3991 Myris,unguen-

2003 4003 2125 4056 tum
2157 3996 2220 4057 in
2251 3998 2364 4059 hoc
2397 4016 2584 4079 usque
2615 4005 2852 4077 tempus
2911 3998 3237 4077 profluens,
3299 4000 3647 4067 morborum

2001 4087 2271 4167 corporis
2301 4095 2358 4149 et
2387 4087 2603 4150 animae
2627 4087 2988 4150 remedium.

337 4177 480 4241 AA’.
511 4179 632 4238 Τῶν
663 4187 792 4258 γοῦν
840 4178 1212 4258 ἁπανταχόθεν
1263 4181 1366 4256 γῆς
1429 4178 1547 4236 ἐκεῖ
1597 4178 1919 4258 συρῤεόντων

2081 4174 2290 4240 ΧΧΧΙ.
2323 4177 2468 4240 Cum
2502 4187 2698 4240 autem
2732 4196 2805 4239 ex
2848 4175 3126 4238 omnibus
3175 4189 3352 4241 terrm
3381 4182 3647 4262 partibus

247 4269 347 4324 καὶ
402 4268 640 4348 ἀφθόνου
688 4267 1214 4350 μεταλαγχανόντων
1268 4271 1368 4336 τῆς
1426 4269 1661 4349 χάριτις,
1723 4267 1880 4326 συνέϐ

2015 4265 2145 4328 illuc
2178 4268 2544 4347 proﬂuerent
2576 4272 2673 4349 qui
2717 4265 2974 4348 copiosae
3003 4267 3162 4330 illius
3193 4269 3398 4348 gratiae
3425 4271 3648 4336 ﬁebant

470 4359 623 4425 τινὰς
653 4364 754 4426 τῆς
784 4361 987 4416 Λυκίων
1043 4357 1446 4435 διῳκισμένους,
1505 4363 1593 4418 καὶ
1652 4357 1758 4432 ὁδῷ
1819 4381 1870 4416 σι

2013 4356 2348 4437 participes,
2383 4358 2670 4440 quosdam
2713 4377 2781 4420 ex
2815 4357 3014 4437 Lyciis
3063 4357 3167 4439 qui
3214 4367 3383 4422 erant
3439 4364 3646 4442 procul

238 4454 408 4528 χνῶν
453 4450 679 4528 ἡμερῶν
736 4447 1063 4529 ἀπέχοντας,
1119 4447 1273 4528 ἔρωτι
1337 4447 1605 4529 ληφθῆναι
1665 4457 1871 4530 χρηστιξ

2013 4447 2243 4526 remoti,
2279 4456 2337 4510 et
2392 4448 2714 4512 multorum
2750 4447 2981 4510 dierum
3015 4448 3129 4510 iter
3156 4451 3427 4527 aberant,
3462 4453 3646 4516 vehe-

233 4541 309 4594 τὸ
343 4545 442 4596 τοῦ
503 4539 662 4616 ἁγίου
713 4544 902 4615 μνῆμα
957 4535 1309 4613 καταλαϐεῖν,
1371 4539 1658 4619 ἀρύσασθαί
1711 4561 1769 4596 τε
1824 4563 1866 4596 τι

2017 4553 2172 4597 nens
2196 4537 2418 4599 invadit
2447 4538 2814 4602 desiderium
2831 4539 3108 4601 veniendi
3129 4539 3202 4602 ad
3227 4543 3416 4605 sancti
3438 4561 3650 4606 monu-

237 4631 422 4707 μύρου
484 4631 574 4685 καὶ
633 4629 1030 4709 κατατρυφῆσαι
1091 4636 1182 4686 τοῦ
1250 4629 1603 4708 ἀγιάσματος.
1677 4631 1778 4688 Καὶ
1848 4629 1870 4686 δ

2014 4633 2268 4689 nentum
2331 4636 2390 4690 et
2445 4630 2837 4710 participandi
2886 4630 3441 4697 sanctilicationem.
3500 4631 3647 4697 Cum

241 4719 320 4774 τὰ.
349 4721 500 4775 σιτία
534 4718 804 4794 ἐνθέμενοι
834 4720 904 4788 τῆ
936 4721 1055 4792 νηί,
1089 4721 1220 4798 πρὸς
1273 4720 1372 4789 τὴν
1418 4720 1614 4776 Λυκίαν
1646 4721 1874 4776 ἀποπλεῖ

2012 4715 2206 4794 itaque
2259 4717 2426 4780 cibos
2487 4719 2547 4780 in
2618 4739 2826 4784 navem
2887 4721 3244 4799 immissent,
3306 4723 3368 4784 in
3415 4724 3645 4806 Lyciam

241 4806 360 4876 ἤδη
391 4808 655 4885 ἔμελλον.
687 4811 931 4886 Πονηρὸν
959 4807 1015 4865 δὲ
1047 4807 1321 4884 δαιμόνιον
1378 4810 1408 4865 ὃ
1462 4815 1539 4882 τῷ
1590 4810 1760 4887 βωμῷ
1806 4832 1874 4867 πα

2014 4813 2174 4867 erant
2229 4807 2578 4886 navigaturi.
2641 4810 2961 4888 Malignum
3023 4819 3222 4874 autem
3284 4813 3647 4877 daemonium

247 4896 348 4953 λαι
408 4905 510 4966 τῆς
579 4898 892 4978 Ἀρτέμιδος
965 4899 1216 4975 ἐνοικοῦν,
1307 4903 1335 4957 ὁ
1417 4899 1582 4965 πολὺς
1655 4898 1880 4958 Νικόλαο

2015 4897 2159 4976 ιιιοά
2190 4899 2393 4961 Dianae
2424 4899 2710 4981 templum
2740 4900 2880 4962 olim
2915 4900 3245 4978 habitabat,
3279 4903 3437 4983 quod
3461 4903 3648 4987 incly-

256 4986 473 5044 ἐκεῖθεν
525 4992 666 5066 μετὰ
726 4996 834 5046 τῶν
889 4987 1065 5048 ἄλλων
1122 4988 1397 5063 ἀπώσατο,
1457 4991 1532 5051 εἰς
1581 4987 1771 5069 ἔδαφος
1824 4993 1885 5046 τὸ

2012 4995 2096 5048 tus
2124 4987 2404 5050 Nicolaus
2434 5008 2570 5052 cum
2627 4990 2825 5052 multis
2872 4990 3006 5052 aliis
3060 4990 3229 5054 illinc
3261 4993 3510 5074 expulit,
3543 4986 3645 5058 ara

257 5076 454 5151 βωμὸν
508 5080 852 5143 κατασείσας,
915 5086 1080 5136 Τοῦτο
1121 5077 1187 5146 δὴ
1216 5081 1278 5135 τὸ
1323 5080 1557 5158 πονηρὸν
1587 5086 1793 5154 πνεόμα
1823 5082 1890 5136 τὸ

2015 5075 2165 5137 duini
2197 5076 2450 5159 dejecta,
2505 5098 2640 5141 cum
2693 5081 2983 5143 sensisset
3032 5080 3271 5143 illorum
3330 5084 3648 5162 navigatio-

256 5163 431 5224 πλοῦν
484 5167 698 5227 ἐκεῖνον
758 5168 1093 5244 αἰσθόμενον,
1149 5167 1243 5225 καΐ
1305 5167 1418 5245 ἅμα
1475 5168 1574 5242 μὲν
1635 5191 1889 5244 μνησικα

2014 5183 2140 5227 nem
2178 5187 2194 5248 ;
2229 5168 2443 5248 partim
2477 5169 2720 5250 quidem
2759 5170 2819 5232 in
2847 5178 3119 5234 sanctum
3162 5182 3454 5254 concepto
3504 5175 3647 5240 odio

248 5262 370 5312 κῶν
401 5265 474 5334 τῷ
503 5261 643 5339 ἁγίῳ
671 5258 773 5326 τῆς
803 5279 863 5314 τε
919 5258 1014 5314 τοῦ
1069 5259 1172 5314 νεὼ
1241 5257 1616 5338 καταστροφῆς
1672 5259 1760 5314 καὶ
1814 5264 1881 5326 τῆ

2010 5255 2158 5337 quod
2192 5266 2250 5318 et
2276 5258 2564 5339 templum
2592 5259 2724 5338 ejus
2752 5259 3082 5335 evertisset,
3104 5268 3163 5322 et
3185 5279 3322 5323 eum
3346 5263 3510 5326 illinc
3535 5282 3643 5329 ex-

248 5347 448 5415 οἷκείας
507 5351 722 5408 ἐκεῖθεν
793 5346 1098 5426 ὑπερορίας⁶
1157 5346 1255 5404 καί
1325 5346 1429 5415 ὅση
1487 5345 1703 5423 δύναμις
1755 5347 1881 5405 ἀντι

2011 5346 2400 5424 terminasset,
2435 5356 2493 5410 et
2521 5367 2628 5428 pro
2659 5349 2886 5412 viribus
2918 5369 3054 5413 eum
3088 5351 3358 5415 studeret
3397 5353 3602 5417 ulcisci
3631 5379 3644 5418 :

244 5433 448 5515 ϐλέψαι
509 5439 837 5515 σπουδάζον,
899 5436 1015 5513 ἅμα
1073 5434 1129 5492 δὲ
1187 5439 1272 5496 καὶ
1325 5443 1417 5495 τοῦ
1474 5437 1741 5516 ἀγιασμοῦ
1790 5442 1877 5495 τοὺ

2011 5436 2210 5515 partim
2245 5443 2444 5499 autem
2476 5437 2682 5500 volens
2709 5441 2870 5502 viros
2896 5441 3128 5521 privare
3154 5442 3644 5525 sanctiﬁcatione,

251 5525 432 5615 ἄνδρας
460 5533 840 5615 ἆποστερῆσαι
895 5525 1249 5605 βούλόμενον,
1309 5528 1396 5584 καὶ
1453 5527 1550 5615 τὸν
1596 5530 1757 5586 πόθον
1799 5529 1884 5604 ἅμα

2014 5532 2062 5588 at
2083 5525 2303 5588 laedere
2328 5525 2796 5610 desiderium,se
2816 5529 3106 5593 simulans
3126 5531 3464 5607 mulierem,
3487 5535 3647 5598 vide-

250 5614 440 5708 ϐλῦναι,
489 5613 728 5709 γυναῖκα
791 5617 1104 5709 ὁποκριθὶν,
1166 5615 1332 5709 ixi-“oc
1390 5639 1442 5674 τι
1501 5614 1703 5697 πλῆρες
1735 5617 1880 5676 ἐλαίο

2015 5623 2174 5709 satur
2205 5615 2369 5679 ferre
2397 5636 2495 5681 vas
2525 5617 2769 5709 plenum
2805 5620 2964 5698 oleo,
3016 5628 3076 5682 et
3118 5619 3354 5683 dicebat
3384 5641 3450 5685 se
3477 5625 3648 5688 valde

238 5704 607 5802 μετακάμιζειν
697 5713 898 5795 ὲῲκει,
989 5708 1078 5765 καὶ
1147 5705 1276 5766 αὐτὸ
1359 5709 1741 5786 προθυμεῖσθαι
1813 5709 1871 5787 μὲ

2009 5704 2240 5789 quidem
2274 5725 2498 5790 cupere
2528 5707 2588 5771 id
2617 5708 2778 5774 ferre
2803 5710 2879 5774 ad
2909 5710 3098 5775 sancti
3129 5711 3508 5792 sepulcrum:
3536 5715 3642 5780 sed
