4132 6414
501 355 619 422 355

1811 354 2093 424 MENSIS
2140 360 2568 429 DECEMBER.

3762 356 3881 429 356

500 493 695 555 vereri
727 494 961 575 longam
1019 495 1460 575 navigationem
1521 504 1580 557 et
1634 494 2140 557 contremiscere:

2236 497 2513 579 ἀποφέρειν
2542 503 2617 566 ὡς
2671 503 2759 559 τὸν
2817 509 2908 559 τοῦ
2962 500 3113 578 ἁγία)
3168 497 3361 578 τάφον,
3416 496 3705 555 δεδωκέναι
3735 497 3790 555 δέ
3820 501 3884 556 τὸ

500 581 707 663 Neque
738 585 922 655 enim,
957 584 1170 665 inquit,
1206 585 1332 645 ﬁeri
1370 594 1584 664 potest,
1620 593 1683 646 ut
1716 584 1930 645 mulier
1983 591 2149 645 tanta

499 673 576 733 sit
630 672 896 744 audacia,
961 682 1022 734 ut
1080 682 1309 735 tantum
1363 676 1543 737 maris
1583 675 1802 736 audeat
1849 674 2143 753 navigare.

501 760 662 841 Rogo
693 780 832 841 ergo
860 780 969 824 vos
997 771 1069 824 ut
1103 763 1216 823 hoc
1248 780 1347 823 vas
1376 762 1686 843 accipiatis
1736 772 1793 822 et
1843 763 2047 823 feralis
2075 763 2149 823 ad

498 851 865 931 sepulcrum,
893 864 946 912 et
976 853 1037 912 in
1059 851 1248 912 sancti
1275 852 1581 914 lucernam
1609 851 1893 931 iujiciatis
1924 852 2145 912 oleum.

501 940 643 1003 Hac
671 941 1137 1003 abominandum
1160 940 1398 1002 dicebat
1416 952 1475 1004 et
1500 941 2147 1023 rogabatdmmonium,

501 1049 599 1092 vas
626 1030 773 1092 illud
808 1032 1047 1093 tradens
1079 1031 1139 1092 in
1174 1048 1383 1092 manus
1410 1033 1669 1111 piorum.
1721 1029 1813 1091 Illi
1856 1040 2052 1091 autem
2090 1039 2149 1090 ut

498 1119 688 1182 semel
717 1120 911 1181 dicam
947 1121 1139 1182 inerat
1171 1121 1323 1181 mala
1345 1120 1613 1201 quaedam
1647 1119 1914 1199 operatio
1946 1129 2005 1181 et
2026 1138 2152 1180 om-

498 1211 638 1271 nino
672 1209 851 1288 digna
880 1228 950 1272 eo
981 1211 1083 1291 qui
1111 1209 1383 1273 dederat.
1414 1210 1660 1271 Multum
1694 1210 1889 1288 itaque
1913 1216 2149 1288 precata

499 1301 839 1381 persuadet.
878 1299 1153 1377 Cumque
1182 1300 1239 1360 id
1272 1298 1663 1379 accepissent,
1713 1298 1991 1379 quoniam
2021 1298 2148 1379 pri-

507 1389 587 1449 mi
617 1389 738 1449 diei
767 1398 895 1450 erat
924 1391 1010 1451 eis
1041 1395 1278 1469 peracta
1308 1388 1622 1466 navigatio,
1661 1398 1826 1448 tuum
1888 1406 2059 1468 opus,
2112 1408 2147 1450 ο

505 1478 703 1541 ﬁdelis
726 1478 829 1539 Dei
850 1496 1023 1540 serve
1038 1479 1344 1557 etegregie
1365 1476 1645 1540 defensor
1660 1478 2142 1559 periclitantium,

503 1568 617 1629 hoc
645 1586 882 1649 quoque
903 1569 1058 1648 quod
1094 1569 1451 1631 mirabiliter
1480 1568 1697 1631 factum
1729 1577 1817 1629 est
1847 1576 1911 1630 et
1939 1576 2146 1630 contra

499 1657 869 1736 opinionem.
909 1660 1098 1720 Noctu
1131 1658 1288 1719 enim
1321 1659 1558 1720 cuidam
1579 1677 1787 1720 eorum
1820 1676 2143 1739 apparens,

493 1747 666 1829 jubet
694 1766 795 1809 vas
818 1749 1024 1829 jacere
1056 1750 1117 1809 in
1151 1750 1539 1828 profundum.
1580 1749 1669 1811 Illi
1700 1767 1837 1810 vero
1855 1768 1992 1811 cum
2019 1750 2146 1828 pri-

408 1860 415 1867 ’
504 1856 667 1899 mum
710 1856 882 1899 mane
912 1838 1334 1918 surrexissent,
1383 1839 1461 1899 ita
1513 1838 1810 1912 fecerunt,
1873 1847 1933 1901 et
1991 1838 2049 1900 id
2086 1840 2146 1899 in

2236 1843 2355 1920 παρ’
2440 1844 2624 1900 αὖτίκα
2708 1843 2890 1922 ὄρθρου
2973 1843 3369 1917 διαναστάντες,

501 1944 661 1989 mare
681 1926 1028 2007 projiciunt,
1043 1926 1360 2007 statimque
1382 1928 1620 1989 ﬂamma
1644 1928 1904 1990 sublime
1920 1929 2151 1990 sublata

501 2026 591 2078 est
620 2015 680 2076 in
714 2016 1269 2095 aerem,fumusque
1301 2024 1362 2077 et
1389 2018 1523 2077 tetri
1551 2017 1767 2078 odores
1791 2017 1956 2080 illinc
1977 2018 2147 2079 emit-

502 2107 802 2170 tebantur.
835 2105 1004 2166 Tunc
1036 2123 1189 2185 aqua
1218 2105 1396 2185 coepit
1426 2106 1779 2169 dehiscere:
1813 2116 1872 2168 et
1915 2106 2151 2169 inferne

496 2198 779 2277 clangens
802 2207 1081 2276 tanquam
1105 2195 1478 2275 erumpentis
1504 2205 1900 2269 terrmmotus,
1928 2199 2150 2277 strepi-

498 2297 590 2348 tus
621 2286 808 2349 edere
837 2307 853 2361 ;
885 2295 945 2347 et
975 2303 1145 2365 aqua;
1162 2293 1341 2364 gutta;
1369 2295 1537 2346 erant
1572 2287 1869 2361 scintillm,
1905 2298 1962 2347 et
1987 2287 2151 2349 navis

500 2378 679 2439 tantis
713 2378 1045 2455 intercepta
1066 2373 1352 2437 ﬂuctibus
1376 2376 1497 2454 jam
1532 2374 1990 2438 obruebaturzet
2014 2377 2149 2452 viri,

500 2470 617 2528 tam
654 2466 958 2545 inopinato
993 2463 1255 2545 periculo
1299 2464 1722 2545 obstupefacti,
1775 2483 1843 2528 se
1890 2465 2148 2527 invicem

500 2557 696 2618 tristes
721 2555 972 2634 etplane
996 2555 1386 2633 desperantes
1418 2554 1897 2632 intuebantur,et
1921 2555 2147 2616 nullum

496 2646 640 2708 tanti
674 2647 812 2707 mali
843 2643 1229 2706 inveniebant
1260 2645 1506 2708 exitum.
1539 2645 1657 2706 Sed
1691 2644 1791 2726 qui
1825 2646 2028 2725 procul
2061 2664 2149 2706 sa-

500 2736 646 2797 lutis
675 2753 882 2797 eorum
909 2751 1111 2796 curam
1136 2734 1400 2812 gerebat,
1402 2735 1666 2814 jusserat
1695 2743 1759 2795 ut
1779 2752 1881 2795 vas
1903 2734 1964 2796 in
1989 2752 2152 2796 mare

500 2824 891 2906 projicerent,
927 2829 980 2885 is
1031 2831 1171 2885 tunc
1227 2841 1465 2904 quoque
1497 2824 1583 2885 eis
1606 2842 1921 2905 apparens,
1982 2842 2085 2885 eos
2118 2842 2151 2885 a

508 2914 865 2995 gravissima
895 2912 1165 2975 liberavit
1196 2921 1567 2994 tempestate,
1604 2923 1662 2976 et
1706 2914 2014 2977 amaximo
2045 2933 2152 2995 pe-

501 3003 720 3067 riculo.
753 3002 898 3065 Nam
946 3002 1126 3064 simul
1159 3011 1336 3084 atque
1369 3004 1536 3066 navis
1567 3022 1775 3084 parum
1808 3013 1966 3066 mota
1996 3012 2091 3066 est
2122 3023 2157 3066 a

499 3095 666 3171 loco;
701 3102 760 3155 et
787 3093 899 3155 viri
927 3093 1103 3155 soluti
1133 3101 1271 3154 sunt
1297 3102 1481 3165 metu,
1512 3103 1571 3155 et
1591 3094 1863 3175 quaedam
1881 3094 2152 3157 eosafila-

500 3186 582 3245 vit
608 3202 751 3247 aura
779 3183 975 3245 suavis
1025 3191 1084 3245 et
1125 3182 1447 3260 odorifera,
1486 3191 1542 3245 et
1598 3185 1782 3245 odore
1812 3192 1952 3245 sunt
1979 3185 2211 3263 dele—.7;

502 3275 675 3356 ctati,
732 3282 791 3336 et
849 3273 1106 3336 maxima
1147 3282 1284 3334 sunt
1335 3292 1546 3337 eorum
1577 3273 1762 3335 animi
1812 3273 2010 3335 affecti
2045 3273 2150 3336 Iw-

504 3364 652 3425 titia.

581 3450 811 3514 XXXII.
847 3453 987 3514 Haec
1018 3451 1123 3512 tibi
1155 3460 1293 3513 sunt
1337 3472 1369 3514 ει
1411 3454 1534 3515 Deo
1567 3453 1746 3527 dona,
1794 3473 1829 3513 ο
1856 3452 2099 3515 Nicolae
2133 3474 2148 3531 ;

503 3545 631 3605 haec
660 3550 797 3604 sunt
826 3540 1095 3603 laborum
1130 3544 1809 3616 remunerationes,hazc
1834 3553 1971 3605 sunt
1996 3562 2150 3625 prae-

506 3633 622 3694 mia
671 3640 907 3694 tuorum
961 3639 1378 3713 certaminum,
1431 3644 1490 3695 et
1537 3641 1650 3695 tua:
1681 3635 2148 3715 exercitationis,

501 3740 656 3801 quae,
716 3722 991 3801 inquam,
1052 3722 1306 3803 adeptus
1356 3739 1420 3783 es
1467 3722 1524 3782 in
1559 3722 1666 3785 hac
1695 3723 1809 3783 vita
1842 3723 2146 3803 praesenti.

506 3813 728 3875 Futura
756 3812 914 3871 enim
949 3810 1049 3871 illa
1077 3820 1213 3871 sunt
1244 3816 1512 3885 omnino,
1575 3830 1708 3891 quas
1738 3830 1933 3893 neque
1985 3813 2153 3875 cerni

506 3910 754 3981 possunt
780 3900 1118 3974 oculis,nec
1140 3898 1334 3961 audiri
1362 3900 1753 3975 auribus,nec
1775 3903 1956 3965 corde
1980 3920 2152 3965 com-

507 3990 820 4070 prehendi,
859 4008 992 4070 quao
1034 3989 1359 4051 didicimus
1417 3992 1607 4053 Deum
1668 4009 2034 4071 prmparasse
2082 3992 2156 4053 iis

507 4082 607 4159 qui
637 4079 831 4161 ipsum
865 4080 1117 4159 diligunt
1152 4079 1227 4141 16.
1261 4079 1382 4159 Ego
1439 4087 1635 4141 autem
1686 4080 1834 4141 nihil
1867 4080 2154 4143 dubitabo

506 4179 563 4229 te
594 4175 652 4230 et
684 4168 1033 4248 praeclarum
1066 4187 1282 4232 vocare
1314 4179 1630 4249 martyrem
1685 4179 2158 4252 coronatumque

503 4259 789 4321 victorem
822 4258 954 4321 sine
979 4261 1291 4337 sanguine,
1339 4270 1622 4341 quantum
1652 4261 1807 4322 scire
1839 4279 2157 4342 possumus

502 4350 902 4429 respicientes
933 4357 1096 4410 tuum
1130 4352 1310 4411 animi
1346 4348 1704 4415 institutum.
1731 4351 1842 4423 Qui
1867 4352 1991 4413 sola
2014 4370 2159 4431 pre-

507 4440 740 4501 catione
768 4440 1011 4519 impiam
1037 4440 1380 4518 confregisti
1408 4440 1752 4519 potentiam,
1771 4450 1829 4502 et
1851 4442 1923 4502 ab
1947 4440 2157 4503 exsilio

506 4528 755 4609 pulchre
783 4527 948 4589 fuisti
977 4537 1326 4591 revocatus:
1364 4538 1423 4590 et
1453 4548 1587 4590 cum
1631 4529 1970 4609 splendidis
2028 4540 2157 4592 tro-

506 4619 649 4698 paais
679 4617 913 4680 rediisti
941 4618 1014 4679 ad
1038 4618 1407 4679 Christianos
1439 4639 1455 4694 ;
1489 4627 1547 4681 et
1578 4619 1837 4699 priorem
1865 4620 2155 4681 honorem

505 4707 772 4769 secundo
801 4708 1089 4788 excepisti
1118 4708 1180 4768 in
1208 4706 1445 4769 Christo
1469 4707 1615 4772 Jesu
1649 4708 1903 4771 Domino
1925 4718 2153 4792 nostro,

504 4815 640 4858 cum
674 4816 792 4878 quo
821 4796 979 4860 Patri
1011 4798 1191 4859 simul
1221 4816 1357 4859 cum
1402 4809 1609 4860 sancto
1655 4798 1885 4879 Spiritu
1944 4801 2155 4879 gloria,

2230 588 2368 644 πολὺ
2398 599 2491 649 τοῦ
2541 595 2700 669 πλοῦ,
2761 592 2854 647 καί
2916 596 3072 646 τοῦτο
3126 588 3223 655 τῆς
3265 586 3542 660 ἐπιθυμίας
3586 589 3882 666 εἴργεσθαι.

2237 677 2355 741 Πῶς
2390 680 2491 757 γὰρ
2520 683 2608 737 καί
2656 680 2954 755 τολμητὸν,
3014 679 3166 758 φησὶ,
3229 681 3438 755 γυναικὶ
3496 677 3729 757 πέλαγος
3787 700 3889 735 το-

2234 771 2419 826 σοῦτον
2453 790 2469 846 ;
2522 770 2723 845 Δέομαι
2772 769 3052 849 τοιγαροῦν
3100 770 3273 842 ὑμῶν,
3327 770 3389 826 τὸ
3420 767 3586 845 ἄγγος
3617 769 3761 825 τουτὶ
3790 768 3897 825 λα-

2233 855 2446 935 ϐόντας,
2515 861 2868 935 μετακομίσαι
2927 881 2985 915 τε
3041 859 3184 935 παρὰ
3240 859 3332 913 τὸν
3390 857 3581 937 τάφον,
3652 860 3740 913 καὶ
3811 864 3899 932 τῷ

2233 950 2326 1003 τοῦ
2380 950 2531 1026 ἁγίου
2586 949 2771 1028 λύχνῳ
2825 952 2888 1005 τὸ
2943 948 3120 1004 ἔλαιον
3190 945 3472 1022 ἐμϐαλεῖν.
3540 954 3770 1005 Τοιαῦτα
3823 948 3896 1003 τὸ

2234 1035 2480 1116 βδελυρὸν
2511 1038 2692 1096 ἐκεῖνο
2723 1038 2994 1113 δαιμόνιον
3052 1037 3202 1115 ἕλεγὲ
3260 1057 3317 1092 τε
3382 1037 3473 1092 καί
3532 1033 3705 1094 ἐδεῖτο
3753 1037 3891 1115 περῖ

2231 1134 2323 1185 τοῦ
2353 1127 2547 1206 ἄγγους
2578 1135 2681 1185 τῶν
2726 1127 3001 1208 φιλοθέων.
3065 1130 3135 1186 Τὸ
3191 1125 3246 1183 δὲ
3305 1126 3404 1205 ἄρα
3457 1128 3665 1203 πονηρά
3696 1150 3773 1192 τις
3802 1129 3894 1184 εί-

2232 1230 2357 1274 πεϊν
2416 1218 2674 1296 ἐνέργεια,
2738 1220 2828 1274 καὶ
2883 1216 3025 1282 ὅλως
3072 1216 3190 1281 ἀξία
3236 1224 3332 1273 τοῦ
3361 1214 3677 1280 δεδωκότος,
3714 1218 3894 1273 Πείθει

2229 1307 2402 1363 τοίνυν
2429 1307 2602 1364 πολλὰ
2631 1306 2836 1374 δεηθέν,
2875 1309 2972 1365 Καὶ
3002 1304 3253 1363 λαϐοῦσιν
3284 1307 3409 1364 αὖτό
3466 1306 3603 1380 μετᾶ
3658 1320 3894 1386 χεῖρας,

2230 1395 2345 1452 ἐπεὶ
2368 1400 2395 1453 ὁ
2423 1397 2521 1464 τῆς
2551 1397 2769 1476 πρώτης
2800 1397 3004 1475 ἡμέρας
3070 1398 3253 1459 αὐτοῖς
3313 1395 3480 1457 πλοῦς
3537 1394 3759 1468 ἤνυστο,
3794 1398 3896 1453 σὺν

2230 1484 2330 1564 ἄρα
2358 1489 2445 1543 καὶ
2474 1496 2626 1546 τοῦτο
2675 1487 2851 1566 ἔργον,
2907 1487 3122 1565 μέγιστε
3182 1493 3276 1542 τοῦ
3337 1492 3471 1541 Θεοῦ
3524 1486 3751 1562 θεράπον
3802 1489 3901 1542 καὶ

2230 1574 2362 1640 δεξιὲ
2393 1590 2510 1640 τοῖς
2563 1575 2911 1633 κινδυνεύουσι
2963 1577 3299 1655 παραστάται,
3359 1577 3580 1653 Νύκτωρ
3640 1575 3723 1631 ἐνὶ
3782 1581 3906 1631 τῶν

2230 1664 2604 1739 συμπλεόντων
2660 1666 2938 1746 ἐπιφανεῖς
2992 1670 3233 1722 καθεῖναι
3295 1666 3432 1720 κατὰ
3488 1664 3648 1740 βυθοῦ
3693 1665 3757 1720 τὸ
3785 1663 3903 1741 ἄγ-

2229 1776 2325 1832 γος
2382 1753 2607 1818 κελεύει,
2670 1753 2729 1813 Ὀ
2789 1755 2842 1809 δὲ
2903 1759 2987 1810 καὶ
3038 1766 3156 1815 τοῖς
3215 1752 3399 1815 ἄλλοις
3459 1751 3742 1832 ἐσήμαινε,
3804 1763 3904 1819 καὶ

3462 1844 3524 1899 τὸ
3611 1842 3906 1901 κελευσθὲν

2232 1934 2464 1995 ἐποίουν,
2540 1936 2610 1992 Τὸ
2682 1936 2808 2012 γοῦν
2870 1955 3342 2010 πεπονηρευμενον
3418 1933 3685 2009 ἑτοίμως,
3759 1932 3899 2012 ὅπερ

2232 2023 2322 2095 ἦν,
2385 2023 2760 2104 ἀπηλέγχετο,
2821 2022 2962 2088 Φλόξ
3019 2024 3119 2101 γὰρ
3198 2022 3342 2088 εὒθυς
3400 2022 3666 2101 μετέωρός
3709 2044 3769 2079 τε
3812 2025 3897 2087 εἷς

2233 2112 2361 2191 ὰέρα
2394 2111 2575 2190 ἤρετο,
2609 2115 2697 2169 καὶ
2729 2111 2885 2188 ὀδμαὶ
2930 2110 3203 2186 δυσωδεις,
3262 2114 3326 2168 τὸ
3381 2111 3518 2189 ὕδωρ
3572 2111 3718 2186 αῦτῷ
3773 2110 3896 2168 διέ-

2235 2222 2360 2280 σχε,
2429 2203 2662 2259 κατωθὲν
2723 2224 2780 2259 τε
2838 2201 3245 2282 ἀνακαχλάσαν,
3306 2198 3638 2279 βρασμώδεις
3683 2201 3899 2283 ψόφους

2234 2289 2485 2362 ἀνεδίδου,
2522 2293 2606 2349 καὶ
2636 2296 2918 2370 σπινθῆρες
2951 2295 3002 2348 αἱ
3034 2301 3289 2370 σταγόνες
3338 2292 3496 2365 ἦσαν,
3564 2290 3594 2357 ἥ
3652 2313 3709 2348 τε
3761 2299 3891 2357 ναῦς

2233 2379 2456 2437 κλύδωνι
2491 2384 2726 2456 τοσούτῳ
2754 2382 3167 2462 περιληφθεῖσα,
3201 2380 3296 2437 καῗ
3326 2380 3505 2459 ὀλίγου
3528 2378 3633 2448 ἤδη
3662 2382 3752 2438 καὶ
3779 2403 3891 2439 κα-

2233 2467 2467 2544 τεδύετο,
2528 2473 2616 2527 καὶ
2672 2474 2720 2527 οἱ
2778 2470 2961 2549 ἄνδρες
3018 2478 3095 2544 τῷ
3152 2470 3444 2550 παραλόγῳ
3499 2478 3595 2529 τοῦ
3650 2469 3891 2530 κινδύνου

2233 2558 2524 2637 κατάφοϐοι
2560 2561 2863 2640 γεγονότες,
2922 2561 3232 2636 ἂπεγνωκός
3289 2582 3340 2616 τι
3375 2559 3469 2615 καί
3501 2559 3687 2638 ἄγριον
3745 2562 3887 2618 ἀπέ-

2233 2648 2429 2706 ϐλεπον
2460 2652 2532 2714 εἷς
2567 2650 2857 2730 ἀλλήλους,
2892 2653 2979 2707 καὶ
3009 2650 3151 2712 ἄλως
3207 2651 3262 2706 ἐν
3315 2651 3502 2727 ἀπόρῳ
3556 2651 3760 2707 ἅπαντα
3819 2653 3888 2708 τὰ

2234 2738 2447 2795 ἐκείνων
2501 2741 2592 2805 ἦν,
2653 2738 2803 2797 Ἀλλ’
2860 2742 2887 2796 ὁ
2944 2738 3211 2818 πόῤῥωθεν
3259 2741 3436 2796 αὒτῶν
3471 2743 3572 2806 τῆς
3620 2741 3883 2819 σωτηρίας

2237 2826 2555 2907 κηδόμενος,
2589 2831 2768 2886 καὶτὸ
2826 2829 2994 2907 ἄγγος
3043 2830 3260 2909 ἀφεῖναι
3318 2829 3453 2887 κατὰ
3502 2828 3656 2906 βυθοῦ
3694 2829 3885 2885 κελεύ-

2236 2939 2357 2997 σας,
2406 2919 2468 2974 σὺ
2517 2920 2674 2981 αὐτὸς
2732 2920 2996 2976 κάνταῦθα
3054 2918 3347 2999 ἐπισιανεὶς,
3404 2925 3497 2977 τοῦ
3553 2916 3888 2999 χαλεπωτᾶ-

2237 3029 2329 3065 του
2380 3006 2619 3067 κινδύνου
2674 3007 2984 3087 παραδόξως
3047 3010 3165 3086 ῥύῃ.
3236 3009 3403 3083 Ὀμοῦ
3449 3029 3509 3065 τε
3557 3010 3657 3087 γὰρ
3700 3010 3734 3075 ἡ
3770 3006 3895 3071 ναῦς

2237 3099 2412 3177 βραχὺ
2466 3108 2559 3155 τοῦ
2617 3100 2783 3158 τόπου
2831 3097 3035 3177 διεστη,
3097 3100 3185 3156 καὶ
3241 3106 3334 3155 τοῦ
3372 3098 3516 3160 δέους
3567 3100 3714 3154 αὖτοὶ
3742 3098 3892 3152 ἀνεί-

2236 3191 2428 3254 θησαν⁶
2485 3191 2572 3245 καὶ
2636 3190 2767 3266 αῦρὰ
2824 3210 2903 3253 τις
2976 3187 3318 3261 περιέπνευσε
3385 3189 3595 3251 τούτους
3663 3185 3887 3258 μαλακή

2234 3279 2323 3333 καὶ
2352 3278 2577 3352 εὖώδης,
2610 3280 2699 3333 καὶ
2757 3276 2995 3345 ἥσθησαν
3047 3284 3115 3354 τῇ
3182 3279 3340 3358 πνοῇ,
3400 3277 3494 3332 καί
3548 3275 3643 3337 τὰς
3698 3274 3884 3353 ψυχὰς

2235 3369 2309 3429 ὡς
2331 3366 2521 3433 ἥδιστα
2548 3366 2880 3434 διεθέτησαν.

2316 3455 2452 3517 ΛΒ’.
2516 3457 2692 3516 Ταῦτά
2759 3479 2841 3514 σοι
2902 3459 3033 3536 πρὸς
3092 3464 3226 3514 Θεοῦ
3279 3458 3343 3513 τὰ
3408 3455 3554 3535 γέρα,
3627 3452 3889 3528 Νικόλαε,

2237 3549 2387 3603 αὗται
2447 3553 2555 3604 τῶν
2613 3548 2792 3604 πόνων
2849 3550 2899 3603 αἱ
2958 3544 3200 3622 ἀμοιϐαὶ,
3258 3553 3420 3603 ταῦτα
3449 3552 3554 3601 τῶν
3585 3544 3895 3610 ἀπητιτῶν

2233 3635 2408 3693 ἄθλων
2463 3637 2529 3692 τὰ
2589 3635 2815 3713 ἔπαθλα,
2875 3637 2942 3692 τὰ
3006 3637 3143 3692 κατὰ
3194 3637 3285 3692 τὸν
3317 3636 3553 3714 παρόντα
3584 3634 3721 3713 φημὶ
3749 3632 3891 3708 βίον,

2235 3728 2312 3785 Τὰ
2341 3727 2442 3805 γὰρ
2472 3733 2563 3783 τοῦ
2611 3726 2901 3803 μέλλοντος
2952 3725 3135 3783 ἐκεῖνα
3180 3726 3394 3790 πάντως
3453 3725 3575 3799 εἰσὶ,
3632 3724 3698 3779 τὰ
3751 3724 3896 3797 μήτε

2237 3814 2537 3895 ὀφθαλμοῖς
2588 3816 2776 3896 θεατὰ,
2828 3818 2968 3891 μήτε
3016 3816 3144 3873 ὠσὶν
3195 3813 3449 3885 ἀκουστὰ,
3516 3814 3655 3889 μήτε
3708 3809 3898 3886 καρδίᾳ

2239 3905 2420 3973 ληπτὰ
2449 3906 2735 3984 γενόμενα,
2796 3908 2829 3961 ἂ
2888 3906 3175 3979 ἑτοιμάσαι
3236 3906 3329 3961 τὸν
3388 3905 3519 3960 Θεὸν
3552 3899 3906 3979 δεδιδάγμεθα

2238 4008 2355 4058 τοῖς
2413 3996 2691 4074 ἂγαπὼσιν
2748 3996 2930 4059 αὐτόν,
2964 3994 3110 4073 Ἐγὼ
3163 3993 3219 4049 δὲ
3274 4015 3331 4049 σε
3385 3991 3534 4052 οὐδὲν
3565 3992 3777 4061 ὀκνήσω
3805 3990 3903 4047 καὶ

2239 4084 2483 4163 λαμπρὸν
2536 4084 2772 4164 μάρτυρα
2833 4083 3057 4141 καλέσαι
3110 4086 3198 4140 καὶ
3279 4084 3596 4161 στεφανίτην
3662 4080 3902 4154 ἀναίμα-

2240 4198 2389 4256 κτον,
2448 4174 2546 4231 ὅσα
2604 4197 2665 4253 γε
2731 4174 3009 4255 ἀναφέρειν
3071 4174 3144 4236 εἷς
3202 4175 3509 4249 προαίρεσιν
3542 4170 3898 4245 ἐπιστάμεθα,

2242 4266 2381 4345 εἰ)χῇ
2439 4267 2578 4342 μόνῃ
2645 4266 2708 4321 τὸ
2768 4263 3013 4327 δυσσεδὲς
3073 4262 3268 4341 κράτος
3340 4258 3735 4333 καταϐαλόντα,
3809 4261 3909 4316 καὶ

2239 4356 2419 4420 καλῶς
2474 4361 2571 4424 τῆς
2627 4358 2908 4436 ὑπερορίας
2971 4353 3358 4429 ἀνακληθέντα,
3420 4354 3507 4410 καὶ
3565 4353 3701 4427 μετᾶ
3746 4352 3906 4425 λαμ-

2241 4452 2387 4523 πρῶν
2446 4450 2712 4525 τροπαίων
2774 4443 3130 4502 ἐπανελθόντα
3199 4451 3571 4521 Χριστιανοϊς,
3643 4444 3731 4498 καὶ
3793 4442 3909 4508 τὴν

2243 4536 2494 4614 προτέραν
2524 4538 2688 4613 τιμὴν
2744 4542 2811 4612 τῇ
2869 4533 3089 4614 δευτέφα
3146 4532 3514 4609 διαδεξάμενον
3577 4531 3631 4587 ἐν
3682 4538 3907 4609 Χριστῷ

2241 4623 2420 4692 Ἰησοῦ
2476 4627 2553 4700 τῷ
2610 4626 2780 4703 Κυρίῳ
2836 4627 3018 4699 ἡμῶν,
3076 4620 3189 4698 μεθ’
3246 4625 3307 4679 οὗ
3363 4629 3440 4695 τῷ
3490 4624 3652 4697 Πατρὶ
3681 4620 3791 4693 ἅμα
3818 4627 3909 4695 τῷ

2241 4713 2376 4790 ἁγίῳ
2422 4715 2515 4770 καί
2575 4714 2761 4791 ἀγαθῷ
2814 4714 3079 4788 Πνεόματι
3136 4709 3282 4791 δόξα,
3344 4712 3559 4788 κράτος,
3624 4710 3752 4784 τιμὴ
3809 4712 3910 4766 καὶ

2242 4802 2623 4883 προσκύνησις,
2683 4803 2774 4859 νῦν
2828 4805 2917 4860 καὶ
2969 4802 3050 4857 ἀεὶ
3107 4801 3197 4857 καὶ
3253 4802 3328 4865 εἰς
3374 4801 3497 4864 τοὺς
3556 4800 3749 4863 αἰῶνας
3786 4801 3905 4855 τῶν

505 4887 793 4969 potentia,
825 4887 1018 4951 honor
1046 4898 1103 4949 et
1132 4887 1422 4964 adoratio,
1459 4906 1619 4951 nunc
1648 4898 1709 4952 et
1737 4906 1979 4970 semper
2009 4898 2067 4952 et
2097 4889 2151 4951 in

2244 4891 2447 4950 αἰώνιον
2458 4942 2471 4957 ,
2509 4892 2688 4971 ’Ἀμὴν
2700 4938 2713 4953 .

503 4977 723 5041 saecula
748 4978 1131 5041 saeculorum.
1164 4977 1379 5041 Amen.

586 5153 642 5200 ⁸⁸
668 5152 782 5218 Ian.
819 5173 937 5234 uv,
972 5158 1055 5237 4;
1087 5158 1110 5220 Ι
1143 5156 1279 5220 Cor.
1310 5174 1379 5240 II,
1411 5159 1473 5221 9.
