4132 6412
280 320 390 389 357

1647 321 1837 386 VITA
1882 324 1941 385 S.
1989 321 2328 385 PATAPII.

3560 314 3681 382 358

1438 568 1692 655 ΒΙοΣ
1767 568 1955 651 ΚΑΙ
2026 564 2570 651 ΠΟΛΙΤΕΙΑ

290 801 640 932 ΤΟΥ
717 797 1259 930 ΟΣΙΟΥ
1333 796 2051 927 ΠΑΓΓΡΟΣ
2122 792 2630 921 ΗΜΩΝ
2699 789 3673 924 ΠΑΤΑΠΙΟΥ.

1324 1206 1585 1292 VITA
1656 1204 1793 1292 ET
1866 1202 2653 1290 CONVERSATIO

1173 1436 1307 1584 S.
1412 1438 1572 1585 P.
1692 1436 1869 1579 Νη
1990 1430 2820 1578 PATAPII-

980 1686 1181 1758 (Latine
1219 1704 1293 1761 ap.
1330 1687 1535 1746 Surium
1575 1690 1637 1746 ad
1665 1688 1797 1745 diem
1827 1687 1861 1743 8
1885 1685 2010 1741 Dec.
2045 1700 2059 1749 ;
2095 1683 2267 1738 Grece
2298 1698 2359 1736 ex
2391 1681 2501 1737 cod.
2534 1680 2744 1737 Coislin.
2777 1700 2829 1738 η.
2868 1682 3017 1752 M7.)

394 2000 481 2062 A'.
545 2006 616 2062 Οὗ
656 2001 875 2068 πολλοὺς
919 2003 1220 2082 Αἴγυπτος,
1277 2005 1410 2062 ἐπὰν
1473 2005 1527 2062 δὲ
1576 2006 1732 2086 τὲκῃ,
1791 2004 1999 2082 μὲγπινλ¹

2126 1998 2171 2060 Ι.
2204 1997 2328 2059 Non
2358 1998 2574 2059 mullos
2599 2000 2754 2080 parit
2784 2002 3090 2081 zEgyptus;
3120 1999 3224 2061 sed
3246 2000 3486 2080 quando
3520 2003 3697 2083 parit,

306 2096 497 2155 τίκτει,
564 2095 720 2151 Τοῦτο
748 2092 832 2149 ἐπ’
887 2093 1040 2169 ἄλλῳ
1094 2094 1190 2169 μέν
1250 2118 1347 2152 τινι
1391 2096 1498 2153 τῶν
1541 2096 1704 2153 πάλαι
1736 2094 1960 2175 φιλοσό-

2063 2107 2321 2167 nagnum
2348 2088 2522 2169 parit.
2559 2091 2686 2152 Hoc
2709 2089 2935 2151 dictum
2961 2088 3203 2170 quidem
3226 2090 3409 2150 estde
3440 2091 3694 2171 quodam

295 2206 410 2263 ςνων
475 2182 718 2262 εἴρηται·
789 2183 877 2241 ἐπὶ
946 2182 1004 2240 δὲ
1078 2186 1334 2258 Παταπίῳ
1393 2188 1451 2244 τὸ
1500 2186 1662 2266 πέρας
1719 2184 1955 2264 δέχεται.

2045 2197 2114 2240 ex
2174 2177 2431 2257 antiquis
2486 2178 2908 2259 philosophis:
2990 2187 3268 2239 eventum
3339 2189 3531 2241 autem
3590 2199 3698 2242 ac-

293 2272 461 2350 Ἀνῆρ
530 2273 637 2351 γὰρ
688 2272 895 2337 ἐκεῖνος
957 2277 1045 2331 καὶ
1105 2275 1203 2350 βίῳ
1231 2279 1317 2332 καὶ
1370 2278 1630 2352 θαύμασιν
1680 2278 1739 2331 οὔ
1800 2273 1963 2348 μόνον

2063 2268 2190 2346 :ipit
2240 2268 2299 2328 in
2332 2267 2601 2347 Patapio.
2643 2269 2739 2331 Vir
2787 2268 2947 2329 enim
2982 2267 3108 2348 illo,
3144 2278 3201 2329 et
3230 2267 3367 2344 vita,
3404 2278 3463 2332 et
3516 2271 3701 2332 mira-

298 2363 410 2419 ἆντὶ
465 2360 715 2441 πολλῶν,
750 2362 889 2419 αλλὰ
920 2366 1006 2421 οιαὶ
1038 2365 1154 2421 ἀντὶ
1211 2365 1424 2423 πάντων
1459 2373 1524 2442 τῇ
1581 2364 1786 2441 πατρίδι
1831 2364 1961 2437 πρὸς

310 2451 500 2527 Λάτμον
557 2453 743 2531 ἀρκεῖ,
808 2453 947 2510 ὥστε
1009 2454 1264 2522 κᾶκεινην
1322 2457 1400 2532 μὴ
1460 2455 1662 2529 μᾶλλον
1733 2453 1786 2509 ἐν
1842 2453 1964 2515 τοῖς

402 2543 415 2563 ο
511 2564 520 2573 ,
585 2542 599 2561 ν
952 2543 966 2564 9
1132 2545 1143 2561 ρ
1431 2546 1455 2567 νε
1512 2548 1522 2562 ι
1579 2542 1593 2565 ν
1779 2542 1804 2564 »1

312 2564 517 2620 πρωνηκ
576 2539 917 2618 ασεϐήμασιν
948 2543 1393 2620 εγκαλυπτεσθαι,
1425 2570 1460 2614 η
1514 2568 1577 2625 eq;
1627 2546 1716 2608 οἷς
1774 2564 1966 2616 τινεγκε

310 2636 511 2707 τοῦτον,
562 2633 703 2706 μετὰ
743 2632 843 2699 τὴν
898 2634 1059 2713 χάριν
1112 2637 1478 2709 σεμνύνεσθαι.
1525 2635 1689 2696 Οὗτος
1746 2630 1969 2710 πατρίδα

303 2723 400 2799 μὲν
448 2722 587 2802 ἔσχε
640 2723 737 2786 τὰς
795 2721 1250 2805 ἐπεφανεστάτας,
1299 2723 1477 2795 Θήϐας
1533 2724 1756 2797 ἐκείνας,
1810 2722 1872 2787 ἃς
1938 2723 1966 2778 ὁ

300 2810 593 2878 κάλλιστος
651 2817 759 2868 τῶν
827 2821 1088 2888 ποταμῶν
1147 2815 1340 2880 Νεῖλος
1415 2813 1671 2893 περιῤῥέει
1746 2813 1844 2888 μὲν
1893 2813 1967 2875 εἷς

308 2903 387 2959 ἀεί
428 2902 574 2982 ἄρδει
602 2901 661 2960 δὲ
692 2902 747 2958 ἐν
804 2910 1005 2982 καιρῷ,
1036 2903 1219 2985 τρέχει
1276 2903 1332 2962 δὲ
1361 2905 1597 2979 ἀπόνως,
1647 2902 1862 2971 ἥδιστον
1914 2900 1969 2957 δὲ

312 2993 537 3074 παρέχει
588 2994 653 3050 τὸ
712 2999 853 3068 νᾶμα
912 2992 1009 3049 καῖ
1065 2993 1200 3051 ἰδεῖν
1251 2996 1338 3052 καὶ
1397 3008 1570 3058 πιεῖν.
1632 2993 1722 3051 Ἐν
1752 2992 1969 3055 ταύταις

309 3084 400 3141 οὖν
451 3084 751 3162 γεννηθεὶς,
817 3082 977 3162 ἔτυχε
1030 3084 1132 3163 γὰρ
1182 3087 1270 3143 καὶ
1316 3107 1517 3163 γονεων
1567 3090 1794 3157 πιστῶν,
1849 3083 1968 3155 τρέ-

302 3196 456 3255 φεται
512 3175 616 3251 μὲν
676 3171 883 3245 δεξιῶς,
941 3172 1243 3233 παιδεύεται
1300 3174 1355 3232 δὲ
1414 3174 1708 3252 ἐπιμελῶς,
1768 3174 1855 3230 καὶ
1911 3174 1971 3228 τὸ

294 3267 424 3334 ἦθος
460 3264 608 3320 οὕτω
657 3263 982 3340 ῥυθμιζεται,
1041 3264 1223 3344 ὥσπερ
1286 3268 1332 3323 οἱ
1388 3271 1489 3333 τῆς
1543 3265 1738 3345 ἀρετῆς
1786 3261 1969 3321 κλάδοι

297 3353 420 3429 μετ’
453 3355 643 3432 ὀλίγον
671 3354 736 3410 τὸ
766 3350 979 3432 δένδρον
1006 3353 1508 3433 παραδηλώσουσιν.

406 3624 459 3678 8'
477 3672 493 3684 .
521 3623 674 3682 Οὕτω
705 3624 796 3681 καὶ
823 3624 925 3691 τὴν
955 3622 1190 3700 ἡλικίαν,
1242 3627 1332 3682 καὶ
1376 3626 1477 3693 τὴν
1528 3624 1697 3694 Σιληθῆ
1730 3625 1914 3705 σοφίαν
1946 3625 1974 3680 ὁ

330 3712 500 3788 μέγας
526 3713 826 3789 αξόμενος,
876 3713 1167 3794 ιριλόσοφος
1230 3714 1401 3794 ἔργοις
1461 3716 1549 3790 ἦν,
1611 3716 1717 3771 τῶν
1768 3715 1975 3792 ἀνθρω-

331 3802 499 3858 πίνων
554 3803 835 3883 ὑπερορῶι,
888 3805 975 3860 οιαὶ
1026 3806 1203 3879 μόνων
1252 3806 1358 3862 τῶν
1403 3805 1658 3886 οὐρανίων
1689 3804 1975 3884 ἐχόμενος.

331 3892 433 3947 Διά
462 3889 525 3959 δὴ
557 3900 717 3950 ταῦτα
750 3894 841 3951 καὶ
889 3898 996 3951 τῶν
1049 3892 1227 3951 ἄλλων
1288 3895 1502 3952 πάντων
1551 3896 1978 3977 ὑπερφρονήσας,

319 3980 596 4061 πατρίδος,
660 3984 888 4061 γονέων,
948 3983 1138 4063 φίλων,
1200 3986 1468 4064 συνήθων,
1528 3986 1614 4040 καὶ
1686 3989 1976 4065 συγγενῶν,

313 4072 600 4152 Αἴγυπτον
659 4072 756 4147 μὲν
821 4074 1032 4139 εκείνην
1099 4076 1188 4130 καὶ
1259 4074 1456 4131 Νεῖλον
1526 4074 1732 4131 ἐκεῖνον
1804 4072 1982 4153 μακροὶ

296 4162 517 4242 χαίρειν
564 4161 647 4242 ἐᾷ,
702 4165 924 4240 καρπῶν
981 4165 1159 4239 μόνων
1213 4176 1421 4243 γηΐνων
1481 4160 1981 4242 ἐπαγγελλομένους

295 4256 494 4331 φοράν,
560 4251 635 4310 ’Ὅ
688 4249 744 4307 δὲ
801 4251 915 4329 ᾔδει
974 4253 1209 4329 μάλιστα
1262 4254 1559 4325 ἐπιτήδειον
1619 4255 1750 4326 πρὸς
1783 4252 1982 4309 ἀθανά-

294 4364 406 4398 των
469 4340 678 4417 ἆρὲτῶν
732 4344 1005 4421 ἒργασίαν,
1081 4344 1182 4411 τὴν
1252 4344 1481 4423 ἔρημον,
1560 4346 1729 4420 ταύτῃ
1801 4344 1973 4424 φέρων

295 4429 517 4487 δίδωσιν
578 4431 789 4507 ἑαυτὸν,
848 4435 904 4488 ἓν
1054 4435 1190 4508 μετὰ
1247 4435 1353 4491 τῶν
1405 4433 1625 4492 πολλῶν
1672 4434 1851 4490 πόνων
1885 4434 1975 4489 καὶ

293 4522 506 4601 χρόνον
538 4522 732 4596 τρίψας
764 4524 979 4602 μικρὸν,
1034 4523 1094 4579 οὗ
1156 4523 1317 4599 μόνον
1362 4530 1466 4581 πᾶν
1520 4523 1577 4581 εἴ
1604 4547 1654 4582 τι
1687 4523 1974 4580 κάλλιστον

295 4619 466 4669 τοῦτο
527 4611 631 4686 μὲν
683 4611 860 4690 ἔφυσε,
922 4619 1078 4671 τοῦτο
1134 4611 1190 4669 δὲ
1252 4616 1341 4671 καὶ
1395 4614 1673 4694 ἐθρέψατο,
1719 4612 1857 4670 ἀλλά
1886 4614 1976 4670 καὶ

2048 2358 2352 2429 culis,non
2377 2358 2570 2418 solum
2598 2376 2703 2438 pro
2729 2357 3063 2431 multis,sed
3085 2358 3262 2419 etiam
3290 2376 3396 2439 pro
3426 2359 3704 2421 omnibus

2049 2445 2267 2508 sufﬁcit
2317 2446 2523 2527 patria:
2576 2450 2647 2509 ad
2704 2460 3039 2511 ornatum:
3101 2448 3250 2509 adeo
3298 2457 3363 2511 ut
3420 2449 3522 2512 illa
3587 2469 3704 2511 non

2053 2535 2239 2614 magis
2272 2536 2498 2617 pudore
2529 2536 2950 2598 suﬂ‘undantur
2983 2547 3227 2619 propter
3256 2556 3357 2599 eas
3386 2556 3518 2618 quas
3560 2539 3703 2600 olim

2052 2625 2113 2686 in
2164 2644 2234 2686 ea
2265 2626 2528 2702 fuerant,
2561 2627 2929 2707 impietates,
2959 2644 3134 2706 quam
3168 2626 3327 2704 quod
3385 2628 3543 2689 hunc
3577 2635 3708 2708 post

2052 2716 2300 2794 gratiam
2335 2717 2708 2796 produxerit,
2744 2716 3056 2795 gloriatur.
3091 2715 3148 2777 Is
3180 2718 3429 2797 patriam
3461 2717 3705 2798 quidem

2054 2804 2261 2866 habuit
2311 2805 2699 2868 clarissimas.
2759 2806 3017 2882 Thebas,
3066 2804 3304 2867 Thebas
3360 2806 3515 2887 illas,
3562 2824 3709 2888 quas

2055 2894 2498 2975 pulcherrimus
2525 2898 2839 2958 ﬂuviorum
2872 2896 3043 2958 Nilus
3072 2896 3432 2957 circumﬂuit
3461 2897 3706 2977 quidem

2055 3002 2294 3062 semper
2329 3001 2344 3046 :
2381 2986 2584 3063 irrigat
2613 2994 2810 3047 autem
2861 2985 2923 3046 in
2956 2995 3230 3065 tempore
3264 3003 3277 3047 :
3314 2983 3540 3066 praebet
3568 3003 3707 3048 vero

2050 3072 2556 3153 iucundissimum
2609 3077 2898 3137 ﬂuentum
2937 3084 2995 3137 et
3043 3075 3114 3135 ad
3147 3072 3494 3150 videndum,
3527 3084 3585 3136 et
3632 3078 3709 3139 ad

2057 3161 2408 3225 bibendum.
2472 3166 2535 3227 In
2570 3164 2663 3226 his
2714 3184 2855 3244 ergo
2914 3173 3108 3239 natus,
3145 3171 3204 3225 et
3255 3180 3363 3241 per
3389 3181 3600 3245 aquam
3654 3174 3713 3228 et

2055 3252 2329 3333 spiritum
2384 3264 2658 3330 renatus,
2696 3256 2885 3325 (ortus
2952 3255 3109 3317 enim
3143 3263 3270 3316 erat
3317 3272 3385 3316 ex
3435 3254 3711 3317 ﬁdelibus

2058 3343 2434 3425 parentibus)
2484 3346 2736 3409 honeste
2792 3345 3037 3427 quidem
3098 3344 3330 3426 alitur;
3393 3342 3715 3423 diligenter

2054 3441 2251 3495 autem
2283 3434 2577 3510 eruditur,
2616 3444 2674 3498 et
2698 3435 2875 3497 sicin
2914 3433 3186 3497 moribus
3217 3438 3618 3517 componitur,
3652 3445 3717 3499 ut

2055 3523 2287 3585 virtutis
2318 3525 2468 3587 rami
2495 3526 2669 3606 paulo
2699 3534 2830 3607 post
2856 3525 3197 3587 ostendent.

2140 3616 2217 3676 II.
2255 3614 2399 3677 Cum
2429 3616 2517 3677 sic
2546 3624 2721 3678 relate
2751 3624 2811 3678 et
2838 3634 2979 3678 vera
3008 3618 3303 3698 sapientia
3336 3641 3581 3703 magnus
3613 3621 3718 3684 ille

2061 3712 2388 3785 cresceret,
2415 3704 3028 3786 philosophusfactus,
3055 3726 3173 3769 non
3196 3712 3602 3793 sermonibus,
3622 3727 3720 3772 res

2064 3794 2355 3856 humanas
2387 3794 2750 3876 despiciens,
2787 3805 2844 3857 et
2876 3813 2975 3858 res
3023 3797 3213 3860 solum
3245 3800 3472 3864 divinas
3505 3818 3719 3882 perse-

2065 3902 2278 3963 quens,
2312 3892 2553 3965 propter
2583 3886 2708 3947 hazc
2752 3885 2886 3948 aliis
2928 3906 3166 3969 quoque
3196 3891 3475 3952 omnibus
3521 3889 3719 3970 despi-

2066 3976 2219 4036 catui
2273 3972 2513 4049 habitis,
2551 3973 2759 4055 patria,
2795 3977 3161 4056 parentibus,
3196 3979 3431 4055 amicis,
3461 3979 3720 4042 familia-

2063 4064 2233 4126 ribus
2256 4073 2313 4126 et
2333 4064 2622 4143 cognatis,
2652 4066 2972 4146 {Egyptum
2999 4067 3239 4146 quidem
3271 4068 3431 4131 illam
3465 4081 3524 4132 et
3547 4070 3719 4131 illum

2064 4152 2263 4215 Nilum
2306 4151 2481 4232 jubet
2526 4154 2744 4227 valere,
2803 4162 2864 4215 ut
2922 4174 3054 4236 qua:
3105 4166 3480 4219 terrenorum
3526 4158 3722 4220 solum

2068 4243 2362 4305 fructuum
2385 4244 2697 4324 proﬁtetur
2716 4243 3230 4310 fertilitatem.llle
3260 4256 3461 4309 autem
3493 4246 3723 4310 sciebat

2066 4334 2432 4393 solitudinem
2464 4349 2593 4393 esse
2623 4334 2872 4392 maxime
2903 4336 3394 4394 accommodatam
3435 4338 3506 4395 ad
3541 4337 3723 4394 virtu-

2061 4434 2182 4486 tum
2218 4425 2735 4489 exercitationem.
2772 4427 2835 4487 In
2869 4445 3000 4489 eam
3033 4445 3176 4507 ergo
3211 4428 3532 4509 profectus,
3568 4427 3623 4489 ei
3654 4444 3721 4489 se

2062 4516 2293 4574 tradidit
2318 4531 2331 4572 :
2365 4516 2424 4572 in
2444 4530 2557 4589 qua
2584 4531 2716 4575 cum
2735 4516 2930 4575 multis
2952 4517 3246 4576 laboribus
3273 4518 3445 4590 longo
3466 4527 3722 4589 tempore

2060 4614 2343 4678 versatus,
2373 4620 2489 4664 non
2509 4606 2698 4665 solum
2724 4608 3008 4680 quidquid
3030 4616 3155 4666 erat
3184 4607 3641 4681 pulcherrimum
3673 4615 3728 4665 et

301 4702 480 4764 οὕτως
539 4703 599 4756 ἓν
655 4701 798 4774 αὗτῷ
852 4702 1074 4779 ῥιζῶσαι
1134 4705 1451 4779 πεποίηκεν,
1509 4706 1583 4767 ὡς
1645 4709 1835 4781 μικροῦ
1894 4703 1981 4759 καὶ

2068 4698 2342 4769 produxit
2370 4703 2430 4754 et
2456 4697 2623 4765 aluit,
2644 4697 2746 4755 sed
2776 4698 2950 4756 etiam
2969 4699 3205 4771 perfecit
3238 4707 3297 4757 ut
3328 4699 3385 4755 in
3418 4700 3546 4770 ipso
3573 4697 3730 4756 radi-

300 4792 453 4850 κατὰ.
531 4790 687 4869 φύσιν
754 4794 899 4866 αὗτῷ
970 4794 1263 4874 προσήκειν
1334 4795 1434 4863 τὴν
1505 4794 1721 4870 ἀρετήν.
1799 4792 1980 4855 Οὕτως

308 4881 586 4960 rip-mmini;
616 4881 735 4939 ἐκεῖ
763 4887 862 4948 τῆς
891 4883 1036 4947 θείας
1088 4884 1396 4949 ἀπολαύσας
1454 4884 1672 4947 ἀκτῖνος
1725 4884 1815 4941 καὶ
1868 4888 1981 4963 φῶς

318 4970 443 5033 ὅλος
474 4972 632 5035 αὐτὸς
661 4972 975 5050 γενόμενος,
1038 4973 1141 5052 οὖχ
1197 4974 1300 5030 ὕπὸ
1357 4976 1455 5031 τὸν
1503 4973 1711 5050 μόδιον,
1746 4971 1867 5030 ἀλλ’
1899 4971 1985 5030 ἐπὶ

321 5060 423 5125 τὴν
474 5059 703 5141 λυχνίαν
760 5062 904 5139 παρὰ
948 5068 1082 5119 Θεοῦ
1126 5064 1325 5121 τίθεται
1368 5066 1430 5121 τὸ
1474 5061 1530 5120 δὲ
1569 5063 1984 5141 μάλισταπάν-

317 5172 426 5206 των
479 5151 764 5228 βούλεσθαι
824 5153 949 5217 τοὺς
1009 5151 1240 5218 πολλοῦς
1291 5152 1499 5228 λαθεῖν,
1559 5156 1715 5211 τοῦτο
1765 5153 1830 5221 δὴ
1883 5157 1979 5210 καὶ

312 5240 523 5317 μᾶλλον
586 5241 766 5300 αἴτιον
825 5242 973 5319 αὐτῷ
1025 5249 1121 5300 τοῦ
1174 5244 1253 5321 μὴ
1302 5243 1489 5302 λαϐεῖν
1531 5245 1740 5324 γέγονε.
1798 5236 1854 5303 Ὀ
1886 5244 1985 5320 μὲν

311 5333 415 5412 γὰρ
462 5332 581 5391 ἐπεὶ
624 5332 875 5414 κρύπτειν
917 5334 1076 5390 αὐτὸν
1118 5333 1239 5412 ὅρος
1299 5338 1393 5394 οὐκ
1452 5335 1606 5415 εἶχε,
1672 5333 1831 5399 πόλις
1887 5333 1986 5409 μὲν

310 5422 414 5501 γὰρ
474 5422 543 5491 ἧν
601 5426 678 5488 ὡς
741 5423 958 5491 ἂληθὼς
1021 5422 1229 5487 ἐκεῖνος
1289 5424 1518 5490 πολλοῖς
1577 5430 1801 5502 κομῶσα
1866 5436 1985 5487 τοῖς

308 5513 555 5593 ἀγαθοῖς,
608 5515 701 5572 καὶ
760 5512 1014 5594 λαμπρὸν
1072 5510 1200 5570 ἐϐόα
1259 5516 1350 5573 καὶ
1410 5514 1688 5575 συνεκάλει
1753 5514 1982 5591 πάντας,

2066 4804 2162 4846 ces
2183 4797 2401 4861 ageret,
2433 4798 2497 4845 ut
2522 4788 2944 4860 propemodum
2969 4789 3290 4847 secundum
3322 4798 3585 4847 naturam
3614 4788 3731 4847 vir-

2068 4888 2159 4936 tus
2176 4881 2246 4936 ad
2269 4893 2400 4936 eum
2432 4881 2766 4950 pertineret.
2789 4878 2885 4936 Sic
2915 4893 3050 4936 cum
3079 4879 3435 4938 suﬁicienter
3461 4879 3628 4937 illum
3652 4880 3732 4936 di-

2072 4971 2270 5027 vinum
2292 4970 2604 5040 recepisset
2630 4970 2960 5040 radium,et
2987 4969 3088 5027 lux
3121 4980 3272 5028 totus
3301 4978 3451 5028 esset
3477 4968 3731 5035 enectus,

2069 5078 2192 5122 non
2222 5059 2334 5121 sub
2367 5058 2590 5140 modio,
2619 5059 2725 5122 sed
2739 5077 2926 5142 super
2954 5060 3384 5123 candelabrum
3415 5079 3449 5123 a
3471 5061 3598 5123 Deo
3619 5078 3731 5141 po-

2072 5152 2253 5214 nitur.
2287 5149 2437 5212 Illud
2466 5158 2667 5212 autem
2698 5156 2960 5212 maxime
2993 5151 3282 5228 omnium,
3316 5150 3471 5213 velle
3519 5150 3735 5212 multos

2071 5241 2279 5323 latere,
2310 5239 2407 5303 vel
2461 5240 2719 5302 maxima
2748 5258 2928 5303 causa
2975 5241 3089 5304 fuit
3122 5239 3178 5303 ei
3230 5248 3294 5303 ut
3326 5258 3446 5304 non
3494 5241 3732 5304 lateret.

2072 5328 2219 5392 Nam
2250 5330 2354 5393 ille
2384 5329 2629 5411 quidem
2661 5337 2978 5412 postquam
3013 5349 3186 5395 mons
3218 5349 3354 5395 eum
3388 5330 3586 5394 celare
3614 5346 3738 5393 non

2075 5419 2290 5502 potuit,
2324 5423 2478 5498 (erat
2496 5420 2661 5484 enim
2694 5419 2797 5483 ille
2821 5440 3029 5485 revera
3061 5422 3267 5486 civitas
3302 5420 3503 5484 multis
3527 5425 3738 5484 ornata

2075 5509 2272 5584 bonis)
2303 5509 2580 5594 claraque
2609 5529 2754 5575 voce
2784 5511 3147 5595 clamabant,
3180 5522 3241 5575 et
3271 5528 3483 5575 omnes
3513 5528 3732 5577 convo-

310 5615 462 5666 τοῦτο
516 5607 620 5685 μὲν
678 5607 750 5666 τὰ
809 5603 1224 5686 κατορθώματα,
1284 5611 1440 5667 τοῦτο
1493 5604 1547 5664 δὲ
1597 5607 1687 5664 καὶ
1735 5605 1801 5663 τὰ
1858 5606 1989 5663 θαύ-

2078 5600 2316 5680 eabant,
2354 5603 2569 5683 partim
2620 5601 2863 5684 quidem
2917 5604 3049 5686 ejus
3098 5611 3262 5668 recte
3309 5602 3483 5681 facta,
3518 5597 3734 5684 partim

308 5720 451 5780 ματα
460 5745 473 5763 .

2078 5702 2286 5760 autem
2308 5692 2490 5758 etiam
2522 5693 2833 5761 miracula.
