4132 6428
394 337 511 409 359

474 476 576 543 lIl.
610 477 755 543 Cum
776 497 916 559 ergo
948 478 1117 542 multi
1138 480 1594 560 conﬁuerent,et
1623 486 1867 561 propter
1902 478 2105 541 mul-A

400 567 718 630 titudinem
765 587 973 630 eorum
1022 568 1123 648 qui
1172 567 1522 648 accdebant,
1559 567 1852 649 praeberet
1894 567 2043 629 soli-

394 658 537 721 tudo
596 658 859 739 speciem
916 657 1189 739 civitatis,
1220 657 1294 720 ab
1347 659 1445 719 illa
1500 657 1741 739 quidem
1789 676 1856 718 se
1911 656 2045 736 fuga

392 746 690 823 subducit,
716 754 775 809 et
804 745 875 807 ab
902 746 971 808 iis
998 747 1101 826 qui
1128 747 1321 828 ipsum
1345 755 1508 809 recte
1541 754 1774 808 norant:
1808 744 2046 824 ignotus

394 855 536 899 vero
569 837 729 899 venit
761 834 1361 915 ConstantinOpolim,
1398 844 1457 898 et
1504 852 1639 898 cum
1674 835 1746 896 ad
1781 852 2041 911 murum,

397 926 495 1007 qui
527 935 616 987 est
645 925 705 987 in
739 924 1111 1000 Blachernis,
1145 926 1365 987 ﬁxisset
1418 925 1621 987 sedem
1654 944 1780 987 sua:
1812 923 2047 986 habita-

398 1015 601 1090 tionis,
631 1014 744 1077 soli
772 1015 883 1076 sibi
916 1024 974 1077 et
1001 1013 1125 1076 Deo
1173 1015 1438 1090 vacabat,
1475 1015 1693 1095 hospes
1722 1014 2046 1088 solitarius,

391 1114 449 1166 et
471 1105 571 1185 qui
598 1121 793 1185 neque
811 1123 943 1165 cum
972 1104 1177 1167 multis
1200 1104 1381 1166 ullam
1398 1104 1653 1166 habebat
1676 1103 2050 1183 congressio-

391 1212 553 1269 nem,
593 1212 791 1271 neque
835 1192 907 1255 ab
961 1193 1051 1255 eis
1102 1194 1552 1275 aspiciebatur:
1614 1202 1672 1253 et
1701 1212 1834 1274 qua:
1890 1193 2041 1255 alius

390 1284 571 1346 ﬁnem
625 1283 929 1345 statuisset
979 1285 1502 1365 certaminum,ea
1562 1283 1883 1345 arbitratus
1941 1282 2041 1344 ille

391 1391 524 1436 esse
577 1372 963 1455 principium,
1028 1374 1452 1454 praecedentia.
1501 1373 1767 1452 inquam,
1805 1380 1864 1434 et
1914 1390 2045 1453 quae

391 1464 522 1545 ipse
546 1463 671 1543 jam
703 1473 867 1525 recte
900 1471 1187 1544 gesserat,
1211 1464 1429 1525 acriter
1460 1462 1739 1524 tendebat
1768 1462 1836 1522 ad
1872 1470 2045 1524 ante-

390 1558 572 1634 riora,
609 1554 833 1633 majora
866 1554 1044 1615 veluti
1094 1554 1423 1615 certamina
1460 1554 1837 1633 aggrediens,
1874 1561 1933 1615 et
1977 1569 2044 1613 se

390 1652 576 1704 totum
607 1661 818 1705 arcens
845 1662 879 1705 a
900 1644 1300 1706 consensione
1332 1644 1710 1705 aﬁ‘ectionum
1743 1642 2037 1724 corporis.

1696 340 1973 408 MENSIS
2026 342 2457 407 DECEMBER.

3659 334 3784 402 360

2208 469 2287 542 ν’,
2325 468 2417 542 Ὠς
2449 476 2538 534 οὖν
2584 476 2719 534 πολὺ
2774 477 2835 532 τὸ
2890 472 3102 553 συῤῥὲον
3144 474 3238 550 ἧν,
3293 474 3382 530 καὶ
3429 471 3635 536 πόλεως
3665 495 3780 530 πα-

2128 579 2284 647 ρεῖχε
2317 570 2512 645 σχῆμα
2566 571 2644 640 τῷ
2699 562 2883 634 κλήθει
2942 569 3049 619 τῶν
3090 562 3419 632 προσιόντων
3471 564 3505 631 ἡ
3555 561 3780 640 ἕρημος,

2128 655 2335 723 ἐκείνην
2393 655 2489 730 μὲν
2549 656 2754 735 φεύγει,
2817 654 2905 710 καὶ
2957 655 3080 718 τοὺς
3130 651 3310 713 καλῶς
3362 650 3566 716 εἰδότας
3594 652 3781 732 αὐτὸν,

2128 745 2397 822 ἄγνωστος
2457 743 2511 800 δὲ
2570 749 2637 821 τῇ
2698 742 3093 802 Κωνσταντίνου
3154 741 3429 821 ἐπιφοιτᾷ,
3491 742 3579 797 καὶ
3648 743 3783 819 πρὸς

2129 841 2207 909 τῷ
2265 833 2318 890 ἰν
2377 832 2708 914 Βλαχέρναις
2763 835 2932 913 τείχει
3018 832 3118 900 τὴν
3188 832 3464 888 κατοικίαν
3534 831 3779 905 θέμενος,

2132 925 2302 999 ἐαυτῷ
2331 925 2479 999 μόνῳ
2534 926 2623 980 καὶ
2678 928 2755 996 τῷ
2812 930 2927 995 Θεῷ
2977 922 3263 1001 προσέχων
3308 922 3395 996 ἧν,
3443 920 3614 1001 ξενος,
3649 920 3781 995 ’ἐρη-

2132 1036 2256 1088 μος,
2283 1012 2508 1084 ἄμικτος
2537 1026 2653 1078 τοῖς
2684 1010 2911 1076 πολλοῖς
2960 1013 3053 1068 καί
3104 1011 3346 1085 ἀθέατος,
3408 1012 3496 1067 καὶ
3555 1010 3686 1089 ἅπερ
3716 1009 3779 1064 ἄν

2133 1102 2292 1168 ἄλλος
2346 1103 2509 1179 πέρας
2567 1102 2711 1160 ἔθετο
2765 1108 2870 1159 τῶν
2930 1102 3176 1180 ἀγώνων,
3227 1108 3391 1158 ταῦτα
3441 1103 3649 1163 εκεῖνος
3683 1099 3783 1177 ἂρ-

2133 1193 2244 1273 χὴν
2297 1193 2439 1249 εἶναι
2499 1192 2742 1267 νομίσας,
2802 1192 2868 1247 τὰ
2919 1188 3255 1269 προλαϐόντα
3308 1191 3449 1269 φημὶ
3501 1191 3589 1246 καὶ
3641 1189 3786 1264 αὖτῷ

2123 1280 2227 1349 ἤδη
2278 1281 2696 1359 κατορθωτὲντα,
2754 1284 2961 1357 θερμῶς
3022 1280 3217 1360 ἐχώρει
3277 1294 3396 1343 τοῖς
3457 1280 3783 1358 ἔμπροσθεν,

2128 1372 2383 1445 μειζένων
2413 1370 2591 1450 ὥσπερ
2622 1374 2726 1427 τῶν
2784 1370 3006 1448 ἀγώνων
3072 1370 3397 1449 ἁπτόμενος,
3447 1370 3535 1425 καὶ
3596 1371 3787 1426 ἑαυτὸν

2131 1461 2254 1518 ὅλον
2284 1466 2381 1528 τῆς
2412 1462 2544 1538 πρὸς
2600 1463 2662 1517 τὸ
2714 1462 2870 1534 σῶμα
2927 1462 3250 1534 συμπαθείας
3301 1460 3592 1538 ἀπείργων,
3636 1457 3789 1518 οὐδὲν

2124 1555 2268 1623 αὒτῷ
2297 1549 2459 1625 μέλον
2490 1549 2709 1622 στολῆς,
2770 1548 2916 1605 οὒδὲν
2976 1554 3200 1628 τροφῆς,
3262 1548 3425 1605 ὕπνου
3480 1546 3650 1621 οὒδὲν,
3692 1550 3789 1604 τὸν

2125 1641 2224 1715 μὲν
2295 1640 2584 1706 ἀσκητικὸν
2670 1636 2847 1695 εἷ’τουν
2930 1640 3221 1714 πρακτικὸν
3290 1636 3576 1714 ὑπερϐάντι
3642 1638 3786 1713 βίον,

394 1731 554 1795 Nihil
587 1741 714 1795 erat
747 1733 800 1794 ei
831 1752 988 1795 cura}
1019 1732 1290 1809 vestitus,
1319 1733 1464 1794 nihil
1493 1732 1865 1810 alimentum,
1894 1730 2042 1793 nihil

2133 1731 2212 1786 τὸν
2245 1728 2533 1807 ἂγγελικὸν
2587 1727 2641 1785 δὲ
2701 1729 2947 1799 ζηλοῦντι
3009 1730 3095 1783 καὶ
3154 1728 3291 1801 μετὰ
3339 1729 3611 1803 σώματος,
3662 1740 3785 1792 τοῖς

393 1840 642 1884 somnus
670 1841 683 1886 :
740 1831 803 1884 ut
832 1824 935 1901 qui
968 1822 1443 1885 exercitatoriam
1476 1822 1745 1903 quidem,
1778 1840 1882 1883 seu
1914 1839 2045 1902 quae

2133 1841 2182 1876 τε
2215 1817 2397 1882 ἄλλοις
2446 1821 2534 1875 καὶ
2592 1824 2666 1892 τῷ
2724 1824 2888 1896 νοερῷ
2944 1818 3300 1895 συγγίνεσθαι,
3362 1818 3449 1874 καὶ
3501 1816 3590 1874 τὸν
3621 1816 3787 1894 λογι-

394 1913 457 1974 in
487 1912 714 1992 agendo
746 1912 1038 1994 consistit,
1073 1911 1249 1974 vitam
1282 1915 1690 1991 superaverat,
1714 1911 2040 1991 angelicam

2133 1910 2263 1984 σμὸν
2321 1910 2714 1987 ἒπιστρέψαντα
2773 1908 2835 1963 τὸ
2906 1907 3161 1985 συγγενὲς
3231 1904 3409 1963 ἐκεῖνο
3480 1909 3566 1963 καὶ
3637 1909 3792 1965 θεῖον

395 2011 590 2066 autem
617 2001 1006 2064 aemulabatur
1032 2002 1212 2065 etiam
1243 2021 1380 2065 cum
1414 2020 1685 2083 corpore.
1714 2009 1768 2063 et
1788 2001 1848 2061 in
1881 2000 2040 2075 aliis,

398 2099 457 2156 et
478 2093 635 2173 quod
667 2091 1070 2170 intelligenter
1098 2101 1438 2155 versaretur
1467 2111 1602 2153 cum
1629 2090 2041 2170 intelligentia,

397 2192 457 2245 et
481 2183 640 2245 illam
666 2182 925 2244 divinam
951 2182 1176 2245 visione
1199 2182 1687 2264 apprehenderet
1719 2181 2046 2260 pulchritu-

395 2271 623 2335 dinem.
656 2270 753 2335 Sic
774 2290 911 2334 cum
934 2272 1169 2335 actione
1201 2290 1566 2335 concurrens
1594 2270 2041 2351 contemplatio,

395 2370 663 2426 erectum
696 2369 752 2425 et
778 2361 1099 2424 sublimem
1133 2362 1374 2425 tenebat
1401 2363 1951 2442 exercitatorem,et
1975 2358 2047 2421 ad

391 2452 587 2533 ipsum
645 2470 832 2533 usque
874 2452 1092 2514 caelum
1148 2451 1491 2515 extollebat.
1562 2451 1750 2514 Multa
1793 2470 1934 2513 vero
1993 2458 2052 2512 et

394 2542 822 2602 admirabilium
852 2556 1048 2601 rerum
1068 2541 1345 2608 eﬂeetrix,
1365 2540 1694 2600 mirandum
1725 2542 1782 2598 in
1816 2540 2047 2598 modum

394 2632 629 2713 vigebat
656 2640 715 2694 et
743 2631 999 2695 ﬂorebat
1024 2631 1233 2712 gratia,
1267 2639 1471 2713 utpote
1501 2630 1659 2712 quod
1691 2650 1809 2692 non
1846 2639 2051 2711 posset

394 2725 578 2781 virtus
610 2734 782 2780 suum
824 2721 1013 2780 celare
1042 2721 1391 2793 operarium,
1419 2731 1473 2781 et
1504 2723 1656 2779 Deus
1679 2719 1850 2779 simul
1877 2720 2049 2791 glori-

391 2813 598 2876 ﬁcaret
627 2830 752 2893 eos,
783 2811 884 2893 qui
914 2811 1223 2892 elegerunt
1252 2811 1453 2893 ipsum
1487 2810 1820 2890 gloriﬁcare
1844 2811 1889 2871 ί.
1925 2807 2045 2873 Sed

2128 1997 2323 2063 κάλλος
2386 1999 2758 2078 φαντάζεσθαι.
2828 1996 2983 2055 Οὕτω
3056 2001 3119 2072 τῇ
3181 1994 3364 2073 πράξει
3422 1994 3790 2075 συνδραμοῦσα

2128 2090 2163 2157 ἡ
2194 2089 2407 2166 θεωρία,
2442 2087 2566 2144 ὅλον
2598 2085 2698 2155 ἤδη
2730 2087 2999 2163 μετέωρον
3030 2086 3160 2165 εἶχε
3219 2086 3309 2142 τὸν
3364 2085 3634 2160 ἀσκητήν,
3696 2087 3793 2144 καὶ

2131 2183 2260 2259 πρὸς
2290 2182 2446 2237 αὐτὸν
2503 2180 2791 2259 ἀνεπτέρου
2846 2181 2936 2235 τὸν
2998 2178 3239 2256 οὐρανόν.
3306 2176 3485 2247 Πολλὴ
3530 2177 3587 2234 δὲ
3630 2180 3721 2236 καὶ
3747 2181 3787 2247 ἡ

2133 2272 2526 2348 θαυματουργὸς
2608 2271 2884 2348 ὒπερήνθει
2970 2268 3129 2348 χάρις
3160 2315 3176 2347 ,
3262 2268 3512 2345 κρύπτειν
3603 2269 3791 2348 ὥσπερ

2132 2365 2229 2428 τῆς
2283 2360 2477 2439 ἀρετῆς
2508 2361 2597 2416 τὸν
2629 2358 2863 2438 ἐργάτην
2895 2357 2973 2433 μή
3030 2355 3349 2432 δυναμένης,
3406 2356 3502 2414 καί
3551 2356 3664 2434 ἄμα
3694 2364 3795 2416 τοῦ

2135 2450 2266 2508 Θεοῦ
2321 2448 2625 2521 δοξάζοντος
2681 2449 2803 2513 τοὺς
2856 2448 3014 2504 αὐτὸν
3063 2444 3294 2518 δοξάζειν
3356 2447 3789 2526 προῃρημένους.

2136 2537 2287 2597 Ἀλλ’
2319 2539 2348 2595 ὅ
2377 2562 2467 2615 μοι
2498 2538 2673 2616 λέγειν
2730 2541 2757 2594 ὁ
2809 2536 2966 2615 λογος
3021 2535 3293 2615 ὥρμηται,
3342 2535 3490 2599 ὅπως
3539 2544 3639 2606 τῆς
3687 2540 3790 2615 μὲν

2132 2628 2287 2696 δόξης
2345 2631 2417 2690 ὡς
2475 2627 2668 2695 ἥκιστα
2725 2632 3032 2706 φροντίζων,
3099 2634 3191 2683 τοῦ
3244 2625 3300 2683 δὲ
3363 2627 3642 2685 λανθάνειν
3711 2632 3787 2692 ὡς

2130 2719 2361 2795 μάλιστα
2419 2718 2601 2792 δῆλος,
2664 2719 2929 2776 κάνταῦθα
2998 2719 3026 2773 ὁ
3097 2716 3267 2794 μέγας
3324 2724 3433 2773 τῶν
3502 2719 3781 2796 θαυμάτων

2127 2810 2389 2887 θησαυρὸς
2422 2810 2510 2866 καὶ
2540 2813 2638 2875 τῆς
2669 2807 2862 2885 ἆρετῆς
2895 2806 3232 2865 καθίσταται.

391 2903 546 2986 quod
587 2908 709 2984 jam
745 2902 889 2965 mihi
931 2902 1136 2966 dicere
1166 2921 1445 2983 aggressa
1490 2903 1685 2965 fuerat
1714 2901 1924 2973 oratio,
1961 2898 2212 2980 gloriam
2266 2897 2508 2979 quidem
2543 2896 2790 2960 minime
2843 2895 3174 2972 admirans,
3206 2895 3393 2959 latere
3420 2904 3620 2961 autem
3656 2916 3783 2961 ma-

385 2995 548 3058 xime
577 2994 850 3075 cupiens,
884 2992 980 3057 hic
1006 3011 1242 3075 quoque
1262 2992 1457 3056 evadit
1482 2991 1836 3055 manifestus
1870 2989 2291 3054 miraculorum
2325 2996 2387 3051 et
2407 2988 2642 3051 virtutis
2676 2986 3017 3049 thesaurus.

470 3081 570 3147 IV.
603 3082 974 3147 Adolescens
1003 3083 1270 3166 quidam,
1305 3082 1408 3164 qui
1455 3082 1765 3146 oculorum
1798 3080 2102 3162 quidemc

391 3173 774 3256 splendorem
807 3174 880 3236 ab
913 3186 1049 3235 ortu
1080 3175 1386 3249 amiserat,
1412 3173 1554 3236 ﬁdei
1584 3180 1782 3235 autem
1817 3171 2048 3232 lumine

390 3261 818 3336 resplendebat,
841 3277 972 3322 eum
999 3264 1242 3335 desuper
1264 3262 1337 3320 ad
1362 3265 1418 3320 id
1450 3272 1713 3319 movente
1743 3260 2049 3332 providen-

390 3354 495 3431 tia,
529 3354 603 3417 ad
637 3354 796 3416 hunc
828 3371 1107 3433 magnum
1150 3353 1405 3428 accedit,
1443 3362 1501 3415 et
1530 3353 1796 3416 imitatur
1824 3369 2048 3414 caecum

394 3445 493 3525 qui
517 3443 734 3506 dicitur
750 3443 811 3504 in
836 3442 1172 3523 Evangeliis
1192 3443 1241 3518 9;
1275 3442 1385 3504 nisi
1412 3442 1570 3523 quod
1590 3442 1692 3504 ille
1714 3440 1956 3522 quidem
1976 3440 2050 3502 ad

402 3533 699 3597 Christum
727 3554 743 3609 ;
765 3532 864 3594 hic
886 3549 1027 3595 vero
1050 3533 1121 3595 ad
1143 3532 1359 3597 Christi
1384 3531 1763 3608 famulum,et
1795 3531 2053 3611 loquitur

402 3624 614 3687 eadem
636 3641 771 3702 qum
794 3622 984 3703 ille,et
1000 3641 1133 3685 cum
1158 3623 1368 3686 eodem
1389 3623 1605 3684 ardore
1627 3629 1686 3683 et
1713 3620 2041 3693 aiiectione,

394 3714 624 3777 dicens:
657 3714 943 3775 Miserere
967 3714 1109 3793 mei,
1126 3722 1186 3776 et
1214 3712 1634 3795 praebelumen
1657 3711 1806 3773 meis
1831 3711 2041 3785 oculis,

395 3804 495 3885 qui
540 3822 605 3866 es
635 3822 791 3865 verae
820 3803 974 3865 lucis
1006 3803 1162 3866 ﬁlius
1199 3815 1259 3865 et
1279 3806 1524 3883 gratiae:
1560 3810 1625 3865 ut
1654 3820 1771 3883 ego
1807 3819 2047 3882 quoque

396 3895 641 3958 eﬁ'ectus
672 3893 1107 3974 contemplator
1129 3895 1370 3967 horum,
1397 3911 1530 3975 quae
1550 3891 2043 3968 videntur,admi-

391 4003 494 4048 rer
521 3985 762 4066 quidem
813 4002 1021 4046 eorum
1055 3983 1470 4047 excellentiam
1500 4004 1515 4046 :
1554 4001 1661 4063 per
1690 4000 1789 4045 res
1845 3989 2044 4044 autem

394 4085 645 4149 creatas,
703 4073 1007 4137 celebrem
1067 4075 1436 4137 Creatorem.
1497 4072 1568 4135 Et
1625 4073 1751 4134 haec
1803 4072 2043 4153 quidem

391 4183 584 4235 caecus
616 4185 630 4225 :
665 4163 767 4226 ille
810 4181 953 4226 vero
986 4164 1166 4226 homo
1201 4161 1869 4236 misericordiae,videns
1898 4182 2047 4225 ocu-~

391 4255 482 4319 los
510 4254 751 4337 quidem
785 4253 1009 4316 nullius
1042 4253 1289 4317 omnino
1331 4251 1669 4333 splendoris
1701 4251 2042 4333 participes,

394 4354 617 4408 tantam
667 4352 868 4408 autem
900 4344 1105 4418 ﬁdem,
1137 4361 1313 4424 quam
1348 4343 1491 4405 dicit
1519 4342 1717 4404 divina
1749 4339 2049 4421 Scriptura

2210 3079 2291 3142 A'.
2359 3082 2578 3145 Νεανίας
2638 3101 2739 3151 τις,
2804 3078 2903 3145 τὴν
2950 3077 3048 3151 μὲν
3101 3078 3271 3155 αὗγὴν
3330 3087 3435 3135 τῶν
3491 3078 3669 3154 ὄψεων
3726 3080 3786 3136 ὲκ

2130 3176 2350 3250 γενετῆς
2381 3168 2767 3242 ἀπολωλεκὼς,
2832 3174 2905 3240 τῷ
2957 3166 3010 3224 δὲ
3042 3171 3177 3248 φωτὶ
3226 3169 3322 3238 τῆς
3382 3170 3605 3233 πίστεως
3655 3166 3779 3248 ἅρτ-

2131 3282 2232 3318 στα
2288 3258 2752 3339 λαμπρυνόμενος,
2812 3259 3009 3315 ἄνωθεν
3077 3258 3236 3315 αὐτὸν
3309 3258 3389 3316 ἐπὶ
3450 3264 3605 3314 τοῦτο
3674 3263 3776 3323 τῆς

2134 3350 2388 3430 Προνοίας
2433 3349 2708 3423 κινούσης,
2762 3356 2839 3423 τῷ
2896 3346 3115 3427 μεγάλῳ
3170 3350 3340 3421 τούτῳ
3398 3357 3771 3426 προσερχεται⁶

2139 3441 2235 3497 Καὶ
2268 3439 2519 3514 μιμεῖται
2548 3440 2640 3495 τὸν
2675 3442 2731 3495 ὲν
2784 3438 3126 3517 Εὗαγγελίοις
3158 3436 3350 3517 τυφλόν
3385 3457 3400 3471 ·
3463 3436 3606 3503 πλὴν
3661 3436 3790 3494 ὅσον

2132 3536 2208 3603 τῷ
2243 3535 2446 3607 Χριστῷ
2479 3528 2578 3597 μὲν
2628 3530 2863 3601 ὶκεῖνος,
2920 3528 3072 3589 οὗτος
3134 3527 3188 3583 δὲ
3245 3534 3321 3601 τῷ
3369 3529 3599 3603 Χριστοῦ
3625 3528 3791 3606 θερά-

2129 3641 2281 3676 ποντι
2342 3618 2606 3699 πρόσεισι,
2670 3620 2754 3675 καὶ
2808 3617 3091 3698 φθέγγεται
3149 3618 3217 3674 τὰ
3264 3616 3468 3674 ἐκείνου
3522 3617 3658 3692 μετὰ
3688 3622 3794 3685 τῆς

2128 3711 2291 3775 αὐτῆς
2353 3708 2680 3787 θερμότητος
2740 3709 2827 3767 καὶ
2896 3715 2987 3765 τοῦ
3056 3710 3278 3777 παθους,
3356 3703 3617 3772 Ἐλέησόν
3692 3729 3789 3787 με,

2130 3799 2325 3877 λέγων,
2388 3800 2475 3855 καὶ
2533 3804 2644 3878 φῶς
2705 3821 2796 3875 μοι
2853 3810 2974 3863 τοῖς
3020 3796 3319 3876 ὀφθαλμοῖς
3369 3794 3574 3875 ὄρεξον,
3634 3798 3661 3853 ὁ
3693 3804 3797 3854 τοῦ

2129 3890 2303 3970 φωτὸς
2335 3886 2502 3953 ὅντως
2527 3889 2636 3953 υἱὸς
2666 3889 2753 3945 καὶ
2782 3892 2879 3955 τῆς
2922 3888 3168 3967 χάριτος,
3203 3887 3296 3941 ἵνα
3355 3886 3532 3965 κάγὼ,
3590 3888 3791 3955 θεατής

2128 3986 2235 4036 τῶν
2278 3976 2549 4058 ὁρωρένων
2589 3979 2790 4035 τούτων
2847 3979 3154 4057 γενόμενος,
3203 3978 3466 4048 θαυμάσω
3522 3977 3623 4050 μὲν
3677 3976 3786 4033 αὗ-

2128 4072 2234 4128 τὼν
2292 4070 2355 4124 τὸ
2416 4066 2702 4147 ἐξαίρετον,
2760 4067 2982 4143 ὑμνήσω
3039 4063 3094 4121 δὲ
3151 4064 3237 4122 διὰ
3298 4066 3405 4122 τῶν
3474 4065 3790 4140 κτισμάτων

2129 4162 2220 4216 τὸν
2266 4159 2543 4219 κτίσαντα.
2606 4160 2703 4216 Καὶ
2760 4165 2926 4215 ταῦτα
2981 4156 3078 4231 μὲν
3125 4156 3154 4211 ὁ
3204 4153 3397 4234 τυφλός
3432 4171 3448 4188 ⁶
3502 4158 3531 4211 ὁ
3580 4153 3636 4211 δὲ
3692 4162 3791 4213 τοῦ

2130 4248 2311 4312 ἐλέους
2365 4246 2570 4311 ἐκεῖνος
2630 4246 2922 4321 ἄνθρωπος,
2980 4245 3103 4303 ἰδὼν
3156 4245 3278 4309 τοὺς
3330 4247 3427 4320 μὲν
3474 4244 3787 4323 ὀφθαλμοὺς

2132 4335 2269 4414 μηδὲ
2300 4337 2516 4412 μετρίας
2550 4339 2717 4414 αὐγῆς
2777 4336 3128 4416 μετέχοιτας,
3194 4334 3295 4401 τὴν
3349 4333 3405 4389 δὲ
3459 4335 3634 4391 πίστιν
3686 4356 3789 4390 το-

396 4434 634 4497 eiﬁcere
664 4436 869 4510 etiam,
899 4445 963 4495 ut
985 4423 1221 4495 montes
1244 4432 1679 4494 transferantur
1697 4430 2048 4509 3,frangitur

2133 4428 2330 4494 σαύτην
2388 4424 2455 4492 ἥν
2513 4448 2674 4506 φησιν
2733 4427 2768 4494 ἡ
2826 4428 2937 4483 θεία
2992 4426 3145 4504 φωνὴ
3201 4425 3290 4480 καὶ
3326 4423 3424 4502 ὅρη
3464 4436 3646 4481 ποιεῖν
3675 4444 3789 4499 με-

395 4524 640 4605 quidem
670 4544 683 4587 :
711 4522 953 4606 (quidni
977 4523 1163 4599 enim,
1189 4541 1326 4585 cum
1359 4531 1521 4585 esset
1547 4520 1750 4584 animo
1781 4520 2046 4583 clemen-

392 4612 622 4677 tissimo
644 4621 703 4675 et
729 4611 1272 4692 mansuetissimo?)
1298 4621 1356 4674 et
1386 4611 1565 4674 simul
1597 4618 1859 4673 mentem
1884 4608 2047 4672 illius

393 4702 741 4767 examinans
776 4722 790 4767 :
851 4701 1004 4774 Quid
1033 4702 1110 4765 ad
1170 4720 1288 4777 me,
1323 4701 1542 4779 inquit,
1577 4722 1612 4762 ο
1669 4700 2044 4776 adolescens,

392 4791 611 4875 quaeris
642 4801 704 4855 ut
749 4811 821 4856 ea
863 4792 1107 4868 donem,
1143 4811 1275 4873 quae
1307 4809 1470 4854 meas
1524 4791 1677 4853 vires
1711 4796 2048 4872 superant?

391 4884 547 4959 Quid
584 4884 643 4947 in
668 4903 764 4947 me
803 4882 1002 4945 vidisti
1033 4881 1354 4963 ejusmodi,
1386 4889 1449 4944 ut
1476 4881 1536 4943 id
1564 4900 1600 4943 a
1626 4898 1722 4942 me
1754 4881 2043 4961 postules,

391 4974 549 5056 quod
562 4974 725 5039 solus
748 4978 942 5056 potest
961 4973 1203 5036 efﬁcere
1221 4972 1641 5035 universorum
1674 4969 1916 5052 Opifex?
1947 4970 2049 5032 llle

392 5065 552 5128 enim
586 5065 738 5145 haec,
768 5063 892 5139 ubi,
926 5073 987 5126 et
1020 5062 1286 5144 quando,
1317 5071 1379 5124 et
1406 5062 1477 5123 iis
1507 5059 1724 5142 quibus
1755 5060 1905 5141 vult,
1950 5061 2051 5123 dat

391 5152 846 5218 admirabiliter.
890 5151 995 5214 His
1037 5153 1263 5215 sensim
1316 5149 1514 5215 verbis
1541 5149 1788 5230 abigens
1837 5150 2047 5213 adole-

393 5254 685 5321 scentem,
719 5245 1113 5308 nihilominus
1141 5264 1280 5308 eum
1311 5244 1538 5326 aliquid
1569 5242 1799 5307 invenit
1827 5243 1902 5307 de
1932 5242 2051 5305 ﬁde

391 5335 825 5408 remittentem,
862 5353 1056 5416 neque
1106 5354 1142 5395 a
1170 5353 1279 5397 sua
1308 5334 1603 5416 petitione
1632 5342 1692 5395 et
1748 5331 2048 5395 desiderio

394 5424 806 5500 desistentem,
841 5424 951 5488 sed
1007 5442 1184 5490 voces
1227 5423 1425 5488 adhuc
1452 5422 1690 5488 ﬂebiles
1741 5421 2050 5485 emittebat

396 5522 456 5577 et
486 5514 881 5583 miserabiles.
910 5514 984 5578 Et
1027 5514 1402 5579 miserandus
1433 5512 1681 5596 quidem
1710 5512 1840 5593 ejus
1884 5511 2047 5576 vide-

473 5703 496 5749 ί
528 5703 554 5769 Ι
581 5702 728 5785 Reg.
762 5722 825 5783 ιι,
855 5703 958 5768 30.

2129 4518 2423 4592 θίστασθαι,
2457 4515 2741 4573 ἔπικλᾶται
2770 4515 2890 4591 μὲν,
2925 4521 3041 4579 πῶς
3072 4516 3173 4593 γὰρ
3206 4513 3266 4571 οὗ
3303 4532 3320 4587 ;
3369 4514 3555 4593 ψυχῆς
3601 4513 3674 4570 ὣν
3712 4517 3784 4582 ἡ-

2130 4608 2442 4686 μερωτάτης
2515 4606 2600 4665 καὶ
2672 4605 3065 4686 φιλανθρώπου,
3124 4606 3213 4661 καὶ
3264 4601 3376 4679 ἅμα
3429 4605 3529 4669 τὴν
3586 4603 3790 4659 ἐκείνου

2129 4698 2422 4775 βασανίζων
2461 4696 2709 4775 γνώμην.
2770 4695 2830 4753 Τί
2886 4717 3002 4770 μοι,
3063 4693 3265 4774 νεανία,
3328 4691 3465 4772 φησῖ
3523 4695 3785 4773 προσιὼν,

2130 4789 2197 4846 τὰ
2244 4786 2372 4866 ὑπὲρ
2430 4786 2526 4862 ἐμὲ
2583 4783 2780 4843 διδόναι
2841 4791 3078 4861 (utsic;
3140 4784 3200 4842 Τί
3257 4791 3498 4841 τοιοῦτον
3557 4782 3613 4839 ἐν
3666 4784 3791 4854 ἐμοὶ

2131 4876 2476 4952 θεασάμενος,
2513 4875 2660 4955 ἔργον
2689 4874 2940 4937 ἀπαιτεῖς
2995 4879 3270 4952 τοσοῦτον,
3324 4872 3353 4927 ὃ
3410 4873 3574 4947 μόνος
3607 4869 3791 4928 τελεῖν

2131 4968 2345 5031 δυνατὸς
2377 4968 2404 5024 ὁ
2430 4973 2537 5022 τῶν
2566 4964 2704 5022 ὅλων
2734 4962 3054 5041 δημιουργός
3091 4982 3107 5043 ;
3169 4960 3414 5024 Ἐκεῖνος
3465 4961 3568 5041 γὰρ
3621 4969 3792 5018 ταῦτα

2131 5056 2251 5115 ἔνθα
2311 5054 2407 5114 καὶ
2467 5054 2554 5112 ὅτε
2613 5056 2703 5113 καὶ
2756 5054 2845 5117 οἷς
2898 5052 3169 5132 βούλεται,
3221 5049 3530 5131 παραδόξως
3581 5048 3790 5114 δίδωσι,

2132 5149 2349 5213 Τούτοις
2407 5144 2584 5225 ἠρέμα
2643 5156 2760 5207 τοῖς
2810 5144 3013 5221 ῥήμασι
3055 5143 3148 5199 τὸν
3196 5141 3404 5199 νεανίαν
3476 5136 3787 5220 ἀποσοϐῶν,

2133 5234 2281 5297 οὐδέν
2309 5258 2359 5295 τι
2422 5234 2626 5312 μᾶλλον
2683 5232 2896 5311 εὕρισκε
2954 5232 3052 5300 τῆς
3105 5231 3333 5296 πίστεως
3381 5230 3633 5309 ὑφιέντα,
3668 5227 3791 5286 οὔδε

2132 5333 2232 5395 τῆς
2264 5329 2396 5405 πρὸς
2428 5327 2584 5384 αὐτὸν
2617 5322 2878 5395 αἰτήσεώς
2920 5345 2977 5380 τε
3019 5324 3106 5379 καὶ
3139 5327 3233 5389 τῆς
3264 5322 3437 5399 ὁρμῆς
3466 5318 3733 5377 ἐνδιδόντα
3769 5335 3786 5350 ⁶

2130 5416 2248 5474 ἀλλ’
2311 5417 2520 5495 οἰκτρὰς
2581 5415 2657 5472 ’ἑτι
2714 5414 2892 5495 φωνὰς
2963 5412 3131 5493 ἠφίει.
3210 5413 3308 5471 Καὶ
3386 5410 3615 5474 ἐλεεινὸς
3686 5410 3790 5484 μὲν

2132 5509 2336 5590 ἑωρᾶτο
2390 5513 2480 5564 τοῦ
2538 5503 2847 5587 σχήματος,
2903 5504 3205 5580 θαυμαστὸς
3263 5498 3319 5558 δὲ
3365 5511 3460 5560 τοῦ
3501 5500 3792 5580 φρονήμα-

1047 5702 1075 5747 9
1101 5703 1252 5767 Luc.
1284 5717 1451 5784 Lam,
1477 5701 1579 5769 35.
1660 5702 1747 5765 51
1778 5701 1918 5768 Cor.
1950 5717 2077 5780 xm,
2112 5700 2174 5763 2.
