4132 6474
324 351 435 417 365

1686 344 1868 417 VITA
1913 354 1973 416 S.
2019 354 2356 418 ΡΑΤΑΡΠ.

3601 361 3720 433 366

325 488 576 558 αῆσεως
636 484 841 560 ἕψεταί
896 506 980 544 σοι
1032 484 1095 543 τὸ
1150 482 1335 565 πέρας.
1394 484 1657 547 ’Ἤκουσεν
1714 492 1749 557 ἡ
1816 489 1975 569 γυνη,

2071 508 2251 570 quens
2282 490 2421 554 ﬁdei
2477 500 2766 574 sequetur
2811 494 3005 558 exitus
3055 503 3170 561 tuae
3226 500 3551 580 petitionis.
3586 504 3711 566 Au-

327 580 410 637 καὶ
463 575 641 654 βύθιόν
692 598 745 631 τι
814 576 1109 640 στενάξασα
1166 577 1251 633 καὶ
1322 579 1631 658 περιπαθὲς,
1709 581 1968 653 Πιστεύω,

332 671 501 747 Κύριε,
535 665 672 745 μέγα
727 665 1048 743 ἂνέκραγεν,
1099 669 1146 739 ᾦ
1198 664 1371 724 πάντα
1429 666 1563 735 δῆλα
1612 671 1698 726 καὶ
1751 672 1968 750 φανερά,

329 758 498 817 ’Ἱασαί
543 779 649 832 μου
693 758 759 813 τὸ
812 756 1137 835 σύντριμμα,
1195 758 1257 813 τὸ
1315 755 1614 823 πολυπαθὲς
1660 767 1814 817 τοῦτο
1869 783 1972 817 κα-

329 850 415 906 κὸν
470 848 645 906 ἴασαι.
705 846 778 904 0'3
808 844 954 926 φέρω
1005 846 1100 910 τὰς
1156 845 1476 925 ἀλγηδόνας,
1535 852 1702 915 αὐτῆς
1743 872 1843 925 μου
1871 855 1970 916 τῆς

324 935 534 1016 καρδίας
604 934 978 1010 διικνουμένας
1049 934 1146 991 καΐ
1214 935 1499 1000 ὠδινούσας
1571 941 1663 994 τὸν
1724 941 1969 1001 θάνατον,

320 1025 500 1090 Οὕτως
569 1025 737 1093 αὒτὴν
805 1025 923 1081 λίαν
994 1023 1260 1104 περιαλγῆ
1331 1028 1624 1104 γενομένην
1695 1029 1966 1105 ἑωρακὼς,

321 1117 682 1174 ὑποδεικνύειν
738 1115 881 1187 αὖτῳ
938 1121 1033 1174 τοῦ
1089 1118 1285 1181 πάθους
1342 1118 1435 1173 τὸν
1505 1118 1669 1173 τόπον
1738 1116 1969 1191 ἐκέλευε,

327 1209 410 1262 καὶ
462 1205 530 1273 δὴ
584 1211 665 1278 τῷ
718 1205 977 1282 τραύματι
1034 1204 1135 1271 τὴν
1192 1218 1358 1284 χεῖρα
1404 1208 1800 1285 προσενεγκὼν,
1853 1208 1977 1264 εἶτα

332 1296 414 1352 καὶ
440 1303 519 1370 τῷ
548 1300 762 1373 στατρῷ
789 1293 1106 1373 σφραγίσας,
1167 1290 1232 1350 Ὦ
1283 1295 1458 1373 γύναι,
1520 1298 1668 1376 φησὶ,
1734 1297 1974 1377 χαλεπὸν

327 1385 447 1442 οἶδα
478 1388 542 1442 τὸ
571 1386 763 1457 πάθος,
790 1382 1036 1463 χαλεπὸν
1068 1386 1154 1440 καὶ
1183 1382 1447 1447 δυσίατον,
1475 1388 1622 1453 Πλὴν
1652 1384 1786 1443 ἀλλὰ
1817 1388 1912 1443 καί
1939 1388 1976 1455 ἡ

325 1477 497 1537 πίστις
532 1476 595 1532 τὸ
627 1476 794 1535 πάθος
824 1479 966 1553 νικᾷ,
999 1474 1087 1529 καὶ
1143 1476 1178 1541 ἡ
1227 1473 1377 1539 ἐλπὶς
1428 1482 1717 1553 καρποῦται
1748 1476 1847 1542 τὴν
1879 1475 1973 1533 ia-

222 1574 225 1585 '
326 1588 432 1624 σιν.
470 1562 710 1621 Ἀπελθε
738 1562 826 1620 οὖν
858 1563 946 1618 σὺν
975 1564 1185 1641 εἰρήνη,
1230 1563 1470 1643 ὑγίασταί
1498 1586 1589 1621 σου
1634 1566 1693 1621 τὸ
1746 1573 1972 1645 τραῦμα,

322 1656 405 1713 καθ
466 1656 503 1723 ἡ
567 1651 725 1720 ὀδύνη
783 1652 1121 1727 κεκοίμηται.
1185 1652 1338 1727 ’Ἅμα
1380 1652 1526 1711 ταῦτ’
1581 1654 1754 1732 ἔλεγε,
1787 1657 1880 1712 καὶ
1910 1661 1978 1731 τῇ

327 1747 542 1822 γυναικὶ
576 1745 635 1800 τὸ
665 1742 825 1808 πάθος
856 1742 1104 1816 ἐπαύετο,
1135 1744 1222 1800 καὶ
1248 1745 1274 1799 ὁ
1304 1746 1504 1818 μασθὸς
1564 1743 1686 1809 ὅλος
1717 1742 1976 1803 ἐδείκνυτο

2055 579 2199 641 divit
2230 580 2469 664 mulier,
2502 589 2729 646 etcum
2762 601 2835 647 ex
2889 584 3011 647 imo
3062 579 3485 652 miserabiliter
3531 591 3712 669 inge-

2058 670 2306 733 muisset
2335 691 2349 731 :
2381 671 2597 749 Credo,
2625 673 2900 750 Domine,
2930 691 3142 752 magna
3160 695 3306 739 voce
3324 678 3710 760 exclamavit,

2057 762 2148 819 cui
2178 768 2317 821 sunt
2345 762 2547 824 omnia
2575 770 2781 843 aperta
2808 770 2865 825 et
2898 764 3235 848 manifesta,
3268 768 3515 831 medere
3544 771 3715 848 gravi

2058 866 2205 909 meae
2217 851 2739 940 aerumnaemredo,
2761 850 3047 940 Domine:
3077 855 3216 917 huic
3240 856 3396 918 malo
3422 858 3709 940 medere;

2058 955 2177 998 non
2208 938 2332 999 fero
2366 939 2627 1015 dolores,
2687 939 2789 1023 qui
2846 960 2951 1003 cor
3008 961 3207 1005 meum
3267 956 3616 1024 penetrant,
3652 938 3713 1009 et

2058 1036 2311 1088 mortem
2344 1029 2697 1108 parturiunt.
2734 1029 2881 1093 Cum
2914 1047 3046 1093 eam
3076 1030 3324 1095 vidisset
3352 1036 3502 1098 adeo
3559 1054 3714 1099 cru~

2058 1116 2293 1193 cialam,
2319 1117 2491 1196 jubet
2534 1135 2664 1179 eam
2695 1117 2752 1179 ei
2780 1118 3101 1181 ostendere
3134 1121 3331 1183 locum
3367 1123 3563 1185 morbi
3597 1144 3612 1205 ;
3650 1133 3711 1186 et

2062 1222 2196 1265 cum
2229 1223 2466 1267 manum
2511 1205 2874 1268 admovisset
2921 1208 3177 1289 vulneri,
3235 1219 3292 1270 et
3340 1228 3473 1272 eam
3531 1230 3718 1276 cruce

2061 1298 2388 1372 signasset:
2423 1291 2471 1358 Ο
2506 1294 2743 1371 mulier,
2773 1295 2990 1374 inquit,
3022 1298 3148 1358 scio
3208 1298 3488 1362 morbum
3543 1309 3709 1365 tuum

2061 1400 2192 1444 esse
2222 1400 2492 1461 gravem,
2528 1393 2589 1445 et
2615 1393 2825 1445 curatu
2874 1384 3174 1448 difﬁcilem
3204 1408 3218 1450 :
3246 1396 3522 1451 caeterum
3556 1390 3710 1453 ﬁdes

2064 1472 2243 1533 vincit
2270 1472 2676 1550 affectionem,
2738 1484 2799 1536 et
2842 1492 2982 1555 spes
3033 1476 3288 1557 percipit
3317 1480 3708 1545 curationem.

2063 1560 2181 1623 Abi
2212 1580 2351 1641 ergo
2384 1562 2447 1623 in
2480 1580 2624 1641 pace
2660 1583 2676 1640 ;
2731 1571 3001 1625 sanatum
3056 1571 3145 1626 est
3190 1564 3358 1627 ulcus
3413 1575 3601 1644 tuum,
3655 1576 3715 1630 et

2061 1651 2289 1730 sopitus
2319 1660 2408 1713 est
2446 1650 2638 1713 dolor.
2674 1649 2866 1714 Simul
2897 1660 3077 1734 atque
3108 1653 3235 1715 haec
3278 1652 3448 1731 dixit,
3484 1664 3543 1717 et
3577 1674 3716 1718 mu«

2063 1739 2196 1800 lieri
2224 1739 2473 1802 cessavit
2502 1740 2758 1817 affectio,
2806 1747 2865 1803 et
2918 1740 3182 1804 mamilla
3232 1743 3417 1806 evasit
3468 1745 3714 1809 omnino

335 1835 510 1913 δγιὴς.
541 1833 797 1898 Τοιαύτης
825 1832 917 1888 οὖν
964 1831 1149 1899 ἐκείνη
1176 1837 1275 1900 τῆς
1324 1832 1545 1913 χάριτος
1599 1834 1967 1906 ἀπολαύσασα,

2071 1847 2222 1891 sana.
2258 1830 2406 1890 Cum
2438 1829 2541 1890 illa
2564 1838 2724 1892 esset
2752 1830 2928 1893 talem
2958 1839 3284 1895 consecuta
3307 1832 3579 1913 gratiam,
3605 1835 3718 1897 fuit

341 1925 541 2001 μάρτυς
572 1924 695 2001 πρὸς
721 1922 958 1985 ἅπαντας
1006 1923 1095 1978 καὶ
1137 1921 1297 2000 κῆρυξ
1327 1922 1529 2002 ἐγίνετο
1560 1925 1654 1992 τῆς
1711 1926 1828 2002 περὶ
1885 1927 1975 1981 τὸν

339 2014 515 2089 μέγαν
547 2013 681 2077 θείας
730 2010 815 2068 καί
866 2009 1162 2090 παραδόξου
1216 2014 1323 2068 τῶν
1377 2014 1617 2089 ἰαμάτων
1677 2011 1975 2086 δυνάμεως,

418 2103 513 2162 H’.
588 2100 669 2167 Ἐξ
719 2102 929 2181 ὀνύχων
987 2103 1017 2157 ὁ
1065 2101 1226 2181 λέων,
1280 2100 1341 2158 ἐκ
1386 2104 1655 2159 τοσούτων
1702 2102 1863 2171 δῆλος
1917 2103 1979 2160 ἂν

322 2195 465 2267 ἡμῖν
508 2191 715 2270 γένοιτο
775 2191 870 2246 καί
932 2196 1223 2254 Παταπιος.
1290 2180 1485 2250 Ὀποτα
1533 2193 1630 2267 μὲν
1661 2194 1760 2272 γὰρ
1795 2194 1860 2250 τὰ
1889 2192 1978 2251 ὑπ’

315 2283 524 2342 ἐκείνου
582 2280 902 2357 τελούμενα,
971 2280 1056 2338 καί
1141 2282 1303 2337 ταῦτα
1372 2278 1583 2339 δύναται
1667 2289 1926 2360 παριστᾷ-ι
1962 2300 1975 2313 ·

317 2373 493 2429 ὁπόσα
551 2370 609 2428 δὲ
664 2373 726 2428 τὸ
770 2368 975 2435 πλῆθος
1032 2368 1208 2449 λέγειν
1256 2368 1600 2448 βουλόμενος,
1661 2371 1861 2430 πολλοῦ
1918 2371 1982 2429 ἂν

320 2461 543 2532 ἐἶεηθην
601 2462 693 2517 καὶ
756 2459 919 2537 λόγου
979 2460 1062 2515 καὶ
1131 2460 1350 2540 χρόνου,
1421 2459 1575 2517 Ἀλλ’
1644 2461 1825 2541 ὥσπερ
1896 2464 1981 2520 ἐπὶ

331 2549 618 2631 σφραγῖδος
651 2556 782 2625 μιᾶς
815 2550 902 2606 καὶ
933 2554 1031 2616 τῆς
1061 2550 1223 2616 αὐτῆς
1257 2548 1420 2616 οὔσης
1474 2549 1620 2609 οὐδὲν
1671 2550 1756 2607 δεῖ
1808 2551 1979 2609 πολυ-

328 2653 658 2721 πραγμονεῖν
691 2641 855 2721 χάριν
884 2641 953 2705 ἧς
982 2637 1101 2718 ἔχει
1130 2636 1426 2720 δυνάμεως,
1457 2640 1555 2697 κᾶν
1613 2640 1782 2698 πλείω
1830 2645 1866 2719 ᾖ
1916 2644 1981 2698 τὰ

320 2733 651 2812 τυπούμενα,
706 2737 805 2787 κᾶν
859 2729 1086 2787 ἐλάττω·
1151 2729 1287 2787 οὔτω
1340 2732 1598 2789 κάνταῦθα
1661 2730 1807 2790 οὐδὲν
1836 2734 1980 2807 ἡμᾶς

317 2825 435 2904 χρὴ
462 2830 560 2879 τοῦ
610 2819 849 2889 πλήθους
899 2819 1060 2900 χάριν
1113 2819 1569 2900 περιεργάζεσθαιο
1631 2818 1981 2897 παραπλησία

324 2916 424 2991 γὰρ
485 2913 523 2981 ἡ
581 2916 747 2991 χάρις
805 2908 901 2966 καί
962 2907 1177 2985 δύναμις
1232 2911 1267 2978 ἡ
1322 2911 1479 2980 αὐτή.
1550 2917 1839 2988 Τοιγαροῦν
1900 2909 1984 2967 ἐπὶ

328 3003 431 3068 τὴν
460 3000 661 3061 ἑκείνου
685 2999 938 3068 τελευτὴν
982 2997 1087 3067 ἤδη
1117 2998 1392 3078 τρεπτέον,
1452 3001 1540 3056 καὶ
1596 3001 1659 3057 τὸ
1710 3007 1804 3056 τοῦ
1871 3001 1985 3076 βίου

329 3089 484 3155 τέλος
516 3093 663 3165 αύτῷ
694 3091 782 3146 καὶ
802 3091 939 3165 ἡμῖν
968 3087 1120 3153 τέλος
1151 3091 1243 3145 τοῦ
1272 3087 1432 3167 λόγου
1462 3088 1706 3168 γινέσθω.

408 3180 499 3242 Θ’.
551 3182 723 3242 Οὗτος
776 3180 805 3234 ὁ
862 3177 1029 3255 μέγας
1075 3187 1163 3237 τοῦ
1221 3184 1354 3238 Θεοῦ
1410 3174 1680 3256 ἅνθρωπος
1744 3181 1827 3235 καὶ

312 3271 521 3348 ἀρετῆς
556 3267 789 3336 ἀληθοῦς
820 3266 1066 3348 ἔμψυχος
1124 3267 1309 3342 τύπος,
1370 3270 1460 3324 τὸν
1509 3269 1695 3326 ἑαυτοῦ
1733 3269 1842 3345 βίον
1874 3291 1977 3324 κα-

314 3360 684 3436 τακοσμήσεις
744 3358 800 3414 έν
857 3357 1084 3437 ἀγαθοῖς
1143 3356 1317 3436 ἔργοις
1388 3359 1475 3415 καὶ
1539 3359 1822 3435 θαύμασιν,
1891 3357 1979 3415 ὅτε

318 3449 636 3525 ἆπτιδημεῖν
667 3446 884 3523 ἔμελλε,
942 3445 1148 3524 μᾶλλον
1179 3445 1233 3503 δὲ
1264 3447 1394 3526 πρὸς
1425 3446 1523 3515 τὴν
1581 3449 1769 3504 ἑαυτοῦ
1824 3450 1979 3504 πόλιν

327 3539 639 3615 ima-qustu,
702 3540 788 3594 καὶ
835 3539 896 3593 τὸ
927 3550 1156 3611 σημεῖον
1212 3536 1346 3617 ἤρθη
1407 3535 1459 3603 ἐξ
1510 3541 1750 3614 οιῦρανοῦ,
1805 3540 1981 3613 παρῆν

338 3627 606 3703 μὲναότῷ
633 3634 740 3684 πᾶν
771 3626 896 3684 ’ὅσον
949 3627 1242 3694 ἀσκητικὸν
1299 3628 1392 3686 καί
1452 3624 1756 3707 φιλάρετον,
1817 3625 1976 3682 λελο-

343 3716 617 3797 πημένοι,
696 3715 1106 3796 δεδακρυμένοι,
1193 3715 1290 3783 τὴν
1372 3715 1573 3772 ἐκείνου
1659 3713 1980 3788 μετάστασιν

349 3808 540 3871 κοινὴν
605 3806 841 3887 ὀρφανίαν
913 3806 1237 3885 νομίζοντες,
1313 3806 1374 3860 τὸ
1424 3806 1591 3884 χωρὶς
1640 3803 1840 3861 ἐκείνου
1884 3811 1980 3883 ζῇν

344 3899 527 3952 κοινὸν
590 3897 804 3954 θάνατον
875 3896 1250 3974 ὀνομάζοντες,
1323 3895 1610 3969 νικώμενοι
1680 3900 1759 3968 τῷ
1827 3895 1981 3953 πάθει

335 3989 433 4044 τὸν
487 3986 771 4066 λογισμὸν,
828 3987 917 4043 καὶ
970 3987 1043 4050 εἷς
1102 3985 1297 4065 φανερὰ
1353 3982 1545 4062 δάκρυα
1602 3984 1981 4062 καταγόμενοι,

329 4079 420 4134 καὶ
454 4083 547 4135 τὸν
579 4076 858 4157 χωρισμόν
886 4077 1218 4150 αἰτιώμενοι,
1275 4075 1471 4152 Πάτερ,
1530 4071 1802 4151 λέγοντες,
1857 4075 1982 4154 φίλ-

327 4189 487 4247 τατε,
546 4168 723 4244 Πάτερ
773 4164 1089 4245 γλυκύτατε,
1145 4165 1196 4221 τί
1261 4165 1339 4240 μὴ
1410 4161 1718 4241 φιλότεκνος
1787 4165 1984 4243 ἐφάνης

324 4258 430 4314 κᾶν
487 4256 666 4329 τούτῳ
720 4254 819 4323 την
873 4252 1129 4329 ἐκδημίαν
1204 4252 1595 4333 ἐπιταχύνας;
1655 4253 1736 4328 Τί,
1790 4254 1984 4332 Πάτερ,

323 4347 563 4426 ἐρημὶαν
594 4359 711 4409 τοῖς
744 4345 892 4401 παισὶ
946 4342 1266 4423 προξενεῖς;
1325 4343 1390 4401 Τί
1446 4344 1575 4419 πρὸς
1634 4340 1803 4409 ἄλλην
1842 4342 1985 4399 ἀπο-

322 4433 530 4513 δημεῒς
589 4432 862 4512 πατρίδα;
924 4435 985 4494 Τί
1041 4433 1119 4510 μὴ
1175 4432 1427 4512 πρότερον
1511 4432 1817 4509 μετῴκισας
1900 4432 1989 4489 καὶ

321 4528 501 4601 ἡμᾶς,
562 4521 620 4579 εἴ
674 4546 756 4588 τις
812 4522 1029 4600 δύναμις
1068 4541 1084 4598 ;
1125 4521 1213 4586 Τίς
1268 4524 1295 4578 ὁ
1344 4523 1481 4599 μετὰ
1529 4522 1588 4578 σὲ
1636 4522 1852 4579 παύσων
1883 4522 1984 4597 μὲν

1884 3185 1979 3247 τῆς
1999 3228 2041 3280 c

2064 1918 2218 1998 apud
2245 1936 2454 1980 omnes
2484 1917 2649 1981 testis
2679 1928 2739 1980 et
2769 1919 3146 2001 praedicatrix
3177 1920 3393 1984 divinae
3425 1930 3484 1984 et
3514 1922 3715 1987 admi-

2063 2007 2273 2069 rabilis
2304 2008 2503 2088 magni
2530 2007 2758 2089 Patapii
2789 2010 3022 2089 virtutis
3052 2010 3448 2073 curationum.

2150 2095 2298 2160 Vill.
2332 2095 2416 2159 Ex
2448 2097 2745 2178 unguibus
2773 2099 2892 2180 leo,
2954 2116 3027 2161 ex
3059 2099 3153 2161 his
3212 2098 3387 2163 nobis
3436 2101 3714 2181 cognitus

2060 2185 2241 2249 fuerit
2274 2187 2569 2270 Patapius.
2603 2191 2751 2253 Nam
2785 2187 2981 2270 qualia
3014 2188 3256 2270 quidem
3310 2188 3552 2264 fuerint,
3582 2209 3716 2272 qum

2063 2275 2137 2338 ab
2167 2276 2269 2338 illo
2303 2277 2554 2359 ﬁebant,
2586 2279 2714 2340 haec
2747 2287 2996 2359 possunt
3044 2278 3391 2343 ostendere.
3440 2278 3505 2341 Si
3533 2299 3713 2359 quam

2068 2366 2252 2427 multa
2281 2374 2479 2429 autem
2500 2368 2713 2431 vellem
2747 2367 2974 2450 dicere,
3006 2386 3157 2449 opus
3187 2377 3345 2431 esset
3375 2368 3550 2448 longa
3580 2388 3713 2432 ora-

2064 2455 2225 2517 tione
2246 2465 2305 2518 et
2331 2467 2620 2539 tempore.
2657 2456 2773 2520 Sed
2797 2460 3095 2537 quomodo
3126 2457 3189 2520 in
3210 2458 3711 2540 signaculo,quod

2066 2554 2155 2608 est
2181 2564 2366 2607 unum
2390 2556 2450 2609 et
2472 2546 2658 2622 idem,
2684 2546 2835 2608 nihil
2856 2554 3092 2628 oportet
3110 2547 3288 2610 anxie
3310 2549 3615 2628 inquirere
3635 2549 3711 2610 de

2067 2653 2156 2711 ea,
2192 2653 2369 2715 quam
2405 2631 3052 2718 habet,potestate,3eu
3080 2636 3203 2700 sint
3233 2637 3539 2719 plura,seu
3560 2656 3710 2719 pau-

2065 2725 2226 2787 ciora
2257 2743 2349 2801 ea,
2399 2744 2531 2806 quae
2580 2726 3049 2807 imprimuntur:
3082 2726 3164 2789 ita
3194 2725 3293 2788 hic
3324 2745 3560 2808 quoque
3590 2745 3713 2789 non

2065 2821 2300 2895 oportet
2328 2814 2505 2876 nimis
2536 2815 2773 2878 curiose
2802 2816 3058 2879 scrutari
3113 2814 3581 2880 multitudinem.
3613 2814 3711 2879 Si-

2070 2901 2228 2963 milis
2258 2903 2415 2966 enim
2446 2904 2655 2986 gratia,
2684 2904 2975 2968 eteadem
2995 2912 3279 2985 potestas.
3306 2902 3717 2967 Convertenda

2068 2999 2161 3053 est
2190 3009 2332 3070 ergo
2365 2994 2553 3057 oratio
2580 2994 2654 3055 ad
2686 2992 2850 3055 illius
2900 2994 3213 3056 decessum
3246 3012 3259 3055 :
3316 3002 3377 3057 et
3405 2995 3534 3073 ejus
3587 2994 3717 3056 vita;

2068 3080 2205 3143 ﬁnis
2237 3080 2313 3142 sit
2345 3082 2518 3144 nobis
2551 3101 2789 3164 quoque
2816 3084 2951 3144 ﬁnis
2981 3083 3298 3145 orationis.

2148 3169 2245 3235 IX.
2280 3171 2378 3233 Sic
2413 3190 2658 3250 magnus
2685 3171 2787 3234 ille
2810 3172 2990 3234 homo
3013 3171 3146 3247 Dei,
3167 3182 3226 3235 et
3246 3189 3454 3236 revera
3483 3170 3715 3234 virtutis

2065 3261 2372 3343 exemplar
2415 3264 2770 3339 animatum,
2816 3280 2953 3325 cum
3003 3262 3178 3325 vitam
3227 3280 3393 3325 suam
3444 3269 3719 3325 ornasset

2064 3350 2237 3413 bonis
2266 3350 2435 3415 factis
2467 3360 2522 3414 et
2576 3351 2902 3427 miraculis,
2955 3372 3090 3416 cum
3140 3361 3299 3415 esset
3335 3368 3712 3427 excessurus,

2064 3441 2181 3502 imo
2211 3460 2347 3503 vero
2387 3440 2448 3504 in
2481 3461 2648 3505 suam
2682 3441 2979 3505 civitatem
3012 3443 3416 3524 profecturus,
3463 3450 3522 3503 et
3565 3438 3717 3502 sub-

2064 3530 2245 3592 latum
2278 3539 2438 3593 esset
2489 3551 2521 3593 e
2569 3531 2715 3593 coelo
2765 3533 3028 3612 signum,
3080 3532 3236 3613 apud
3299 3549 3436 3594 eum
3472 3529 3716 3611 quidem

2062 3621 2332 3696 aderant,
2362 3624 2703 3702 quicunque
2733 3639 2799 3683 se
2830 3621 3186 3684 dediderant
3214 3618 3627 3684 exercitationi
3658 3628 3718 3680 et

2064 3719 2237 3773 erant
2266 3720 2535 3772 amantes
2563 3710 2817 3789 virtutis,
2859 3728 3119 3774 mmrore
3172 3711 3368 3774 affecti
3418 3719 3477 3772 et
3519 3710 3714 3789 lacry-

2067 3808 2320 3877 manles,
2380 3799 2541 3861 illius
2602 3800 3019 3879 migrationem
3075 3818 3454 3864 communem
3502 3797 3714 3860 existi-

2069 3896 2300 3951 mantes
2329 3887 2667 3969 orbitatem,
2697 3890 2828 3951 sine
2857 3889 2961 3953 illo
2991 3890 3190 3953 vivere
3244 3896 3498 3951 mortem
3544 3905 3715 3950 com-

2069 3997 2309 4040 munem
2343 3979 2745 4059 nominantes,
2787 3979 2997 4042 dolore
3040 3978 3353 4042 vincentes
3392 3980 3713 4058 rationem,

2070 4077 2128 4131 et
2157 4071 2216 4129 in
2241 4075 2476 4149 apertas
2508 4075 2889 4148 erumpentes
2919 4068 3234 4149 lacrymas,
3268 4077 3327 4132 et
3350 4084 3720 4148 conqueren-

2069 4164 2158 4219 tes
2189 4157 2263 4220 de
2296 4158 2712 4238 separatione:
2770 4155 2966 4233 Pater,
3004 4156 3298 4234 dicentes,
3334 4156 3711 4233 charissime,

2070 4248 2245 4310 Pater
2282 4246 2656 4324 suavissime,
2705 4264 2813 4308 cur
2851 4265 2962 4308 nos
3006 4246 3161 4309 ﬁlius
3204 4245 3482 4327 diligens,
3526 4262 3713 4324 appa-

2068 4338 2237 4401 ruisti
2273 4337 2359 4400 sic
2390 4337 2705 4400 decessum
2735 4335 3078 4400 accelerans
3098 4340 3125 4396 ?
3180 4338 3296 4400 Cur
3326 4333 3510 4416 patris
3542 4333 3716 4395 orbi-

2068 4443 2237 4496 tatem
2262 4435 2395 4494 tiliis
2418 4435 2694 4494 concilias
2713 4435 2743 4493 ?
2778 4436 2892 4494 Cur
2921 4436 3139 4508 migras
3161 4436 3219 4492 in
3237 4435 3411 4493 aliam
3434 4432 3718 4506 patriam?

2069 4516 2184 4581 Cur
2214 4536 2331 4580 non
2363 4536 2470 4579 nos
2496 4536 2734 4599 quoque
2765 4516 2932 4599 prius
2977 4535 3047 4580 eo
3069 4514 3425 4596 amandasti,
3453 4513 3503 4575 si
3527 4519 3721 4595 potest

323 4585 538 4691 λύπην,
601 4585 951 4695 θεραπεύσων.
992 4585 1282 4687 δὲ’σῶμα,
1341 4585 1624 4689 ίασόμενος
1684 4608 1738 4668 δὲ
1798 4585 1980 4691 φυγὴν

2074 4608 2203 4670 ﬁcri
2227 4615 2256 4671 ’ἱ
2285 4608 2431 4683 Quis
2460 4585 2551 4670 est
2583 4585 2685 4688 qui
2735 4585 2867 4689 post
2910 4614 2969 4669 te
3022 4606 3101 4669 sit
3131 4605 3375 4695 quidem
3407 4585 3721 4668 sedaturus

324 4704 507 4785 λόγῳ,
568 4704 670 4781 βίῳ
724 4705 812 4760 καὶ
870 4703 1147 4778 θαύμασις
1202 4702 1333 4759 Ποία
1390 4702 1573 4759 λοιπὸν
1634 4701 1783 4765 ἐλπίς
1817 4719 1834 4777 ;
1866 4700 1991 4785 ποία

329 4783 455 4859 τοῖς
485 4783 609 4859 σοῖς
642 4793 848 4859 τέκνοις
878 4792 1134 4873 ἀναψυχή
1169 4813 1187 4869 ;
1217 4798 1323 4850 Φεῦ
1350 4790 1364 4854 !
1418 4792 1526 4858 πῶς
1586 4791 1687 4861 τὴν
1749 4783 1988 4869 πληγηδ,

334 4889 452 4949 πῶς
485 4890 585 4953 τῆν
615 4882 889 4963 συμφορὰν
916 4882 1215 4961 ἒνέγκωμεν
1252 4903 1269 4964 ;

420 5064 465 5124 1'
495 5063 672 5126 Ταῦτα
704 5062 804 5138 μὲν
837 5061 1060 5139 ἐκεῖνοι,
1094 5063 1156 5118 τὸ
1193 5062 1357 5126 πάθος
1411 5064 1485 5126 ὡς
1547 5060 1770 5124 ἕκαστος
1830 5062 1990 5141 εἶχεν

341 5151 815 5234 ἐκτραγιμδώντες.
879 5157 939 5213 Ὀ
998 5150 1078 5227 δὲ,
1136 5154 1224 5209 καὶ
1279 5154 1409 5231 πρὸς
1465 5152 1559 5209 τὸν
1613 5152 1835 5213 θάνατον
1894 5150 1989 5208 ού-

332 5241 413 5303 δὲν
470 5245 714 5327 πάσχων
768 5243 987 5323 ἀγεννὲς
1042 5242 1129 5298 καὶ
1181 5240 1466 5322 φιλόζωον,
1536 5240 1622 5298 καὶ
1678 5243 1806 5320 πρὸς
1869 5241 1991 5306 τοὺς

324 5340 692 5417 περιεστῶτας
806 5330 1173 5415 φιλοστόργως
1287 5329 1711 5417 ἐπικλινόμενος,
1820 5329 1995 5407 ἠρέμα

318 5416 489 5492 τείνας
550 5429 617 5487 τὸ
676 5426 864 5503 ὄμμα,
924 5424 1014 5480 καὶ
1070 5423 1199 5501 πρὸς
1252 5421 1440 5483 αὐτοὺς
1496 5416 1719 5493 ἀπιδὼν,
1768 5420 1856 5487 Μὴ
1898 5417 1993 5476 ού-

313 5540 443 5595 τως,
505 5521 639 5603 ἔφη,
706 5515 945 5600 φίλτατα
1004 5511 1188 5591 τέκνα,
1262 5510 1342 5587 μὴ
1413 5507 1552 5567 οὕτω
1619 5509 1833 5588 θρήνοις
1903 5511 1994 5566 τὸν

307 5597 561 5695 ὑμέτεροᾷ
589 5597 823 5688 Πκτέρα
856 5601 1247 5695 προπέμψητε,
1277 5691 1288 5695 _
1308 5598 1457 5695 ἀλλὰ.
1504 5597 1711 5695 μᾶλλον
1735 5690 1747 5695 _
1769 5602 1993 5695 εὐχαῖς,

303 5685 375 5765 Te
426 5685 529 5785 μὶν
589 5703 700 5788 γὰρ
747 5685 982 5761 έαοτούς
1039 5712 1098 5749 τε
1161 5690 1301 5770 κάμὲ
1358 5688 1595 5769 βλάπτον
1644 5688 1776 5771 ἐστὶ,
1836 5690 1897 5746 τὸ
1938 5685 1993 5746 δὲ

2075 4696 2367 4779 dolorem,
2403 4716 2619 4778 corpus
2650 4715 2790 4760 vero
2836 4703 3176 4771 curaturus,
3228 4694 3489 4757 animam
3518 4700 3720 4755 antem

2078 4787 2479 4849 medicaturus
2510 4785 2804 4861 oratione,
2831 4794 2949 4847 vita
2975 4792 3040 4847 et
3059 4783 3363 4848 miraculis
3383 4781 3414 4844 ?
3435 4780 3720 4856 Quaenam

2077 4886 2167 4940 est
2198 4895 2336 4957 spes
2357 4875 2433 4938 de
2453 4886 2667 4938 caetero
2693 4874 2717 4937 Υ
2738 4874 3018 4947 Quaenam
3042 4874 3182 4937 ﬁliis
3204 4874 3320 4937 tuis
3342 4870 3671 4935 consolatio
3695 4876 3723 4933 ’ἐ

2076 4963 2206 5028 Heu
2238 4965 2538 5047 quomodo
2569 4965 2834 5027 feremus
2861 4962 3262 5027 calamitatem
3284 4961 3315 5021 ?

2156 5055 2233 5119 Χ.
2270 5054 2407 5117 Haec
2457 5054 2544 5116 illi
2595 5054 2863 5136 quidem,
2897 5072 3127 5129 casum,
3159 5060 3222 5115 ut
3272 5058 3502 5135 poterat
3533 5069 3725 5114 unus-

2075 5147 2355 5230 quisque,
2390 5144 2610 5224 tragice
2641 5144 3044 5226 deplorantes.
3070 5143 3179 5207 Ille
3198 5161 3338 5206 vero
3361 5160 3425 5204 se
3444 5142 3733 5206 adversus

2079 5244 2331 5298 mortem
2347 5233 2561 5296 fortem
2576 5233 2993 5315 ostendens,et
3008 5231 3143 5297 vitae
3166 5232 3409 5296 minime
3422 5232 3726 5313 cupidum,

2077 5325 2150 5388 ad
2183 5342 2287 5386 eos
2317 5325 2421 5406 qui
2450 5322 2920 5387 circumstabant
2969 5341 3035 5386 se
3089 5330 3358 5386 amanter
3405 5321 3731 5393 inclinans,

2079 5414 2301 5478 sensim
2334 5413 2543 5476 oculos
2565 5413 2867 5495 attollens,
2888 5421 2947 5477 et
2969 5413 3042 5476 ad
3068 5432 3172 5476 eos
3195 5413 3436 5477 intuens
3462 5430 3477 5476 :
3503 5413 3594 5477 Ne
3614 5410 3731 5491 sic,

2082 5525 2117 5568 ο
2177 5503 2537 5582 charissimi,
2594 5523 2672 5567 ne
2727 5503 2815 5566 sic
2872 5512 3133 5568 vestrum
3166 5505 3402 5567 Patrem
3457 5500 3735 5582 lacrymis

2086 5593 2545 5678 prosequimini,
2607 5593 2715 5657 sed
2771 5594 2971 5677 potius
3025 5593 3328 5675 precibus.
3387 5590 3534 5655 Nam
3586 5588 3736 5653 illud

2086 5683 2330 5768 quidem
2363 5692 2422 5748 et
2449 5701 2553 5747 vos
2582 5692 2642 5746 et
2697 5702 2793 5748 me
2840 5682 3041 5750 laedit:
3072 5678 3190 5747 lioc
3254 5691 3453 5748 autem
3510 5678 3735 5764 praebet
