4132 6422
418 349 532 416 367

1723 351 2004 414 MENSIS
2060 347 2489 413 DECEMBER.

3690 337 3808 410 368

415 487 726 550 auxilium.
788 487 887 550 Sic
944 507 1076 550 eum
1137 504 1344 548 eorum
1420 485 1642 548 luctum
1694 483 1961 547 sedasset
2010 491 2068 546 et

2160 486 2400 554 Βοήθειαν
2465 484 2862 563 παρεχόμενον.
2923 481 3103 546 Οὕτως
3163 482 3348 544 αὐτοῖς
3420 481 3626 550 στήσας
3683 481 3808 543 τοὺς

420 576 655 658 ﬂetum,
691 587 750 640 et
779 578 854 639 de
882 579 1081 640 anima
1112 586 1170 638 et
1201 577 1274 638 de
1307 576 1502 638 futura
1551 574 1676 637 illic
1722 575 1839 636 vita
1892 573 2074 636 multa

423 673 584 728 esset
611 666 1085 747 philosophatus,
1141 675 1197 727 et
1259 665 1564 737 omnibus,
1634 674 1809 743 prout
1857 664 2071 725 unius-

427 756 716 835 cujusque
746 757 902 818 aetati
931 754 1325 817 conveniebat
1376 761 1436 816 et
1491 753 1788 834 dignitati,
1853 751 2073 814 monita

421 841 710 918 dedisset,
745 853 803 906 et
859 843 1080 904 deinde
1127 852 1284 904 esset
1325 850 1623 923 precatus,
1673 849 1950 922 tanquam
2011 841 2072 903 in

423 949 696 993 somnum
731 931 1050 1012 resolutus,
1105 949 1310 1013 puram
1355 931 1516 993 illam
1552 931 1751 1002 emisit
1781 932 2068 994 animam.

421 1021 486 1082 ln
521 1021 742 1083 virtute
770 1029 966 1082 autem
1001 1019 1339 1083 exercitata:
1383 1029 1441 1083 et
1488 1039 1674 1083 sacrae
1732 1020 1893 1082 illius
1925 1021 2072 1081 reli-

422 1111 596 1190 quite,
631 1111 854 1172 sanctis
885 1110 1159 1172 manibus
1191 1110 1558 1190 composita),
1591 1111 1978 1191 deponuntur
2012 1109 2074 1172 in

422 1216 592 1262 sacro
627 1199 846 1280 templo
882 1200 1296 1279 Praecursoris,
1335 1199 1533 1261 multis
1567 1217 1667 1262 eas
1699 1217 2069 1281 prosequen-

426 1285 608 1364 tibus,
669 1297 730 1350 et
782 1288 1256 1369 gloriﬁcantibus
1315 1287 1545 1350 Patrem
1618 1298 1675 1351 et
1724 1289 1938 1351 Filium
2014 1296 2073 1350 et

423 1376 707 1456 Spiritum
740 1387 1032 1455 sanctum,
1085 1397 1244 1440 nunc
1294 1386 1354 1440 et
1381 1397 1641 1460 semper,
1679 1388 1735 1441 et
1766 1379 1824 1439 in
1858 1380 2073 1441 saecula

423 1465 806 1533 saeculorum.
842 1469 1062 1531 Amen.

440 1653 817 1665 *α

834 1653 1656 1668 .—————-——-.“--u-
1677 1656 1885 1670 ..εστιν-ιο

2158 572 2414 652 ὀδυρμοὺς
2460 573 2546 628 γαὶ
2600 574 2666 628 τὰ
2729 570 2946 650 δάκρυα,
3007 573 3094 628 καὶ
3152 569 3327 626 πολλὰ
3347 571 3468 648 περί
3510 591 3564 626 τε
3625 575 3813 650 ψυχῆς

2160 663 2369 730 καὶτῆς
2400 662 2604 719 ἐκεῖθεν
2669 667 2815 733 ζωῆς
2875 661 3243 740 φιλοσοφήσας
3300 659 3484 722 αὐτοῖς
3541 661 3629 716 καὶ
3685 659 3812 716 δια-

2157 752 2469 832 λεξάμεθος,
2544 752 2628 807 καὶ
2703 757 2833 806 πᾶσι
2909 751 3042 806 κατᾶ
3124 750 3186 806 τὸ
3258 753 3530 827 προσῆκον
3601 749 3816 819 ἑκάστῳ

2157 847 2254 899 καὶ
2284 848 2380 910 τῆς
2412 841 2620 910 ἡλικίας
2653 839 2978 918 παραιθέσας
3039 841 3124 895 καὶ
3185 840 3285 905 τῆς
3341 836 3510 914 ἀξίας,
3557 839 3683 896 εἶτα
3720 841 3814 895 καὶ

2158 930 2532 1010 ἐπευξάμενος,
2609 930 2788 992 ὥσπερ
2872 933 2946 993 εἰς
3017 927 3178 985 ὕπνον
3261 929 3622 1007 κατενεχθεὶς,

2155 1022 2388 1099 καθαρὰν
2444 1021 2654 1086 εκείνην
2726 1020 2898 1098 ἀφῆκε
2971 1019 3179 1097 ψυχὴν,
3249 1018 3322 1076 Τὸ
3391 1016 3447 1075 δὲ
3517 1017 3810 1085 ἀσκητικὸν

2158 1110 2315 1170 αὖ)τοῦ
2346 1111 2433 1167 καὶ
2485 1111 2624 1186 ἱερὸν
2679 1107 2950 1183 λείψανον,
3007 1108 3200 1187 χερσῖν
3250 1107 3416 1174 ὁσίαις
3467 1106 3812 1188 περισταλὲν,

2155 1203 2183 1258 ὁ
2234 1201 2371 1278 ἱερὸς
2422 1195 2679 1274 λαμϐάνει
2737 1206 2833 1255 τοῦ
2882 1194 3186 1275 Προδρόμου
3241 1198 3391 1275 ναὸς,
3429 1196 3642 1255 πολλῶν
3681 1195 3818 1254 αὖτό

2154 1289 2580 1368 προπεμπόντων
2657 1289 2743 1343 καὶ
2815 1285 3134 1358 δοξαζόντων
3211 1286 3441 1366 Πατέρα,
3524 1289 3641 1343 Υἱὸν
3711 1286 3819 1343 καΐ

2154 1381 2308 1458 ἅγιον
2369 1384 2579 1452 Πνεῦμα
2639 1385 2728 1433 νῦν
2787 1378 2874 1433 καὶ
2927 1377 3006 1432 ἀεὶ
3061 1377 3148 1431 καὶ
3197 1378 3271 1440 εἷς
3321 1378 3444 1441 τοὺς
3476 1377 3671 1439 αἰῶνας
3702 1382 3823 1432 τῶν

2157 1469 2387 1528 αἰώνων.
2425 1466 2481 1525 Ἀ
2491 1469 2599 1541 μήν
2611 1514 2626 1529 .

3709 931 3812 996 τὴν

1901 1654 2206 1669 -σι--Α

1091 1800 1737 1886 ΜΑΡΤΥΡΙΟΝ
1809 1802 2034 1886 ΤΩΝ
2103 1801 2443 1885 ΑΓΙΩΝ
2516 1797 3122 1883 ΜΑΡΤΥΡΩΝ

425 2008 982 2166 ΜΗΝΑ,
1104 2009 2291 2140 ΕΡΜΟΓΕΝΟΥΣ
2396 2008 2698 2137 ΚΑΙ
2811 2008 3795 2140 ΕΥΓΡΑΦΟΥ.

1415 2371 1856 2437 MARTYRIUM
1894 2371 2348 2438 SANCTORUM
2390 2371 2808 2438 MARTYRUM

606 2559 1184 2716 MEN/E,
1260 2559 2379 2687 HERMOGENIS
2449 2559 2668 2685 ET
2740 2558 3620 2687 EUGRAPHI

1067 2800 1264 2872 (Latino
1291 2816 1352 2872 ap
1399 2799 1604 2857 Surium
1633 2800 1699 2857 ad
1727 2801 1857 2857 diem
1896 2800 1963 2857 10
1991 2799 2108 2858 Dec.
2144 2816 2162 2870 ;
2193 2799 2369 2860 Grece
2393 2815 2457 2856 ex
2484 2798 2597 2856 cod.
2631 2815 2729 2857 ms.
2763 2799 2973 2858 Coislin.
3010 2798 3159 2867 ιιι.)

506 3101 553 3164 l.
586 3106 725 3166 Post
754 3103 1084 3169 Servatoris
1115 3105 1334 3169 Christi
1363 3107 1425 3169 in
1471 3115 1690 3168 terram
1723 3105 2061 3182 adventum,
2090 3115 2128 3166 Β

430 3191 598 3255 multi
629 3194 872 3270 quidem
900 3196 1077 3258 etiam
1102 3195 1203 3258 alii
1224 3215 1290 3258 se
1311 3197 1385 3258 ad
1410 3195 1723 3277 martyrica
1744 3198 2072 3257 certamina

428 3291 726 3344 exuerunt
753 3306 764 3345 :
791 3302 925 3345 cum
949 3282 1226 3346 omnibus
1247 3294 1446 3347 autem
1469 3302 1536 3346 se
1558 3302 1796 3364 quoque
1823 3301 2071 3363 magnus

427 3371 591 3432 exuit
611 3371 832 3433 Menas.
856 3371 1176 3454 Postquam
1202 3375 1360 3434 enim
1387 3373 1788 3436 Diocletianus
1813 3373 1989 3434 simul
2013 3380 2073 3436 et

426 3457 818 3521 Maximianus
831 3478 1109 3540 magnum
1123 3461 1366 3541 quidem
1385 3461 2065 3541 habueruntimperium.

425 3545 669 3610 fuerunt
691 3549 969 3610 omnibus
999 3551 1319 3613 terribiles.
1348 3553 1494 3612 Cum
1519 3559 1718 3613 autem
1745 3551 2064 3613 voluissent

425 3651 757 3716 repugnare
784 3638 1073 3719 pietati,et
1095 3639 1272 3702 ﬁdem
1296 3641 1357 3702 in
1380 3639 1682 3704 Christum
1702 3658 2063 3720 expugnare,

427 3743 603 3804 quam
635 3727 723 3788 vel
759 3730 942 3807 portis
972 3727 1146 3790 inferi
1177 3729 1522 3791 validiorem
1559 3747 1898 3791 mansuram
1943 3734 2068 3812 ipse

429 3816 828 3894 pronuntiavit
849 3835 863 3879 :
884 3825 1191 3899 postquam
1210 3837 1482 3898 magnum
1504 3818 1577 3880 ad
1592 3819 1703 3879 hoc.
1725 3818 2072 3883 aedhibuere

427 3903 712 3981 studium,
749 3915 806 3968 et
837 3925 1074 3968 omnem
1110 3925 1348 3969 movere
1393 3907 1677 3988 lapidem,
1712 3909 1951 3990 quando
1976 3929 2075 3972 co.

428 4004 756 4073 gnoverunt
784 4014 852 4058 se
883 4015 952 4059 ea
980 3997 1382 4078 aggredi,quae
1408 4017 1526 4059 non
1559 4009 1800 4080 possent
1831 4001 1981 4075 ﬁeri,
2018 4000 2074 4063 ei

431 4091 496 4144 ut
523 4083 761 4162 dicitur,
793 4085 1050 4165 jaculari
1101 4087 1160 4148 in
1213 4105 1440 4162 aerem,
1476 4097 1532 4148 et
1573 4088 1776 4150 conari
1811 4109 2070 4167 movere,

428 4192 558 4254 qua:
587 4185 726 4238 sunt
757 4174 1111 4256 immobilia,
1144 4185 1398 4258 uterque
1417 4196 1628 4240 eorum
1655 4177 1934 4260 deposuit
1955 4181 2072 4240 im-

430 4264 660 4341 perium
690 4286 703 4328 :
738 4265 891 4345 apud
925 4265 1072 4327 alios
1099 4265 1338 4346 quidem
1377 4274 1774 4346 praetexentes
1825 4269 2076 4332 fortunae

429 4353 790 4428 satietatem,
817 4365 872 4416 et
903 4373 1168 4416 amorem
1199 4355 1534 4417 mutationis
1559 4375 1576 4431 ;
1598 4357 1674 4418 iis
1703 4359 2073 4434 autem,qui-

2235 3107 2322 3170 A'.
2360 3108 2504 3166 Μετὰ
2533 3109 2633 3176 τὴν
2662 3109 2748 3168 ἐπὶ
2791 3109 2893 3189 γῆς
2948 3116 3041 3167 τοῦ
3095 3113 3347 3179 Σωτῆρος
3407 3111 3632 3187 Χριστοῦ
3689 3132 3800 3166 πα-

2153 3198 2362 3274 ρουσίαν
2415 3197 2604 3256 πολὶοὶ
2663 3201 2764 3274 μὲν
2834 3203 2927 3254 καὶ
3007 3197 3159 3256 ἄλλοι
3217 3200 3349 3277 πρὸς
3407 3197 3609 3276 ἀγῶνας
3673 3200 3797 3262 τοὺς

2153 3287 2497 3365 μαρτυρικοὺς
2556 3287 2880 3348 ἆπεδάσαντο
2917 3306 2930 3321 ⁸
2992 3285 3276 3346 ἀποδύεται
3331 3287 3386 3345 δέ
3450 3287 3584 3363 μετὰ
3651 3287 3794 3343 πάν-

2151 3397 2258 3432 των
2287 3376 2372 3433 καὶ
2399 3377 2428 3433 ὁ
2459 3374 2627 3454 μέγας
2658 3383 2865 3446 Μηνᾶς.
2922 3378 3073 3437 Ἐπεὶ
3116 3378 3218 3458 γὰρ
3267 3378 3296 3435 ὅ
3354 3397 3410 3435 τε
3469 3373 3800 3443 Διοκλητια-

2153 3465 2236 3527 vd;
2266 3465 2379 3540 ἅμα
2427 3467 2517 3522 καὶ
2568 3467 2894 3543 mamma;
2950 3466 3196 3546 μεγάλην
3256 3468 3356 3540 μὲν
3407 3465 3569 3546 ἔσχον
3598 3465 3801 3545 ἀρχὴν,

2149 3560 2236 3611 καὶ
2293 3553 2503 3634 φοϐεροὶ
2561 3564 2692 3614 πᾶσι
2754 3559 3113 3632 κατέστησαν,
3178 3557 3524 3634 βουληθέντες
3596 3555 3649 3611 δὲ
3722 3557 3807 3612 καὶ

2151 3647 2280 3721 πρὸς
2341 3646 2441 3712 τὴ)
2499 3645 2764 3704 ειῦσὲὄειαι
2822 3647 3187 3726 ἀντιπνεῦσαι,
3249 3649 3333 3704 καὶ
3390 3649 3490 3714 την
3547 3648 3620 3709 εἰς
3672 3653 3808 3714 Χρι-

2151 3736 2274 3790 στὸν
2341 3735 2509 3790 πίστιν
2575 3739 3055 3814 καταγωνίσασθαι,
3117 3740 3182 3806 ἢν
3248 3736 3624 3815 κραταιοτέραν
3676 3748 3811 3810 μεῖο

2158 3846 2239 3880 ναι
2297 3825 2384 3881 καὶ
2453 3821 2576 3897 ᾅδου
2646 3825 2827 3884 πυλῶν
2898 3829 3054 3889 αὒτὸς
3125 3828 3461 3908 ἀπεφήνατο,
3537 3828 3672 3902 μετὰ
3743 3827 3810 3881 τὸ

2160 3912 2364 3981 πολλὴν
2420 3916 2492 3980 εἷς
2551 3921 2706 3972 τοῦτο
2765 3931 3140 3995 προσενεγκεῖν
3189 3915 3445 3988 σπονδὴν,
3497 3918 3584 3972 καὶ
3633 3916 3810 3974 πάντα

2157 4007 2369 4072 κινῆσαι
2429 4002 2594 4078 λίθον,
2668 4005 2883 4084 ἐπείπερ
2954 4006 3190 4084 ἔγνωσαν
3235 4005 3507 4067 ἀδυνάτοις
3583 4005 3809 4084 ἐπιχει-

2158 4101 2393 4172 ροῦντες,
2452 4096 2538 4150 καὶ
2595 4096 2655 4151 τὸ
2715 4103 2804 4151 τοῦ
2855 4095 3016 4171 λόγου
3058 4099 3189 4175 πρὸς
3240 4097 3458 4166 οὐρανὸν
3509 4095 3809 4161 τοξεύοντες

2156 4183 2192 4250 ἢ
2250 4184 2313 4238 τὰ
2369 4183 2594 4249 ἀκίνητα
2656 4197 2822 4240 κινεῖν
2890 4188 3235 4262 πειρώμενοι,
3314 4185 3563 4262 ἑκάτερος
3635 4186 3812 4240 αὐτῶν

2157 4273 2256 4338 τὴν
2309 4271 2586 4347 βασιλείαν
2643 4272 3100 4345 ἀπεσκευάσαντο,
3160 4277 3290 4355 πρὸς
3318 4276 3416 4348 μὲν
3459 4275 3581 4338 τοὺς
3612 4272 3812 4338 Ξὶλλους

2158 4363 2316 4438 κόρον
2365 4363 2462 4429 τῆς
2519 4363 2720 4442 τῦχης,
2779 4365 2866 4420 καὶ
2925 4363 3227 4438 μεταϐολῆς
3302 4363 3472 4442 ἔρωτα
3537 4385 3813 4444 προφασι-

431 4443 543 4505 bus
575 4451 847 4523 poterant
879 4452 1114 4505 secreta
1161 4444 1632 4520 communicare,
1692 4454 1750 4507 et
1806 4447 2072 4510 animum

2160 4451 2401 4525 σάμενοι·
2463 4454 2548 4514 οἷς
2605 4451 2660 4506 δὲ
2716 4453 2823 4508 τῶν
2875 4451 3188 4532 ἆποῤῥήτων
3217 4466 3499 4511 κοινωνεῖν
3529 4466 3688 4533 εἶχον
3719 4461 3820 4509 καί

430 4535 692 4612 aperire,
726 4533 994 4594 dicentes
1017 4533 1240 4595 Christi
1272 4534 1572 4614 virtutem,
1610 4543 1667 4597 et
1701 4554 1832 4615 qum
1887 4555 1954 4598 ex
1988 4537 2073 4597 si-

432 4620 570 4700 gnis
593 4621 1105 4704 proﬁciscebatur,
1133 4623 1584 4703 persuasionem
1613 4645 1626 4685 :
1663 4633 1723 4687 et
1749 4625 1906 4704 quod
1939 4645 2074 4688 cum

432 4711 548 4772 hoc
577 4731 695 4772 non
732 4710 1062 4793 potuissent
1100 4712 1361 4788 efﬁcere,
1405 4711 1522 4774 alia
1568 4713 1988 4794 posthabentes
2021 4723 2080 4777 et

433 4819 610 4881 parva
635 4802 1071 4878 existimantes,
1107 4820 1220 4865 nec
1268 4803 1568 4883 imperare
1613 4803 1852 4885 quidem
1913 4805 2078 4868 vole-

431 4891 594 4956 bant.

511 4980 584 5043 ll.
617 4983 764 5047 Cum
800 4987 885 5046 sic
916 5001 1056 5063 ergo
1113 4983 1198 5044 illi
1251 4981 1570 5063 imperium
1631 4981 2072 5066 deposuissent,

429 5072 757 5135 Maxentius
773 5073 1016 5150 quidem
1030 5071 1104 5134 ab
1117 5073 1206 5134 eis
1238 5071 1860 5144 Romae,Constantius
1875 5083 2073 5136 autem

430 5159 656 5236 Galliis,
691 5161 1043 5224 Maximinus
1071 5180 1211 5224 vero
1241 5160 1472 5224 Orienti
1517 5161 1927 5241 praaﬁciuntur
1958 5183 2076 5225 im-

432 5260 756 5330 peratores.
789 5250 923 5313 Fuit
969 5271 1108 5330 vrgo
1143 5251 1410 5331 protinus
1442 5253 1501 5311 in
1566 5249 1815 5315 Oriente
1867 5272 2076 5330 magna

433 5341 774 5420 persecutio
795 5341 1079 5404 adversus
1098 5341 1560 5417 Christianos,et
1576 5359 1776 5403 rerum
1797 5361 2073 5406 commn-

431 5429 595 5490 nium
629 5430 1083 5506 confusio,et,ut
1112 5431 1299 5493 semel
1323 5431 1540 5506 dicam,
1562 5450 1771 5510 magna
1800 5433 2071 5513 quaedam

433 5520 798 5600 perturbatio
824 5519 1112 5582 ctseditio
1144 5520 1200 5581 iu
1232 5530 1385 5582 terra
1406 5529 1460 5581 et
1493 5520 1552 5580 in
1581 5521 2073 5596 mari,llaximino

430 5609 707 5675 studente
729 5611 971 5692 quidem
1004 5609 1359 5671 conﬁrmare
1383 5609 1678 5688 majorum
1704 5628 1948 5674 suorum
1974 5613 2074 5674 de-

429 5699 770 5785 ceptionem
803 5708 864 5766 et
890 5699 1096 5765 falsam
1123 5698 1516 5780 religionem:
1564 5716 1599 5761 e
1641 5706 1800 5762 terra
1843 5709 2064 5780 autem,

2156 4541 2222 4596 τα
2279 4545 2376 4609 τῆς
2409 4545 2593 4620 ψυχῆς
2655 4540 3026 4620 ἐξεκάλυπτον,
3086 4549 3180 4601 τοῦ
3238 4550 3464 4622 Χριστοῦ
3521 4544 3620 4611 τὴν
3654 4542 3820 4620 ἰσχὺν

2161 4629 2420 4704 εἰπόντες,
2485 4631 2571 4686 καὶ
2628 4631 2728 4698 τὴν
2782 4630 2842 4688 ἐκ
2899 4639 3006 4688 τῶν
3065 4633 3304 4706 σημείων
3353 4634 3544 4708 πειθὼ,
3595 4631 3691 4689 καί
3735 4633 3820 4696 ὡς

2161 4719 2275 4775 ἐπεὶ
2346 4728 2501 4779 τοῦτο
2570 4721 2649 4796 μὴ
2719 4721 3149 4800 καταπράξασθαι
3228 4720 3444 4781 δυνατοὶ
3531 4722 3817 4800 γεγόνασι,

2160 4806 2371 4888 δεύτερα
2439 4807 2607 4866 τᾶλλα
2678 4813 2765 4867 καὶ
2819 4811 2982 4888 μικρὰ
3042 4812 3372 4888 νομίζοντες,
3445 4809 3561 4869 οὒδέ
3623 4810 3820 4890 ἄρχειν

2161 4895 2358 4966 ἠξίουν.

2240 4986 2301 5043 B'
2385 4989 2487 5047 ουν
2649 4989 2691 5028 ἰ
2765 4989 2788 5046 ἑ
2857 4992 2872 5046 ί
3078 4990 3091 5008 ‘
3399 4990 3409 5010 '
3554 4991 3567 5010 ’
3767 4989 3779 5005 '

2313 5033 2328 5047 .
2428 5011 2565 5052 υ.ως
2617 5011 2706 5046 ουρ
2794 5012 2851 5046 κε
2875 5012 2977 5048 νων
3038 5013 3138 5059 την
3201 4990 3475 5067 βασιλειαν
3545 4993 3823 5066 αποθεμε-

2159 5099 2286 5156 νων,
2348 5077 2639 5142 Μαξέντιος
2703 5079 2801 5152 μὲν
2857 5078 2945 5134 ὑπ’
3005 5079 3178 5135 αὒτῶν
3248 5081 3315 5155 τῇ
3390 5071 3600 5155 Ῥώμῃ,
3668 5088 3824 5136 Κων-

2159 5167 2405 5230 στάντιος
2437 5165 2492 5222 δὲ
2522 5179 2643 5233 ταῖς
2677 5165 2950 5240 Γαλλίαις,
3003 5175 3071 5245 τῇ
3129 5158 3271 5241 Ἐῴα
3329 5168 3386 5224 δὲ
3441 5170 3469 5224 ὁ
3527 5165 3825 5242 Μυξιμτνος

2162 5262 2590 5334 χειροτονοῦνται
2662 5259 2736 5320 εἰς
2805 5257 3076 5333 βασιλεῖς.
3148 5252 3249 5313 Ἦν
3321 5258 3411 5314 οὖν
3475 5257 3620 5320 εὐθὺς
3678 5258 3828 5313 κατὰ

2157 5345 2258 5412 τὴν
2315 5344 2433 5402 "Em
2489 5343 2728 5424 διωγμὸς
2788 5367 2846 5401 τε
2905 5348 3073 5424 μέγας
3133 5347 3269 5403 κατὰ
3333 5351 3665 5425 Χριστιανῶν
3728 5347 3830 5402 καὶ

2158 5435 2412 5514 σύγχυσις
2443 5442 2548 5491 τῶν
2580 5441 2772 5491 κοινῶν
2831 5436 3184 5513 πραγμάτων,
3252 5437 3340 5493 καὶ
3397 5435 3584 5500 ἁπλῶς
3639 5433 3825 5504 πολλὴ

2156 5545 2238 5588 τις
2302 5525 2513 5602 ταραχὴ
2571 5527 2660 5580 καὶ
2717 5524 2898 5589 στάσις
2961 5527 3099 5581 κατὰ
3159 5527 3264 5604 γῆν
3321 5547 3378 5582 τε
3409 5527 3494 5581 καὶ
3523 5525 3824 5598 θάλασσαν,

2155 5621 2248 5670 τοῦ
2316 5609 2611 5688 Μαξιμίνου
2678 5618 2928 5688 κρατῦναι
3002 5614 3102 5690 μὲν
3168 5613 3252 5670 διὰ
3305 5613 3541 5681 σπουδῆς
3587 5612 3828 5693 ἔχοντος

2154 5701 2254 5770 τὴν
2310 5707 2419 5759 τῶν
2466 5701 2740 5782 προγόνων
2800 5702 3015 5771 ἀπάτην
3071 5703 3169 5763 καί
3217 5704 3283 5761 τὰ
3313 5701 3655 5785 σεϐάσματα,
3691 5699 3827 5770 ἐξᾶ-
