4132 6408
299 357 414 428 369
1271 361 1742 427 MARTYBIUM
1789 367 1848 432 S.
1903 365 2141 433 MENIE
2186 363 2282 428 ET
2326 363 2728 430 SOCIORUM.

3578 362 3697 435 370

303 526 388 581 ραι
439 500 517 573 δὲ,
573 501 617 558 εὶ
671 499 932 581 δυνατὸν,
987 501 1093 559 ὰπὸ
1160 505 1262 579 γῆς
1332 501 1398 560 τὰ
1457 509 1808 587 Χριστιανῶν,
1868 510 1950 568 καῖ

2039 502 2090 566 si
2116 501 2461 584 fieriposse,
2482 501 2692 566 tollere
2715 521 2814 566 res
2828 502 3330 577 Christianorum,
3354 510 3415 568 et
3443 508 3692 570 omnino

302 594 440 656 ὅλως
487 593 547 650 ἐκ
575 591 750 667 μέσου
805 593 1145 662 ποιήσασθαι.
1209 589 1370 648 Ἐπεί
1402 588 1455 647 δὲ
1485 591 1759 674 ἀνηνέχθη
1815 600 1950 670 αὖτῷ

2039 593 2278 655 auferre
2307 591 2385 654 de
2415 593 2634 656 medio.
2671 593 2817 658 Cum
2846 610 2984 656 vero
3014 593 3072 657 ei
3105 593 3358 656 relatum
3389 602 3570 670 esset,
3609 605 3695 659 to.

305 686 378 747 ὼς
424 689 588 740 πᾶσαι
641 684 676 750 ἡ
729 679 1123 756 Ἀλεξάνδρεια,
1168 679 1324 745 πόλις
1381 678 1435 736 δὲ
1479 681 1613 749 αὓτη
1665 685 1950 765 περιφανὴς

2041 689 2157 744 tam
2190 681 2611 745 Alexandriam
2640 685 2739 763 (ea
2769 691 2861 746 est
2889 691 3089 746 autem
3122 683 3330 747 civitas
3362 683 3612 748 illustris
3632 687 3694 748 in

307 780 411 830 τῶν
462 770 580 830 κατ’
620 771 921 848 Αἴγυπτον,
955 771 1218 841 στασιάζει
1278 771 1377 845 μὲν
1425 771 1514 827 καὶ
1557 773 1675 830 καθ’
1733 775 1951 849 ἑαυτὴν,

305 861 632 942 πραγμάτων
701 867 897 920 κοινῶν
981 859 1156 934 ἕνεκα,
1229 861 1498 931 στασιάζει
1568 860 1622 918 δὲ
1705 864 1792 920 καὶ
1859 871 1953 921 τοῦ

297 955 648 1032 κηρύγματος
729 952 870 1017 αὖθις
927 950 1372 1030 ἐπιφοιτήσαντος
1449 954 1584 1028 αὖτῇ
1639 959 1734 1010 τοὺ
1819 961 1952 1034 Χρι-

295 1051 442 1108 στοῦ,
502 1041 670 1107 ἕδέεν
727 1044 894 1120 αὐτῷ,
934 1045 1276 1119 σκεψαμενιυ,
1336 1042 1452 1097 ὶπεὶ
1505 1043 1584 1116 μὴ
1642 1040 1709 1098 δι’
1767 1044 1953 1100 ἑαυτοῦ

299 1135 482 1209 παρὼν
538 1131 924 1189 καταλλάττειν
981 1130 1080 1196 τὴν
1139 1129 1296 1186 πόλιν
1352 1127 1598 1204 ἠδύνατο,
1631 1134 1950 1206 θεσπίσμασι

301 1224 431 1285 τέως
487 1221 836 1301 ἀναχαιτίσαι
880 1219 979 1292 μὲν
1032 1220 1093 1275 τὸ
1147 1218 1422 1296 κήρυγμα,
1458 1219 1701 1279 ἐπιλῦσαι
1748 1219 1802 1278 δὶ
1846 1225 1953 1279 τῶν

297 1310 778 1390 ἀμφισϐητήσεων,
826 1310 945 1366 ὅσαι
1002 1317 1175 1366 κοιναί
1237 1329 1292 1364 τε
1346 1311 1435 1366 καὶ
1493 1310 1764 1369 πολιτικαὶ
1821 1334 1954 1390 τυγ-

293 1403 580 1480 χάνουσιν,
647 1392 741 1464 Ὠς
798 1399 854 1456 δέ
911 1400 1160 1478 κρείττων
1206 1398 1372 1478 ἐφάνη
1430 1406 1537 1456 τῶν
1577 1402 1954 1476 θεσπισμάτων

295 1490 328 1557 ἧ
360 1515 418 1550 τε
477 1490 701 1569 διαφορὰ
758 1497 864 1546 τῶν
921 1488 1312 1559 στασιαζόντων
1370 1489 1456 1544 καὶ
1514 1492 1542 1542 ὸ
1585 1489 1746 1568 λόγος
1791 1493 1818 1546 ὃ
1861 1497 1955 1547 τοῦ

293 1583 665 1658 κηρύγματος,
701 1577 978 1658 ἀνηνέχθη
1038 1577 1180 1641 αὖθις
1226 1579 1310 1633 καὶ
1366 1586 1528 1638 ταῦτα
1587 1585 1664 1652 τῷ
1715 1578 1951 1656 βασιλεῖ.

301 1663 362 1729 Ὀ
420 1669 478 1727 δὲ
515 1669 830 1749 ἐδυσχέρανε
877 1668 976 1742 μὲν
1033 1666 1180 1729 εὐθὺς
1237 1666 1296 1722 οὗ
1326 1673 1530 1744 μικρῶς
1587 1666 1672 1724 έπῖ
1727 1673 1795 1744 τῇ
1850 1690 1955 1724 κα·

2035 771 2310 843 Egypto)
2331 779 2388 828 et
2417 784 2520 842 per
2553 785 2615 830 se
2637 771 2868 843 quidem
2908 771 3250 831 seditionem
3273 774 3492 845 agitare
3521 789 3692 832 causa

2036 860 2450 932 reipublicae,et
2479 862 2820 920 seditionem
2849 861 3022 920 etiam
3051 861 3290 933 agitare,
3314 876 3448 920 cum
3481 863 3692 921 Christi

2034 949 2105 1006 ad
2136 964 2261 1006 eam
2292 951 2540 1008 venisset
2568 949 2913 1019 pradicatio,
2939 951 3040 1008 ubi
3075 950 3448 1010 deliberasset
3475 962 3529 1011 et
3551 968 3695 1010 con-

2033 1038 2378 1112 siderasset,
2403 1038 2459 1100 ei
2490 1041 2682 1100 visum
2714 1047 2803 1102 est
2837 1039 3142 1121 (quoniam
3168 1057 3286 1101 non
3319 1047 3551 1121 poterat
3585 1059 3694 1122 per

2035 1137 2101 1190 8e
2133 1145 2398 1208 prtesens
2414 1128 2712 1192 civitatem
2739 1129 3573 1205 conciliare),edictisinterea
3597 1151 3689 1195 rc-

2039 1217 2300 1297 primere
2325 1218 2562 1297 quidem
2591 1217 3468 1299 praedicationem,componere
3489 1229 3688 1282 autem

2038 1305 2476 1367 controversias
2506 1306 2774 1387 publicas
2803 1316 2864 1370 et
2891 1305 3120 1370 civiles.
3146 1308 3294 1369 Cum
3325 1324 3470 1370 vero
3500 1309 3691 1372 edicta

2038 1393 2344 1456 videretur
2370 1411 2656 1475 superare
2687 1412 2919 1476 eorum,
2952 1397 3053 1477 qui
3111 1396 3466 1459 seditionem
3495 1398 3686 1475 agita-

2039 1481 2204 1557 bant,
2239 1485 2668 1561 controversis,
2704 1493 2764 1546 et
2809 1487 2960 1547 ratio
3010 1484 3470 1567 praedicationis,
3504 1489 3691 1549 relata

2037 1579 2176 1634 sunt
2229 1572 2353 1636 haec
2401 1591 2642 1655 quoque
2698 1591 2909 1636 rursus
2955 1575 3029 1637 ad
3078 1574 3524 1655 imperatorem.
3585 1576 3690 1639 ille

2037 1669 2234 1723 autem
2269 1662 2550 1725 continuo
2584 1681 2702 1725 non
2734 1681 2945 1745 parum
3006 1663 3248 1744 quidem
3281 1681 3436 1742 aegre
3465 1664 3694 1728 ferebat

2039 1767 2280 1813 suarum
2337 1752 2844 1833 contemptionem
2885 1751 3404 1833 constitutionum,
3462 1754 3688 1816 irasce-

1981 1876 2017 1926 Β
2038 1838 2236 1915 batur,
2261 1858 2426 1918 vero,
2460 1840 2616 1922 quod
2645 1841 2728 1904 dii
2753 1841 2931 1923 patrii
2959 1840 3364 1906 abolerentur.

405 1940 492 2002 Γι.
554 1943 840 2016 making,
891 1943 1020 2015 γοῦν
1073 1940 1173 2002 τῆς
1230 1935 1392 2012 ὀργῆς
1451 1933 1791 2009 πλασάμενος
1853 1935 1950 2004 τῆς

2118 1927 2221 1992 Ili.
2276 1927 2384 1992 Irae
2433 1929 2636 2012 itaque
2684 1931 2845 1993 hunc
2875 1938 3226 2012 praetextum
3271 1931 3688 2012 prmseferens,

309 2033 580 2095 τοσαύτης
649 2027 848 2086 πόλεως
907 2026 1007 2093 τὴν
1076 2024 1422 2096 ἀποστασίαν,
1473 2024 1595 2081 τότε
1657 2024 1754 2096 μὲν
1821 2024 1950 2081 ἑπέ-

2037 2018 2197 2096 quod
2251 2026 2411 2080 tanta
2440 2018 2763 2082 defecisset
2805 2019 3011 2084 civitas
3042 2026 3182 2081 tunc
3227 2019 3469 2099 quidem
3513 2038 3686 2082 suum

302 2143 443 2199 σγεν
527 2118 708 2175 ἑαυτὸν
773 2121 872 2181 ﬁt;
951 2117 1148 2193 ὁρμῆς,
1213 2113 1332 2173 τοὺς
1399 2110 1950 2180 συνεκκλησιάσαντας

2036 2106 2285 2199 retinuit
2329 2109 2643 2190 impetum,
2675 2127 2783 2199 eos
2831 2109 2933 2199 qui
2971 2117 3142 2172 erant
3192 2109 3254 2170 in
3301 2107 3593 2186 Ecclesia,
3626 2118 3692 2172 ut

293 2190 479 2285 ὥσπερ
536 2215 645 2264 τῶν
698 2207 754 2264 ἐν
822 2205 964 2263 τέλει
1022 2201 1396 2267 καταιδεσθείς⁶
1447 2201 1782 2279 ὕστερονδὲ,
1843 2205 1950 2280 μό-

2039 2195 2138 2276 qui
2194 2205 2395 2259 essent
2451 2215 2522 2260 ex
2577 2190 3046 2279 magistratibus,
3089 2200 3381 2261 reveritus
3415 2247 3431 2274 ,
3483 2211 3691 2279 postea

293 2323 391 2367 γης
421 2299 716 2376 γενόμενος
773 2300 874 2364 τῆς
931 2294 1179 2358 τοιαύτης
1240 2289 1497 2370 σπουδῆς,
1531 2293 1618 2348 καὶ
1676 2294 1830 2370 γνοὺς
1885 2296 1950 2358 ὡς

2040 2293 2237 2376 autem
2287 2305 2420 2349 cum
2454 2286 2514 2349 in
2549 2289 2662 2350 hoc
2693 2295 2880 2350 totum
2930 2305 3104 2351 suum
3134 2288 3527 2350 convertisset
3574 2297 3690 2351 stu-

302 2373 600 2466 ἆναγααϊον
675 2387 773 2462 μὲν
833 2385 993 2458 ,αὖτῷ
1063 2381 1333 2455 δημοσίων
1388 2381 1558 2460 χάριν
1631 2383 1950 2460 πραγμάτων

2042 2373 2233 2466 dium,
2262 2383 2328 2466 et
2382 2377 2758 2456 cognovisset
2801 2376 2919 2440 sibi
2973 2376 3217 2466 quidem
3259 2395 3510 2440 necesse
3557 2396 3691 2440 esse

309 2479 385 2536 ’ἐτι
421 2464 580 2556 -πρὸς
657 2478 719 2532 τὸ
807 2473 1084 2544 Βυζάντιον
1158 2467 1458 2549 διατρίϐει),
1531 2469 1835 2550 ἀσύμφορον
1904 2470 1950 2528 δὲ

2041 2464 2390 2556 reipublicae
2417 2467 2609 2544 gratia
2637 2465 2834 2556 adhuc
2863 2466 3086 2529 versari
3127 2464 3407 2556 Byzantii,
3443 2485 3561 2528 non
3592 2486 3690 2529 ex.

309 2553 670 2625 καταλιπόντα
745 2564 898 2620 τοῦτ-)
979 2565 1226 2639 φοιτῆσαι
1312 2560 1443 2638 πρὸς
1527 2558 1950 2643 Ἀλεξάνδρειαν,

2043 2553 2251 2643 redire
2307 2571 2469 2630 vero,
2517 2574 2589 2618 eo
2637 2555 2848 2618 relicto
2899 2556 3192 2638 proﬁcisci
3242 2555 3684 2631 Alexandriam,

307 2658 514 2714 στέλλει
571 2657 704 2730 πρὸς
763 2651 948 2714 αὐτοὺς
1003 2647 1183 2726 ἄνδρα,
1220 2655 1404 2715 Μηνᾶν
1453 2649 1552 2725 μὲν
1607 2649 1950 2732 καλούμενον,

2045 2641 2224 2704 mittit
2249 2644 2320 2706 ad
2347 2662 2451 2707 eos
2471 2645 2685 2718 virum,
2719 2646 2822 2726 qui
2856 2644 3175 2708 vocabatur
3201 2645 3443 2727 quidem
3462 2651 3687 2720 Menas,

299 2750 390 2806 καὶ
447 2747 744 2810 Ἀθηναῖον
772 2747 850 2814 τῷ
900 2739 1064 2818 γένει,
1099 2739 1186 2795 καὶ
1243 2737 1334 2794 ἕνα
1363 2743 1455 2796 τὸν
1505 2739 1602 2806 τῆς
1635 2739 1856 2820 βουλῆς,
1903 2741 1950 2798 ἒν

2045 2741 2104 2794 et
2134 2741 2260 2794 erat
2289 2751 2513 2810 genere
2539 2733 2950 2810 Atheniensis,
2985 2741 3045 2796 et
3085 2752 3244 2795 unus
3273 2752 3341 2797 ex
3373 2745 3603 2812 senatu,
3631 2744 3690 2800 et

299 2842 398 2905 τῆς
467 2835 580 2890 vim
653 2822 929 2899 Ἐλλήνων
999 2826 1052 2884 δὲ
1127 2825 1364 2893 παιδείας
1439 2829 1749 2907 ὁρμώμενον
1784 2877 1800 2910 ,
1870 2841 1950 2887 καῖ

2046 2838 2117 2882 ex
2149 2823 2490 2910 Graecorum
2523 2831 2900 2904 processerat
2927 2822 3244 2905 disciplina
3276 2844 3292 2885 :
3331 2833 3392 2887 ut
3419 2826 3520 2906 qui
3551 2845 3687 2888 cum

307 2926 617 2995 ἧσκημένσν
681 2920 781 2987 τήν
865 2940 923 2974 τε
994 2916 1168 2984 ἄλλην
1245 2917 1456 2974 ἅπασαν
1511 2909 1813 2993 ἐπιστήμην
1885 2920 1950 2981 εἷς

2043 2911 2104 2966 in
2126 2909 2234 2967 alia
2257 2918 2408 2970 esset
2427 2911 2686 2970 doctrina
2723 2926 2950 2970 summe
2978 2914 3342 2973 exercitatus.
3369 2923 3486 2970 tum
3517 2917 3689 2973 etiam

307 3014 486 3089 ἄκρον,
520 3013 606 3066 καὶ
669 3007 735 3076 δὴ
780 3008 867 3065 καὶ
917 3006 1122 3086 τέχνην
1178 3007 1488 3085 ῥητορικὴν,
1525 3005 1624 3074 ὅση
1679 3008 1795 3086 περὶ
1847 3029 1950 3064 πα-

2045 2999 2102 3056 in
2135 3007 2257 3057 arte
2289 3002 2598 3069 rethorica,
2631 3015 2754 3072 qua:
2787 3001 2850 3058 in
2894 3000 3403 3073 disceptationibus
3431 3013 3689 3061 versatur

297 3100 570 3174 λαίσματά
639 3120 696 3154 τε
769 3099 854 3154 καὶ
941 3095 1248 3168 ἀντιθέσεις,
1319 3092 1536 3176 ἄμαχον
1603 3094 1950 3178 δεδειγμένον,

2043 3097 2098 3147 et
2129 3090 2612 3162 contentionibus,
2634 3098 2753 3149 erat
2776 3089 3276 3162 inexpugnabilis;
3301 3100 3356 3148 et
3384 3100 3467 3160 ut,
3489 3093 3688 3162 paucis

308 1763 625 1839 ταφρονῆσει
699 1765 806 1815 τῶν
875 1753 1185 1831 διατάξεων,
1244 1755 1493 1834 ὠργίζετο
1519 1800 1532 1827 ,
1611 1754 1666 1812 δὲ
1736 1756 1822 1813 ἐπὶ
1887 1761 1957 1833 τῇ

317 1853 564 1919 ἆθετήσει
593 1851 691 1906 τῶν
720 1848 954 1920 πατρίων
983 1844 1139 1905 θεῶν.

289 3193 382 3248 καί
457 3187 753 3246 συνελόντα
836 3187 1019 3264 φάναι,
1091 3184 1267 3262 λέγειν
1337 3185 1436 3260 μὲν
1515 3185 1955 3265 προχειρότατον,

285 3282 509 3338 ἆκοῦειν
589 3276 647 3334 δὲ
702 3276 1086 3349 συνετώτατον,
1145 3274 1466 3331 λανθάνοντα
1529 3275 1584 3330 δὲ
1647 3273 1780 3336 τέως
1845 3281 1958 3354 περὶ

287 3373 351 3426 το
410 3365 601 3438 σέϐας,
661 3367 748 3422 καὶ
810 3370 1053 3439 κρυπτῶς
1109 3365 1176 3419 τὰ
1238 3365 1564 3438 Χριστιανῶν
1618 3367 1958 3443 μετερχόμε-

298 3481 409 3524 νον,
470 3457 644 3536 μέχρι
694 3455 751 3511 δὲ
821 3456 942 3510 τότε
997 3455 1059 3510 τὸ
1121 3461 1212 3512 τοῦ
1267 3451 1527 3529 βασιλέως
1597 3453 1956 3530 ὑποκρινόμε-

307 3571 396 3603 νον
441 3546 674 3620 θέλημα.
737 3541 1029 3602 Εὒλαόεϊτο
1058 3543 1157 3621 γὰρ
1207 3541 1291 3600 διὰ
1323 3543 1385 3599 τὸ
1433 3544 1552 3620 περὶ
1595 3543 1716 3608 τοὺς
1745 3542 1956 3619 ἀγῶνας

312 3636 593 3714 ἰπισισιλές
639 3632 869 3692 ἐθελοντὶ
927 3637 1179 3711 χωρῆσαι
1227 3635 1356 3711 πρὸς
1412 3633 1474 3688 τὸ
1532 3633 1835 3709 μαρτύριον.
1897 3623 1956 3690 Ὀ

362 3727 382 3756 1
505 3725 530 3757 τ
797 3723 809 3741 ‘
1024 3721 1034 3738 '
1289 3728 1345 3757 υ-
1550 3724 1562 3740 ⁸
1663 3720 1676 3738 ‘
1784 3717 1799 3740 ’

316 3750 418 3798 μιν
477 3747 559 3780 ων
609 3723 855 3800 βασιλευς
908 3721 1170 3796 ἐκπεμπει
1230 3743 1408 3779 τοι)..ον
1479 3720 1565 3777 ἐπι
1621 3743 1724 3778 την
1805 3719 1952 3778 Αλε-

314 3813 581 3892 ξάνδρειαν
629 3814 714 3870 σὺν
769 3813 931 3890 τάχει
987 3808 1194 3884 πολλῷ,
1253 3810 1346 3867 ’ἵνα
1399 3809 1496 3884 μὲν
1555 3810 1645 3867 καὶ
1700 3811 1794 3875 τὰς
1851 3817 1958 3866 τῶν

306 3904 594 3960 πολιτικῶν
661 3901 993 3979 πραγμάτων
1061 3897 1372 3973 συμπλοκὰς
1442 3897 1795 3973 διαλύσηται,
1864 3901 1952 3956 καὶ

297 3993 605 4070 muniit,
669 3993 787 4051 τοὺς
845 3988 930 4046 διὰ
986 3996 1148 4045 ταῦτα
1193 3991 1324 4068 πρὸς
1383 3988 1596 4053 στάσεις
1655 3999 1950 4069 χωρήσαν-

289 4107 416 4157 τας,
450 4086 513 4139 τὸ
545 4081 601 4138 δὲ
658 4081 818 4138 πλέον
876 4081 962 4137 καὶ
1021 4078 1389 4157 καίριῶτερον,
1447 4081 1522 4142 ὡς
1555 4077 1617 4134 ἂν
1673 4077 1823 4152 ζήλῳ
1851 4082 1950 4144 τῆς

292 4174 551 4249 πατρῴας
595 4170 875 4249 θρησκείαξ
929 4169 1017 4226 καὶ
1063 4169 1130 4236 τῆ
1186 4167 1358 4247 τέχνῃ
1411 4168 1502 4225 τοῦ
1544 4166 1707 4245 λόγου
1747 4169 1835 4224 καὶ
1875 4175 1952 4242 τῷ

290 4263 512 4338 μεγέθει
569 4267 665 4317 τοῦ
735 4260 1077 4338 φρονήματος
1134 4259 1193 4313 τὸ
1262 4260 1355 4314 τοῦ
1411 4264 1638 4336 Χριστοῦ
1703 4259 1951 4335 κήρυγμα

288 4359 389 4418 τῆς
456 4352 666 4413 πόλεως
723 4346 993 4423 ἀπελάσῃ,
1053 4345 1330 4423 ἀναδιδάξῃ
1380 4369 1437 4404 τε
1492 4347 1638 4410 αὖθις
1688 4348 1750 4403 τὸ
1801 4348 1949 4423 βασι·

287 4442 448 4498 λικὸδ
501 4436 661 4501 σέϐας
707 4437 828 4499 τοὺς
884 4435 1173 4510 ἀπώμοτον
1243 4435 1417 4492 ἐκεῖνο
1479 4435 1722 4510 θεμένου,
1772 4457 1950 4511 τιμω-

288 4534 432 4610 ρίαις
465 4532 587 4589 τοὺς
619 4527 693 4602 μὶε
727 4525 1069 4601 πειθομένους
1098 4527 1410 4604 ὑπαγαγὼν,

2045 3179 2260 3249 dicam,
2294 3179 2367 3242 ad
2400 3180 2720 3243 dicendum
2753 3179 2994 3261 quidem
3025 3188 3153 3244 erat
3181 3179 3687 3266 promptissimus,

2042 3270 2113 3332 ad
2161 3269 2523 3332 audiendum
2557 3289 2698 3333 vero
2729 3269 3226 3352 prudentissimus
3261 3292 3274 3335 :
3323 3277 3463 3333 tunc
3492 3279 3687 3334 autem

2039 3359 2272 3422 celabat
2293 3359 2672 3440 religionem,
2698 3369 2757 3422 et
2780 3359 3010 3422 occulte
3033 3360 3370 3423 sectabatur
3391 3379 3490 3423 res
3518 3361 3691 3424 Chri-

2038 3448 2364 3510 stianorum
2394 3469 2407 3512 :
2439 3466 2632 3530 usque
2663 3449 2736 3511 ad
2771 3450 2882 3512 hoc
2912 3458 3147 3530 tempus
3181 3459 3380 3513 autem
3413 3469 3478 3512 se
3508 3449 3690 3511 simu-

2040 3537 2198 3600 labat
2254 3543 2420 3620 sequi
2469 3539 2838 3602 voluntatem
2897 3538 3297 3619 imperatoris.
3364 3539 3692 3602 Verebatur

2042 3626 2228 3702 enim,
2276 3627 2558 3709 quoniam
2615 3635 2755 3690 sunt
2805 3629 3130 3690 certamina
3175 3628 3507 3710 periculosa
3581 3647 3692 3690 sua

2040 3724 2253 3794 sponte
2284 3715 2490 3778 venire
2507 3716 2580 3778 ad
2608 3717 2974 3798 martyrium.
3007 3717 3536 3798 Atqueimperator
3564 3719 3696 3799 qui-

2039 3805 2166 3862 dem
2199 3806 2444 3862 maxime
2475 3804 2767 3864 celeritate
2791 3821 2925 3864 eum
2950 3807 3122 3865 mittit
3163 3807 3594 3868 Alexandriam.
3628 3817 3692 3865 ut

2037 3912 2239 3956 rerum
2265 3893 2506 3974 quidem
2533 3893 2794 3956 civilium
2819 3903 3137 3976 componat
3169 3896 3694 3971 controversias,et

2036 4002 2142 4045 eos
2174 3982 2478 4063 conciliet,
2511 3983 2611 4063 qui
2645 3992 2893 4064 propter
2920 4002 3022 4046 eas
3046 3994 3462 4064 processerunt
3490 3985 3563 4047 ad
3589 4003 3690 4048 se-

2036 4072 2293 4134 ditiones
2328 4091 2341 4131 :
2387 4071 2645 4134 maxime
2699 4090 2837 4134 vero
2868 4081 2926 4134 et
2959 4074 3282 4154 praecipue,
3320 4084 3380 4135 ut
3409 4075 3537 4136 zelo
3580 4092 3691 4156 pa-

2033 4163 2162 4225 triae
2185 4160 2580 4242 religionis,et
2598 4160 2840 4224 dicendi
2857 4169 3072 4242 arte,et
3094 4162 3281 4223 animi
3303 4163 3683 4231 celsitudine.

2033 4251 2250 4314 Christi
2311 4251 2804 4330 praedicationem
2855 4250 3184 4332 expelleret
3228 4271 3262 4312 e
3311 4251 3568 4327 civitate,
3627 4264 3693 4316 et

2033 4358 2239 4402 rursus
2283 4339 2728 4418 imperatoriam
2781 4339 3029 4402 doceret
3071 4340 3452 4420 religionem,
3491 4342 3688 4424 poenis

2035 4447 2138 4492 eos
2170 4426 2522 4509 subjiciens,
2559 4429 2657 4510 qui
2689 4427 2848 4491 illam
2880 4428 3322 4510 abjuraverant.

379 4619 446 4676 Δ¹
459 4665 475 4680 .
540 4621 601 4675 '0
643 4615 722 4695 δὲ,
758 4617 853 4683 τὴν
882 4636 940 4671 τε
971 4613 1204 4680 ἐξουσίαν
1233 4617 1320 4672 καὶ
1348 4621 1452 4671 τῶν
1486 4616 1748 4672 τοσούτων
1782 4635 1950 4693 πραγο

2115 4606 2213 4669 lV.
2262 4605 2368 4669 Ille
2402 4615 2600 4669 autem
2641 4614 2991 4688 potestatem
3038 4614 3100 4671 et
3131 4617 3432 4672 tantarum
3479 4627 3684 4672 rerum

293 4713 486 4785 μάτων
529 4709 621 4763 τὸν
649 4705 806 4782 ὄγκον
863 4705 1077 4783 ὑποδὺς,
1110 4703 1162 4761 ἔν
1211 4705 1375 4782 ὀλίγῳ
1403 4727 1458 4761 τε
1503 4711 1570 4778 τῇ
1608 4703 1766 4761 πόλει
1827 4703 1946 4760 ἔπι-

292 4798 645 4872 δεδημηκὼς,
679 4793 818 4852 οὕτω
870 4806 990 4858 ταῖς
1043 4793 1104 4849 ἐκ
1157 4799 1256 4861 τῆς
1317 4793 1519 4874 τέχνης
1555 4793 1812 4872 ἀνάγκαις
1860 4794 1948 4850 καὶ

297 4895 376 4960 τῷ
443 4887 624 4964 κράτει
693 4890 792 4950 τῆς
869 4882 1095 4960 φύσεως,
1149 4883 1275 4958 ῥᾷον
1331 4885 1397 4942 τὰ
1472 4879 1949 4962 ἀμφισϐητούμενα

305 4975 599 5050 διελύσατο,
633 4977 722 5030 καὶ
763 4985 882 5036 τοῖς
934 4971 1365 5047 πολιτευομένοις
1416 4973 1510 5048 μὲν
1557 4977 1658 5039 τὴν
1714 4970 1947 5028 παλαιὰν

304 5067 536 5141 εἰρήνην,
596 5067 659 5120 τὸ
714 5063 908 5140 κράτος
960 5059 1015 5117 δὲ
1073 5062 1140 5137 τῇ
1188 5061 1342 5118 πολει
1399 5065 1486 5118 καὶ
1515 5062 1614 5128 τὴν
1658 5062 1732 5124 εἷς
1775 5060 1944 5117 πάντα

295 5154 559 5230 γαλήνην,
620 5152 976 5224 ἀνενεώσατο,
1023 5151 1096 5212 ὡς
1165 5149 1406 5228 ὀλιγάκις
1474 5150 1574 5225 μὲν
1651 5150 1806 5207 αὐτὸν
1854 5151 1946 5206 τοῦ

289 5245 558 5320 βήματος,
593 5239 733 5317 μηδὲ
792 5236 930 5302 ἅπαξ
991 5235 1047 5292 δὲ
1088 5236 1338 5305 δεηθῆναι
1396 5239 1642 5316 πληγῶν,
1703 5235 1853 5294 Ἐπεὶ
1889 5235 1942 5292 δὲ

290 5337 407 5409 περὶ
458 5331 628 5389 τᾶλλα
660 5331 764 5405 μὲν
820 5325 1094 5400 συμϐᾶσαν
1153 5325 1266 5385 εἶδε
1315 5327 1416 5394 τὴν
1473 5326 1652 5398 πόλιν,
1689 5323 1938 5400 ἀσύμϐα-

289 5445 380 5478 τον
407 5421 461 5478 δὲ
521 5427 639 5499 περί
685 5420 790 5486 τὴν
839 5415 993 5480 δόξαν
1047 5417 1139 5470 τοῦ
1167 5418 1350 5472 καινοῦ
1405 5413 1668 5494 δόγματος
1697 5414 1773 5471 ἔτι
1831 5415 1936 5490 μέ-

294 5533 494 5588 νουσαν,
529 5513 748 5593 γράψας
795 5505 974 5562 πάντα
1029 5503 1095 5558 δι’
1154 5505 1348 5583 ὀλίγων
1407 5511 1483 5578 τῷ
1519 5503 1756 5581 βασιλεῖ,
1792 5506 1948 5569 αὐτὸς

288 5601 379 5672 τὴν
430 5605 516 5664 ἐπὶ
573 5604 640 5661 τὸ
694 5599 962 5676 κήρυγμα
1020 5604 1113 5655 τοῦ
1167 5601 1390 5674 χριστοῦ
1431 5595 1617 5653 αὐτίκα
1669 5593 1945 5671 ὂτράπετο.

278 5695 400 5760 Καθ’
451 5695 649 5756 ἑαυτὸν
731 5684 789 5743 δί
857 5683 1140 5764 γενόμενος
1197 5688 1293 5743 καὶ
1361 5683 1528 5749 συνεὶς
1584 5684 1658 5747 ὡς
1715 5681 1950 5764 εὐχερῶς

2033 4697 2250 4759 molem
2283 4696 2644 4778 suscipiens,
2677 4715 2812 4759 cum
2861 4697 3026 4760 brevi
3055 4707 3328 4780 tempore
3362 4699 3572 4762 fuisset
3627 4702 3684 4762 in

2032 4785 2292 4866 civitate,
2347 4785 2499 4846 artis
2558 4784 2914 4848 necessitate
2969 4794 3029 4849 et
3078 4787 3301 4866 ingenii
3353 4791 3690 4869 praestantia

2032 4873 2471 4937 controversias
2493 4873 2666 4936 facile
2687 4882 3020 4955 composuit
3053 4897 3069 4936 :
3102 4884 3159 4938 et
3189 4875 3412 4938 civibus
3442 4878 3686 4955 quidem

2030 4965 2334 5042 antiquam
2370 4980 2602 5044 pacem,
2643 4963 2865 5026 civitati
2896 4981 3038 5026 vero
3085 4966 3403 5044 potentiam
3438 4975 3496 5028 et
3531 4976 3687 5028 tran-

2029 5055 2378 5137 quillitatem
2417 5060 2664 5117 omnino
2689 5055 2969 5131 restituit,
2995 5057 3146 5119 adeo
3188 5067 3252 5118 ut
3279 5075 3414 5119 raro
3443 5058 3684 5140 quidem

2029 5143 2518 5214 tribunali,plagls
2536 5153 2729 5203 autem
2761 5158 2835 5202 ne
2859 5145 3034 5203 semel
3059 5146 3291 5218 quidem
3325 5160 3468 5218 opus
3493 5149 3682 5209 fuerit.

2027 5237 2174 5298 Cum
2200 5241 2396 5295 autem
2421 5233 2480 5294 in
2499 5233 2634 5294 aliis
2659 5234 2908 5314 quidem
2934 5235 3181 5298 vidisset
3201 5236 3523 5299 convenire
3547 5239 3687 5299 civi-

2025 5333 2232 5404 tatem,
2267 5324 2328 5384 in
2378 5321 2516 5384 novi
2547 5339 2684 5384 vero
2731 5322 3021 5404 dogmatis
3064 5325 3361 5387 sententia
3413 5326 3678 5389 nondum

2031 5411 2380 5487 convenire,
2415 5419 2472 5473 et
2497 5411 2700 5474 omnia
2716 5413 3022 5492 sigillatim
3044 5413 3382 5495 scripsisset
3405 5415 3476 5477 ad
3499 5415 3686 5496 impe-

2032 5512 2313 5573 ratorem,
2347 5519 2674 5564 conversus
2704 5511 2794 5566 est
2825 5504 2952 5585 ipse
2980 5504 3052 5566 ad
3077 5503 3584 5585 praedicationem:
3622 5517 3683 5567 et

2031 5591 2377 5673 intelligens
2405 5609 2538 5656 esse
2565 5591 2762 5675 facile,
2787 5594 2838 5656 si
2870 5593 3049 5657 modo
3077 5593 3239 5669 velit,
3270 5600 3447 5656 totam
3480 5612 3587 5674 per
3615 5613 3684 5657 se

2034 5683 2333 5750 civitatem
2357 5688 2710 5748 convertere
2729 5683 2804 5747 ad
2819 5701 3020 5748 veram
3040 5682 3415 5769 religionem:
3436 5691 3496 5747 et
3518 5683 3676 5770 quod
