4132 6422
427 392 534 460 371

1731 394 2009 459 MENSIS
2066 387 2494 454 DECEMBER.

3699 380 3815 447 372

429 535 479 597 si
523 533 583 595 in
613 531 730 595 alio
775 533 1017 613 quidem
1071 540 1341 611 tempore
1369 529 1655 593 subiisset
1701 529 2072 610 martyrium,

2180 529 2274 606 χει
2332 525 2621 602 βουληθείς
2678 524 2793 600 ἄρτι
2865 524 2963 590 τὴν
3020 520 3176 578 πόλιν
3247 543 3420 578 πασαν
3490 519 3557 577 δι’
3631 522 3820 579 ἑαυτοῦ

433 642 540 705 pro
585 642 648 685 se
694 623 888 684 solum
937 622 1267 701 accepisset
1315 638 1617 692 coronam,
1654 621 1832 681 hodie
1881 629 2074 679 autem

432 732 541 794 pro
574 714 666 792 iis,
687 717 785 792 qui
817 711 1150 789 decertant,
1173 711 1426 789 accipiet
1451 709 1813 771 mercedem:
1843 709 2080 769 intuens

431 802 504 863 ad
536 819 806 876 coronas,
837 803 1036 861 statuit
1062 810 1119 861 et
1153 800 1339 878 magis
1359 817 1606 878 arguere
1639 799 2075 878 deceptionem,

434 901 493 953 et
524 891 834 952 traducere
862 889 1156 950 civitatem
1185 889 1257 950 ab
1280 905 1484 950 errore
1504 888 1927 966 gentillium,et
1952 905 2081 967 per—

433 980 684 1043 suadere
708 977 1012 1052 omnibus,
1038 985 1103 1038 ut
1131 977 1364 1039 discant
1395 976 1698 1057 pietatem,
1723 985 1777 1037 et
1814 976 2077 1056 seipsum

431 1069 683 1131 reddere
701 1067 1568 1132 manifestum,etcertaminum
1584 1065 1930 1128 occasiones
1955 1067 2085 1144 ipse

433 1166 712 1235 tanquam
741 1174 915 1217 ansas
934 1154 1204 1236 przebere
1225 1153 1680 1226 aliis.Quoniam
1700 1174 1837 1217 vero
1862 1154 2086 1235 perspi-

431 1246 627 1307 ciebat
683 1245 1126 1307 multitudinem
1184 1262 1560 1324 nequaquam
1598 1245 1836 1324 quidem
1901 1243 2086 1304 nudas

431 1335 744 1396 admittere
803 1334 1279 1409 adhortationes,
1314 1334 1417 1394 sed
1472 1352 1570 1394 eas
1628 1334 1822 1414 potius
1868 1334 2086 1393 habere

433 1437 766 1505 suspectas,
796 1424 1029 1486 facilius
1055 1431 1255 1485 autem
1289 1422 1419 1502 capi
1451 1442 1484 1484 a
1516 1423 1660 1495 ﬁde,
1690 1442 1821 1502 qua:
1846 1422 2084 1501 profici-

435 1513 623 1575 scitur
669 1532 738 1576 ex
785 1512 1092 1594 operibus,
1131 1530 1318 1592 pauca
1368 1513 1613 1592 docens,
1647 1513 1826 1592 idque
1870 1512 2084 1584 solum,

437 1602 672 1682 quando
691 1602 928 1663 videbat
951 1601 1391 1679 interrogantes
1415 1613 1475 1662 et
1506 1601 1812 1681 cupientes
1831 1600 2082 1662 discere:

441 1709 652 1770 magna
701 1710 768 1752 ex
805 1699 969 1772 parte
1015 1699 1212 1754 autem
1263 1709 1367 1752 eos
1414 1709 1522 1771 per
1551 1692 1715 1765 signa
1769 1689 2085 1758 inducens,

438 1780 588 1842 adeo
617 1780 872 1843 breviad
893 1780 1440 1862 eam,quaalatebat,
1468 1780 1726 1841 traduxit
1746 1781 2084 1858 veritatem,

2162 619 2466 690 μεταθεῖναι
2542 617 2672 691 πρὸς
2731 611 3052 684 θεοσέὅειαν,
3111 614 3201 667 καὶ
3262 613 3336 674 ὡς
3408 610 3462 666 ἐν
3519 608 3665 682 ἄλλῳ
3722 613 3823 686 μὲν

2162 711 2332 780 καιρῷ
2388 707 2759 783 μαρτυρήσας,
2820 705 2912 758 τὸν
2960 703 3090 780 ὑπὲρ
3147 702 3330 760 ἑαυτοῦ
3373 702 3536 774 μόνον
3587 700 3825 778 ἂπενᾶγι

2164 817 2311 851 κοιτο
2360 795 2637 874 στέφανον,
2672 795 2905 870 σήμερον
2949 791 3024 864 δὲ,
3062 794 3148 848 καὶ
3199 793 3290 848 τὸν
3351 791 3482 865 ὑπὲρ
3515 792 3616 846 tti
3677 792 3830 869 ἄγω-

2166 884 2448 958 νιζομὲνων
2510 885 2680 938 αὐτῶν
2738 883 2924 956 μισθὸν
2982 879 3238 956 λήψεται,
3293 882 3380 936 καὶ
3440 877 3640 935 ἀπιδὼν
3690 882 3826 957 πρὸς

2167 975 2286 1035 τοὺς
2372 973 2651 1034 τοσούτους
2723 972 3031 1050 στεφάνους,
3099 970 3239 1047 ἔγνω
3308 972 3408 1038 τήν
3484 992 3540 1024 τε
3613 969 3826 1035 ἀπάτην

2167 1063 2372 1139 μᾶλλον
2423 1061 2654 1140 ἐλέγξαι,
2690 1063 2776 1117 καὶ
2821 1062 3153 1134 μεταστῆσαι
3185 1065 3283 1126 τῆς
3336 1058 3624 1129 ὲλληνικῆς
3681 1058 3826 1114 πλά-

2169 1177 2289 1229 νης,
2324 1154 2420 1218 τὴν
2479 1151 2658 1230 πόλιν,
2710 1152 2795 1206 καὶ
2847 1163 3032 1206 πεῖσαι
3088 1150 3290 1210 πάντας
3349 1152 3677 1222 μεταμαθεῖν
3727 1149 3829 1214 τὴν

2169 1240 2457 1300 εὒσὲϐειαν’
2523 1241 2747 1318 φανερόν
2807 1261 2861 1296 τε
2925 1241 3109 1297 ἑαυτὸν
3166 1238 3526 1312 καταστῆσαι,
3591 1240 3674 1293 καὶ
3730 1242 3832 1300 τὰς

2168 1332 2408 1410 ἀφορμὰς
2465 1333 2568 1388 τῶν
2627 1331 2847 1408 ἀγώνων
2898 1330 2969 1392 ὡς
3031 1326 3194 1392 λαϐὰς
3252 1341 3371 1391 τοῖς
3425 1327 3607 1390 ἄλλοις
3665 1329 3837 1384 αὺτὸν

2170 1435 2494 1499 παρασχεῖν.
2560 1419 2712 1478 Ἐπεῖ
2775 1419 2899 1497 γοῦν
2959 1417 3164 1474 συνεῖδε
3209 1421 3270 1474 τὸ
3321 1418 3547 1497 πλῆθος,
3581 1420 3674 1482 τὰς
3728 1419 3838 1492 μὲν

2173 1509 2332 1585 ψιλὰς
2387 1509 2722 1587 παραινέσεις
2781 1509 2895 1566 οὔτε
2955 1509 3246 1588 προσέχον,
3307 1511 3395 1564 καὶ
3453 1507 3525 1564 δι’
3595 1510 3837 1582 ὑποψίας

2173 1603 2516 1681 ποιούμενον,
2563 1602 2692 1677 πρὸς
2755 1600 2806 1656 δέ
2865 1601 2965 1666 τὴν
3021 1599 3074 1665 ἐξ
3136 1599 3301 1678 ἔργων
3364 1603 3538 1656 πίστιν
3592 1600 3838 1660 εύκόλως

2173 1691 2544 1770 χειρούμενον,
2594 1690 2744 1768 ὀλίγα
2798 1688 3079 1759 διδάσκων,
3132 1692 3215 1747 κα)
3279 1698 3456 1764 τοῦτο,
3519 1690 3606 1746 ὅτε
3663 1690 3839 1764 μόνον

2173 1781 2588 1854 πυνθανομένους
2662 1782 2799 1859 ἐώρα
2871 1783 2965 1836 καί
3035 1779 3394 1860 γλιχομένους
3467 1784 3688 1858 μαθαϊν,
3762 1781 3840 1834 τὰ

440 1877 502 1931 ut
532 1871 752 1932 fuerint
781 1888 992 1932 omnes
1025 1871 1212 1951 parati
1243 1870 1581 1932 daemonum
1614 1876 1836 1930 statuas
1869 1876 1927 1929 ct
1956 1887 2088 1929 aras

2180 1868 2346 1924 πολλὰ
2403 1867 2484 1925 διὰ
2543 1876 2647 1925 τῶν
2718 1869 2953 1941 σημείων
3006 1870 3190 1929 αὒτοῦς
3266 1869 3492 1947 ἐνάγων,
3553 1868 3718 1930 οῧτως
3777 1869 3840 1923 ἐν

440 1959 731 2039 dejicere,
765 1970 823 2022 et
872 1960 946 2035 si,
981 1960 1220 2038 quando
1275 1959 1504 2032 liceret,
1541 1978 1646 2038 pro
1685 1958 1917 2020 Christo
1974 1958 2090 2037 pati

441 2057 709 2110 mortem-
729 2056 1002 2130 prompto
1053 2059 1113 2110 et
1140 2048 1320 2110 alacri
1363 2047 1585 2108 animo.
1621 2045 1765 2108 Nam
1801 2066 1935 2107 cum
1988 2047 2091 2108 ille

441 2137 686 2218 quidem
708 2156 840 2200 cum
864 2138 1048 2200 rebus
1080 2137 1336 2218 publicis
1371 2138 1498 2216 ipso
1528 2155 1764 2218 quoque
1791 2137 2093 2216 dignitatis

436 2230 583 2290 fastu
605 2235 841 2302 exutus,
871 2237 1056 2289 totum
1077 2227 1266 2288 forum
1299 2227 1494 2288 obiret
1525 2226 1771 2287 honesto
1797 2236 1855 2287 et
1880 2226 2089 2287 mode-

436 2323 565 2377 rato
605 2316 871 2398 incessu,
903 2325 964 2378 et
993 2325 1157 2378 totus
1189 2334 1428 2397 quoque
1459 2315 1582 2376 fere
1613 2316 1864 2395 populus
1895 2315 2090 2395 ipsum

440 2413 1182 2485 consequeretur,propter
1203 2405 1597 2467 reverentiam
1625 2404 2000 2482 magistratus
2033 2414 2090 2466 et

443 2494 749 2572 signorum
802 2505 862 2554 et
920 2493 1321 2567 curationum,
1354 2493 1657 2555 accideret
1687 2503 1882 2554 autem
1939 2495 2093 2554 forte

441 2583 699 2657 fortuna,
736 2591 800 2644 ut
833 2583 962 2663 ipse
992 2581 1286 2644 incideret
1319 2582 1382 2643 in
1412 2591 1680 2660 aegrotos,
1717 2591 1816 2643 aut
1847 2583 1964 2642 illis
1995 2603 2096 2642 oc-

444 2679 707 2745 cureret,
741 2672 958 2753 quibus
989 2681 1114 2734 erat
1142 2690 1358 2752 corpus
1380 2671 1576 2752 aliqua
1607 2680 1768 2752 parte
1794 2672 2090 2750 mutilum,

437 2760 537 2822 ille
563 2761 801 2842 quidem
821 2763 1089 2838 protinus
1101 2760 1458 2823 cernebatur
1473 2761 1670 2822 animo
1689 2761 2089 2841 perturbatus,

440 2858 497 2911 et
530 2869 739 2913 manus
761 2851 848 2912 eis
873 2849 1237 2932 imponebat,
1267 2850 1644 2912 etChristum
1682 2851 2015 2923 invocabat,
2041 2860 2095 2911 et

437 2939 607 3018 signo
633 2939 827 3001 crucis
844 2939 1316 3020 obsignabat.llli
1339 2958 1478 3001 vero
1499 2959 1630 3000 cum
1646 2949 1847 3002 essent
1871 2940 2091 3020 claudi,

441 3029 637 3090 statim
670 3028 960 3091 saltabant
983 3028 1262 3090 omnibus
1283 3028 1661 3090 videntibus:
1698 3030 1860 3090 surdi
1892 3037 2091 3091 autem

443 3127 505 3179 et
536 3117 675 3180 caeci
711 3119 976 3198 protinus
1036 3117 1313 3180 videbant
1346 3128 1404 3179 et
1437 3118 1780 3194 audiebant,
1829 3119 2096 3198 mutique

443 3208 861 3288 loquebantur,
892 3216 952 3270 et
982 3207 1336 3270 daimoniaci
1367 3207 1752 3270 curabantur.

2175 1959 2376 2037 βραχεῖ
2407 1959 2535 2035 πρὸς
2589 1958 2685 2024 τὴν
2740 1958 3110 2037 κρυπτομένην
3159 1958 3409 2027 ἀλήθειαν
3459 1955 3834 2031 μετεϐίϐασεν,

2175 2069 2248 2109 ως
2298 2048 2538 2121 ἑτοίμους
2594 2049 2794 2112 πάντας
2831 2048 3071 2125 γενέσθαι
3123 2049 3188 2103 τά
3221 2070 3273 2104 τε
3332 2045 3664 2126 ἆψιδρύματα
3724 2053 3841 2102 τῶν

2177 2135 2442 2212 δαιμόνων
2474 2137 2561 2192 καὶ
2605 2137 2726 2200 τοὺς
2760 2139 2969 2210 βωμοὺς
3016 2135 3286 2209 καθελεῖν,
3320 2139 3405 2192 καὶ
3459 2138 3510 2192 εἷ’
3541 2159 3666 2193 ποτε
3719 2160 3841 2193 πα-

2177 2227 2267 2304 ρῇ,
2300 2228 2390 2280 τὸν
2436 2224 2564 2301 ὑπὲρ
2623 2232 2715 2280 τοῦ
2777 2233 3002 2302 Χριστοῦ
3060 2227 3340 2303 προθύμως
3385 2226 3672 2282 ἀποθανεῖν
3731 2229 3829 2282 θέ-

2178 2337 2358 2376 νατον.
2413 2305 2506 2377 Ὠς
2559 2314 2656 2391 γὰρ
2715 2316 2742 2370 6
2773 2314 2872 2388 μὲν
2919 2315 3050 2387 μετὰ
3104 2316 3208 2370 τῶν
3243 2313 3514 2389 δημοσίων
3574 2317 3840 2392 πραγμά-

2178 2427 2283 2460 των
2354 2405 2442 2460 καὶ
2515 2405 2669 2459 αὐτὸν
2730 2405 2820 2458 τὸν
2885 2411 2976 2459 τοῦ
3045 2403 3343 2478 ἀξιώματος
3415 2405 3574 2481 ὄγκον
3654 2405 3844 2484 ὥσπερ

2179 2492 2576 2568 ἀποδυσάμενος
2647 2493 2801 2568 ἐπῄει
2861 2491 2996 2548 κατᾶ
3049 2498 3222 2548 πᾶσαν
3279 2495 3375 2561 τὴν
3419 2494 3616 2572 ἀγορὰν
3677 2499 3840 2552 εύκό-

2179 2605 2300 2657 σμῳ
2357 2584 2444 2638 καὶ
2503 2583 2698 2659 μετρίῳ
2757 2583 2856 2637 τινὶ
2920 2587 2995 2653 τῷ
3065 2579 3370 2657 βαδίσματι,
3432 2585 3704 2640 συνείπετο
3782 2584 3837 2641 δὲ

2180 2673 2320 2745 αὒιῷ
2380 2674 2464 2727 καὶ
2495 2694 2599 2734 πας
2659 2675 2686 2728 6
2735 2670 2902 2746 δῆμος
2956 2669 3151 2750 σχεδὸν
3207 2669 3346 2726 αἰδοῖ
3397 2679 3492 2737 τῆς
3525 2673 3697 2754 ἀρχῆς
3746 2671 3831 2729 καί

2178 2763 2285 2819 τῶν
2344 2763 2582 2837 σημείων
2644 2762 2730 2817 καὶ
2800 2761 2909 2816 τῶν
2969 2762 3186 2833 ἱάσεων,
3248 2759 3514 2816 συνέϐαινε
3591 2763 3642 2819 δὲ
3697 2763 3826 2819 κατά

2181 2874 2298 2908 τινα
2371 2851 2568 2930 τύχην,
2629 2850 2665 2920 ἢ
2737 2849 3063 2926 ἆρῥωστοῦσι
3123 2846 3487 2927 παραϐαλλειν
3562 2853 3735 2925 αὐτὸν,
3793 2854 3828 2922 ἢ

2180 2941 2396 3005 ἐκείνοις
2470 2945 2840 3013 συναντασθαι,
2901 2945 2986 3002 οἷς
3060 2941 3114 2994 ἐν
3188 2939 3335 3015 μέρει
3406 2940 3504 2994 τινὶ
3562 2942 3623 2995 τὸ
3684 2943 3834 3015 σῶμα

2182 3031 2492 3107 πεπήρωτοο
2555 3033 2581 3085 δ
2653 3031 2751 3105 μὲν
2818 3031 3114 3107 περιπαθής
3159 3050 3215 3084 τε
3263 3028 3406 3091 εὐθὺς
3468 3029 3688 3106 ἑωρᾶτο,
3751 3032 3838 3085 καὶ

2179 3122 2273 3181 τάς
2350 3140 2408 3176 τε
2467 3135 2662 3199 χεῖρας
2738 3123 2923 3183 αὐτοῖς
2984 3119 3235 3198 ἐπετῖθει,
3294 3119 3382 3174 καὶ
3451 3120 3541 3173 τὸν
3612 3119 3835 3193 Χριστὸν

2117 3208 2465 3285 Οέπεϐοᾶτο,
2551 3212 2637 3265 καὶ
2721 3214 2800 3282 τῷ
2880 3215 2973 3266 τοῦ
3056 3215 3281 3282 σταυροῦ
3366 3208 3567 3281 σημείῳ
3647 3207 3829 3269 αὐτοὺς

439 3289 842 3377 ίττεετιρράγιζεν⁸
905 3301 951 3353 οἱ
1021 3296 1074 3352 δὲ
1147 3298 1354 3370 αύτίκα,
1402 3297 1575 3376 χωλοί
1642 3320 1697 3352 τε
1757 3299 1925 3370 ὄντες,
1975 3302 2028 3352 ἐν
2091 3298 2391 3377 ὀφθαλμοῖς
2462 3300 2674 3357 πάντων
2717 3297 2973 3371 ἥλλοντο,
3027 3306 3193 3377 κωφοί
3253 3296 3306 3352 δὲ
3365 3298 3398 3364 ἢ
3454 3295 3651 3371 τυφλοὶ,
3698 3293 3828 3349 ἀνέ-

441 3384 640 3442 ϐλεπόν
669 3409 725 3442 τε
757 3391 1094 3464 παραχρῆμα
1139 3388 1225 3441 καὶ
1255 3386 1470 3465 ἤκουον,
1509 3386 1696 3443 ἅλαλοί
1727 3409 1780 3442 τε
1813 3387 2031 3442 ἐλάλο·›ν

524 3476 598 3534 ν.
631 3475 779 3537 Cum
813 3475 939 3535 haec
958 3492 1098 3552 ergo
1132 3473 1367 3548 ﬁerent,
1393 3484 1450 3536 et
1483 3483 1825 3555 precaretur
1854 3476 2096 3556 quidem

443 3562 652 3624 beatus
679 3565 901 3637 Menas,
927 3563 1001 3623 ad
1021 3563 1430 3625 invocationes
1457 3571 1649 3626 autem
1670 3574 2102 3627 cancurrerent

444 3669 623 3713 omne
654 3669 841 3730 genus
890 3649 1176 3713 miracula
1206 3651 1600 3725 (manifestum
1653 3654 1810 3713 enim
1845 3662 1974 3714 erat
2030 3655 2100 3715 iis

444 3740 549 3820 qui
581 3739 758 3802 simul
791 3739 1063 3813 aderant,
1098 3739 1233 3820 quis
1282 3741 1474 3803 solum
1510 3742 1849 3804 nominatus
1880 3743 2102 3805 faceret

443 3829 754 3909 miracula,
791 3836 850 3890 et
901 3827 1058 3909 quod
1111 3846 1230 3889 non
1281 3837 1408 3890 erat
1450 3828 1627 3904 alios,
1662 3830 1777 3890 nisi
1831 3830 2101 3893 Christus

444 3920 647 3998 Deus),
685 3935 1010 3998 erumpens
1035 3926 1285 3997 repente
1309 3918 1595 3981 universa
1617 3919 1820 3980 civitas
1851 3939 1884 3982 a
1917 3923 2104 4001 majo-

442 4008 670 4082 rum,in
693 4025 812 4083 qua
847 4007 1089 4068 enutriti
1115 4007 1371 4080 fuerant,
1401 4007 1778 4088 deceptione,
1806 4018 1861 4069 et
1885 4012 2103 4090 patrios

445 4095 687 4176 quidem
713 4096 856 4157 deos
882 4096 1135 4157 multum
1163 4096 1498 4172 ludiﬁcans,
1525 4097 1711 4159 multa
1729 4117 1866 4159 vero
1896 4099 2104 4160 dicens

448 4185 734 4246 adversus
786 4186 1240 4266 imperatorem,
1273 4194 1333 4248 et
1378 4186 1728 4265 gravissime
1785 4207 2103 4251 exsecrans

447 4283 562 4336 tam
596 4294 698 4336 eos
723 4275 821 4356 qui
855 4276 1085 4351 colunt,
1115 4293 1290 4356 quam
1315 4293 1385 4337 ea
1415 4295 1544 4356 quaa
1575 4277 1873 4348 coluntur,
1902 4287 1958 4339 et
1980 4287 2103 4339 toto

445 4363 645 4426 animo
676 4364 959 4444 abjurans
1008 4373 1318 4445 parentum
1351 4365 1737 4446 impietatem,
1773 4386 1804 4427 a
1836 4367 2106 4448 martyris

449 4453 648 4532 lingua
667 4461 726 4513 et
765 4462 964 4515 mente
986 4471 1199 4516 omnes
1231 4453 1408 4516 simul
1442 4456 1876 4534 pependerunt,
1909 4465 1967 4517 et
1995 4475 2104 4517 sua

449 4542 506 4604 ei
536 4541 734 4603 anima
758 4541 1166 4616 adhaeserunt,
1201 4560 1400 4604 sacras
1427 4562 1603 4607 voces
1634 4544 2012 4621 arbitrantes,
2047 4553 2105 4607 et

446 4630 629 4693 verba
657 4632 819 4705 vitae,
848 4631 1011 4693 illius
1035 4632 1220 4693 solius
1241 4632 1428 4694 verba
1442 4646 1868 4713 agnoscentes:
1902 4635 2105 4714 paucis

449 4720 521 4782 ad
569 4721 735 4800 signa
765 4720 1245 4800 conniventibus,
1281 4730 1340 4783 et
1369 4721 1443 4783 ad
1501 4723 1862 4801 agnitionem
1899 4743 2103 4786 eorum

2041 3437 2055 3466 ,
2089 3390 2176 3443 καὶ
2206 3385 2558 3463 δαιμονῶντες
2592 3389 2985 3465 ἐθεραπεύοντο,

2269 3477 2351 3540 Ε’.
2417 3469 2510 3542 Ὠς
2560 3479 2647 3534 οὖν
2675 3486 2841 3536 ταῦτα
2901 3477 3066 3543 οὕτως
3098 3477 3382 3555 ἐνηργεῖτό
3431 3499 3486 3532 τε
3517 3477 3602 3532 καὶ
3636 3476 3839 3552 ἐπράτ-

2185 3589 2328 3642 τετο,
2379 3569 2467 3624 καὶ
2523 3566 2719 3648 ηὔχετο
2773 3569 2870 3642 μὲν
2923 3570 2950 3623 6
2995 3566 3256 3642 μακάριος
3308 3573 3519 3646 Μηνᾶς,
3552 3566 3839 3645 συνέτρεχε

2183 3655 2236 3711 δὲ
2309 3658 2436 3736 πρὸς
2507 3658 2600 3719 τὰς
2673 3656 2980 3726 ἐπικλήσεις
3055 3657 3119 3712 τὰ
3187 3654 3499 3712 παντοδαπὰ
3569 3656 3839 3731 θαύματα,

2182 3743 2344 3812 δῆλον
2397 3745 2450 3802 δὲ
2493 3748 2558 3814 ἧν
2597 3749 2675 3803 καὶ
2723 3749 2845 3809 τοῖς
2875 3753 3209 3825 συμπαροῦσι
3256 3748 3333 3808 τίς
3365 3749 3392 3802 ὁ
3437 3747 3601 3821 μόνον
3633 3746 3844 3819 ὄνομα·

2183 3836 2403 3911 ζύμενος
2483 3837 2570 3892 καὶ
2652 3840 3091 3914 θαυματουργῶν,
3168 3837 3257 3892 καὶ
3338 3837 3411 3898 ὡς
3501 3839 3595 3894 ούκ
3679 3833 3844 3897 ἄλλος

2183 3926 2218 3993 ἢ
2276 3926 2499 4003 Χριστὸς
2559 3927 2588 3982 6
2640 3928 2794 3999 Θεὸς,
2850 3925 3099 4005 ἐξαίφνης
3164 3932 3309 3982 πᾶσα
3353 3928 3387 3992 ἡ
3451 3924 3607 3988 πόλις
3665 3923 3841 4001 ἀπορο

2184 4015 2409 4092 ῥαγεϊσα
2492 4015 2589 4080 τῆς
2663 4014 2951 4093 συντρόφου
3044 4019 3150 4072 τῶν
3228 4015 3506 4092 προγόνων
3599 4014 3842 4092 ἀπάτης,

2187 4104 2272 4160 καὶ
2355 4102 2530 4160 πολλὰ
2612 4103 2709 4178 μὲν
2793 4102 3254 4178 διακωμιρδήσασα
3359 4106 3481 4169 τοὺς
3566 4105 3850 4179 πατρῴους

2185 4193 2356 4271 θεοὺς,
2390 4191 2565 4249 πολλὰ
2617 4192 2671 4248 δὲ
2713 4202 3034 4252 κατειποῦσα
3085 4197 3178 4250 τοῦ
3227 4193 3516 4269 βασιλέως,
3563 4194 3649 4249 καὶ
3701 4193 3849 4249 ἐπα-

2187 4283 2461 4360 ρασαμένη
2517 4284 2583 4339 τά
2608 4281 2972 4362 χαλεπώτατα
3017 4298 3135 4348 τοῖς
3167 4305 3223 4340 τε
3279 4282 3590 4360 σεϐομένοις
3622 4284 3708 4340 καὶ
3742 4285 3850 4340 αὖ-

2187 4383 2305 4434 τοῖς
2352 4383 2470 4435 τοῖς
2505 4367 2825 4451 σεϐάσμασι,
2859 4373 2944 4428 καὶ
2994 4371 3095 4448 ὅλῃ
3127 4378 3282 4453 ψυχῇ
3313 4374 3412 4439 τὴν
3461 4378 3566 4428 τῶν
3597 4371 3851 4450 πατέρων

2189 4458 2431 4517 ἀσέϐειαν
2489 4458 2878 4535 ἐξομοσαμένη,
2937 4463 3126 4527 πάντες
3187 4463 3334 4527 εὐθὺς
3377 4461 3475 4530 τῆς
3533 4463 3625 4517 τοῦ
3693 4462 3848 4538 μάρ-

2187 4571 2337 4623 τυρος
2397 4547 2638 4627 γλώττης
2688 4549 2799 4624 ἅμα
2843 4553 2930 4608 καὶ
2988 4553 3207 4628 γνώμης
3266 4555 3539 4629 γεγόνασι.
3591 4552 3686 4608 Καὶ
3735 4551 3848 4617 τὴν

2187 4638 2372 4717 ψυχήν
2427 4639 2597 4695 ὀπίσω
2654 4638 2812 4696 αὐτοῦ
2868 4638 3264 4715 ἐκολλήθησαν,
3323 4644 3502 4703 φωνὰς
3570 4647 3701 4696 Θεοῦ
3743 4641 3850 4702 τὰς

2187 4727 2386 4783 ἐκείνου
2447 4728 2625 4804 φωνὰς
2697 4731 3053 4805 ἡγησάμενοι,
3122 4731 3208 4786 καὶ
3279 4730 3495 4806 ῥήματα
3559 4729 3701 4798 ζωῆς
3772 4731 3851 4784 τὰ

448 4809 1042 4873 obsurdescentibus.
1095 4809 1350 4882 Quinam
1382 4819 1580 4874 autem
1614 4822 1783 4874 erant
1815 4813 1943 4875 isti?
1974 4816 2039 4888 li,
2075 4833 2094 4874 ε

2192 4814 2390 4872 ἐκείνου
2461 4816 2624 4890 μόνου
2692 4817 3042 4896 γινώσκοντες
3113 4819 3354 4896 ῥήματα,
3417 4819 3613 4895 ὀλίγων
3683 4819 3852 4872 τινῶν

451 4899 668 4980 quibus
713 4900 910 4980 magni
975 4899 1217 4981 quidem
1268 4900 1444 4961 fiebat
1476 4901 1688 4963 festum
1745 4902 2106 4975 daamonum,

451 4990 606 5069 quod
661 4989 1053 5070 peragebatur
1099 4989 1174 5051 ad
1226 5007 1388 5064 arae,
1433 4999 1674 5070 propter
1717 4991 2107 5054 comessatio-

451 5097 614 5155 nem,
640 5089 699 5141 et
724 5078 1102 5159 ebrietatem,
1127 5087 1186 5140 et
1209 5079 1450 5155 cubilia,
1475 5090 1535 5141 et
1564 5079 2104 5159 intemperantiam:

452 5167 820 5246 contemptui
844 5184 990 5229 vero
1018 5167 1393 5229 habebantur
1420 5186 1518 5231 res
1554 5169 1816 5231 honesta
1837 5180 1895 5231 et
1931 5189 2108 5232 vene-

451 5256 655 5317 randae
681 5255 1188 5330 Christianorum,
1225 5265 1468 5337 propter
1497 5259 1670 5320 vitam
1703 5259 2104 5321 continentem

455 5354 515 5407 et
567 5343 989 5424 impatibilem,
1026 5353 1084 5408 et
1114 5364 1244 5426 quae
1293 5355 1581 5408 eratcum
1615 5365 1896 5427 corpore,
1933 5348 2105 5410 vitam

454 5433 895 5512 incorpoream.
932 5437 1077 5498 Cum
1111 5443 1308 5496 autem
1353 5436 1455 5498 isti
1485 5435 1867 5498 tenebrarum
1916 5439 2022 5500 ﬁlii
2054 5449 2112 5501 et

455 5521 764 5600 interitus,
792 5523 1144 5585 derelictum
1180 5542 1446 5586 errorem
1508 5534 1567 5586 et
1595 5544 1834 5588 suorem
1871 5529 2112 5590 simula-

458 5628 697 5672 crorum
721 5611 985 5674 dedecus
1017 5632 1135 5675 non
1167 5613 1452 5690 ferentes,
1477 5624 1744 5676 sanctum
1779 5627 2110 5696 quarerent

458 5700 664 5764 ulcisci
699 5719 806 5781 pro
835 5699 988 5764 facta
1017 5704 1104 5764 eis
1134 5702 1374 5783 injuria,
1408 5713 1468 5766 et
1501 5705 1783 5786 populum
1817 5724 1922 5784 pro
1982 5708 2111 5787 ejus

2191 4904 2470 4978 μυσάντων
2527 4907 2657 4984 πρὸς
2714 4907 2779 4963 τὰ
2833 4919 3038 4981 σημεῖα
3095 4907 3191 4963 καὶ
3249 4907 3636 4986 κωφευσάντων
3708 4907 3852 4983 πρὸς

2192 4995 2289 5060 τὴν
2331 4993 2639 5071 ἐπίγνωσιν,
2706 4996 2810 5054 Καί
2865 4997 3015 5051 τίνων
3046 4996 3290 5075 τούτων;
3355 4998 3453 5059 Οἷς
3503 4993 3706 5053 πολλοῦ
3742 4995 3852 5070 μὲν

2192 5082 2408 5160 ἐτιμᾶτο
2463 5083 2498 5150 ἡ
2549 5084 2654 5139 τῶν
2713 5081 2979 5159 δαιμονων
3046 5082 3338 5158 ἐπιϐώμιος
3395 5085 3552 5160 ἐιρτὴ
3615 5082 3698 5140 διὰ
3747 5085 3854 5140 τὸν

2190 5178 2372 5248 κῶμον
2429 5173 2516 5229 καὶ
2545 5173 2642 5240 τὴν
2691 5174 2882 5250 μέθην,
2917 5175 3012 5229 καί
3043 5175 3136 5238 τὰς
3190 5175 3364 5236 κοίτας
3397 5174 3485 5230 καὶ
3525 5174 3624 5240 τὴν
3674 5172 3851 5229 ἀσέλ-

2193 5279 2363 5338 γειαν⁶
2438 5262 2760 5336 ἡτοιμάζετο
2832 5261 2886 5318 δὲ
2956 5264 3022 5319 τὰ
3098 5264 3267 5339 σεμνὰ
3341 5269 3446 5319 τῶν
3517 5269 3853 5340 Χριστιανῶν

2191 5350 2274 5408 διὰ
2331 5372 2429 5417 την
2460 5349 2692 5428 ἐγκρατῆ
2742 5352 2885 5422 ζωὴν
2942 5375 2998 5409 τε
3030 5354 3117 5409 καὶ
3174 5353 3352 5421 ἅπαθῆ
3405 5355 3492 5409 καὶ
3547 5353 3646 5420 τὴν
3703 5355 3852 5427 μετὰ

2193 5440 2440 5514 σώματος
2497 5439 2780 5513 ἀσώματον
2838 5443 3048 5516 βιοτήν.
3113 5442 3263 5500 Ἐπεὶ
3307 5445 3395 5499 οὖν
3455 5444 3502 5498 οἱ
3561 5448 3653 5497 τοῦ
3703 5441 3849 5500 σκε-

2192 5552 2313 5593 τους
2371 5532 2510 5586 οὗτοι
2574 5530 2657 5584 διαὶ
2713 5528 2810 5596 τῆς
2869 5529 3138 5594 ἀπωλείας
3198 5532 3320 5610 υἱοὶ,
3352 5531 3418 5586 τὰ
3477 5530 3574 5598 τῆς
3628 5529 3846 5598 πλάνης

2193 5617 2679 5695 ἐγκαταλείμματα,
2737 5618 2834 5684 τὴν
2887 5628 2992 5678 tth
3039 5619 3179 5676 ἰδίων
3225 5619 3574 5695 σεϐασμάτων
3635 5621 3842 5699 αἰσχύ-

2193 5730 2290 5774 νην
2345 5709 2439 5764 ούκ
2482 5706 2805 5789 ἐνεγκόντες,
2867 5709 3083 5780 ἐζήτουν
3156 5731 3212 5766 τι
3269 5711 3356 5766 τὸν
3414 5708 3568 5787 ἅγιον
3624 5707 3838 5785 ἀμύνα-
