4132 6414
425 329 542 428 37§

1750 334 1915 398 ΜΕΝ
1919 331 2031 397 SIS
2071 331 2500 397 DEGEMBER.

3693 327 3812 398 376

424 477 485 533 et
515 469 810 534 civitatem
843 469 917 534 ab
949 487 1179 547 errore,
1214 477 1278 532 ut
1322 471 1378 533 ei
1438 468 1676 550 quidem
1733 467 2068 538 videbatur,

2161 491 2267 543 σαι,
2299 470 2388 526 καὶ
2415 468 2516 537 τῆν
2540 466 2695 526 πόλιν
2725 472 2822 537 τῆς
2857 466 3068 536 πλάνης
3098 469 3172 533 ὣς
3230 468 3374 539 αἱ»τῷ
3429 466 3618 527 δοκοῦν
3675 469 3813 526 ἂνα-

426 559 730 624 liberare:
765 578 886 621 non
919 559 1156 622 modica
1215 557 1458 640 quidem
1519 558 1572 619 ei
1607 557 1743 620 data
1801 575 1977 618 manu
2010 573 2081 618 ex

428 649 724 730 Bysantio,
762 667 893 730 qua
941 668 1076 711 cum
1110 667 1179 711 eo
1206 655 1571 723 versaretur,
1607 654 1668 709 et
1727 647 1955 726 majore
2011 663 2080 707 ex

429 739 811 814 Alexandria,
848 757 979 817 qua
1009 738 1066 801 ei
1101 740 1440 800 inserviret.

509 827 633 891 VII.
668 829 1072 907 Hermogenes
1098 843 1240 906 ergo
1265 827 1389 906 jam
1447 825 1730 903 navigans
1787 823 1849 885 in
1900 822 2079 903 Egy-

431 925 617 997 ptum,
650 935 782 978 cum
813 916 1077 998 undique
1123 915 1567 977 circumﬂueret
1595 913 1886 976 ministris
1908 921 1967 974 et
1993 931 2080 974 sa-

429 1005 736 1080 tellitibus,
775 1004 934 1067 videt
963 1013 1084 1067 tres
1113 1005 1269 1067 viros
1291 1003 1646 1084 luminosos,
1679 1004 1732 1066 ei
1763 1001 2073 1065 dicentes:

427 1092 599 1166 Vide,
637 1096 1072 1173 Hermogenes,
1132 1092 1292 1174 quod
1325 1111 1436 1156 nec
1469 1092 1652 1156 breve
1682 1092 1923 1174 quidem
1956 1100 2080 1153 stu-

429 1181 590 1244 dium
618 1181 775 1245 Deus
793 1183 1073 1264 despicit.
1101 1183 1248 1248 Cum
1272 1183 1373 1246 ille
1390 1191 1584 1245 autem
1609 1184 2034 1261 interrogasset
2059 1204 2071 1242 :

424 1271 497 1334 Et
528 1272 686 1352 quod
741 1280 832 1334 est
887 1273 1002 1335 hoc
1053 1272 1234 1335 breve
1290 1271 1607 1335 studium?
1653 1270 2074 1352 Imperfectum

2163 557 2457 632 σώσασθαι,
2490 555 2607 620 δούς
2635 578 2692 614 τε
2723 557 2817 615 οὐκ
2872 556 3056 635 ὀλίγην
3089 557 3187 633 μὲν
3244 571 3410 637 χεῖρα
3463 561 3547 616 καὶ
3609 557 3670 615 ἐκ
3723 560 3821 614 τοῦ

2164 648 2446 718 Βυζαντίου
2505 646 2648 720 αύτῷ
2702 646 3037 726 συνέπεσθαι,
3098 645 3315 704 πλείονα
3374 645 3429 703 δὲ
3488 650 3571 704 καὶ
3609 647 3670 703 ἐκ
3716 652 3818 713 τῆς

2165 735 2512 815 Ἀλεξάνδρου
2535 737 2847 808 ὑπηρετεῖν,

2243 826 2321 885 Ζ’.
2355 829 2416 884 Ὀ
2445 826 2617 883 τοίνυν
2648 817 3003 907 Ἑρμογένης,
3035 826 3211 883 πλέων
3269 825 3372 894 ἤδη
3431 829 3523 882 τὸν
3582 827 3666 884 ἐπὶ
3713 828 3818 894 τῆν

2164 913 2559 993 ’Δλεξείνδρειαν
2614 913 2800 990 πλοῦν,
2865 919 2950 972 καὶ
3018 918 3356 996 πανταχόθεν
3426 918 3686 996 ὑπηρεσίᾳ
3753 939 3815 973 τε

2163 1004 2340 1080 πολλῇ
2370 1006 2461 1061 καὶ
2511 1002 2786 1083 δορυφορίᾳ
2831 1005 3258 1084 περιρρεόμενος,
3293 1005 3599 1063 ἐνέκστάσει
3632 1007 3812 1086 ὥσπερ

2161 1094 2298 1150 κατὰ
2350 1093 2473 1159 τοὺς
2527 1092 2720 1158 ὕπνους
2780 1095 3090 1172 γενόμενος,
3150 1098 3244 1172 ὁρᾷ
3300 1109 3447 1173 τρεῖς
3481 1094 3667 1169 ἄνδρας
3693 1119 3818 1175 φω-

2160 1179 2414 1256 τοειδετς,
2447 1183 2746 1262 φάσκοντας
2778 1185 2910 1260 πρὸς
2942 1184 3122 1246 αὗτόν,
3183 1183 3311 1256 Ἴδε,
3364 1185 3706 1263 Ἑρμόγενες,
3741 1187 3824 1250 ὡς

2161 1269 2276 1330 οὒδὲ
2334 1269 2566 1339 σπουδῆς
2621 1273 2876 1353 βραχείας
2922 1277 3150 1352 ὑπερορᾷ
3208 1274 3236 1330 ὃ
3295 1273 3451 1337 Θεός.
3514 1275 3825 1350 Πυθομένου

425 1369 887 1435 tuum,dixerunt
909 1369 1701 1441 suscipientes.propositum,
1727 1370 1874 1424 viam
1897 1378 2072 1436 tuam,

2161 1359 2212 1418 δὲ
2241 1361 2463 1434 ἱκείνου,
2501 1362 2598 1420 Καὶ
2627 1366 2704 1427 τις
2731 1364 2766 1430 ῆ
2817 1363 3052 1444 βραχεῖα
3106 1361 3242 1430 αὕτη
3299 1361 3502 1430 σπουδη
3542 1382 3557 1436 ;
3589 1363 3822 1443 ἐκεῖνοι,

427 1468 560 1530 qua
589 1450 663 1511 ad
713 1451 1036 1512 multorum
1083 1448 1389 1530 spectabat
1418 1449 1817 1530 naufragium,
1876 1449 2074 1512 eﬂ'ecit

425 1536 534 1602 tibi
567 1538 770 1618 gloriae
799 1539 1264 1603 conciliatricem
1313 1548 1370 1602 et
1417 1540 1713 1601 honorum
1769 1539 2081 1601 immorta-

428 1627 598 1692 lium.
625 1627 778 1690 Vide
809 1646 973 1708 ergo,
998 1635 1062 1690 ut
1090 1628 1218 1690 hac
1263 1627 1422 1690 bona
1443 1628 1648 1690 nuntia
1668 1626 1824 1708 apud
1857 1634 1912 1688 te
1933 1645 2082 1690 con-

427 1735 658 1791 serves,
685 1725 834 1780 etne
859 1735 929 1779 ea
955 1716 1204 1779 mandes
1223 1716 1509 1779 oblivioni
1536 1737 1553 1798 ;
1581 1716 1801 1780 etenim
1834 1734 1942 1797 per
1970 1717 2083 1779 hoc

2167 1451 2276 1518 Τὴν
2308 1449 2474 1517 ἀτελῆ
2505 1471 2625 1525 σου,
2675 1449 2880 1530 ἔφησαν
2933 1449 3335 1526 ὑποδεξάμενοι,
3395 1455 3664 1529 πρόθεσιν,
3716 1455 3827 1521 τὴν

2167 1540 2300 1617 πρὸς
2353 1538 2574 1617 ναυάγια
2631 1538 2846 1596 πολλῶν
2898 1539 3304 1599 ἀποϐλέπουσάν
3367 1564 3458 1598 σου
3517 1540 3656 1618 ὁδὸν,
3719 1542 3826 1599 δό-

2168 1625 2262 1695 ξης
2335 1649 2418 1686 σοι
2490 1628 2691 1686 τέθεικε
2776 1627 3027 1708 πρόξενον
3116 1633 3199 1686 καὶ
3272 1631 3544 1688 ἀθανάτων
3619 1635 3824 1707 τιμῶν,

2171 1721 2316 1788 Σῶζε
2374 1717 2462 1775 οὖν
2521 1718 2670 1775 ταυτὶ
2727 1718 2793 1773 τὰ
2851 1717 3134 1796 εὐαγγέλια
3189 1720 3332 1797 παρὰ
3391 1743 3567 1794 σαυτῳ
3627 1723 3826 1777 ἀνεπί-

430 1817 596 1872 tuum
618 1809 732 1869 iter
762 1824 899 1869 mox
930 1805 1396 1869 habebisverum
1421 1807 1645 1886 Regem
1680 1814 2074 1870 etaternnm.

2168 1805 2366 1873 ληστα,
2403 1809 2500 1865 Καὶ
2556 1807 2656 1884 γὰρ
2713 1804 2798 1863 διὰ
2848 1809 3045 1874 ταύτης
3107 1831 3200 1864 σου
3252 1814 3351 1875 τῆς
3412 1810 3624 1888 πορείας
3681 1811 3827 1878 ἕξεις

423 1895 610 1960 Porro
640 1905 838 1961 autem
864 1915 898 1959 a
920 1896 1093 1958 nobis
1113 1913 1354 1977 quoque
1375 1895 1524 1976 ipsis
1555 1914 1691 1957 eum
1726 1897 1910 1957 virum
1936 1914 2072 1957 con-

425 1987 837 2068 sequeris,per
860 2003 1038 2068 quem
1062 1994 1121 2047 et
1141 1986 1280 2047 huic
1309 1984 1481 2047 beato
1513 1983 1659 2064 Regi
1691 1985 1797 2048 ﬁas
1821 1985 2074 2064 amicus,

426 2083 486 2138 et
514 2093 652 2138 eum
685 2074 948 2156 accipias
977 2074 1329 2156 profectum,
1365 2091 1542 2156 quem
1576 2073 1679 2156 qui
1739 2073 1920 2137 hodie
1974 2093 2072 2136 re-

424 2165 698 2248 gnat,tibi
720 2165 862 2229 dare
885 2183 1002 2228 non
1027 2171 1242 2246 potest.
1287 2162 1431 2228 Cum
1463 2181 1603 2227 vero
1630 2164 1704 2226 ad
1735 2171 2074 2226 extremum

425 2254 564 2334 galli
593 2263 831 2317 cantum
867 2273 987 2317 nox
1017 2255 1138 2332 jam
1171 2253 1565 2333 pervenisset,
1617 2270 1867 2315 excusso
1898 2251 2077 2315 simul

425 2361 662 2419 somno,
692 2352 774 2424 et,
807 2359 989 2425 quam
1020 2359 1093 2405 ex
1123 2349 1417 2405 nocturna
1469 2341 1698 2404 visione
1737 2350 2074 2421 acceperat,

427 2431 904 2513 perturbatione,
938 2448 1060 2494 non
1088 2430 1290 2494 valens
1321 2431 1625 2511 conjicere
1666 2449 1736 2492 ea
1766 2449 1895 2511 qua
1952 2430 2076 2491 visa

425 2520 686 2597 fuerant,
722 2521 1055 2601 suspicatus
1085 2529 1174 2582 est
1203 2519 1580 2582 solummodo
1607 2520 1909 2581 somnium
1944 2538 2078 2581 esse

424 2610 712 2673 visionem
745 2610 933 2684 illam,
967 2608 1128 2690 quod
1156 2608 1245 2671 illi
1273 2627 1388 2671 nec
1418 2609 1716 2688 opinatam
1749 2627 1782 2671 e
1830 2609 2075 2688 vestigio

423 2718 628 2765 rerum
663 2697 1058 2763 annuntiabat
1087 2698 1498 2772 mutationem,
1559 2707 1620 2760 et
1670 2697 1914 2775 gloriam
1949 2697 2074 2759 for-

427 2799 586 2854 tasse
607 2788 1072 2852 constantiorem
1096 2787 1366 2869 quidem,
1390 2786 1497 2850 sed
1526 2794 1725 2849 tamen
1749 2795 2072 2850 terrenam.

425 2882 570 2944 Cum
604 2885 803 2942 autem
838 2877 1042 2959 paucis
1065 2884 1199 2959 post
1223 2875 1436 2940 diebus
1463 2877 1699 2956 longam
1733 2875 1895 2937 illam
1927 2895 2074 2938 con-

421 2971 664 3036 fecisset
693 2971 1158 3050 navigationem,
1185 2977 1245 3032 et
1275 2969 1507 3052 placido
1537 2970 1723 3032 ﬂuctu
1754 2968 1813 3030 in
1841 2978 2074 3049 portum

420 3061 751 3143 appulisset
778 3059 1181 3141 Alexandria,
1213 3058 1528 3122 descendit
1553 3058 1626 3120 de
1649 3057 1870 3132 navi,et
1889 3058 2078 3120 conti-

422 3170 542 3245 nuo
565 3169 631 3213 se
654 3159 841 3245 totum
856 3149 1116 3245 dedebat
1127 3147 1527 3245 exsequendis
1546 3147 1926 3245 imperatoris
1943 3165 2036 3245 mo
2093 3195 2133 3245 ο

421 3241 560 3303 nitis
589 3247 763 3321 atque
806 3241 1012 3319 jussis.
1064 3239 1214 3302 Nam
1266 3256 1399 3299 cum
1453 3238 1781 3318 imperator
1829 3234 2074 3316 quidem

425 3330 609 3392 multa
639 3327 918 3410 prafecto
972 3326 1315 3389 mandasset
1360 3326 1650 3389 adversus
1681 3325 1916 3386 beatum
1950 3324 2074 3386 hle-

422 3436 584 3493 nam,
621 3417 676 3479 ei
707 3435 845 3480 vero
875 3415 1154 3479 universa
1183 3414 1391 3478 civitas
1421 3413 1652 3477 obviam
1684 3413 2075 3495 processisset

420 3507 484 3568 in
515 3506 734 3582 littore,
771 3515 1048 3586 tympana
1104 3512 1300 3568 autem
1350 3512 1409 3566 et
1465 3502 1672 3565 laudes
1719 3510 1778 3565 et
1812 3502 1968 3564 tuba
2009 3502 2070 3564 in

423 3612 678 3658 occursu
703 3594 1224 3657 circumsonarent
1247 3610 1262 3656 ζ
1299 3601 1360 3656 et
1389 3609 1506 3655 una
1525 3610 1634 3654 VO!
1660 3591 2070 3654 essetlaudan-

420 3685 593 3759 tium,
627 3703 761 3746 eum
783 3683 1097 3757 extollens,
1121 3681 1222 3765 qui
1257 3682 1477 3745 missus
1495 3681 1688 3743 fuerat
1711 3681 1785 3743 ab
1816 3681 2073 3761 impera--

428 3785 582 3855 tore,
614 3791 751 3836 cum
785 3773 915 3854 ipse
938 3771 1253 3854 prafectus
1276 3789 1418 3834 suos
1440 3779 1717 3852 tanquam
1740 3770 1799 3831 in
1832 3771 2070 3850 phalan-

418 3863 508 3944 gis
536 3864 810 3926 ordinem
842 3861 1160 3925 direxisset
1188 3860 1500 3937 satellites,
1535 3867 1594 3923 et
1615 3859 1892 3939 jussisset
1913 3878 2068 3940 pra-

417 3952 636 4016 cedere
666 3952 906 4014 lictores
935 3959 994 4013 et
1021 3949 1392 4031 apparitores
1424 3966 1438 4014 :
1474 3967 1607 4012 cum
1635 3956 1798 4010 tanto
1827 3955 2069 4029 stupore

2162 1893 2287 1953 ὅσον
2342 1895 2491 1954 οῧπω
2547 1895 2770 1972 βασιλέα
2823 1895 3072 1965 ἀληθινὸν
3121 1899 3206 1954 καὶ
3267 1896 3484 1956 ἀίδιον·
3547 1903 3826 1980 εὔμοιρή-

2160 2007 2270 2048 σεις
2301 1983 2356 2042 δὲ
2415 1987 2502 2042 καί
2560 1985 2688 2064 παρ’
2744 1987 2900 2059 ἡμῶν
2958 1987 3131 2044 αὐτῶν
3191 1985 3375 2052 ἀνδρὸς
3431 1991 3693 2070 τοιούτου,
3747 1990 3830 2047 δι’

2160 2077 2221 2132 οὗ
2249 2073 2312 2132 ἂν
2341 2073 2492 2154 φίλος
2543 2097 2600 2132 τε
2655 2076 2824 2153 ῥᾷστα
2879 2076 3010 2154 γένη
3068 2083 3144 2150 τῷ
3198 2077 3418 2154 βασιλεῖ
3473 2081 3665 2154 τούτῳ,
3728 2085 3829 2138 καὶ

2160 2168 2439 2243 προκοπῆς
2517 2164 2801 2245 μετάσχῃς
2835 2213 2852 2244 ,
2938 2166 3003 2234 ἢν
3087 2168 3115 2223 6
3199 2169 3432 2246 σήμερον
3520 2169 3828 2244 βασιλείων

2160 2252 2361 2327 δοῦναι,
2396 2275 2479 2310 σοι
2543 2251 2809 2332 διαπορεῖ.
2867 2253 3016 2312 Ἐπεὶ
3074 2253 3128 2311 δὲ
3179 2259 3264 2312 καὶ
3315 2259 3348 2324 ἡ
3402 2257 3487 2323 νὺξ
3539 2257 3642 2326 ἤδη
3697 2264 3827 2338 περὶ

2161 2344 2252 2422 τὰς
2310 2342 2546 2422 ἐσχάτας
2601 2343 2668 2411 ἦν
2725 2349 2832 2401 τῶν
2885 2343 3256 2421 ἀλεκτρυόνων
3326 2344 3490 2420 ᾠδὰς,
3566 2349 3713 2415 εὗθῖις
3791 2355 3824 2408 6

2168 2421 2488 2510 Ἐρμογένης
2547 2431 2996 2508 ἀποτιναξάμενος
3054 2435 3167 2509 ἅμα
3229 2437 3320 2492 τὸν
3393 2458 3447 2493 τε
3507 2436 3672 2495 ὕπνον
3730 2443 3822 2498 καὶ

2159 2522 2250 2577 τὸν
2303 2524 2364 2578 εκ
2421 2521 2514 2590 τῆς
2586 2525 2892 2590 νυκτερινῆς
2950 2521 3129 2599 ὅψεως
3201 2523 3442 2603 θόρυϐον,
3518 2527 3818 2603 συμϐαλεῖν

2161 2611 2255 2668 οὒκ
2312 2609 2458 2690 ἔχων
2516 2611 2583 2667 τὰ
2647 2611 2921 2688 ὁραθέντα,
2995 2611 3194 2692 ὄνειρον
3265 2614 3451 2680 ἆπλῶς
3513 2619 3657 2675 εἶναι
3715 2621 3814 2687 τὴν

2160 2701 2416 2757 ὀπτασίαν
2490 2701 2826 2780 ὑπώπτευκε,
2915 2702 3222 2781 παράλογον
3292 2704 3434 2780 αὐτῷ
3507 2706 3804 2782 μεταϐολὴν

2158 2789 2486 2867 πραγμάτων
2556 2787 2861 2854 καταπόδας
2934 2791 3431 2870 ἐπαγγελλόμενον,
3505 2799 3592 2853 καὶ
3658 2795 3804 2864 δὸΞάν

2160 2879 2295 2936 ἴσως
2366 2877 2737 2958 μονιμωτέραν
2809 2879 2928 2960 μιν,
2991 2879 3109 2938 ἀλλ’
3165 2881 3422 2962 ἐπίγειον.
3496 2889 3808 2965 Περαιωθεὶς

2159 2966 2213 3023 δὲ
2270 2968 2388 3044 μετ’
2441 2965 2625 3046 ὀλίγας
2683 2969 2775 3024 τὸν
2828 2967 2996 3026 πολὺν
3067 2969 3272 3028 ἐκεῖνον
3345 2973 3648 3049 ἀπόπλουν,
3723 2978 3812 3033 καὶ

2158 3056 2342 3143 ἡμέρῳ
2372 3057 2562 3132 κύματι
2591 3071 2710 3121 τοῖς
2768 3055 2978 3134 λιμέσιν
3041 3056 3435 3140 Ἀλεξανδρείας
3494 3066 3808 3143 προσσχὼν,

2159 3142 2333 3212 ἀπέϐη
2363 3166 2420 3202 τε
2457 3145 2554 3214 τῆς
2590 3147 2742 3222 νηὸς,
2775 3148 2862 3203 καὶ
2891 3147 3036 3210 εὐθὺς
3098 3153 3193 3216 τῆς
3253 3150 3515 3226 βασιλέως
3567 3151 3628 3218 ἧν
3665 3142 3806 3216 ὅλως

2156 3233 2427 3302 ὑποθήκης
2482 3255 2538 3290 τε
2599 3235 2683 3291 καὶ
2747 3234 3061 3301 ιιελεύσεως.
3125 3228 3216 3303 Ὠς
3273 3241 3373 3317 γὰρ
3429 3242 3456 3296 6
3511 3241 3608 3314 μὲν
3639 3241 3800 3316 βασι-

2157 3320 2277 3388 λεὺς
2338 3321 2512 3380 πολλὰ
2571 3324 2706 3381 κατᾶ
2761 3332 2853 3382 τοῦ
2912 3328 3173 3402 μακαρίου
3233 3329 3387 3396 Μηνὰ
3444 3336 3520 3403 τῷ
3579 3330 3805 3410 ἐπάρχῳ

2156 3409 2484 3492 ἐπέσκηψεν,
2541 3411 2754 3482 ἀπήντα
2813 3411 2867 3469 δὲ
2927 3417 3014 3471 καὶ
3066 3421 3211 3474 πᾶσα
3267 3419 3300 3485 ἡ
3350 3418 3504 3483 πόλις
3562 3420 3664 3494 πρὸ
3693 3409 3804 3476 τῶν

2156 3499 2436 3580 αἰγιαλῶν,
2491 3501 2738 3576 τύμπανα
2798 3501 2851 3558 δὲ
2916 3506 3002 3560 καὶ
3060 3507 3312 3584 εὐφημίαι
3371 3510 3458 3565 καὶ
3513 3508 3809 3587 σάλπιγγες

2154 3590 2250 3657 τὴν
2297 3589 2534 3658 ἀπαντῆν
2595 3591 2915 3671 περιήχουν,
2973 3595 3060 3650 καὶ
3118 3597 3210 3669 μία
3267 3602 3372 3653 τῶν
3428 3598 3810 3678 εὐφημούντων

2155 3679 2221 3747 ἦν
2252 3682 2286 3748 ἡ
2315 3679 2490 3758 φωνὴ,
2523 3679 2615 3734 τὸν
2646 3677 2702 3735 ἐκ
2731 3679 2990 3756 βασιλέως
3049 3683 3448 3759 ἀπεσταλμένον
3503 3677 3804 3760 έξαίρουσα.

2153 3767 2440 3844 ταξάμενος
2470 3768 2566 3835 τὴν
2598 3765 2901 3847 δορυφορίαν
2933 3772 3020 3826 καὶ
3073 3773 3227 3836 αὐτὸς
3286 3775 3314 3829 6
3373 3773 3506 3854 ἕπαρ
3513 3800 3550 3854 χ
3557 3799 3612 3840 ος
3671 3778 3809 3834 κατὰ

2155 3855 2426 3939 φάλαγγα,
2499 3855 2594 3913 καῖ
2655 3855 2956 3934 προοδεύειν
3013 3859 3110 3926 τὴν
3175 3863 3466 3940 ὑπηρεσίαν
3527 3863 3808 3941 κελεύσας,

2153 3948 2288 4022 μετὰ
2357 3947 2619 4012 τοσαύτης
2690 3950 2789 4012 τῆς
2864 3946 3248 4018 γαταπλήξεως
3319 3951 3404 4008 ἐπὶ
3480 3953 3578 4021 τῆν
3647 3955 3806 4014 πόλιν

419 4048 479 4105 et
499 4041 894 4104 admiratione
918 4042 1184 4102 omnium
1215 4039 1489 4103 ascendit
1512 4039 1570 4100 in
1603 4038 2066 4112 civitatem,cum

2161 4037 2338 4116 ὶπῄει,
2371 4032 2486 4112 μεθ’
2518 4034 2651 4101 ὅσης
2685 4034 2747 4090 ἂν
2799 4033 2969 4102 ἔδοξεν
3025 4037 3230 4102 ἐκεῖνος
3283 4055 3400 4107 τοῖς
3457 4043 3576 4099 τότε
3633 4059 3809 4102 κινεῖν

419 4138 644 4212 quanta
699 4131 771 4191 iis
820 4129 924 4210 qui
953 4135 1095 4191 tunc
1150 4141 1344 4204 erant,
1404 4134 1694 4210 potuisset
1751 4126 1938 4189 videri
1969 4129 2066 4192 vel

2161 4127 2236 4183 ul
2292 4127 2389 4194 τὴν
2452 4129 2577 4204 γῆν,
2637 4130 2706 4199 τῇ
2769 4123 2969 4203 μελέτῃ
3029 4147 3136 4183 των
3196 4131 3530 4206 πραγμάτων
3584 4134 3676 4189 καί
3734 4139 3807 4204 τῆ

413 4221 603 4301 ipsam
626 4226 845 4282 terram
868 4235 1130 4299 movere,
1157 4227 1217 4280 et
1243 4217 1618 4298 negotiorum
1652 4216 2058 4293 meditatione,

2161 4215 2361 4294 περὶτὰ
2389 4214 2560 4271 πάντα
2608 4212 2836 4289 σπουδῇ,
2885 4216 3079 4289 καὶτῷ
3136 4215 3356 4276 ἆκλινεῐ
3410 4222 3500 4276 καὶ
3555 4221 3808 4300 ἀτρέπτῳ

414 4319 475 4372 et
506 4311 566 4372 in
597 4309 779 4372 rebus
808 4306 1092 4370 omnibus
1121 4307 1318 4371 studio
1365 4305 1852 4386 diligentissimo,
1911 4325 2061 4368 con-

2161 4309 2244 4370 τῆς
2302 4308 2487 4383 ψυχῆς
2561 4303 2964 4384 παραστήματι,
3036 4307 3131 4371 τὰς
3204 4327 3262 4363 τε
3320 4310 3463 4388 παρὰ
3530 4310 3803 4387 βασιλέως

412 4399 714 4480 stantique
736 4404 794 4460 et
815 4394 1128 4458 inﬂexibili
1159 4395 1367 4458 habitu
1394 4395 1601 4471 animi,
1635 4411 1886 4474 sperans
1916 4413 1982 4457 se
2004 4405 2062 4457 et

2161 4392 2369 4463 ιλπίζων
2438 4395 2766 4469 κατορθῶσαι
2850 4395 3030 4468 τιμὰς,
3120 4397 3205 4452 καὶ
3278 4403 3381 4453 τῶν
3464 4399 3803 4478 ἀστηρικτων

409 4486 484 4550 ab
517 4477 878 4569 imperatore
909 4483 1252 4548 mandatum
1282 4485 1571 4548 honorem
1603 4491 1767 4546 recte
1795 4482 2058 4546 admini-

2161 4480 2482 4539 ιποσκελίσαι
2511 4481 2580 4538 τὰ
2605 4477 2929 4556 διαδήματα.

415 4565 764 4657 straturnm,
798 4584 858 4637 et
885 4592 1092 4638 eorum
1119 4573 1222 4655 qui
1251 4593 1372 4638 non
1405 4582 1578 4638 erant
1609 4573 1786 4649 firmi,
1821 4590 2061 4653 gressus
2083 4565 2128 4619 ο

413 4665 966 4746 supplantaturum.

488 4753 642 4818 VIII.
680 4755 825 4818 Cum
859 4761 1056 4816 autem
1099 4749 1345 4836 vespere
1394 4752 1555 4817 solus
1587 4769 1694 4834 per
1753 4769 1818 4814 se
1875 4761 2056 4835 esset,

2224 4747 2312 4808 ΕΓ.
2370 4748 2520 4807 Ἐπεὶ
2563 4745 2616 4804 δὲ
2674 4747 2788 4805 καθ’
2842 4750 3027 4806 ἑαυτὸν
3088 4751 3326 4828 ἐγένετο,
3383 4755 3516 4831 πρὸς
3561 4755 3793 4833 ἑσπέραν

405 4842 654 4906 dimissa
685 4842 1020 4923 turba,qua
1048 4861 1182 4906 eum
1213 4840 2059 4923 deduxerat,animadvertens

2161 4839 2379 4906 ιυθείσης
2417 4837 2561 4912 αὒτῷ
2590 4836 2686 4906 τῆς
2717 4843 2967 4915 πομπῆς,
3019 4839 3245 4898 συνιδὼν
3302 4846 3330 4899 6
3389 4843 3558 4920 μέγας
3601 4851 3790 4912 Μηνᾶς

403 4952 653 5015 magnus
682 4935 910 5010 Menas,
955 4933 1113 5014 quod
1157 4951 1294 4995 cum
1340 4950 1608 4995 seorsum
1642 4930 1884 5012 quidem
1915 4941 2056 4996 sunt

2161 4931 2212 4992 bc
2283 4927 2569 5000 ἰδιάζοντες
2653 4925 2750 5002 μέν
2821 4926 3108 5009 ἅνθρωποι,
3193 4933 3281 4988 καὶ
3365 4931 3599 5009 μάλιστα
3680 4940 3789 4990 τῶν

404 5024 708 5097 homines,
749 5028 808 5085 et
837 5020 1095 5085 maxime
1141 5022 1249 5086 viri
1279 5021 1424 5084 clari
1456 5030 1513 5084 et
1529 5021 1816 5100 insignes,
1850 5019 2054 5083 ferunt

398 5110 930 5191 reprehensiones,
961 5118 1021 5173 et
1049 5128 1183 5172 cum
1217 5127 1288 5172 ea
1317 5127 1451 5192 qua
1481 5109 1569 5171 eis
1599 5125 1758 5188 sape
1787 5104 1909 5167 visa
1933 5105 2054 5168 fue-

395 5206 560 5278 rant,
595 5198 978 5280 refelluntur,
1009 5197 1346 5262 sustinent:
1399 5198 1460 5260 in
1497 5198 1792 5260 concione
1822 5211 1960 5256 vero
1993 5213 2051 5264 οι

395 5295 750 5368 congregata
780 5287 1174 5369 multitudine,
1209 5306 1367 5370 agre
1395 5287 1636 5350 fuerunt
1658 5304 1724 5348 se
1745 5283 2045 5362 redargui,

396 5385 456 5439 et
489 5385 837 5439 constanter
868 5385 1221 5459 permanent
1250 5378 1314 5440 in
1344 5376 1418 5440 iis
1449 5394 1582 5458 qua
1610 5374 1724 5438 sibi
1759 5375 1882 5436 visa
1911 5372 2043 5434 fue-

2135 5017 2404 5098 ὲπιφανῶν
2459 5037 2516 5074 τε
2573 5016 2660 5072 καὶ
2716 5013 3106 5096 περιϐλέπτων,
3179 5018 3392 5100 φέρουσι
3463 5021 3585 5087 τοὺς
3628 5019 3784 5101 ἓλὲγ-

2135 5127 2291 5186 χους,
2326 5105 2514 5162 καὶῶν
2573 5105 2758 5168 αὐτοῖς
2817 5101 2957 5170 ἔδοξε
3019 5105 3283 5173 πολλάκις
3347 5110 3781 5186 ἀνασκευαζομὲ-

2133 5217 2238 5251 νων
2320 5194 2633 5275 ἀνέχονται,
2706 5192 3144 5266 ἐκκλησιάζοντες
3230 5194 3306 5272 δὲ,
3382 5197 3784 5278 δυσχεραίνουσί

2131 5306 2188 5340 τε
2219 5281 2645 5364 διελεγχόμενοι,
2680 5282 2767 5338 καὶ
2815 5284 2946 5359 πρὸς
2999 5284 3065 5340 τὰ
3120 5282 3407 5363 δεδογμένα
3454 5287 3778 5354 ἐνστατικῶς

2130 5391 2316 5452 εχουτι
2351 5391 2364 5406 ⁸

2431 5374 2581 5429 τοῦτο
2632 5371 2841 5450 ἐκεῖνος
2889 5370 3076 5450 ἄριστα
3118 5372 3362 5450 συνιδὼν,
3413 5377 3501 5433 καὶ
3543 5374 3624 5432 ὅτι
3673 5375 3778 5434 λο-

391 5466 518 5528 rint
543 5487 558 5530 :
594 5467 707 5529 hoc
739 5465 840 5528 ille
869 5449 1092 5547 optime
1121 5449 1536 5548 considerans,
1567 5473 1627 5528 et
1652 5464 1809 5546 quod
1837 5461 2039 5525 erudi-

2161 5449 2389 5525 ιιότατος
2419 5460 2516 5537 μὲν
2549 5461 2577 5515 6
2627 5449 2978 5548 Ἑρμογένης,
3046 5460 3193 5518 οὔπω
3251 5461 3304 5520 δὲ
3348 5449 3448 5523 καὶ
3510 5462 3776 5543 δόγματος

393 5554 665 5616 tissimus
700 5545 946 5632 quidem
979 5555 1066 5617 vir
1115 5563 1241 5619 erat
1279 5545 1713 5635 Hermogenes,
1775 5550 2038 5614 nondum

2161 5555 2252 5621 ῴος
2324 5556 2573 5607 τοσοῦτον
2647 5545 2971 5606 καταλαϐεῖν
3029 5551 3226 5627 ἱκανὸς,
3302 5555 3389 5611 καὶ
3459 5556 3557 5628 ὡς,
3615 5553 3772 5636 εἴπερ

392 5654 588 5708 autem
617 5653 848 5727 poterat
873 5644 1388 5728 comprehendere
1401 5652 1618 5708 tantam
1635 5643 1931 5724 dogmatis
1943 5639 2036 5702 al-

2161 5639 2282 5704 Ξτως
2339 5641 2413 5703 είς
2472 5641 2534 5697 τὸ
2581 5639 2732 5720 βῆμα
2789 5641 3035 5720 χωρήσοι
3083 5641 3160 5717 μὴ
3195 5644 3634 5724 προκατηχηθεές
3665 5643 3768 5714 τὴν
