4132 6474
319 348 433 420 377

1297 345 1772 415 MARTYRIUM
1823 347 1884 412 Β.
1930 346 2172 413 ΜΕΝᾸΞ
2212 347 2314 412 ET
2355 348 2762 414 SOCIORUM.

3607 337 3728 412 378

326 485 615 562 εὒσίϐειαν,
683 484 832 561 μηδὲ
899 492 1006 544 τῶν
1064 490 1309 562 πονηρῶν
1366 483 1692 564 προλήψεων
1762 482 1988 564 προδια-

2089 481 2444 546 litudinem:
2501 491 2562 548 et
2610 483 2769 563 quod
2809 480 2861 547 si
2904 481 2992 546 sic
3035 479 3394 546 ascenderet
3436 479 3724 554 tribunal,

333 577 637 636 σεισθεισῶν
683 577 855 651 αὒτῷ,
889 575 1051 656 λόγου
1109 576 1408 651 ἐπιστήμη,
1455 575 1544 632 καὶ
1597 574 1801 654 φύσεως
1861 573 1995 653 κρά-

330 690 446 743 τος,
478 669 575 724 καί
639 664 748 745 ἔρις
783 671 972 746 ψυχῆς
1023 665 1077 722 ἐν
1133 664 1438 746 ἄρχοντικῷ
1479 671 1556 736 τῷ
1586 664 1888 744 φρυάγματι
1935 661 1997 719 οὒ

341 757 501 833 μόνον
573 752 828 832 ἐμποδὼν
901 755 1108 813 ἔσονται
1163 756 1294 834 πρὸς
1349 753 1639 832 παράδοσιν
1709 749 1992 828 εὐσεϐείας,

334 847 469 904 ἀλλὰ
526 845 624 904 καί
677 847 874 908 ἱκανῶς
926 844 1095 911 ἕξουσι
1164 842 1322 901 πόλιν
1377 844 1666 917 τοσαύτην,
1727 843 1815 900 καὶ
1886 840 1996 918 μοί-

326 937 483 994 λιστα
529 938 650 1012 περὶ
706 941 810 1004 την
869 935 1049 992 πίστιν
1119 938 1384 1012 νεοπαγῆ,
1446 931 1742 1014 διαφθεῖραί
1796 953 1854 989 τε
1913 932 1999 987 καὶ

323 1027 391 1083 τὰ
468 1023 666 1093 εὐσεϐῆ
735 1025 937 1093 ταύτης
1007 1022 1210 1090 ἐξελεῖν
1279 1023 1583 1102 σπέρματα,
1648 1021 1844 1098 μετρίῳ
1911 1021 2000 1078 καὶ

325 1115 636 1194 φρονήματι
671 1114 761 1170 καὶ
810 1121 887 1186 τῷ
918 1115 1169 1194 σχήματι
1199 1113 1332 1189 πρὸς
1365 1114 1457 1169 τὸν
1487 1111 1729 1192 ἔπαρχον
1779 1111 1996 1185 εἴσεισι,

331 1205 420 1260 καὶ
472 1204 912 1283 προσαγορεύσας
970 1205 1156 1282 φησίνο
1233 1202 1396 1279 Χάρις
1459 1209 1535 1276 τῷ
1580 1203 1653 1258 ἐνὶ
1727 1205 1825 1258 καὶ
1891 1221 1997 1276 με·

334 1293 480 1372 γάλψ
509 1297 655 1368 θεῷ·
718 1293 940 1371 Προνοίᾳ
991 1294 1114 1371 γὰρ,
1148 1294 1222 1358 ὡς
1277 1292 1444 1370 ἔοικε,
1477 1291 1665 1350 τούτου
1695 1313 1785 1348 νυν
1844 1295 1999 1368 πρῶ-

329 1406 420 1440 τον
479 1386 509 1440 ὁ
561 1381 776 1459 ὑψηλὸς
831 1383 894 1439 σὺ
955 1383 1047 1438 καί
1110 1381 1428 1462 περιφανὴς,
1465 1382 1564 1450 τὴν
1625 1380 1870 1459 μεγάλην
1903 1379 1998 1437 καί

326 1473 556 1551 πρώτην
602 1473 692 1528 καὶ
721 1469 1105 1548 βασιλεύουσαν
1134 1471 1390 1545 ἐκλιπὼν,
1423 1471 1557 1545 πρὸς
1601 1469 1700 1538 τὴν
1759 1469 2002 1550 ἐσχάτην

325 1585 387 1620 τε
447 1563 540 1618 καὶ
584 1563 781 1641 μικρὰν
839 1561 1213 1636 ἐπεδήμησας.
1267 1563 1367 1620 Καὶ
1414 1559 1706 1637 μέλλοντος
1749 1559 1852 1628 ἤδη
1908 1567 2002 1618 τοῦ

333 1653 492 1729 ἁγίου
551 1653 643 1708 τὸν
675 1653 791 1729 περί
846 1657 945 1718 τῆς
997 1649 1264 1716 εὐσεϐείας
1323 1649 1483 1729 λόγον
1515 1651 1657 1725 αὒτῷ
1703 1663 1998 1730 προηχετν,

341 1740 548 1814 μᾶλλον
630 1737 685 1795 δὲ
771 1739 1114 1798 διασαλεῠσαι
1194 1738 1448 1820 πρότερον
1519 1740 1612 1802 τὰς
1683 1741 1800 1818 περὶ
1869 1743 2003 1796 θεῶν

2081 591 2218 635 cum
2245 575 2320 637 de
2349 573 2588 656 pietatis
2608 574 2981 636 institutione
3011 573 3160 635 nihil
3179 581 3355 634 antea
3382 570 3727 649 audivisset,

2082 681 2199 724 non
2235 665 2398 745 prius
2421 664 2708 727 discussis
2735 664 2930 739 malis,
2967 683 3116 744 quas
3143 663 3588 743 anticipaverat,
3614 679 3729 721 no—

2081 754 2367 826 tionibus,
2401 754 2642 816 dicendi
2662 754 2936 830 scientia,
2963 762 3021 817 et
3049 753 3374 815 vehemens
3395 750 3728 831 ingenium,

2084 849 2145 903 et
2191 843 2492 906 contentio
2549 843 2757 924 animi,
2810 844 3085 923 ingentes
3138 843 3380 924 Spiritus
3435 846 3731 904 excitante

2082 933 2438 995 auctoritate
2469 935 2869 1014 magistratus,
2896 952 3016 994 non
3045 934 3239 994 solum
3263 938 3437 992 erunt
3468 929 3730 1010 impedi-

2087 1023 2370 1084 mentoad
2385 1023 2736 1086 tradendam
2753 1025 3056 1104 pietatem.
3074 1023 3178 1084 sed
3194 1023 3336 1084 satis
3356 1021 3532 1082 etiam
3556 1028 3732 1081 erunt

2084 1113 2158 1173 ad
2193 1121 2410 1174 tantam
2442 1114 2945 1194 corrumpendam
2991 1115 3311 1184 civitatem,
3347 1129 3481 1188 quae
3509 1111 3569 1170 in
3615 1109 3732 1171 ﬁde

2083 1219 2277 1282 nuper
2297 1211 2387 1263 est
2411 1204 2761 1283 plantata,et
2781 1203 2852 1265 ad
2873 1204 3006 1282 ejus
3029 1203 3125 1283 pia
3148 1201 3454 1264 evellenda
3471 1201 3727 1262 semina:

2087 1291 2393 1354 moderato
2424 1301 2482 1354 et
2512 1293 2762 1355 honesto
2796 1293 2998 1354 habitu
3029 1291 3362 1372 ingreditur
3390 1290 3463 1352 ad
3512 1289 3730 1370 praefe-

2085 1387 2269 1446 ctum.
2305 1380 2492 1454 Quem
2525 1401 2660 1444 cum
2691 1382 3137 1462 compellasset,
3171 1381 3319 1443 dixit
3352 1402 3365 1444 :
3399 1379 3598 1443 Gratia
3625 1378 3732 1439 uni

2088 1479 2146 1531 et
2178 1489 2391 1550 magno
2424 1470 2544 1534 Deo
2573 1492 2587 1535 :
2619 1471 2749 1552 ejus
2779 1473 2964 1552 enim,
2990 1480 3052 1532 ut
3081 1470 3339 1544 videtur,
3364 1466 3734 1550 providentia

2084 1579 2245 1622 nunc
2275 1562 2534 1642 primum
2568 1569 2629 1623 tu
2665 1561 2948 1624 excelsus
2981 1569 3039 1622 et
3063 1560 3280 1633 clarus,
3304 1577 3518 1637 magna
3547 1557 3646 1619 illa
3676 1562 3737 1617 et

2087 1651 2278 1729 prima
2302 1651 2468 1729 regia
2496 1651 2646 1714 urbe
2673 1651 2986 1720 relicta,ad
3017 1651 3173 1713 hanc
3201 1649 3471 1711 ultimam
3504 1656 3561 1710 et
3592 1664 3734 1728 par-

2085 1758 2212 1800 vam
2247 1740 2553 1802 accessisti
2592 1761 2606 1804 :
2639 1749 2700 1802 et
2728 1758 2863 1803 cum
2886 1739 3012 1820 jam
3046 1747 3204 1802 esset
3233 1745 3478 1800 sanctus
3505 1735 3582 1798 de
3614 1735 3735 1815 pie-

349 1829 552 1909 φαύλας
607 1827 931 1909 προλήψεις,
968 1833 996 1887 ὸ
1058 1829 1327 1911 ἔπαρχος,
1384 1831 1476 1887 τόν
1521 1851 1580 1886 τε
1623 1827 1716 1886 ἕνα
1771 1829 1999 1892 ἀκούσας

2089 1837 2204 1892 tate
2251 1846 2594 1892 sermonem
2625 1830 3038 1909 inchoaturus,
3075 1828 3162 1890 vel
3197 1827 3391 1908 potius
3423 1825 3606 1888 malas
3659 1823 3736 1886 de

348 1919 513 1992 Θεὸν,
556 1920 640 1975 καὶ
695 1920 763 1982 ὡς
819 1919 883 1975 ἂν
943 1920 1022 1995 μὴ
1074 1931 1194 1983 τοῖς
1251 1922 1601 1998 συκοφάνταις
1660 1916 2002 1986 εύδιάϐλητος

337 2006 403 2088 ᾖ,
451 2011 542 2082 ,ὡς
591 2009 708 2072 τοὺς
762 2006 982 2088 ἐχθρους
1043 2016 1134 2066 τοῦ
1193 2007 1456 2084 βασιλέως
1530 2006 1882 2083 προσιέμενός
1943 2029 2001 2063 τε

326 2098 423 2154 καί
484 2096 654 2176 λόγου
695 2095 1031 2173 μεταδιδοὺς,
1094 2096 1272 2162 ἄλλως
1327 2120 1382 2155 τε
1436 2096 1492 2154 δὲ
1550 2097 1639 2154 καὶ
1689 2095 1846 2164 ἤθους
1904 2097 2002 2171 ἰμ-

320 2184 555 2268 ϐριθείᾳ,
603 2188 692 2244 καὶ
748 2188 1008 2264 αὖστηρίᾳ
1066 2193 1134 2264 τῇ
1188 2188 1320 2263 πρὸς
1349 2188 1441 2244 τὸν
1498 2185 1653 2265 ἅγιον
1682 2187 1783 2252 τὴν
1839 2187 2001 2264 βασι-

322 2278 485 2345 λικὴν
547 2277 861 2356 θηρώμενος
914 2274 1120 2334 εὔνοιαν
1179 2278 1268 2333 καὶ
1327 2275 1573 2334 κλέπτων
1629 2276 1724 2338 τὰς
1795 2298 2001 2355 προκο-

325 2368 454 2441 πὰς,
499 2364 800 2446 διακόψας,
867 2370 1194 2446 συσχεθῆναι
1252 2368 1409 2426 αὐτόν
1466 2366 1652 2427 αὐτίκα
1713 2365 2000 2442 προσέταξε

334 2459 424 2513 καὶ
449 2461 754 2537 τηρηθῄναι
817 2455 872 2512 ἐν
916 2456 1155 2535 φυλακῇ,
1209 2463 1464 2516 τοσοῦτον
1522 2457 1656 2532 πρὸς
1708 2456 1830 2521 τοὺς
1888 2478 2001 2512 πα-

342 2553 606 2622 ρεστῶτας
667 2546 837 2622 μόνον
896 2546 1083 2625 εἰπὼν,
1144 2548 1217 2610 ὡς
1283 2551 1393 2614 Τῆς
1439 2545 1618 2624 αὔριον
1677 2545 1998 2619 ἐπιστάσης,

340 2635 541 2693 εἴσεται
589 2638 618 2692 ὁ
650 2636 885 2712 μάταιος
935 2635 1135 2710 οὑτοσὶ,
1168 2641 1260 2692 τοῦ
1327 2633 1611 2691 Γαλιλαίου
1653 2635 1847 2710 μύστα,
1881 2635 2002 2699 οἷος

330 2725 444 2804 ἐγὼ
473 2725 628 2793 φίλος
679 2739 798 2788 τοῖς
853 2725 1076 2804 ἓχθροῖς
1132 2730 1240 2782 τῶν
1283 2724 1543 2802 βασιλέων
1602 2745 1659 2781 τε
1703 2725 1789 2781 καὶ
1844 2727 2000 2802 θεῶν,

324 2818 417 2873 καὶ
452 2818 499 2873 εἶ
531 2819 616 2879 εἷς
654 2817 785 2880 Θεὸς
817 2814 854 2882 ἢ
884 2812 1095 2877 πολλοί,

427 2985 510 3054 Θ’.
570 2994 668 3053 Καὶ
699 2992 887 3058 ἁπλῶς
939 2992 1005 3049 τὰ
1034 2991 1261 3068 μένοντα
1321 2993 1476 3051 αὐτὸν
1507 2993 1594 3051 ἐπ’
1637 2992 1758 3070 ὄψει
1788 2995 1999 3050 πάντων

338 3081 506 3144 δεινά.
581 3091 661 3160 Τῇ
734 3081 821 3140 ἐπ’
891 3081 1068 3161 αὔριον
1140 3079 1193 3138 δὲ
1271 3083 1518 3159 βήματος
1577 3085 1721 3157 αὖτῷ
1794 3081 2004 3159 ὑψηλοῦ

2084 1919 2207 1982 Deo
2219 1920 2573 2000 anticipatas
2594 1919 2872 1981 notiones
2894 1919 3064 2001 prius
3085 1917 3736 1996 labefactaturus,prze-

2085 2009 2278 2072 fectus
2306 2029 2441 2073 cum
2477 2019 2538 2072 et
2565 2029 2748 2072 unum
2775 2010 2966 2073 Deum
2995 2008 3341 2083 audivisset,
3371 2015 3430 2069 et
3457 2024 3536 2068 ne
3564 2025 3598 2068 a
3628 2024 3734 2067 ca-

2087 2099 2875 2164 lumniatoribusvocaretur
2895 2098 3277 2178 ininvidiam,
3304 2105 3366 2158 ut
3385 2096 3487 2179 qui
3507 2095 3734 2158 admit-

2089 2197 2241 2252 teret
2262 2191 2540 2253 inimicos
2569 2190 3038 2272 imperatoris,et
3058 2207 3163 2251 eos
3192 2205 3473 2249 sermone
3503 2186 3735 2266 imper-

2085 2281 2245 2357 tiret,
2281 2288 2341 2343 et
2389 2281 2611 2364 alioqui
2642 2298 2874 2342 morum
2921 2279 3229 2357 gravitate,
3265 2285 3324 2338 et
3353 2277 3415 2338 in
3460 2283 3735 2337 sanctum

2082 2370 2432 2447 acerbitate,
2467 2370 2846 2452 imperatoris
2871 2377 3115 2450 captans
3142 2365 3650 2441 benevolentiam,
3679 2371 3738 2425 et

2083 2460 2156 2523 ad
2189 2459 2597 2524 emolumenta
2616 2461 2908 2541 aspirans,
2929 2459 3264 2538 interrupto
3286 2472 3735 2534 sermone,eum

2081 2549 2256 2630 jubet
2279 2551 2715 2632 comprehendi
2745 2557 2805 2612 et
2833 2550 3174 2611 conservari
3205 2544 3734 2617 custodia,tantum

2087 2639 2296 2702 dicens
2344 2640 2813 2704 assistentibus:
2849 2640 2910 2702 Si
2961 2637 3190 2702 venerit
3237 2636 3368 2698 dies
3414 2638 3733 2708 crastinus,

2085 2729 2238 2791 sciet
2289 2730 2388 2792 hic
2417 2729 2672 2792 stolidus
2704 2739 2887 2812 mysta
2917 2727 3168 2802 Galilaei,
3221 2725 3412 2808 qualis
3464 2743 3572 2804 ego
3603 2741 3736 2785 sum

2086 2819 2315 2882 amicus
2360 2820 2622 2883 inimicis
2663 2820 3093 2902 imperatorum
3141 2827 3196 2878 et
3247 2816 3522 2889 deorum,
3555 2822 3614 2874 et
3659 2831 3736 2874 an

2085 2905 2164 2967 sit
2191 2926 2344 2969 unus
2376 2909 2558 2986 Deus,
2593 2929 2666 2972 an
2701 2909 2894 2972 multi.

2164 2999 2263 3062 IX.
2319 2999 2590 3062 Crastino
2620 3011 2821 3062 autem
2853 2999 2952 3061 die
2999 2997 3054 3059 ei
3088 2992 3398 3077 proposito
3429 2991 3735 3064 tribunali,

2085 3097 2142 3152 et
2171 3097 2477 3169 spectante
2517 3096 2642 3151 toto
2676 3088 2919 3170 p0pulo,
2953 3096 3010 3148 et
3061 3083 3476 3147 assistentibus
3505 3080 3736 3143 satelli-

329 3175 711 3251 προτεθέντος,
769 3179 862 3229 τοῦ
933 3193 992 3228 τε
1061 3169 1231 3246 δήμου
1303 3173 1499 3239 παντὸς
1569 3174 1856 3247 θεωμένου,
1915 3181 1999 3236 καὶ

2089 3179 2268 3274 tibus,
2323 3181 2452 3260 ipse
2505 3169 2836 3260 praesidens
2877 3177 3056 3258 jussit
3107 3183 3375 3274 sanctum
3426 3171 3734 3274 assistere.

313 3286 420 3333 τῃς
517 3261 837 3342 δορυφορίας
925 3261 1353 3341 παρισταμένης,
1439 3264 1760 3337 προκαθίσας

312 3352 582 3411 ἐκέλευσε
643 3356 984 3430 παραστῆναι
1040 3350 1131 3407 τὸν
1189 3351 1366 3430 ἅγιον.
1432 3355 1506 3410 Οὗ
1561 3351 1870 3432 γενομένου,
1915 3346 2004 3408 καὶ

313 3443 704 3517 παραστάντος
780 3449 874 3498 τοῦ
959 3439 1220 3519 μάρτυρος
1300 3439 1503 3520 φαιδρῷ
1571 3449 1648 3516 τῷ
1736 3442 2041 3520 προσώπῳ,

323 3537 413 3592 καὶ
474 3533 744 3606 ὰπτοήτῳ
774 3535 964 3611 ψυχῆς
1019 3531 1424 3609 παραστήματι,
1483 3533 1510 3587 ὁ
1563 3529 1804 3611 ἔπαρχος
1854 3531 1999 3587 εἶπε·

335 3624 550 3680 Δίκαιύν
609 3622 780 3702 ἐστιν,
837 3620 883 3676 ὦ
937 3626 1117 3693 Μηνᾶ,
1179 3619 1433 3696 βασιλέας
1490 3642 1548 3676 τε
1619 3627 1779 3696 τιμᾷν
1838 3621 2008 3678 πάντα

339 3711 651 3791 ἄνθρωπον,
727 3712 818 3767 καὶ
874 3710 998 3773 τοὺς
1078 3709 1251 3765 αὐτῶν
1326 3707 1570 3766 σέϐεσθαι
1653 3711 1798 3775 θεοὺς
1827 3755 1846 3781 ,
1919 3702 2008 3766 καὶ

343 3803 484 3880 πρὸς
516 3800 592 3856 ’ἑτι
640 3815 755 3866 τοῖς
787 3798 1087 3877 εὐεργέταις
1122 3799 1483 3877 εὔγνωμονεϊν
1516 3817 1540 3870 ,'
1599 3798 1635 3867 ἢ
1672 3799 1720 3854 τί
1763 3798 1844 3856 δει
1876 3803 2007 3877 πρὸς

346 3897 516 3947 ταῦτα
573 3903 771 3968 ποιεῖν,
818 3890 977 3952 αὐτὸς
1035 3888 1090 3944 ἐν
1141 3895 1217 3962 τῷ
1275 3895 1484 3968 φανερῷ
1542 3885 1764 3954 δίδαξον,
1823 3890 1919 3946 Καὶ
1978 3885 2005 3938 ὁ

333 3981 520 4060 ἅγιος,
571 3979 749 4059 κέχρι
823 3980 964 4052 τότε,
1033 3977 1262 4058 ἔπαρχε,
1324 3991 1440 4043 τοῖς
1500 3980 1818 4058 εὖεργεταις,
1877 3978 2001 4057 ἔφην

325 4075 619 4151 προσῆκον
695 4067 1080 4147 εὐγνωμονεῖν,
1153 4068 1348 4147 μέχρις
1421 4066 1484 4122 ἂν
1555 4067 1873 4148 ἀμφοτέροις
1942 4069 2004 4124 τὸ

324 4166 730 4238 εὖγνωμονεϊν,
778 4157 921 4230 αὐτῷ
977 4179 1032 4212 τε
1092 4163 1169 4230 τῷ
1228 4157 1675 4235 εὐγνωμιδνοῦντι,
1713 4159 1798 4214 καὶ
1870 4157 2000 4235 πρὸς

319 4254 382 4307 ὃν
437 4259 607 4308 τοῦτο
666 4249 864 4324 γίνεται
922 4243 1196 4309 λυσιτελὲς
1377 4245 1505 4302 ὅταν
1576 4244 1631 4301 δὲ
1703 4247 2003 4304 τοῦιαντίον

313 4339 546 4406 πολλὴν
612 4335 882 4410 ἑκατέροις
931 4335 1108 4413 ἐπάγῃ
1157 4337 1257 4401 τὴν
1309 4333 1538 4415 βλάϐην,
1572 4336 1694 4392 τότε
1738 4336 1850 4416 χρῆ
1905 4337 2004 4404 τὴν

1849 3262 2062 3347 αὕτδς“’
2088 3270 2233 3334 Cum
2268 3271 2380 3332 hoc
2411 3278 2607 3331 autem
2651 3270 2870 3331 factum
2902 3280 3085 3347 esset,
3119 3273 3178 3327 et
3205 3264 3337 3326 laeto
3367 3262 3528 3323 vultu
3559 3269 3619 3322 et
3649 3262 3738 3322 in-

2091 3359 2295 3422 territo
2346 3360 2548 3420 animo
2580 3367 2804 3439 martyr
2849 3357 3156 3435 astitisset,
3189 3355 3337 3415 dixit
3365 3352 3682 3434 praefectus
3715 3368 3728 3412 :

2091 3451 2354 3530 [Equum
2386 3458 2498 3522 est,
2534 3468 2568 3508 ο
2605 3452 2794 3524 Mena,
2831 3464 3070 3508 omnem
3102 3444 3409 3506 hominem
3444 3445 3736 3502 honorare

2090 3558 2284 3619 reges,
2321 3549 2381 3601 et
2429 3557 2635 3618 regum
2670 3537 2816 3600 deos
2865 3537 3088 3609 colere,
3122 3542 3182 3596 et
3231 3541 3520 3615 praeterea
3572 3539 3737 3609 grato

2092 3647 2224 3692 esse
2257 3629 2455 3691 animo
2489 3630 2546 3689 in
2579 3625 3020 3689 benefactores?
3051 3631 3149 3686 aut
3179 3624 3294 3704 ipsi
3325 3629 3533 3702 aperte
3561 3621 3734 3694 doce,

2091 3719 2234 3799 quid
2262 3720 2333 3780 ad
2358 3719 2483 3780 haec
2509 3718 2706 3782 facere
2735 3726 3024 3797 oporteat.
3061 3714 3311 3778 Sanctus
3343 3729 3480 3772 vero
3507 3730 3521 3770 :
3560 3710 3739 3772 Eate-

2091 3826 2228 3883 nus,
2264 3809 2480 3887 inquit,
2515 3827 2549 3868 ο
2582 3807 2880 3886 praefecte,
2915 3814 3077 3884 grato
3109 3822 3240 3866 esse
3271 3802 3469 3863 animo
3501 3805 3740 3879 oportet

2092 3899 2151 3959 in
2183 3898 2620 3976 benefactores,
2655 3909 2950 3977 quatenus
2979 3904 3034 3956 et
3066 3896 3146 3967 ei,
3179 3892 3280 3974 qui
3314 3900 3403 3952 est
3431 3898 3655 3969 gratus,
3681 3898 3740 3949 et

2087 3989 2140 4051 ei
2168 3987 2231 4049 in
2264 4005 2442 4068 quem
2475 3987 2588 4048 hoc
2619 3986 2706 4062 fit,
2739 3986 2797 4046 id
2829 3985 3004 4047 fuerit
3056 3984 3222 4044 utile.
3258 3981 3504 4053 Quando
3536 3988 3734 4039 autem

2087 4085 2297 4139 contra
2348 4093 2625 4155 magnum
2687 4081 2951 4155 utrisque
3007 4075 3177 4134 affert
3234 4071 3542 4148 damnum,
3595 4076 3738 4130 tunc

2087 4174 2344 4247 oportet,
2378 4166 2604 4246 rejecta
2636 4183 2705 4226 ea
2755 4183 2890 4242 quae
2923 4173 3012 4225 est
3041 4180 3176 4223 cum
3221 4161 3438 4221 damno
3471 4159 3735 4220 benevo-

2089 4257 2296 4332 lentia,
2331 4275 2402 4318 ea
2453 4254 2735 4338 praeferre
2783 4273 2918 4330 quae
2974 4252 3314 4314 conferunt.
3367 4249 3564 4325 Reges
3596 4265 3735 4309 vero

2089 4347 2384 4408 honorare
2414 4344 2655 4426 quidem
2681 4352 2948 4404 sanctum
2987 4349 3078 4403 est
3107 4345 3352 4421 propter
3383 4343 3734 4418 potestatem

313 4430 470 4501 μετὰ
527 4423 740 4505 βλάϐης
797 4423 1002 4481 εὔνοιαν
1057 4425 1468 4500 ἀπωσαμένους,
1529 4425 1594 4481 τὰ
1662 4427 1794 4504 πρὸς
1852 4425 1999 4505 ὠφέ-

2089 4445 2150 4498 et
2182 4423 2602 4514 principatum.
2636 4433 2884 4505 Quando
2933 4440 3131 4494 autem
3165 4431 3203 4490 ii
3238 4448 3358 4490 non
3403 4434 3542 4488 sunt
3570 4433 3736 4487 recte

308 4519 487 4576 λειαν
538 4517 875 4602 συντείνοντα
935 4520 1225 4593 προτιμᾷν.
1273 4513 1546 4602 ,Βασιλέας
1596 4513 1651 4572 δὲ
1680 4537 1844 4589 τιμᾳν
1905 4516 1999 4591 μὲν

2089 4535 2147 4586 et
2171 4513 2315 4588 sane
2344 4524 2540 4588 allecti
2571 4525 2635 4586 in
2669 4527 2878 4597 Deum,
2912 4522 3011 4602 qui
3057 4530 3147 4584 est
3181 4519 3408 4600 primus
3440 4515 3739 4597 principa-

307 4609 400 4667 διά
455 4609 560 4676 τὴν
592 4605 773 4686 ἀρχὴν
830 4601 998 4660 ὅσιον⁶
1073 4603 1201 4660 ὅταν
1263 4601 1319 4660 δὲ
1379 4605 1456 4681 μὴ
1499 4606 1618 4682 περὶ
1668 4607 1798 4662 Θεὸν
1855 4605 1997 4663 οὗτοι

2090 4626 2204 4686 tus,
2233 4634 2426 4697 neque
2459 4614 2540 4695 ei,
2564 4622 2626 4676 ut
2659 4632 2764 4694 par
2796 4601 3202 4678 est.hnnorem
3239 4607 3580 4680 tribuerint,
3617 4624 3733 4664 non

308 4700 420 4769 τῆν
478 4697 706 4776 πρώτην
750 4694 930 4774 ἀρχὴν
955 4691 1134 4757 καλῶς
1187 4715 1246 4750 τε
1277 4695 1363 4750 καὶ
1415 4695 1577 4773 ὑγιῶς
1633 4694 1828 4775 ἔχωσι,
1863 4693 2000 4770 μηδὲ

310 4792 418 4857 τὴν
485 4788 680 4862 τιμὴν,
713 4785 785 4850 ὥς
840 4781 955 4839 δέον
1005 4782 1171 4858 ἐστὶν,
1202 4783 1346 4858 αὖτῷ
1389 4784 1644 4861 νέμωσιν,
1676 4788 1769 4842 οὐκ
1801 4783 1863 4843 ἂν
1912 4786 2002 4842 εἴ-

313 4900 489 4953 ποιμι
549 4877 760 4957 χρῆναι
803 4873 926 4936 τοῖις
970 4872 1244 4934 τοιούτους
1290 4879 1474 4948 τιμᾷν.
1526 4871 1694 4931 Ἀλλᾶ
1735 4876 1823 4931 καὶ
1878 4877 2000 4939 τοὺς

324 4971 504 5026 αὐτῶν
558 4966 710 5031 θεοὺς
787 4962 893 5042 οὔχ
961 4962 1146 5027 ἁπλῶς
1209 4960 1292 5018 δεῖ
1345 4961 1516 5020 σέϐειν
1579 4964 1657 5038 μὴ
1708 4963 2000 5041 προεξετά-

327 5077 520 5120 σαντας
579 5057 870 5136 πρότερον,
907 5052 952 5108 εἰ
998 5049 1211 5118 ἀληθῶς
1269 5049 1513 5108 δύνανται
1571 5051 1670 5110 ὅσα
1726 5056 1999 5134 προσῆκόν

326 5145 436 5204 ἐστι
491 5149 625 5206 Θεὸν
657 5143 940 5214 δύνασθαι,
970 5142 1058 5196 καί
1119 5141 1163 5196 εἰ
1206 5139 1306 5215 μὴ,
1342 5138 1396 5196 ἐν
1455 5142 1659 5220 γενέσει
1703 5142 1851 5208 ὄντες
1912 5147 1998 5202 καὶ

319 5237 484 5319 ἀρχῇ,
564 5230 924 5319 ἀτελεύτητοί
988 5230 1090 5319 εἶσι
1152 5229 1240 5285 καὶ
1312 5229 1587 5294 ἀθάνατοι.
1663 5233 1720 5290 Εἰ
1780 5231 1835 5289 δὲ
1908 5236 1995 5292 καὶ

309 5317 505 5387 toﬁ-eme
563 5329 718 5390 τινὸς
777 5318 976 5380 ἐνδεῶς
1049 5317 1289 5398 ἔχουσιν,
1347 5321 1518 5376 αὒτῶν
1583 5320 1682 5396 μὲν
1737 5323 1992 5401 ὑπερορᾷν

2083 4705 2342 4768 dixerim
2393 4724 2497 4767 eos
2526 4723 2661 4767 esse
2694 4701 3100 4765 honorandos.
3133 4699 3286 4772 Quin
3315 4698 3491 4759 etiam
3527 4713 3736 4756 eorum

2084 4795 2166 4856 dii
2215 4815 2333 4856 non
2365 4804 2504 4857 sunt
2533 4802 2760 4855 temere
2790 4791 3049 4868 colendi,
3081 4789 3197 4850 nisi
3228 4789 3388 4870 prius
3428 4785 3736 4848 examina-

2081 4885 2367 4962 verimus,
2419 4903 2493 4946 an
2558 4902 2698 4946 vere
2757 4881 3008 4962 possint,
3071 4895 3440 4960 quaecunque
3506 4883 3740 4955 oportet

2083 4977 2272 5037 Deum
2305 4992 2482 5056 posse
2518 4995 2530 5036 :
2584 4981 2642 5036 et
2671 4990 2840 5045 num,
2875 4988 3009 5031 cum
3043 4981 3105 5031 et
3153 4963 3642 5056 ortumhabeant
3681 4974 3740 5025 et

2081 5054 2469 5146 principium,
2505 5063 2623 5125 line
2679 5079 2918 5143 quoque
2950 5067 3192 5121 careant
3220 5066 3279 5120 et
3332 5055 3452 5146 sint
3483 5054 3733 5146 immor-

2081 5141 2250 5218 tales.
2282 5141 2406 5217 'Sin
2468 5162 2670 5215 autem
2702 5141 2834 5215 Veis,
2869 5151 3080 5211 horum
3143 5148 3297 5209 desit
3350 5141 3600 5224 aliquid,
3633 5161 3738 5206 eos

2074 5243 2324 5386 guidem
2361 5250 2596 5324 Oportet
2623 5241 2965 5321 despicere.
3012 5236 3326 5331 Quomodo
3358 5234 3518 5326 enim
3550 5232 3732 5324 fuerit

2127 5343 2234 5386 eus
2282 5322 2727 5386 imperfectus?
2782 5321 3263 5382 ferventtautem
3317 5314 3623 5378 desnderio
3677 5322 3732 5374 et

2127 5343 2234 5388 eus
2282 5314 2670 5406 imperfectus
2699 5314 3263 5384 ‘fferventiautem
3317 5314 3623 5406 desiderio
3677 5322 3736 5374 et

304 5420 441 5500 χρή·
497 5425 619 5485 πῶς
651 5416 759 5496 γὰρ
816 5410 882 5468 ἂν
915 5406 1012 5500 εἴη
1047 5407 1174 5500 Θεὸς
1204 5406 1401 5500 ἀτελής
1439 5408 1755 5500 inﬁtiande
1799 5413 1993 5491 θερμό-

2089 5413 2302 5476 mundo
2351 5404 2534 5478 corde
2563 5411 2925 5490 quaerendus
2955 5416 3046 5472 est
3095 5407 3283 5488 Deus,
3318 5404 3418 5486 qui
3451 5413 3543 5471 est
3595 5419 3734 5466 vero

296 5494 413 5580 θῆτι
474 5511 574 5570 καί
634 5494 838 5588 ψυχῆς
906 5494 1230 5573 καθαρότητι
1301 5497 1391 5554 τὸν
1452 5494 1620 5556 ὅντων
1675 5498 1800 5556 ὄντα
1858 5502 1989 5558 Θεὸν
2074 5502 2257 5566 Deus.

292 5600 408 5666 ἕκξη
418 5616 562 5666 τετν.

418 5616 562 5666 τετν.

489 5693 643 5784 »εγὼ
719 5686 948 5774 τοίνυν,
1015 5673 1088 5740 ὡς
1151 5675 1237 5733 καὶ
1295 5675 1453 5742 αὐτὸς
1527 5675 1703 5755 οἶσθα,
1751 5678 1978 5762 ἔπαρχε,

2146 5681 2221 5748 Χ.
2252 5680 2374 5764 Ego
2404 5679 2606 5764 igitur,
2643 5687 2708 5748 ut
2737 5679 2868 5762 ipse
2915 5677 3056 5757 scis,
3091 5695 3126 5740 ο
3156 5672 3461 5758 praefecte,
3495 5685 3630 5736 cum
3668 5672 3726 5732 et
