4132 6400
272 355 381 425 381

1253 356 1732 422 MARTYRIUM
1777 357 1840 422 S.
1887 355 2126 421 MEN/E
2168 355 2268 420 ET
2313 355 2720 422 SOCIORUM.

3572 359 3689 427 382

279 490 507 572 τεράτων
574 489 771 549 θεαταὶ
841 491 1202 570 γεγενήμεθα,
1261 490 1414 550 αὒτοὶ
1480 496 1588 549 τῶν
1645 492 1946 569 θαυμασίων

2037 489 2294 572 giorum;
2328 489 2443 573 ipsi
2474 490 2728 554 fructum
2760 490 3065 556 sensimus
3094 492 3228 575 ejus
3257 493 3687 561 miraculorum

284 580 758 656 ἂπολελαύκαμεν.
839 579 971 641 Οὐδὲ
1056 580 1116 636 ἓν
1198 579 1388 657 ψεῦδος
1473 580 1757 662 παρέρπει,
1828 581 1944 642 υῦδὲ

286 673 464 740 ἀπάτη
517 692 602 734 τις
661 670 1005 739 ὕποχάθηται
1076 682 1196 736 τοῖς
1270 670 1356 728 ὑπ’
1419 670 1578 728 αὐτοῦ
1641 672 1946 750 πραττομέ-

292 786 425 830 νοις.
480 760 715 840 ’Ἔγνως
785 763 880 819 καὶ
924 762 1084 824 αὐτὸς
1125 782 1226 829 την
1281 759 1534 830 ἀλήθειαν
1588 761 1802 824 συνετὸς
1849 759 1947 834 ὢν,

285 855 371 910 καὶ
424 853 501 919 ὣς
551 851 634 928 μὴ
699 852 818 931 χρὴ
879 852 1012 931 Θεὸν
1053 848 1219 911 ἄλλον
1280 852 1529 928 ἡγεῖσθαι
1578 850 1668 906 καὶ
1714 871 1946 929 προσκυ-

284 958 397 1000 νεῖν
456 941 496 1011 ἢ
569 942 658 998 τὸν
721 930 909 1000 αὐτου.
956 930 1016 1000 ’0
1076 938 1129 997 δὲ
1187 940 1451 1019 ἔπαρχος,
1500 936 1806 1005 εὐλαϐηθεὶς
1848 939 1948 1007 τὴν

278 1031 585 1111 παρῥησίαν
627 1030 726 1099 τῆς
791 1030 1027 1105 πόλεως,
1072 1031 1162 1088 καὶ
1208 1027 1328 1087 ἰδὼν
1387 1030 1561 1086 πάντα
1620 1026 1814 1109 σχεδὸν
1857 1029 1948 1085 τὸν

282 1121 452 1197 δῆμον
527 1122 896 1178 ἂπονεύσαντα
982 1120 1113 1199 πρὸς
1198 1119 1461 1198 Χριστὸν,
1533 1119 1621 1175 καὶ
1704 1138 1948 1175 συναπα-

288 1212 482 1292 χθέντα
551 1213 634 1285 τῷ
701 1208 939 1290 ἀθλητῇ,
995 1212 1085 1267 καὶ
1156 1207 1521 1289 φυλαξάμενον
1593 1208 1671 1283 μή
1741 1229 1792 1264 τι
1864 1203 1952 1264 καὶ

288 1300 544 1381 νεώτερον
615 1299 736 1358 κατ’
809 1301 969 1361 αὒτοὸ
1035 1297 1309 1378 τολμηθῇ,
1354 1299 1444 1356 καὶ
1503 1305 1659 1357 τοῦτο
1720 1297 1820 1372 μὲν
1873 1299 1953 1381 μὴ

282 1380 459 1472 ἔχων
491 1393 628 1469 πρὸς
681 1388 784 1457 τὴν
839 1388 1097 1460 ἀλήθειαν
1165 1387 1467 1468 ἀντειπεῖν,
1525 1392 1682 1444 τοῦτο
1753 1384 1807 1442 δὲ
1866 1380 1954 1443 καὶ

281 1482 693 1560 τιμωρήσασθαι
751 1476 1161 1554 δυσωπούμενος
1245 1478 1337 1536 τὸν
1407 1476 1548 1535 οὕτω
1617 1478 1710 1533 τὸν
1794 1475 1954 1555 λύγον

284 1573 387 1641 τῆς
448 1570 702 1638 ἀληθείας
760 1569 1224 1649 ὀρθοτομήσαντα,
1277 1568 1350 1630 ὡς
1409 1567 1611 1630 πάντας
1669 1566 1789 1629 τοὺς
1840 1587 1952 1623 πα-

289 1664 478 1742 ρόντας
560 1658 738 1717 θέσθαι
822 1661 1195 1736 καταπειθεῖς,
1284 1658 1480 1733 μεστὸς
1562 1653 1782 1735 θορύϐου
1868 1656 1956 1713 καὶ

296 1750 582 1831 κατηφείας
641 1750 905 1828 γεγονὼς,
964 1746 1339 1825 ἐγκλεισθῆναι
1396 1744 1559 1803 πάλιν
1605 1745 1812 1803 κελεύει
1861 1747 1954 1802 τὸν

2028 578 2266 642 Nullum
2289 581 2478 662 serpit
2502 580 2908 658 mendacium,
2935 601 3131 665 neque
3157 583 3281 645 ulla
3308 584 3470 647 fraus
3486 585 3693 649 subest

2029 668 2091 730 in
2116 669 2188 730 iis
2212 687 2339 751 qua;
2362 670 2437 732 ab
2470 673 2598 751 ipso
2640 671 2789 734 ﬁunt
2824 693 2839 735 :
2873 673 3261 753 cognovisset:
3290 675 3420 757 ipse
3452 694 3693 758 quoque

2031 760 2365 840 veritatem,
2390 762 2441 822 si
2470 760 2650 823 simul
2674 760 2996 837 adfuisses,
3030 770 3091 825 et
3122 765 3282 846 quod
3309 784 3429 826 non
3461 773 3698 846 oportet

2032 848 2215 911 alium
2270 850 2616 913 existimare
2664 858 2726 913 et
2783 851 3037 915 adorare
3092 852 3304 928 Deum,
3340 872 3516 936 quam
3565 856 3694 936 ejus

2034 940 2247 1001 Deum.
2284 939 2600 1001 Reveritus
2629 949 2827 1002 autem
2873 942 3191 1021 praefectus
3223 944 3477 1007 civitatis
3506 944 3696 1007 ﬁden-

2034 1027 2199 1102 tiam,
2235 1037 2294 1089 et
2342 1028 2625 1108 loquendi
2678 1029 3040 1110 libertatem,
3075 1041 3133 1093 et
3193 1032 3403 1094 videns
3450 1052 3691 1096 omnem

2034 1116 2161 1179 fere
2214 1118 2500 1198 populum
2535 1118 2606 1179 ad
2659 1118 2961 1182 Christum
3013 1119 3373 1199 declinasse,
3407 1132 3463 1184 et
3514 1122 3692 1185 ivisse

2036 1200 2093 1266 id
2125 1204 2367 1268 athletae
2395 1206 2777 1284 sententiam,
2805 1216 2862 1270 et
2889 1226 3150 1286 servare,
3177 1228 3285 1271 nec
3309 1210 3449 1291 quid
3475 1211 3606 1273 novi
3631 1212 3693 1274 in

2036 1295 2098 1356 in
2151 1312 2287 1358 eum
2320 1295 2652 1359 audeatnr:
2688 1305 2748 1360 et
2794 1298 3007 1377 partim
3040 1300 3281 1380 quidem
3313 1319 3432 1361 non
3482 1310 3694 1384 potens

2036 1384 2242 1446 dicere
2292 1392 2498 1447 contra
2527 1387 2862 1461 veritatem,
2900 1388 3111 1468 partim
3145 1406 3283 1450 vero
3318 1389 3493 1451 etiam
3545 1410 3691 1453 eru-

2038 1473 2290 1536 bescens
2335 1493 2474 1536 eum
2529 1476 2765 1557 punire,
2801 1476 2903 1558 qui
2955 1478 3217 1540 veritatis
3264 1479 3507 1541 verbum
3571 1488 3692 1542 tam

2035 1571 2200 1626 recte
2225 1564 2535 1638 tractabat,
2562 1574 2624 1628 ut
2646 1585 2858 1629 omnes
2888 1568 2991 1649 qui
3017 1568 3287 1640 aderant,
3324 1569 3378 1630 ei
3412 1579 3696 1650 parerent

2038 1661 2098 1715 et
2145 1654 2487 1729 crederent,
2554 1656 3003 1735 perturbatione
3062 1657 3273 1739 plenus
3315 1667 3373 1721 et
3433 1659 3691 1737 tristitia,

2030 1742 2202 1824 jubet
2232 1752 2504 1805 sanctum
2550 1762 2758 1808 rursus
2787 1746 3036 1808 includi.
3070 1748 3343 1810 Surrexit
3373 1767 3512 1829 ergo
3548 1767 3692 1831 pro-

301 1837 477 1917 ἅγιον.
529 1837 749 1906 Ἀνέστη
808 1843 938 1917 γοῦν
996 1836 1186 1902 εὐθέως
1251 1843 1345 1893 τοῦ
1403 1836 1672 1911 βήματος,
1734 1837 1822 1892 καὶ
1891 1836 1951 1892 τὸ

2039 1835 2198 1894 tinus
2227 1850 2261 1894 a
2290 1831 2598 1913 tribunali,
2633 1841 2693 1895 et
2723 1834 2951 1897 dimisit
2976 1837 3301 1910 theatrum,
3336 1846 3397 1899 et
3427 1857 3460 1899 a
3492 1846 3691 1900 certa-

293 1928 521 2004 θέατρον
584 1927 751 2003 ἔλυσε,
827 1929 918 1984 καὶ
1003 1925 1285 2005 συνεξέρῤεξ
1357 1932 1449 1984 τοῦ
1517 1925 1724 2001 ἀγῶνος
1794 1924 1823 1981 ὅ
1892 1946 1952 1982 τε

285 2017 467 2094 δῆμος
525 2018 609 2074 καὶ
656 2017 792 2075 ἅπαν
849 2017 913 2074 τὸ
981 2020 1224 2094 θέατρον
1290 2017 1380 2072 καὶ
1434 2019 1586 2094 θροῦς
1642 2035 1721 2081 τις
1768 2017 1837 2082 ἦν
1899 2013 1952 2081 ἐξ

273 2108 538 2165 ἁπάντων
606 2104 672 2162 δι’
742 2106 1009 2187 εὔφημίας
1089 2105 1428 2182 ποιουμένων
1510 2106 1603 2161 τὸν
1685 2106 1949 2184 μάρτυρα.

274 2188 337 2255 Ὀ
400 2201 508 2272 μὲν
566 2196 657 2253 οὖν
712 2196 867 2274 ἅγιος
937 2193 1330 2253 ὶνεκέκλειστο⁶
1414 2194 1513 2262 τὴν
1567 2192 1620 2250 δὲ
1696 2192 1950 2273 γλῶσσαν

276 2284 393 2344 οὖδὲ
429 2285 603 2350 οὕτως
661 2286 792 2366 εἶχε
827 2291 1064 2364 σιγῶσαν
1109 2287 1198 2342 κᾶὶ
1226 2290 1334 2342 τῶν
1384 2286 1458 2348 εἷς
1490 2290 1717 2363 Χριστοῦ
1772 2283 1951 2359 ὓμνων

284 2375 664 2457 ἆπεχομένην·
728 2373 932 2452 ἔψαλλε
991 2374 1118 2455 γσίρ·
1184 2397 1212 2430 ε
1246 2372 1509 2436 "Eamus:
1565 2374 1734 2450 ἡμᾶς,
1773 2375 1950 2454 Κύριε,

292 2467 353 2523 ὲκ
400 2473 504 2522 τῶν
574 2460 870 2521 θλιϐόντων
953 2464 1121 2539 ημᾶς,
1169 2464 1257 2520 καὶ
1299 2464 1423 2526 τοὺς
1477 2462 1765 2537 μισοῦντας
1808 2462 1952 2538 ἡμᾶς

294 2556 659 2635 κατῄσχυνας.
756 2552 1022 2620 ’Ἠνοιξας
1092 2553 1147 2610 ἐν
1231 2550 1567 2632 παραϐολαῖς
1635 2553 1698 2608 τὸ
1781 2553 1955 2629 στόμα

292 2646 465 2721 ἡμῶν,
497 2644 593 2702 καὶ
623 2642 984 2724 ἐφθεγξαμεθα
1014 2640 1372 2721 προϐλήματα
1401 2644 1677 2721 ἀπαρχῆς,
1721 2664 1747 2696 υ

364 2753 483 2813 ω’.
542 2754 608 2812 '0
659 2751 849 2829 μέστοι
897 2752 1160 2832 ἔπαρχος,
1198 2750 1555 2831 λογισάμενος
1601 2752 1799 2809 ὁπόσον
1855 2752 1951 2827 μὲν

286 2844 350 2900 ἒκ
403 2842 631 2923 πρώτης
674 2842 859 2920 πείρας
915 2843 950 2910 ἡ
994 2839 1151 2904 πόλις
1208 2839 1455 2918 κατέγνω
1512 2844 1697 2922 αὐτοῦ,
1756 2842 1954 2899 ὁπόσον

298 2931 355 2989 δὲ
404 2931 807 3010 καταγνώσεται
880 2930 1062 3006 μαθὼν
1126 2931 1215 2988 καὶ
1275 2932 1302 2987 ὁ
1360 2928 1637 3010 βασιλεὺς,
1682 2928 1779 2986 καῖ
1823 2951 1956 3010 σχε-

298 3021 515 3085 τλιάσας
560 3009 628 3078 οὗ
683 3026 887 3100 μικρῶς
939 3018 1024 3077 διὰ
1079 3026 1269 3101 ταῦτα,
1301 3009 1499 3099 σχεδὸν
1552 3019 1806 3084 ἀπόσιτος

291 3111 479 3188 ’Ὅμως
551 3111 676 3174 τοὺς
744 3108 940 3174 ὕπνους
1009 3109 1197 3171 αὐτοὺς
1281 3109 1472 3185 σκέψιν
1536 3106 1753 3183 θέμενος
1778 3156 1794 3182 ,
1868 3109 1956 3164 καὶ

2036 1921 2198 1985 mine
2252 1921 2429 1984 simul
2463 1922 2694 1986 efﬂuxit
2747 1926 3002 2005 populus
3030 1934 3091 1988 et
3120 1927 3466 1989 universum
3517 1930 3692 1990 thea-

2037 2020 2194 2075 trum
2229 2030 2244 2075 :
2301 2021 2360 2074 et
2389 2030 2598 2075 eorum
2642 2014 2909 2076 omnium
2944 2016 3258 2078 emanabat
3308 2017 3548 2097 quidam
3579 2037 3689 2079 su-

2034 2118 2269 2178 surrus,
2301 2113 2620 2184 martyrem
2645 2103 2921 2165 laudibus
2954 2107 3462 2187 prosequentium.
3498 2112 3690 2187 Atque

2034 2197 2277 2254 sanctus
2305 2192 2551 2272 quidem
2584 2203 2713 2255 erat
2743 2192 3014 2255 inclusus
3047 2214 3064 2269 ;
3096 2195 3354 2275 linguam
3387 2203 3584 2259 autem
3617 2215 3694 2259 ne

2036 2281 2124 2341 sic
2180 2280 2420 2360 quidem
2454 2279 2714 2344 habebat
2765 2292 3082 2359 tacentem,
3117 2293 3175 2345 et
3230 2285 3305 2346 ab
3338 2286 3575 2366 hymnis
3628 2286 3689 2347 in

2037 2370 2335 2434 Christum
2362 2371 2784 2436 abstinentem.
2818 2372 3145 2436 «Liberasti
3172 2393 3301 2451 nos,
3320 2373 3593 2451 Domine,
3616 2377 3690 2437 ab

2037 2460 2445 2540 atﬂigentibus
2476 2480 2609 2536 nos,
2647 2470 2705 2523 et
2734 2480 2837 2525 eos
2881 2463 2983 2544 qui
3012 2482 3122 2525 nos
3151 2464 3433 2540 oderunt,
3466 2464 3692 2546 pudore

2037 2550 2288 2613 atiecisti
2313 2550 2396 2615 ν’.
2430 2549 2737 2632 Aperuisti
2765 2552 2825 2613 in
2848 2552 3159 2634 parabolis
3209 2572 3274 2615 os
3308 2563 3601 2630 nostrum,
3635 2564 3695 2618 et

2037 2639 2219 2703 locuti
2249 2658 2458 2703 sumus
2489 2641 2928 2722 propositiones
2957 2642 3033 2705 ab
3058 2643 3229 2706 initio
3258 2644 3304 2704 θ.
3344 2669 3374 2701 ι

2117 2744 2247 2810 XII.
2304 2743 2632 2809 Praefectus
2685 2755 2885 2810 autem
2937 2756 3241 2828 reputans,
3278 2757 3567 2829 quantum
3621 2768 3689 2812 ex

2039 2835 2231 2918 prima
2290 2836 2538 2917 quidem
2592 2836 2966 2917 experientia
3037 2855 3172 2900 eum
3235 2839 3695 2900 condemnasset

2037 2924 2267 2998 civitas,
2303 2935 2590 3006 quantum
2624 2944 2763 2987 vero
2790 2931 3024 2988 siteum
3057 2928 3235 2989 etiam
3260 2927 3694 2991 condemnatu-

2037 3033 2140 3076 rus
2189 3015 2537 3096 imperator,
2572 3034 2708 3077 cum
2761 3016 3088 3095 acceperit,
3124 3026 3179 3077 et
3212 3035 3328 3079 non
3361 3035 3565 3098 parum
3626 3036 3695 3081 se

2038 3105 2348 3179 alllictans,
2399 3104 2833 3185 propemodum
2891 3105 3006 3166 sibi
3050 3104 3355 3168 indicebat
3400 3106 3687 3169 inediam.

279 3208 457 3259 πᾶσαν
516 3201 592 3263 είς
652 3204 810 3258 τοῦτο
859 3199 955 3268 τὴν
1011 3198 1171 3255 νύκτα
1229 3195 1540 3275 διενεγκὼν,
1602 3196 1724 3255 ἐπεὶ
1781 3197 1951 3273 ἡμέρα

2038 3197 2188 3258 Cum
2211 3201 2409 3257 tamen
2433 3194 2588 3275 apud
2616 3212 2682 3256 se
2703 3193 2991 3273 cogitaret
3011 3196 3264 3271 somnia,
3292 3203 3488 3258 ettota
3517 3205 3691 3259 nocte

271 3290 593 3369 διηόγαζεν,
660 3287 857 3357 ἤκουσε
935 3286 990 3343 δὲ
1064 3285 1147 3346 ὅτι
1214 3288 1302 3344 καὶ
1378 3286 1524 3351 αὖθις
1605 3288 1668 3344 τὸ
1736 3286 1954 3366 θέατρον

273 3381 584 3459 ἥθροισται,
649 3379 736 3435 καὶ
791 3374 1111 3457 ὑπερϐάλλει
1170 3376 1267 3446 τήν
1323 3376 1454 3458 χθὲς
1519 3377 1954 3455 πολυανθρωπίαν

280 3468 533 3544 ἱπιθυμίει
573 3472 677 3536 τῆς
731 3467 917 3535 κοινῆς
964 3464 1147 3534 πάλης
1198 3470 1304 3522 τῶν
1363 3466 1538 3545 λόγων
1590 3466 1679 3523 καὶ
1733 3472 1831 3533 τῆς
1863 3472 1954 3523 τοῦ

293 3559 515 3625 ἄθλητοῦ
578 3557 962 3629 πιθανότητος,
1020 3556 1196 3614 πάντα
1248 3554 1421 3613 τᾶλλα
1493 3553 1737 3633 δευτέρας
1808 3556 1952 3612 εἶναι

303 3646 557 3723 “umido;
614 3647 806 3719 εἰπὼν,
851 3645 1093 3702 ἐκάθισεν
1153 3645 1239 3702 επὶ
1303 3644 1570 3723 βήματος.
1632 3647 1952 3723 Περιειστή-

308 3754 391 3788 κει
437 3731 493 3787 δὲ
544 3735 682 3794 ἅπαν
755 3737 818 3792 τὸ
874 3733 1210 3815 δορυφορικὸν
1282 3733 1613 3811 ἔκπληκτον,
1674 3736 1953 3815 προέκειτό

309 3841 366 3877 τε
436 3817 523 3879 ὑπ’
571 3822 691 3897 ὄψιν
740 3830 848 3881 πᾶν
912 3822 969 3881 εἴ
1022 3847 1074 3883 τι
1133 3823 1406 3888 κολάσεως
1489 3826 1738 3903 ὄργανον,
1795 3825 1956 3880 αὐτοῦ

303 3917 453 3968 τοῦτο
493 3909 867 3991 κελεύσαντος,
930 3912 1070 3971 ὥστε
1140 3912 1255 3980 δέος
1327 3912 1620 3991 ἐμποιῆσαι
1683 3920 1761 3987 τῷ
1813 3913 1955 3987 μᾶρο

295 4021 432 4077 τυρι.
491 3991 585 4064 Ὠς
665 3999 757 4056 οὗδ
812 3999 950 4057 οὕτω
1006 4008 1190 4077 ταῦτα,
1248 4004 1337 4060 καὶ
1391 4005 1420 4059 ὁ
1477 4002 1629 4082 ἅγιος
1694 4002 1957 4082 σχοινίοις

291 4087 547 4149 διαδεθεὶς
618 4089 875 4169 εἰσήχθη,
936 4091 964 4146 ὁ
1041 4089 1277 4172 ἔπαρχος
1338 4091 1463 4171 ἔφη’
1526 4092 1662 4171 Λέγε
1719 4114 1811 4168 μοι
1867 4093 1952 4169 σὺ,

287 4180 584 4257 κατάρατε,
667 4179 794 4251 ποίᾳ
876 4177 1022 4258 τύχῃ
1099 4179 1458 4260 τεθαρρηκὼς,
1547 4182 1619 4245 εἰς
1706 4189 1953 4239 τοσοῦτον

288 4267 506 4343 τόλμης
564 4267 876 4345 προήχθης,
939 4269 1014 4332 ὡς
1078 4282 1409 4342 παραπεϊσαι
1481 4269 1580 4344 μὲν
1632 4271 1723 4327 τὸν
1783 4268 1952 4347 δῆμον

2038 3303 2107 3347 ea
2140 3292 2339 3347 mente
2374 3293 2658 3359 versaret,
2694 3293 3008 3364 postquam
3055 3284 3270 3361 illuxit,
3299 3286 3523 3348 audivit
3550 3305 3689 3349 vero

2037 3386 2454 3453 congregatum
2491 3390 2866 3434 rursus-esse
2907 3372 3225 3448 theatrum,
3261 3381 3320 3437 et
3347 3374 3690 3438 hesternam

2037 3480 2325 3544 superare
2348 3461 2659 3525 hominum
2686 3461 3083 3543 frequentiam
3107 3463 3409 3526 desiderio
3432 3482 3696 3526 commu-

2036 3554 2132 3615 nis
2153 3553 2212 3614 in
2231 3553 2490 3617 dicendo
2514 3552 2936 3623 contentionis.
2966 3562 3024 3615 et
3055 3554 3293 3616 athletae
3315 3553 3696 3636 probabilita-

2036 3645 2131 3717 tis,
2167 3644 2529 3725 reliquarum
2584 3660 2789 3705 rerum
2824 3660 3004 3704 curas
3033 3642 3245 3705 dicens
3288 3662 3420 3706 eSse
3450 3646 3693 3725 postha-

2038 3733 2320 3808 hentiam,
2348 3732 2502 3794 sedit
2523 3732 2582 3793 in
2614 3730 3464 3795 tribunali.Circumsistebant
3482 3754 3695 3798 omnes

2039 3822 2327 3885 satellites
2385 3820 2651 3901 attoniti,
2709 3830 2770 3883 et
2825 3822 3262 3903 subjiciebatur
3318 3824 3450 3904 ejus
3507 3825 3695 3886 oculis

2039 3912 2353 3994 quodlibet
2399 3912 2865 3973 instrumentum
2924 3913 3141 3974 factum
3192 3912 3266 3975 ad
3327 3914 3695 3995 torquendus

2039 4000 2320 4064 homines
2345 4003 2447 4073 (ita
2470 4000 2628 4061 enim
2647 4000 2905 4080 jusserat
2936 4000 3437 4083 Hermugenes,ut
3468 4012 3695 4067 metum

2038 4092 2281 4154 aﬂ‘erret
2303 4090 2587 4171 martyri).
2621 4088 2939 4170 Postquam
2967 4108 3108 4170 ergo
3140 4092 3266 4152 haec
3289 4090 3438 4153 facta
3462 4101 3688 4165 sunt,et

2037 4180 2411 4243 introductus
2433 4188 2524 4241 est
2545 4188 2788 4240 sanctus
2812 4178 3045 4240 vinctus
3068 4179 3331 4261 funibus,
3354 4179 3499 4242 dicit
3528 4199 3683 4261 prae-

2035 4271 2226 4335 fectus
2255 4287 2269 4334 :
2303 4269 2408 4331 Dic
2441 4268 2588 4330 mihi
2620 4280 2706 4341 tu,
2741 4267 3131 4342 exsecranda,
3164 4287 3420 4345 quanam
3451 4269 3686 4332 fortuna

282 4356 532 4423 ὶξουσίας
597 4355 884 4415 ἆπονεῦσαι
940 4358 1251 4434 βασιλικῆς,
1312 4372 1591 4416 κατειπεῖν
1647 4357 1703 4414 δὲ
1759 4358 1950 4427 ἀνέδην

2037 4360 2237 4435 fretus,
2272 4378 2343 4422 eo
2368 4358 2711 4440 processisti
2766 4357 3051 4433 audaciae,
3086 4365 3150 4419 ut
3179 4359 3396 4439 populo
3442 4359 3682 4439 quidem

283 4450 379 4504 καί
437 4448 548 4502 τῶν
606 4447 761 4521 θεῶν,
821 4451 1084 4525 φρονῆσαι
1142 4444 1197 4503 δὲ
1243 4448 1310 4504 τὰ
1369 4449 1455 4523 σὰ,
1490 4448 1579 4503 καὶ
1636 4447 1803 4512 οὕτως
1857 4448 1947 4514 ἐξ·

2032 4451 2445 4533 persuaderes,
2476 4458 2540 4512 ut
2568 4468 2603 4511 a
2633 4457 2930 4531 potestate
2962 4448 3249 4510 deficeret
3280 4448 3684 4530 imperatoris,

283 4538 455 4594 ἀπινα
505 4539 609 4603 τῆς
643 4540 743 4603 σῆς
796 4536 910 4612 ἃμα
939 4539 1028 4593 καὶ
1081 4535 1328 4614 γλώττης
1387 4539 1475 4622 καὶ
1529 4536 1750 4615 γνώμης
1808 4537 1940 4618 ἔχει·

2037 4540 2415 4622 impudenter
2435 4547 2632 4601 autem
2657 4538 2771 4598 diis
2797 4537 3159 4610 detraheret,
3188 4546 3248 4599 et
3273 4545 3426 4600 tuam
3455 4546 3689 4601 teneret

284 4629 433 4702 σθαι,
499 4623 597 4682 καί
653 4625 715 4680 τὸ
784 4623 903 4691 ξένα
954 4626 1262 4704 θρησκεύειν
1325 4616 1792 4705 διεγκαλούμενος,
1842 4616 1951 4684 έά-

292 4721 400 4779 λως
458 4715 553 4773 καὶ
623 4712 896 4793 τυραννίδα
975 4713 1411 4796 μεμελετηκώςς
1493 4717 1627 4794 Πρὸς
1683 4725 1847 4775 ταῦτα
1925 4720 1953 4773 ὁ

287 4804 466 4882 ἅγιος,
499 4802 627 4861 ’Ὅτι
682 4801 743 4857 οὗ
797 4804 1064 4878 τυραννὶς,
1118 4805 1300 4878 εἶπεν,
1348 4803 1578 4885 ἔπαρχε,
1611 4804 1679 4861 τὰ
1734 4805 1862 4886 ἐμὸ,
1892 4807 1954 4863 τὸ

294 4894 510 4972 μέτριον
564 4891 720 4952 τουτί
772 4898 969 4973 σχῆμα
1028 4892 1113 4974 ἐφ’
1170 4893 1232 4952 οὗ
1287 4916 1387 4973 περ
1431 4915 1576 4972 ευρες
1631 4896 1800 4970 ἡμᾶς,
1853 4897 1955 4974 πρὸ

298 4981 426 5057 ἒμοῦ
491 5004 579 5040 σοι
635 4979 1063 5060 ἂπολελόγηται.
1139 4984 1242 5043 Τὸν
1297 4980 1471 5059 δῆμον
1527 4980 1583 5040 δὲ
1647 4986 1740 5044 οὐκ
1796 4983 1952 5050 αὐτὸς

298 5070 584 5131 ἆποσεῦσαι
641 5071 964 5147 παρέπεισα,
998 5070 1121 5130 ἀλλ’
1175 5075 1204 5130 ὁ
1246 5072 1407 5147 ζῆλος
1453 5078 1546 5131 τοῦ
1593 5071 1678 5130 διὰ
1707 5078 1814 5129 τῶν
1842 5096 1950 5142 ση-

288 5163 451 5240 μείων
540 5159 966 5238 ἐπιγνωσθέντος
1050 5163 1235 5226 αὖτοϊς
1297 5168 1454 5223 Θεοῦ.
1544 5171 1817 5221 Κατεϊπον
1893 5161 1948 5220 δὲ

2034 4628 2418 4703 sententiam,
2448 4637 2507 4690 et
2557 4629 2640 4689 sic
2692 4636 2942 4707 repente
2975 4635 3088 4688 tum
3138 4627 3353 4704 linguae
3386 4628 3687 4710 mentique

2034 4718 2501 4780 adhaeresceret:
2532 4725 2591 4779 et
2621 4716 2924 4780 convictus
2948 4727 3039 4777 est
3065 4716 3333 4779 criminis
3358 4721 3688 4797 peregrina;

2035 4825 2069 4868 a
2098 4814 2155 4869 te
2183 4806 2539 4869 introductae
2567 4807 2900 4885 religionis,
2928 4812 2986 4866 et
3015 4805 3299 4868 affectatae
3332 4807 3689 4886 tyrannidis?

2036 4894 2126 4958 Ad
2149 4896 2275 4957 haec
2295 4905 2556 4959 sanctus:
2583 4896 2748 4969 Quod
2784 4894 3153 4975 tyrannidem
3178 4895 3442 4976 quidem,
3470 4896 3682 4977 inquit,

2036 5002 2157 5047 non
2189 4986 2479 5060 atl‘ectem,
2519 4985 2866 5047 moderatus
2890 4983 3014 5063 hic,
3043 4983 3098 5044 in
3132 5002 3248 5063 quo
3268 5003 3365 5046 me
3386 4986 3683 5067 invenisti,

2034 5072 2270 5136 habitus
2299 5083 2433 5136 ante
2466 5093 2560 5137 me
2593 5091 2698 5155 pro
2732 5091 2827 5134 me
2857 5073 3188 5154 respondit.
3225 5075 3511 5156 Populum
3543 5090 3685 5138 vero

2034 5182 2152 5224 non
2182 5165 2314 5243 ipse
2346 5162 2613 5244 persuasi
2644 5163 2930 5236 deﬁcere,
2955 5162 3059 5224 sed
3093 5164 3256 5225 zelus
3285 5165 3418 5235 Dei,
3445 5165 3547 5246 qui
3580 5183 3688 5245 per

283 5259 390 5312 τῦν
429 5258 547 5309 σῶν
585 5271 648 5308 τε
689 5248 781 5307 καὶ
824 5256 920 5307 τοῦ
978 5249 1238 5327 βασιλέως
1294 5255 1454 5331 θεῶν,
1504 5249 1584 5307 ὅτι
1638 5248 1724 5308 δεῖ
1775 5250 1949 5307 πάντα

2037 5252 2193 5332 signa
2222 5252 2295 5314 ab
2327 5253 2416 5314 eis
2460 5253 2567 5315 fuit
2597 5253 2854 5331 agnitus.
2889 5252 2975 5315 De
3002 5257 3118 5313 tuis
3151 5260 3350 5315 autem
3388 5263 3449 5315 et
3484 5254 3683 5334 impe-

273 5339 555 5419 ἄνθρωπον
624 5336 773 5418 λόγῳ
826 5337 926 5395 καὶ
985 5339 1151 5417 κρίσει
1229 5339 1551 5420 φωράσαντα
1609 5341 1673 5395 τὸ
1726 5337 1943 5414 ψευδος,

2037 5338 2243 5401 ratoris
2264 5340 2380 5402 diis
2413 5339 2566 5402 male
2588 5340 2734 5415 dixi,
2759 5338 2917 5421 quod
2949 5350 3183 5422 oportet
3214 5362 3449 5404 omnem
3485 5344 3689 5405 homi-

268 5431 398 5491 αὐτὸ
456 5431 564 5510 μὲν
635 5426 1018 5508 μυσάττεσθαι,
1077 5429 1176 5497 τὴν
1252 5428 1508 5499 ἀλήθειαν
1590 5426 1646 5485 δὲ
1702 5448 1944 5506 προσκυ-

2037 5444 2334 5503 nem,cum
2363 5429 2595 5493 ratione
2616 5439 2677 5493 et
2695 5428 2921 5510 judicio
2950 5428 3161 5493 falsum
3193 5431 3681 5513 deprehenderit,

340 5690 394 5735 ι’
427 5685 595 5754 Pal.
634 5700 807 5771 mu,
835 5685 897 5756 8.
982 5685 1012 5731 ³
1038 5685 1194 5752 Psal.
1225 5701 1447 5770 uxvu,
1478 5685 1542 5748 2.
