4132 6408
279 325 396 395 385

1269 321 1741 393 MARTYRIUM
1787 327 1848 391 S.
1897 327 2134 392 ΜΕΝλΕ
2168 326 2265 391 ET
2309 327 2716 394 SOCIORUM.

3569 328 3687 400 386

287 464 507 539 ᾅδουσαν
563 462 632 519 τὰ
705 461 982 542 μεγαλεῖα
1037 469 1128 518 τοῦ
1181 470 1334 522 Θεοῦ.
1394 461 1548 520 Ἐπεὶ
1601 461 1655 517 δὲ
1714 465 1944 542 μηχανῇ

2049 461 2222 524 studio
2253 463 2551 538 lictorum,
2585 463 2786 543 lingua
2837 463 3072 544 martyri
3116 462 3440 527 crudeliter
3474 467 3682 530 evulsa

291 578 391 612 τινι
423 555 510 610 καὶ
541 550 754 628 σπουδῇ
798 558 907 608 τῶν
977 553 1254 629 ὑπηρετῶν
1301 554 1337 621 ἡ
1400 550 1614 629 γλῶττα
1677 558 1756 625 τῷ
1808 553 1950 630 μάρ-

289 668 405 723 τυρι
475 651 568 701 τοῦ
623 645 774 719 ἱεροῦ
844 641 1111 717 στόματος
1185 641 1545 719 ἀπηνέστερον
1617 641 1944 716 ἑξειλκύσθη,

295 736 568 793 nata-37.01
624 733 722 796 τὰς
775 738 886 788 τῶν
940 729 1170 810 σιδήρων
1225 731 1401 797 ἀκμὰς
1458 729 1949 809 προσεμϐάλλοντες

290 827 523 882 κάτωθεν
553 823 719 890 αὒτὴν
775 820 1075 894 ἀπέτεμνον
1128 818 1258 900 ἤδη,
1320 819 1527 901 ἔπασχε
1585 823 1682 896 μὲν
1735 824 1762 877 ὁ
1822 842 1950 898 γεν-

285 913 474 990 νάδας,
527 912 621 968 καί
670 909 886 988 πλήρης
945 910 1153 988 ἀγῶνος
1213 911 1279 978 ἦν
1339 911 1438 978 τὴν
1499 912 1706 990 ψυχήν·
1769 911 1950 988 ἦνδρίο

283 1003 406 1070 ξετο
436 1001 496 1058 δὲ
538 1003 628 1058 καὶ
686 1000 863 1080 ἔφερε,
924 1001 1012 1056 καὶ
1067 1001 1198 1076 πρὸς
1253 1002 1478 1078 Χριστὸν
1534 1001 1664 1068 ὅλην
1729 1000 1950 1056 ἐνέτεινε

283 1096 380 1160 τὴν
441 1090 708 1150 διάνοιαν.
773 1083 866 1154 (Ως
915 1088 970 1145 δὲ
1032 1089 1204 1149 τέλος·
1238 1090 1398 1170 εἶχεν
1445 1092 1480 1158 ἡ
1509 1091 1761 1169 βάσανος,
1795 1092 1822 1146 ὃ
1853 1090 1952 1165 μὲν

290 1189 442 1245 τόνος
498 1187 594 1237 τοῦ
655 1180 906 1254 σώματος
960 1177 1157 1253 ἔκαμνε
1198 1185 1274 1252 τῷ
1337 1179 1493 1256 ἁγίῳ,
1555 1181 1710 1244 αὐτὸς
1767 1177 1951 1246 δὲτὴν

298 1272 484 1351 ψυχὴν
556 1276 634 1342 τῷ
705 1271 852 1340 πόθῳ
917 1275 995 1343 τῷ
1061 1270 1195 1346 πρὸς
1267 1271 1495 1345 Χριστὸν
1581 1271 1948 1348 νευρούμενοε,

293 1362 472 1440 ἡρέμα
546 1358 730 1439 διάρας
782 1359 878 1426 τὴν
935 1356 1202 1438 κεφαλὴν,
1255 1359 1540 1415 ἀποπτύων
1595 1357 1650 1414 δὲ
1706 1361 1767 1415 τὸ
1815 1358 1952 1417 πολὺ

288 1454 388 1508 τοῦ
417 1451 684 1525 αἵματος,
715 1450 804 1506 καὶ
855 1447 996 1513 ὅλως
1047 1461 1171 1514 ταῖς
1228 1447 1548 1528 καταῤῥοαϊς
1604 1452 1951 1530 φοινισσόμε-

289 1565 411 1615 νος,
476 1543 613 1619 πρὸς
673 1539 873 1601 πάντας
933 1539 1167 1609 ἡτένιζεν
1233 1539 1503 1619 εὐθαρσὲς,
1562 1540 1660 1596 καὶ
1732 1542 1952 1616 νεύμασι

295 1633 374 1705 τῷ
420 1652 482 1688 τε
538 1630 764 1710 ἐπάρχῳ
817 1628 915 1696 τὴν
979 1629 1096 1706 περὶ
1145 1630 1213 1686 τὰ
1260 1627 1404 1685 δεινὰ
1450 1628 1695 1707 γνώμην,
1750 1633 1838 1688 καὶ
1878 1635 1956 1703 τῷ

2033 550 2140 612 fuit
2168 572 2236 614 ex
2270 571 2375 615 ore
2405 572 2597 634 sacro,
2631 563 2691 616 et
2720 553 2830 634 ipsi
2863 553 3006 614 ferri
3055 552 3248 615 aciem
3280 555 3561 618 deorsum
3597 563 3686 618 in-

2026 640 2328 720 jirientes,
2371 661 2500 705 eam
2541 643 2668 723 jam
2718 641 3168 717 exscindebaut,
3215 645 3550 724 patiebatur
3597 646 3686 707 vir

2032 749 2382 814 generosus,
2427 741 2486 795 et
2525 751 2746 812 angore
2795 733 3009 812 plenus
3065 742 3191 794 erat
3222 734 3355 812 ejus
3417 735 3679 798 animus.

2032 818 2271 883 Fortem
2304 830 2498 884 tamen
2524 841 2587 884 se
2618 822 2944 902 praebebat,
2980 829 3039 882 et
3068 821 3140 883 ad
3170 823 3473 884 Christum
3500 835 3684 887 totam

2034 927 2200 973 suam
2251 911 2546 989 dirigebat
2602 911 3049 992 cogitationem.
3115 912 3436 992 Postquam
3489 924 3686 976 autem

2035 999 2217 1061 ﬁnem
2248 1001 2480 1080 accepit
2509 1010 2896 1076 tormentum,
2931 1000 3234 1062 defessum
3285 1003 3525 1082 quidem
3561 1015 3690 1066 erat

2035 1097 2242 1150 sancto
2273 1090 2459 1152 robur
2480 1097 2750 1163 corporis
2778 1112 2791 1150 :
2820 1108 2946 1171 ipse
2967 1108 3105 1152 vero
3137 1091 3358 1152 Christi
3381 1092 3684 1156 desiderio

2034 1178 2235 1240 animo
2288 1181 2698 1255 conﬁrmatus,
2761 1181 2986 1242 sensim
3046 1178 3280 1242 sublato
3338 1182 3556 1262 capite,
3631 1191 3687 1244 et

2037 1271 2287 1331 multum
2342 1269 2698 1348 sanguinem
2752 1288 3071 1350 exspuens,
3133 1279 3192 1332 et
3249 1271 3688 1334 deﬁuxionibus

2036 1365 2194 1421 totus
2223 1360 2470 1422 effectus
2505 1378 2861 1441 purpureus,
2913 1361 3285 1422 conﬁdenter
3316 1380 3524 1424 omnes
3555 1364 3689 1425 ﬁxis

2033 1449 2358 1530 aspiciebat
2383 1452 2610 1513 oculis:
2648 1459 2708 1512 et
2733 1459 2878 1512 nutu
2898 1451 3182 1530 praefecto
3214 1468 3391 1512 suum
3417 1452 3472 1512 in
3506 1452 3690 1515 rebus

2034 1541 2261 1622 asperis
2292 1542 2586 1621 animum,
2613 1549 2672 1602 et
2702 1539 2920 1620 pepulo
2953 1557 3118 1601 suam
3151 1539 3526 1619 signiﬁcabat
3575 1542 3692 1606 foro

2039 1631 2350 1693 titudinem
2377 1649 2391 1694 :
2427 1639 2488 1694 et
2517 1649 2582 1693 se
2613 1648 2731 1692 non
2765 1629 2940 1691 modo
2973 1647 3093 1690 non
3125 1632 3367 1704 cedere,
3423 1631 3529 1692 sed
3559 1649 3691 1694 eam

303 1721 461 1796 δήμῳ
533 1721 631 1787 τὴν
688 1719 964 1796 καρτερίαν
1019 1717 1298 1793 ἐσήμαινε·
1361 1720 1448 1776 καὶ
1515 1721 1592 1782 ὣς
1661 1723 1720 1778 οὗ
1793 1721 1953 1794 μόνον

2049 1739 2165 1783 rem
2223 1721 2402 1783 etiam
2459 1720 2706 1782 delicias
2765 1727 2994 1799 putare,
3059 1727 3118 1780 et
3177 1729 3432 1781 mortem
3491 1719 3688 1786 sitire.

307 1791 407 1866 oe;
434 1791 715 1887 ίωδὲὃωσιν,
750 1791 888 1864 ἆλλᾶ
915 1810 1003 1888 καὶ
1063 1791 1262 1886 τροφὴν
1313 1810 1529 1886 ἡγεῖται
1587 1811 1647 1864 τὸ
1705 1791 1948 1886 πρᾶγμα,

2049 1809 2355 1873 Praefectus
2375 1817 2573 1872 autem
2605 1791 2804 1871 furore
2826 1791 3158 1887 correptus,
3195 1809 3354 1888 quod
3385 1811 3563 1871 etiam
3595 1811 3692 1873 lu-

301 1902 402 1957 καὶ
459 1899 678 1955 θανάτου
731 1896 884 1973 διψᾷ.
951 1887 1011 1955 Ὀ
1070 1895 1126 1952 δὲ
1183 1896 1423 1978 ἔπαρχος
1480 1899 1640 1974 μανίᾳ
1709 1898 1950 1978 ληφθεὶς,

293 1990 385 2046 ὅτι
422 1990 517 2046 καὶ
547 1989 874 2058 καταπαίζων
911 1991 1010 2053 τῆς
1062 1989 1344 2068 τιμωρίας,
1405 1989 1642 2066 μάρτ·›ρα
1697 1992 1798 2054 τῆς
1853 1989 1951 2044 ἀν.

285 2079 445 2158 ὁρίας
520 2077 758 2135 ἐποιεῖτο
829 2079 924 2134 τὸν
1006 2074 1174 2152 δῆμον
1251 2091 1368 2142 τοῖς
1453 2078 1643 2133 ἑαυτοῦ
1707 2079 1952 2154 νεύμασι,

284 2169 660 2246 προσέταττεν
754 2168 944 2230 εὒθέως
1030 2165 1326 2234 ἐκκοπῆναι
1414 2167 1570 2226 αὐτοῦ
1663 2168 1752 2224 καὶ
1839 2170 1956 2232 τοὺς

293 2257 634 2338 ὀφθαλμούς.
697 2248 792 2320 Ὠς
847 2255 902 2312 δὲ
959 2255 1095 2313 πολὺ
1146 2258 1209 2312 τὸ
1237 2257 1408 2335 τάχος
1468 2258 1685 2334 εἰσῆγον
1735 2259 1782 2313 οἱ
1827 2259 1957 2334 πρὸς

293 2356 459 2405 ταῦτα
538 2345 969 2421 διακονούμενοι,
1037 2348 1124 2402 καὶ
1195 2346 1532 2426 παραχρῆμα
1605 2345 1805 2422 μηδένα
1860 2349 1959 2404 οῖ-

305 2461 428 2494 κτον
485 2437 589 2504 τῆς
666 2438 855 2502 κοινῆς
926 2437 1235 2511 ποιούμενοι
1306 2436 1534 2510 φύσεως,
1609 2440 1958 2516 περισχόντες

309 2531 398 2585 τὸν
450 2527 695 2595 ἆθλητὴν
765 2527 926 2602 ὠμῶς
999 2531 1159 2586 abso?)
1229 2530 1354 2593 τοὺς
1437 2529 1604 2606 ἱεροὺς
1676 2527 1962 2605 ἐξώρυττον

308 2616 634 2698 ὀφθαλμοὺς,
696 2615 983 2695 ἀλγοῦντος
1038 2617 1159 2692 μὲν,
1220 2623 1336 2682 πῶς
1387 2619 1487 2696 γὰρ
1545 2617 1661 2690 οὸ;
1721 2621 1806 2674 καὶ
1863 2626 1961 2687 τῆς

301 2707 642 2786 ἀνθρωπίνης
713 2707 917 2786 φύσεως
960 2707 1422 2783 ὒποσημαίνοντος
1499 2710 1597 2777 τὴν
1668 2712 1962 2793 ἀσθένειαν,

300 2797 560 2876 φέροντος
611 2794 670 2851 δὲ
723 2795 820 2851 κᾶν
887 2796 1057 2869 τούτῳ
1115 2798 1368 2875 γενναὶως
1423 2800 1512 2856 καὶ
1570 2802 1672 2867 τὴν
1726 2802 1964 2882 κεφαλὴν

309 2886 670 2965 ἱπικλίοντος,
739 2882 926 2948 ὁσάκις
995 2887 1060 2942 ἃν
1141 2887 1307 2954 αὐτὴν
1387 2887 1576 2946 ἄνετον
1647 2890 1803 2972 ἔσχε,
1876 2887 1964 2950 καὶ

313 2975 494 3052 ὥσπερ
534 2978 608 3049 τῷ
664 2974 915 3050 Δεσπότῃ
974 2975 1135 3055 χάριν
1192 2975 1582 3056 ὁμολογοῦντος
1639 2979 1719 3036 ὅτι
1777 2983 1962 3040 τοιού·-

310 3087 420 3121 των
474 3063 674 3132 ἠξιώθη
730 3069 839 3120 τῶν
893 3065 1125 3143 ἀγαθῷν·
1187 3068 1216 3122 ὁ
1279 3065 1540 3148 ἔπαρχος,
1613 3071 1796 3127 παθὼν
1865 3073 1964 3140 τὴν

2037 1901 2288 1962 diﬁcans
2319 1899 2704 1980 supplicium,
2733 1897 3018 1979 populum
3041 1898 3170 1959 suis
3195 1899 3442 1960 nutibus
3476 1911 3693 1962 testem

2038 1989 2259 2052 faceret
2288 2008 2411 2051 suae
2460 1994 2657 2068 magni
2710 1988 2894 2051 animi
2926 1988 3180 2062 virtutis,
3211 1988 3394 2066 jussit
3424 1990 3697 2068 protinus

2039 2082 2167 2160 ejus
2193 2096 2432 2162 quoque
2463 2077 2736 2140 exscindi
2757 2078 2984 2140 oculos.
3011 2076 3330 2156 Postquam
3350 2096 3493 2140 vero
3519 2080 3694 2141 mini-

2041 2172 2114 2231 tri
2168 2171 2241 2230 ad
2299 2169 2410 2232 hoc
2470 2185 2740 2245 magnam
2794 2167 3127 2229 adhibuere
3181 2166 3576 2244 diligentiam,
3635 2176 3694 2232 et

2043 2260 2265 2332 statim,
2294 2258 2453 2320 nulla
2469 2260 2806 2319 communis
2837 2264 3062 2317 natura
3089 2255 3235 2317 moti
3255 2256 3688 2335 misericordia,

2044 2356 2318 2412 tenentes
2348 2347 2657 2422 athletam,
2687 2346 3015 2409 crudeliter
3045 2346 3176 2425 ejus
3215 2363 3420 2408 sacros
3452 2347 3696 2410 effodie-

2045 2441 2186 2501 bant
2234 2438 2462 2512 oculos,
2515 2437 2775 2498 dolentis
2826 2436 3068 2518 quidem
3121 2434 3355 2515 (quidni
3387 2435 3605 2498 enim?
3635 2446 3698 2501 et

2047 2528 2439 2609 signiﬁcantis
2485 2527 2764 2588 humana:
2794 2536 3020 2587 natura)
3072 2526 3570 2608 imbecillitatem,
3604 2529 3694 2590 fe-

2047 2625 2234 2682 rentis
2263 2624 2460 2680 autem
2494 2617 2608 2678 hoc
2631 2633 2870 2697 quoque
2892 2615 3147 2691 fortiter,
3181 2623 3239 2676 et
3261 2617 3701 2697 caput,quoties

2047 2709 2106 2770 id
2138 2709 2211 2770 ab
2230 2708 2318 2770 eis
2337 2705 2776 2787 remittebatur,
2790 2704 3223 2774 inclinantis,et
3251 2706 3696 2784 quodammodo

2049 2799 2302 2862 Domino
2318 2796 2540 2875 gratias
2554 2795 2977 2878 agentis,quod
2993 2793 3132 2857 talia
3145 2794 3222 2854 sit
3239 2793 3396 2858 bona
3407 2799 3701 2879 consequi

2047 2887 2260 2965 dignus
2293 2885 2538 2948 habitus
2562 2903 2576 2947 :
2609 2884 2923 2964 praefectus
2946 2893 3196 2964 repente
3211 2885 3409 2947 animo
3425 2886 3698 2968 affectus,

2047 2988 2105 3038 et
2138 2975 2379 3039 tristitia
2411 2983 2606 3036 motus
2637 2976 2712 3036 ob
2761 2992 2833 3035 ea
2887 2991 3018 3054 quae
3075 2971 3332 3049 videbat,
3393 2992 3526 3036 cum
3586 2976 3701 3039 hoc

2047 3065 2236 3128 solum
2270 3063 2557 3126 dixisset:
2591 3063 2733 3127 Cras
2759 3063 3054 3144 reliquum
3116 3063 3388 3142 corporis
3436 3063 3552 3126 erit
3574 3072 3698 3127 tra-

305 3154 494 3233 ψυχὴν
523 3151 777 3233 ἐξαίφνης
817 3156 910 3210 καὶ
953 3156 1335 3234 σκυθρωπάσας
1383 3159 1512 3234 πρὸς
1571 3159 1637 3215 τὰ
1693 3161 1958 3238 ὁρώμενα,

2050 3156 2313 3218 dendom
2344 3153 2572 3229 avibus,
2607 3162 2669 3214 ut
2700 3153 2882 3214 nulla;
2908 3152 2982 3213 ad
3011 3153 3364 3214 memoriam
3397 3161 3703 3235 supersint

293 3244 395 3302 καί
444 3250 610 3300 τοῦτο
642 3251 806 3318 μόνον
857 3244 1046 3324 εἰπὼν,
1107 3247 1181 3302 ὡς·
1237 3248 1315 3314 Tit
1372 3246 1547 3326 αὔριον
1608 3249 1670 3305 τὸ
1724 3250 1966 3329 περιλειο

293 3335 425 3414 φθὲν
484 3342 587 3391 τοῦ
648 3332 899 3408 σώματος
967 3334 1170 3413 ὀρνέοις
1237 3334 1514 3404 ἐκδοθῆναι
1586 3338 1694 3414 δεῖ,
1761 3343 1832 3408 ὡς
1903 3343 1966 3400 ἂν

2049 3245 2345 3326 reliquiae,
2397 3253 2454 3306 et
2502 3261 2638 3306 cum
2673 3243 2761 3305 sic
2783 3243 3071 3322 jussisset
3100 3243 3346 3319 servari,
3382 3245 3642 3308 surrexit
3671 3263 3706 3308 e

2053 3335 2368 3399 tribunali.

303 3423 443 3513 μηδὲ
524 3423 603 3486 εἷς
681 3424 905 3498 μνήμην
975 3421 1227 3499 λείψανόν
1309 3448 1360 3482 τι
1444 3426 1817 3509 καταλειφθῇ,
1892 3437 1981 3494 καὶ
2066 3427 2360 3513 προστάξας
2443 3424 2608 3489 οὕτως
2683 3427 2840 3483 αὐτὸν
2910 3427 3221 3503 τηρεῖσθαι,
3295 3432 3389 3482 τοῦ
3457 3427 3705 3503 βήματος

311 3511 586 3579 ἒξσνέστη.

402 3603 514 3692 ιε’.
571 3607 632 3661 0i.
681 3602 736 3660 δὲ
789 3610 1130 3685 στρατιῶται,
1194 3608 1371 3688 βραχύ
1420 3631 1468 3665 τι
1519 3611 1611 3667 τὸν
1657 3611 1812 3692 ἅγιον
1861 3615 1962 3690 ὲμ-

323 3691 554 3749 πνέοντα
633 3695 709 3751 ἔτι
803 3693 1196 3776 ἐπαγαγόντες,
1286 3706 1353 3774 τῇ
1444 3700 1654 3776 φυλακῆ
1713 3691 1966 3784 νπροσρί-

327 3796 537 3842 πτωσί.
609 3785 828 3862 Νύκτωρ
898 3784 952 3841 δὲ
1026 3786 1150 3862 περί
1221 3789 1406 3864 τρίτην
1473 3789 1616 3869 ὥραν
1688 3793 1966 3871 ἀστραπῆς

325 3871 504 3949 ὥσπερ
561 3873 979 3952 περιλαμψάσης
1036 3876 1098 3931 τὸ
1155 3875 1538 3956 δεσμωτήριον,
1601 3881 1875 3960 ἐφίσταται
1940 3889 1968 3941 ὁ

317 3963 544 4037 Χριστὸς
575 3970 653 4036 τῷ
681 3965 834 4038 τόπῳ
863 3965 946 4044 ἐφ’
977 3967 1038 4020 οὗ
1067 3967 1094 4022 ὁ
1123 3965 1275 4044 ἅγιος
1336 3966 1567 4046 ἕῤῥιπτο.
1629 3975 1736 4029 Καὶ
1786 3977 1970 4052 πρῶτα

311 4052 410 4123 μὲν
502 4051 726 4140 θαρσους
818 4053 978 4111 aestv
1073 4054 1372 4128 ἐμπίπλησι
1471 4061 1558 4116 καὶ
1654 4051 1966 4140 προθυμίαςο

297 4141 489 4196 ἔπειτα
547 4138 603 4195 δὲ
654 4147 754 4209 τῆν
813 4142 1063 4220 γλῶσσάν
1118 4165 1174 4200 τε
1231 4147 1318 4203 καὶ
1376 4149 1498 4212 τοὺς
1549 4138 1848 4228 ὀφθαλμούς
1905 4154 1967 4209 τὸ

298 4230 568 4309 πρότερον
623 4230 970 4295 ἀναπλάττει,
1026 4232 1281 4311 Ὗγιᾶσας
1353 4234 1408 4292 δὲ
1465 4239 1558 4294 καί
1617 4241 1741 4301 τοὺς
1771 4240 1960 4316 πόδας,

298 4323 390 4376 καὶ
493 4317 685 4383 ἁπλῶς
781 4324 938 4379 οἷονεί
1034 4327 1326 4392 τεθνηκότα
1420 4326 1546 4384 ὅλον
1613 4329 1958 4405 ἀναζωῶσας,

309 4433 340 4466 ς
385 4412 701 4489 Πρόσσχες,
737 4434 765 4466 ι
802 4411 901 4492 ἔφη
932 4415 1066 4492 πρὸς
1092 4414 1273 4496 αὐτὸν,
1319 4438 1348 4470 α
1380 4417 1427 4472 ὦ
1469 4424 1644 4484 Μηνᾶ.
1682 4418 1827 4497 Ἐγὼ
1855 4422 1962 4495 εἰμι

301 4522 330 4554 ι
384 4501 604 4568 Ἰησοῦς
656 4503 685 4556 ὁ
743 4504 998 4582 Χριστὸς,
1058 4499 1128 4558 δι’
1187 4506 1244 4560 ὃν
1303 4507 1461 4568 αὒτὸς
1519 4506 1808 4583 πέπονθας,
1869 4509 1964 4566 οὒκ

2131 3610 2263 3676 XV.
2297 3606 2520 3672 Milites
2548 3624 2686 3668 vero
2718 3613 2986 3667 sanctum
3013 3605 3206 3666 adhuc
3241 3604 3541 3666 modicum
3575 3607 3706 3685 spi-

2052 3713 2282 3763 rantem
2304 3699 2626 3771 abducunt,
2656 3705 2715 3757 et
2736 3695 3060 3774 conjiciunt
3079 3693 3140 3754 in
3163 3711 3493 3757 carcerem.
3520 3694 3708 3758 Noctu

2051 3800 2251 3852 autem
2284 3790 2431 3850 hora
2467 3786 2708 3847 circiter
2741 3785 2939 3854 tertia,
2971 3803 3101 3845 cum
3146 3785 3310 3863 quasi
3344 3785 3538 3862 fulgur
3566 3785 3704 3845 illu-

2052 3887 2299 3942 strasset
2328 3894 2658 3951 carcerem,
2707 3874 2939 3937 accedit
2986 3873 3252 3935 Christus
3283 3873 3357 3934 ad
3391 3874 3611 3948 locum,
3647 3875 3710 3936 in

2055 3989 2172 4051 quo
2201 3967 2501 4048 projectus
2548 3965 2742 4026 fuerat
2789 3972 3054 4035 sanctus,
3088 3971 3144 4024 et
3175 3965 3433 4044 primum
3465 3963 3709 4045 quidem

2055 4077 2190 4123 eum
2225 4057 2485 4136 complet
2514 4055 2732 4116 ﬁducia
2782 4063 2840 4114 et
2887 4052 3073 4114 animi
3106 4052 3434 4126 alacritate,
3491 4053 3718 4116 deinde

2051 4150 2319 4228 linguam
2349 4162 2586 4227 quoque
2645 4155 2707 4204 et
2763 4141 2968 4204 oculos
3025 4141 3335 4221 reformat,
3405 4151 3471 4204 ut
3527 4143 3697 4221 prius

2049 4239 2281 4302 Deinde
2311 4253 2446 4298 cum
2484 4235 2666 4312 pedes
2708 4251 2946 4314 quoque
2989 4241 3280 4304 sanasset,
3334 4240 3392 4292 et
3419 4240 3483 4293 ut
3512 4232 3700 4294 semel

2047 4329 2264 4403 dicam,
2318 4342 2456 4388 eum
2498 4323 2676 4385 veluti
2723 4331 3022 4382 mortuum
3056 4328 3246 4383 totum
3280 4319 3476 4382 denuo
3508 4319 3701 4381 viviﬁ-

2047 4427 2278 4480 casset:
2334 4414 2615 4482 Attende.
2653 4411 2869 4493 inquit,
2926 4410 3034 4471 tibi
3083 4410 3309 4490 ipsi,'o
3355 4409 3546 4473 Mena.
3583 4409 3702 4491 Ego

2047 4509 2232 4583 enim,
2267 4505 2482 4586 inquit,
2516 4521 2646 4566 sum
2681 4503 2850 4565 .lesus
2881 4499 3171 4574 Christus,
3226 4509 3470 4580 propter
3520 4519 3704 4581 quem

311 4613 337 4647 ι
384 4588 898 4666 ἂπολιμπανόμενός
955 4613 1050 4651 σου
1101 4594 1192 4650 καὶ
1248 4595 1527 4673 πρότερον,
1591 4595 1704 4654 οὐδὲ
1758 4599 1962 4678 μακράν

2052 4616 2115 4659 es
2144 4614 2374 4677 passus,
2406 4593 2507 4674 qui
2539 4608 2735 4673 neque
2768 4592 2934 4672 prius
2990 4607 3025 4652 a
3085 4598 3140 4650 te
3193 4589 3459 4664 aberam,
3513 4608 3710 4667 neque

313 4705 342 4736 ι
387 4702 496 4737 που
525 4681 634 4736 τῶν
681 4678 904 4757 ἀγώνων
961 4682 1243 4763 ὑπάρχων,
1305 4683 1426 4741 ἀλλ’
1485 4686 1763 4763 ἀναμένων
1819 4711 1962 4766 γνω-

312 4791 342 4831 (
389 4767 586 4836 σθῆναι
606 4790 700 4826 σου
727 4772 790 4826 τὸ
840 4773 959 4849 περὶ
1007 4771 1103 4847 ἐμὲ
1160 4772 1378 4854 φιλτρον
1435 4775 1533 4831 καῖ
1587 4788 1710 4841 ταῖς
1765 4777 1969 4858 ἀρχαῖς

321 4885 350 4914 ι
395 4861 484 4917 καὶ
525 4872 652 4923 ταῖς
685 4858 962 4924 ἐξουσίαις.
997 4858 1145 4919 Ἐπεὶ
1187 4865 1274 4920 οὖν
1325 4864 1612 4943 ἔγνωσται,
1671 4868 1732 4923 τὸ
1788 4867 1974 4924 λοιπὸν

332 4972 357 5003 ε
401 4949 590 5024 ἱσομαι
661 4950 802 5023 μετὰ
871 4958 966 5008 σοῦ
1045 4953 1274 5032 φανεράς
1343 4976 1428 5010 σοι
1499 4956 1591 5021 τὰς
1662 4956 1977 5033 ἀντιλήψεις

336 5062 364 5094 ι
408 5041 744 5116 ποιούμενος.
806 5039 1136 5119 Ἑρμογένην
1195 5039 1250 5098 δὲ
1307 5045 1400 5100 τὸν
1459 5043 1722 5126 ἔπαρχον,
1787 5048 1846 5110 ὃς
1902 5053 1980 5121 τῷ

334 5153 356 5186 s
401 5131 513 5205 ἐιιῷ
541 5129 872 5211 χαλεπαίνει
901 5130 1148 5205 δνόματι,
1194 5131 1368 5210 οὔριον
1421 5134 1524 5209 μὲν
1579 5135 1762 5202 ἱκέτην
1819 5135 1980 5209 ἕξεις,

326 5245 348 5278 ι
395 5221 512 5299 μετ’
549 5221 735 5301 ὀλίγον
769 5217 826 5275 δὲ
857 5220 944 5276 κάί
1001 5221 1360 5302 συναθλητήν,
1391 5225 1465 5289 ὡς
1497 5224 1590 5280 καί
1655 5227 1735 5282 σοὶ
1791 5224 1977 5300 δῆλον,

325 5333 348 5366 ε
389 5315 472 5371 καὶ
532 5312 671 5393 ὑπὲρ
727 5311 870 5386 ἐμοῦ
925 5313 1394 5390 συμμαρτυροῠντά
1464 5336 1575 5389 σοι,
1636 5316 1726 5372 καὶ
1780 5316 1978 5389 προθύ-

311 5425 334 5461 σ
373 5429 488 5484 μως
538 5401 963 5482 συμπάσχοντα
1018 5401 1106 5457 καὶ
1163 5407 1678 5482 συστεφανούμενον.
1745 5403 1983 5470 ’Δνάξιον

295 5524 324 5558 σ
364 5501 462 5583 γάρ
491 5505 600 5568 τῆς
653 5496 783 5570 ὲμῆ
839 5488 1238 5583 φιλανθρωπίας
1295 5491 1509 5570 ἀγνοίας
1565 5491 1723 5552 ἕνεκα
1776 5496 1876 5563 τὴν
1928 5495 1983 5552 ἂν

286 5620 316 5657 α
352 5579 556 5678 ivi-Sari
620 5579 1010 5678 χρηστότητα
1068 5582 1157 5678 καὶ
1181 5582 1558 5678 ’ἀγαθοεργίαν
1614 5584 1774 5641 αὐτοῦ
1804 5604 1984 5678 παρα-

279 5719 304 5754 .
345 5669 616 5776 ὲραμετν.
662 5701 698 5737 ι
808 5673 1000 5729 Ταῦτα
1083 5671 1268 5750 εἰπὼν,
1363 5674 1457 5728 καί
1549 5677 1765 5753 Πνευμσ
1834 5669 1986 5753 ἅγιον

2053 4688 2229 4766 longe
2259 4702 2424 4746 eram
2456 4702 2491 4744 a
2520 4682 2642 4744 tuis
2660 4679 3115 4759 certaminibus,
3145 4678 3251 4740 sed
3269 4680 3710 4760 exspectabam,

2055 4785 2123 4838 ut
2154 4785 2288 4837 tuus
2311 4774 2372 4835 in
2400 4792 2492 4835 me
2513 4789 2682 4834 amor
2712 4779 3180 4850 cognosceretur
3205 4788 3240 4831 a
3268 4770 3716 4848 magistratibus

2059 4874 2118 4928 et
2150 4863 2562 4946 potestatibus.
2610 4862 2903 4935 Quoniam
2935 4867 3134 4921 autem
3179 4865 3270 4921 est
3309 4863 3602 4938 cognitus,
3639 4861 3718 4923 de

2061 4965 2276 5018 cetero
2305 4972 2408 5015 ero
2442 4967 2665 5023 tecum,
2691 4958 2900 5031 aperte
2931 4961 2987 5010 te
3017 4947 3369 5011 defendens.
3393 4949 3720 5030 Hermoge-

2063 5063 2199 5108 nem
2229 5052 2427 5106 autem
2465 5041 2830 5124 praefectum,
2866 5039 2965 5118 qui
2998 5056 3131 5100 meo
3184 5047 3274 5099 est
3319 5038 3575 5101 infestus
3605 5059 3720 5102 no-

2063 5135 2233 5208 mini,
2285 5151 2417 5194 cras
2447 5131 2689 5212 quidem
2723 5127 2976 5190 habebis
3001 5127 3359 5207 supplicem,
3388 5129 3566 5209 paulo
3590 5138 3723 5212 post

2065 5225 2242 5288 etiam
2277 5223 2505 5286 socium
2539 5219 2911 5299 certaminis,
2945 5225 3009 5279 ut
3039 5219 3147 5279 tibi
3171 5218 3289 5280 erit
3312 5220 3718 5302 manifestum,

2064 5323 2122 5375 et
2175 5312 2277 5394 qui
2338 5329 2443 5393 pro
2510 5328 2606 5372 me
2657 5325 2777 5370 una
2822 5316 3020 5369 tecum
3079 5305 3234 5369 feret
3289 5308 3719 5391 testimonium,

2067 5409 2466 5484 promptaque
2496 5408 2557 5462 et
2591 5398 2777 5460 alacri
2834 5397 3038 5459 animo
3096 5405 3294 5459 tecum
3355 5399 3632 5480 patietur,
3665 5407 3727 5464 et

2067 5493 2245 5554 simul
2275 5491 2679 5552 coronabitur.
2714 5487 2818 5550 Est
2848 5488 3010 5549 enim
3053 5504 3184 5548 mea
3232 5487 3542 5567 indignum
3593 5489 3722 5553 cle-

2069 5581 2318 5661 mentia,
2351 5589 2598 5661 propter
2626 5579 3088 5658 ignorationem,
3121 5577 3251 5657 ejus
3279 5577 3342 5638 in
3384 5579 3724 5656 cognitione

2069 5670 2424 5747 bonitatem,
2460 5681 2526 5731 et
2555 5667 2851 5731 bonorum
2882 5683 3132 5748 cperum
3162 5663 3537 5732 eﬁ'ectionem
3577 5681 3722 5748 pra:-
