4132 6408
437 331 550 397 387

437 554 749 634 Spiritum,
787 574 922 615 eum
955 555 1148 633 replet
1180 555 1341 614 omni
1378 553 1599 617 laetitia.

514 644 663 709 XVI.
742 647 1060 708 Priefectus
1117 656 1312 706 autem
1372 647 1652 726 quoniam
1717 655 1776 708 et
1809 649 1933 726 ipse
1965 658 2092 709 erat

435 736 636 798 solerti
663 737 927 815 ingenio,
959 745 1014 798 et
1047 736 1131 796 vir
1184 738 1397 815 bonus,
1433 745 1490 797 et
1545 737 1783 797 beatum
1845 737 2087 815 quidem

437 828 667 887 Menam
701 826 925 887 sciebat
958 843 1089 886 esse
1115 839 1168 886 et
1207 824 1474 899 doctum,
1520 834 1578 886 et
1607 843 1827 904 genere
1860 827 2086 889 clarum

437 924 494 976 et
525 933 592 976 ex
625 916 832 977 eadem
869 925 1156 995 praeterea
1209 925 1399 976 ortum
1437 915 1644 993 patria,
1684 917 1878 977 media
1913 925 2087 977 nocte

434 1023 566 1066 cum
601 1023 875 1064 somnum
911 1005 1292 1084 excussisset,
1318 1005 1469 1066 etab
1503 1005 1612 1083 ira,
1649 1024 1781 1085 qua;
1809 1006 2087 1068 tenebras

437 1093 710 1166 offundit,
769 1090 842 1153 ad
903 1112 967 1154 se
1023 1093 1322 1164 rediisset,
1374 1101 1433 1154 et
1479 1093 1677 1155 animo
1726 1105 2084 1173 reputasset,

434 1182 629 1262 qualia
659 1180 900 1261 quidem
933 1190 1137 1243 sancto
1181 1183 1368 1242 Menm
1417 1182 1714 1244 intulisset
1771 1185 2081 1263 supplicia,

432 1279 710 1351 quantam
785 1289 920 1332 vero
994 1272 1120 1352 ipse
1193 1283 1401 1332 contra
1471 1273 1766 1333 attulisset
1845 1273 2084 1335 fortitu-

435 1359 636 1422 dinem
671 1369 728 1421 et
755 1361 941 1421 animi
994 1361 1412 1430 constantiam,
1473 1361 1619 1421 nihil
1682 1361 1842 1438 quod
1895 1362 2083 1441 pusil-

1749 332 2030 394 MENSIS
2070 332 2501 396 DECEMBER.

435 463 639 526 terire.
674 461 818 526 Ilaec
855 483 985 525 cum
1031 463 1298 536 dixisset,
1332 468 1392 526 et
1425 472 1691 526 sanctum
1740 465 1794 526 ei
1826 465 2143 527 alllassetA
2166 469 2463 544 ἐμπνεύσας

3711 331 3832 398 388

2830 469 3009 536 πάσης
3124 468 3455 544 ἐμπίπλησιν
3566 469 3829 551 εὐφροσύ-

2564 471 2728 549 αζτῴ,

2171 583 2294 628 νης.

2254 649 2376 723 ις’,
2438 652 2498 708 '0
2556 651 2609 706 δὲ
2663 650 2927 729 ἔπαρχος,
2973 652 3089 706 επεὶ
3142 651 3300 713 αὒτός
3350 670 3406 705 τε
3459 650 3524 717 ἦν
3569 650 3831 730 ἀγχίνους

2172 737 2405 812 μάλιστα
2450 742 2538 796 καὶ
2584 741 2850 820 χρηστός,
2901 739 2998 795 καὶ
3059 741 3146 796 τὸν
3205 740 3464 813 μακάριον
3523 737 3638 816 ᾔδει
3702 747 3832 806 Mn-

2171 834 2263 883 νᾶν
2314 830 2476 908 σοφόν
2526 851 2582 885 τε
2636 829 2780 885 εἶναι
2835 830 2927 884 καί
2989 829 3086 896 τῆν
3141 829 3316 908 τύχην
3373 833 3662 909 περιφανῆ,
3696 832 3831 906 πρὸς

2170 917 2247 973 ἔτι
2305 917 2360 974 δὲ
2417 921 2505 976 καὶ
2533 917 2780 994 πατρίδος
2840 917 3150 997 ὁρμώμενον
3215 924 3313 985 τῆς
3379 918 3571 993 αὒτῆς,
3647 918 3829 993 μέσων

2171 1015 2371 1064 νυκτῶν
2429 1011 2548 1073 τοὺς
2605 1009 2796 1072 ὕπνους
2854 1009 3320 1087 ἀποτριψάμενος,
3394 1009 3481 1064 καὶ
3540 1015 3631 1064 τοῦ
3699 1007 3825 1065 ἐπι-

2170 1109 2484 1162 σκοτοῦντος
2541 1097 2815 1173 ἀνανήψας
2872 1102 3058 1172 θυμω,
3119 1099 3206 1154 καὶ
3270 1096 3649 1176 λογισσίμενος,
3702 1097 3828 1160 ο’ίας

2171 1186 2269 1260 μὲν
2302 1186 2458 1250 αὐτὸς
2491 1190 2570 1244 τὼ
2601 1187 2735 1263 ἁγίῳ
2765 1189 3021 1265 τιμωρίας
3069 1188 3389 1264 ὲπήνεγκεν,
3439 1189 3557 1243 οἷον
3609 1185 3664 1241 δὲ
3695 1187 3831 1262 πρὸς

2170 1276 2360 1340 ταύτας
2422 1277 2629 1342 ἐκεῖνος
2687 1276 2970 1350 ἀνάστημα
3023 1281 3207 1356 ψυχῆς
3246 1277 3342 1332 καί
3395 1276 3668 1354 καρτερίαν
3713 1277 3832 1332 εἷσ-

2170 1366 2418 1442 ήνεγκεν,
2476 1365 2621 1426 οὖδέν
2678 1367 3038 1446 μικρόψυχον,
3106 1365 3250 1425 οὖδὲν
3314 1366 3498 1443 ἆγενὲς
3559 1363 3593 1432 ἥ
3641 1367 3831 1422 παθὼν

435 1451 554 1510 lum
589 1459 648 1510 et
675 1450 972 1529 abjectum
1011 1450 1354 1513 ostenderet
1397 1451 1687 1524 animum,
1717 1461 1818 1513 aut
1851 1471 2076 1530 passus,

2169 1453 2204 1520 ἦ
2261 1454 2641 1536 φθεγξάμενος,
2704 1458 2793 1512 καὶ
2843 1455 3092 1513 ἀπώλετο
3153 1457 3305 1535 ἀνὴρ,
3372 1459 3432 1512 οὗ
3484 1455 3673 1520 πάντες
3722 1454 3832 1522 ἧτ-

432 1547 531 1601 aut
559 1540 830 1600 locutus:
867 1548 923 1600 et
952 1539 1111 1616 quod
1147 1539 1197 1600 is
1231 1541 1528 1620 periisset,
1565 1543 1732 1621 cujus
1773 1542 2076 1620 sapientiae

2166 1565 2314 1606 τονες
2376 1550 2474 1612 τῆς
2535 1547 2721 1625 σοφίας
2777 1549 2862 1601 καὶ
2917 1546 3011 1613 τῆς
3071 1545 3243 1613 ἄλλης
3309 1543 3543 1612 σπουδῆς
3617 1545 3835 1623 (νεκρὸν

431 1637 490 1690 et
519 1629 716 1689 studio
748 1640 888 1690 sunt
914 1648 1123 1691 omnes
1173 1630 1488 1690 inferiores
1551 1630 1714 1710 (eum
1769 1633 1930 1692 enim
1958 1632 2076 1709 jam

2166 1635 2266 1710 γὰρ
2296 1631 2398 1701 ἤδη
2457 1636 2614 1690 αὐτὸν
2674 1634 3016 1701 ὑπελάμϐανε
3073 1638 3205 1712 πρὸς
3245 1636 3493 1696 τοιαύτας
3547 1635 3624 1709 μὴ
3675 1632 3836 1712 διαρ-

429 1717 804 1779 existimabat
835 1730 1156 1791 mortuum,
1200 1721 1385 1801 utqui
1421 1719 1493 1780 ad
1528 1729 1688 1780 tanta
1734 1739 1850 1782 non
1896 1720 2076 1781 suffe-

2171 1723 2394 1780 κέσαντα
2452 1724 2758 1804 τιμωρίας),
2826 1728 2911 1781 καὶ
2969 1726 3260 1803 καταγνοὺς
3332 1723 3541 1803 ἑαυτοῦ,
3610 1723 3694 1778 ὅτι
3747 1725 3834 1798 μὴ

430 1809 609 1870 cisset
631 1807 971 1888 supplicia),
1010 1819 1066 1869 et
1101 1808 1362 1888 seipsum
1398 1809 1712 1883 damnans,
1751 1810 1907 1890 quod
1963 1830 2076 1870 non

2169 1811 2469 1876 κολακείαις
2558 1813 2763 1888 μᾶλλον
2850 1821 3034 1880 Μηνᾶν
3118 1813 3448 1892 ὑπηγάἱγετο,

431 1897 738 1960 blanditiis
761 1918 894 1958 eum
923 1901 1116 1978 potius
1147 1897 1453 1960 induxerit
1483 1902 1662 1978 (bene
1694 1901 1855 1960 enim
1884 1910 2081 1959 actum

432 1997 610 2061 esset,
646 1986 695 2046 si
729 1989 816 2047 vel
851 1987 936 2047 sic
986 2006 1120 2049 eum
1172 1987 1482 2068 cepisset),
1535 1988 1736 2049 oculos
1797 1989 2086 2049 suffundit

429 2076 726 2157 lacrymis,
781 2085 840 2138 et
896 2076 1168 2157 deplorat
1218 2078 1538 2156 jacturam.
1610 2079 1883 2141 Decrevit
1940 2098 2083 2156 ergo

431 2167 611 2228 veluti
657 2165 763 2227 viri
797 2176 1014 2228 tantam
1047 2168 1339 2229 reveritus
1391 2168 1689 2242 virtutem,
1739 2188 1871 2229 cum
1913 2188 2084 2230 mane

431 2257 818 2331 surrexisset,
879 2255 1042 2318 illius
1087 2275 1307 2336 corpus
1357 2258 1597 2338 publice
1645 2259 1965 2332 honorare,
2019 2267 2086 2319 ut

431 2353 694 2407 mortuos
725 2346 1042 2426 honorant,
1075 2346 1175 2423 qui
1209 2360 1344 2407 sunt
1405 2347 1492 2408 eis
1549 2347 1803 2427 proximi
1835 2366 2082 2426 genere,

436 2445 493 2496 et
521 2435 609 2497 sic
641 2436 877 2516 martyri
913 2454 1018 2515 pro
1048 2435 1291 2516 injuria,
1325 2456 1501 2518 quam
1537 2436 1592 2498 ei
1633 2439 1878 2516 fecerat,
1910 2439 2084 2498 satis-

432 2525 656 2587 facere.
687 2522 829 2586 Orto
857 2533 1055 2586 autem
1081 2525 1204 2604 jam
1240 2525 1358 2592 die.
1397 2527 1681 2603 quoniam
1731 2536 1859 2588 erat
1912 2529 2082 2588 thea-

430 2623 586 2675 trum
620 2615 862 2694 plenum
896 2615 1318 2676 Alexandrinis
1345 2615 1556 2692 (fuerat
1577 2616 1733 2676 enim
1769 2635 2085 2696 congrega-

429 2713 554 2765 tum
588 2723 621 2764 a
656 2703 1054 2782 przeconibus,
1091 2723 1226 2765 cum
1270 2705 1356 2766 sic
1392 2705 1676 2784 jussisset
1726 2705 2081 2786 praefectus),

431 2792 759 2874 praisidens
778 2793 927 2873 ipse,
949 2794 1129 2873 jussit
1151 2794 1409 2856 maximo
1432 2795 1661 2856 honore
1684 2814 1716 2857 e
1743 2812 1985 2858 carcere
2011 2795 2084 2857 ad

423 2882 682 2946 tribunal
714 2883 936 2946 deferri
968 2902 1186 2964 corpus
1220 2885 1516 2966 martyris.

501 3062 682 3127 XVII.
744 3063 889 3126 Cum
951 3082 1090 3125 vero
1144 3065 1249 3144 qui
1319 3063 1487 3126 missi
1556 3074 1748 3138 erant,
1820 3063 2077 3143 ingressi

420 3154 672 3216 fuissent
702 3172 1030 3230 carcerem,
1056 3153 1336 3216 viderunt
1363 3155 1742 3231 miraculum,
1768 3154 1924 3234 quod
1953 3160 2080 3214 erat

422 3245 698 3325 superius
755 3243 987 3305 ratione
1043 3252 1104 3306 et
1175 3244 1576 3323 cogitatione:
1628 3244 1763 3305 luce
1834 3242 2076 3324 quidem

422 3335 692 3416 plenum,
724 3333 1048 3395 obscurum
1082 3331 1626 3413 alioquicarcerem
1665 3355 1677 3395 :
1705 3332 1855 3395 duos
1875 3342 2076 3396 autem

423 3425 600 3497 viros,
639 3440 892 3501 quorum
923 3422 1119 3482 forma
1151 3441 1267 3483 non
1304 3430 1495 3500 potest
1539 3422 1736 3483 verbis
1790 3423 2070 3503 exprimi,

419 3513 525 3590 qui
574 3511 942 3573 assistebant
999 3510 1238 3591 quidem
1316 3520 1592 3592 tanquam
1653 3512 1962 3586 satellites,
2015 3519 2078 3574 ut

422 3601 642 3664 milites
671 3620 810 3664 vero
845 3612 1014 3663 erant
1046 3606 1224 3680 parati
1261 3600 1330 3661 ad
1367 3600 1810 3663 (intendendum
1845 3624 1858 3660 :
1913 3621 2072 3662 mar-

420 3701 605 3773 tyrem
639 3703 835 3753 autem
873 3711 989 3752 non
1021 3692 1212 3752 solum
1263 3693 1479 3768 vivum,
1533 3699 1590 3752 et
1622 3701 2073 3754 conservantem

421 3782 666 3843 illzesam
701 3784 970 3860 corporis
1003 3780 1427 3859 integritatem,
1482 3781 1587 3844 sed
1630 3781 1861 3862 placide
1893 3781 2070 3842 etiam

421 3876 781 3943 intuentem,
844 3877 900 3929 et
952 3869 1212 3948 linguam
1275 3878 1639 3939 moventem,
1700 3878 1756 3931 et
1810 3869 2074 3946 jucunde

421 3959 773 4038 psallentem
808 3980 820 4020 :
861 3983 886 4012 (ί
917 3959 1058 4019 Nam
1087 3958 1195 4018 etsi
1224 3958 1603 4020 ambulavero
1630 3960 1687 4019 in
1714 3958 1911 4020 medio
1937 3979 2072 4019 um-

419 4047 544 4109 brm
567 4049 794 4120 mortis,
822 4067 940 4109 non
966 4048 1184 4110 timebo
1216 4049 1401 4109 mala:
1433 4048 1715 4128 quoniam
1750 4057 1808 4109 tu
1836 4067 2071 4110 mecum

421 4155 509 4212 es,
531 4137 778 4199 Domine
897 4161 918 4194 ι
951 4137 1223 4216 protinus
1247 4155 1384 4216 ergo
1411 4137 1633 4198 visione
1649 4137 2068 4218 obstupefacti,

417 4237 642 4288 Stetere
675 4229 836 4288 muti.
873 4227 1020 4289 Cum
1049 4227 1217 4288 brevi
1249 4237 1446 4288 autem
1474 4229 1920 4307 perspexissent
1950 4248 2067 4290 non

416 4336 550 4378 esse
596 4318 864 4378 fraudem
911 4326 970 4378 et
1016 4318 1312 4378 somnium
1366 4336 1435 4378 ea
1467 4335 1597 4396 qua:
1628 4317 1927 4397 videntur,
1962 4318 2069 4380 sed

415 4407 668 4485 vigiliam
701 4415 759 4468 et
787 4406 1119 4479 veritatem,
1154 4416 1211 4467 et
1239 4406 1497 4467 divinam
1547 4405 1863 4486 quamdam
1899 4415 2069 4484 pote-

3543 1813 3836 1890 ἀγαπητὸν

2167 1902 2266 1977 γὰρ
2313 1904 2400 1958 καὶ
2460 1903 2626 1965 οὕτως
2709 1901 2868 1980 ἄνδρα
2935 1907 3181 1960 τοσοῦτον
3241 1902 3406 1981 ἑλεῖν,
3472 1901 3708 1981 δακρύων
3767 1923 3836 1958 τε

2169 1991 2461 2068 πληροῦται
2523 1994 2644 2057 τοὺς
2675 1992 3003 2072 ὀφθαλμοὺς,
3065 1993 3158 2050 καί
3214 1998 3312 2059 τῆς
3371 1993 3570 2068 ζημίας
3601 1990 3833 2048 ἐπέστε-

2169 2102 2254 2136 νεν
2328 2081 2532 2140 ἑαυτόν.
2608 2081 2854 2161 Ἐκρινεν
2927 2085 3039 2156 οὖν,
3101 2082 3280 2159 ὥσπερ
3338 2080 3667 2145 δυσωπηθεὶς
3727 2082 3835 2148 τὴν

2169 2171 2432 2236 τοσαύτην
2461 2178 2554 2228 to")
2596 2169 2776 2248 ἀνδρὸς
2835 2172 3051 2250 ἀρετὴν,
3106 2171 3268 2227 ἕωθεν
3327 2171 3586 2242 ἀναστὰς,
3645 2168 3831 2244 δημο-

2168 2259 2254 2331 σίᾳ
2286 2259 2502 2336 τιμῆσαι
2538 2262 2630 2317 τὸν
2683 2260 2882 2318 ἐκείνου
2921 2264 3127 2340 νεκρὸν,
3189 2260 3288 2316 ὅσα
3347 2257 3413 2328 δὴ
3470 2261 3561 2317 καὶ
3618 2265 3831 2335 τιμῶσι

2169 2352 2289 2410 τοὺς
2350 2349 2624 2424 κειμένους
2687 2352 2902 2430 νεκροὺς
2961 2355 3006 2408 οἱ
3056 2352 3448 2430 προσήκοντες,
3509 2351 3596 2407 καὶ
3657 2349 3831 2416 οὕτως

2169 2437 2607 2515 ἀπολογήσασθαι
2669 2444 2747 2513 τῷ
2803 2442 3025 2520 μάρτυρι
3084 2440 3150 2496 ταῖ
3180 2440 3277 2508 τῆς
3308 2437 3526 2513 ὕϐρεως.
3591 2439 3833 2516 Ἡμέρας

2169 2525 2223 2581 δὲ
2285 2526 2388 2594 ἤδη
2447 2529 2763 2607 γενομένης,
2823 2530 2936 2587 ἐπεὶ
3009 2531 3228 2606 μεστὸν,
3301 2529 3366 2596 ἧν
3440 2527 3829 2606 Ἀλεξανδρέων

2168 2617 2229 2672 τὸ
2287 2617 2502 2694 θέατρον
2566 2617 2831 2697 (ἤθροιστο
2889 2623 2989 2698 γὰρ
3048 2621 3189 2697 παρά
3246 2627 3350 2675 τῶν
3395 2620 3639 2694 κηρύκων
3685 2618 3827 2675 οὕτω

2169 2707 2440 2784 προσαγέν
2507 2710 2648 2785 παρὰ
2720 2717 2810 2766 τοῦ
2882 2708 3178 2789 ἐπάρχου),
3252 2709 3574 2786 προκαθίσας
3644 2709 3818 2780 αὐτὸς,

2169 2794 2412 2853 ἐκέλευσε
2471 2804 2604 2873 τιμῇ
2674 2798 2854 2875 πολλῆ
2924 2801 3066 2877 παρά
3136 2800 3198 2854 τὸ
3268 2799 3419 2874 βῆμα
3487 2802 3817 2876 στρατιωτῶν

2165 2886 2321 2966 χερσὶ
2389 2887 2486 2956 τῆς
2563 2889 2774 2966 εἱρκτῆς
2849 2892 3308 2964 μετακομισθῆναι
3383 2890 3441 2944 τὸ
3509 2892 3664 2963 σῶμα
3728 2893 3825 2944 τοῦ

2163 2977 2452 3054 μάρτυρος.

2245 3054 2346 3127 ΙΖ’,
2407 3067 2501 3128 Ὠς
2560 3064 2614 3122 δὲ
2695 3066 2840 3129 ἐντὸς
2917 3071 3013 3133 τῆς
3071 3065 3308 3146 φυλακῆς
3378 3081 3425 3124 οι
3493 3065 3825 3144 πεμφθέντες

2161 3154 2426 3233 ἐγένοντο,
2481 3160 2653 3230 θαῦμα
2709 3155 2856 3213 εἶδον
2888 3169 3133 3233 κρεῖττον
3194 3156 3386 3236 λόγου,
3442 3157 3529 3212 καὶ
3559 3153 3816 3216 διανοίας·

2162 3244 2339 3322 φωτὸς
2401 3245 2500 3319 μὲν
2561 3244 2738 3325 κλήρη
2797 3248 2895 3314 τὴν
2953 3245 3297 3326 ἐζοφωμὲνην
3351 3244 3577 3322 εἱρκτὴν,
3623 3242 3812 3319 ἄνδρας

2161 3329 2215 3388 δὲ
2267 3331 2378 3412 δύο,
2435 3336 2533 3401 την
2595 3336 2807 3415 μορφὴν
2864 3333 3148 3413 ἁῤῥήτους,
3209 3336 3295 3391 καὶ
3355 3337 3427 3398 ὡς
3497 3331 3809 3411 δορυφόρους

2160 3423 2259 3496 μὲν
2313 3425 2763 3502 παρισταμένους,
2838 3427 2912 3488 ὡς
2975 3424 3194 3488 ὁπλίτας
3268 3422 3322 3479 δὲ
3393 3423 3609 3485 ἀμύνειν
3677 3421 3822 3478 ἐτοί·

2161 3533 2289 3587 μους
2325 3531 2337 3545 ⁶
2388 3514 2478 3569 τὸν
2510 3515 2746 3593 μάρτυρα
2806 3513 2860 3569 δὲ
2921 3518 2980 3572 οὖ
3025 3517 3187 3588 μονον
3224 3515 3396 3584 ζῶντα
3437 3514 3522 3569 καὶ
3555 3513 3652 3580 τὴν
3689 3509 3824 3569 ὁλο-

2159 3599 2381 3679 κληρίαν
2412 3610 2502 3658 τοῦ
2564 3602 2811 3678 σώματος
2865 3599 3075 3668 ἀϐλαϐῆ
3126 3601 3510 3680 περισώζοντα,
3569 3599 3706 3657 ἀλλά
3740 3602 3830 3657 καὶ

2158 3688 2358 3766 ἥμερόν
2418 3714 2465 3747 τι
2532 3692 2959 3771 προσϐλέποντα,
3019 3694 3108 3748 καὶ
3157 3692 3256 3759 τὴν
3302 3690 3544 3768 γλῶτταν
3576 3698 3822 3748 κινοῦντα

2159 3782 2246 3836 καὶ
2303 3778 2539 3860 φαιδρῶς
2599 3781 2812 3854 ᾅδοντα·
2861 3805 2887 3835 σ
2924 3780 3049 3838 Ἐὰν
3112 3783 3198 3837 καὶ
3255 3783 3493 3858 πορευθῶ
3549 3782 3604 3836 ἒν
3671 3780 3825 3854 μέσῳ

2159 3875 2309 3933 σκιᾶς
2363 3871 2608 3943 θανάτου,
2681 3876 2740 3930 οὔ
2796 3870 3168 3950 φοϐηθήσομαι
3233 3876 3395 3926 κακά·
3456 3869 3539 3926 ὅτι
3596 3870 3658 3926 σὺ
3698 3870 3822 3944 μετ’

2161 3958 2291 4033 ἐμοῦ
2349 3963 2425 4034 εἴ,
2495 3962 2667 4040 Κύριε,
2709 3984 2732 4018 v
2799 3959 3228 4037 καταπλαγέντες
3296 3959 3441 4023 εὐθὺς
3527 3960 3658 4036 πρὸς
3721 3958 3824 4024 τῆν

2161 4047 2310 4123 ὄψιν⁹
2372 4048 2606 4116 ἔστησαν
2662 4050 2819 4107 ἐνεοί.
2884 4047 2971 4106 Ἐν
3031 4048 3196 4125 ὀλίγῳ
3251 4049 3306 4104 δὲ
3369 4046 3668 4113 συνιδοντες
3741 4050 3821 4113 ὡς

2163 4141 2256 4196 οὐκ
2287 4137 2467 4204 ἀπάτη
2515 4143 2600 4195 καὶ
2659 4139 2860 4215 ὄνειρος
2919 4140 2984 4194 τὰ
3045 4138 3313 4216 ὁρώμενα,
3350 4136 3468 4218 ἀλγ¹
3499 4139 3823 4216 ἐγρήγορσις

2161 4229 2247 4285 καὶ
2321 4227 2542 4296 ἀλήθεια
2598 4228 2693 4284 καὶ
2748 4228 2860 4284 θεία
2930 4250 3010 4292 τις
3084 4226 3328 4306 δύναμις,
3395 4226 3822 4307 μεταϐαλόντες,

2155 4315 2384 4385 ἐϐόησαν
2423 4334 2434 4348 '
2501 4317 2675 4395 Μέγας
2732 4320 2759 4374 ὁ
2837 4318 2968 4380 Oeric
3025 4324 3131 4374 τῶν
3191 4324 3544 4384 Χριστιανῶν,
3621 4318 3824 4374 Αὐτίκα

2154 4413 2278 4485 γοῦν
2330 4407 2396 4461 τά
2446 4428 2502 4462 τε
2565 4407 2923 4486 στρατιωτικά
2981 4405 3103 4486 ξίφη
3161 4405 3340 4484 πόῤῥω
3395 4404 3820 4482 καταϐαλόντες,

413 4506 652 4571 statem,
729 4497 932 4557 mutati
1006 4498 1523 4558 exclamaverunt:
1604 4494 1844 4574 Magnus
1915 4495 2073 4558 Deus

2166 4497 2229 4558 εἰς
2264 4492 2409 4554 οὐδὲν
2455 4493 2508 4552 δὲ
2570 4499 2664 4552 καί
2721 4499 2812 4552 τὸν
2868 4494 3170 4552 δικαστικὸν
3231 4495 3440 4552 ἐκεῖνον
3498 4495 3662 4570 θυμὸν
3732 4497 3824 4552 θέ-

413 4586 886 4650 Christianorum
928 4586 1194 4666 protinus
1227 4606 1390 4664 ergo,
1426 4586 1625 4665 procul
1668 4585 1916 4664 abjectis
1949 4584 2070 4645 illis

413 4676 662 4738 ensibus
722 4675 1100 4752 militaribus,
1149 4675 1376 4755 jutlicis
1436 4686 1631 4738 autem
1694 4676 1840 4737 iram
1897 4674 2069 4736 nihili

412 4767 787 4831 facientes.et
803 4765 1087 4845 praesides
1105 4764 1347 4844 quidem
1369 4784 1438 4827 ac
1456 4765 1772 4846 prazfectos
1788 4765 2071 4826 damnan-

411 4864 525 4937 tes,
560 4855 915 4916 damnantes
966 4873 1106 4916 vero
1138 4854 1316 4917 etiam
1364 4854 1562 4935 ipsum
1616 4855 2067 4935 imperatorem,

410 4944 799 5009 crediderunt
828 4946 888 5005 in
920 4945 1244 5023 Christum,
1303 4951 1363 5005 et
1411 4953 1744 5006 statuerunt
1786 4944 2070 5023 deinceps

408 5054 652 5098 manere
675 5035 833 5115 apud
862 5043 1158 5096 sanctum.
1184 5033 1330 5096 Cum
1360 5041 1558 5094 autem
1587 5052 1654 5094 ex
1683 5053 1752 5095 co
1779 5033 2068 5112 contigis-

409 5134 500 5189 set
527 5126 758 5186 diutius
789 5124 1025 5186 tardare
1061 5123 1305 5204 milites,
1349 5122 1732 5185 desiderabat
1755 5131 1954 5185 autem
1987 5123 2070 5184 ci-

409 5217 557 5276 vitas
623 5212 862 5292 quidem
920 5214 1124 5276 videre
1183 5231 1400 5294 corpus
1450 5211 1755 5276 fortissimi
1803 5213 2068 5288 athletae,

413 5304 616 5366 videre
648 5320 794 5364 vero
825 5303 1030 5384 etiam,
1065 5303 1204 5384 quid
1237 5312 1396 5366 esset
1426 5313 1776 5364 eventurum
1805 5321 1818 5365 :
1879 5301 2070 5364 stabat

417 5392 1034 5473 theatrum,adversus
1063 5392 1254 5474 ipsum
1281 5392 1623 5474 praefectum
1656 5400 1716 5454 et
1749 5393 2071 5455 militesin-

419 5481 671 5562 dignaris
703 5490 760 5545 et
790 5483 1176 5548 tumultuans.
1228 5481 1552 5545 Praefectus
1602 5490 1802 5546 autem
1860 5483 2068 5545 volens

494 5683 526 5734 ὅ
555 5681 713 5746 Psal.
751 5698 895 5760 xxn,
923 5682 988 5749 4.

2154 4607 2329 4662 μενοι,
2392 4587 2479 4642 καὶ
2539 4586 2891 4662 καταγνόντες
2951 4585 3048 4660 μὲν
3111 4586 3211 4643 τῶν
3270 4585 3579 4664 ἀρχόντων,
3635 4606 3812 4641 κατα-

2155 4677 2367 4754 γνόντες
2427 4673 2482 4731 δὲ
2540 4679 2626 4734 καὶ
2682 4684 2774 4732 τοῦ
2830 4674 3092 4752 βασιλέως
3151 4677 3334 4750 αὐτοῦ,
3395 4675 3704 4731 ἐπίστευσάν
3755 4695 3819 4730 τε

2155 4766 2228 4829 είς
2263 4766 2511 4844 Χριστὸν,
2575 4766 2662 4822 καὶ
2720 4772 2797 4838 τῷ
2855 4765 2990 4842 ἁγίῳ
3052 4763 3376 4842 παραμένειν
3432 4764 3505 4826 εἷς
3566 4764 3628 4819 τὸ
3690 4761 3819 4829 ἑξῆς

2155 4853 2385 4922 ἔκριναν.
2474 4854 2622 4911 Ἐπεὶ
2691 4853 2747 4910 δὲ
2820 4855 2908 4910 καὶ
2977 4854 3258 4929 ὑστερίζειν
3317 4853 3554 4910 ἐντεῦθεν
3623 4849 3820 4919 συνέϐη

2153 4945 2274 5007 τοὺς
2308 4943 2727 5024 στρατιώτας,ἣ
2787 4941 2842 4999 δὲ
2900 4942 3054 5006 πόλις
3112 4941 3366 5022 ἒγλίχετο
3426 4941 3523 5018 μὲν
3567 4940 3699 4998 ἰδεῖν
3729 4939 3827 4998 καὶ

2153 5035 2245 5090 τὸν
2305 5040 2396 5090 τοῦ
2451 5033 2704 5112 ἀριστέως
2768 5034 2972 5112 νεκρὸν,
3033 5029 3166 5088 ἰδεῖν
3224 5029 3276 5087 δὲ
3328 5034 3416 5088 καὶ
3466 5033 3515 5087 τί
3560 5033 3622 5087 τὸ
3677 5030 3827 5088 ἀπο-

2153 5121 2475 5199 ϐησόμενον,
2538 5125 2770 5193 εἱστήκει
2823 5124 2884 5179 τὸ
2938 5119 3180 5199 θέατρον,
3241 5121 3360 5179 κατ’
3426 5125 3584 5180 αὐτοῦ
3638 5141 3694 5176 τε
3724 5128 3825 5178 τοῦ

2153 5211 2392 5292 ἐπάρχου
2462 5215 2550 5270 καί
2604 5214 2712 5272 τῶν
2781 5213 3120 5291 στρατιωτῶν
3167 5208 3475 5290 δυσχερείας
3549 5212 3638 5268 καὶ
3721 5213 3822 5267 θο-

2153 5298 2308 5380 ρύϐου
2367 5305 2589 5377 μεστὸν.
2652 5302 2711 5362 Ὀ
2770 5301 2956 5378 μέντοι
3013 5299 3279 5381 ἔπαρχος,
3353 5301 3669 5379 χαρίσασθαι
3741 5305 3824 5374 τῷ

2153 5390 2310 5466 δήμῳ
2365 5392 2714 5468 βουλόμενος,
2776 5391 2890 5448 ἐπεὶ
2961 5389 3100 5467 ἔγνω
3169 5392 3230 5447 τὸ
3303 5389 3549 5458 λυπῆσαν
3622 5390 3817 5452 αὖτοὺς

2154 5480 2298 5540 οὖδέν
2370 5480 2544 5562 ἕτερον
2639 5481 2668 5547 ἥ
2746 5483 2842 5549 τῆν
2917 5479 3216 5559 βραδυτῆτα
3289 5478 3392 5536 τῶν
3472 5483 3819 5559 στρατιωτῶν
