4132 6416
427 344 535 410 391
1734 341 2017 407 MENSIS
2072 341 2501 410 DECEMBER.
3703 355 3820 422 392

427 482 536 555 ris,
572 479 816 540 multum
864 497 1003 540 vero
1053 476 1312 558 stuporis
1356 476 1681 540 excusisset
1735 477 2070 558 praefectus,

2178 480 2468 549 zanMEswc
2526 483 2705 565 ὥσπερ
2761 487 2788 543 ὁ
2854 487 3092 568 ἔπαρχος
3154 489 3655 566 ἀποσκευασάμενος
3730 495 3821 550 καὶ

430 580 489 632 et
517 569 588 631 ad
621 587 686 631 se
716 569 1018 643 rediisset,
1045 569 1187 629 dixit
1218 577 1459 630 sancto:
1490 568 1594 630 Dic
1621 569 1790 645 mihi,
1825 587 1858 629 ο
1884 568 2086 640 homo,

2178 575 2265 623 τοῦ
2319 571 2514 636 πάθους
2572 575 2890 652 ἀνενεγκὼν,
2949 581 3079 655 πρὸς
3135 581 3225 634 τὸν
3282 579 3433 656 ἅγιον
3487 580 3624 660 ἔφη’
3683 583 3820 661 Λέγε

429 679 570 722 vere
620 678 725 740 per
756 658 961 752 Deum
991 657 1383 752 tuum-iquid
1438 659 1561 718 haec
1593 659 1706 718 sibi
1739 657 1940 752 volunt
1971 664 1998 718 ?
2028 665 2088 717 et

2178 679 2284 732 μοι,
2347 659 2606 738 ἄνθρωπε,
2670 665 2977 746 φιλαληθῶς
3035 670 3164 741 πρὸς
3225 690 3316 724 του
3374 676 3469 726 σοῦ
3526 657 3693 752 ⁷Θεοῦ,
3769 657 3824 730 τί

431 769 563 831 qua}
586 749 864 810 videntur
892 747 1326 808 admirabiliter
1357 756 1414 807 et
1443 757 1660 827 praeter
1691 747 2032 827 opinionem
2057 750 2084 806 ?

436 843 635 902 Potest
665 838 820 899 enim
862 837 986 898 ιιωο
1015 839 1169 898 Deus
1199 837 1362 898 solus
1393 837 1613 910 facere,
1648 845 1707 898 et
1751 856 1865 897 non
1901 837 2076 898 alius.

431 933 682 990 Sanctus
709 936 907 987 autem
949 944 1082 987 cum
1119 926 1278 986 brevi
1311 933 1370 986 et
1415 926 1694 1006 principii
1725 944 1939 1004 expers
1973 928 2077 988 Dei

433 1016 792 1099 principium
825 1034 950 1086 eos,
983 1015 1083 1095 qui
1123 1015 1394 1089 aderant,
1431 1015 1755 1089 docuisset,
1791 1026 1851 1078 et
1901 1034 2076 1096 quam

431 1116 590 1168 esset
631 1124 771 1167 crux
806 1105 1144 1167 necessaria
1189 1114 1247 1166 et
1279 1105 1534 1166 maxime
1585 1105 1886 1185 salutaris,
1921 1115 2081 1167 esset

429 1199 721 1270 elocutus,
783 1204 841 1256 et
894 1195 966 1256 ad
1017 1213 1336 1268 summam,
1383 1195 1727 1255 universum
1783 1205 2080 1275 suscepta;

429 1287 625 1350 carnis
652 1285 1000 1348 oeconomiae
1042 1283 1394 1364 explicasset
1426 1283 1772 1360 mysterium
1823 1287 2079 1363 subjun-

429 1378 514 1439 xit
540 1378 598 1437 in
633 1377 750 1437 [ine
785 1391 797 1433 :
837 1377 995 1436 Deus
1024 1392 1189 1454 ergo,
1223 1393 1255 1433 ο
1291 1375 1588 1454 praefecte,
1618 1392 1753 1435 cum
1785 1374 1858 1434 sit
1891 1374 2081 1436 bonus

429 1475 607 1548 atque
649 1465 964 1543 benignus,
1002 1472 1061 1524 et
1093 1472 1337 1542 propter
1392 1464 1643 1525 salutem
1679 1462 1985 1524 hominum
2018 1464 2081 1526 in

432 1567 652 1620 terram
671 1553 1072 1624 descenderit,
1110 1554 1332 1613 nullum
1365 1552 1486 1612 vult
1516 1571 1755 1614 omnino
1786 1553 1980 1634 perire
2011 1572 2084 1616 ex

433 1646 845 1720 omnibus,eta
870 1645 1039 1704 bonis
1064 1642 1303 1704 aeternis
1325 1642 1627 1718 excidere;
1653 1642 1758 1704 sed
1783 1645 2082 1725 quomodo

435 1745 624 1798 mater
677 1743 808 1814 post
840 1741 1068 1813 partum
1103 1733 1347 1793 omnino
1402 1731 1643 1812 quidem
1677 1751 1880 1794 curam
1931 1734 2085 1812 gerit

2164 746 2410 821 βούλεται
2471 761 2685 832 ταῦτα;
2744 758 2830 812 καὶ
2889 756 2939 812 τί
3001 759 3063 812 τὰ
3134 757 3442 834 παραδόξως
3520 746 3823 837 δρώμένας

2165 841 2280 910 Θεῷ
2337 839 2436 917 γὰρ
2493 843 2640 915 κλόνῳ
2669 841 2860 900 δυνατά
2918 847 3004 901 καὶ
3063 847 3158 902 οὒκ
3216 845 3363 919 ἄλλοι)
3408 863 3605 909 ποιεῖν,
3676 844 3732 909 ὀ
3766 851 3823 908 δὲ

2161 925 2311 1002 ἅγιος
2373 931 2427 984 ἐν
2484 931 2668 1010 ὀλίγῳ,
2733 937 2826 1002 τὴν
2883 958 2939 992 τε
3001 937 3237 1017 ἄναρχον
3298 940 3475 1017 ἀρχὴν
3533 949 3623 996 τοῦ
3685 949 3820 1000 Θεοῦ

2161 1018 2284 1080 τοὺς
2340 1023 2603 1091 παρόντας
2667 1023 2999 1097 ἀναδιδάξας,
3069 1030 3152 1083 καὶ
3227 1031 3287 1083 τὸ
3361 1030 3655 1106 ἀναγκαῖον
3724 1042 3821 1089 τοῦ

2164 1111 2396 1181 Σταυροῦ
2455 1111 2540 1164 καὶ
2599 1112 3099 1190 σωτηριωδέστατον
3162 1115 3404 1191 ἐξειπὼν,
3475 1121 3562 1174 καὶ
3637 1121 3822 1182 ἁπλῶς

2161 1196 2223 1249 τὸ
2275 1203 2379 1251 πᾶν
2423 1202 2604 1260 αὖτοῖς
2653 1208 2751 1268 τῆς
2832 1204 3141 1278 οἰκονομίας
3203 1210 3490 1284 μυστήριον
3550 1207 3825 1287 διασαφή-

2163 1305 2280 1355 σας,
2354 1289 2484 1364 πρὸς
2556 1292 2632 1364 τῷ
2699 1293 2838 1348 τέλει
2895 1293 3235 1372 inﬂue-{xyw
3309 1296 3370 1354 ’0
3428 1300 3558 1360 Θεὸς
3621 1301 3822 1376 τοίνυν,

2164 1373 2391 1454 ἕπαρχε,
2453 1379 2644 1456 ἀγαθός
2700 1403 2756 1437 τε
2815 1384 2888 1437 ὢν
2945 1386 3032 1439 καὶ
3089 1384 3480 1462 φιλάιθρωπος,
3554 1390 3642 1442 καὶ
3712 1373 3816 1454 τῆς

2165 1470 2269 1519 τῶν
2336 1465 2621 1544 ἀνθρώπων
2670 1471 2835 1551 ,ἕνεκα
2893 1476 3156 1546 σωτηρίας
3217 1475 3302 1530 ἐπὶ
3362 1482 3463 1552 γῆς
3520 1475 3820 1549 κατελθὼν,

2164 1555 2222 1608 οὗ
2291 1554 2538 1630 βούλεται
2611 1559 2791 1617 οιόδένα
2865 1563 2970 1617 τῶν
3035 1563 3283 1618 ἁπάντων
3335 1563 3618 1621 ἀπολέσθαι
3685 1567 3823 1622 ποτὲ

2164 1648 2250 1700 καί
2308 1651 2412 1701 τῶν
2484 1651 2707 1706 αἰωνίων
2781 1651 2989 1728 ἀγαθῶν
3073 1652 3314 1709 ἐκπεσεῖν
3355 1671 3368 1684 ⁸
3445 1653 3563 1710 ἀλλ’
3638 1655 3823 1727 ὥσπερ

2165 1735 2346 1813 μήτηρ
2404 1742 2536 1810 μετὰ
2594 1742 2686 1801 τὰς
2730 1738 2926 1803 ὠδῖνας
2983 1757 3287 1818 προνοεῖται
3336 1743 3432 1816 μὲν
3486 1746 3560 1805 εἷς
3610 1744 3821 1801 ἅπαντα

434 1825 566 1906 ﬁlii,
595 1823 849 1887 sustinet
898 1833 1124 1903 autem,
1159 1831 1471 1902 propterea
1501 1823 1658 1902 quod
1692 1823 1768 1883 sit
1799 1823 2082 1904 imperfe-

2178 1833 2261 1881 τοῦ
2304 1826 2514 1907 παιδὸς,
2573 1829 2824 1908 ἀνέχεται
2871 1829 2926 1885 δὲ
2977 1838 3070 1887 τοῦ
3101 1832 3316 1896 ἀτελοῦς
3348 1833 3508 1910 χάριν
3563 1836 3650 1889 καὶ
3712 1841 3827 1889 τῶν

432 1923 584 1988 ctus,
611 1915 740 1994 ejus
763 1912 942 1974 etiam
964 1911 1383 1985 contumelias,
1401 1930 1518 1972 non
1541 1911 1677 1973 ideo
1703 1913 1856 1974 male
1880 1913 2086 1974 volens

2178 1913 2222 1979 εξ
2283 1915 2442 1972 αὐτοῦ
2493 1914 2717 1995 ὕϐρεων,
2789 1921 2847 1974 οὖ
2911 1921 3050 1994 παρὰ
3099 1921 3251 1975 τοῦτο
3324 1920 3673 1999 ἐχθραίνουσα
3745 1929 3831 1995 τῷ

429 2005 640 2067 infanti
687 2003 984 2079 (vincitur
1011 2001 1172 2063 enim
1205 2020 1239 2062 a
1283 2001 1640 2075 visceribus,
1677 2011 1737 2062 et
1765 2003 1934 2065 valde
1980 2021 2088 2084 po-

2178 2005 2316 2062 παιδὶ
2371 2009 2502 2084 (τῶν
2557 2007 2884 2087 σπλάγχνων
2943 2011 3042 2084 γὰρ
3108 2009 3357 2088 ἣττηται,
3433 2012 3522 2066 καὶ
3586 2013 3829 2090 ἰσχυρῶς

432 2095 549 2156 tius
591 2094 754 2174 cupit
785 2092 996 2154 videre
1032 2109 1198 2166 eum,
1231 2109 1367 2154 cum
1404 2092 1739 2170 pervenerit
1768 2093 1840 2154 ad
1901 2094 2093 2173 perfe-

431 2187 716 2263 ctionem,
742 2181 928 2262 gloria
949 2181 1144 2262 aliqua
1167 2189 1226 2242 et
1254 2181 1577 2261 splendore
1613 2183 1932 2262 insignem)
1963 2200 1976 2245 :
2013 2183 2092 2245 ita

435 2275 611 2336 etiam
643 2271 802 2334 Deus
831 2270 1018 2333 nostri
1049 2269 1290 2351 quidem
1325 2287 1528 2332 curam
1561 2271 1716 2348 gerit
1768 2280 1899 2351 post
1931 2291 2094 2334 crea-

434 2363 684 2442 tionem,
717 2367 777 2423 et
807 2370 1086 2440 tanquam
1120 2368 1289 2439 pater
1331 2359 1587 2421 sustinet
1615 2378 1709 2435 ea,
1745 2379 1874 2442 qua:
1907 2362 1965 2422 in
1998 2362 2096 2444 ip-

433 2470 563 2514 sum
596 2449 992 2512 admittuntur
1011 2448 1232 2511 delicta
1261 2457 1504 2529 propter
1524 2450 1960 2528 ignorationem
1987 2472 2000 2512 :
2040 2467 2103 2522 et

435 2563 470 2606 a
495 2543 620 2603 suis
651 2540 849 2622 potius
891 2540 1078 2601 victus
1114 2538 1470 2613 visceribus,
1507 2537 1794 2602 benevole
1828 2559 1893 2602 se
1940 2545 2095 2620 gerit

435 2640 493 2693 et
525 2627 1032 2703 ciementer,nibil
1067 2627 1226 2690 aliud
1257 2627 1631 2702 desiderans,
1658 2647 1836 2709 quam
1870 2638 1934 2692 ut
1965 2631 2092 2710 ejus

435 2719 686 2802 gloriam
741 2735 1205 2799 consequamur,
1237 2736 1374 2778 cum
1405 2715 1468 2778 in
1517 2717 1709 2779 virum
1760 2719 2091 2799 perfectum

436 2809 807 2874 creverimus
853 2808 929 2870 ad
980 2824 1319 2870 mensuram
1363 2806 1555 2870 (etatis
1598 2808 1906 2890 spiritalis,
1941 2810 2092 2872 sicut

436 2919 546 2963 nos
589 2899 767 2961 docet
813 2896 1036 2962 Paulus
1066 2897 1118 2972 7,
1155 2896 1548 2977 plenitudinis
1598 2897 1784 2978 ipsius
1842 2899 2089 2968 Christi,

434 2990 756 3067 Postquam
775 3005 918 3065 ergo
950 2986 1096 3048 vidit
1120 3004 1225 3048 vos
1244 2987 1526 3049 Servator
1546 3004 1581 3048 a
1609 2985 1986 3050 daemonibus
2008 2988 2097 3050 in-

436 3088 692 3153 escatos,
725 3077 894 3141 tarde
932 3077 1138 3139 venire
1167 3075 1240 3138 ad
1273 3077 1406 3158 ejus
1451 3075 1885 3158 cognitionem,
1918 3086 1976 3141 et
2019 3078 2094 3141 ad

2175 2095 2379 2170 μᾶλλον
2473 2096 2671 2176 ἐφίεται
2762 2097 3098 2163 τελειότητος
3193 2101 3466 2174 ἁψάμενον
3559 2099 3828 2175 κατιδεῖν,

2176 2184 2300 2264 δόξῃ
2371 2185 2425 2242 τέ
2495 2209 2598 2242 τινι
2671 2190 2760 2243 καὶ
2828 2187 3166 2263 λαμπρότητι
3225 2187 3627 2264 διαπρέποντα)’
3690 2190 3836 2248 οὕτω

2176 2278 2264 2334 καὶ
2335 2279 2363 2332 ὁ
2421 2279 2553 2340 Θεὸς
2611 2290 2919 2355 προνοεῖται
2980 2278 3078 2351 μὲν
3134 2279 3270 2352 μετὰ
3323 2280 3420 2346 τὴν
3478 2277 3836 2358 δημιουργίαν

2179 2367 2266 2423 καὶ
2295 2368 2368 2430 ὡς
2400 2366 2600 2440 πατὴρ,
2633 2367 2882 2445 ἀνέχεται
2917 2365 2970 2422 δὲ
3003 2367 3093 2422 καί
3126 2371 3231 2423 τῶν
3291 2369 3363 2430 εἷς
3421 2369 3580 2426 αὐτόν
3627 2369 3834 2436 ἀθέτη-

2183 2456 2365 2532 μάτων
2436 2454 2518 2511 διὰ
2591 2457 2688 2522 τὴν
2761 2456 2998 2533 ἄγνοιαν,
3072 2459 3158 2513 καὶ
3229 2455 3564 2536 σπλάγχνοις
3627 2459 3836 2534 μᾶλλον

2178 2550 2385 2613 δίκείοις
2441 2546 2759 2621 νικώμενος,
2823 2551 3053 2620 εὐμενῶς
3105 2547 3222 2626 ἔχει
3275 2547 3368 2603 καί
3415 2547 3824 2626 φιλανθρώπως,

2177 2641 2384 2704 οὒδενὺς
2456 2637 2634 2713 ἐτέρου
2688 2635 2954 2710 ἐπιθυμῶν
2987 2635 3020 2702 ἧ
3051 2644 3140 2692 τοῦ
3191 2637 3334 2698 ἐντὸς
3387 2639 3530 2711 ἡμᾶς
3584 2639 3822 2715 γενέσθαι

2175 2738 2274 2802 τῆς
2327 2728 2486 2784 αὐτοῦ
2555 2725 2733 2805 δόξης,
2797 2727 2868 2788 εἰς
2942 2724 3099 2804 ἄνδρα
3157 2727 3358 2782 τέλειον
3415 2726 3680 2796 ἐλθόντας,
3742 2729 3818 2790 εἰς

2179 2823 2367 2898 μέτρον
2405 2816 2616 2885 ἡλικίας
2665 2816 3054 2889 πνευματικῆς,
3116 2818 3187 2877 ὡς
3245 2815 3453 2878 Παόλος
3503 2821 3638 2890 ἡμᾶς
3669 2813 3818 2870 διδά-

2179 2934 2317 2983 σκει,
2351 2910 2444 2966 τοῦ
2473 2905 2836 2982 πληρώματος
2889 2915 2981 2964 τοῦ
3041 2913 3286 2983 Χριστοῦ.
3350 2906 3502 2963 Ἐπεὶ
3565 2907 3650 2963 οὖν
3683 2905 3829 2962 εἶδεν

2178 3003 2313 3074 ὕμᾶς
2345 3004 2372 3055 ὁ
2407 2997 2596 3074 Σωτὴρ
2653 3008 2770 3060 τοῖς
2828 2993 3148 3070 δελεασμασι
3209 3002 3315 3052 τῶν
3372 2993 3641 3070 δαιμόνιον
3700 2998 3832 3074 πρὸς

2179 3093 2274 3161 τὴν
2365 3090 2519 3146 αὐτοῦ
2603 3085 2886 3162 ἐπίγνωσιν
2954 3086 3335 3163 ὑστερίζοντας,
3413 3087 3500 3142 καὶ
3582 3094 3837 3164 παραζη-

438 3169 884 3234 aimulationem
937 3167 1130 3260 ipsum
1166 3174 1555 3247 provocantes
1585 3168 1644 3229 in
1696 3186 1816 3231 non
1848 3167 1990 3246 diis,
2021 3169 2093 3231 ad

2180 3182 2397 3241 λοῦντας
2455 3177 2612 3234 αὐτὸν
2664 3174 2748 3231 ἐπ’
2808 3175 2866 3231 οὗ
2922 3179 3092 3247 θεοῖς,
3159 3178 3245 3231 καὶ
3313 3177 3720 3252 παροργίζοντας
3776 3175 3835 3230 ἐν

437 3262 586 3322 iram
619 3257 992 3321 concitantes
1021 3255 1083 3318 in
1115 3261 1324 3319 vestris
1349 3257 1706 3334 simulacris,
1745 3265 1804 3318 et
1834 3276 1951 3320 non
1983 3259 2099 3320 for-

441 3347 742 3410 midantes
797 3349 931 3427 ejns
957 3346 1122 3408 vires
1171 3353 1231 3406 et
1274 3347 1623 3427 potentiam,
1656 3346 1834 3408 vestri
1892 3365 2098 3410 curam

438 3455 656 3518 gerens
678 3444 958 3516 tanquam
1001 3433 1262 3497 ﬁliorum
1311 3435 1372 3496 in
1405 3453 1501 3497 me
1529 3434 1709 3498 hodie
1736 3437 2012 3514 convicit,
2037 3446 2097 3502 et

441 3543 707 3588 errorem
740 3533 1078 3587 vestrorum
1112 3524 1400 3599 cultuum,
1432 3533 1491 3586 et
1519 3523 1708 3586 zelum
1731 3525 1832 3606 qui
1859 3544 1980 3588 non
2010 3537 2098 3590 est

441 3635 510 3678 ex
547 3615 910 3693 cognitione,
939 3622 1003 3676 ut
1032 3612 1145 3695 ipsi
1168 3631 1406 3694 quoque
1433 3623 1766 3694 praesentes
1789 3617 1938 3679 mibi
1960 3636 2103 3680 con-

443 3706 716 3769 ﬁtemini.
752 3706 952 3769 Discat
985 3722 1130 3782 ergo
1161 3704 1570 3786 unusquisque
1597 3714 1881 3782 vestrum,
1913 3710 1970 3768 in
2006 3727 2102 3770 me

444 3796 660 3859 Christi
694 3804 986 3876 reputans
1020 3792 1368 3875 potentiam,
1405 3794 1562 3873 quod
1614 3795 1816 3867 homo,
1850 3797 1951 3876 qui
1973 3798 2099 3878 jam

442 3885 782 3967 spectabam
807 3884 879 3945 ad
907 3892 1301 3962 senectutem,
1323 3893 1383 3945 et
1405 3901 1676 3963 magnam
1695 3885 1936 3962 quidem
1959 3905 2098 3948 cor-

443 3975 607 4057 poris
629 3984 1098 4056 partem,omnes
1123 3986 1322 4034 autem
1356 3973 1509 4034 vires
1541 3978 1854 4037 tormentis
1876 3983 2097 4039 amise-

443 4084 596 4139 ram,
632 4073 689 4126 et
739 4064 990 4144 perinde
1043 4082 1110 4125 ac
1170 4077 1440 4124 mortuus
1489 4082 1652 4126 eram
1685 4067 1986 4143 conjectus
2033 4069 2097 4131 in

444 4173 776 4227 carcerem,
803 4155 1010 4216 adsum
1049 4172 1208 4215 nunc
1239 4172 1436 4214 coram
1473 4153 1639 4215 vobis
1669 4154 1925 4237 integer,
1958 4156 2100 4220 illm-

443 4265 573 4320 sus,
609 4244 756 4306 nihil
810 4244 1162 4318 diminutas,
1199 4252 1477 4324 tanquam
1524 4262 1731 4306 rursus
1791 4248 1850 4306 in
1900 4246 2093 4309 lucem

445 4337 643 4398 editus
677 4344 738 4395 et
787 4336 1002 4395 iterum
1037 4344 1213 4395 natus
1257 4334 1566 4409 valentior,
1603 4341 1662 4396 et
1714 4335 1766 4395 si
1795 4336 1930 4416 quis
1959 4335 2100 4399 velit

447 4424 717 4487 invenire
751 4443 910 4496 eum,
951 4423 1049 4504 qui
1083 4432 1174 4485 est
1219 4440 1356 4485 vere
1411 4425 1592 4504 Deus,
1624 4441 1760 4487 cum
1793 4426 2100 4502 agnoverit

445 4535 606 4589 eum,
641 4517 739 4594 qui
775 4513 920 4574 mihi
954 4513 1130 4574 hodie
1177 4513 1340 4574 dedit
1371 4513 1656 4591 linguam,
1692 4524 1754 4576 et
1799 4517 2003 4597 pedes,
2037 4524 2097 4576 et

451 4605 681 4678 oculos,
718 4622 852 4664 eum
899 4619 1136 4683 quoque
1165 4620 1297 4663 esse
1341 4602 1568 4676 credat,
1601 4603 1703 4684 qui
1737 4606 1812 4664 ab
1843 4604 2012 4666 initio
2043 4615 2102 4667 et

449 4695 585 4774 alia,
620 4693 806 4772 ipsam
851 4692 1070 4766 lucem,
1105 4701 1164 4753 et
1211 4691 1529 4772 rationem,
1565 4700 1622 4754 et
1666 4704 1889 4755 motum
1922 4695 2102 4758 rebus

423 4783 688 4855 donavit
712 4779 1212 4844 mobilibus.C.um
1236 4783 1321 4843 sis
1341 4800 1482 4861 ergo
1512 4783 1920 4863 intelligens,o
1944 4802 2100 4866 prai-

447 4875 626 4944 fecte,
662 4891 739 4934 ne
764 4872 1065 4933 sustineas
1113 4874 1390 4952 ignorare
1433 4890 1590 4941 eum,
1627 4875 1725 4954 qui
1782 4875 1865 4936 tui
1900 4894 2105 4938 curam

449 4965 624 5043 gerit,
659 4971 718 5024 et
769 4972 925 5025 luam
971 4969 1274 5042 exspectat
1332 4962 1808 5027 conversionem.
1860 4966 2108 5046 Oportet

449 5056 610 5116 enim
665 5063 719 5114 te
777 5070 1015 5133 quoque
1062 5051 1259 5130 ipsum
1311 5052 1385 5114 ad
1425 5051 1724 5114 Christum
1785 5056 2100 5132 accedere,

448 5149 606 5205 sicut
635 5142 815 5204 etiam
845 5143 919 5203 ab
949 5142 1077 5220 ipso
1105 5140 1254 5202 mihi
1284 5141 1392 5203 fuit
1423 5143 1843 5220 signiﬁcatum.
1878 5145 2105 5209 Latere

451 5242 674 5306 autem,
703 5231 858 5312 quod
892 5232 963 5293 ad
996 5230 1219 5292 bonum
1241 5240 1301 5294 et
1329 5241 1614 5294 aeternum
1640 5233 1724 5295 sis
1742 5235 1964 5314 Regem
1996 5255 2100 5298 ac-

449 5338 752 5395 cessurus,
780 5333 842 5382 et
892 5319 966 5382 ad
1003 5321 1264 5400 martyrii
1317 5324 1574 5386 stadium
1610 5330 1666 5384 te
1697 5342 1937 5389 mecum
1992 5344 2102 5388 ex-

453 5421 692 5473 uturus.

537 5499 668 5563 XX.
724 5499 1047 5577 Praefectus
1085 5507 1312 5579 autem,
1344 5510 1408 5565 ut
1457 5503 1559 5584 qui
1589 5503 1802 5567 bonam
1855 5503 2102 5568 haberet

535 5714 564 5764 7
592 5712 813 5798 Ephes.
844 5731 924 5796 tv,
961 5716 1017 5780 7.

2180 3284 2298 3335 τοῖς
2331 3266 2567 3330 εἰδώλοις
2597 3267 2769 3344 ὑμῶν,
2803 3266 2888 3320 καὶ
2920 3265 2997 3340 μὴ
3028 3274 3127 3330 τὴν
3171 3265 3328 3343 ἰσχὺν
3379 3269 3533 3322 αὐτοῦ
3591 3265 3674 3319 καὶ
3731 3261 3830 3319 δό-

2181 3383 2337 3436 ναμιν
2423 3357 2888 3428 ὑποπτήσσοντας,
2978 3352 3271 3427 κηδόμενος
3355 3353 3530 3434 ὓμῶν,
3607 3352 3835 3430 ἤλεγξε-ρ

2181 3451 2233 3508 ἐν
2305 3449 2420 3523 ἐμοὶ
2494 3448 2728 3520 σήμερον
2782 3445 2881 3511 τὴν
2926 3464 2982 3499 τε
3044 3442 3252 3510 πλάνην
3312 3451 3419 3500 τῶν
3483 3441 3838 3518 σεϐασμάτων

2184 3541 2332 3616 δμῶν
2361 3537 2570 3592 καὶτὸν
2600 3536 2660 3592 οὗ
2689 3532 2810 3590 κατ’
2865 3533 3147 3610 ἐπίγνωσιν
3200 3539 3386 3608 ζῆλον,
3449 3535 3523 3598 ὡς
3579 3533 3842 3612 παρόντες

2185 3624 2605 3704 συνομολογεῖτέ
2662 3646 2756 3698 μοι
2831 3625 2914 3679 καὶ
2987 3624 3156 3686 αὒτοί,
3225 3623 3592 3697 Καταμαθέτω
3662 3623 3842 3678 τοίνυν

2181 3720 2402 3780 ἕκαστος
2458 3719 2606 3790 ὑμῶν
2679 3717 2733 3768 'sv
2804 3713 2921 3787 ἐμοὶ
2992 3713 3090 3778 τὴν
3150 3710 3369 3787 δύναμιν
3427 3720 3518 3769 τοῦ
3578 3719 3834 3787 Χριστοῦ,

2183 3808 2531 3887 λογισάηενος
2587 3804 2673 3861 ὅτι
2729 3802 2998 3879 ἄνθρωπος
3057 3799 3160 3868 ἤδη
3216 3803 3346 3878 πρὸς
3421 3807 3591 3880 γῆρας
3664 3805 3829 3879 ὁρῶν,

2183 3900 2270 3956 καὶ
2299 3899 2360 3954 τὸ
2391 3895 2553 3952 πλέον
2584 3895 2682 3969 μὲν
2712 3899 2804 3948 τοῦ
2835 3891 3108 3967 σώματος,
3144 3893 3206 3946 τὸ
3236 3897 3341 3947 πᾶν
3369 3890 3422 3946 δε
3483 3897 3581 3958 τῆς
3641 3893 3836 3970 ἰσχύος

2183 3989 2290 4045 ἀπό
2340 3988 2582 4064 βασάνων
2614 3982 2922 4054 ἀναλωθεὶς,
2979 3981 3066 4037 καί
3114 3987 3283 4057 νεκρῷ
3342 3981 3534 4048 ἐπίσης
3593 3986 3660 4057 τῇ
3716 3983 3836 4059 εἱρ-

2183 4077 2284 4154 κτῇ
2346 4072 2727 4151 ἐναποῤῥιφεῖς,
2787 4071 3013 4148 πάρειμι
3073 4079 3159 4127 νῦν
3215 4067 3441 4125 ἐνώπιον
3500 4071 3670 4143 ὑμῶν,
3731 4065 3842 4145 ἄρ-

2181 4188 2312 4239 τιος,
2348 4165 2578 4237 ἀπαθὴς,
2610 4160 2858 4239 Δἀκέραιος
2916 4157 3097 4236 ὥσπερ
3157 4155 3356 4214 ὠδίνων
3416 4157 3594 4216 ἄλλων
3625 4157 3840 4236 τυχὼν,

2181 4261 2266 4313 καὶ
2299 4237 2465 4319 -αὖθις
2521 4237 2891 4328 ἀναγεννηθεὶς
2962 4249 3359 4326 κραταιότερος.
3439 4250 3537 4306 Καὶ
3625 4246 3676 4303 εἴ
3749 4268 3843 4311 τις

2179 4347 2271 4402 τὸν
2301 4345 2465 4406 ὄντως
2527 4352 2764 4420 εφευρεῖν
2823 4337 2990 4395 ἐθέλοι
3049 4340 3201 4411 Θεὸν,
3261 4337 3509 4416 ἐπιγνοός
3569 4339 3659 4394 τὸν
3716 4336 3850 4411 ἐμοὶ

2179 4438 2412 4513 σήμερον
2485 4430 2581 4488 καὶ
2655 4429 2898 4508 γλῶτταν
2969 4428 3056 4484 καὶ
3125 4424 3290 4490 πόδας
3361 4428 3450 4482 καὶ
3531 4425 3844 4506 ὀφθαλμοὺς

2184 4524 2583 4603 δωρησάμενον,
2645 4520 2800 4578 αὐτὸν
2858 4521 2996 4574 εἶναι
3053 4516 3392 4576 πιστευσάτω
3444 4517 3538 4572 τὸν
3574 4515 3628 4581 ἒξ
3657 4513 3846 4594 ἀρχῆς

2184 4615 2250 4671 τά
2278 4635 2334 4670 τε
2367 4611 2502 4668 ἄλλα
2534 4611 2621 4667 καὶ
2649 4612 2776 4667 αὐτὸ
2807 4610 2866 4663 τὸ
2915 4608 3047 4686 φῶς,
3082 4608 3171 4662 καὶ
3221 4607 3312 4662 τὸν
3363 4605 3525 4683 λόγον
3583 4603 3676 4661 καί
3735 4608 3851 4671 τὴν

2185 4705 2391 4774 κίνησιν
2419 4713 2537 4763 τοῖς
2596 4697 2844 4764 κινητοῖς
2897 4695 3287 4776 χαρισάμενον.
3353 4695 3447 4761 Μὴ
3503 4696 3592 4750 οὖν
3640 4693 3846 4772 ἂνέχου

2185 4795 2270 4850 ἐπὶ
2328 4791 2485 4864 πολὺ,
2549 4787 2888 4867 λαμπρότατε
2949 4785 3180 4863 ἔπαρχε,
3243 4785 3457 4846 συνετὸς
3509 4782 3583 4839 ὣν
3616 4782 3840 4860 ἀγνοεῖν

2185 4886 2277 4940 τὸν
2307 4879 2604 4956 κηδόμενόν
2635 4899 2748 4953 σου,
2781 4877 2868 4933 καὶ
2924 4875 3024 4941 τὴν
3095 4873 3416 4952 ἐπιστροφὴν
3482 4871 3838 4945 ἀναμένοντα.

2191 4983 2287 5029 Δεῖ
2345 4972 2444 5049 γὰρ
2501 4989 2559 5024 σε
2624 4968 2712 5022 καὶ
2794 4965 2948 5021 αὐτὸν
3020 4959 3381 5039 προσδραμεῖν
3448 4966 3527 5034 τῷ
3598 4967 3846 5039 Χριστῷ,

2186 5060 2319 5121 καθά
2351 5082 2441 5137 μοι
2470 5059 2558 5114 καὶ
2589 5053 2712 5135 παρ’
2747 5056 2904 5112 αὐτοῦ
2932 5052 3226 5130 ἔγνωσται,
3261 5052 3351 5108 καὶ
3403 5063 3596 5130 χαῖρε,
3656 5049 3854 5127 ἀγαθῷ

2188 5174 2244 5210 τε
2301 5149 2398 5208 καί
2454 5146 2653 5220 αἰωνίῳ
2707 5144 2924 5221 βασιλεῖ
2979 5139 3194 5219 μέλλων
3252 5141 3671 5220 προσέρχεσθαι,
3746 5141 3852 5196 καί

2188 5244 2261 5309 εἷς
2309 5242 2372 5298 τὸ
2421 5245 2513 5296 τοῦ
2570 5235 2852 5315 μαρτυρίου
2911 5238 3001 5292 συν
3057 5230 3177 5308 ἐμοὶ
3231 5229 3441 5290 στάδιον
3501 5226 3856 5295 ἀποδύεσθαι,

2978 3352 3271 3427 κηδόμενος

2268 5507 2356 5572 K',
2389 5504 2453 5563 Ὀ
2483 5503 2539 5562 δὲ
2595 5501 2855 5583 ἔπαρχος,
2916 5503 3006 5562 ἄτὲ
3060 5500 3245 5584 ψυχῆς
3279 5501 3479 5582 ἀγαθῆς
3507 5498 3608 5579 ὣν,
3670 5499 3856 5557 εὐπα-
