4132 6470
329 363 447 431 393

1316 369 1789 434 MARTYRIUM
1835 371 1896 433 S.
1946 371 2186 435 MEN/E
2231 371 2326 434 ET
2378 372 2783 438 SOCIORUM.

3613 373 3734 449 394

322 501 585 569 οαὸείκτου
643 524 703 560 τε
785 505 923 582 πρὸς
983 503 1258 586 ἀλήθειαν,
1323 505 1558 581 μάλιστα
1631 505 1684 562 δὲ
1757 508 1845 564 καὶ
1894 511 1990 575 τῆς

2078 506 2339 570 animam
2389 517 2450 571 et
2487 511 2691 589 gratiae
2739 527 3045 591 capacem,
3080 518 3337 577 maxime
3393 530 3538 579 vero
3594 535 3731 580 cum

324 593 566 672 χάριτος,
598 598 708 650 τῷν
772 592 1064 673 ὀφθαλμῶν
1097 596 1259 653 αὐτοῦ
1305 601 1406 663 τῆς
1467 602 1654 677 ψυχῆς
1714 597 1996 672 ἁψαμένης

322 681 510 761 ἤρξατο
568 682 807 741 συνιέναι
862 691 1019 741 τοῦτο
1078 686 1173 761 μὲν
1235 688 1292 741 ἓν
1340 687 1443 744 τῶν
1502 684 1699 766 λόγων,
1733 695 1886 745 τοῦτο
1943 686 1996 741 δὲ

329 775 417 831 καὶ
464 781 552 830 τοῦ
609 772 887 848 θαύματος
939 776 1031 830 τὸν
1089 775 1262 842 ἁληθῆ
1317 776 1468 832 Θιεόν⁹
1532 778 1620 832 καὶ
1671 778 1835 854 αὐγὰς
1896 782 1995 843 τῆς

326 861 582 925 εὐσεϐείας
642 863 822 942 ἡρέμα
854 869 970 921 πῶς
1030 862 1402 944 ὅποδέχεσθαι,
1466 864 1764 941 Συμϐαλὼν
1796 865 1851 921 δὲ
1909 869 1996 922 καὶ

318 955 383 1019 ἦν
438 952 692 1032 πρότερον
752 953 895 1011 κατὰ
945 951 1031 1009 τὸν
1088 952 1361 1012 ἀπόπλουν
1422 954 1672 1011 ἐθεάσατο
1727 954 1849 1029 ὄψιν
1910 956 1998 1011 καὶ

318 1048 463 1105 ὅπως
529 1045 557 1097 ὁ
628 1043 813 1122 φανεὶς
880 1043 1037 1121 Θεὸς,
1093 1042 1336 1119 βούλεται
1406 1054 1590 1102 τοῦτον
1664 1044 1997 1121 συναρίθμιον

326 1132 467 1189 εἶναι
523 1146 642 1197 τοῖς
695 1131 990 1211 ὑπηρέταις
1049 1132 1206 1189 αὐτοῦ
1261 1135 1348 1190 καὶ
1393 1146 1510 1198 τοῖς
1572 1133 1768 1213 φίλοις,
1805 1133 1996 1213 ἔχαιρε

334 1222 456 1293 μὲν,
486 1223 557 1284 ὼς
601 1222 691 1277 ἐπὶ
747 1220 973 1299 μεγάλῳ
1018 1222 1093 1296 τῷ
1145 1223 1442 1301 πράγματι,
1475 1221 1716 1300 διηπόρει
1762 1222 1816 1278 δὲ
1875 1226 1990 1285 πῶς

330 1307 395 1364 ἄν
444 1311 471 1365 ὁ
521 1312 604 1366 ὶπὶ
661 1320 913 1368 τοσοῦτον
977 1312 1173 1390 χρόνον
1228 1317 1296 1387 τῇ
1370 1310 1547 1389 πλάνῃ
1606 1316 1993 1389 προστετηκὼς

326 1398 518 1476 ἁθρόον
625 1397 874 1479 ἀξιωθείη
961 1400 1184 1474 τοιούτῳ
1286 1402 1763 1479 προσοικειωθῆναι
1848 1410 1986 1474 Οεῷ.

324 1476 416 1552 Ὠς
477 1487 569 1544 οὗν
630 1488 767 1544 οὕτω
823 1496 987 1547 ταῦτα
1063 1491 1150 1546 καὶ
1207 1490 1323 1545 καθ’
1380 1490 1567 1547 ἑαυτὸν
1626 1490 1894 1573 ἔστρεφεν,
1955 1495 1988 1561 ἡ

320 1577 432 1632 θεία
494 1578 654 1656 χάρις
683 1576 760 1633 ἔτι
818 1576 1024 1652 μᾶλλον
1054 1578 1209 1637 ανδ-τὸν
1270 1578 1636 1654 ἐκγαλουμένη
1697 1581 1831 1659 πρὸς
1897 1583 1994 1648 την

324 1664 639 1743 ἒπῖγνωσεν,
704 1665 1048 1745 λαμπρότερα
1092 1666 1329 1743 σύμϐολα
1393 1669 1646 1747 προτείνει
1696 1670 1787 1737 τῆς
1849 1669 1993 1737 ἀλη-

325 1756 486 1820 θείας,
552 1758 773 1834 Κειὶὸρᾷ
828 1756 1035 1819 ἐκεῖνος
1093 1758 1185 1813 σὺν
1244 1757 1444 1835 ὀλίγοις
1502 1760 1635 1814 τισὶν
1666 1757 1853 1837 ἄνδρας
1911 1758 1997 1815 δύο

2082 598 2260 658 etiam
2308 598 2494 677 gratia
2525 600 2658 680 ejus
2699 600 2918 662 animae
2963 600 3170 664 oculos
3198 603 3521 684 attigisset,
3554 607 3735 687 cmpit

2080 686 2441 769 intelligere,
2475 696 2532 750 et
2583 689 2798 772 partim
2852 688 3091 770 quidem
3142 709 3216 754 ex
3245 692 3460 773 verbis,
3517 686 3732 776 partim

2080 788 2282 866 autem
2315 780 2493 840 etiam
2527 797 2598 840 ex
2642 778 2957 856 miraculo,
2994 798 3198 845 verum
3230 780 3418 846 Deum
3448 790 3508 849 et
3535 784 3736 866 splen-

2081 865 2287 927 dorem
2340 867 2576 947 pietatis
2630 867 2915 949 paulatim
2973 870 3315 935 admittere.
3376 874 3735 955 Conjectans

2082 972 2219 1016 vero
2292 975 2422 1018 eam
2480 975 2717 1037 quoque
2791 976 2968 1038 quam
3042 961 3212 1040 prius
3266 961 3330 1023 in
3402 964 3733 1044 navigando

2082 1051 2405 1125 aSpexerat
2450 1044 2737 1108 visionem
2771 1054 2830 1106 et
2875 1048 3381 1128 quemadmodum
3412 1050 3595 1129 Deus,
3631 1052 3737 1134 qui

2081 1142 2457 1213 apparuerat,
2495 1133 2618 1196 vult
2654 1152 2790 1196 eum
2843 1138 3267 1201 connumerari
3291 1158 3429 1203 cum
3459 1140 3587 1204 suis
3613 1133 3735 1204 mi-

2077 1223 2279 1283 nistris
2326 1230 2385 1284 et
2414 1223 2652 1304 amicis,
2680 1222 2998 1288 laetabatur
3050 1227 3295 1307 quidem
3327 1239 3607 1310 tanquam
3658 1231 3736 1294 de

2073 1329 2141 1373 re
2176 1330 2388 1391 magna
2422 1334 2435 1375 :
2493 1312 2802 1375 dubitabat
2831 1322 3056 1393 autem,
3093 1319 3595 1396 quemadmodum
3628 1319 3736 1399 qui

2076 1408 2241 1463 tanto
2296 1410 2567 1481 tempore
2600 1402 2796 1464 errori
2848 1402 3203 1481 adhaeserat,
3236 1414 3489 1488 repente
3517 1406 3735 1488 dignus

2078 1490 2257 1551 fuerit
2283 1490 2544 1565 habitus,
2581 1492 2683 1572 qui
2715 1492 2815 1553 tali
2852 1494 2976 1555 Deo
3008 1492 3179 1556 ﬁeret
3218 1495 3551 1560 familiaris.
3584 1495 3734 1561 Cum

2082 1597 2223 1658 ergo
2254 1581 2381 1642 haec
2407 1581 2565 1661 apud
2599 1599 2664 1642 se
2696 1589 2980 1662 versaret,
3013 1581 3215 1645 divina
3242 1586 3429 1662 gratia
3456 1605 3594 1650 eum
3621 1586 3731 1649 ad-

2081 1668 2200 1730 huc
2248 1670 2437 1747 magis
2488 1687 2707 1732 vocans
2748 1670 2821 1732 ad
2874 1670 3266 1750 agnitionem,
3300 1675 3357 1736 ei
3407 1674 3738 1739 illustriora

2083 1756 2308 1836 praebet
2341 1760 2509 1839 signa
2539 1759 2840 1822 veritatis:
2876 1768 2936 1823 et
2967 1759 3124 1824 videt
3179 1760 3285 1825 ille
3314 1782 3450 1826 cum
3481 1764 3733 1846 quibus-

329 1846 690 1921 περισπαντας
740 1847 832 1902 τὸν
882 1846 1060 1924 ἅγιον,
1094 1846 1336 1926 ἀστραπῇ
1394 1848 1493 1914 τὴν
1550 1847 1761 1926 μορφήν
1817 1849 1990 1905 ἐοικό-

2084 1847 2217 1908 dam
2252 1850 2478 1927 paucis,
2515 1849 2665 1911 duos
2694 1850 2851 1912 viros
2879 1857 3151 1912 sanctum
3199 1852 3733 1937 circumsistentes,

321 1955 447 2006 τας,
514 1935 773 2011 πτερῦγάς
843 1956 901 1990 τε
974 1936 1399 2015 περικειμένους,
1461 1937 1550 1992 καὶ
1611 1935 1820 2003 πολλὴν
1880 1950 1997 2001 τοῖς

322 2024 493 2101 ὁρῶ-σι
556 2024 655 2089 τὴν
697 2023 1022 2092 κατάπληξιν
1070 2027 1449 2103 ὶμποιοῦντας,
1484 2032 1579 2083 καί
1634 2024 1996 2105 ὁπλοφοροῦν-

316 2133 415 2174 τας
477 2111 604 2187 μὲν,
640 2115 712 2176 ὡς
761 2115 888 2192 πρὸς
948 2113 1179 2189 ἄμυναν,
1225 2116 1469 2196 στεφάνῳ
1520 2114 1574 2170 δὲ
1607 2115 1706 2182 τὴν
1756 2117 1997 2194 κεφαλὴν

318 2206 476 2259 αὗτοῦ
535 2209 895 2268 ταινιοῦντας.
956 2203 1116 2260 Ἐπεὶ
1170 2204 1260 2260 οὖν
1318 2207 1405 2260 καὶ
1439 2205 1635 2281 ἑτέροις
1695 2207 1756 2261 τὸ
1818 2205 1996 2261 θεαθὲν

321 2290 678 2367 ἐκοινώσατο,
735 2294 823 2348 καὶ
884 2293 1073 2356 αὐτοὺς
1125 2292 1327 2372 εὕρισκε
1360 2294 1455 2361 τὴν
1516 2294 1642 2360 ἴσην
1688 2292 1811 2368 ὄψιν
1869 2299 1996 2349 θεα-

320 2380 581 2455 σαμένους
618 2426 631 2453 ,
710 2379 858 2439 οὐδὲν
936 2381 1081 2461 ἔχων
1154 2381 1471 2454 ἐπιδοιάζειν
1501 2430 1518 2464 ,
1592 2383 1720 2449 ἔστη
1814 2383 1997 2460 ἀθρόον

317 2468 675 2539 ἀναπηδήσας
739 2481 832 2529 τοῦ
889 2475 1097 2549 θρόνου,
1130 2474 1217 2527 καὶ
1266 2474 1397 2549 πρὸς
1455 2472 1514 2528 τὸ
1571 2470 1773 2538 πλῆθος
1832 2470 1994 2539 ἐϐόη-

315 2580 427 2632 σεν,
488 2559 716 2623 ’Ὄντως
791 2560 1044 2628 ἀληθινοῦ
1128 2561 1258 2617 Θεοῦ
1325 2561 1593 2640 ὑπηρέτης
1670 2564 1844 2631 οὗτος,
1923 2568 1992 2636 τῇ

316 2649 469 2727 χειρὶ
547 2646 719 2713 δείξας
784 2650 874 2705 τὸ)
948 2650 1119 2728 ἅγιον·
1194 2651 1280 2708 καὶ
1346 2649 1514 2728 μέγας
1586 2651 1661 2713 τίς
1721 2650 1860 2705 ἐστιν
1933 2651 1990 2715 ὃς

313 2740 458 2813 ἡμᾶς
520 2736 701 2794 σέϐειν
733 2737 1030 2795 ἐκδιδάσκει
1091 2738 1247 2802 Θεόν,
1281 2738 1424 2818 Ἐγὼ
1479 2740 1579 2818 γὰρ
1609 2745 1792 2794 τοῦτον
1853 2741 1989 2814 ὁμο-

312 2826 460 2906 λοτῷ
534 2830 671 2884 Θεὸν
745 2826 948 2904 ἀληθῆ,
1008 2829 1101 2884 τὸν
1157 2828 1294 2885 οὕτω
1351 2829 1450 2904 μὲν
1507 2825 1811 2906 παραδόξως
1870 2830 1992 2897 τοὺς

314 2917 465 2981 Eius;
542 2918 852 2995 ἀγωνιστὰς
928 2917 1355 2992 ἀναπλάττοντα,
1418 2917 1697 2996 οὐρανόθεν
1766 2916 1842 2992 δὲ,
1916 2920 1989 2978 ὡς

322 3008 497 3084 δρᾶτε,
552 3008 647 3069 τὰς
711 3008 860 3070 νίκας
921 3004 1263 3087 βραϐεύοντα,
1321 3006 1412 3062 καί
1479 3011 1632 3084 νοερᾷ
1708 3006 1989 3085 συμμαχίᾳ

324 3096 520 3156 τούτοις
602 3096 897 3170 ἀμύνοντα,
988 3097 1305 3154 Ἐλάνθανον
1398 3094 1451 3151 δὲ
1540 3093 1636 3173 ἄρα
1726 3110 1984 3175 πονηροῖς

316 3181 526 3258 δαίμοσι
586 3186 969 3265 προσανέχων,
1032 3188 1119 3242 καὶ
1188 3188 1321 3255 ὑμᾶς
1378 3185 1671 3243 ἀναπείθων
1718 3184 2044 3264 βουλομέ-ί,

2000 3265 2045 3288 \J

306 3296 427 3339 νους
463 3275 541 3348 τῷ
574 3281 792 3353 Χριστῷ
821 3274 1000 3339 καλῶς
1027 3276 1313 3338 πείθεσθαι,

397 3457 532 3518 ω’.

607 3464 785 3515 Ταῦτα
854 3457 1053 3535 λέγων,
1116 3457 1325 3532 ἕτοιμος
1384 3458 1479 3533 μέν
1552 3458 1616 3525 ἧν
1688 3461 1854 3534 ὁρμᾶν
1902 3460 1987 3513 καὶ

325 3552 428 3601 τῶν
508 3555 603 3603 τοῦ
688 3548 957 3626 μάρτυρος
1015 3546 1189 3604 ποδῶν
1256 3548 1530 3605 ἅπνεσθαι·

1615 3549 1865 3627 ἐπείχετο
1935 3546 1988 3602 δὲ

322 3636 414 3690 ἐπὶ
500 3635 629 3692 πολὺ
699 3644 767 3713 τῇ
840 3636 1168 3706 καταπλήξει
1250 3644 1355 3693 τῷν
1425 3636 1669 3715 ἀγγέλων
1756 3639 1840 3694 καὶ
1910 3641 1986 3708 τῷ

322 3723 576 3797 θεάματι,
643 3724 906 3805 Ᾱὶφνίδιον
974 3728 1062 3782 οὗν
1132 3725 1357 3803 ἀφανεῖς
1412 3725 1509 3801 μὲν
1568 3730 1614 3782 οἱ
1670 3726 1909 3805 ἄγγελοι⁸
1959 3728 1985 3782 ὁ

323 3809 409 3890 δὲ,
443 3812 835 3891 πρτισοὸραμὼν,
869 3816 959 3872 καὶ
1010 3817 1116 3871 τῶν
1152 3822 1246 3871 τοῦ
1304 3817 1454 3893 ἁγίου
1516 3814 1691 3873 ποδῶν
1748 3814 1985 3891 λαϐόμεσ

323 3925 436 3971 νος,
470 3902 627 3982 ἐνρέλει
686 3927 744 3959 τε
772 3903 970 3979 ἡδέως,
1005 3903 1123 3976 καὶ,
1162 3903 1338 3984 Εὖξαι,
1370 3907 1499 3983 πρὸς
1562 3907 1715 3964 αὺτὸν
1782 3904 1984 3982 ἔλεγεν,

318 3991 567 4057 ἀληθινοῦ
638 3994 772 4050 Θεοῦ
841 3994 1129 4075 ὑπηρέτα,
1205 3995 1301 4050 καῗ
1372 4016 1499 4074 προς
1571 3995 1665 4062 τῆς
1737 3993 1983 4061 ἀληθείας

311 4086 499 4155 αὑτῆς,
536 4082 606 4150 ἢν
668 4084 967 4159 κηρύττεις,
1004 4082 1142 4147 εὖξαι
1202 4081 1386 4140 δούλον
1446 4084 1583 4158 κάμὲ
1630 4084 1716 4140 τὸν
1777 4082 1986 4148 ἀνάξιον

307 4174 393 4227 καὶ
481 4170 759 4228 δουλευσαι
845 4181 921 4247 τῷ
1007 4180 1141 4246 Θεῷ.
1232 4179 1336 4229 Νῦν
1421 4173 1660 4249 ᾐσθόμην
1732 4173 1792 4227 ἐκ
1882 4176 1987 4229 των

307 4264 424 4338 περὶ
485 4262 548 4317 σε
619 4263 924 4336 θεαμάτων,
983 4262 1120 4328 οἵοις
1192 4268 1437 4342 χρῶνται
1500 4275 1616 4325 τοῖς
1686 4261 1986 4342 δορυφόροις

306 4353 352 4405 οἱ
414 4351 654 4429 γνησίως
702 4358 910 4429 Χριστῷ
965 4355 1414 4433 προσερχόμενοι·
1471 4354 1558 4409 καὶ
1602 4352 1717 4410 ὅθεν
1777 4355 1981 4437 αὐτοῖς,

305 4444 397 4498 καὶ
459 4445 574 4497 οἷαι
635 4445 743 4497 τῶν
799 4442 1052 4518 καμάτων
1111 4445 1163 4499 αἱ
1224 4440 1463 4519 ἀμοιϐαὶ,
1534 4445 1622 4499 καὶ
1678 4445 1749 4507 ὡς
1822 4442 1985 4508 ξένοις

308 4534 410 4587 τισὶ
471 4533 564 4587 καὶ
624 4528 873 4609 φοϐεροῖς
927 4530 1216 4611 δπηρὲταις
1295 4530 1724 4611 δορυφοροῦνται,
1805 4535 1984 4589 Καθα-

2080 1937 2298 2016 fulguri
2349 1939 2539 2000 forma
2569 1938 2820 2014 similes,
2855 1939 3166 2020 alatosque
3223 1949 3284 2005 et
3312 1941 3388 2003 iis
3417 1942 3519 2020 qui
3562 1944 3734 2007 vide-

2081 2026 2244 2101 bant,
2280 2045 2557 2106 magnum
2589 2027 2909 2090 aﬂ‘erentes
2955 2035 3273 2105 terrorem,
3306 2038 3371 2092 ut
3399 2030 3503 2111 qui
3532 2040 3734 2097 essent

2081 2116 2267 2196 parati
2288 2117 2360 2178 ad
2386 2135 2519 2178 eum
2547 2116 3035 2180 defendendum:
3071 2125 3246 2200 caput
3276 2127 3480 2183 autem
3513 2139 3737 2184 corona

2079 2204 2791 2286 redimibant.Postquam
2820 2223 2959 2268 vero
2982 2205 3117 2268 aliis
3133 2226 3372 2288 quoque
3393 2211 3734 2273 communi-

2081 2296 2233 2357 cavit
2280 2295 2365 2370 id,
2401 2297 2558 2375 quod
2602 2294 2912 2371 cernebat,
2943 2303 3006 2357 et
3045 2296 3272 2359 invenit
3302 2316 3406 2361 eos
3430 2300 3732 2383 eamdem,

2081 2404 2257 2466 quam
2289 2384 2420 2464 ipse
2443 2393 2781 2464 aspexerat,
2812 2384 3030 2447 vidisse
3060 2386 3375 2451 visionem.
3408 2389 3557 2455 Cum
3587 2390 3736 2462 nihil
3812 2428 3815 2433 -

2081 2474 2420 2555 essetquod
2444 2473 3044 2555 dubitaret,constitit
3068 2484 3342 2556 repente,
3367 2495 3502 2539 cum
3526 2496 3560 2541 e
3591 2479 3737 2543 sede

2082 2564 2392 2639 exiliisset,
2418 2572 2477 2626 et
2506 2562 2781 2625 clamavit
2801 2563 2875 2626 ad
2903 2564 3234 2644 populum:
3268 2566 3373 2628 Est
3402 2567 3502 2629 hic
3526 2585 3739 2631 revera

2076 2656 2198 2716 veri
2250 2653 2358 2715 Dei
2391 2652 2648 2716 famulus
2684 2658 2888 2724 (manu
2920 2662 3189 2718 sanctum
3240 2656 3630 2733 ostendens):
3677 2664 3741 2721 et

2078 2761 2332 2823 magnus
2355 2751 2448 2804 est
2470 2743 2728 2823 is,quem
2745 2761 2855 2804 nos
2867 2742 3043 2805 docet
3068 2745 3267 2808 colere
3283 2744 3473 2809 Deum
3503 2764 3732 2811 verum:

2079 2834 2180 2912 qui
2230 2832 2380 2895 adeo
2431 2831 2677 2912 quidem
2729 2832 3170 2895 admirabiliter
3219 2841 3279 2895 et
3337 2841 3545 2897 contra
3601 2836 3737 2917 opi-

2078 2922 2321 2983 nionem
2356 2920 2634 3001 proprios
2661 2920 2939 2998 refringit
2970 2921 3252 2987 athletas:
3282 2940 3316 2985 e
3348 2923 3515 2987 caelis
3540 2932 3739 2987 autem

2077 3010 2186 3086 eis,
2222 3019 2286 3072 ut
2333 3010 2569 3084 videtis,
2603 3008 2813 3071 tribuit
2842 3010 3139 3073 victorias.
3192 3011 3266 3075 Et
3293 3012 3732 3092 intelligentem

2074 3102 2158 3162 eis
2205 3118 2380 3179 opem
2431 3099 2654 3171 ferens,
2689 3116 2792 3160 eos
2840 3098 3129 3162 defendit.
3182 3100 3542 3182 Imprudens
3589 3120 3730 3165 vero

2072 3207 2232 3250 eram
2287 3187 2460 3249 malis
2492 3187 2729 3249 deditus
2779 3187 3175 3271 daemonibus,
3208 3197 3267 3253 et
3308 3189 3579 3252 volebam
3626 3190 3728 3254 id-

2069 3278 2266 3356 ipsum
2303 3277 2472 3338 vobis
2524 3275 2914 3357 persuadere,
2949 3277 3051 3358 qui
3082 3286 3246 3343 recte
3274 3278 3510 3342 Christo
3562 3279 3728 3344 vole-

2070 3368 2221 3430 batis
2257 3384 2497 3447 parere.

2152 3456 2308 3519 XXI.
2344 3455 2482 3517 Haec
2514 3454 2743 3535 dicens,
2774 3462 3013 3534 paratus
3040 3455 3282 3537 quidem
3305 3465 3432 3519 erat
3458 3475 3729 3541 currere,

2075 3554 2132 3608 et
2163 3564 2447 3627 prensare
2486 3543 2670 3625 pedes
2693 3545 2967 3624 martyris
3003 3565 3017 3607 :
3052 3546 3153 3608 diu
3186 3556 3383 3610 autem
3416 3566 3552 3610 cum
3577 3548 3732 3611 reti-

2069 3639 2199 3698 nuit
2235 3644 2426 3697 terror
2455 3643 2518 3698 et
2545 3636 2951 3715 spectaculum
2979 3637 3351 3714 angelorum.
3387 3641 3587 3716 Atque
3626 3656 3730 3700 re-

2073 3734 2251 3807 pente
2284 3725 2526 3805 quidem
2556 3732 2932 3786 evanuerunt
2952 3728 3169 3804 angeli.
3204 3726 3314 3788 Ille
3343 3743 3483 3789 vero
3513 3744 3729 3790 accur-

2071 3834 2235 3889 rens,
2267 3824 2324 3875 et
2349 3813 2541 3875 sancti
2574 3813 2758 3893 pedes
2791 3814 3547 3896 apprehendens,suaviter
3574 3816 3727 3879 deo-

2071 3903 2410 3966 sculabatur
2438 3910 2497 3964 et
2529 3903 2585 3963 ei
2613 3901 2884 3964 dicebat:
2923 3901 3064 3980 Ora,
3095 3922 3236 3967 vere
3260 3904 3367 3968 Dei
3397 3922 3725 3985 serve,ora,

2072 4012 2292 4075 quaeso,
2335 4009 2440 4071 per
2470 3997 2683 4069 ipsam,
2709 4009 2885 4070 quam
2911 3991 3568 4072 praedicas,veritalem:
3596 4012 3723 4072 ora,

2071 4093 2135 4144 ut
2166 4102 2273 4159 ego
2319 4098 2558 4160 quoque
2591 4079 2872 4157 indignus
2904 4082 3040 4143 ﬁam
3076 4098 3305 4157 servus,
3340 4092 3399 4144 et
3447 4081 3572 4145 Deo
3622 4090 3724 4146 tuo

2071 4171 2347 4233 serviam.
2400 4168 2568 4230 Nunc
2600 4169 2762 4271 sensi
2793 4186 2864 4229 ex
2894 4169 2990 4258 iis,
3025 4187 3158 4249 quae
3186 4169 3249 4231 in
3283 4180 3338 4231 te
3366 4171 3520 4271 facta
3562 4180 3725 4271 sunt,

2069 4259 2449 4340 spectaculis,
2511 4257 2867 4338 quibusnam
2910 4253 3181 4321 'utantur
3238 4258 3574 4337 satellibus,
3618 4253 3727 4337 qui

2069 4366 2352 4429 germane
2372 4348 2445 4410 ad
2469 4347 2770 4410 Christum
2802 4347 3111 4423 accedunt,
3139 4356 3196 4410 et
3216 4349 3517 4411 undenam
3546 4347 3636 4410 eis
3663 4357 3727 4412 et

2070 4441 2273 4520 quales
2296 4440 2412 4500 sint
2436 4436 2707 4499 laborum
2733 4435 3281 4513 remuneratioues,
3302 4446 3360 4501 et
3390 4437 3554 4519 quod
3585 4446 3725 4500 sunt

2069 4530 2428 4607 quibusdam
2463 4529 2676 4590 alienis
2725 4538 2784 4591 et
2814 4529 3183 4593 terribilibus
3212 4531 3414 4611 stipati
3441 4528 3723 4593 satelliti-

306 4643 407 4699 περ
454 4621 547 4675 καὶ
608 4622 693 4691 σὺ,
730 4622 784 4677 οἳ
842 4623 929 4677 καὶ
987 4623 1061 4685 ὡς
1120 4621 1329 4696 ἐναγεῖς
1373 4624 1518 4694 ἡμᾶς
1577 4622 1663 4678 καὶ
1720 4618 1982 4697 βεϐήλους

2078 4602 2202 4701 lius,
2238 4629 2298 4681 ut
2326 4627 2387 4681 tu
2421 4638 2678 4700 quoque.
2715 4618 2827 4690 Qui
2859 4639 2968 4682 nos
3003 4620 3185 4683 etiam
3213 4602 3502 4703 tanquam
3525 4618 3722 4683 scele-

312 4712 481 4789 μέχρι
536 4712 677 4772 τινὸς
728 4710 1034 4768 ἆπωθοῦντο
1077 4716 1144 4787 τῇ
1202 4711 1319 4786 ὄψει
1364 4713 1449 4767 κκὶ
1482 4711 1847 4790 ἀπετείχιζον,
1883 4711 1983 4785 ὀψὲ

2066 4720 2223 4780 ratos
2272 4718 2330 4771 et
2362 4710 2662 4789 profanos,
2699 4710 2823 4770 visu
2871 4710 3216 4790 aliquandiu
3245 4710 3620 4791 repellebant
3667 4718 3728 4772 et

312 4799 486 4870 δήπου
546 4801 1124 4879 φιλανθρωπευθέντες,
1206 4802 1604 4881 παρεχώρησαν
1689 4803 1826 4876 ἡμῖν
1884 4802 1981 4866 τῆς

2078 4797 2717 4862 amovebant.Tandem
2745 4806 2939 4863 autem
2966 4801 3056 4862 usi
3089 4800 3476 4880 humanitate,
3504 4808 3602 4860 tua
3623 4816 3727 4861 no-

312 4891 619 4969 ἁγιωσύνης
690 4892 775 4947 καὶ
847 4890 1230 4969 καθαρότητος.
1316 4892 1412 4949 Καὶ
1483 4889 1712 4964 δέδοικα,
1790 4891 1983 4965 μήπως

2078 4890 2160 4951 bis
2193 4896 2502 4951 cesserunt
2533 4891 2850 4951 sanctitate
2878 4896 2938 4951 et
2967 4889 3264 4968 puritate:
3297 4898 3357 4953 et
3382 4905 3619 4965 vereor,
3650 4905 3727 4952 ne

312 4979 605 5047 ἀπώσηταί
676 5002 743 5055 με
811 4980 1170 5057 προσελθόντα
1240 4981 1488 5059 Χριστὸς,
1562 4978 1826 5053 ἀξιοῦντα,
1900 4991 1988 5045 καὶ

311 5072 455 5149 μέγα
515 5076 671 5137 τοῦτο
731 5072 818 5126 καὶ
872 5070 1021 5145 ὑπὲρ.
1061 5073 1214 5143 ἡμῶν
1268 5069 1586 5149 ἡγούμεδον,
1648 5083 1765 5132 τοῖς
1812 5070 1987 5149 ἐσχά-

309 5183 424 5224 τοις
500 5167 609 5216 τῶν
669 5157 868 5216 δούλων
946 5166 1103 5217 αὑτοῦ
1174 5162 1566 5221 συντάττεσθαι,
1649 5158 1793 5227 Πλὴν
1851 5158 1987 5215 ἀλλὰ

318 5251 405 5306 καὶ
464 5249 635 5314 ο’3τως
692 5249 973 5327 ἀγαπητὸν
1044 5249 1278 5327 ἥγημαι,
1337 5250 1573 5307 τοιούτοι)
1634 5270 1700 5324 με
1755 5248 1990 5328 τυχόντα

319 5340 450 5395 Θεοῦ
480 5386 497 5415 ,
584 5341 673 5397 καὶ
741 5337 889 5404 δίκας
966 5341 1353 5421 εἰσπραχθῆναι
1427 5340 1524 5405 τῆς
1622 5336 1991 5414 προλαϐούσης

319 5428 522 5498 πλάνης
554 5433 642 5487 καὶ
676 5432 974 5508 παρανοίας

400 5521 523 5585 KB'.
584 5523 687 5581 Καὶ
742 5523 769 5576 ὁ
835 5520 1013 5598 ἅγιος,
1062 5519 1274 5599 Θάρσει,
1323 5517 1449 5598 ἔφη,
1497 5516 1840 5595 λαμπρότατε
1901 5517 1992 5575 ἕπ-

320 5632 471 5691 αρχε,
535 5612 631 5671 καί
705 5610 882 5687 μηδὲν
954 5610 1073 5687 περὶ
1130 5609 1226 5677 τήν
1300 5616 1394 5667 τοῦ
1467 5615 1597 5664 Θεοῦ
1663 5606 1993 5673 ἀνεξικακίαν

318 5701 644 5785 ἐπιὸοιάσῃς.
729 5701 885 5781 Ἐγὼ
943 5700 1046 5778 γὰρ
1103 5696 1221 5755 ἐπ”
1263 5698 1492 5777 ἐμαυτοῦ
1575 5699 1844 5777 πειραθεὶς
1902 5706 1996 5757 τοῦ

630 5814 922 5878 ΡΑΤιιοι.
972 5808 1092 5873 Gn.
1137 5806 1343 5872 CXVI.

2072 4999 2167 5041 me
2198 4977 2586 5041 accedentem
2635 4974 2910 5040 Christus
2954 4977 3268 5059 repulerit,
3298 4986 3634 5058 rogantem,
3671 4986 3730 5040 et

2071 5069 2187 5131 hoc
2220 5086 2527 5147 magnum,
2563 5074 2619 5128 et
2650 5066 2806 5146 quod
2842 5076 3046 5129 nostra
3074 5067 3290 5130 merita
3317 5077 3581 5150 superat,
3614 5087 3727 5150 po-

2073 5158 2491 5237 stulantem,nt
2510 5154 2737 5218 referar
2757 5154 2819 5217 in
2844 5175 3163 5220 numerum
3188 5158 3564 5221 inﬁrmorum
3585 5176 3729 5223 suo-

2075 5267 2207 5310 rum
2241 5245 2621 5309 famulorum.
2641 5245 3176 5310 Verumenimvero
3200 5247 3289 5311 sic
3319 5265 3560 5330 quoque
3582 5265 3728 5329 prai-

2074 5336 2239 5399 clare
2271 5354 2507 5397 mecum
2530 5335 2627 5414 agi
2653 5334 2956 5413 existimo,
2984 5343 3035 5399 si
3066 5337 3242 5401 talem
3271 5342 3461 5401 Deum
3492 5355 3732 5402 assecu-

2076 5437 2197 5507 tus,
2231 5427 2387 5488 lnam
2420 5445 2625 5507 pcenas
2658 5427 2895 5508 pristini
2927 5430 3153 5492 erroris
3182 5439 3244 5493 et
3271 5429 3571 5494 amentiae.

2154 5514 2333 5578 XXII.
2368 5517 2624 5578 Sanctus
2653 5525 2852 5578 autem
2880 5534 2893 5580 :
2928 5516 3094 5580 Bono
3122 5520 3324 5583 animo
3352 5518 3727 5600 esto,inquit,

2078 5605 2409 5668 clarissime
2440 5606 2742 5687 praefecte,
2775 5625 2973 5689 neque
3002 5609 3325 5691 quidquam
3366 5609 3444 5672 de
3472 5608 3734 5672 clemen-

2077 5697 2158 5761 tia
2185 5694 2291 5759 Dei
2324 5694 2711 5766 dubitaveris.
2740 5695 2863 5779 Ego
2893 5698 3057 5766 enim
3104 5700 3205 5779 qui
3236 5717 3310 5763 ex
3339 5698 3571 5779 meipso
3617 5694 3728 5763 Dei

3257 5804 3328 5869 13
