  <div class='ocr_page' id='page_1' title='image "/cluster/home/n/w/nwhite01/storage/ocr_20150623/116:no.3/coo.31924054870203/206.png"; bbox 0 0 4132 6408; ppageno 0'>
   <div class='ocr_carea' id='block_1_1' title="bbox 327 371 441 446">
    <p class='ocr_par' dir='ltr' id='par_1_1' title="bbox 327 371 441 446">
     <span class='ocr_line' id='line_1_1' title="bbox 327 371 441 446; baseline -0.035 0"><span class='ocrx_word' id='word_1_1' title='bbox 327 371 441 446; x_wconf 81' lang='lat'><strong>397</strong></span> 
     </span>
    </p>
   </div>
   <div class='ocr_carea' id='block_1_2' title="bbox 1298 370 2750 447">
    <p class='ocr_par' dir='ltr' id='par_1_2' title="bbox 1298 370 2750 447">
     <span class='ocr_line' id='line_1_2' title="bbox 1298 370 2750 447; baseline 0.002 -3"><span class='ocrx_word' id='word_1_2' title='bbox 1298 371 1771 444; x_wconf 83' lang='lat' dir='ltr'><strong>MARTYRIUM</strong></span> <span class='ocrx_word' id='word_1_3' title='bbox 1814 379 1872 441; x_wconf 90' lang='lat' dir='ltr'><strong>S.</strong></span> <span class='ocrx_word' id='word_1_4' title='bbox 1920 372 2158 443; x_wconf 73' lang='lat' dir='ltr'><strong>MENA‘}</strong></span> <span class='ocrx_word' id='word_1_5' title='bbox 2202 370 2302 442; x_wconf 88' lang='lat' dir='ltr'><strong>ET</strong></span> <span class='ocrx_word' id='word_1_6' title='bbox 2347 374 2750 447; x_wconf 82' lang='lat' dir='ltr'><strong>SOCIORUM.</strong></span> 
     </span>
    </p>
   </div>
   <div class='ocr_carea' id='block_1_3' title="bbox 3597 383 3720 453">
    <p class='ocr_par' dir='ltr' id='par_1_3' title="bbox 3597 383 3720 453">
     <span class='ocr_line' id='line_1_3' title="bbox 3597 383 3720 453; baseline 0 -1"><span class='ocrx_word' id='word_1_7' title='bbox 3597 383 3720 453; x_wconf 89' lang='lat'><strong>398</strong></span> 
     </span>
    </p>
   </div>
   <div class='ocr_carea' id='block_1_4' title="bbox 326 508 1986 598">
    <p class='ocr_par' dir='ltr' id='par_1_4' title="bbox 326 508 1975 592">
     <span class='ocr_line' id='line_1_4' title="bbox 326 508 1975 592; baseline 0.001 -22"><span class='ocrx_word' id='word_1_8' title='bbox 326 509 632 576; x_wconf 80' lang='grc' dir='ltr'>πεποίηκεν,</span> <span class='ocrx_word' id='word_1_9' title='bbox 687 509 1089 592; x_wconf 76' lang='grc' dir='ltr'>Ἐπευφήμησε</span> <span class='ocrx_word' id='word_1_10' title='bbox 1157 508 1211 566; x_wconf 78' lang='grc' dir='ltr'>δὲ</span> <span class='ocrx_word' id='word_1_11' title='bbox 1272 513 1364 570; x_wconf 83' lang='grc' dir='ltr'><strong>τὸν</strong></span> <span class='ocrx_word' id='word_1_12' title='bbox 1425 513 1653 590; x_wconf 81' lang='grc' dir='ltr'>Χριστὸν</span> <span class='ocrx_word' id='word_1_13' title='bbox 1709 516 1737 569; x_wconf 81' lang='grc' dir='ltr'><strong>ὁ</strong></span> <span class='ocrx_word' id='word_1_14' title='bbox 1808 511 1975 591; x_wconf 74' lang='grc' dir='ltr'>δῆμος</span> 
     </span>
    </p>
   </div>
   <div class='ocr_carea' id='block_1_5' title="bbox 2074 508 3715 598">
    <p class='ocr_par' dir='ltr' id='par_1_5' title="bbox 2074 516 3715 598">
     <span class='ocr_line' id='line_1_5' title="bbox 2074 516 3715 598; baseline 0.006 -22"><span class='ocrx_word' id='word_1_15' title='bbox 2074 521 2255 578; x_wconf 68' lang='lat' dir='ltr'><strong>autem</strong></span> <span class='ocrx_word' id='word_1_16' title='bbox 2288 516 2536 578; x_wconf 84' lang='lat' dir='ltr'><strong>nomine</strong></span> <span class='ocrx_word' id='word_1_17' title='bbox 2582 517 2838 598; x_wconf 89' lang='lat' dir='ltr'><strong>populus</strong></span> <span class='ocrx_word' id='word_1_18' title='bbox 2873 517 3173 583; x_wconf 84' lang='lat' dir='ltr'><strong>Christum</strong></span> <span class='ocrx_word' id='word_1_19' title='bbox 3207 517 3410 582; x_wconf 87' lang='lat' dir='ltr'><strong>multis</strong></span> <span class='ocrx_word' id='word_1_20' title='bbox 3437 518 3715 586; x_wconf 85' lang='lat' dir='ltr'><strong>laudibus</strong></span> 
     </span>
    </p>
   </div>
   <div class='ocr_carea' id='block_1_6' title="bbox 325 598 811 666">
    <p class='ocr_par' dir='ltr' id='par_1_6' title="bbox 325 598 811 666">
     <span class='ocr_line' id='line_1_6' title="bbox 325 598 811 666; baseline 0 -9"><span class='ocrx_word' id='word_1_21' title='bbox 325 604 399 666; x_wconf 76' lang='grc' dir='ltr'>εἰς</span> <span class='ocrx_word' id='word_1_22' title='bbox 427 606 580 659; x_wconf 75' lang='grc' dir='ltr'>τοῦτο</span> <span class='ocrx_word' id='word_1_23' title='bbox 608 598 811 662; x_wconf 70' lang='grc' dir='ltr'>πολλα.</span> 
     </span>
    </p>
   </div>
   <div class='ocr_carea' id='block_1_7' title="bbox 410 682 1977 775">
    <p class='ocr_par' dir='ltr' id='par_1_7' title="bbox 410 682 1977 775">
     <span class='ocr_line' id='line_1_7' title="bbox 410 682 1977 775; baseline 0.001 -24"><span class='ocrx_word' id='word_1_24' title='bbox 410 688 536 754; x_wconf 68' lang='lat' dir='ltr'><strong>KA’.</strong></span> <span class='ocrx_word' id='word_1_25' title='bbox 577 682 672 755; x_wconf 81' lang='grc' dir='ltr'>Ὠς</span> <span class='ocrx_word' id='word_1_26' title='bbox 702 690 797 747; x_wconf 81' lang='grc' dir='ltr'>οὗν</span> <span class='ocrx_word' id='word_1_27' title='bbox 849 690 887 759; x_wconf 73' lang='grc' dir='ltr'>ἦ</span> <span class='ocrx_word' id='word_1_28' title='bbox 935 714 994 750; x_wconf 84' lang='grc' dir='ltr'><strong>τε</strong></span> <span class='ocrx_word' id='word_1_29' title='bbox 1036 688 1395 772; x_wconf 62' lang='grc' dir='ltr'>’ἂναγέννησις</span> <span class='ocrx_word' id='word_1_30' title='bbox 1441 704 1532 754; x_wconf 80' lang='grc' dir='ltr'>τοῦ</span> <span class='ocrx_word' id='word_1_31' title='bbox 1582 694 1823 775; x_wconf 68' lang='grc' dir='ltr'>ἐπάρχου</span> <span class='ocrx_word' id='word_1_32' title='bbox 1854 697 1977 772; x_wconf 78' lang='grc' dir='ltr'>ἐορ-</span> 
     </span>
    </p>
   </div>
   <div class='ocr_carea' id='block_1_8' title="bbox 329 781 1983 865">
    <p class='ocr_par' dir='ltr' id='par_1_8' title="bbox 329 781 1983 865">
     <span class='ocr_line' id='line_1_8' title="bbox 329 781 1983 865; baseline 0.001 -26"><span class='ocrx_word' id='word_1_33' title='bbox 329 784 500 854; x_wconf 81' lang='grc' dir='ltr'>τάζειν</span> <span class='ocrx_word' id='word_1_34' title='bbox 553 781 851 862; x_wconf 78' lang='grc' dir='ltr'>ἠνάγκαζε,</span> <span class='ocrx_word' id='word_1_35' title='bbox 909 784 997 840; x_wconf 73' lang='grc' dir='ltr'>καὶ</span> <span class='ocrx_word' id='word_1_36' title='bbox 1072 785 1203 859; x_wconf 83' lang='grc' dir='ltr'>πρὸς</span> <span class='ocrx_word' id='word_1_37' title='bbox 1254 783 1509 841; x_wconf 76' lang='grc' dir='ltr'>τοσοῦτον</span> <span class='ocrx_word' id='word_1_38' title='bbox 1564 783 1767 853; x_wconf 80' lang='grc' dir='ltr'>πλῆθος</span> <span class='ocrx_word' id='word_1_39' title='bbox 1825 784 1945 865; x_wconf 76' lang='grc' dir='ltr'>ἐξαρ</span> <span class='ocrx_word' id='word_1_40' title='bbox 1968 819 1983 833; x_wconf 73' lang='grc' dir='ltr'><em>υ</em></span> 
     </span>
    </p>
   </div>
   <div class='ocr_carea' id='block_1_9' title="bbox 323 870 1979 952">
    <p class='ocr_par' dir='ltr' id='par_1_9' title="bbox 323 870 1979 952">
     <span class='ocr_line' id='line_1_9' title="bbox 323 870 1979 952; baseline 0.001 -23"><span class='ocrx_word' id='word_1_41' title='bbox 323 872 479 929; x_wconf 79' lang='grc' dir='ltr'>κέσαι</span> <span class='ocrx_word' id='word_1_42' title='bbox 516 870 718 950; x_wconf 73' lang='grc' dir='ltr'>ἄπορον</span> <span class='ocrx_word' id='word_1_43' title='bbox 770 871 862 951; x_wconf 77' lang='grc' dir='ltr'><strong>ἦν,</strong></span> <span class='ocrx_word' id='word_1_44' title='bbox 915 874 1036 929; x_wconf 83' lang='grc' dir='ltr'>τότε</span> <span class='ocrx_word' id='word_1_45' title='bbox 1060 874 1158 948; x_wconf 72' lang='grc' dir='ltr'>μὲν</span> <span class='ocrx_word' id='word_1_46' title='bbox 1210 875 1238 929; x_wconf 88' lang='grc' dir='ltr'>ὁ</span> <span class='ocrx_word' id='word_1_47' title='bbox 1294 873 1446 952; x_wconf 77' lang='grc' dir='ltr'>ἅγιος</span> <span class='ocrx_word' id='word_1_48' title='bbox 1492 871 1686 931; x_wconf 85' lang='grc' dir='ltr'>διαλύει</span> <span class='ocrx_word' id='word_1_49' title='bbox 1746 887 1808 931; x_wconf 87' lang='grc' dir='ltr'>τὸ</span> <span class='ocrx_word' id='word_1_50' title='bbox 1850 874 1979 931; x_wconf 78' lang='grc' dir='ltr'>θέα-</span> 
     </span>
    </p>
   </div>
   <div class='ocr_carea' id='block_1_10' title="bbox 317 961 1980 1043">
    <p class='ocr_par' dir='ltr' id='par_1_10' title="bbox 317 961 1980 1043">
     <span class='ocr_line' id='line_1_10' title="bbox 317 961 1980 1043; baseline 0.001 -25"><span class='ocrx_word' id='word_1_51' title='bbox 317 978 471 1040; x_wconf 71' lang='grc' dir='ltr'><strong>ιιερον⁹</strong></span> <span class='ocrx_word' id='word_1_52' title='bbox 530 962 656 1018; x_wconf 85' lang='grc' dir='ltr'>εἶτα</span> <span class='ocrx_word' id='word_1_53' title='bbox 711 961 846 1039; x_wconf 77' lang='grc' dir='ltr'>πρὸς</span> <span class='ocrx_word' id='word_1_54' title='bbox 915 972 1028 1025; x_wconf 73' lang='grc' dir='ltr'>τοὺς</span> <span class='ocrx_word' id='word_1_55' title='bbox 1085 962 1408 1026; x_wconf 75' lang='grc' dir='ltr'>ἐπισκόπους</span> <span class='ocrx_word' id='word_1_56' title='bbox 1469 963 1830 1043; x_wconf 75' lang='grc' dir='ltr'>ἐπιστραφεὶς,</span> <span class='ocrx_word' id='word_1_57' title='bbox 1908 965 1980 1022; x_wconf 81' lang='grc' dir='ltr'>Οὒ</span> 
     </span>
    </p>
   </div>
   <div class='ocr_carea' id='block_1_11' title="bbox 316 1049 1979 1131">
    <p class='ocr_par' dir='ltr' id='par_1_11' title="bbox 316 1049 1979 1131">
     <span class='ocr_line' id='line_1_11' title="bbox 316 1049 1979 1131; baseline -0.001 -22"><span class='ocrx_word' id='word_1_58' title='bbox 316 1052 528 1110; x_wconf 81' lang='grc' dir='ltr'>δίκαιόν</span> <span class='ocrx_word' id='word_1_59' title='bbox 585 1051 754 1127; x_wconf 75' lang='grc' dir='ltr'>ἐστιν,</span> <span class='ocrx_word' id='word_1_60' title='bbox 811 1049 940 1129; x_wconf 80' lang='grc' dir='ltr'>ἔφη,</span> <span class='ocrx_word' id='word_1_61' title='bbox 1002 1052 1240 1109; x_wconf 69' lang='grc' dir='ltr'>τοιούτου</span> <span class='ocrx_word' id='word_1_62' title='bbox 1298 1053 1398 1120; x_wconf 79' lang='grc' dir='ltr'>τὴν</span> <span class='ocrx_word' id='word_1_63' title='bbox 1442 1051 1768 1119; x_wconf 74' lang='grc' dir='ltr'><strong>Ἐκκλησίαν</strong></span> <span class='ocrx_word' id='word_1_64' title='bbox 1801 1050 1979 1131; x_wconf 70' lang='grc' dir='ltr'>ἆνδρός</span> 
     </span>
    </p>
   </div>
   <div class='ocr_carea' id='block_1_12' title="bbox 330 1139 1981 1222">
    <p class='ocr_par' dir='ltr' id='par_1_12' title="bbox 330 1139 1981 1222">
     <span class='ocr_line' id='line_1_12' title="bbox 330 1139 1981 1222; baseline -0.001 -22"><span class='ocrx_word' id='word_1_65' title='bbox 330 1144 671 1217; x_wconf 67' lang='grc' dir='ltr'><strong>στερηθῆναι,</strong></span> <span class='ocrx_word' id='word_1_66' title='bbox 778 1139 1110 1206; x_wconf 80' lang='grc' dir='ltr'>πολυπαθοῦς</span> <span class='ocrx_word' id='word_1_67' title='bbox 1208 1163 1272 1198; x_wconf 78' lang='grc' dir='ltr'><strong>τε</strong></span> <span class='ocrx_word' id='word_1_68' title='bbox 1358 1144 1445 1199; x_wconf 79' lang='grc' dir='ltr'>καὶ</span> <span class='ocrx_word' id='word_1_69' title='bbox 1516 1141 1807 1222; x_wconf 68' lang='grc' dir='ltr'>σώφρονος,</span> <span class='ocrx_word' id='word_1_70' title='bbox 1892 1143 1981 1198; x_wconf 86' lang='grc' dir='ltr'><strong>καὶ</strong></span> 
     </span>
    </p>
   </div>
   <div class='ocr_carea' id='block_1_13' title="bbox 326 1229 1981 1309">
    <p class='ocr_par' dir='ltr' id='par_1_13' title="bbox 326 1229 1981 1309">
     <span class='ocr_line' id='line_1_13' title="bbox 326 1229 1981 1309; baseline 0 -22"><span class='ocrx_word' id='word_1_71' title='bbox 326 1234 431 1299; x_wconf 76' lang='grc' dir='ltr'><strong>τὴν</strong></span> <span class='ocrx_word' id='word_1_72' title='bbox 486 1229 721 1287; x_wconf 72' lang='grc' dir='ltr'>διάνοιαν</span> <span class='ocrx_word' id='word_1_73' title='bbox 775 1229 1012 1307; x_wconf 78' lang='grc' dir='ltr'>ὑψηλοῦ,</span> <span class='ocrx_word' id='word_1_74' title='bbox 1074 1232 1249 1309; x_wconf 78' lang='grc' dir='ltr'>Ταύτῃ</span> <span class='ocrx_word' id='word_1_75' title='bbox 1297 1254 1380 1288; x_wconf 90' lang='grc' dir='ltr'><strong>τοι</strong></span> <span class='ocrx_word' id='word_1_76' title='bbox 1409 1233 1498 1289; x_wconf 84' lang='grc' dir='ltr'><strong>καὶ</strong></span> <span class='ocrx_word' id='word_1_77' title='bbox 1534 1230 1615 1287; x_wconf 79' lang='grc' dir='ltr'><strong>διὰ</strong></span> <span class='ocrx_word' id='word_1_78' title='bbox 1643 1233 1742 1299; x_wconf 75' lang='grc' dir='ltr'>τὴν</span> <span class='ocrx_word' id='word_1_79' title='bbox 1772 1230 1981 1298; x_wconf 73' lang='grc' dir='ltr'>πολλὴν</span> 
     </span>
    </p>
   </div>
   <div class='ocr_carea' id='block_1_14' title="bbox 321 1313 1979 1400">
    <p class='ocr_par' dir='ltr' id='par_1_14' title="bbox 321 1313 1979 1400">
     <span class='ocr_line' id='line_1_14' title="bbox 321 1313 1979 1400; baseline -0.002 -21"><span class='ocrx_word' id='word_1_80' title='bbox 321 1324 446 1399; x_wconf 78' lang='grc' dir='ltr'>περὶ</span> <span class='ocrx_word' id='word_1_81' title='bbox 526 1322 620 1377; x_wconf 79' lang='grc' dir='ltr'>τὸν</span> <span class='ocrx_word' id='word_1_82' title='bbox 680 1319 831 1398; x_wconf 70' lang='grc' dir='ltr'>ἅγιον</span> <span class='ocrx_word' id='word_1_83' title='bbox 891 1318 1041 1394; x_wconf 84' lang='grc' dir='ltr'>αίδὼ,</span> <span class='ocrx_word' id='word_1_84' title='bbox 1100 1319 1267 1395; x_wconf 83' lang='grc' dir='ltr'>μηδὲν</span> <span class='ocrx_word' id='word_1_85' title='bbox 1322 1323 1412 1378; x_wconf 80' lang='grc' dir='ltr'>τὸν</span> <span class='ocrx_word' id='word_1_86' title='bbox 1446 1313 1772 1400; x_wconf 70' lang='grc' dir='ltr'><strong>Ἑρμογένην</strong></span> <span class='ocrx_word' id='word_1_87' title='bbox 1826 1321 1979 1378; x_wconf 85' lang='grc' dir='ltr'>ἆντι-</span> 
     </span>
    </p>
   </div>
   <div class='ocr_carea' id='block_1_15' title="bbox 315 1408 1978 1492">
    <p class='ocr_par' dir='ltr' id='par_1_15' title="bbox 315 1408 1978 1492">
     <span class='ocr_line' id='line_1_15' title="bbox 315 1408 1978 1492; baseline 0.001 -26"><span class='ocrx_word' id='word_1_88' title='bbox 315 1411 713 1492; x_wconf 71' lang='grc' dir='ltr'>φθεγγόμενον,</span> <span class='ocrx_word' id='word_1_89' title='bbox 773 1408 1029 1475; x_wconf 78' lang='grc' dir='ltr'>λαϐόντες</span> <span class='ocrx_word' id='word_1_90' title='bbox 1084 1410 1304 1485; x_wconf 78' lang='grc' dir='ltr'>ἐκεῖνοι,</span> <span class='ocrx_word' id='word_1_91' title='bbox 1366 1418 1442 1486; x_wconf 84' lang='grc' dir='ltr'><strong>τῷ</strong></span> <span class='ocrx_word' id='word_1_92' title='bbox 1500 1410 1683 1489; x_wconf 76' lang='grc' dir='ltr'>κλήρῳ</span> <span class='ocrx_word' id='word_1_93' title='bbox 1728 1414 1978 1489; x_wconf 83' lang='grc' dir='ltr'>συναριθ-</span> 
     </span>
    </p>
   </div>
   <div class='ocr_carea' id='block_1_16' title="bbox 318 1499 1980 1585">
    <p class='ocr_par' dir='ltr' id='par_1_16' title="bbox 318 1499 1980 1585">
     <span class='ocr_line' id='line_1_16' title="bbox 318 1499 1980 1585; baseline -0.001 -28"><span class='ocrx_word' id='word_1_94' title='bbox 318 1504 542 1579; x_wconf 76' lang='grc' dir='ltr'>μοῦσιν.</span> <span class='ocrx_word' id='word_1_95' title='bbox 635 1499 775 1557; x_wconf 81' lang='grc' dir='ltr'>Εἶτα</span> <span class='ocrx_word' id='word_1_96' title='bbox 861 1502 993 1579; x_wconf 79' lang='grc' dir='ltr'>πρὸς</span> <span class='ocrx_word' id='word_1_97' title='bbox 1077 1500 1219 1566; x_wconf 77' lang='grc' dir='ltr'>τάξιν</span> <span class='ocrx_word' id='word_1_98' title='bbox 1298 1503 1420 1566; x_wconf 73' lang='grc' dir='ltr'>τοὺς</span> <span class='ocrx_word' id='word_1_99' title='bbox 1505 1501 1980 1585; x_wconf 64' lang='grc' dir='ltr'><strong>ἐκκλησιαστικοὺς</strong></span> 
     </span>
    </p>
   </div>
   <div class='ocr_carea' id='block_1_17' title="bbox 319 1589 1980 1670">
    <p class='ocr_par' dir='ltr' id='par_1_17' title="bbox 319 1589 1980 1670">
     <span class='ocr_line' id='line_1_17' title="bbox 319 1589 1980 1670; baseline -0.002 -21"><span class='ocrx_word' id='word_1_100' title='bbox 319 1593 534 1654; x_wconf 70' lang='grc' dir='ltr'>πάντας</span> <span class='ocrx_word' id='word_1_101' title='bbox 595 1591 827 1667; x_wconf 81' lang='grc' dir='ltr'>βαθμοὺς</span> <span class='ocrx_word' id='word_1_102' title='bbox 890 1589 1236 1670; x_wconf 70' lang='grc' dir='ltr'><strong>μετελθόντα,</strong></span> <span class='ocrx_word' id='word_1_103' title='bbox 1296 1590 1583 1648; x_wconf 85' lang='grc' dir='ltr'>ἐπίσκοπον</span> <span class='ocrx_word' id='word_1_104' title='bbox 1656 1589 1813 1645; x_wconf 75' lang='grc' dir='ltr'>αὒτὸν</span> <span class='ocrx_word' id='word_1_105' title='bbox 1882 1593 1980 1654; x_wconf 79' lang='grc' dir='ltr'>τῆς</span> 
     </span>
    </p>
   </div>
   <div class='ocr_carea' id='block_1_18' title="bbox 328 1679 1981 1759">
    <p class='ocr_par' dir='ltr' id='par_1_18' title="bbox 328 1679 1981 1759">
     <span class='ocr_line' id='line_1_18' title="bbox 328 1679 1981 1759; baseline -0.002 -21"><span class='ocrx_word' id='word_1_106' title='bbox 328 1681 542 1747; x_wconf 77' lang='grc' dir='ltr'>πόλεως</span> <span class='ocrx_word' id='word_1_107' title='bbox 575 1683 915 1739; x_wconf 83' lang='grc' dir='ltr'>καθιστῶσιν.</span> <span class='ocrx_word' id='word_1_108' title='bbox 970 1680 1072 1744; x_wconf 71' lang='lat' dir='ltr'><strong>&quot;Oc</strong></span> <span class='ocrx_word' id='word_1_109' title='bbox 1130 1682 1219 1737; x_wconf 86' lang='grc' dir='ltr'><strong>καὶ</strong></span> <span class='ocrx_word' id='word_1_110' title='bbox 1277 1682 1411 1756; x_wconf 81' lang='grc' dir='ltr'>μετὰ</span> <span class='ocrx_word' id='word_1_111' title='bbox 1467 1681 1566 1748; x_wconf 65' lang='grc' dir='ltr'>τὴν</span> <span class='ocrx_word' id='word_1_112' title='bbox 1623 1679 1981 1759; x_wconf 74' lang='grc' dir='ltr'><strong>χειροτονίαν,</strong></span> 
     </span>
    </p>
   </div>
   <div class='ocr_carea' id='block_1_19' title="bbox 333 1767 1982 1849">
    <p class='ocr_par' dir='ltr' id='par_1_19' title="bbox 333 1767 1982 1849">
     <span class='ocr_line' id='line_1_19' title="bbox 333 1767 1982 1849; baseline -0.001 -23"><span class='ocrx_word' id='word_1_113' title='bbox 333 1767 564 1844; x_wconf 61' lang='grc' dir='ltr'><strong>νιϐὂόμης</strong></span> <span class='ocrx_word' id='word_1_114' title='bbox 623 1769 914 1836; x_wconf 71' lang='grc' dir='ltr'>ἐπιστάσης</span> <span class='ocrx_word' id='word_1_115' title='bbox 967 1769 1195 1846; x_wconf 81' lang='grc' dir='ltr'>ἡμέρας,</span> <span class='ocrx_word' id='word_1_116' title='bbox 1255 1771 1569 1849; x_wconf 86' lang='grc' dir='ltr'>συναγαγὼν</span> <span class='ocrx_word' id='word_1_117' title='bbox 1597 1767 1722 1826; x_wconf 81' lang='grc' dir='ltr'>ὅσον</span> <span class='ocrx_word' id='word_1_118' title='bbox 1778 1773 1982 1847; x_wconf 77' lang='grc' dir='ltr'>προσῆν</span> 
     </span>
    </p>
   </div>
   <div class='ocr_carea' id='block_1_20' title="bbox 2062 612 2556 684">
    <p class='ocr_par' dir='ltr' id='par_1_20' title="bbox 2062 612 2556 684">
     <span class='ocr_line' id='line_1_20' title="bbox 2062 612 2556 684; baseline 0.004 -19"><span class='ocrx_word' id='word_1_119' title='bbox 2062 612 2151 665; x_wconf 90' lang='lat' dir='ltr'><strong>est</strong></span> <span class='ocrx_word' id='word_1_120' title='bbox 2182 613 2556 684; x_wconf 88' lang='lat' dir='ltr'><strong>prosecutus.</strong></span> 
     </span>
    </p>
   </div>
   <div class='ocr_carea' id='block_1_21' title="bbox 2142 693 3717 779">
    <p class='ocr_par' dir='ltr' id='par_1_21' title="bbox 2142 693 3717 779">
     <span class='ocr_line' id='line_1_21' title="bbox 2142 693 3717 779; baseline 0.004 -24"><span class='ocrx_word' id='word_1_121' title='bbox 2142 693 2348 757; x_wconf 83' lang='lat' dir='ltr'><strong>XXIV.</strong></span> <span class='ocrx_word' id='word_1_122' title='bbox 2385 695 2675 768; x_wconf 85' lang='lat' dir='ltr'><strong>Quoniam</strong></span> <span class='ocrx_word' id='word_1_123' title='bbox 2728 714 2866 760; x_wconf 89' lang='lat' dir='ltr'><strong>vero</strong></span> <span class='ocrx_word' id='word_1_124' title='bbox 2917 706 2976 761; x_wconf 89' lang='lat' dir='ltr'><strong>et</strong></span> <span class='ocrx_word' id='word_1_125' title='bbox 3027 697 3297 779; x_wconf 73' lang='lat' dir='ltr'><strong>praefecti</strong></span> <span class='ocrx_word' id='word_1_126' title='bbox 3340 699 3717 779; x_wconf 81' lang='lat' dir='ltr'><strong>regeneratio</strong></span> 
     </span>
    </p>
   </div>
   <div class='ocr_carea' id='block_1_22' title="bbox 2062 782 3717 870">
    <p class='ocr_par' dir='ltr' id='par_1_22' title="bbox 2062 782 3717 870">
     <span class='ocr_line' id='line_1_22' title="bbox 2062 782 3717 870; baseline 0.005 -26"><span class='ocrx_word' id='word_1_127' title='bbox 2062 782 2310 861; x_wconf 88' lang='lat' dir='ltr'><strong>cogebat</strong></span> <span class='ocrx_word' id='word_1_128' title='bbox 2341 785 2558 847; x_wconf 88' lang='lat' dir='ltr'><strong>festum</strong></span> <span class='ocrx_word' id='word_1_129' title='bbox 2592 785 2928 864; x_wconf 85' lang='lat' dir='ltr'><strong>celebrare,</strong></span> <span class='ocrx_word' id='word_1_130' title='bbox 2961 804 3074 850; x_wconf 90' lang='lat' dir='ltr'><strong>nec</strong></span> <span class='ocrx_word' id='word_1_131' title='bbox 3121 787 3297 851; x_wconf 81' lang='lat' dir='ltr'><strong>facile</strong></span> <span class='ocrx_word' id='word_1_132' title='bbox 3339 796 3570 870; x_wconf 76' lang='lat' dir='ltr'><strong>poterat</strong></span> <span class='ocrx_word' id='word_1_133' title='bbox 3613 807 3717 852; x_wconf 91' lang='lat' dir='ltr'><strong>sa-</strong></span> 
     </span>
    </p>
   </div>
   <div class='ocr_carea' id='block_1_23' title="bbox 2065 872 3720 959">
    <p class='ocr_par' dir='ltr' id='par_1_23' title="bbox 2065 872 3720 959">
     <span class='ocr_line' id='line_1_23' title="bbox 2065 872 3720 959; baseline 0.005 -25"><span class='ocrx_word' id='word_1_134' title='bbox 2065 872 2276 934; x_wconf 84' lang='lat' dir='ltr'><strong>tisﬁeri</strong></span> <span class='ocrx_word' id='word_1_135' title='bbox 2334 880 2510 936; x_wconf 84' lang='lat' dir='ltr'><strong>tantae</strong></span> <span class='ocrx_word' id='word_1_136' title='bbox 2569 875 2959 953; x_wconf 89' lang='lat' dir='ltr'><strong>multitudini,</strong></span> <span class='ocrx_word' id='word_1_137' title='bbox 3014 886 3154 940; x_wconf 88' lang='lat' dir='ltr'><strong>tunc</strong></span> <span class='ocrx_word' id='word_1_138' title='bbox 3184 877 3426 959; x_wconf 74' lang='lat' dir='ltr'><strong>quidem</strong></span> <span class='ocrx_word' id='word_1_139' title='bbox 3476 885 3720 944; x_wconf 84' lang='lat' dir='ltr'><strong>sanctus</strong></span> 
     </span>
    </p>
   </div>
   <div class='ocr_carea' id='block_1_24' title="bbox 2062 959 3719 1051">
    <p class='ocr_par' dir='ltr' id='par_1_24' title="bbox 2062 959 3719 1051">
     <span class='ocr_line' id='line_1_24' title="bbox 2062 959 3719 1051; baseline 0.008 -30"><span class='ocrx_word' id='word_1_140' title='bbox 2062 959 2303 1022; x_wconf 79' lang='lat' dir='ltr'><strong>dimittit</strong></span> <span class='ocrx_word' id='word_1_141' title='bbox 2328 962 2647 1025; x_wconf 85' lang='lat' dir='ltr'><strong>theatrum.</strong></span> <span class='ocrx_word' id='word_1_142' title='bbox 2670 964 2903 1028; x_wconf 88' lang='lat' dir='ltr'><strong>Deinde</strong></span> <span class='ocrx_word' id='word_1_143' title='bbox 2926 966 3107 1029; x_wconf 92' lang='lat' dir='ltr'><strong>etiam</strong></span> <span class='ocrx_word' id='word_1_144' title='bbox 3130 984 3457 1030; x_wconf 87' lang='lat' dir='ltr'><strong>conversus</strong></span> <span class='ocrx_word' id='word_1_145' title='bbox 3482 969 3557 1032; x_wconf 89' lang='lat' dir='ltr'><strong>ad</strong></span> <span class='ocrx_word' id='word_1_146' title='bbox 3581 970 3719 1051; x_wconf 83' lang='lat' dir='ltr'><strong>epi-</strong></span> 
     </span>
    </p>
   </div>
   <div class='ocr_carea' id='block_1_25' title="bbox 2061 1052 3718 1137">
    <p class='ocr_par' dir='ltr' id='par_1_25' title="bbox 2061 1052 3718 1137">
     <span class='ocr_line' id='line_1_25' title="bbox 2061 1052 3718 1137; baseline 0.008 -28"><span class='ocrx_word' id='word_1_147' title='bbox 2061 1067 2313 1131; x_wconf 89' lang='lat' dir='ltr'><strong>scopos:</strong></span> <span class='ocrx_word' id='word_1_148' title='bbox 2348 1052 2481 1114; x_wconf 88' lang='lat' dir='ltr'><strong>Non</strong></span> <span class='ocrx_word' id='word_1_149' title='bbox 2506 1053 2735 1133; x_wconf 89' lang='lat' dir='ltr'><strong>justum</strong></span> <span class='ocrx_word' id='word_1_150' title='bbox 2766 1065 2880 1136; x_wconf 89' lang='lat' dir='ltr'><strong>est,</strong></span> <span class='ocrx_word' id='word_1_151' title='bbox 2911 1056 3126 1137; x_wconf 87' lang='lat' dir='ltr'><strong>inquit,</strong></span> <span class='ocrx_word' id='word_1_152' title='bbox 3164 1065 3226 1119; x_wconf 85' lang='lat' dir='ltr'><strong>ut</strong></span> <span class='ocrx_word' id='word_1_153' title='bbox 3257 1056 3530 1121; x_wconf 89' lang='lat' dir='ltr'><strong>Ecclesia</strong></span> <span class='ocrx_word' id='word_1_154' title='bbox 3554 1065 3718 1123; x_wconf 89' lang='lat' dir='ltr'><strong>tanto</strong></span> 
     </span>
    </p>
   </div>
   <div class='ocr_carea' id='block_1_26' title="bbox 2063 1139 3715 1227">
    <p class='ocr_par' dir='ltr' id='par_1_26' title="bbox 2063 1139 3715 1227">
     <span class='ocr_line' id='line_1_26' title="bbox 2063 1139 3715 1227; baseline 0.008 -28"><span class='ocrx_word' id='word_1_155' title='bbox 2063 1139 2185 1200; x_wconf 80' lang='lat' dir='ltr'><strong>viro</strong></span> <span class='ocrx_word' id='word_1_156' title='bbox 2218 1140 2505 1221; x_wconf 84' lang='lat' dir='ltr'><strong>privetur,</strong></span> <span class='ocrx_word' id='word_1_157' title='bbox 2541 1142 2643 1223; x_wconf 89' lang='lat' dir='ltr'><strong>qui</strong></span> <span class='ocrx_word' id='word_1_158' title='bbox 2674 1151 2765 1205; x_wconf 91' lang='lat' dir='ltr'><strong>est</strong></span> <span class='ocrx_word' id='word_1_159' title='bbox 2795 1150 2913 1206; x_wconf 91' lang='lat' dir='ltr'><strong>tam</strong></span> <span class='ocrx_word' id='word_1_160' title='bbox 2946 1145 3272 1227; x_wconf 80' lang='lat' dir='ltr'><strong>studiosus,</strong></span> <span class='ocrx_word' id='word_1_161' title='bbox 3305 1154 3365 1209; x_wconf 93' lang='lat' dir='ltr'><strong>et</strong></span> <span class='ocrx_word' id='word_1_162' title='bbox 3388 1148 3715 1214; x_wconf 81' lang='lat' dir='ltr'><strong>modestus.</strong></span> 
     </span>
    </p>
   </div>
   <div class='ocr_carea' id='block_1_27' title="bbox 2067 1229 3721 1318">
    <p class='ocr_par' dir='ltr' id='par_1_27' title="bbox 2067 1229 3721 1318">
     <span class='ocr_line' id='line_1_27' title="bbox 2067 1229 3721 1318; baseline 0.007 -28"><span class='ocrx_word' id='word_1_163' title='bbox 2067 1238 2127 1290; x_wconf 86' lang='lat' dir='ltr'><strong>et</strong></span> <span class='ocrx_word' id='word_1_164' title='bbox 2157 1236 2278 1318; x_wconf 86' lang='lat' dir='ltr'><strong>tam</strong></span> <span class='ocrx_word' id='word_1_165' title='bbox 2310 1229 2553 1292; x_wconf 85' lang='lat' dir='ltr'><strong>sublimi</strong></span> <span class='ocrx_word' id='word_1_166' title='bbox 2581 1232 2842 1311; x_wconf 79' lang='lat' dir='ltr'><strong>ingenio.</strong></span> <span class='ocrx_word' id='word_1_167' title='bbox 2870 1232 2952 1295; x_wconf 88' lang='lat' dir='ltr'><strong>Ea</strong></span> <span class='ocrx_word' id='word_1_168' title='bbox 2982 1233 3057 1297; x_wconf 91' lang='lat' dir='ltr'><strong>de</strong></span> <span class='ocrx_word' id='word_1_169' title='bbox 3086 1253 3263 1298; x_wconf 89' lang='lat' dir='ltr'><strong>causa</strong></span> <span class='ocrx_word' id='word_1_170' title='bbox 3293 1245 3538 1318; x_wconf 85' lang='lat' dir='ltr'><strong>propter</strong></span> <span class='ocrx_word' id='word_1_171' title='bbox 3557 1239 3721 1302; x_wconf 87' lang='lat' dir='ltr'><strong>mul-</strong></span> 
     </span>
    </p>
   </div>
   <div class='ocr_carea' id='block_1_28' title="bbox 2066 1317 3722 1409">
    <p class='ocr_par' dir='ltr' id='par_1_28' title="bbox 2066 1317 3722 1409">
     <span class='ocr_line' id='line_1_28' title="bbox 2066 1317 3722 1409; baseline 0.007 -32"><span class='ocrx_word' id='word_1_172' title='bbox 2066 1324 2182 1378; x_wconf 85' lang='lat' dir='ltr'><strong>tam</strong></span> <span class='ocrx_word' id='word_1_173' title='bbox 2239 1317 2300 1379; x_wconf 91' lang='lat' dir='ltr'><strong>in</strong></span> <span class='ocrx_word' id='word_1_174' title='bbox 2356 1327 2626 1382; x_wconf 88' lang='lat' dir='ltr'><strong>sanctum</strong></span> <span class='ocrx_word' id='word_1_175' title='bbox 2676 1323 3096 1400; x_wconf 83' lang='lat' dir='ltr'><strong>reverentiam,</strong></span> <span class='ocrx_word' id='word_1_176' title='bbox 3160 1343 3293 1387; x_wconf 92' lang='lat' dir='ltr'><strong>cum</strong></span> <span class='ocrx_word' id='word_1_177' title='bbox 3346 1317 3722 1409; x_wconf 81' lang='lat' dir='ltr'><strong>accepissent</strong></span> 
     </span>
    </p>
   </div>
   <div class='ocr_carea' id='block_1_29' title="bbox 2064 1405 3723 1490">
    <p class='ocr_par' dir='ltr' id='par_1_29' title="bbox 2064 1405 3723 1490">
     <span class='ocr_line' id='line_1_29' title="bbox 2064 1405 3723 1490; baseline 0.007 -22"><span class='ocrx_word' id='word_1_178' title='bbox 2064 1405 2506 1487; x_wconf 83' lang='lat' dir='ltr'><strong>Hermogenem</strong></span> <span class='ocrx_word' id='word_1_179' title='bbox 2539 1409 2689 1472; x_wconf 87' lang='lat' dir='ltr'><strong>nihil</strong></span> <span class='ocrx_word' id='word_1_180' title='bbox 2721 1413 3254 1490; x_wconf 88' lang='lat' dir='ltr'><strong>contradicentem,</strong></span> <span class='ocrx_word' id='word_1_181' title='bbox 3289 1414 3377 1479; x_wconf 87' lang='lat' dir='ltr'><strong>illi</strong></span> <span class='ocrx_word' id='word_1_182' title='bbox 3408 1405 3545 1480; x_wconf 79' lang='lat' dir='ltr'><strong>eum</strong></span> <span class='ocrx_word' id='word_1_183' title='bbox 3561 1418 3723 1481; x_wconf 85' lang='lat' dir='ltr'><strong>refe-</strong></span> 
     </span>
    </p>
   </div>
   <div class='ocr_carea' id='block_1_30' title="bbox 2065 1498 3724 1587">
    <p class='ocr_par' dir='ltr' id='par_1_30' title="bbox 2065 1498 3724 1587">
     <span class='ocr_line' id='line_1_30' title="bbox 2065 1498 3724 1587; baseline 0.008 -30"><span class='ocrx_word' id='word_1_184' title='bbox 2065 1504 2204 1559; x_wconf 90' lang='lat' dir='ltr'><strong>runt</strong></span> <span class='ocrx_word' id='word_1_185' title='bbox 2237 1498 2298 1559; x_wconf 88' lang='lat' dir='ltr'><strong>in</strong></span> <span class='ocrx_word' id='word_1_186' title='bbox 2330 1499 2475 1560; x_wconf 90' lang='lat' dir='ltr'><strong>cleri</strong></span> <span class='ocrx_word' id='word_1_187' title='bbox 2507 1517 2847 1567; x_wconf 89' lang='lat' dir='ltr'><strong>numerum.</strong></span> <span class='ocrx_word' id='word_1_188' title='bbox 2881 1503 3112 1566; x_wconf 88' lang='lat' dir='ltr'><strong>Deinde</strong></span> <span class='ocrx_word' id='word_1_189' title='bbox 3153 1522 3287 1566; x_wconf 88' lang='lat' dir='ltr'><strong>cum</strong></span> <span class='ocrx_word' id='word_1_190' title='bbox 3321 1523 3430 1587; x_wconf 90' lang='lat' dir='ltr'><strong>per</strong></span> <span class='ocrx_word' id='word_1_191' title='bbox 3448 1507 3724 1570; x_wconf 87' lang='lat' dir='ltr'><strong>ordinem</strong></span> 
     </span>
    </p>
   </div>
   <div class='ocr_carea' id='block_1_31' title="bbox 2066 1587 3721 1678">
    <p class='ocr_par' dir='ltr' id='par_1_31' title="bbox 2066 1587 3721 1678">
     <span class='ocr_line' id='line_1_31' title="bbox 2066 1587 3721 1678; baseline 0.007 -30"><span class='ocrx_word' id='word_1_192' title='bbox 2066 1587 2511 1678; x_wconf 86' lang='lat' dir='ltr'><strong>ecclesiasticos</strong></span> <span class='ocrx_word' id='word_1_193' title='bbox 2569 1607 2779 1653; x_wconf 89' lang='lat' dir='ltr'><strong>omnes</strong></span> <span class='ocrx_word' id='word_1_194' title='bbox 2836 1593 3054 1671; x_wconf 86' lang='lat' dir='ltr'><strong>gradus</strong></span> <span class='ocrx_word' id='word_1_195' title='bbox 3109 1594 3505 1678; x_wconf 87' lang='lat' dir='ltr'><strong>transivisset,</strong></span> <span class='ocrx_word' id='word_1_196' title='bbox 3581 1615 3721 1660; x_wconf 89' lang='lat' dir='ltr'><strong>eum</strong></span> 
     </span>
    </p>
   </div>
   <div class='ocr_carea' id='block_1_32' title="bbox 2065 1676 3725 1761">
    <p class='ocr_par' dir='ltr' id='par_1_32' title="bbox 2065 1676 3725 1761">
     <span class='ocr_line' id='line_1_32' title="bbox 2065 1676 3725 1761; baseline 0.008 -24"><span class='ocrx_word' id='word_1_197' title='bbox 2065 1676 2431 1739; x_wconf 89' lang='lat' dir='ltr'><strong>constituunt</strong></span> <span class='ocrx_word' id='word_1_198' title='bbox 2460 1679 2806 1761; x_wconf 88' lang='lat' dir='ltr'><strong>episcopum</strong></span> <span class='ocrx_word' id='word_1_199' title='bbox 2840 1681 3115 1747; x_wconf 78' lang='lat' dir='ltr'><strong>civitatis.</strong></span> <span class='ocrx_word' id='word_1_200' title='bbox 3178 1683 3295 1758; x_wconf 82' lang='lat' dir='ltr'><strong>Qui</strong></span> <span class='ocrx_word' id='word_1_201' title='bbox 3343 1676 3523 1748; x_wconf 85' lang='lat' dir='ltr'><strong>etiam</strong></span> <span class='ocrx_word' id='word_1_202' title='bbox 3584 1703 3725 1750; x_wconf 88' lang='lat' dir='ltr'><strong>cum</strong></span> 
     </span>
    </p>
   </div>
   <div class='ocr_carea' id='block_1_33' title="bbox 2067 1765 3725 1858">
    <p class='ocr_par' dir='ltr' id='par_1_33' title="bbox 2067 1765 3725 1858">
     <span class='ocr_line' id='line_1_33' title="bbox 2067 1765 3725 1858; baseline 0.008 -33"><span class='ocrx_word' id='word_1_203' title='bbox 2067 1774 2198 1858; x_wconf 87' lang='lat' dir='ltr'><strong>post</strong></span> <span class='ocrx_word' id='word_1_204' title='bbox 2224 1765 2582 1858; x_wconf 79' lang='lat' dir='ltr'><strong>electionem</strong></span> <span class='ocrx_word' id='word_1_205' title='bbox 2635 1768 2734 1858; x_wconf 88' lang='lat' dir='ltr'><strong>die</strong></span> <span class='ocrx_word' id='word_1_206' title='bbox 2782 1770 3038 1852; x_wconf 90' lang='lat' dir='ltr'><strong>septimo</strong></span> <span class='ocrx_word' id='word_1_207' title='bbox 3092 1772 3388 1851; x_wconf 80' lang='lat' dir='ltr'><strong>coegisset</strong></span> <span class='ocrx_word' id='word_1_208' title='bbox 3427 1773 3725 1858; x_wconf 89' lang='lat' dir='ltr'><strong>quidquid</strong></span> 
     </span>
    </p>
   </div>
   <div class='ocr_carea' id='block_1_34' title="bbox 340 1854 1986 1946">
    <p class='ocr_par' dir='ltr' id='par_1_34' title="bbox 340 1858 1982 1938">
     <span class='ocr_line' id='line_1_34' title="bbox 340 1858 1982 1938; baseline -0.001 -23"><span class='ocrx_word' id='word_1_209' title='bbox 340 1859 487 1932; x_wconf 72' lang='grc' dir='ltr'>αὗτῷ</span> <span class='ocrx_word' id='word_1_210' title='bbox 512 1860 744 1938; x_wconf 72' lang='grc' dir='ltr'>χρυσίον,</span> <span class='ocrx_word' id='word_1_211' title='bbox 805 1863 893 1916; x_wconf 79' lang='grc' dir='ltr'><strong>καὶ</strong></span> <span class='ocrx_word' id='word_1_212' title='bbox 948 1861 1047 1928; x_wconf 78' lang='grc' dir='ltr'><strong>τὴν</strong></span> <span class='ocrx_word' id='word_1_213' title='bbox 1100 1858 1269 1927; x_wconf 71' lang='grc' dir='ltr'>ἄλλην</span> <span class='ocrx_word' id='word_1_214' title='bbox 1329 1866 1505 1917; x_wconf 82' lang='grc' dir='ltr'>πᾶσαν</span> <span class='ocrx_word' id='word_1_215' title='bbox 1537 1859 1859 1937; x_wconf 77' lang='grc' dir='ltr'>περιουσίάν,</span> <span class='ocrx_word' id='word_1_216' title='bbox 1896 1858 1982 1916; x_wconf 83' lang='grc' dir='ltr'>καὶ</span> 
     </span>
    </p>
   </div>
   <div class='ocr_carea' id='block_1_35' title="bbox 2074 1854 3724 1946">
    <p class='ocr_par' dir='ltr' id='par_1_35' title="bbox 2074 1854 3724 1946">
     <span class='ocr_line' id='line_1_35' title="bbox 2074 1854 3724 1946; baseline 0.007 -30"><span class='ocrx_word' id='word_1_217' title='bbox 2074 1854 2324 1946; x_wconf 80' lang='lat' dir='ltr'><strong>habebat</strong></span> <span class='ocrx_word' id='word_1_218' title='bbox 2351 1856 2477 1946; x_wconf 79' lang='lat' dir='ltr'><strong>auri</strong></span> <span class='ocrx_word' id='word_1_219' title='bbox 2510 1864 2567 1920; x_wconf 92' lang='lat' dir='ltr'><strong>et</strong></span> <span class='ocrx_word' id='word_1_220' title='bbox 2596 1857 2846 1921; x_wconf 89' lang='lat' dir='ltr'><strong>aliarum</strong></span> <span class='ocrx_word' id='word_1_221' title='bbox 2882 1859 3251 1941; x_wconf 88' lang='lat' dir='ltr'><strong>facultatum,</strong></span> <span class='ocrx_word' id='word_1_222' title='bbox 3276 1870 3338 1924; x_wconf 91' lang='lat' dir='ltr'><strong>et</strong></span> <span class='ocrx_word' id='word_1_223' title='bbox 3362 1863 3562 1927; x_wconf 83' lang='lat' dir='ltr'><strong>valere</strong></span> <span class='ocrx_word' id='word_1_224' title='bbox 3584 1854 3724 1946; x_wconf 68' lang='lat' dir='ltr'><strong>ius-</strong></span> 
     </span>
    </p>
   </div>
   <div class='ocr_carea' id='block_1_36' title="bbox 338 1947 1982 2029">
    <p class='ocr_par' dir='ltr' id='par_1_36' title="bbox 338 1947 1982 2029">
     <span class='ocr_line' id='line_1_36' title="bbox 338 1947 1982 2029; baseline -0.001 -25"><span class='ocrx_word' id='word_1_225' title='bbox 338 1949 556 2028; x_wconf 82' lang='grc' dir='ltr'>χαίρειν</span> <span class='ocrx_word' id='word_1_226' title='bbox 608 1950 756 2005; x_wconf 71' lang='grc' dir='ltr'>εἰπὼν</span> <span class='ocrx_word' id='word_1_227' title='bbox 810 1956 984 2029; x_wconf 71' lang='grc' dir='ltr'>τρυφῇ</span> <span class='ocrx_word' id='word_1_228' title='bbox 1038 1950 1134 2007; x_wconf 69' lang='grc' dir='ltr'>καὶ</span> <span class='ocrx_word' id='word_1_229' title='bbox 1191 1949 1413 2027; x_wconf 75' lang='grc' dir='ltr'>βλακείᾳ</span> <span class='ocrx_word' id='word_1_230' title='bbox 1468 1950 1562 2006; x_wconf 68' lang='grc' dir='ltr'><strong>καί</strong></span> <span class='ocrx_word' id='word_1_231' title='bbox 1620 1962 1738 2011; x_wconf 74' lang='grc' dir='ltr'>τοῖς</span> <span class='ocrx_word' id='word_1_232' title='bbox 1800 1947 1982 2011; x_wconf 72' lang='grc' dir='ltr'>ἄλλοις</span> 
     </span>
    </p>
   </div>
   <div class='ocr_carea' id='block_1_37' title="bbox 329 2038 1980 2120">
    <p class='ocr_par' dir='ltr' id='par_1_37' title="bbox 329 2038 1980 2120">
     <span class='ocr_line' id='line_1_37' title="bbox 329 2038 1980 2120; baseline -0.002 -24"><span class='ocrx_word' id='word_1_233' title='bbox 329 2043 428 2103; x_wconf 77' lang='grc' dir='ltr'>οἷς</span> <span class='ocrx_word' id='word_1_234' title='bbox 489 2038 726 2118; x_wconf 85' lang='grc' dir='ltr'>χαίρουσι</span> <span class='ocrx_word' id='word_1_235' title='bbox 780 2038 1130 2118; x_wconf 69' lang='grc' dir='ltr'>φιλοκόσμων</span> <span class='ocrx_word' id='word_1_236' title='bbox 1188 2042 1384 2120; x_wconf 75' lang='grc' dir='ltr'>ψυχαὶ,</span> <span class='ocrx_word' id='word_1_237' title='bbox 1445 2041 1598 2120; x_wconf 83' lang='grc' dir='ltr'>χερσὶ</span> <span class='ocrx_word' id='word_1_238' title='bbox 1657 2039 1827 2095; x_wconf 85' lang='grc' dir='ltr'>πάντα</span> <span class='ocrx_word' id='word_1_239' title='bbox 1883 2059 1980 2094; x_wconf 80' lang='grc' dir='ltr'>πε-</span> 
     </span>
    </p>
   </div>
   <div class='ocr_carea' id='block_1_38' title="bbox 318 2126 1982 2205">
    <p class='ocr_par' dir='ltr' id='par_1_38' title="bbox 318 2126 1982 2205">
     <span class='ocr_line' id='line_1_38' title="bbox 318 2126 1982 2205; baseline -0.001 -20"><span class='ocrx_word' id='word_1_240' title='bbox 318 2130 511 2199; x_wconf 69' lang='grc' dir='ltr'>νήτων</span> <span class='ocrx_word' id='word_1_241' title='bbox 567 2126 749 2190; x_wconf 77' lang='grc' dir='ltr'>ἐδίδου.</span> <span class='ocrx_word' id='word_1_242' title='bbox 808 2128 946 2185; x_wconf 77' lang='grc' dir='ltr'>Εἶτα</span> <span class='ocrx_word' id='word_1_243' title='bbox 1004 2129 1093 2186; x_wconf 84' lang='grc' dir='ltr'><strong>καὶ</strong></span> <span class='ocrx_word' id='word_1_244' title='bbox 1149 2130 1216 2187; x_wconf 82' lang='grc' dir='ltr'><strong>τὰ</strong></span> <span class='ocrx_word' id='word_1_245' title='bbox 1275 2126 1411 2186; x_wconf 68' lang='grc' dir='ltr'>ἄλλα</span> <span class='ocrx_word' id='word_1_246' title='bbox 1461 2130 1631 2186; x_wconf 81' lang='grc' dir='ltr'>πάντα</span> <span class='ocrx_word' id='word_1_247' title='bbox 1677 2127 1762 2184; x_wconf 70' lang='grc' dir='ltr'><strong>διὰ</strong></span> <span class='ocrx_word' id='word_1_248' title='bbox 1793 2133 1982 2205; x_wconf 80' lang='grc' dir='ltr'>μικρᾶς</span> 
     </span>
    </p>
   </div>
   <div class='ocr_carea' id='block_1_39' title="bbox 317 2217 1981 2298">
    <p class='ocr_par' dir='ltr' id='par_1_39' title="bbox 317 2217 1981 2298">
     <span class='ocr_line' id='line_1_39' title="bbox 317 2217 1981 2298; baseline 0.002 -23"><span class='ocrx_word' id='word_1_249' title='bbox 317 2219 551 2293; x_wconf 79' lang='grc' dir='ltr'><strong>θέμενος</strong></span> <span class='ocrx_word' id='word_1_250' title='bbox 605 2219 705 2284; x_wconf 79' lang='grc' dir='ltr'>τῆς</span> <span class='ocrx_word' id='word_1_251' title='bbox 759 2217 1056 2298; x_wconf 74' lang='grc' dir='ltr'><strong>φροντίδος,</strong></span> <span class='ocrx_word' id='word_1_252' title='bbox 1117 2219 1210 2275; x_wconf 83' lang='grc' dir='ltr'>σὺν</span> <span class='ocrx_word' id='word_1_253' title='bbox 1271 2220 1428 2276; x_wconf 86' lang='grc' dir='ltr'>παντὶ</span> <span class='ocrx_word' id='word_1_254' title='bbox 1484 2223 1561 2292; x_wconf 80' lang='grc' dir='ltr'><strong>τῷ</strong></span> <span class='ocrx_word' id='word_1_255' title='bbox 1608 2217 1799 2287; x_wconf 82' lang='grc' dir='ltr'>πλήθει</span> <span class='ocrx_word' id='word_1_256' title='bbox 1851 2218 1981 2293; x_wconf 80' lang='grc' dir='ltr'>πρὸς</span> 
     </span>
    </p>
   </div>
   <div class='ocr_carea' id='block_1_40' title="bbox 318 2306 1984 2382">
    <p class='ocr_par' dir='ltr' id='par_1_40' title="bbox 318 2306 1984 2382">
     <span class='ocr_line' id='line_1_40' title="bbox 318 2306 1984 2382; baseline -0.001 -18"><span class='ocrx_word' id='word_1_257' title='bbox 318 2309 413 2365; x_wconf 72' lang='grc' dir='ltr'><strong>τὸν</strong></span> <span class='ocrx_word' id='word_1_258' title='bbox 477 2307 616 2364; x_wconf 71' lang='grc' dir='ltr'>κατὰ</span> <span class='ocrx_word' id='word_1_259' title='bbox 664 2313 773 2364; x_wconf 84' lang='grc' dir='ltr'><strong>τῶν</strong></span> <span class='ocrx_word' id='word_1_260' title='bbox 827 2306 1091 2380; x_wconf 80' lang='grc' dir='ltr'>δαιμόνων</span> <span class='ocrx_word' id='word_1_261' title='bbox 1164 2306 1494 2373; x_wconf 79' lang='grc' dir='ltr'>ἐξωπλίσατο</span> <span class='ocrx_word' id='word_1_262' title='bbox 1550 2306 1815 2382; x_wconf 87' lang='grc' dir='ltr'>πόλεμον,</span> <span class='ocrx_word' id='word_1_263' title='bbox 1890 2310 1984 2362; x_wconf 82' lang='grc' dir='ltr'>οἷα</span> 
     </span>
    </p>
   </div>
   <div class='ocr_carea' id='block_1_41' title="bbox 325 2394 1980 2476">
    <p class='ocr_par' dir='ltr' id='par_1_41' title="bbox 325 2394 1980 2476">
     <span class='ocr_line' id='line_1_41' title="bbox 325 2394 1980 2476; baseline -0.001 -23"><span class='ocrx_word' id='word_1_264' title='bbox 325 2402 688 2472; x_wconf 73' lang='grc' dir='ltr'><strong>μνησικακῶν</strong></span> <span class='ocrx_word' id='word_1_265' title='bbox 746 2398 929 2461; x_wconf 67' lang='grc' dir='ltr'>αὺτοῖς</span> <span class='ocrx_word' id='word_1_266' title='bbox 984 2404 1079 2454; x_wconf 79' lang='grc' dir='ltr'><strong>τοῦ</strong></span> <span class='ocrx_word' id='word_1_267' title='bbox 1135 2397 1389 2476; x_wconf 77' lang='grc' dir='ltr'>προτέρου</span> <span class='ocrx_word' id='word_1_268' title='bbox 1443 2399 1567 2474; x_wconf 80' lang='grc' dir='ltr'>βίου</span> <span class='ocrx_word' id='word_1_269' title='bbox 1597 2396 1808 2463; x_wconf 74' lang='grc' dir='ltr'>καὶτῆς</span> <span class='ocrx_word' id='word_1_270' title='bbox 1835 2394 1980 2452; x_wconf 87' lang='grc' dir='ltr'><strong>πλά-</strong></span> 
     </span>
    </p>
   </div>
   <div class='ocr_carea' id='block_1_42' title="bbox 338 2485 1981 2564">
    <p class='ocr_par' dir='ltr' id='par_1_42' title="bbox 338 2485 1981 2564">
     <span class='ocr_line' id='line_1_42' title="bbox 338 2485 1981 2564; baseline 0.001 -24"><span class='ocrx_word' id='word_1_271' title='bbox 338 2509 429 2552; x_wconf 71' lang='lat' dir='ltr'><strong>mc</strong></span> <span class='ocrx_word' id='word_1_272' title='bbox 484 2492 760 2563; x_wconf 81' lang='grc' dir='ltr'>κραταιῶς</span> <span class='ocrx_word' id='word_1_273' title='bbox 832 2486 1188 2562; x_wconf 76' lang='grc' dir='ltr'>ἀμυνόμενος,</span> <span class='ocrx_word' id='word_1_274' title='bbox 1264 2488 1351 2543; x_wconf 83' lang='grc' dir='ltr'><strong>καὶ</strong></span> <span class='ocrx_word' id='word_1_275' title='bbox 1422 2487 1475 2543; x_wconf 82' lang='grc' dir='ltr'><strong>ἐν</strong></span> <span class='ocrx_word' id='word_1_276' title='bbox 1558 2486 1720 2564; x_wconf 82' lang='grc' dir='ltr'><strong>ὀλίγῳ</strong></span> <span class='ocrx_word' id='word_1_277' title='bbox 1789 2485 1854 2542; x_wconf 80' lang='grc' dir='ltr'>τὰ</span> <span class='ocrx_word' id='word_1_278' title='bbox 1924 2506 1981 2541; x_wconf 88' lang='grc' dir='ltr'><strong>τε</strong></span> 
     </span>
    </p>
   </div>
   <div class='ocr_carea' id='block_1_43' title="bbox 334 2574 1979 2656">
    <p class='ocr_par' dir='ltr' id='par_1_43' title="bbox 334 2574 1979 2656">
     <span class='ocr_line' id='line_1_43' title="bbox 334 2574 1979 2656; baseline -0.001 -24"><span class='ocrx_word' id='word_1_279' title='bbox 334 2574 665 2656; x_wconf 68' lang='grc' dir='ltr'>ἀφιδρύματα</span> <span class='ocrx_word' id='word_1_280' title='bbox 726 2578 816 2633; x_wconf 83' lang='grc' dir='ltr'><strong>καὶ</strong></span> <span class='ocrx_word' id='word_1_281' title='bbox 872 2577 994 2639; x_wconf 80' lang='grc' dir='ltr'>τοὺς</span> <span class='ocrx_word' id='word_1_282' title='bbox 1054 2577 1269 2652; x_wconf 79' lang='grc' dir='ltr'>βωμοὺς</span> <span class='ocrx_word' id='word_1_283' title='bbox 1341 2578 1513 2633; x_wconf 71' lang='grc' dir='ltr'>αὒτιῦν</span> <span class='ocrx_word' id='word_1_284' title='bbox 1582 2574 1979 2654; x_wconf 80' lang='grc' dir='ltr'>καταστρέψας,</span> 
     </span>
    </p>
   </div>
   <div class='ocr_carea' id='block_1_44' title="bbox 329 2664 1984 2747">
    <p class='ocr_par' dir='ltr' id='par_1_44' title="bbox 329 2664 1984 2747">
     <span class='ocr_line' id='line_1_44' title="bbox 329 2664 1984 2747; baseline -0.002 -24"><span class='ocrx_word' id='word_1_285' title='bbox 329 2668 414 2723; x_wconf 77' lang='grc' dir='ltr'><strong>καὶ</strong></span> <span class='ocrx_word' id='word_1_286' title='bbox 445 2672 550 2722; x_wconf 83' lang='grc' dir='ltr'><strong>πᾶν</strong></span> <span class='ocrx_word' id='word_1_287' title='bbox 581 2664 810 2722; x_wconf 79' lang='grc' dir='ltr'>εἴδωλον</span> <span class='ocrx_word' id='word_1_288' title='bbox 847 2664 1107 2740; x_wconf 85' lang='grc' dir='ltr'>καθελὼν,</span> <span class='ocrx_word' id='word_1_289' title='bbox 1156 2672 1440 2747; x_wconf 72' lang='grc' dir='ltr'>πανταχοῦ</span> <span class='ocrx_word' id='word_1_290' title='bbox 1494 2667 1586 2723; x_wconf 88' lang='grc' dir='ltr'><strong>τόν</strong></span> <span class='ocrx_word' id='word_1_291' title='bbox 1645 2687 1704 2722; x_wconf 86' lang='grc' dir='ltr'><strong>τε</strong></span> <span class='ocrx_word' id='word_1_292' title='bbox 1763 2666 1984 2741; x_wconf 75' lang='grc' dir='ltr'>σταυρὸν</span> 
     </span>
    </p>
   </div>
   <div class='ocr_carea' id='block_1_45' title="bbox 324 2755 1988 2834">
    <p class='ocr_par' dir='ltr' id='par_1_45' title="bbox 324 2755 1988 2834">
     <span class='ocr_line' id='line_1_45' title="bbox 324 2755 1988 2834; baseline -0.001 -23"><span class='ocrx_word' id='word_1_293' title='bbox 324 2755 590 2830; x_wconf 72' lang='grc' dir='ltr'>ἐπήξατο,</span> <span class='ocrx_word' id='word_1_294' title='bbox 650 2756 740 2812; x_wconf 85' lang='grc' dir='ltr'><strong>καὶ</strong></span> <span class='ocrx_word' id='word_1_295' title='bbox 796 2756 1142 2834; x_wconf 73' lang='grc' dir='ltr'>θυσιαστήρια</span> <span class='ocrx_word' id='word_1_296' title='bbox 1203 2757 1588 2831; x_wconf 69' lang='grc' dir='ltr'>συνεστήσατο,</span> <span class='ocrx_word' id='word_1_297' title='bbox 1644 2756 1729 2811; x_wconf 88' lang='grc' dir='ltr'><strong>καὶ</strong></span> <span class='ocrx_word' id='word_1_298' title='bbox 1775 2756 1837 2811; x_wconf 74' lang='grc' dir='ltr'>τὸ</span> <span class='ocrx_word' id='word_1_299' title='bbox 1894 2756 1988 2811; x_wconf 73' lang='grc' dir='ltr'>τοῦ</span> 
     </span>
    </p>
   </div>
   <div class='ocr_carea' id='block_1_46' title="bbox 332 2843 1982 2925">
    <p class='ocr_par' dir='ltr' id='par_1_46' title="bbox 332 2843 1982 2925">
     <span class='ocr_line' id='line_1_46' title="bbox 332 2843 1982 2925; baseline -0.002 -23"><span class='ocrx_word' id='word_1_300' title='bbox 332 2852 565 2920; x_wconf 71' lang='grc' dir='ltr'>Χριστοῦ</span> <span class='ocrx_word' id='word_1_301' title='bbox 637 2848 1051 2923; x_wconf 73' lang='grc' dir='ltr'>προσκυνεῖσθαι</span> <span class='ocrx_word' id='word_1_302' title='bbox 1130 2846 1519 2925; x_wconf 75' lang='grc' dir='ltr'><strong>παρεσκεύασεν</strong></span> <span class='ocrx_word' id='word_1_303' title='bbox 1591 2843 1779 2920; x_wconf 68' lang='grc' dir='ltr'>ὄνομα.</span> <span class='ocrx_word' id='word_1_304' title='bbox 1855 2845 1982 2906; x_wconf 81' lang='grc' dir='ltr'>Τοὺς</span> 
     </span>
    </p>
   </div>
   <div class='ocr_carea' id='block_1_47' title="bbox 338 2934 1984 3014">
    <p class='ocr_par' dir='ltr' id='par_1_47' title="bbox 338 2934 1984 3014">
     <span class='ocr_line' id='line_1_47' title="bbox 338 2934 1984 3014; baseline 0 -26"><span class='ocrx_word' id='word_1_305' title='bbox 338 2935 437 3011; x_wconf 74' lang='grc' dir='ltr'><strong>μὲν</strong></span> <span class='ocrx_word' id='word_1_306' title='bbox 475 2935 560 2991; x_wconf 77' lang='grc' dir='ltr'>οὖν</span> <span class='ocrx_word' id='word_1_307' title='bbox 623 2934 824 3014; x_wconf 73' lang='grc' dir='ltr'>ὄχλους</span> <span class='ocrx_word' id='word_1_308' title='bbox 873 2936 1010 3011; x_wconf 78' lang='grc' dir='ltr'>μετὰ</span> <span class='ocrx_word' id='word_1_309' title='bbox 1057 2941 1213 2992; x_wconf 76' lang='grc' dir='ltr'>τοῦτο</span> <span class='ocrx_word' id='word_1_310' title='bbox 1261 2937 1689 3014; x_wconf 77' lang='grc' dir='ltr'>προσπίπτοντας</span> <span class='ocrx_word' id='word_1_311' title='bbox 1721 2935 1809 2990; x_wconf 83' lang='grc' dir='ltr'><strong>καὶ</strong></span> <span class='ocrx_word' id='word_1_312' title='bbox 1838 2934 1984 3008; x_wconf 80' lang='grc' dir='ltr'>βαπ-</span> 
     </span>
    </p>
   </div>
   <div class='ocr_carea' id='block_1_48' title="bbox 336 3022 1981 3100">
    <p class='ocr_par' dir='ltr' id='par_1_48' title="bbox 336 3022 1981 3100">
     <span class='ocr_line' id='line_1_48' title="bbox 336 3022 1981 3100; baseline 0.001 -19"><span class='ocrx_word' id='word_1_313' title='bbox 336 3027 575 3092; x_wconf 71' lang='grc' dir='ltr'>τισθῆναι</span> <span class='ocrx_word' id='word_1_314' title='bbox 660 3022 944 3100; x_wconf 78' lang='grc' dir='ltr'>δεομένους</span> <span class='ocrx_word' id='word_1_315' title='bbox 1021 3022 1297 3096; x_wconf 78' lang='grc' dir='ltr'>ἐϐάπτιζεν</span> <span class='ocrx_word' id='word_1_316' title='bbox 1382 3026 1611 3091; x_wconf 81' lang='grc' dir='ltr'>ἑκάστης</span> <span class='ocrx_word' id='word_1_317' title='bbox 1681 3024 1981 3098; x_wconf 81' lang='grc' dir='ltr'>τοσούτους,</span> 
     </span>
    </p>
   </div>
   <div class='ocr_carea' id='block_1_49' title="bbox 332 3111 1984 3193">
    <p class='ocr_par' dir='ltr' id='par_1_49' title="bbox 332 3111 1984 3193">
     <span class='ocr_line' id='line_1_49' title="bbox 332 3111 1984 3193; baseline -0.001 -23"><span class='ocrx_word' id='word_1_318' title='bbox 332 3117 406 3181; x_wconf 83' lang='grc' dir='ltr'><strong>ὡς</strong></span> <span class='ocrx_word' id='word_1_319' title='bbox 435 3111 568 3191; x_wconf 71' lang='grc' dir='ltr'>μηδὲ</span> <span class='ocrx_word' id='word_1_320' title='bbox 631 3115 839 3193; x_wconf 80' lang='grc' dir='ltr'>ἆριθμῷ</span> <span class='ocrx_word' id='word_1_321' title='bbox 895 3112 1081 3191; x_wconf 79' lang='grc' dir='ltr'>ῥᾳδίως</span> <span class='ocrx_word' id='word_1_322' title='bbox 1141 3116 1323 3181; x_wconf 72' lang='grc' dir='ltr'>αὐτοὺς</span> <span class='ocrx_word' id='word_1_323' title='bbox 1380 3112 1789 3176; x_wconf 70' lang='grc' dir='ltr'>ὑποϐαλλεσθαι.</span> <span class='ocrx_word' id='word_1_324' title='bbox 1854 3114 1984 3175; x_wconf 78' lang='grc' dir='ltr'><strong>Τοὺς</strong></span> 
     </span>
    </p>
   </div>
   <div class='ocr_carea' id='block_1_50' title="bbox 2066 1944 3717 2031">
    <p class='ocr_par' dir='ltr' id='par_1_50' title="bbox 2066 1944 3717 2031">
     <span class='ocr_line' id='line_1_50' title="bbox 2066 1944 3717 2031; baseline 0.007 -24"><span class='ocrx_word' id='word_1_325' title='bbox 2066 1946 2239 2007; x_wconf 89' lang='lat' dir='ltr'><strong>sisset</strong></span> <span class='ocrx_word' id='word_1_326' title='bbox 2273 1944 2519 2008; x_wconf 86' lang='lat' dir='ltr'><strong>delicias</strong></span> <span class='ocrx_word' id='word_1_327' title='bbox 2547 1954 2606 2008; x_wconf 92' lang='lat' dir='ltr'><strong>et</strong></span> <span class='ocrx_word' id='word_1_328' title='bbox 2637 1946 2990 2022; x_wconf 88' lang='lat' dir='ltr'><strong>lautitias,et</strong></span> <span class='ocrx_word' id='word_1_329' title='bbox 3019 1949 3136 2013; x_wconf 86' lang='lat' dir='ltr'><strong>alia</strong></span> <span class='ocrx_word' id='word_1_330' title='bbox 3165 1950 3382 2031; x_wconf 90' lang='lat' dir='ltr'><strong>quibus</strong></span> <span class='ocrx_word' id='word_1_331' title='bbox 3408 1944 3717 2018; x_wconf 84' lang='lat' dir='ltr'><strong>delectan-</strong></span> 
     </span>
    </p>
   </div>
   <div class='ocr_carea' id='block_1_51' title="bbox 2069 2033 3722 2122">
    <p class='ocr_par' dir='ltr' id='par_1_51' title="bbox 2069 2033 3722 2122">
     <span class='ocr_line' id='line_1_51' title="bbox 2069 2033 3722 2122; baseline 0.008 -30"><span class='ocrx_word' id='word_1_332' title='bbox 2069 2034 2162 2122; x_wconf 67' lang='lat' dir='ltr'><strong>tur</strong></span> <span class='ocrx_word' id='word_1_333' title='bbox 2190 2051 2397 2122; x_wconf 83' lang='lat' dir='ltr'><strong>eorum</strong></span> <span class='ocrx_word' id='word_1_334' title='bbox 2423 2033 2663 2111; x_wconf 71' lang='lat' dir='ltr'><strong>animm,</strong></span> <span class='ocrx_word' id='word_1_335' title='bbox 2690 2036 2795 2117; x_wconf 90' lang='lat' dir='ltr'><strong>qui</strong></span> <span class='ocrx_word' id='word_1_336' title='bbox 2843 2037 3066 2099; x_wconf 91' lang='lat' dir='ltr'><strong>mundo</strong></span> <span class='ocrx_word' id='word_1_337' title='bbox 3089 2037 3493 2122; x_wconf 88' lang='lat' dir='ltr'><strong>delectantur,</strong></span> <span class='ocrx_word' id='word_1_338' title='bbox 3517 2042 3722 2106; x_wconf 81' lang='lat' dir='ltr'><strong>omnia</strong></span> 
     </span>
    </p>
   </div>
   <div class='ocr_carea' id='block_1_52' title="bbox 2066 2121 3723 2205">
    <p class='ocr_par' dir='ltr' id='par_1_52' title="bbox 2066 2121 3723 2205">
     <span class='ocr_line' id='line_1_52' title="bbox 2066 2121 3723 2205; baseline 0.008 -23"><span class='ocrx_word' id='word_1_339' title='bbox 2066 2121 2232 2183; x_wconf 89' lang='lat' dir='ltr'><strong>dedit</strong></span> <span class='ocrx_word' id='word_1_340' title='bbox 2261 2121 2324 2184; x_wconf 91' lang='lat' dir='ltr'><strong>in</strong></span> <span class='ocrx_word' id='word_1_341' title='bbox 2356 2141 2568 2186; x_wconf 90' lang='lat' dir='ltr'><strong>manus</strong></span> <span class='ocrx_word' id='word_1_342' title='bbox 2594 2143 2945 2205; x_wconf 87' lang='lat' dir='ltr'><strong>pauperum.</strong></span> <span class='ocrx_word' id='word_1_343' title='bbox 2976 2126 3207 2189; x_wconf 90' lang='lat' dir='ltr'><strong>Deinde</strong></span> <span class='ocrx_word' id='word_1_344' title='bbox 3236 2147 3371 2191; x_wconf 91' lang='lat' dir='ltr'><strong>cum</strong></span> <span class='ocrx_word' id='word_1_345' title='bbox 3401 2133 3583 2194; x_wconf 86' lang='lat' dir='ltr'><strong>etiam</strong></span> <span class='ocrx_word' id='word_1_346' title='bbox 3603 2132 3723 2196; x_wconf 79' lang='lat' dir='ltr'><strong>alia</strong></span> 
     </span>
    </p>
   </div>
   <div class='ocr_carea' id='block_1_53' title="bbox 2067 2212 3723 2296">
    <p class='ocr_par' dir='ltr' id='par_1_53' title="bbox 2067 2212 3723 2296">
     <span class='ocr_line' id='line_1_53' title="bbox 2067 2212 3723 2296; baseline 0.007 -24"><span class='ocrx_word' id='word_1_347' title='bbox 2067 2212 2267 2273; x_wconf 84' lang='lat' dir='ltr'><strong>omnia</strong></span> <span class='ocrx_word' id='word_1_348' title='bbox 2325 2212 2751 2296; x_wconf 88' lang='lat' dir='ltr'><strong>parvifecisset,</strong></span> <span class='ocrx_word' id='word_1_349' title='bbox 2811 2230 2948 2278; x_wconf 90' lang='lat' dir='ltr'><strong>cum</strong></span> <span class='ocrx_word' id='word_1_350' title='bbox 3007 2216 3283 2281; x_wconf 87' lang='lat' dir='ltr'><strong>universa</strong></span> <span class='ocrx_word' id='word_1_351' title='bbox 3338 2219 3723 2284; x_wconf 85' lang='lat' dir='ltr'><strong>multitudine</strong></span> 
     </span>
    </p>
   </div>
   <div class='ocr_carea' id='block_1_54' title="bbox 2066 2302 3720 2394">
    <p class='ocr_par' dir='ltr' id='par_1_54' title="bbox 2066 2302 3720 2394">
     <span class='ocr_line' id='line_1_54' title="bbox 2066 2302 3720 2394; baseline 0.007 -32"><span class='ocrx_word' id='word_1_352' title='bbox 2066 2318 2132 2363; x_wconf 90' lang='lat' dir='ltr'><strong>se</strong></span> <span class='ocrx_word' id='word_1_353' title='bbox 2162 2303 2511 2394; x_wconf 83' lang='lat' dir='ltr'><strong>armavit&#39;ad</strong></span> <span class='ocrx_word' id='word_1_354' title='bbox 2544 2302 2767 2366; x_wconf 86' lang='lat' dir='ltr'><strong>bellum</strong></span> <span class='ocrx_word' id='word_1_355' title='bbox 2794 2307 3123 2384; x_wconf 88' lang='lat' dir='ltr'><strong>gerendum</strong></span> <span class='ocrx_word' id='word_1_356' title='bbox 3148 2315 3358 2371; x_wconf 88' lang='lat' dir='ltr'><strong>contra</strong></span> <span class='ocrx_word' id='word_1_357' title='bbox 3385 2309 3720 2394; x_wconf 78' lang='lat' dir='ltr'><strong>daemones,</strong></span> 
     </span>
    </p>
   </div>
   <div class='ocr_carea' id='block_1_55' title="bbox 2067 2390 3724 2481">
    <p class='ocr_par' dir='ltr' id='par_1_55' title="bbox 2067 2390 3724 2481">
     <span class='ocr_line' id='line_1_55' title="bbox 2067 2390 3724 2481; baseline 0.007 -30"><span class='ocrx_word' id='word_1_358' title='bbox 2067 2398 2149 2481; x_wconf 16' lang='lat' dir='ltr'><strong>ut,</strong></span> <span class='ocrx_word' id='word_1_359' title='bbox 2188 2390 2475 2481; x_wconf 81' lang='lat' dir='ltr'><strong>adversus</strong></span> <span class='ocrx_word' id='word_1_360' title='bbox 2534 2411 2684 2474; x_wconf 89' lang='lat' dir='ltr'><strong>quos</strong></span> <span class='ocrx_word' id='word_1_361' title='bbox 2761 2403 2994 2473; x_wconf 80' lang='lat' dir='ltr'><strong>gereret</strong></span> <span class='ocrx_word' id='word_1_362' title='bbox 3063 2395 3408 2461; x_wconf 87' lang='lat' dir='ltr'><strong>inimicitias</strong></span> <span class='ocrx_word' id='word_1_363' title='bbox 3479 2390 3724 2481; x_wconf 79' lang='lat' dir='ltr'><strong>propter</strong></span> 
     </span>
    </p>
   </div>
   <div class='ocr_carea' id='block_1_56' title="bbox 2067 2479 3723 2562">
    <p class='ocr_par' dir='ltr' id='par_1_56' title="bbox 2067 2479 3723 2562">
     <span class='ocr_line' id='line_1_56' title="bbox 2067 2479 3723 2562; baseline 0.008 -24"><span class='ocrx_word' id='word_1_364' title='bbox 2067 2480 2322 2558; x_wconf 88' lang='lat' dir='ltr'><strong>priorem</strong></span> <span class='ocrx_word' id='word_1_365' title='bbox 2376 2479 2576 2558; x_wconf 87' lang='lat' dir='ltr'><strong>vitam,</strong></span> <span class='ocrx_word' id='word_1_366' title='bbox 2635 2488 2695 2543; x_wconf 90' lang='lat' dir='ltr'><strong>et</strong></span> <span class='ocrx_word' id='word_1_367' title='bbox 2742 2500 2949 2562; x_wconf 84' lang='lat' dir='ltr'><strong>eorum</strong></span> <span class='ocrx_word' id='word_1_368' title='bbox 3010 2502 3273 2548; x_wconf 91' lang='lat' dir='ltr'><strong>errorem</strong></span> <span class='ocrx_word' id='word_1_369' title='bbox 3332 2479 3723 2553; x_wconf 80' lang='lat' dir='ltr'><strong>vehementer</strong></span> 
     </span>
    </p>
   </div>
   <div class='ocr_carea' id='block_1_57' title="bbox 2067 2571 3723 2649">
    <p class='ocr_par' dir='ltr' id='par_1_57' title="bbox 2067 2571 3723 2649">
     <span class='ocr_line' id='line_1_57' title="bbox 2067 2571 3723 2649; baseline 0.008 -21"><span class='ocrx_word' id='word_1_370' title='bbox 2067 2576 2567 2649; x_wconf 88' lang='lat' dir='ltr'><strong>persequeretur:</strong></span> <span class='ocrx_word' id='word_1_371' title='bbox 2625 2578 2682 2632; x_wconf 90' lang='lat' dir='ltr'><strong>et</strong></span> <span class='ocrx_word' id='word_1_372' title='bbox 2726 2589 2864 2633; x_wconf 91' lang='lat' dir='ltr'><strong>cum</strong></span> <span class='ocrx_word' id='word_1_373' title='bbox 2897 2571 3064 2637; x_wconf 89' lang='lat' dir='ltr'><strong>brevi</strong></span> <span class='ocrx_word' id='word_1_374' title='bbox 3093 2591 3299 2637; x_wconf 88' lang='lat' dir='ltr'><strong>eorum</strong></span> <span class='ocrx_word' id='word_1_375' title='bbox 3330 2575 3464 2638; x_wconf 83' lang='lat' dir='ltr'><strong>fana</strong></span> <span class='ocrx_word' id='word_1_376' title='bbox 3495 2584 3555 2639; x_wconf 90' lang='lat' dir='ltr'><strong>et</strong></span> <span class='ocrx_word' id='word_1_377' title='bbox 3583 2594 3723 2642; x_wconf 86' lang='lat' dir='ltr'><strong>aras</strong></span> 
     </span>
    </p>
   </div>
   <div class='ocr_carea' id='block_1_58' title="bbox 2067 2658 3719 2748">
    <p class='ocr_par' dir='ltr' id='par_1_58' title="bbox 2067 2658 3719 2748">
     <span class='ocr_line' id='line_1_58' title="bbox 2067 2658 3719 2748; baseline 0.008 -30"><span class='ocrx_word' id='word_1_378' title='bbox 2067 2658 2400 2748; x_wconf 83' lang='lat' dir='ltr'><strong>evertisset,</strong></span> <span class='ocrx_word' id='word_1_379' title='bbox 2436 2667 2493 2721; x_wconf 91' lang='lat' dir='ltr'><strong>et</strong></span> <span class='ocrx_word' id='word_1_380' title='bbox 2515 2658 2833 2723; x_wconf 88' lang='lat' dir='ltr'><strong>simulacra</strong></span> <span class='ocrx_word' id='word_1_381' title='bbox 2852 2660 3193 2743; x_wconf 90' lang='lat' dir='ltr'><strong>dejecisset,</strong></span> <span class='ocrx_word' id='word_1_382' title='bbox 3228 2664 3450 2748; x_wconf 83' lang='lat' dir='ltr'><strong>ubique</strong></span> <span class='ocrx_word' id='word_1_383' title='bbox 3477 2684 3719 2731; x_wconf 88' lang='lat' dir='ltr'><strong>crucem</strong></span> 
     </span>
    </p>
   </div>
   <div class='ocr_carea' id='block_1_59' title="bbox 2068 2747 3717 2839">
    <p class='ocr_par' dir='ltr' id='par_1_59' title="bbox 2068 2747 3717 2839">
     <span class='ocr_line' id='line_1_59' title="bbox 2068 2747 3717 2839; baseline 0.007 -30"><span class='ocrx_word' id='word_1_384' title='bbox 2068 2747 2191 2839; x_wconf 83' lang='lat' dir='ltr'><strong>ﬁxit</strong></span> <span class='ocrx_word' id='word_1_385' title='bbox 2221 2756 2278 2809; x_wconf 92' lang='lat' dir='ltr'><strong>et</strong></span> <span class='ocrx_word' id='word_1_386' title='bbox 2306 2748 2369 2809; x_wconf 86' lang='lat' dir='ltr'><strong>in</strong></span> <span class='ocrx_word' id='word_1_387' title='bbox 2392 2748 2614 2839; x_wconf 77' lang='lat' dir='ltr'><strong>Christi</strong></span> <span class='ocrx_word' id='word_1_388' title='bbox 2636 2751 2881 2813; x_wconf 89' lang='lat' dir='ltr'><strong>nomine</strong></span> <span class='ocrx_word' id='word_1_389' title='bbox 2898 2754 3228 2816; x_wconf 83' lang='lat' dir='ltr'><strong>construxit</strong></span> <span class='ocrx_word' id='word_1_390' title='bbox 3255 2754 3490 2819; x_wconf 86' lang='lat' dir='ltr'><strong>altaria.</strong></span> <span class='ocrx_word' id='word_1_391' title='bbox 3517 2756 3717 2839; x_wconf 87' lang='lat' dir='ltr'><strong>Atque</strong></span> 
     </span>
    </p>
   </div>
   <div class='ocr_carea' id='block_1_60' title="bbox 2072 2836 3716 2926">
    <p class='ocr_par' dir='ltr' id='par_1_60' title="bbox 2072 2836 3716 2926">
     <span class='ocr_line' id='line_1_60' title="bbox 2072 2836 3716 2926; baseline 0.007 -28"><span class='ocrx_word' id='word_1_392' title='bbox 2072 2836 2274 2899; x_wconf 87' lang='lat' dir='ltr'><strong>turbas</strong></span> <span class='ocrx_word' id='word_1_393' title='bbox 2303 2838 2547 2918; x_wconf 86' lang='lat' dir='ltr'><strong>quidem</strong></span> <span class='ocrx_word' id='word_1_394' title='bbox 2578 2847 2781 2919; x_wconf 89' lang='lat' dir='ltr'><strong>postea</strong></span> <span class='ocrx_word' id='word_1_395' title='bbox 2809 2840 2882 2902; x_wconf 84' lang='lat' dir='ltr'><strong>ad</strong></span> <span class='ocrx_word' id='word_1_396' title='bbox 2917 2841 3047 2921; x_wconf 89' lang='lat' dir='ltr'><strong>ejus</strong></span> <span class='ocrx_word' id='word_1_397' title='bbox 3076 2843 3261 2923; x_wconf 90' lang='lat' dir='ltr'><strong>pedes</strong></span> <span class='ocrx_word' id='word_1_398' title='bbox 3305 2836 3716 2926; x_wconf 74' lang='lat' dir='ltr'><strong>procideutes,</strong></span> 
     </span>
    </p>
   </div>
   <div class='ocr_carea' id='block_1_61' title="bbox 2069 2926 3720 3016">
    <p class='ocr_par' dir='ltr' id='par_1_61' title="bbox 2069 2926 3720 3016">
     <span class='ocr_line' id='line_1_61' title="bbox 2069 2926 3720 3016; baseline 0.007 -30"><span class='ocrx_word' id='word_1_399' title='bbox 2069 2933 2145 3016; x_wconf 82' lang='lat' dir='ltr'><strong>et</strong></span> <span class='ocrx_word' id='word_1_400' title='bbox 2161 2936 2438 3016; x_wconf 84' lang='lat' dir='ltr'><strong>rogantes</strong></span> <span class='ocrx_word' id='word_1_401' title='bbox 2460 2926 2769 3009; x_wconf 83' lang='lat' dir='ltr'><strong>baptizari,</strong></span> <span class='ocrx_word' id='word_1_402' title='bbox 2795 2928 3150 3011; x_wconf 77' lang='lat' dir='ltr'><strong>baptizabat,</strong></span> <span class='ocrx_word' id='word_1_403' title='bbox 3173 2940 3289 2994; x_wconf 90' lang='lat' dir='ltr'><strong>tam</strong></span> <span class='ocrx_word' id='word_1_404' title='bbox 3322 2932 3542 2996; x_wconf 91' lang='lat' dir='ltr'><strong>multos</strong></span> <span class='ocrx_word' id='word_1_405' title='bbox 3561 2954 3720 3016; x_wconf 82' lang='lat' dir='ltr'><strong>quo-</strong></span> 
     </span>
    </p>
   </div>
   <div class='ocr_carea' id='block_1_62' title="bbox 2070 3014 3718 3097">
    <p class='ocr_par' dir='ltr' id='par_1_62' title="bbox 2070 3014 3718 3097">
     <span class='ocr_line' id='line_1_62' title="bbox 2070 3014 3718 3097; baseline 0.007 -22"><span class='ocrx_word' id='word_1_406' title='bbox 2070 3014 2234 3089; x_wconf 89' lang='lat' dir='ltr'><strong>tidie,</strong></span> <span class='ocrx_word' id='word_1_407' title='bbox 2268 3024 2333 3077; x_wconf 91' lang='lat' dir='ltr'><strong>ut</strong></span> <span class='ocrx_word' id='word_1_408' title='bbox 2362 3034 2474 3078; x_wconf 89' lang='lat' dir='ltr'><strong>nec</strong></span> <span class='ocrx_word' id='word_1_409' title='bbox 2502 3016 2677 3079; x_wconf 78' lang='lat' dir='ltr'><strong>facile</strong></span> <span class='ocrx_word' id='word_1_410' title='bbox 2707 3028 2905 3097; x_wconf 84' lang='lat' dir='ltr'><strong>posset</strong></span> <span class='ocrx_word' id='word_1_411' title='bbox 2936 3037 3145 3083; x_wconf 90' lang='lat' dir='ltr'><strong>eorum</strong></span> <span class='ocrx_word' id='word_1_412' title='bbox 3205 3038 3490 3085; x_wconf 90' lang='lat' dir='ltr'><strong>numerus</strong></span> <span class='ocrx_word' id='word_1_413' title='bbox 3544 3014 3718 3087; x_wconf 71' lang='lat' dir='ltr'><strong>cem-</strong></span> 
     </span>
    </p>
   </div>
   <div class='ocr_carea' id='block_1_63' title="bbox 2069 3105 3721 3192">
    <p class='ocr_par' dir='ltr' id='par_1_63' title="bbox 2069 3105 3721 3192">
     <span class='ocr_line' id='line_1_63' title="bbox 2069 3105 3721 3192; baseline 0.007 -27"><span class='ocrx_word' id='word_1_414' title='bbox 2069 3105 2387 3186; x_wconf 89' lang='lat' dir='ltr'><strong>prehendi.</strong></span> <span class='ocrx_word' id='word_1_415' title='bbox 2420 3105 2828 3170; x_wconf 74' lang='lat' dir='ltr'><strong>Dzemoniacos</strong></span> <span class='ocrx_word' id='word_1_416' title='bbox 2857 3116 3078 3188; x_wconf 91' lang='lat' dir='ltr'><strong>autem,</strong></span> <span class='ocrx_word' id='word_1_417' title='bbox 3139 3118 3239 3173; x_wconf 91' lang='lat' dir='ltr'><strong>aut</strong></span> <span class='ocrx_word' id='word_1_418' title='bbox 3295 3112 3400 3192; x_wconf 92' lang='lat' dir='ltr'><strong>qui</strong></span> <span class='ocrx_word' id='word_1_419' title='bbox 3455 3111 3529 3174; x_wconf 88' lang='lat' dir='ltr'><strong>ab</strong></span> <span class='ocrx_word' id='word_1_420' title='bbox 3586 3112 3721 3176; x_wconf 89' lang='lat' dir='ltr'><strong>aliis</strong></span> 
     </span>
    </p>
   </div>
   <div class='ocr_carea' id='block_1_64' title="bbox 326 3196 1986 3298">
    <p class='ocr_par' dir='ltr' id='par_1_64' title="bbox 326 3202 1981 3285">
     <span class='ocr_line' id='line_1_64' title="bbox 326 3202 1981 3285; baseline -0.002 -24"><span class='ocrx_word' id='word_1_421' title='bbox 326 3203 381 3261; x_wconf 80' lang='grc' dir='ltr'><strong>δέ</strong></span> <span class='ocrx_word' id='word_1_422' title='bbox 412 3203 810 3279; x_wconf 74' lang='grc' dir='ltr'>δαιμονῶντας,</span> <span class='ocrx_word' id='word_1_423' title='bbox 870 3202 904 3270; x_wconf 76' lang='grc' dir='ltr'><strong>ἤ</strong></span> <span class='ocrx_word' id='word_1_424' title='bbox 957 3205 1060 3259; x_wconf 76' lang='grc' dir='ltr'><strong>ὑπὸ</strong></span> <span class='ocrx_word' id='word_1_425' title='bbox 1119 3207 1301 3261; x_wconf 82' lang='grc' dir='ltr'>παθῶν</span> <span class='ocrx_word' id='word_1_426' title='bbox 1358 3203 1549 3285; x_wconf 84' lang='grc' dir='ltr'>ἐτέρων</span> <span class='ocrx_word' id='word_1_427' title='bbox 1617 3203 1981 3277; x_wconf 85' lang='grc' dir='ltr'>πιεζομένους,</span> 
     </span>
    </p>
   </div>
   <div class='ocr_carea' id='block_1_65' title="bbox 2074 3196 3717 3298">
    <p class='ocr_par' dir='ltr' id='par_1_65' title="bbox 2074 3196 3717 3298">
     <span class='ocr_line' id='line_1_65' title="bbox 2074 3196 3717 3298; baseline 0.006 -42"><span class='ocrx_word' id='word_1_428' title='bbox 2074 3196 2503 3273; x_wconf 89' lang='lat' dir='ltr'><strong>premebantur</strong></span> <span class='ocrx_word' id='word_1_429' title='bbox 2545 3197 3023 3298; x_wconf 57' lang='lat' dir='ltr'><strong>aegritudinibus,</strong></span> <span class='ocrx_word' id='word_1_430' title='bbox 3063 3199 3191 3264; x_wconf 91' lang='lat' dir='ltr'><strong>sola</strong></span> <span class='ocrx_word' id='word_1_431' title='bbox 3219 3199 3439 3298; x_wconf 77' lang='lat' dir='ltr'><strong>Christi</strong></span> <span class='ocrx_word' id='word_1_432' title='bbox 3469 3201 3717 3298; x_wconf 78' lang='lat' dir='ltr'><strong>invoca-</strong></span> 
     </span>
    </p>
   </div>
   <div class='ocr_carea' id='block_1_66' title="bbox 321 3286 1986 3375">
    <p class='ocr_par' dir='ltr' id='par_1_66' title="bbox 321 3292 1980 3375">
     <span class='ocr_line' id='line_1_66' title="bbox 321 3292 1980 3375; baseline -0.002 -23"><span class='ocrx_word' id='word_1_433' title='bbox 321 3293 619 3364; x_wconf 67' lang='grc' dir='ltr'>ἐπικλήσει</span> <span class='ocrx_word' id='word_1_434' title='bbox 684 3293 825 3370; x_wconf 75' lang='grc' dir='ltr'>μόνῃ</span> <span class='ocrx_word' id='word_1_435' title='bbox 887 3300 1122 3372; x_wconf 73' lang='grc' dir='ltr'>Χριστοῦ</span> <span class='ocrx_word' id='word_1_436' title='bbox 1170 3301 1505 3375; x_wconf 78' lang='grc' dir='ltr'>παραχρῆμα</span> <span class='ocrx_word' id='word_1_437' title='bbox 1561 3293 1656 3350; x_wconf 69' lang='grc' dir='ltr'><strong>καί</strong></span> <span class='ocrx_word' id='word_1_438' title='bbox 1712 3293 1804 3350; x_wconf 74' lang='grc' dir='ltr'>τοῦ</span> <span class='ocrx_word' id='word_1_439' title='bbox 1865 3292 1980 3349; x_wconf 85' lang='grc' dir='ltr'>δαί-</span> 
     </span>
    </p>
   </div>
   <div class='ocr_carea' id='block_1_67' title="bbox 2074 3286 3720 3375">
    <p class='ocr_par' dir='ltr' id='par_1_67' title="bbox 2074 3286 3720 3371">
     <span class='ocr_line' id='line_1_67' title="bbox 2074 3286 3720 3371; baseline 0.006 -25"><span class='ocrx_word' id='word_1_440' title='bbox 2074 3290 2256 3366; x_wconf 86' lang='lat' dir='ltr'><strong>tione,</strong></span> <span class='ocrx_word' id='word_1_441' title='bbox 2289 3294 2539 3368; x_wconf 88' lang='lat' dir='ltr'><strong>repente</strong></span> <span class='ocrx_word' id='word_1_442' title='bbox 2569 3286 2901 3352; x_wconf 87' lang='lat' dir='ltr'><strong>liberabata</strong></span> <span class='ocrx_word' id='word_1_443' title='bbox 2930 3289 3222 3368; x_wconf 87' lang='lat' dir='ltr'><strong>daemone,</strong></span> <span class='ocrx_word' id='word_1_444' title='bbox 3260 3297 3319 3353; x_wconf 91' lang='lat' dir='ltr'><strong>et</strong></span> <span class='ocrx_word' id='word_1_445' title='bbox 3347 3289 3420 3353; x_wconf 90' lang='lat' dir='ltr'><strong>ab</strong></span> <span class='ocrx_word' id='word_1_446' title='bbox 3476 3291 3720 3371; x_wconf 65' lang='lat' dir='ltr'><strong>egritu-</strong></span> 
     </span>
    </p>
   </div>
   <div class='ocr_carea' id='block_1_68' title="bbox 326 3375 1986 3464">
    <p class='ocr_par' dir='ltr' id='par_1_68' title="bbox 326 3382 1984 3460">
     <span class='ocr_line' id='line_1_68' title="bbox 326 3382 1984 3460; baseline -0.002 -18"><span class='ocrx_word' id='word_1_447' title='bbox 326 3406 491 3460; x_wconf 77' lang='grc' dir='ltr'>μονος</span> <span class='ocrx_word' id='word_1_448' title='bbox 540 3385 633 3441; x_wconf 78' lang='grc' dir='ltr'>καὶ</span> <span class='ocrx_word' id='word_1_449' title='bbox 682 3393 774 3443; x_wconf 83' lang='grc' dir='ltr'><strong>τοῦ</strong></span> <span class='ocrx_word' id='word_1_450' title='bbox 828 3383 1027 3446; x_wconf 79' lang='grc' dir='ltr'>πάθους</span> <span class='ocrx_word' id='word_1_451' title='bbox 1086 3382 1415 3453; x_wconf 73' lang='grc' dir='ltr'>ἀπήλαττεν.</span> <span class='ocrx_word' id='word_1_452' title='bbox 1477 3382 1750 3443; x_wconf 79' lang='grc' dir='ltr'>Ἐδίδασκέ</span> <span class='ocrx_word' id='word_1_453' title='bbox 1797 3404 1855 3439; x_wconf 89' lang='grc' dir='ltr'><strong>τε</strong></span> <span class='ocrx_word' id='word_1_454' title='bbox 1904 3382 1984 3438; x_wconf 82' lang='grc' dir='ltr'>ἀεὶ</span> 
     </span>
    </p>
   </div>
   <div class='ocr_carea' id='block_1_69' title="bbox 2074 3375 3722 3464">
    <p class='ocr_par' dir='ltr' id='par_1_69' title="bbox 2074 3375 3722 3464">
     <span class='ocr_line' id='line_1_69' title="bbox 2074 3375 3722 3464; baseline 0.005 -28"><span class='ocrx_word' id='word_1_455' title='bbox 2074 3375 2209 3437; x_wconf 91' lang='lat' dir='ltr'><strong>dine</strong></span> <span class='ocrx_word' id='word_1_456' title='bbox 2240 3395 2257 3453; x_wconf 84' lang='lat'><strong>;</strong></span> <span class='ocrx_word' id='word_1_457' title='bbox 2291 3384 2351 3438; x_wconf 87' lang='lat' dir='ltr'><strong>et</strong></span> <span class='ocrx_word' id='word_1_458' title='bbox 2380 3376 2634 3440; x_wconf 90' lang='lat' dir='ltr'><strong>docebat</strong></span> <span class='ocrx_word' id='word_1_459' title='bbox 2681 3395 2922 3459; x_wconf 89' lang='lat' dir='ltr'><strong>semper</strong></span> <span class='ocrx_word' id='word_1_460' title='bbox 2955 3378 3231 3462; x_wconf 85' lang='lat' dir='ltr'><strong>amplecti</strong></span> <span class='ocrx_word' id='word_1_461' title='bbox 3265 3379 3624 3464; x_wconf 82' lang='lat' dir='ltr'><strong>castitatem,</strong></span> <span class='ocrx_word' id='word_1_462' title='bbox 3662 3390 3722 3446; x_wconf 91' lang='lat' dir='ltr'><strong>et</strong></span> 
     </span>
    </p>
   </div>
   <div class='ocr_carea' id='block_1_70' title="bbox 331 3466 1986 3554">
    <p class='ocr_par' dir='ltr' id='par_1_70' title="bbox 331 3470 1982 3554">
     <span class='ocr_line' id='line_1_70' title="bbox 331 3470 1982 3554; baseline 0.001 -26"><span class='ocrx_word' id='word_1_463' title='bbox 331 3475 543 3551; x_wconf 69' lang='grc' dir='ltr'>ἁγνείας</span> <span class='ocrx_word' id='word_1_464' title='bbox 633 3471 851 3552; x_wconf 76' lang='grc' dir='ltr'>ἔχεσθαι</span> <span class='ocrx_word' id='word_1_465' title='bbox 926 3476 1012 3528; x_wconf 87' lang='grc' dir='ltr'><strong>καὶ</strong></span> <span class='ocrx_word' id='word_1_466' title='bbox 1095 3470 1417 3554; x_wconf 79' lang='grc' dir='ltr'>θεοσεϐείας,</span> <span class='ocrx_word' id='word_1_467' title='bbox 1500 3473 1982 3551; x_wconf 75' lang='grc' dir='ltr'>ταπεινοφροσύνης</span> 
     </span>
    </p>
   </div>
   <div class='ocr_carea' id='block_1_71' title="bbox 2074 3466 3721 3554">
    <p class='ocr_par' dir='ltr' id='par_1_71' title="bbox 2074 3466 3721 3552">
     <span class='ocr_line' id='line_1_71' title="bbox 2074 3466 3721 3552; baseline 0.005 -26"><span class='ocrx_word' id='word_1_468' title='bbox 2074 3467 2230 3546; x_wconf 91' lang='lat' dir='ltr'><strong>pium</strong></span> <span class='ocrx_word' id='word_1_469' title='bbox 2268 3466 2375 3529; x_wconf 89' lang='lat' dir='ltr'><strong>Dei</strong></span> <span class='ocrx_word' id='word_1_470' title='bbox 2401 3468 2651 3544; x_wconf 89' lang='lat' dir='ltr'><strong>cultum,</strong></span> <span class='ocrx_word' id='word_1_471' title='bbox 2689 3468 3206 3552; x_wconf 87' lang='lat' dir='ltr'><strong>humilitatemque</strong></span> <span class='ocrx_word' id='word_1_472' title='bbox 3235 3478 3294 3533; x_wconf 88' lang='lat' dir='ltr'><strong>et</strong></span> <span class='ocrx_word' id='word_1_473' title='bbox 3338 3471 3721 3549; x_wconf 88' lang='lat' dir='ltr'><strong>charitatem,</strong></span> 
     </span>
    </p>
   </div>
   <div class='ocr_carea' id='block_1_72' title="bbox 339 3560 1983 3639">
    <p class='ocr_par' dir='ltr' id='par_1_72' title="bbox 339 3560 1983 3639">
     <span class='ocr_line' id='line_1_72' title="bbox 339 3560 1983 3639; baseline 0 -24"><span class='ocrx_word' id='word_1_474' title='bbox 339 3582 398 3616; x_wconf 81' lang='grc' dir='ltr'><strong>τε</strong></span> <span class='ocrx_word' id='word_1_475' title='bbox 448 3563 535 3619; x_wconf 76' lang='grc' dir='ltr'><strong>καὶ</strong></span> <span class='ocrx_word' id='word_1_476' title='bbox 592 3560 808 3639; x_wconf 64' lang='grc' dir='ltr'>ἀγάπης</span> <span class='ocrx_word' id='word_1_477' title='bbox 880 3560 1184 3639; x_wconf 81' lang='grc' dir='ltr'>πραότητος</span> <span class='ocrx_word' id='word_1_478' title='bbox 1254 3564 1340 3618; x_wconf 79' lang='grc' dir='ltr'><strong>καὶ</strong></span> <span class='ocrx_word' id='word_1_479' title='bbox 1413 3562 1814 3635; x_wconf 83' lang='grc' dir='ltr'>ἆκτημοσύνης,</span> <span class='ocrx_word' id='word_1_480' title='bbox 1888 3560 1983 3618; x_wconf 70' lang='grc' dir='ltr'>καὶ</span> 
     </span>
    </p>
   </div>
   <div class='ocr_carea' id='block_1_73' title="bbox 344 3648 1986 3729">
    <p class='ocr_par' dir='ltr' id='par_1_73' title="bbox 344 3648 1986 3729">
     <span class='ocr_line' id='line_1_73' title="bbox 344 3648 1986 3729; baseline 0 -24"><span class='ocrx_word' id='word_1_481' title='bbox 344 3654 444 3715; x_wconf 77' lang='grc' dir='ltr'>τῆς</span> <span class='ocrx_word' id='word_1_482' title='bbox 474 3649 634 3716; x_wconf 68' lang='grc' dir='ltr'>ἄλλης</span> <span class='ocrx_word' id='word_1_483' title='bbox 657 3650 850 3729; x_wconf 75' lang='grc' dir='ltr'>ἀρετῆς</span> <span class='ocrx_word' id='word_1_484' title='bbox 904 3652 1104 3726; x_wconf 86' lang='grc' dir='ltr'>ὁμοίως</span> <span class='ocrx_word' id='word_1_485' title='bbox 1163 3653 1356 3708; x_wconf 66' lang='grc' dir='ltr'>ἑαυτὸν</span> <span class='ocrx_word' id='word_1_486' title='bbox 1412 3664 1530 3716; x_wconf 80' lang='grc' dir='ltr'>τοῖς</span> <span class='ocrx_word' id='word_1_487' title='bbox 1590 3648 1986 3725; x_wconf 79' lang='grc' dir='ltr'>διδασκομένοις</span> 
     </span>
    </p>
   </div>
   <div class='ocr_carea' id='block_1_74' title="bbox 347 3735 951 3817">
    <p class='ocr_par' dir='ltr' id='par_1_74' title="bbox 347 3735 951 3817">
     <span class='ocr_line' id='line_1_74' title="bbox 347 3735 951 3817; baseline 0.01 -25"><span class='ocrx_word' id='word_1_488' title='bbox 347 3735 639 3817; x_wconf 70' lang='grc' dir='ltr'>ὑπόδειγμα</span> <span class='ocrx_word' id='word_1_489' title='bbox 663 3739 951 3816; x_wconf 82' lang='grc' dir='ltr'>προτιθείς.</span> 
     </span>
    </p>
   </div>
   <div class='ocr_carea' id='block_1_75' title="bbox 440 3826 1990 3910">
    <p class='ocr_par' dir='ltr' id='par_1_75' title="bbox 440 3826 1990 3910">
     <span class='ocr_line' id='line_1_75' title="bbox 440 3826 1990 3910; baseline 0 -24"><span class='ocrx_word' id='word_1_490' title='bbox 440 3828 565 3890; x_wconf 79' lang='grc' dir='ltr'><strong>ΚΕ’,</strong></span> <span class='ocrx_word' id='word_1_491' title='bbox 627 3826 763 3887; x_wconf 77' lang='grc' dir='ltr'>Ἐπεὶ</span> <span class='ocrx_word' id='word_1_492' title='bbox 802 3830 890 3887; x_wconf 77' lang='grc' dir='ltr'>οὖν</span> <span class='ocrx_word' id='word_1_493' title='bbox 951 3832 1012 3887; x_wconf 74' lang='grc' dir='ltr'>οὐ</span> <span class='ocrx_word' id='word_1_494' title='bbox 1064 3829 1255 3887; x_wconf 88' lang='grc' dir='ltr'>πολλαὶ</span> <span class='ocrx_word' id='word_1_495' title='bbox 1319 3829 1538 3898; x_wconf 75' lang='grc' dir='ltr'>διῆλθον</span> <span class='ocrx_word' id='word_1_496' title='bbox 1610 3831 1828 3910; x_wconf 66' lang='grc' dir='ltr'>ἡμέραι,</span> <span class='ocrx_word' id='word_1_497' title='bbox 1903 3832 1990 3886; x_wconf 84' lang='grc' dir='ltr'><strong>καὶ</strong></span> 
     </span>
    </p>
   </div>
   <div class='ocr_carea' id='block_1_76' title="bbox 344 3918 1989 4000">
    <p class='ocr_par' dir='ltr' id='par_1_76' title="bbox 344 3918 1989 4000">
     <span class='ocr_line' id='line_1_76' title="bbox 344 3918 1989 4000; baseline 0 -25"><span class='ocrx_word' id='word_1_498' title='bbox 344 3921 521 3986; x_wconf 69' lang='grc' dir='ltr'>πάσης</span> <span class='ocrx_word' id='word_1_499' title='bbox 549 3918 641 3986; x_wconf 71' lang='grc' dir='ltr'>τῆς</span> <span class='ocrx_word' id='word_1_500' title='bbox 674 3918 881 3983; x_wconf 87' lang='grc' dir='ltr'>πόλεως</span> <span class='ocrx_word' id='word_1_501' title='bbox 944 3920 1016 3983; x_wconf 82' lang='grc' dir='ltr'>εἷς</span> <span class='ocrx_word' id='word_1_502' title='bbox 1073 3920 1129 3974; x_wconf 88' lang='grc' dir='ltr'><strong>ἓν</strong></span> <span class='ocrx_word' id='word_1_503' title='bbox 1188 3922 1437 4000; x_wconf 77' lang='grc' dir='ltr'>φρόνημα</span> <span class='ocrx_word' id='word_1_504' title='bbox 1484 3918 1857 3994; x_wconf 83' lang='grc' dir='ltr'>συνελθούσης,</span> <span class='ocrx_word' id='word_1_505' title='bbox 1895 3919 1989 3994; x_wconf 89' lang='grc' dir='ltr'><strong>μία</strong></span> 
     </span>
    </p>
   </div>
   <div class='ocr_carea' id='block_1_77' title="bbox 335 4007 1985 4089">
    <p class='ocr_par' dir='ltr' id='par_1_77' title="bbox 335 4007 1985 4089">
     <span class='ocr_line' id='line_1_77' title="bbox 335 4007 1985 4089; baseline -0.002 -21"><span class='ocrx_word' id='word_1_506' title='bbox 335 4010 530 4075; x_wconf 78' lang='grc' dir='ltr'>πάντες</span> <span class='ocrx_word' id='word_1_507' title='bbox 587 4009 830 4087; x_wconf 82' lang='grc' dir='ltr'>ἐγένοντο</span> <span class='ocrx_word' id='word_1_508' title='bbox 890 4011 1093 4085; x_wconf 83' lang='grc' dir='ltr'>ποίμνη</span> <span class='ocrx_word' id='word_1_509' title='bbox 1158 4016 1406 4089; x_wconf 80' lang='grc' dir='ltr'>Χριστοῦ,</span> <span class='ocrx_word' id='word_1_510' title='bbox 1465 4010 1596 4087; x_wconf 77' lang='grc' dir='ltr'>ἀνὴρ</span> <span class='ocrx_word' id='word_1_511' title='bbox 1663 4030 1749 4073; x_wconf 79' lang='grc' dir='ltr'><strong>τις</strong></span> <span class='ocrx_word' id='word_1_512' title='bbox 1822 4007 1985 4064; x_wconf 85' lang='grc' dir='ltr'>δεισι-</span> 
     </span>
    </p>
   </div>
   <div class='ocr_carea' id='block_1_78' title="bbox 328 4098 1989 4180">
    <p class='ocr_par' dir='ltr' id='par_1_78' title="bbox 328 4098 1989 4180">
     <span class='ocr_line' id='line_1_78' title="bbox 328 4098 1989 4180; baseline -0.001 -24"><span class='ocrx_word' id='word_1_513' title='bbox 328 4100 563 4180; x_wconf 82' lang='grc' dir='ltr'>δαίμων,</span> <span class='ocrx_word' id='word_1_514' title='bbox 621 4103 731 4155; x_wconf 83' lang='grc' dir='ltr'><strong>τῶν</strong></span> <span class='ocrx_word' id='word_1_515' title='bbox 788 4108 880 4158; x_wconf 79' lang='grc' dir='ltr'><strong>τοῦ</strong></span> <span class='ocrx_word' id='word_1_516' title='bbox 938 4098 1201 4176; x_wconf 81' lang='grc' dir='ltr'>συνεδρίου</span> <span class='ocrx_word' id='word_1_517' title='bbox 1261 4103 1344 4162; x_wconf 82' lang='grc' dir='ltr'>εἷς</span> <span class='ocrx_word' id='word_1_518' title='bbox 1418 4098 1742 4162; x_wconf 81' lang='grc' dir='ltr'>Ῥουστίκιος</span> <span class='ocrx_word' id='word_1_519' title='bbox 1796 4098 1989 4179; x_wconf 70' lang='grc' dir='ltr'>ὄνομα,</span> 
     </span>
    </p>
   </div>
   <div class='ocr_carea' id='block_1_79' title="bbox 328 4188 1986 4267">
    <p class='ocr_par' dir='ltr' id='par_1_79' title="bbox 328 4188 1986 4267">
     <span class='ocr_line' id='line_1_79' title="bbox 328 4188 1986 4267; baseline -0.001 -21"><span class='ocrx_word' id='word_1_520' title='bbox 328 4190 610 4267; x_wconf 74' lang='grc' dir='ltr'>βασκήνας</span> <span class='ocrx_word' id='word_1_521' title='bbox 661 4194 731 4265; x_wconf 78' lang='grc' dir='ltr'><strong>τῇ</strong></span> <span class='ocrx_word' id='word_1_522' title='bbox 783 4210 841 4244; x_wconf 85' lang='grc' dir='ltr'><strong>τε</strong></span> <span class='ocrx_word' id='word_1_523' title='bbox 897 4188 1050 4245; x_wconf 72' lang='grc' dir='ltr'>πόλει</span> <span class='ocrx_word' id='word_1_524' title='bbox 1111 4189 1196 4246; x_wconf 79' lang='grc' dir='ltr'><strong>καὶ</strong></span> <span class='ocrx_word' id='word_1_525' title='bbox 1257 4190 1392 4264; x_wconf 78' lang='grc' dir='ltr'>ἡμῖν</span> <span class='ocrx_word' id='word_1_526' title='bbox 1445 4201 1565 4254; x_wconf 81' lang='grc' dir='ltr'>τοϊς</span> <span class='ocrx_word' id='word_1_527' title='bbox 1625 4195 1986 4267; x_wconf 81' lang='grc' dir='ltr'>Χριστιανοϊς,</span> 
     </span>
    </p>
   </div>
   <div class='ocr_carea' id='block_1_80' title="bbox 327 4274 1992 4355">
    <p class='ocr_par' dir='ltr' id='par_1_80' title="bbox 327 4274 1992 4355">
     <span class='ocr_line' id='line_1_80' title="bbox 327 4274 1992 4355; baseline -0.001 -19"><span class='ocrx_word' id='word_1_528' title='bbox 327 4280 425 4336; x_wconf 81' lang='grc' dir='ltr'>καί</span> <span class='ocrx_word' id='word_1_529' title='bbox 490 4276 603 4354; x_wconf 74' lang='grc' dir='ltr'><strong>ἅμα</strong></span> <span class='ocrx_word' id='word_1_530' title='bbox 660 4280 758 4345; x_wconf 75' lang='grc' dir='ltr'>τὴν</span> <span class='ocrx_word' id='word_1_531' title='bbox 813 4278 866 4335; x_wconf 82' lang='grc' dir='ltr'><strong>ἐν</strong></span> <span class='ocrx_word' id='word_1_532' title='bbox 926 4291 1046 4342; x_wconf 74' lang='grc' dir='ltr'>τοῖς</span> <span class='ocrx_word' id='word_1_533' title='bbox 1101 4280 1309 4355; x_wconf 77' lang='grc' dir='ltr'>βωμοῖς</span> <span class='ocrx_word' id='word_1_534' title='bbox 1356 4277 1521 4355; x_wconf 89' lang='grc' dir='ltr'>μέθην</span> <span class='ocrx_word' id='word_1_535' title='bbox 1554 4280 1640 4335; x_wconf 84' lang='grc' dir='ltr'>καὶ</span> <span class='ocrx_word' id='word_1_536' title='bbox 1692 4278 1792 4345; x_wconf 67' lang='grc' dir='ltr'>τὴν</span> <span class='ocrx_word' id='word_1_537' title='bbox 1823 4274 1992 4344; x_wconf 73' lang='grc' dir='ltr'>ἄλλην</span> 
     </span>
    </p>
   </div>
   <div class='ocr_carea' id='block_1_81' title="bbox 328 4367 1991 4448">
    <p class='ocr_par' dir='ltr' id='par_1_81' title="bbox 328 4367 1991 4448">
     <span class='ocr_line' id='line_1_81' title="bbox 328 4367 1991 4448; baseline -0.001 -22"><span class='ocrx_word' id='word_1_538' title='bbox 328 4369 621 4445; x_wconf 76' lang='grc' dir='ltr'>ἀσέλγειαν</span> <span class='ocrx_word' id='word_1_539' title='bbox 673 4367 791 4445; x_wconf 81' lang='grc' dir='ltr'>περί</span> <span class='ocrx_word' id='word_1_540' title='bbox 848 4368 1095 4433; x_wconf 87' lang='grc' dir='ltr'>πλείονος</span> <span class='ocrx_word' id='word_1_541' title='bbox 1153 4368 1297 4448; x_wconf 79' lang='grc' dir='ltr'>ἄγων</span> <span class='ocrx_word' id='word_1_542' title='bbox 1364 4374 1460 4436; x_wconf 83' lang='grc' dir='ltr'><strong>τῆς</strong></span> <span class='ocrx_word' id='word_1_543' title='bbox 1518 4369 1659 4445; x_wconf 83' lang='grc' dir='ltr'>παρὰ</span> <span class='ocrx_word' id='word_1_544' title='bbox 1732 4374 1991 4445; x_wconf 81' lang='grc' dir='ltr'>Χριστια-</span> 
     </span>
    </p>
   </div>
   <div class='ocr_carea' id='block_1_82' title="bbox 327 4457 1991 4537">
    <p class='ocr_par' dir='ltr' id='par_1_82' title="bbox 327 4457 1991 4537">
     <span class='ocr_line' id='line_1_82' title="bbox 327 4457 1991 4537; baseline -0.002 -22"><span class='ocrx_word' id='word_1_545' title='bbox 327 4473 446 4523; x_wconf 75' lang='grc' dir='ltr'>νοϊς</span> <span class='ocrx_word' id='word_1_546' title='bbox 482 4459 795 4537; x_wconf 71' lang='grc' dir='ltr'>ἐγκρατείας</span> <span class='ocrx_word' id='word_1_547' title='bbox 827 4459 915 4515; x_wconf 74' lang='grc' dir='ltr'><strong>καὶ</strong></span> <span class='ocrx_word' id='word_1_548' title='bbox 974 4459 1358 4533; x_wconf 80' lang='grc' dir='ltr'>κοσμιότητος,</span> <span class='ocrx_word' id='word_1_549' title='bbox 1417 4460 1491 4522; x_wconf 83' lang='grc' dir='ltr'>ὡς</span> <span class='ocrx_word' id='word_1_550' title='bbox 1550 4457 1679 4536; x_wconf 78' lang='grc' dir='ltr'>εἶχε</span> <span class='ocrx_word' id='word_1_551' title='bbox 1709 4460 1877 4527; x_wconf 77' lang='grc' dir='ltr'>θυμοῦ</span> <span class='ocrx_word' id='word_1_552' title='bbox 1904 4459 1991 4513; x_wconf 85' lang='grc' dir='ltr'><strong>καὶ</strong></span> 
     </span>
    </p>
   </div>
   <div class='ocr_carea' id='block_1_83' title="bbox 328 4544 1990 4628">
    <p class='ocr_par' dir='ltr' id='par_1_83' title="bbox 328 4544 1990 4628">
     <span class='ocr_line' id='line_1_83' title="bbox 328 4544 1990 4628; baseline -0.004 -23"><span class='ocrx_word' id='word_1_553' title='bbox 328 4551 527 4628; x_wconf 72' lang='grc' dir='ltr'>ὀργῆς,</span> <span class='ocrx_word' id='word_1_554' title='bbox 589 4548 722 4625; x_wconf 79' lang='grc' dir='ltr'>πρὸς</span> <span class='ocrx_word' id='word_1_555' title='bbox 780 4549 871 4604; x_wconf 82' lang='grc' dir='ltr'>τὸν</span> <span class='ocrx_word' id='word_1_556' title='bbox 928 4546 1157 4624; x_wconf 87' lang='grc' dir='ltr'>βασιλέα</span> <span class='ocrx_word' id='word_1_557' title='bbox 1211 4549 1272 4604; x_wconf 82' lang='grc' dir='ltr'>τὸ</span> <span class='ocrx_word' id='word_1_558' title='bbox 1322 4548 1490 4627; x_wconf 81' lang='grc' dir='ltr'>τάχος</span> <span class='ocrx_word' id='word_1_559' title='bbox 1544 4544 1883 4625; x_wconf 83' lang='grc' dir='ltr'>ἀναδραμὼν,</span> <span class='ocrx_word' id='word_1_560' title='bbox 1937 4546 1990 4601; x_wconf 85' lang='grc' dir='ltr'><strong>ἐν</strong></span> 
     </span>
    </p>
   </div>
   <div class='ocr_carea' id='block_1_84' title="bbox 2070 3557 3723 3641">
    <p class='ocr_par' dir='ltr' id='par_1_84' title="bbox 2070 3557 3723 3641">
     <span class='ocr_line' id='line_1_84' title="bbox 2070 3557 3723 3641; baseline 0.004 -24"><span class='ocrx_word' id='word_1_561' title='bbox 2070 3557 2734 3635; x_wconf 86' lang='lat' dir='ltr'><strong>mansuetudinemque,</strong></span> <span class='ocrx_word' id='word_1_562' title='bbox 2773 3567 2830 3621; x_wconf 91' lang='lat' dir='ltr'><strong>et</strong></span> <span class='ocrx_word' id='word_1_563' title='bbox 2860 3558 2942 3621; x_wconf 91' lang='lat' dir='ltr'><strong>nil</strong></span> <span class='ocrx_word' id='word_1_564' title='bbox 2970 3559 3314 3641; x_wconf 88' lang='lat' dir='ltr'><strong>possidendi</strong></span> <span class='ocrx_word' id='word_1_565' title='bbox 3330 3560 3629 3641; x_wconf 88' lang='lat' dir='ltr'><strong>virtutem,</strong></span> <span class='ocrx_word' id='word_1_566' title='bbox 3661 3569 3723 3624; x_wconf 90' lang='lat' dir='ltr'><strong>et</strong></span> 
     </span>
    </p>
   </div>
   <div class='ocr_carea' id='block_1_85' title="bbox 2073 3647 3718 3732">
    <p class='ocr_par' dir='ltr' id='par_1_85' title="bbox 2073 3647 3718 3732">
     <span class='ocr_line' id='line_1_85' title="bbox 2073 3647 3718 3732; baseline 0.006 -26"><span class='ocrx_word' id='word_1_567' title='bbox 2073 3654 2317 3708; x_wconf 81' lang='lat' dir='ltr'><strong>caeteras</strong></span> <span class='ocrx_word' id='word_1_568' title='bbox 2339 3647 2626 3710; x_wconf 89' lang='lat' dir='ltr'><strong>similiter</strong></span> <span class='ocrx_word' id='word_1_569' title='bbox 2653 3649 2919 3720; x_wconf 86' lang='lat' dir='ltr'><strong>virtutes.</strong></span> <span class='ocrx_word' id='word_1_570' title='bbox 2950 3650 3209 3732; x_wconf 90' lang='lat' dir='ltr'><strong>seipsum</strong></span> <span class='ocrx_word' id='word_1_571' title='bbox 3242 3669 3583 3732; x_wconf 87' lang='lat' dir='ltr'><strong>proponens</strong></span> <span class='ocrx_word' id='word_1_572' title='bbox 3609 3670 3718 3716; x_wconf 84' lang='lat' dir='ltr'><strong>ex-</strong></span> 
     </span>
    </p>
   </div>
   <div class='ocr_carea' id='block_1_86' title="bbox 2073 3734 2993 3817">
    <p class='ocr_par' dir='ltr' id='par_1_86' title="bbox 2073 3734 2993 3817">
     <span class='ocr_line' id='line_1_86' title="bbox 2073 3734 2993 3817; baseline 0.008 -22"><span class='ocrx_word' id='word_1_573' title='bbox 2073 3734 2308 3814; x_wconf 88' lang='lat' dir='ltr'><strong>emplar</strong></span> <span class='ocrx_word' id='word_1_574' title='bbox 2336 3735 2434 3810; x_wconf 91' lang='lat' dir='ltr'><strong>iis,</strong></span> <span class='ocrx_word' id='word_1_575' title='bbox 2469 3737 2568 3817; x_wconf 89' lang='lat' dir='ltr'><strong>qui</strong></span> <span class='ocrx_word' id='word_1_576' title='bbox 2599 3735 2993 3802; x_wconf 87' lang='lat' dir='ltr'><strong>docebantur.</strong></span> 
     </span>
    </p>
   </div>
   <div class='ocr_carea' id='block_1_87' title="bbox 2154 3824 3720 3910">
    <p class='ocr_par' dir='ltr' id='par_1_87' title="bbox 2154 3824 3720 3910">
     <span class='ocr_line' id='line_1_87' title="bbox 2154 3824 3720 3910; baseline 0.004 -23"><span class='ocrx_word' id='word_1_577' title='bbox 2154 3824 2339 3887; x_wconf 81' lang='lat' dir='ltr'><strong>XXV.</strong></span> <span class='ocrx_word' id='word_1_578' title='bbox 2368 3826 2516 3887; x_wconf 91' lang='lat' dir='ltr'><strong>Cum</strong></span> <span class='ocrx_word' id='word_1_579' title='bbox 2545 3833 2744 3889; x_wconf 90' lang='lat' dir='ltr'><strong>autem</strong></span> <span class='ocrx_word' id='word_1_580' title='bbox 2777 3847 2894 3890; x_wconf 92' lang='lat' dir='ltr'><strong>non</strong></span> <span class='ocrx_word' id='word_1_581' title='bbox 2928 3828 3097 3891; x_wconf 88' lang='lat' dir='ltr'><strong>multi</strong></span> <span class='ocrx_word' id='word_1_582' title='bbox 3118 3828 3249 3892; x_wconf 91' lang='lat' dir='ltr'><strong>dies</strong></span> <span class='ocrx_word' id='word_1_583' title='bbox 3269 3831 3720 3910; x_wconf 82' lang='lat' dir='ltr'><strong>praeteriissent,</strong></span> 
     </span>
    </p>
   </div>
   <div class='ocr_carea' id='block_1_88' title="bbox 2075 3914 3723 3985">
    <p class='ocr_par' dir='ltr' id='par_1_88' title="bbox 2075 3914 3723 3985">
     <span class='ocr_line' id='line_1_88' title="bbox 2075 3914 3723 3985; baseline 0.005 -10"><span class='ocrx_word' id='word_1_584' title='bbox 2075 3922 2134 3975; x_wconf 90' lang='lat' dir='ltr'><strong>et</strong></span> <span class='ocrx_word' id='word_1_585' title='bbox 2166 3923 2289 3975; x_wconf 82' lang='lat' dir='ltr'><strong>tota</strong></span> <span class='ocrx_word' id='word_1_586' title='bbox 2318 3915 2550 3976; x_wconf 89' lang='lat' dir='ltr'><strong>civitate</strong></span> <span class='ocrx_word' id='word_1_587' title='bbox 2580 3914 2641 3975; x_wconf 90' lang='lat' dir='ltr'><strong>in</strong></span> <span class='ocrx_word' id='word_1_588' title='bbox 2688 3935 2864 3979; x_wconf 89' lang='lat' dir='ltr'><strong>unam</strong></span> <span class='ocrx_word' id='word_1_589' title='bbox 2908 3918 3300 3982; x_wconf 90' lang='lat' dir='ltr'><strong>conveniente</strong></span> <span class='ocrx_word' id='word_1_590' title='bbox 3359 3920 3723 3985; x_wconf 88' lang='lat' dir='ltr'><strong>sententiam</strong></span> 
     </span>
    </p>
   </div>
   <div class='ocr_carea' id='block_1_89' title="bbox 2074 4002 3721 4093">
    <p class='ocr_par' dir='ltr' id='par_1_89' title="bbox 2074 4002 3721 4093">
     <span class='ocr_line' id='line_1_89' title="bbox 2074 4002 3721 4093; baseline 0.006 -29"><span class='ocrx_word' id='word_1_591' title='bbox 2074 4002 2269 4065; x_wconf 75' lang='lat' dir='ltr'><strong>effecti</strong></span> <span class='ocrx_word' id='word_1_592' title='bbox 2296 4013 2432 4093; x_wconf 88' lang='lat' dir='ltr'><strong>sunt</strong></span> <span class='ocrx_word' id='word_1_593' title='bbox 2466 4023 2674 4067; x_wconf 90' lang='lat' dir='ltr'><strong>omnes</strong></span> <span class='ocrx_word' id='word_1_594' title='bbox 2704 4025 2854 4068; x_wconf 90' lang='lat' dir='ltr'><strong>unus</strong></span> <span class='ocrx_word' id='word_1_595' title='bbox 2885 4026 3029 4086; x_wconf 85' lang='lat' dir='ltr'><strong>grex</strong></span> <span class='ocrx_word' id='word_1_596' title='bbox 3059 4006 3298 4086; x_wconf 83' lang='lat' dir='ltr'><strong>Christi,</strong></span> <span class='ocrx_word' id='word_1_597' title='bbox 3334 4009 3423 4072; x_wconf 88' lang='lat' dir='ltr'><strong>vir</strong></span> <span class='ocrx_word' id='word_1_598' title='bbox 3477 4011 3721 4093; x_wconf 87' lang='lat' dir='ltr'><strong>quidam</strong></span> 
     </span>
    </p>
   </div>
   <div class='ocr_carea' id='block_1_90' title="bbox 2074 4092 3719 4177">
    <p class='ocr_par' dir='ltr' id='par_1_90' title="bbox 2074 4092 3719 4177">
     <span class='ocr_line' id='line_1_90' title="bbox 2074 4092 3719 4177; baseline 0.005 -22"><span class='ocrx_word' id='word_1_599' title='bbox 2074 4093 2312 4155; x_wconf 88' lang='lat' dir='ltr'><strong>deditus</strong></span> <span class='ocrx_word' id='word_1_600' title='bbox 2330 4092 2490 4155; x_wconf 84' lang='lat' dir='ltr'><strong>falsae</strong></span> <span class='ocrx_word' id='word_1_601' title='bbox 2512 4093 2787 4172; x_wconf 82' lang='lat' dir='ltr'><strong>religioni</strong></span> <span class='ocrx_word' id='word_1_602' title='bbox 2818 4093 3180 4173; x_wconf 71' lang='lat' dir='ltr'><strong>daemonum,</strong></span> <span class='ocrx_word' id='word_1_603' title='bbox 3206 4115 3365 4161; x_wconf 86' lang='lat' dir='ltr'><strong>unus</strong></span> <span class='ocrx_word' id='word_1_604' title='bbox 3382 4116 3454 4161; x_wconf 82' lang='lat' dir='ltr'><strong>ex</strong></span> <span class='ocrx_word' id='word_1_605' title='bbox 3484 4092 3719 4177; x_wconf 82' lang='lat' dir='ltr'><strong>senatu,</strong></span> 
     </span>
    </p>
   </div>
   <div class='ocr_carea' id='block_1_91' title="bbox 2076 4181 3723 4265">
    <p class='ocr_par' dir='ltr' id='par_1_91' title="bbox 2076 4181 3723 4265">
     <span class='ocr_line' id='line_1_91' title="bbox 2076 4181 3723 4265; baseline 0.004 -22"><span class='ocrx_word' id='word_1_606' title='bbox 2076 4181 2321 4247; x_wconf 88' lang='lat' dir='ltr'><strong>nomine</strong></span> <span class='ocrx_word' id='word_1_607' title='bbox 2343 4183 2672 4265; x_wconf 81' lang='lat' dir='ltr'><strong>Busticius,</strong></span> <span class='ocrx_word' id='word_1_608' title='bbox 2706 4183 2925 4245; x_wconf 89' lang='lat' dir='ltr'><strong>civitati</strong></span> <span class='ocrx_word' id='word_1_609' title='bbox 2946 4184 3224 4248; x_wconf 87' lang='lat' dir='ltr'><strong>invidens</strong></span> <span class='ocrx_word' id='word_1_610' title='bbox 3246 4194 3304 4248; x_wconf 91' lang='lat' dir='ltr'><strong>et</strong></span> <span class='ocrx_word' id='word_1_611' title='bbox 3327 4186 3501 4250; x_wconf 91' lang='lat' dir='ltr'><strong>nobis</strong></span> <span class='ocrx_word' id='word_1_612' title='bbox 3524 4188 3723 4252; x_wconf 88' lang='lat' dir='ltr'><strong>Chris-</strong></span> 
     </span>
    </p>
   </div>
   <div class='ocr_carea' id='block_1_92' title="bbox 2076 4271 3727 4355">
    <p class='ocr_par' dir='ltr' id='par_1_92' title="bbox 2076 4271 3727 4355">
     <span class='ocr_line' id='line_1_92' title="bbox 2076 4271 3727 4355; baseline 0.006 -23"><span class='ocrx_word' id='word_1_613' title='bbox 2076 4271 2294 4348; x_wconf 82' lang='lat' dir='ltr'><strong>tianis;</strong></span> <span class='ocrx_word' id='word_1_614' title='bbox 2349 4281 2407 4333; x_wconf 91' lang='lat' dir='ltr'><strong>et</strong></span> <span class='ocrx_word' id='word_1_615' title='bbox 2455 4273 2630 4334; x_wconf 90' lang='lat' dir='ltr'><strong>simul</strong></span> <span class='ocrx_word' id='word_1_616' title='bbox 2684 4272 3059 4348; x_wconf 87' lang='lat' dir='ltr'><strong>ebrietatem,</strong></span> <span class='ocrx_word' id='word_1_617' title='bbox 3092 4292 3208 4355; x_wconf 89' lang='lat' dir='ltr'><strong>qua</strong></span> <span class='ocrx_word' id='word_1_618' title='bbox 3238 4277 3321 4338; x_wconf 89' lang='lat' dir='ltr'><strong>uti</strong></span> <span class='ocrx_word' id='word_1_619' title='bbox 3351 4274 3625 4339; x_wconf 87' lang='lat' dir='ltr'><strong>solebant</strong></span> <span class='ocrx_word' id='word_1_620' title='bbox 3649 4278 3727 4342; x_wconf 87' lang='lat' dir='ltr'><strong>ad</strong></span> 
     </span>
    </p>
   </div>
   <div class='ocr_carea' id='block_1_93' title="bbox 2076 4362 3721 4449">
    <p class='ocr_par' dir='ltr' id='par_1_93' title="bbox 2076 4362 3721 4449">
     <span class='ocr_line' id='line_1_93' title="bbox 2076 4362 3721 4449; baseline 0.004 -27"><span class='ocrx_word' id='word_1_621' title='bbox 2076 4378 2231 4436; x_wconf 88' lang='lat' dir='ltr'><strong>aras,</strong></span> <span class='ocrx_word' id='word_1_622' title='bbox 2266 4369 2326 4422; x_wconf 88' lang='lat' dir='ltr'><strong>et</strong></span> <span class='ocrx_word' id='word_1_623' title='bbox 2354 4362 2646 4442; x_wconf 88' lang='lat' dir='ltr'><strong>reliquam</strong></span> <span class='ocrx_word' id='word_1_624' title='bbox 2694 4363 3217 4445; x_wconf 89' lang='lat' dir='ltr'><strong>intemperantiam</strong></span> <span class='ocrx_word' id='word_1_625' title='bbox 3250 4364 3440 4446; x_wconf 88' lang='lat' dir='ltr'><strong>pluris</strong></span> <span class='ocrx_word' id='word_1_626' title='bbox 3473 4364 3721 4449; x_wconf 81' lang='lat' dir='ltr'><strong>faciens,</strong></span> 
     </span>
    </p>
   </div>
   <div class='ocr_carea' id='block_1_94' title="bbox 2075 4452 3727 4534">
    <p class='ocr_par' dir='ltr' id='par_1_94' title="bbox 2075 4452 3727 4534">
     <span class='ocr_line' id='line_1_94' title="bbox 2075 4452 3727 4534; baseline 0.004 -22"><span class='ocrx_word' id='word_1_627' title='bbox 2075 4468 2253 4531; x_wconf 89' lang='lat' dir='ltr'><strong>quam</strong></span> <span class='ocrx_word' id='word_1_628' title='bbox 2285 4470 2441 4533; x_wconf 89' lang='lat' dir='ltr'><strong>eam,</strong></span> <span class='ocrx_word' id='word_1_629' title='bbox 2474 4470 2610 4529; x_wconf 85' lang='lat' dir='ltr'><strong>quae</strong></span> <span class='ocrx_word' id='word_1_630' title='bbox 2639 4460 2731 4514; x_wconf 91' lang='lat' dir='ltr'><strong>est</strong></span> <span class='ocrx_word' id='word_1_631' title='bbox 2771 4452 2925 4534; x_wconf 88' lang='lat' dir='ltr'><strong>apud</strong></span> <span class='ocrx_word' id='word_1_632' title='bbox 2973 4452 3363 4532; x_wconf 88' lang='lat' dir='ltr'><strong>Christianos,</strong></span> <span class='ocrx_word' id='word_1_633' title='bbox 3417 4454 3727 4520; x_wconf 86' lang='lat' dir='ltr'><strong>abstinen-</strong></span> 
     </span>
    </p>
   </div>
   <div class='ocr_carea' id='block_1_95' title="bbox 2074 4541 3727 4628">
    <p class='ocr_par' dir='ltr' id='par_1_95' title="bbox 2074 4541 3727 4628">
     <span class='ocr_line' id='line_1_95' title="bbox 2074 4541 3727 4628; baseline 0.005 -28"><span class='ocrx_word' id='word_1_634' title='bbox 2074 4544 2213 4601; x_wconf 82' lang='lat' dir='ltr'><strong>tiam</strong></span> <span class='ocrx_word' id='word_1_635' title='bbox 2247 4551 2304 4602; x_wconf 91' lang='lat' dir='ltr'><strong>et</strong></span> <span class='ocrx_word' id='word_1_636' title='bbox 2336 4541 2834 4623; x_wconf 89' lang='lat' dir='ltr'><strong>moderationem,</strong></span> <span class='ocrx_word' id='word_1_637' title='bbox 2889 4542 2969 4604; x_wconf 90' lang='lat' dir='ltr'><strong>ita</strong></span> <span class='ocrx_word' id='word_1_638' title='bbox 3027 4550 3090 4605; x_wconf 91' lang='lat' dir='ltr'><strong>ut</strong></span> <span class='ocrx_word' id='word_1_639' title='bbox 3148 4551 3274 4606; x_wconf 89' lang='lat' dir='ltr'><strong>erat</strong></span> <span class='ocrx_word' id='word_1_640' title='bbox 3319 4544 3411 4607; x_wconf 88' lang='lat' dir='ltr'><strong>ira</strong></span> <span class='ocrx_word' id='word_1_641' title='bbox 3439 4546 3727 4628; x_wconf 86' lang='lat' dir='ltr'><strong>percitus,</strong></span> 
     </span>
    </p>
   </div>
   <div class='ocr_carea' id='block_1_96' title="bbox 330 4625 1986 4717">
    <p class='ocr_par' dir='ltr' id='par_1_96' title="bbox 330 4625 1986 4717">
     <span class='ocr_line' id='line_1_96' title="bbox 330 4625 1986 4717; baseline -0.002 -23"><span class='ocrx_word' id='word_1_642' title='bbox 330 4625 542 4717; x_wconf 61' lang='grc' dir='ltr'>βραχέι</span> <span class='ocrx_word' id='word_1_643' title='bbox 602 4636 776 4694; x_wconf 86' lang='grc' dir='ltr'>πάντα</span> <span class='ocrx_word' id='word_1_644' title='bbox 830 4634 1148 4716; x_wconf 81' lang='grc' dir='ltr'>διαγορεύει,</span> <span class='ocrx_word' id='word_1_645' title='bbox 1213 4625 1520 4711; x_wconf 83' lang='grc' dir='ltr'>Ἠθέτηται,</span> <span class='ocrx_word' id='word_1_646' title='bbox 1582 4633 1775 4715; x_wconf 79' lang='grc' dir='ltr'>λέγων,</span> <span class='ocrx_word' id='word_1_647' title='bbox 1848 4642 1986 4692; x_wconf 80' lang='grc' dir='ltr'>πᾶσα</span> 
     </span>
    </p>
   </div>
   <div class='ocr_carea' id='block_1_97' title="bbox 2074 4625 3731 4717">
    <p class='ocr_par' dir='ltr' id='par_1_97' title="bbox 2081 4625 3731 4715">
     <span class='ocr_line' id='line_1_97' title="bbox 2081 4625 3731 4715; baseline 0.004 -24"><span class='ocrx_word' id='word_1_648' title='bbox 2081 4648 2293 4709; x_wconf 86' lang='lat' dir='ltr'><strong>magna</strong></span> <span class='ocrx_word' id='word_1_649' title='bbox 2321 4630 2632 4695; x_wconf 88' lang='lat' dir='ltr'><strong>celeritate</strong></span> <span class='ocrx_word' id='word_1_650' title='bbox 2661 4649 2909 4694; x_wconf 88' lang='lat' dir='ltr'><strong>currens</strong></span> <span class='ocrx_word' id='word_1_651' title='bbox 2941 4633 3016 4695; x_wconf 92' lang='lat' dir='ltr'><strong>ad</strong></span> <span class='ocrx_word' id='word_1_652' title='bbox 3046 4625 3499 4715; x_wconf 85' lang='lat' dir='ltr'><strong>imperatorem,</strong></span> <span class='ocrx_word' id='word_1_653' title='bbox 3522 4625 3731 4713; x_wconf 82' lang='lat' dir='ltr'><strong>paucis</strong></span> 
     </span>
    </p>
   </div>
   <div class='ocr_carea' id='block_1_98' title="bbox 335 4724 1995 4808">
    <p class='ocr_par' dir='ltr' id='par_1_98' title="bbox 335 4724 1995 4808">
     <span class='ocr_line' id='line_1_98' title="bbox 335 4724 1995 4808; baseline -0.002 -23"><span class='ocrx_word' id='word_1_654' title='bbox 335 4729 511 4803; x_wconf 79' lang='grc' dir='ltr'>θυσία,</span> <span class='ocrx_word' id='word_1_655' title='bbox 572 4724 935 4808; x_wconf 80' lang='grc' dir='ltr'>περιύϐρισται</span> <span class='ocrx_word' id='word_1_656' title='bbox 992 4728 1059 4783; x_wconf 78' lang='grc' dir='ltr'><strong>τὰ</strong></span> <span class='ocrx_word' id='word_1_657' title='bbox 1116 4727 1282 4793; x_wconf 82' lang='grc' dir='ltr'>σεμνὰ</span> <span class='ocrx_word' id='word_1_658' title='bbox 1339 4734 1445 4783; x_wconf 81' lang='grc' dir='ltr'>τῶν</span> <span class='ocrx_word' id='word_1_659' title='bbox 1497 4728 1650 4805; x_wconf 83' lang='grc' dir='ltr'>θεῶν,</span> <span class='ocrx_word' id='word_1_660' title='bbox 1696 4724 1995 4802; x_wconf 85' lang='grc' dir='ltr'>κατέστρα-</span> 
     </span>
    </p>
   </div>
   <div class='ocr_carea' id='block_1_99' title="bbox 339 4812 1995 4896">
    <p class='ocr_par' dir='ltr' id='par_1_99' title="bbox 339 4812 1995 4896">
     <span class='ocr_line' id='line_1_99' title="bbox 339 4812 1995 4896; baseline -0.004 -20"><span class='ocrx_word' id='word_1_661' title='bbox 339 4840 468 4876; x_wconf 83' lang='grc' dir='ltr'>πται</span> <span class='ocrx_word' id='word_1_662' title='bbox 500 4817 569 4873; x_wconf 75' lang='grc' dir='ltr'><strong>τὰ</strong></span> <span class='ocrx_word' id='word_1_663' title='bbox 615 4816 841 4896; x_wconf 83' lang='grc' dir='ltr'>τεμένη,</span> <span class='ocrx_word' id='word_1_664' title='bbox 874 4817 1055 4894; x_wconf 83' lang='grc' dir='ltr'>βωμὸς</span> <span class='ocrx_word' id='word_1_665' title='bbox 1102 4817 1242 4882; x_wconf 73' lang='grc' dir='ltr'>ἅπας</span> <span class='ocrx_word' id='word_1_666' title='bbox 1304 4823 1408 4875; x_wconf 83' lang='grc' dir='ltr'><strong>τῶν</strong></span> <span class='ocrx_word' id='word_1_667' title='bbox 1466 4820 1599 4873; x_wconf 81' lang='grc' dir='ltr'>θεῶν</span> <span class='ocrx_word' id='word_1_668' title='bbox 1656 4812 1995 4883; x_wconf 80' lang='grc' dir='ltr'>καταϐέϐλη-</span> 
     </span>
    </p>
   </div>
   <div class='ocr_carea' id='block_1_100' title="bbox 341 4903 1998 4985">
    <p class='ocr_par' dir='ltr' id='par_1_100' title="bbox 341 4903 1998 4985">
     <span class='ocr_line' id='line_1_100' title="bbox 341 4903 1998 4985; baseline 0.001 -24"><span class='ocrx_word' id='word_1_669' title='bbox 341 4928 451 4985; x_wconf 84' lang='grc' dir='ltr'>ται,</span> <span class='ocrx_word' id='word_1_670' title='bbox 510 4908 599 4963; x_wconf 86' lang='grc' dir='ltr'><strong>καὶ</strong></span> <span class='ocrx_word' id='word_1_671' title='bbox 660 4903 841 4971; x_wconf 78' lang='grc' dir='ltr'>ἁπλῶς</span> <span class='ocrx_word' id='word_1_672' title='bbox 903 4905 1003 4974; x_wconf 74' lang='grc' dir='ltr'><strong>τὴν</strong></span> <span class='ocrx_word' id='word_1_673' title='bbox 1058 4927 1116 4962; x_wconf 86' lang='grc' dir='ltr'><strong>τε</strong></span> <span class='ocrx_word' id='word_1_674' title='bbox 1174 4910 1277 4962; x_wconf 81' lang='grc' dir='ltr'><strong>τῶν</strong></span> <span class='ocrx_word' id='word_1_675' title='bbox 1339 4906 1472 4962; x_wconf 83' lang='grc' dir='ltr'>θεῶν</span> <span class='ocrx_word' id='word_1_676' title='bbox 1500 4905 1818 4981; x_wconf 80' lang='grc' dir='ltr'>καθαίρεσιν,</span> <span class='ocrx_word' id='word_1_677' title='bbox 1877 4910 1998 4962; x_wconf 80' lang='grc' dir='ltr'>εἶτα</span> 
     </span>
    </p>
   </div>
   <div class='ocr_carea' id='block_1_101' title="bbox 348 4994 1996 5075">
    <p class='ocr_par' dir='ltr' id='par_1_101' title="bbox 348 4994 1996 5075">
     <span class='ocr_line' id='line_1_101' title="bbox 348 4994 1996 5075; baseline 0 -24"><span class='ocrx_word' id='word_1_678' title='bbox 348 4994 571 5062; x_wconf 73' lang='grc' dir='ltr'>καίτῆν</span> <span class='ocrx_word' id='word_1_679' title='bbox 632 5001 725 5052; x_wconf 83' lang='grc' dir='ltr'><strong>τοῦ</strong></span> <span class='ocrx_word' id='word_1_680' title='bbox 783 4994 1023 5075; x_wconf 79' lang='grc' dir='ltr'>ἐπάρχου</span> <span class='ocrx_word' id='word_1_681' title='bbox 1081 4999 1362 5071; x_wconf 76' lang='grc' dir='ltr'>μετάθεσιν</span> <span class='ocrx_word' id='word_1_682' title='bbox 1419 4994 1730 5072; x_wconf 84' lang='grc' dir='ltr'>καταλέγει,</span> <span class='ocrx_word' id='word_1_683' title='bbox 1791 4996 1879 5051; x_wconf 85' lang='grc' dir='ltr'><strong>καὶ</strong></span> <span class='ocrx_word' id='word_1_684' title='bbox 1923 4998 1996 5061; x_wconf 86' lang='grc' dir='ltr'>ὡς</span> 
     </span>
    </p>
   </div>
   <div class='ocr_carea' id='block_1_102' title="bbox 352 5076 2001 5165">
    <p class='ocr_par' dir='ltr' id='par_1_102' title="bbox 352 5076 2001 5165">
     <span class='ocr_line' id='line_1_102' title="bbox 352 5076 2001 5165; baseline -0.001 -24"><span class='ocrx_word' id='word_1_685' title='bbox 352 5087 708 5165; x_wconf 79' lang='grc' dir='ltr'>συνυπαχθεὶς</span> <span class='ocrx_word' id='word_1_686' title='bbox 781 5087 810 5141; x_wconf 80' lang='grc' dir='ltr'><strong>δ</strong></span> <span class='ocrx_word' id='word_1_687' title='bbox 878 5084 1119 5165; x_wconf 75' lang='grc' dir='ltr'>ἔπαρχος</span> <span class='ocrx_word' id='word_1_688' title='bbox 1179 5076 1505 5165; x_wconf 72' lang='grc' dir='ltr'>Ἐρμογένης</span> <span class='ocrx_word' id='word_1_689' title='bbox 1566 5085 1739 5157; x_wconf 73' lang='grc' dir='ltr'>εὖνοίᾳ</span> <span class='ocrx_word' id='word_1_690' title='bbox 1794 5084 2001 5157; x_wconf 80' lang='grc' dir='ltr'>παλαιᾷ</span> 
     </span>
    </p>
   </div>
   <div class='ocr_carea' id='block_1_103' title="bbox 342 5172 2000 5254">
    <p class='ocr_par' dir='ltr' id='par_1_103' title="bbox 342 5172 2000 5254">
     <span class='ocr_line' id='line_1_103' title="bbox 342 5172 2000 5254; baseline -0.002 -22"><span class='ocrx_word' id='word_1_691' title='bbox 342 5177 429 5232; x_wconf 76' lang='grc' dir='ltr'><strong>καὶ</strong></span> <span class='ocrx_word' id='word_1_692' title='bbox 482 5174 660 5254; x_wconf 77' lang='grc' dir='ltr'>κέρδει</span> <span class='ocrx_word' id='word_1_693' title='bbox 706 5173 969 5250; x_wconf 81' lang='grc' dir='ltr'>πολιτικῷ</span> <span class='ocrx_word' id='word_1_694' title='bbox 1020 5179 1096 5247; x_wconf 83' lang='grc' dir='ltr'><strong>τῷ</strong></span> <span class='ocrx_word' id='word_1_695' title='bbox 1149 5172 1306 5248; x_wconf 74' lang='grc' dir='ltr'>δεινῷ</span> <span class='ocrx_word' id='word_1_696' title='bbox 1361 5176 1459 5242; x_wconf 76' lang='grc' dir='ltr'>τὴν</span> <span class='ocrx_word' id='word_1_697' title='bbox 1516 5173 1761 5253; x_wconf 78' lang='grc' dir='ltr'>γλῶτταν</span> <span class='ocrx_word' id='word_1_698' title='bbox 1820 5180 2000 5248; x_wconf 79' lang='grc' dir='ltr'>Μηνᾷ,</span> 
     </span>
    </p>
   </div>
   <div class='ocr_carea' id='block_1_104' title="bbox 2080 4721 3739 4806">
    <p class='ocr_par' dir='ltr' id='par_1_104' title="bbox 2080 4721 3739 4806">
     <span class='ocr_line' id='line_1_104' title="bbox 2080 4721 3739 4806; baseline 0.004 -25"><span class='ocrx_word' id='word_1_699' title='bbox 2080 4728 2281 4782; x_wconf 89' lang='lat' dir='ltr'><strong>narrat</strong></span> <span class='ocrx_word' id='word_1_700' title='bbox 2319 4722 2556 4784; x_wconf 89' lang='lat' dir='ltr'><strong>omnia:</strong></span> <span class='ocrx_word' id='word_1_701' title='bbox 2591 4721 2895 4785; x_wconf 86' lang='lat' dir='ltr'><strong>Abolitum</strong></span> <span class='ocrx_word' id='word_1_702' title='bbox 2929 4730 3040 4798; x_wconf 87' lang='lat' dir='ltr'><strong>est,</strong></span> <span class='ocrx_word' id='word_1_703' title='bbox 3075 4723 3307 4806; x_wconf 87' lang='lat' dir='ltr'><strong>dicens,</strong></span> <span class='ocrx_word' id='word_1_704' title='bbox 3342 4742 3521 4788; x_wconf 90' lang='lat' dir='ltr'><strong>omne</strong></span> <span class='ocrx_word' id='word_1_705' title='bbox 3550 4726 3739 4790; x_wconf 85' lang='lat' dir='ltr'><strong>sacri-</strong></span> 
     </span>
    </p>
   </div>
   <div class='ocr_carea' id='block_1_105' title="bbox 2081 4810 3735 4896">
    <p class='ocr_par' dir='ltr' id='par_1_105' title="bbox 2081 4810 3735 4896">
     <span class='ocr_line' id='line_1_105' title="bbox 2081 4810 3735 4896; baseline 0.005 -26"><span class='ocrx_word' id='word_1_706' title='bbox 2081 4810 2279 4872; x_wconf 82' lang='lat' dir='ltr'><strong>ﬁcium</strong></span> <span class='ocrx_word' id='word_1_707' title='bbox 2316 4827 2332 4886; x_wconf 90' lang='lat'><strong>;</strong></span> <span class='ocrx_word' id='word_1_708' title='bbox 2388 4811 2749 4874; x_wconf 88' lang='lat' dir='ltr'><strong>contumelia</strong></span> <span class='ocrx_word' id='word_1_709' title='bbox 2791 4819 2879 4874; x_wconf 92' lang='lat' dir='ltr'><strong>est</strong></span> <span class='ocrx_word' id='word_1_710' title='bbox 2928 4813 3135 4876; x_wconf 70' lang='lat' dir='ltr'><strong>affecta</strong></span> <span class='ocrx_word' id='word_1_711' title='bbox 3166 4813 3416 4878; x_wconf 91' lang='lat' dir='ltr'><strong>deorum</strong></span> <span class='ocrx_word' id='word_1_712' title='bbox 3461 4814 3735 4896; x_wconf 85' lang='lat' dir='ltr'><strong>magniﬁ-</strong></span> 
     </span>
    </p>
   </div>
   <div class='ocr_carea' id='block_1_106' title="bbox 2080 4899 3736 4983">
    <p class='ocr_par' dir='ltr' id='par_1_106' title="bbox 2080 4899 3736 4983">
     <span class='ocr_line' id='line_1_106' title="bbox 2080 4899 3736 4983; baseline 0.003 -21"><span class='ocrx_word' id='word_1_713' title='bbox 2080 4899 2297 4977; x_wconf 84' lang='lat' dir='ltr'><strong>centia,</strong></span> <span class='ocrx_word' id='word_1_714' title='bbox 2332 4918 2539 4963; x_wconf 77' lang='lat' dir='ltr'><strong>eversa</strong></span> <span class='ocrx_word' id='word_1_715' title='bbox 2588 4914 2726 4963; x_wconf 91' lang='lat' dir='ltr'><strong>sunt</strong></span> <span class='ocrx_word' id='word_1_716' title='bbox 2782 4901 3047 4983; x_wconf 86' lang='lat' dir='ltr'><strong>templa;</strong></span> <span class='ocrx_word' id='word_1_717' title='bbox 3109 4901 3305 4965; x_wconf 90' lang='lat' dir='ltr'><strong>diruta</strong></span> <span class='ocrx_word' id='word_1_718' title='bbox 3362 4912 3502 4966; x_wconf 90' lang='lat' dir='ltr'><strong>sunt</strong></span> <span class='ocrx_word' id='word_1_719' title='bbox 3530 4903 3736 4968; x_wconf 79' lang='lat' dir='ltr'><strong>omnia</strong></span> 
     </span>
    </p>
   </div>
   <div class='ocr_carea' id='block_1_107' title="bbox 2083 4990 3734 5075">
    <p class='ocr_par' dir='ltr' id='par_1_107' title="bbox 2083 4990 3734 5075">
     <span class='ocr_line' id='line_1_107' title="bbox 2083 4990 3734 5075; baseline 0.004 -23"><span class='ocrx_word' id='word_1_720' title='bbox 2083 4990 2331 5052; x_wconf 88' lang='lat' dir='ltr'><strong>deorum</strong></span> <span class='ocrx_word' id='word_1_721' title='bbox 2356 4991 2586 5067; x_wconf 79' lang='lat' dir='ltr'><strong>altaria,</strong></span> <span class='ocrx_word' id='word_1_722' title='bbox 2619 4991 2768 5054; x_wconf 89' lang='lat' dir='ltr'><strong>etad</strong></span> <span class='ocrx_word' id='word_1_723' title='bbox 2793 5009 3113 5075; x_wconf 86' lang='lat' dir='ltr'><strong>summam,</strong></span> <span class='ocrx_word' id='word_1_724' title='bbox 3144 4993 3327 5056; x_wconf 88' lang='lat' dir='ltr'><strong>refert</strong></span> <span class='ocrx_word' id='word_1_725' title='bbox 3349 4993 3600 5056; x_wconf 88' lang='lat' dir='ltr'><strong>deorum</strong></span> <span class='ocrx_word' id='word_1_726' title='bbox 3621 4994 3734 5059; x_wconf 86' lang='lat' dir='ltr'><strong>de-</strong></span> 
     </span>
    </p>
   </div>
   <div class='ocr_carea' id='block_1_108' title="bbox 2084 5080 3738 5166">
    <p class='ocr_par' dir='ltr' id='par_1_108' title="bbox 2084 5080 3738 5166">
     <span class='ocr_line' id='line_1_108' title="bbox 2084 5080 3738 5166; baseline 0.004 -24"><span class='ocrx_word' id='word_1_727' title='bbox 2084 5080 2455 5158; x_wconf 87' lang='lat' dir='ltr'><strong>letionem,et</strong></span> <span class='ocrx_word' id='word_1_728' title='bbox 2479 5081 2740 5163; x_wconf 83' lang='lat' dir='ltr'><strong>praefecti</strong></span> <span class='ocrx_word' id='word_1_729' title='bbox 2769 5081 3200 5161; x_wconf 86' lang='lat' dir='ltr'><strong>mutationem;</strong></span> <span class='ocrx_word' id='word_1_730' title='bbox 3233 5092 3291 5145; x_wconf 92' lang='lat' dir='ltr'><strong>et</strong></span> <span class='ocrx_word' id='word_1_731' title='bbox 3315 5084 3473 5165; x_wconf 90' lang='lat' dir='ltr'><strong>quod</strong></span> <span class='ocrx_word' id='word_1_732' title='bbox 3492 5085 3738 5166; x_wconf 67' lang='lat' dir='ltr'><strong>prmfec-</strong></span> 
     </span>
    </p>
   </div>
   <div class='ocr_carea' id='block_1_109' title="bbox 2088 5170 3736 5251">
    <p class='ocr_par' dir='ltr' id='par_1_109' title="bbox 2088 5170 3736 5251">
     <span class='ocr_line' id='line_1_109' title="bbox 2088 5170 3736 5251; baseline 0.004 -19"><span class='ocrx_word' id='word_1_733' title='bbox 2088 5178 2180 5233; x_wconf 88' lang='lat' dir='ltr'><strong>tus</strong></span> <span class='ocrx_word' id='word_1_734' title='bbox 2236 5170 2666 5251; x_wconf 84' lang='lat' dir='ltr'><strong>Hermogenes,</strong></span> <span class='ocrx_word' id='word_1_735' title='bbox 2715 5184 2915 5236; x_wconf 85' lang='lat' dir='ltr'><strong>vetere</strong></span> <span class='ocrx_word' id='word_1_736' title='bbox 2965 5172 3385 5236; x_wconf 86' lang='lat' dir='ltr'><strong>benevolentia</strong></span> <span class='ocrx_word' id='word_1_737' title='bbox 3446 5181 3506 5236; x_wconf 90' lang='lat' dir='ltr'><strong>et</strong></span> <span class='ocrx_word' id='word_1_738' title='bbox 3563 5175 3736 5239; x_wconf 90' lang='lat' dir='ltr'><strong>lucro</strong></span> 
     </span>
    </p>
   </div>
   <div class='ocr_carea' id='block_1_110' title="bbox 339 5260 1986 5347">
    <p class='ocr_par' dir='ltr' id='par_1_110' title="bbox 339 5262 1986 5347">
     <span class='ocr_line' id='line_1_110' title="bbox 339 5262 1986 5347; baseline -0.001 -25"><span class='ocrx_word' id='word_1_739' title='bbox 339 5264 543 5347; x_wconf 70' lang='grc' dir='ltr'>σχεδὸν</span> <span class='ocrx_word' id='word_1_740' title='bbox 600 5270 778 5322; x_wconf 78' lang='grc' dir='ltr'>πᾶσαν</span> <span class='ocrx_word' id='word_1_741' title='bbox 831 5265 931 5332; x_wconf 72' lang='grc' dir='ltr'>τὴν</span> <span class='ocrx_word' id='word_1_742' title='bbox 988 5263 1190 5345; x_wconf 77' lang='grc' dir='ltr'>ἀρχὴν,</span> <span class='ocrx_word' id='word_1_743' title='bbox 1259 5265 1390 5341; x_wconf 75' lang='grc' dir='ltr'>πρὸς</span> <span class='ocrx_word' id='word_1_744' title='bbox 1444 5265 1535 5321; x_wconf 79' lang='grc' dir='ltr'>τὸν</span> <span class='ocrx_word' id='word_1_745' title='bbox 1606 5262 1986 5343; x_wconf 62' lang='grc' dir='ltr'>ἐσταυρωμένοπ</span> 
     </span>
    </p>
   </div>
   <div class='ocr_carea' id='block_1_111' title="bbox 2074 5260 3738 5347">
    <p class='ocr_par' dir='ltr' id='par_1_111' title="bbox 2088 5260 3738 5346">
     <span class='ocr_line' id='line_1_111' title="bbox 2088 5260 3738 5346; baseline 0.005 -25"><span class='ocrx_word' id='word_1_746' title='bbox 2088 5260 2246 5322; x_wconf 89' lang='lat' dir='ltr'><strong>civili</strong></span> <span class='ocrx_word' id='word_1_747' title='bbox 2279 5261 2555 5323; x_wconf 87' lang='lat' dir='ltr'><strong>inductus</strong></span> <span class='ocrx_word' id='word_1_748' title='bbox 2603 5262 2678 5325; x_wconf 90' lang='lat' dir='ltr'><strong>ab</strong></span> <span class='ocrx_word' id='word_1_749' title='bbox 2722 5262 3038 5345; x_wconf 76' lang='lat' dir='ltr'><strong>eloquente</strong></span> <span class='ocrx_word' id='word_1_750' title='bbox 3068 5262 3261 5346; x_wconf 80' lang='lat' dir='ltr'><strong>Mena,</strong></span> <span class='ocrx_word' id='word_1_751' title='bbox 3296 5264 3578 5328; x_wconf 85' lang='lat' dir='ltr'><strong>universo</strong></span> <span class='ocrx_word' id='word_1_752' title='bbox 3607 5265 3738 5329; x_wconf 82' lang='lat' dir='ltr'><strong>fere</strong></span> 
     </span>
    </p>
   </div>
   <div class='ocr_carea' id='block_1_112' title="bbox 336 5351 1999 5435">
    <p class='ocr_par' dir='ltr' id='par_1_112' title="bbox 336 5351 1999 5435">
     <span class='ocr_line' id='line_1_112' title="bbox 336 5351 1999 5435; baseline -0.002 -21"><span class='ocrx_word' id='word_1_753' title='bbox 336 5366 737 5414; x_wconf 70' lang='grc' dir='ltr'>συναποκλτναι</span> <span class='ocrx_word' id='word_1_754' title='bbox 836 5354 1124 5435; x_wconf 85' lang='grc' dir='ltr'>παρέπεισε</span> <span class='ocrx_word' id='word_1_755' title='bbox 1161 5371 1174 5385; x_wconf 93' lang='grc'><strong>·</strong></span> <span class='ocrx_word' id='word_1_756' title='bbox 1277 5357 1365 5411; x_wconf 80' lang='grc' dir='ltr'>καὶ</span> <span class='ocrx_word' id='word_1_757' title='bbox 1446 5351 1550 5422; x_wconf 71' lang='grc' dir='ltr'>ἤδη</span> <span class='ocrx_word' id='word_1_758' title='bbox 1624 5366 1999 5432; x_wconf 81' lang='grc' dir='ltr'>προσκυνεῖται</span> 
     </span>
    </p>
   </div>
   <div class='ocr_carea' id='block_1_113' title="bbox 339 5440 1999 5525">
    <p class='ocr_par' dir='ltr' id='par_1_113' title="bbox 339 5440 1999 5525">
     <span class='ocr_line' id='line_1_113' title="bbox 339 5440 1999 5525; baseline -0.002 -23"><span class='ocrx_word' id='word_1_759' title='bbox 339 5447 442 5523; x_wconf 76' lang='grc' dir='ltr'>μὲν</span> <span class='ocrx_word' id='word_1_760' title='bbox 471 5446 648 5508; x_wconf 49' lang='lat' dir='ltr'><strong>esse;</strong></span> <span class='ocrx_word' id='word_1_761' title='bbox 705 5444 990 5525; x_wconf 78' lang='grc' dir='ltr'>πανταχοῦ</span> <span class='ocrx_word' id='word_1_762' title='bbox 1046 5444 1074 5500; x_wconf 85' lang='grc' dir='ltr'>ὁ</span> <span class='ocrx_word' id='word_1_763' title='bbox 1134 5444 1382 5523; x_wconf 84' lang='grc' dir='ltr'>Χριστός,</span> <span class='ocrx_word' id='word_1_764' title='bbox 1449 5441 1686 5510; x_wconf 79' lang='grc' dir='ltr'>Ἀπῆλθε</span> <span class='ocrx_word' id='word_1_765' title='bbox 1735 5440 1788 5498; x_wconf 77' lang='grc' dir='ltr'>δὲ</span> <span class='ocrx_word' id='word_1_766' title='bbox 1829 5443 1999 5499; x_wconf 87' lang='grc' dir='ltr'>ὀπίσω</span> 
     </span>
    </p>
   </div>
   <div class='ocr_carea' id='block_1_114' title="bbox 340 5530 2001 5607">
    <p class='ocr_par' dir='ltr' id='par_1_114' title="bbox 340 5530 2001 5607">
     <span class='ocr_line' id='line_1_114' title="bbox 340 5530 2001 5607; baseline -0.003 -13"><span class='ocrx_word' id='word_1_767' title='bbox 340 5540 504 5597; x_wconf 71' lang='grc' dir='ltr'><strong>αὗτοῦ</strong></span> <span class='ocrx_word' id='word_1_768' title='bbox 534 5541 686 5592; x_wconf 80' lang='grc' dir='ltr'>πᾶσα</span> <span class='ocrx_word' id='word_1_769' title='bbox 745 5536 778 5603; x_wconf 76' lang='grc' dir='ltr'>ἡ</span> <span class='ocrx_word' id='word_1_770' title='bbox 840 5530 1234 5607; x_wconf 79' lang='grc' dir='ltr'>Ἀλεξάνδρεια.</span> <span class='ocrx_word' id='word_1_771' title='bbox 1296 5542 1470 5592; x_wconf 78' lang='grc' dir='ltr'>Ταῦτα</span> <span class='ocrx_word' id='word_1_772' title='bbox 1520 5533 1706 5605; x_wconf 83' lang='grc' dir='ltr'>εἰπὼν,</span> <span class='ocrx_word' id='word_1_773' title='bbox 1758 5531 1850 5588; x_wconf 73' lang='grc' dir='ltr'>’ἵνα</span> <span class='ocrx_word' id='word_1_774' title='bbox 1905 5533 2001 5589; x_wconf 76' lang='grc' dir='ltr'><strong>καί</strong></span> 
     </span>
    </p>
   </div>
   <div class='ocr_carea' id='block_1_115' title="bbox 342 5622 1999 5705">
    <p class='ocr_par' dir='ltr' id='par_1_115' title="bbox 342 5622 1999 5705">
     <span class='ocr_line' id='line_1_115' title="bbox 342 5622 1999 5705; baseline -0.003 -20"><span class='ocrx_word' id='word_1_775' title='bbox 342 5626 508 5685; x_wconf 84' lang='grc' dir='ltr'>πλέον</span> <span class='ocrx_word' id='word_1_776' title='bbox 580 5624 744 5683; x_wconf 75' lang='grc' dir='ltr'>αὗτὸν</span> <span class='ocrx_word' id='word_1_777' title='bbox 814 5623 1082 5705; x_wconf 77' lang='grc' dir='ltr'>ἐξοργίσῃ,</span> <span class='ocrx_word' id='word_1_778' title='bbox 1157 5625 1240 5681; x_wconf 70' lang='grc' dir='ltr'>καὶ</span> <span class='ocrx_word' id='word_1_779' title='bbox 1313 5625 1444 5704; x_wconf 83' lang='grc' dir='ltr'>πρὸς</span> <span class='ocrx_word' id='word_1_780' title='bbox 1521 5622 1618 5691; x_wconf 74' lang='grc' dir='ltr'><strong>τὴν</strong></span> <span class='ocrx_word' id='word_1_781' title='bbox 1688 5622 1822 5680; x_wconf 81' lang='grc' dir='ltr'>κατὰ</span> <span class='ocrx_word' id='word_1_782' title='bbox 1892 5628 1999 5680; x_wconf 78' lang='grc' dir='ltr'><strong>τῶν</strong></span> 
     </span>
    </p>
   </div>
   <div class='ocr_carea' id='block_1_116' title="bbox 340 5710 1996 5802">
    <p class='ocr_par' dir='ltr' id='par_1_116' title="bbox 340 5710 1996 5802">
     <span class='ocr_line' id='line_1_116' title="bbox 340 5710 1996 5802; baseline -0.003 -27"><span class='ocrx_word' id='word_1_783' title='bbox 340 5712 680 5802; x_wconf 74' lang='grc' dir='ltr'>Χριστιανῶν</span> <span class='ocrx_word' id='word_1_784' title='bbox 751 5715 1010 5795; x_wconf 86' lang='grc' dir='ltr'>τιμωρίαν</span> <span class='ocrx_word' id='word_1_785' title='bbox 1085 5710 1321 5792; x_wconf 75' lang='grc' dir='ltr'>ἐκμῆνῃ,</span> <span class='ocrx_word' id='word_1_786' title='bbox 1389 5712 1728 5793; x_wconf 86' lang='grc' dir='ltr'>προστίθησιν</span> <span class='ocrx_word' id='word_1_787' title='bbox 1796 5712 1895 5789; x_wconf 85' lang='grc' dir='ltr'>ὡς,</span> <span class='ocrx_word' id='word_1_788' title='bbox 1942 5712 1996 5770; x_wconf 71' lang='grc' dir='ltr'><strong>ΕΞ</strong></span> 
     </span>
    </p>
   </div>
   <div class='ocr_carea' id='block_1_117' title="bbox 2086 5351 3740 5437">
    <p class='ocr_par' dir='ltr' id='par_1_117' title="bbox 2086 5351 3740 5437">
     <span class='ocr_line' id='line_1_117' title="bbox 2086 5351 3740 5437; baseline 0.004 -25"><span class='ocrx_word' id='word_1_789' title='bbox 2086 5352 2382 5433; x_wconf 88' lang='lat' dir='ltr'><strong>persuasit</strong></span> <span class='ocrx_word' id='word_1_790' title='bbox 2406 5351 2682 5434; x_wconf 75' lang='lat' dir='ltr'><strong>imperio,</strong></span> <span class='ocrx_word' id='word_1_791' title='bbox 2718 5358 2782 5415; x_wconf 90' lang='lat' dir='ltr'><strong>ut</strong></span> <span class='ocrx_word' id='word_1_792' title='bbox 2806 5352 3135 5417; x_wconf 90' lang='lat' dir='ltr'><strong>declinaret</strong></span> <span class='ocrx_word' id='word_1_793' title='bbox 3161 5353 3234 5416; x_wconf 90' lang='lat' dir='ltr'><strong>ad</strong></span> <span class='ocrx_word' id='word_1_794' title='bbox 3257 5353 3655 5437; x_wconf 81' lang='lat' dir='ltr'><strong>Cruciﬁxum;</strong></span> <span class='ocrx_word' id='word_1_795' title='bbox 3678 5362 3740 5419; x_wconf 86' lang='lat' dir='ltr'><strong>et</strong></span> 
     </span>
    </p>
   </div>
   <div class='ocr_carea' id='block_1_118' title="bbox 2076 5440 3732 5524">
    <p class='ocr_par' dir='ltr' id='par_1_118' title="bbox 2076 5440 3732 5524">
     <span class='ocr_line' id='line_1_118' title="bbox 2076 5440 3732 5524; baseline 0.002 -21"><span class='ocrx_word' id='word_1_796' title='bbox 2076 5442 2201 5521; x_wconf 85' lang='lat' dir='ltr'><strong>jam</strong></span> <span class='ocrx_word' id='word_1_797' title='bbox 2238 5440 2480 5522; x_wconf 89' lang='lat' dir='ltr'><strong>quidem</strong></span> <span class='ocrx_word' id='word_1_798' title='bbox 2540 5440 2760 5524; x_wconf 89' lang='lat' dir='ltr'><strong>ubique</strong></span> <span class='ocrx_word' id='word_1_799' title='bbox 2815 5460 3029 5505; x_wconf 87' lang='lat' dir='ltr'><strong>secure</strong></span> <span class='ocrx_word' id='word_1_800' title='bbox 3095 5443 3374 5506; x_wconf 78' lang='lat' dir='ltr'><strong>aduratur</strong></span> <span class='ocrx_word' id='word_1_801' title='bbox 3430 5442 3732 5507; x_wconf 84' lang='lat' dir='ltr'><strong>Christus:</strong></span> 
     </span>
    </p>
   </div>
   <div class='ocr_carea' id='block_1_119' title="bbox 2084 5529 3737 5597">
    <p class='ocr_par' dir='ltr' id='par_1_119' title="bbox 2084 5529 3737 5597">
     <span class='ocr_line' id='line_1_119' title="bbox 2084 5529 3737 5597; baseline 0.001 -4"><span class='ocrx_word' id='word_1_802' title='bbox 2084 5550 2220 5593; x_wconf 91' lang='lat' dir='ltr'><strong>eum</strong></span> <span class='ocrx_word' id='word_1_803' title='bbox 2254 5540 2449 5593; x_wconf 91' lang='lat' dir='ltr'><strong>autem</strong></span> <span class='ocrx_word' id='word_1_804' title='bbox 2508 5541 2717 5595; x_wconf 89' lang='lat' dir='ltr'><strong>secuta</strong></span> <span class='ocrx_word' id='word_1_805' title='bbox 2748 5540 2835 5595; x_wconf 90' lang='lat' dir='ltr'><strong>est</strong></span> <span class='ocrx_word' id='word_1_806' title='bbox 2865 5541 2982 5595; x_wconf 90' lang='lat' dir='ltr'><strong>tota</strong></span> <span class='ocrx_word' id='word_1_807' title='bbox 3008 5533 3391 5597; x_wconf 81' lang='lat' dir='ltr'><strong>Alexandria.</strong></span> <span class='ocrx_word' id='word_1_808' title='bbox 3425 5529 3564 5595; x_wconf 81' lang='lat' dir='ltr'><strong>Haec</strong></span> <span class='ocrx_word' id='word_1_809' title='bbox 3598 5550 3737 5596; x_wconf 89' lang='lat' dir='ltr'><strong>cum</strong></span> 
     </span>
    </p>
   </div>
   <div class='ocr_carea' id='block_1_120' title="bbox 2084 5620 3732 5703">
    <p class='ocr_par' dir='ltr' id='par_1_120' title="bbox 2084 5620 3732 5703">
     <span class='ocr_line' id='line_1_120' title="bbox 2084 5620 3732 5703; baseline 0 -20"><span class='ocrx_word' id='word_1_810' title='bbox 2084 5620 2354 5699; x_wconf 79' lang='lat' dir='ltr'><strong>dixisset,</strong></span> <span class='ocrx_word' id='word_1_811' title='bbox 2386 5627 2447 5683; x_wconf 89' lang='lat' dir='ltr'><strong>ut</strong></span> <span class='ocrx_word' id='word_1_812' title='bbox 2470 5639 2607 5684; x_wconf 92' lang='lat' dir='ltr'><strong>eum</strong></span> <span class='ocrx_word' id='word_1_813' title='bbox 2642 5622 2828 5703; x_wconf 86' lang='lat' dir='ltr'><strong>magis</strong></span> <span class='ocrx_word' id='word_1_814' title='bbox 2857 5633 3208 5703; x_wconf 73' lang='lat' dir='ltr'><strong>provocarat</strong></span> <span class='ocrx_word' id='word_1_815' title='bbox 3229 5622 3304 5685; x_wconf 90' lang='lat' dir='ltr'><strong>ad</strong></span> <span class='ocrx_word' id='word_1_816' title='bbox 3333 5621 3732 5699; x_wconf 84' lang='lat' dir='ltr'><strong>iracundiam,</strong></span> 
     </span>
    </p>
   </div>
   <div class='ocr_carea' id='block_1_121' title="bbox 2086 5707 3738 5802">
    <p class='ocr_par' dir='ltr' id='par_1_121' title="bbox 2086 5707 3738 5802">
     <span class='ocr_line' id='line_1_121' title="bbox 2086 5707 3738 5802; baseline 0 -26"><span class='ocrx_word' id='word_1_817' title='bbox 2086 5719 2144 5776; x_wconf 85' lang='lat' dir='ltr'><strong>et</strong></span> <span class='ocrx_word' id='word_1_818' title='bbox 2170 5712 2243 5775; x_wconf 88' lang='lat' dir='ltr'><strong>ad</strong></span> <span class='ocrx_word' id='word_1_819' title='bbox 2275 5727 2480 5793; x_wconf 75' lang='lat' dir='ltr'><strong>poenas</strong></span> <span class='ocrx_word' id='word_1_820' title='bbox 2511 5712 2585 5781; x_wconf 87' lang='lat' dir='ltr'><strong>de</strong></span> <span class='ocrx_word' id='word_1_821' title='bbox 2616 5711 2959 5781; x_wconf 84' lang='lat' dir='ltr'><strong>christianis</strong></span> <span class='ocrx_word' id='word_1_822' title='bbox 2987 5712 3311 5779; x_wconf 81' lang='lat' dir='ltr'><strong>sumendas</strong></span> <span class='ocrx_word' id='word_1_823' title='bbox 3367 5710 3564 5802; x_wconf 75' lang='lat' dir='ltr'><strong>acrius</strong></span> <span class='ocrx_word' id='word_1_824' title='bbox 3588 5707 3738 5782; x_wconf 80' lang='lat' dir='ltr'><strong>irri-</strong></span> 
     </span>
    </p>
   </div>
  </div>
