4132 6422
436 356 554 437 399

1742 364 1903 429 ΜΕΝ
1911 360 2025 426 SIS
2076 362 2504 427 DECEMBER.

3693 362 3817 429 400

437 512 612 583 taret,
642 503 889 585 adjicit:
916 501 1045 569 Nisi
1073 502 1189 565 hoc
1218 500 1325 563 tibi
1357 515 1583 577 magnae
1611 496 1793 559 fuerit
1819 515 2003 570 cum,
2029 504 2080 561 et

2170 500 2247 573 μὴ
2276 498 2361 556 διὰ
2412 498 2621 568 πολλῆς
2663 502 2819 557 τοῦτο
2876 502 3022 567 θείης
3070 496 3336 578 φροντίδος
3392 518 3450 553 τε
3505 500 3593 555 καὶ
3648 498 3821 574 μελέ-

436 615 473 659 a
525 604 585 658 te
642 593 885 676 quidem
944 596 1284 654 evertantur
1329 606 1431 649 res
1470 586 1972 661 Christianorum,
2021 587 2083 650 in

436 684 756 765 pristinum
811 700 947 745 vero
997 687 1215 742 statum
1248 676 1637 765 restituantur
1669 693 1771 737 res
1806 676 2081 756 deorum,

436 764 566 837 scio
596 773 746 847 fore,
781 780 847 835 ut
899 778 1064 833 tuum
1123 766 1366 847 quidem
1423 764 1746 844 imperium
1799 765 2087 828 citissime

431 870 765 926 evertatur:
801 859 1190 923 conﬁrmetur
1218 862 1417 917 autem
1474 870 1725 932 regnum
1775 855 1930 934 ejus,
1982 858 2085 935 qui

431 951 650 1014 dicitur
677 948 971 1013 Christus.

509 1036 717 1105 XXVI.
776 1036 902 1100 Hoc
957 1054 1092 1099 cum
1140 1034 1465 1097 audivisset
1518 1031 1902 1108 Maximinus,
1950 1032 2083 1094 fore

430 1129 698 1212 quidem,
730 1136 794 1191 ut
817 1145 989 1190 suum
1013 1136 1326 1188 corrueret
1356 1120 1700 1212 imperium,
1730 1122 1948 1184 Christi
1970 1139 2079 1185 au-

427 1210 550 1281 tem
578 1234 830 1297 regnum
864 1215 1201 1293 erigeretur
1232 1234 1246 1274 :
1280 1211 1520 1273 laudato
1551 1210 1793 1290 quidem
1856 1220 1916 1272 et
1962 1212 2077 1273 ho-

426 1315 640 1371 norato
669 1306 938 1372 Rusticio
964 1311 1210 1386 propter
1237 1303 1369 1382 ejus
1397 1300 1460 1362 in
1494 1300 1687 1380 ipsum
1732 1308 1791 1362 et
1840 1301 1900 1361 in
1932 1300 2078 1363 deos

427 1395 928 1475 benevolentiam,
986 1393 1273 1456 efferatus
1329 1389 1615 1451 adversus
1646 1388 1989 1469 praefectum
2022 1396 2081 1451 et

427 1487 773 1551 universam
787 1485 1180 1557 civitatem,et
1196 1479 1381 1558 magis
1397 1496 1574 1559 quam
1598 1478 1908 1558 expediret
1921 1478 2079 1540 indi-

428 1584 663 1657 gnatus,
681 1574 885 1638 statuit
901 1573 1002 1634 ille
1026 1572 1159 1651 ipse
1189 1571 1473 1632 continuo
1506 1567 2078 1657 proficisciAlexan-

427 1656 619 1731 driam
653 1682 867 1744 magno
897 1661 1093 1725 studio
1123 1668 1183 1722 et
1209 1666 1521 1739 apparatu,
1568 1675 1704 1719 cum
1752 1656 2077 1719 bellicoso-

2166 609 2287 662 της,
2351 588 2439 645 καὶ
2496 590 2774 669 ἀνατραπῇ
2843 588 2940 664 μὲν
3011 587 3102 643 ἐπὶ
3175 589 3270 645 σοῦ
3325 586 3393 643 τὰ
3464 591 3814 665 Χριστιανῶν,

2166 679 2366 753 ἀναστῇ
2426 675 2580 734 δὲτὰ
2624 685 2729 736 τῶν
2783 681 2939 752 θεῶν,
3000 675 3127 735 οῖδα
3182 677 3258 740 ὡς
3314 678 3816 757 καταστραφήσεται

2165 766 2265 840 μὲν
2292 768 2328 835 ἡ
2378 766 2447 834 σὴ
2505 766 2749 843 βασιλεία
2805 765 2963 847 τάχει
3020 764 3231 842 πολλῷ,
3294 763 3713 842 βεϐαιωθήσεται
3760 765 3819 825 δὲ

2163 857 2200 922 ἡ
2238 861 2325 913 τοῦ
2351 853 2639 935 λεγομένου
2672 863 2916 937 Χριστοῦ,

2249 1033 2397 1108 κζ’.
2473 1040 2637 1092 Τοῦτο
2708 1033 3005 1109 Μαξιμῖνος
3091 1033 3348 1117 ἀκούσάς,
3420 1039 3494 1101 ὡς
3563 1049 3812 1095 πεσεῖται

2164 1120 2263 1198 μὲν
2321 1125 2353 1189 ἡ
2413 1124 2592 1194 αὐτοῦ,
2654 1124 3009 1192 ἀναστήσεται
3067 1122 3122 1181 δὲ
3180 1126 3213 1193 ἡ
3265 1132 3493 1203 Χριστοῦ
3544 1126 3815 1207 βασιλεία,

2161 1212 2252 1268 τὸν
2311 1212 2409 1286 μὲν
2473 1210 2791 1271 Ῥουστίκιον
2851 1218 2951 1285 τῆς
3009 1235 3067 1271 τε
3124 1215 3199 1278 εἱς
3252 1216 3414 1274 αὐτὸν
3468 1217 3693 1285 εὒνοίας,
3728 1213 3817 1272 καὶ

2160 1300 2256 1368 τῆς
2342 1302 2413 1366 είς
2485 1301 2604 1367 τοὺς
2687 1303 2836 1367 θεοὺς
2901 1301 3290 1377 ἀποδεξάμενος
3376 1305 3466 1361 καὶ
3550 1303 3813 1381 τιμήσας,

2160 1390 2412 1468 ἆγριάνας
2464 1388 2519 1446 δὲ
2578 1390 2775 1473 σφόδρα
2832 1393 2968 1449 κατά
2998 1413 3054 1449 τε
3084 1400 3179 1451 τοῦ
3206 1393 3452 1474 ἐπάρχου
3501 1395 3587 1452 καὶ
3634 1394 3816 1463 πάσης

2158 1478 2257 1546 τῆς
2285 1477 2518 1555 πόλεως,
2578 1482 2667 1538 καὶ
2719 1487 2813 1539 τοῦ
2870 1484 3033 1556 θυμοῦ
3092 1482 3297 1558 μᾶλλον
3332 1486 3620 1561 γενόμενος
3651 1482 3687 1551 ἤ
3711 1491 3814 1544 1:06

2161 1567 2544 1648 συμφέροντος,
2613 1568 2813 1648 ἔκρινεν
2884 1570 3032 1636 εὐθὺς
3083 1574 3239 1633 αὐτὸς
3291 1573 3499 1636 ἐκεῖνος
3530 1573 3820 1642 ἐπιστῆναι

2159 1664 2229 1744 τῇ
2303 1656 2668 1738 Ἀλεξάνδρου,
2754 1660 3063 1738 παρασκευῇ
3149 1660 3328 1739 πολλῇ
3410 1663 3500 1720 καὶ
3583 1661 3815 1744 σπουδῇ,

425 1773 563 1821 rum
580 1743 888 1817 hominum
905 1752 1117 1813 decem
1142 1748 1330 1810 millia
1350 1746 1424 1808 ad
1448 1747 1562 1808 hoc
1573 1748 1854 1839 jussisset
1883 1747 2073 1827 sequi,

2163 1743 2287 1802 δέκα
2344 1745 2591 1839 χιλίαδας
2647 1746 2850 1827 ἀνδρῶν
2906 1750 3165 1839 μαχίμων
3215 1753 3289 1816 εἰς
3346 1753 3501 1810 τοῦτο
3558 1743 3820 1818 κι)εύσας

430 1845 680 1908 dicens:
712 1842 820 1905 Vel
850 1840 979 1903 sola
1019 1839 1447 1918 imperatorum
1493 1835 1835 1897 reverentia
1883 1844 2079 1897 motus

2167 1838 2311 1907 αὔτῷ
2369 1835 2703 1912 συνέπεσθαι,
2762 1839 2924 1895 εἰπὼν
2981 1838 3060 1895 ὅτι
3123 1840 3431 1915 Αίδούμενοι
3489 1840 3681 1917 μόνον,
3742 1845 3824 1909 ὡς

432 1932 688 2015 populus
709 1948 815 1995 eos
842 1929 988 1992 deos
1018 1929 1249 1992 honore
1271 1925 1515 2015 afﬁciet,
1549 1943 1707 2015 quos
1726 1924 1815 2015 illi
1838 1932 2089 1988 censent

431 2013 741 2099 colendos,
756 2029 816 2083 et
835 2037 901 2082 se
943 2018 1019 2080 ab
1044 2016 1160 2080 alia
1184 2014 1467 2096 reprimet
1494 2013 1899 2094 improbitate.
1934 2015 2082 2077 Nam

429 2111 548 2177 nisi
574 2112 657 2175 ita
685 2117 865 2186 esset,
902 2115 967 2170 ut
994 2107 1123 2188 ipse
1167 2122 1370 2168 rerum
1421 2111 1607 2166 status
1659 2103 1876 2182 arguit,
1938 2102 2089 2164 citra

430 2201 619 2266 ullum
651 2199 935 2264 ruborem
968 2196 1122 2259 mala
1153 2196 1389 2268 ﬁerent,
1424 2200 1483 2255 et
1507 2211 1618 2255 nec
1657 2191 1924 2255 studeret
1946 2192 2087 2273 qui-

433 2292 572 2357 dem
600 2290 788 2353 latere
814 2286 1053 2369 aliquis.
1086 2286 1368 2348 Attamen
1398 2301 1533 2345 cum
1586 2282 1836 2345 deorum
1883 2281 2084 2361 provi-

431 2381 638 2445 dentia
662 2379 831 2441 fuero
861 2374 1265 2445 Alexandrina,
1298 2380 1356 2434 et
1390 2372 1500 2434 hos
1532 2372 1697 2451 ipsos
1725 2370 2002 2444 ulciscar,
2029 2377 2088 2431 et

433 2487 628 2533 meam
643 2468 938 2545 corrigam
954 2462 1398 2544 ignorationem
1410 2509 1423 2535 ,
1434 2462 1638 2541 procul
1653 2460 1979 2522 amandans
1994 2475 2090 2521 er-

431 2576 634 2622 rorem
647 2557 711 2619 in
728 2554 1090 2621 Crucitixum
1104 2602 1117 2616 .
1134 2551 1521 2631 Dixit,neque
1539 2549 1788 2612 multum
1805 2557 1920 2611 tem
1930 2548 2089 2629 poris

433 2645 713 2730 permisit
740 2642 1141 2717 intercedere,
1173 2640 1279 2703 sed
1310 2639 1493 2702 rebus
1524 2637 1801 2730 omnibus
1832 2636 2091 2730 publicis

435 2728 817 2819 posthabitis,
849 2750 1062 2811 magna
1090 2730 1393 2794 celeritate
1422 2729 1585 2791 venit
1608 2728 2034 2819 Alexandriam
2062 2747 2075 2786 :

438 2817 498 2890 et
527 2824 726 2887 statim
752 2823 918 2903 jubet
944 2832 1186 2884 sanctos
1214 2817 1735 2900 comprehendi,et
1761 2824 2085 2892 mane,tota

435 2915 673 2979 vidente
707 2912 969 2992 civitate,
1003 2919 1061 2973 et
1091 2929 1269 2972 manu
1325 2909 1640 2970 assistente
1681 2906 1943 2984 militari,
1980 2924 2080 2969 se-

432 3006 586 3069 dens
615 3021 721 3084 pro
741 3000 1046 3079 tribunali,
1070 3018 1173 3062 eos
1203 2997 1378 3079 iussit
1404 2998 1594 3060 nudos
1624 2995 1950 3059 introduci.

2169 1923 2338 2004 ἔοικε,
2369 1926 2492 1990 τοὺς
2541 1925 2787 2003 βασιλεῖς
2845 1930 2893 1985 οἱ
2922 1926 3135 2005 πολλοὶ,
3192 1931 3422 2006 τιμῶσιν
3473 1933 3562 1995 οὓς
3609 1929 3823 1990 δοκοῦσι

2169 2012 2341 2071 σέϐειν
2397 2016 2572 2093 θεοὺς,
2630 2018 2720 2074 καὶ
2772 2018 2869 2086 τῆς
2940 2016 3107 2087 ἄλλης
3165 2019 3380 2085 ἑαυτοὺς
3440 2022 3629 2086 κακίας
3680 2022 3823 2081 ἀνα-

2168 2104 2530 2183 χαιτίζουσιν.
2596 2103 2771 2185 Ἐπεὶ,
2833 2108 2876 2163 εἰ
2906 2109 2986 2182 μὴ
3014 2115 3171 2165 τοῦτο
3210 2108 3300 2183 ἧν,
3333 2110 3408 2175 ὡς
3438 2112 3474 2178 ἡ
3505 2117 3609 2168 τῶν
3640 2133 3825 2190 πραγ-

2171 2192 2354 2268 μάτων
2434 2193 2652 2272 ἐλέγχει
2736 2196 3091 2273 παράστασις,
3177 2196 3687 2277 ἀπηρυθριασμένως
3756 2201 3825 2256 ἂν

2168 2281 2457 2353 ἐπράττετο
2525 2283 2592 2339 τὰ
2663 2285 2824 2364 κακὰ,
2896 2286 2984 2341 καὶ
3054 2284 3164 2345 οὐδ’
3213 2287 3276 2342 ἂν
3332 2285 3548 2345 ἔσπευδέ
3605 2311 3684 2355 τις
3728 2297 3825 2347 τοῦ

2168 2368 2375 2430 λαθεῖν.
2440 2371 2632 2447 Ὅμως
2686 2374 2902 2451 προνοίᾳ
2959 2382 3065 2432 τῶν
3122 2379 3256 2433 θεῶν
3322 2376 3432 2456 ἐγὼ
3504 2380 3642 2436 κατὰ
3720 2381 3822 2444 τὴν

2172 2458 2513 2537 Ἀλεξάνδρου
2583 2463 2869 2540 γενόμενος
2929 2464 3098 2522 αὐτῶν
3161 2486 3221 2522 τε
3291 2468 3525 2545 τιμωρὸς
3599 2466 3816 2545 ἔσομαι,

2172 2550 2259 2606 καὶ
2339 2552 2437 2617 τὴν
2530 2550 2760 2626 ἐμαυτοῦ
2856 2553 3293 2633 ἐπανορθώσομαι
3386 2554 3630 2639 ἄγνοιαν,
3716 2559 3820 2627 τὴν

2172 2639 2289 2711 περὶ
2327 2640 2415 2695 τὸν
2466 2639 2861 2719 ἐσταυρωμένον
2918 2643 3151 2717 πλάνην,
3211 2644 3448 2704 ἐκποδὼν
3508 2649 3814 2722 ποιησάμε-

2165 2749 2281 2791 νος.
2338 2729 2501 2808 Eine,
2561 2734 2658 2787 καὶ
2716 2731 2776 2787 οὔ
2833 2731 2969 2789 πολὺ
3010 2734 3071 2790 τὸ
3127 2734 3181 2790 ἐν
3211 2734 3363 2810 μέσῳ
3414 2742 3619 2815 παρῆκε
3653 2737 3808 2815 γενέ-

2166 2820 2307 2890 σθαι,
2368 2816 2505 2874 ἀλλὰ
2574 2820 2641 2876 τὰ
2709 2819 2966 2878 πολιτικὰ
3030 2824 3205 2881 πάντα
3274 2823 3513 2899 δευτέρας
3580 2823 3807 2890 ἀξιώσας

2167 2904 2462 2985 φροντίδος,
2524 2908 2681 2988 τάχει
2742 2907 2929 2983 πολλῷ
2985 2912 3085 2979 τὴν
3138 2910 3485 2993 Ἀλεξάνδρου
3538 2913 3813 2990 καταλαμ·

2166 2994 2337 3056 ϐάνει.
2376 2998 2474 3054 Καὶ
2500 2998 2684 3055 αὐτίκα
2746 2997 3111 3080 συλληφθῆναι
3168 3000 3373 3061 κελεύει
3434 3006 3559 3069 τοὺς
3610 3005 3819 3084 ἁγίους,

430 3097 522 3155 καί
574 3094 687 3168 ἅμα
771 3093 941 3172 nam,
1004 3096 1104 3158 τῆς
1162 3111 1219 3147 τε
1274 3088 1481 3154 πόλεως
1550 3089 1763 3155 ἀπάσης
1821 3089 2056 3163 ὁρωσης,
2116 3086 2203 3141 καὶ
2257 3087 2358 3152 τῆς
2429 3088 2814 3167 στρατιωτικῆς
2882 3090 3279 3168 παρισταμένης
3324 3095 3534 3174 χειρὸς,
3597 3095 3822 3159 καθίσας

429 3184 521 3243 ἑπί
547 3188 642 3240 τοῦ
668 3183 937 3259 βήματος,
970 3183 1199 3258 γυμνούς
1243 3178 1427 3243 αὐτοὺς
1461 3177 1744 3235 ἐπέταττεν
1790 3177 2130 3254 εἰσαχθῆοαι.

510 3268 748 3334 XXVII.
781 3271 1097 3349 Postquam
1116 3275 1314 3329 autem
1347 3284 1450 3327 eos
1480 3266 1674 3326 solum
1704 3264 1863 3353 vidit
1882 3264 2073 3353 intro-7

2172 3348 2184 3353 _
2243 3262 2362 3323 KZ'.
2431 3267 2681 3353 Καὶ-ὡς
2753 3266 2916 3331 μόνον
2988 3268 3131 3327 εἶδεν
3205 3271 3600 3353 εἰσαγομένους,
3675 3273 3817 3352 μέγα

431 3360 665 3431 ductos,
698 3376 909 3437 magna
936 3374 1084 3419 voce
1111 3355 1490 3417 exclamans:
1512 3356 1557 3418 Ο
1582 3352 1920 3433 dii,inquit,
1937 3352 2079 3431 quid

432 3451 548 3514 hoc
575 3447 838 3509 futurum
871 3453 984 3522 est,
1012 3445 1169 3525 quod
1200 3446 1337 3519 iste,
1373 3444 1544 3523 cujus
1596 3450 1815 3505 tantum
1876 3459 2078 3503 curam

429 3537 610 3617 gessi,
647 3544 707 3598 et
737 3536 792 3598 ei
828 3536 1055 3616 primos
1094 3533 1494 3610 magistratus,
1529 3551 1683 3613 quos
1712 3532 1860 3594 nulli
1892 3531 1989 3592 alii
2011 3549 2081 3592 ex

426 3626 527 3702 iis,
564 3625 666 3706 qui
697 3625 870 3688 nobis
902 3634 1136 3704 parent,
1171 3622 1473 3702 mandavi,
1508 3640 1614 3683 sua
1643 3629 1856 3701 sponte
1886 3620 2084 3681 omnia

430 3714 796 3797 deepexerit,
824 3725 884 3776 et
906 3715 978 3776 ad
998 3722 1113 3775 tam
1150 3712 1459 3776 obscuram
1493 3720 1552 3773 et
1575 3710 1867 3790 abjectam
1904 3710 2084 3771 fortu-

430 3822 569 3869 nam
621 3803 1022 3883 transfugerit,
1079 3810 1136 3862 et
1168 3819 1398 3863 comam
1465 3802 1641 3862 etiam
1702 3799 1913 3880 capitis
1969 3798 2083 3859 sibi

426 3894 744 3969 ademerit,
806 3903 867 3956 et
917 3892 1103 3954 nihilo
1164 3893 1380 3954 melius
1435 3893 1512 3952 sit
1573 3890 1837 3966 allectus,
1905 3906 2081 3969 quam

428 3983 603 4045 mimi
632 3991 691 4045 et
717 4000 962 4057 scurrae,
990 3981 1096 4059 qui
1127 3982 1189 4043 in
1220 3999 1398 4042 scena
1416 3980 1604 4042 risum
1631 3976 1914 4041 movent?
1944 3978 2084 4039 Pro-

427 4072 564 4152 pius
593 4090 733 4135 vero
765 4071 1063 4134 accedens
1099 4069 1172 4132 ad
1218 4069 1653 4149 Hermogenem
1689 4090 1701 4132 :
1755 4068 1861 4130 Dic
1908 4068 2080 4148 mihi,

421 4160 638 4242 inquit,
673 4180 706 4224 o
737 4160 967 4235 infelix,
1001 4178 1258 4240 quanam
1291 4160 1366 4221 de
1425 4176 1605 4221 causa
1652 4157 1755 4221 tibi
1806 4158 2083 4220 commisi

420 4256 603 4313 totius
633 4258 808 4313 terra:
838 4259 897 4313 et
932 4250 1113 4311 maris
1177 4250 1519 4328 imperium,
1580 4257 1640 4310 et
1697 4247 1960 4322 decrevi,
2018 4255 2081 4309 ut

422 4338 647 4420 absque
677 4356 1032 4402 successore
1066 4355 1311 4417 gereres
1353 4338 1762 4416 magistratum
1790 4358 1802 4399 :
1862 4355 1982 4397 non
2013 4347 2080 4398 ut

420 4427 540 4489 diis
565 4427 810 4507 quidem
833 4427 1097 4488 futurum
1118 4425 1567 4505 benevolum,et
1589 4425 1753 4487 nullo
1775 4425 1951 4486 modo
1976 4441 2079 4486 eos

421 4515 946 4595 abnegaturum,et
965 4514 1321 4577 benevolum
1341 4533 1581 4595 quoque
1599 4513 1771 4575 nobis
1785 4514 2072 4590 futurum,

2161 3348 2500 3435 ἀνακραγὼν,
2559 3343 2697 3434 Ἆρ’,
2749 3357 2796 3413 ὦ
2846 3359 2976 3439 θεοὶ,
3038 3357 3168 3440 ἔφη,
3222 3362 3271 3416 τί
3318 3343 3507 3435 μέλλει
3537 3343 3690 3421 τοῦτο
3720 3343 3823 3421 εί-

2161 3460 2269 3518 ναι,
2330 3443 2390 3498 τὸ
2447 3443 2571 3521 παρ’
2626 3443 2757 3519 ἐμοῦ
2817 3447 2918 3521 μὲν
2977 3449 3067 3505 τὸν
3118 3449 3403 3508 ἀπατεῶνα
3430 3457 3645 3526 τοῦτον,
3678 3474 3826 3533 προ-

2164 3530 2304 3620 νοίας
2365 3532 2627 3599 τοσαύτης
2684 3532 2994 3615 ἀξιωθῆναι,
3056 3538 3141 3593 καὶ
3195 3539 3286 3600 τὰς
3342 3539 3558 3614 πρώτας
3634 3530 3814 3620 ἀρχὰς

2165 3619 2239 3678 ὡς
2300 3623 2392 3678 οὐκ
2452 3619 2596 3693 ἄλλῳ
2651 3624 2753 3679 τινὶ
2810 3631 2917 3681 τῶν
2964 3626 3051 3703 ὑφ’
3108 3628 3249 3701 ἡμᾶς
3305 3609 3681 3696 πιστευθῆναιί
3705 3609 3826 3688 ἀὒ-

2163 3708 2416 3785 θαιρέτως
2446 3707 2500 3765 δὲ
2537 3711 2749 3768 πάντων
2797 3712 3063 3792 ὑπεριδεῖν
3112 3718 3206 3772 καὶ
3259 3716 3627 3792 αὐτομολῆσαι
3684 3722 3825 3798 πρὸς

2165 3798 2415 3865 τοιαύτην
2473 3800 2644 3879 τύχης
2706 3801 2976 3880 ἀφάνειαν,
3036 3805 3131 3861 καί
3186 3807 3318 3883 πρὸς
3369 3805 3447 3862 ἔτι
3500 3813 3599 3875 τῆς
3648 3826 3828 3889 κεφα-

2165 3884 2266 3976 λῆς
2327 3890 2426 3944 τὶν
2482 3891 2660 3961 κόμην
2717 3890 3010 3969 περιελεῖν,
3074 3896 3161 3951 καὶ
3219 3900 3325 3951 τῶν
3381 3894 3437 3950 ἓν
3495 3903 3563 3974 τῇ
3641 3884 3829 3976 σκηνῇ

2167 3975 2549 4053 γελωτοποιῶν
2610 3976 2905 4038 διακεῖσθαι
2962 3982 3132 4058 μηδὲν
3190 3982 3429 4061 ἄμεινον.
3497 3988 3593 4044 Καὶ
3656 3975 3830 4066 προσέ

2169 4066 2320 4158 σχὼν
2381 4065 2457 4158 ἔτι
2509 4072 2597 4158 τῷ,
2633 4069 2858 4147 ἡγεμόνι
2895 4086 2908 4100 ⁸
2972 4072 3107 4150 Λέγε
3160 4096 3254 4148 μοι
3287 4075 3372 4149 σὺ,
3406 4072 3651 4151 δὸστηνε,
3688 4076 3824 4158 ἔφη,

2165 4156 2303 4221 τίνος
2338 4156 2497 4236 χάριν
2529 4157 2707 4223 πάσης
2738 4180 2821 4215 σοι
2881 4162 2985 4238 γῆς
3043 4163 3129 4218 καὶ
3182 4162 3456 4232 θαλάσσης
3515 4166 3615 4234 τὴν
3673 4156 3830 4231 ἐξουζ

2167 4246 2282 4334 σίαν
2321 4246 2609 4322 ἒπέτρεψα,
2671 4249 2757 4304 καὶ
2812 4250 2911 4318 τὴν
2978 4251 3159 4330 ἀρχὴν
3216 4250 3503 4334 ἀδιαδοχον
3563 4256 3828 4315 ἑθέσπισα

2165 4332 2312 4428 ἔχειν
2349 4350 2362 4365 ’
2397 4340 2500 4415 οὔχ
2530 4338 2604 4398 ὡς
2636 4336 2811 4397 εὔνουν
2844 4340 2942 4411 μὲν
3006 4355 3121 4404 τοῖς
3180 4345 3352 4417 θεοῖς,
3406 4332 3509 4400 καί
3562 4342 3691 4420 μηδ’
3723 4344 3823 4428 ἂν,

2162 4422 2218 4478 εἴ
2246 4444 2295 4478 τι
2327 4426 2413 4480 καὶ
2471 4424 2697 4505 γένοιτο,
2759 4426 2968 4506 ἔξαρνον
3026 4430 3198 4488 αὖτῶν
3255 4434 3317 4488 τὸ
3375 4434 3626 4509 παράπαν
3685 4422 3825 4490 ἒσόέ

2162 4532 2369 4590 μενον;
2429 4514 2604 4571 εὔνουν
2661 4515 2716 4571 δὲ
2772 4519 2860 4574 καὶ
2918 4521 3052 4594 ἡμῖν
3090 4536 3106 4594 ;
3150 4523 3233 4578 καὶ
3285 4523 3359 4586 ὡς
3414 4521 3478 4579 ἂν
3506 4523 3599 4581 τὸν
3629 4522 3824 4603 λόγιον

418 4612 480 4666 et
502 4604 662 4667 hunc
678 4604 923 4668 doctum
946 4611 1006 4666 et
1034 4605 1366 4685 sapientem
1398 4604 1619 4683 virum,
1653 4602 1754 4684 qui
1784 4622 2071 4683 prospero

2163 4606 2361 4659 τουτονὶ
2416 4606 2503 4659 καὶ
2560 4606 2723 4684 σοφὸν
2778 4602 2958 4687 ἄνδρα,
3018 4610 3193 4689 τύχης
3240 4612 3500 4688 πνεύματι
3555 4614 3698 4692 παρὰ
3748 4617 3822 4672 τὸ

416 4692 676 4757 fortuna)
702 4693 907 4756 afﬂatu
937 4703 1152 4774 praeter
1174 4711 1411 4774 aequum
1434 4692 1699 4773 inﬂatus,
1728 4700 1786 4753 et
1816 4693 1958 4754 hinc
1984 4695 2070 4755 la-

419 4801 564 4862 psus
591 4791 683 4846 est
707 4782 771 4845 in
807 4801 1097 4858 errorem,
1134 4790 1260 4844 arte
1291 4792 1352 4844 et
1384 4783 1751 4862 experientia
1782 4792 1840 4843 et
1860 4782 2073 4845 verbo-

416 4888 553 4935 rum
571 4875 962 4954 persuasione
973 4872 1045 4934 ad
1062 4871 1315 4951 patriam
1334 4870 1658 4933 reduceres
1675 4871 2026 4947 religionem
2046 4870 2071 4935 ?

406 4960 715 5036 Quidnam
752 4980 892 5043 ergo
927 4969 983 5023 te
1014 4961 1216 5037 movit,
1272 4969 1371 5021 aut
1422 4960 1703 5041 quidnam
1760 4961 2066 5041 spectasti,

413 5057 478 5112 ut
505 5051 740 5114 sineres
772 5070 908 5113 eum
941 5050 1161 5112 diutius
1191 5049 1420 5111 versari
1447 5051 1506 5110 in
1539 5050 1822 5125 vanitate,
1857 5059 1916 5111 et
1947 5069 2069 5112 non

412 5138 611 5202 solum
664 5158 800 5201 eum
847 5139 921 5201 ab
973 5156 1177 5202 errore
1232 5139 1579 5220 reduceres,
1638 5139 1745 5200 sed
1794 5140 2063 5218 ejusdem

414 5228 590 5291 malae
618 5228 921 5309 opinionis
949 5229 1005 5291 ei
1038 5229 1214 5292 ﬁeres
1247 5227 1469 5308 socius,
1509 5237 1567 5290 et
1622 5227 1728 5289 tibi
1782 5238 2067 5308 praeterea

414 5324 655 5398 caput,o
683 5317 1239 5392 stolide,tonderes,
1266 5326 1324 5379 et
1356 5322 1721 5397 reputareris
1754 5336 1885 5380 esse
1911 5338 2067 5382 unus

413 5423 485 5468 ex
517 5405 592 5468 iis
619 5405 723 5488 qui
752 5416 889 5469 sunt
916 5407 976 5468 in
1024 5408 1276 5481 theatro,
1324 5407 1765 5470 histrionibus?
1814 5408 1959 5471 Cum
1994 5428 2064 5488 eo

2155 4693 2294 4756 εἰκὸς
2357 4693 2675 4772 φυσηθέντα.
2740 4695 3027 4754 Κάσθτεῦθεν
3088 4701 3162 4761 είς
3213 4699 3424 4768 πλάνην
3496 4701 3817 4770 ὠλισθηκό-

2153 4803 2243 4860 τα,
2279 4781 2474 4862 τέχνῃ,
2533 4783 2630 4839 καὶ
2689 4786 2863 4865 πείρᾳ,
2923 4789 3012 4844 καὶ
3070 4795 3139 4865 τῇ
3196 4793 3376 4847 πειθοῖ
3442 4797 3550 4848 τῶν
3604 4791 3807 4868 λόγων,

2154 4874 2284 4950 πρὸς
2338 4884 2436 4940 την
2494 4873 2715 4951 πάτριον
2771 4877 3051 4951 θρησκείαν
3125 4878 3521 4960 ἐπαναγάγῃς,
3586 4884 3645 4938 Τί
3715 4880 3813 4938 οὗν

2154 4961 2359 5036 παθὼν,
2391 4961 2426 5028 ἥ
2454 4963 2801 5038 θεασάμενος,
2853 4962 3162 5045 ἐγχρονίσαι
3222 4968 3320 5043 μὲν
3378 4973 3535 5028 αὐτὸν
3567 4969 3813 5037 συνεῖδες

2152 5055 2220 5127 τῇ
2279 5052 2624 5127 ματαιότητι,
2697 5056 2783 5109 καὶ
2854 5055 2932 5128 μὴ
2995 5057 3157 5130 μόνον
3228 5058 3627 5128 ἀνακτήσασθαι
3707 5068 3815 5130 τῆς

2150 5138 2387 5217 ἀπάτης,
2420 5139 2557 5196 ἀλλὰ
2589 5144 2677 5198 καὶ
2706 5143 2861 5207 αὐτὸς
2922 5144 3047 5212 ἴσης
3108 5150 3435 5215 κοινωνῆσαι
3495 5147 3815 5218 κακοδοξίας

2149 5229 2236 5284 καὶ
2293 5231 2427 5306 πρὸς
2487 5232 2561 5285 ἔτι
2624 5231 2723 5298 τὴν
2782 5231 3041 5313 κεφαλὴν,
3103 5235 3320 5315 ἀνόητε,
3382 5240 3811 5317 περικείρασθαι.

2148 5320 2239 5375 καὶ
2291 5320 2397 5375 τῶν
2452 5319 2506 5374 ἐν
2556 5320 2791 5396 θεάτροις
2825 5325 2907 5386 εἷς
2942 5323 3086 5380 εἶναι
3132 5324 3443 5403 λογισθηναι
3476 5329 3808 5407 ὓποκριτῶν·

2149 5410 2221 5474 εἷς
2275 5415 2428 5465 τοῦτο
2487 5412 2649 5482 θυμοῦ
2732 5410 2821 5466 καὶ
2889 5412 3183 5492 βαρύτητος
3254 5415 3621 5495 ἐξενεχθέντος
3709 5422 3814 5477 τοῦ

407 5493 514 5586 ira;
543 5503 601 5556 et
626 5484 1005 5559 accerbitatis
1030 5496 1420 5575 processisset
1446 5498 1792 5579 imperator,
1816 5484 2058 5560 iracun;

2163 5497 2435 5571 ὶασιλὲως,
2499 5497 2592 5553 καί
2650 5498 2856 5576 ὀργίλον
2912 5523 2964 5558 τι
3024 5505 3109 5560 καὶ
3157 5484 3806 5586 μανικὸίπεριϐλέψαν-

409 5584 604 5667 deque
660 5593 723 5649 et
774 5586 999 5648 furiose
1058 5602 1163 5647 eos
1232 5595 1390 5648 esset
1457 5588 1729 5662 intuitus,
1801 5587 2060 5668 benigne

2163 5611 2257 5668 ως,
2328 5588 2545 5663 εὐμενὲς
2616 5600 2733 5651 τοῖς
2805 5590 3063 5659 μάρτυσιν
3135 5597 3162 5649 ὁ
3242 5600 3372 5658 Θεὸς
3444 5584 3641 5673 ἐπειδε,
3709 5601 3808 5656 καὶ

397 5672 571 5759 Deus
592 5677 828 5761 aspexit
850 5682 1164 5758 martyres:
1193 5682 1251 5738 et
1272 5685 1522 5759 repente
1548 5677 1932 5761 eisapparent
1949 5697 2057 5743 an-

2140 5675 2400 5758 ’Ἄγγελοι
2461 5677 2647 5745 αὐτοῖς
2707 5676 3070 5764 ἐπιφαίνονται
3130 5684 3491 5769 παραχρῆμα,
3569 5688 3801 5773 θάρσους
