4132 6420
365 350 483 420 401

1333 361 1798 426 MARTYRIUM
1844 361 1905 426 S.
1962 364 2201 431 ΜΕΝιΕ
2244 367 2343 432 ΕΤ
2385 366 2789 434 SOCIORUM.

3644 369 3763 437 402

369 513 429 552 τε
485 492 571 548 καὶ
627 489 898 567 δυνάμεως
952 491 1324 569 ἐμπιπλῶντες
1371 497 1458 554 καὶ
1517 500 1646 576 πρὸς
1701 498 1823 563 τοὺς
1881 502 2019 577 ἀγῶ-

2121 503 2262 586 geli,
2283 521 2388 567 eos
2414 506 2660 568 audacia
2690 505 2992 587 replentes
3022 512 3080 569 et
3111 507 3354 590 viribus,
3384 515 3446 572 et
3474 518 3763 588 ungentes

371 598 464 645 uc
523 581 846 660 ἀλείφοντες·
885 583 966 658 μὴ
1030 582 1324 662 φοϐηθῆναί
1381 607 1437 642 τε
1466 589 1876 665 ὑπαγορεύοντες
1936 590 2019 656 τηε

2121 592 2193 652 ad
2225 581 2552 658 certamina
2585 617 2600 676 ;
2627 581 2934 676 jubentes,
2970 615 3045 658 ne
3077 581 3358 661 timerent
3386 599 3536 661 iram
3558 581 3762 680 impe-

369 679 465 728 τοῦ
491 669 749 748 βασιλέως
809 672 998 752 ὀργὴν,
1054 675 1126 736 ὡς
1194 676 1292 743 τῆς
1326 676 1476 742 νίκης
1529 675 1648 751 μετ’
1681 677 1852 734 αὐτῶν
1906 679 2019 736 ἐσο-

2116 684 2354 761 ratoris,
2389 669 2598 767 utpote
2628 669 2803 766 'quod
2833 669 3080 748 victoria
3122 689 3202 750 sit
3229 707 3364 752 cum
3396 690 3485 752 eis
3537 669 3757 751 futura.

373 763 560 837 μένης.

456 850 597 910 κε’.
673 851 768 908 Καὶ
842 853 870 906 6
947 849 1275 930 Ἑρμογένης
1344 853 1490 917 εὐθὺς
1563 854 1898 934 ἀπεκρίνατο·
1975 862 2030 916 ΕΞ

362 941 542 1019 ἀνέχῃ
615 962 716 996 που
785 943 1018 1013 εὐμενῶς
1098 942 1342 1016 ἀκοῦσαι,
1400 944 1674 1021 σοφώτατε
1744 947 2028 1023 βασιλέων,

360 1030 491 1086 ὅτου
533 1031 703 1108 χάριν
759 1030 848 1085 καὶ
877 1030 928 1085 τί
981 1031 1329 1104 θεασάμενος,
1361 1034 1456 1096 τάς
1513 1055 1570 1089 τε
1621 1033 1834 1106 πρώτας
1891 1038 2032 1114 παρὰ

363 1122 444 1176 σοῖ⁵
519 1117 871 1193 νομιζομένας
951 1117 1284 1185 εὐδαιμονίας
1353 1125 1560 1200 χαίρων
1627 1123 2025 1201 ἂπεῤῥιψαμην,

361 1211 452 1265 καὶ
530 1209 809 1286 προθύμως
872 1209 946 1270 εἰς
1023 1215 1176 1266 τοῦτο
1230 1211 1406 1286 τύψης
1482 1211 1746 1278 κατῆλθον
1804 1215 1874 1278 ὡς
1945 1218 2031 1271 καὶ

363 1298 544 1375 μωρὸς
618 1295 814 1353 ἐθέλειν
884 1295 1062 1353 δοκεῖν
1093 1342 1108 1369 ,
1184 1301 1271 1354 καὶ
1341 1299 1529 1369 πένης,
1606 1303 1695 1357 καὶ
1785 1303 2023 1378 γελοῖος,

356 1389 446 1444 καὶ
541 1387 756 1461 ἄτιμος,
831 1387 927 1442 καὶ
1017 1393 1243 1458 Χριστοῦ
1326 1388 1569 1467 λέγεσθαι
1657 1389 1857 1463 μᾶλλον
1941 1395 2029 1449 καὶ

631 1475 714 1532 διὰ
796 1475 951 1533 τοῦτο
1036 1478 1124 1532 καὶ
1208 1476 1418 1546 πλάνην
1503 1478 1849 1556 ἐγκαλεῖσθαι
1933 1481 2026 1537 καὶ

353 1476 532 1545 ἧδέως

2196 857 2450 923 XXVIII.
2483 862 2888 944 Hermogenes
2926 873 3122 928 autem
3153 867 3347 928 statim
3393 866 3710 948 respondit
3741 884 3760 931 :

2118 946 2178 1010 Si
2231 951 2528 1014 sustineas
2559 971 2654 1015 me
2701 955 2992 1034 patienter
3025 957 3257 1031 audire,
3289 946 3619 1038 imperator
3669 974 3761 1018 sa-

2116 1039 2508 1117 pientissime,
2543 1060 2794 1121 quanam
2827 1043 2902 1106 de
2953 1063 3135 1106 causa
3166 1054 3224 1106 et
3270 1045 3411 1125 quid
3456 1052 3759 1126 spectans,

2118 1128 2338 1206 primas
2390 1149 2520 1210 quae
2568 1133 2720 1211 apud
2754 1140 2810 1194 te
2843 1143 3194 1216 reputantur
3222 1135 3534 1197 felicitates
3566 1135 3760 1198 libens

2115 1217 2462 1295 abjecerim,
2496 1229 2890 1301 promptoque
2943 1233 3000 1284 et
3029 1225 3205 1286 alacri
3239 1226 3440 1287 animo
3477 1225 3551 1286 ad
3602 1226 3757 1287 hanc

2110 1306 2406 1368 fortunam
2440 1309 2882 1391 descenderim,
2918 1319 2983 1372 ut
3010 1313 3185 1374 velim
3220 1313 3406 1375 videri
3437 1316 3672 1388 stultus,
3699 1322 3758 1376 et

2112 1412 2336 1473 pauper
2367 1404 2428 1458 et
2470 1397 2784 1475 ridiculus,
2823 1409 2880 1460 et
2928 1400 3241 1479 inglorius,
3280 1409 3338 1463 et
3391 1401 3512 1463 dici
3561 1402 3756 1482 potius

2112 1482 2351 1558 Christi,
2390 1493 2447 1546 et
2477 1485 2614 1548 ideo
2645 1486 2922 1549 lubenter
2944 1490 3210 1551 accusari
3240 1491 3462 1552 erroris
3492 1499 3550 1552 et
3581 1491 3755 1569 igno-

358 1566 606 1643 ἄγνοιαν,
667 1566 754 1622 καὶ
807 1564 1020 1641 ἕτοιμος
1092 1570 1229 1622 εἶναι
1301 1570 1389 1624 καὶ
1446 1566 1641 1647 ξίφους,
1704 1570 1791 1624 καὶ
1861 1573 2019 1645 πυρὸς

2109 1573 2383 1650 rationis,
2421 1585 2479 1637 et
2529 1586 2764 1656 paratus
2796 1595 2928 1639 esse
2981 1587 3040 1639 et
3068 1597 3296 1654 ensem,
3333 1588 3392 1640 et
3440 1564 3666 1659 ignem,
3701 1585 3760 1640 et

363 1658 460 1711 καί
531 1656 731 1732 θηρίων
787 1656 1146 1734 καταφρονεῖν
1201 1653 1284 1714 διὰ
1341 1658 1432 1712 τὸν
1494 1660 1739 1734 Χριστὸν,
1781 1659 1866 1714 καὶ
1939 1657 2019 1715 δι-

2109 1661 2328 1724 bestias
2380 1653 2622 1744 propter
2670 1666 2971 1728 Christum
3021 1653 3354 1748 despicere,
3402 1653 3608 1748 et'pro
3653 1653 3756 1729 illo

370 1749 476 1818 ῴᾷν
535 1742 737 1820 μᾶλλον
767 1744 857 1800 τὸν
917 1743 1048 1822 ὑπὲρ
1104 1743 1303 1803 ἐκείνου
1360 1746 1610 1817 Θάνατον,
1641 1745 1676 1813 ἢ
1708 1746 1808 1812 τὴν
1849 1748 2016 1816 ζωήνθ

2107 1751 2304 1831 potius
2337 1761 2587 1814 mortem
2625 1754 2794 1816 sitire
2825 1774 2998 1835 quam
3028 1759 3230 1832 vitam,
3267 1765 3388 1819 toto
3421 1776 3553 1818 meo
3584 1756 3757 1818 testi-

380 1843 476 1891 τοῦ
547 1833 800 1912 συνεδρίου
859 1855 949 1906 μοι
1021 1843 1409 1912 μαρτυροῦντος
1482 1837 1700 1909 παντὸς,
1765 1834 1827 1890 τὰ
1906 1836 2018 1910 μά-

2111 1840 2374 1902 monium
2399 1841 2628 1904 ferente
2647 1833 3192 1918 concilio,maxime
3221 1863 3364 1907 vero
3385 1847 3586 1926 reipsa
3607 1843 3757 1907 sub-

376 1920 538 1977 λιστα
583 1920 637 1976 δὲ
686 1923 766 1977 καὶ
826 1929 918 1979 τοῦ
977 1922 1289 2000 πράγματος
1350 1925 1632 1997 ἱσταμένου
1704 1924 1820 1980 κατ’
1898 1923 2020 2000 ὄψιν

367 2011 553 2067 πολλὰ
626 2016 715 2078 τῆς
769 2010 1020 2078 ἀληθείας
1080 2012 1382 2091 φροντίσας,
1442 2015 1529 2068 καὶ
1597 2021 1690 2071 τοῦ
1749 2012 1914 2088 μηδέν
1972 2035 2020 2070 τι

362 2102 478 2156 τῶν
536 2103 746 2178 καιρίων
815 2100 1164 2181 παραλιπεῖν,
1226 2101 1360 2167 λέξω
1415 2101 1546 2178 ὅπερ
1607 2104 1759 2166 αὒτὸς
1819 2104 2014 2174 ἐπεζή-

355 2211 554 2256 τησας.
630 2190 732 2247 Καὶ
791 2193 819 2245 ὃ
876 2190 1150 2270 βασιλεὺς,
1183 2191 1376 2248 Τούτου
1431 2193 1664 2266 πάντως,
1697 2192 1822 2272 ἔφη,
1870 2193 2022 2270 κάγὼ

361 2279 459 2334 καὶ
516 2274 628 2333 οὐδ’
679 2279 794 2339 ἑνὸς
853 2277 1034 2354 ἐτέρου
1078 2279 1310 2358 ἐφίεμαι⁹
1360 2278 1414 2335 εἴ
1470 2302 1530 2357 γε
1583 2281 1661 2355 μὴ
1715 2285 1814 2348 τῆς
1872 2280 2016 2350 ἀλη-

357 2368 500 2430 θείας
572 2368 637 2423 τὸ
696 2365 886 2441 ψεῦδος
947 2367 1104 2430 αὐτὸς
1161 2367 1308 2446 ἄγεις
1366 2369 1656 2447 ἔμπροσθεν
1715 2377 1868 2426 τοῦτο
1935 2369 2018 2427 διὰ

368 2456 463 2522 τὴν
511 2455 756 2533 ἀνὰγκην
793 2454 951 2512 πλέον
1008 2463 1199 2530 τιμῶν.
1238 2459 1335 2517 Καὶ
1390 2461 1417 2514 6
1450 2448 1797 2536 Ἑρμογένης,
1834 2461 2010 2540 Ἐμοὶ,

369 2545 605 2621 κράτιστε
664 2544 953 2621 βασιλέων,
1015 2545 1140 2626 ἔφη,
1201 2548 1706 2626 καταθρασυνομένῳ
1765 2556 2017 2628 Χριστοῦ,

362 2635 447 2689 καὶ
520 2634 831 2710 θεραπεύειν
905 2635 1004 2708 μὲν
1076 2636 1194 2700 τούς
1267 2657 1396 2692 ποτε
1463 2637 1609 2701 θεοὺς
1687 2637 2018 2718 βουλομένῳ,

353 2724 668 2799 θεραπεύειν
699 2720 754 2778 δὲ
797 2724 884 2779 καὶ
943 2724 1005 2779 τὸ
1045 2724 1138 2780 σὺν
1183 2724 1397 2804 κράτος,
1430 2724 1632 2792 σπουδή
1683 2727 1771 2796 ἧν,
1819 2726 1892 2790 ὡς
1935 2721 2023 2782 καὶ

352 2814 514 2876 αὐτὸς
581 2813 748 2869 οἶσθα
819 2813 955 2886 μετὰ
1025 2814 1287 2881 τοσαύτης
1357 2815 1636 2883 ἐπιστῆναι
1723 2822 1792 2891 τῇ
1865 2815 2018 2871 πόλει

360 2902 652 2979 φαντασίας
710 2901 806 2958 καί
881 2901 1288 2976 καταπλήξεως,
1362 2906 1451 2960 καὶ
1523 2903 1658 2960 οὕτω
1713 2906 1804 2959 τὸν
1863 2902 2021 2980 ἄνδρα

364 2999 514 3048 τοῦτο
569 2991 673 3066 μὲν
735 2991 960 3065 θωπείᾳ,
1021 2999 1176 3048 τοῦτο
1235 2992 1289 3049 δὲ
1362 2995 1448 3050 καὶ
1525 2991 1670 3074 φόϐῳ
1733 2995 1865 3070 πρὸς
1921 2994 2020 3060 τὴν

361 3091 655 3148 κρατοῦσαν
709 3081 908 3147 ταύτην
966 3083 1217 3158 πατρῴαν
1276 3080 1578 3138 δυσσέϐειαν
1632 3082 2015 3160 ἐπαναγαγεῖν,

2101 1929 2261 2008 jecta
2315 1931 2526 2012 oculis,
2567 1949 2837 2010 magnam
2883 1934 3148 1994 veritatis
3179 1952 3379 1996 curam
3425 1952 3666 2014 gerens,
3700 1941 3758 1995 et

2108 2036 2184 2079 ne
2213 2019 2376 2098 quid,
2404 2021 2560 2100 quod
2590 2022 2665 2082 sit
2697 2030 3120 2101 opportunum,
3159 2023 3625 2103 praetermittam,
3663 2022 3755 2083 di-

2107 2124 2235 2167 cam
2268 2107 2327 2167 id
2374 2108 2530 2188 quod
2562 2110 2909 2190 quaesivisti.
2944 2109 3274 2191 Imperator
3327 2118 3521 2172 autem
3558 2127 3573 2173 :
3607 2108 3752 2189 Ego,

2107 2195 2318 2275 inquit,
2353 2197 2464 2258 hoc
2513 2198 2779 2275 omnino,
2817 2207 2874 2260 et
2904 2199 3051 2260 nihil
3086 2199 3248 2261 aliud
3303 2198 3501 2278 cupio,
3534 2199 3580 2259 si
3635 2219 3755 2260 non

2103 2284 2232 2364 ipse
2257 2285 2466 2347 falsum
2497 2289 2743 2367 praefers
2767 2289 3019 2364 veritati,
3047 2289 3159 2350 hoc
3192 2289 3252 2350 in
3286 2287 3496 2368 majori
3528 2289 3758 2349 honore

2102 2373 2334 2435 habens
2358 2384 2604 2455 propter
2629 2379 3067 2439 necessitatem.
3095 2377 3499 2455 Hermogenes
3522 2386 3750 2436 autem:

2103 2461 2266 2537 Mihi,
2297 2482 2331 2525 o
2356 2466 2580 2544 optime
2625 2466 2972 2546 imperator,
3004 2486 3100 2529 me
3135 2468 3426 2528 adversus
3455 2465 3756 2526 Christum

2107 2551 2393 2614 audacter
2423 2561 2480 2614 et
2528 2555 2864 2618 insolenter
2893 2555 3144 2636 gerenti,
3182 2564 3242 2617 et
3270 2555 3487 2616 volenti
3520 2553 3764 2635 quidem

2104 2658 2257 2715 quos
2273 2641 2410 2702 olim
2426 2643 2724 2706 colueram
2747 2645 2889 2706 deos
2924 2645 3310 2726 colere,tuam
3333 2651 3527 2704 autem
3553 2641 3768 2704 obser-

2110 2746 2246 2790 vare
2269 2731 2590 2811 potentiam
2617 2733 2814 2795 studio
2842 2734 3042 2809 fuit,ut
3063 2734 3190 2814 ipse
3212 2751 3449 2814 quoque
3479 2731 3762 2811 scis,cum

2108 2825 2266 2878 tanta
2321 2818 2394 2879 ad
2430 2819 2725 2883 civitatem
2775 2823 2980 2884 venire
3014 2841 3229 2903 pompa
3257 2831 3316 2882 et
3361 2830 3672 2902 apparatu,
3708 2827 3766 2881 et

2111 2907 2295 2966 virum
2326 2908 2567 2988 quidem
2595 2911 2806 2989 partim
2833 2911 3168 2987 blanditiis,
3197 2911 3406 2990 partim
3432 2928 3576 2971 vero
3597 2918 3763 2972 metu

2104 2996 2177 3055 ad
2213 2995 2371 3056 hanc
2402 3015 2533 3076 quae
2591 2997 2842 3078 vigebat,
2878 2999 3125 3079 patriam
3156 2999 3446 3060 reducere
3476 2998 3760 3078 impieta-

2106 3092 2250 3159 tem,
2285 3095 2349 3144 ut
2381 3093 2436 3146 te
2461 3104 2535 3146 ne
2567 3105 2701 3148 cum
2738 3089 2961 3168 majore
2995 3088 3240 3165 quidem
3267 3087 3516 3150 dixerim
3543 3085 3616 3149 ad
3649 3104 3758 3148 nos

350 3169 471 3243 μεθ’
521 3169 659 3237 ὅσης
709 3171 870 3250 φαίην
904 3168 991 3250 ἂν,
1026 3169 1141 3229 οὐδὲ
1200 3172 1355 3236 αὖτὸς
1414 3170 1640 3238 ἐπῆλθες
1689 3170 1807 3227 καθ’
1862 3174 2017 3247 ἡμῶν

2108 3173 2462 3247 accessisse,
2497 3183 2554 3236 et
2611 3194 2687 3237 ne
2720 3182 2778 3237 tu
2830 3177 3095 3258 quidem,
3131 3177 3180 3238 si
3227 3176 3518 3250 affuisses,
3553 3176 3761 3256 despe-

344 3263 617 3337 σήμερον,
655 3258 752 3316 καί
807 3261 880 3322 ὡς
913 3261 1009 3316 οὒκ
1063 3260 1124 3316 ἂν
1175 3258 1291 3319 οὒδὲ
1353 3262 1416 3317 σὺ
1476 3262 1657 3334 παρὼν
1715 3267 1808 3316 τοῦ
1838 3259 2020 3338 ἀνδρὸς

346 3349 622 3426 κρατῆσαι
682 3348 1020 3418 ἂπήλπισας.
1071 3349 1438 3428 Συνομολογεϊ
1499 3347 1552 3405 δέ
1611 3372 1699 3425 μοι
1758 3349 1852 3406 καὶ
1917 3355 2021 3411 πᾶς

353 3441 507 3503 οὗτος
578 3442 608 3494 6
667 3436 858 3513 δῆμος,
921 3437 1068 3502 ὅπως
1124 3438 1365 3503 ποικίλος
1418 3439 1483 3506 ἧν
1539 3439 1695 3502 αὐτὸς
1752 3437 1811 3494 ἐκ
1869 3437 2020 3514 πρώ-

359 3549 455 3592 της
511 3527 767 3583 θωπεύων
827 3526 1064 3584 ἀπειλῶν
1126 3526 1370 3608 ἐκφοϐῶν
1396 3573 1416 3599 ,
1476 3528 1650 3588 πάντα
1712 3525 2018 3605 γινόμενος,

368 3620 440 3679 ὼς
505 3618 562 3670 ἂν
619 3623 712 3684 τῆς
779 3615 1044 3681 εὐσεϐείας
1122 3620 1444 3692 μεταστήσω
1516 3617 1606 3673 τόν
1662 3615 1842 3694 ἄνδρα.
1921 3624 2019 3677 Καὶ

371 3706 474 3782 γαρ
530 3707 740 3782 ἡγνόσυν
775 3709 802 3762 6
862 3707 1090 3781 μάταιος
1123 3707 1226 3781 οἵῳ
1255 3705 1320 3774 δὴ
1373 3707 1547 3780 τούτῳ
1576 3703 1724 3783 ἀνδρὶ
1771 3705 2019 3784 περιέτυ-

373 3816 500 3872 χον,
565 3795 956 3870 ἀκαταπλήκτῳ
1025 3819 1080 3852 τε
1141 3797 1228 3852 καὶ
1298 3794 1518 3874 στεῤῥῴ,
1579 3795 1667 3852 καὶ
1737 3793 2020 3872 πεπαῤῥη-

369 3884 658 3957 σιασμένην
712 3885 899 3964 ἔχοντι
958 3887 1056 3953 τὴν
1113 3884 1359 3964 γλῶσσαν
1422 3888 1520 3960 μὲν
1557 3886 1686 3963 πρὸς
1725 3885 1820 3948 τὰς
1875 3883 2019 3940 ἀπο-

357 3975 584 4054 κρίσεις,
618 3973 718 4042 τὴν
777 3975 963 4054 ψυχὴν
993 3973 1046 4030 δὲ
1105 3977 1236 4052 πρὸς
1283 3976 1375 4035 τὰς
1408 3974 1693 4053 ἐπαγωγὰς
1753 3981 1860 4030 τῶν
1917 3995 2018 4028 κο-

348 4063 590 4137 λάσεων,
665 4065 752 4119 καὶ
833 4065 1007 4121 πάντα
1089 4068 1278 4121 παθεῖν
1368 4065 1599 4140 ἑτοίμῳ,
1676 4063 1712 4131 ἢ
1797 4064 2020 4138 Χριστὸν

347 4152 734 4228 ἓξομοσασθαι,
803 4152 971 4227 Πλὴν,
1032 4152 1125 4210 ’ίνα
1187 4152 1352 4210 τᾶλλα
1425 4153 1588 4229 ἐάσω,
1666 4149 2018 4226 ἀναδυόμενον

342 4245 507 4302 αὑτὸν
569 4244 633 4299 τὸ
694 4239 852 4308 σέϐας
910 4241 1057 4318 ἰδὼν,
1123 4243 1262 4319 μήτε
1331 4250 1423 4300 τοῦ
1483 4244 1705 4320 κράτους
1778 4241 1866 4296 καὶ
1922 4240 2019 4307 τῆς

344 4331 585 4397 ἐξουσίας
653 4330 1125 4411 ἐπιστρεφόμενον,
1183 4333 1320 4406 μήτε
1380 4335 1482 4387 τῶν
1539 4331 1783 4407 βασάνων
1840 4329 1875 4397 ἢ
1917 4331 2023 4384 τῶν

349 4422 726 4497 προκειμένων
786 4422 1025 4498 ὀργάνων
1082 4421 1244 4498 λόγον
1299 4415 1643 4495 ποιούμεδον,
1707 4417 1826 4474 ἀλλ’
1885 4418 2024 4474 οὕτω

346 4512 449 4584 μὲν
507 4514 745 4572 πιθαιῶς
775 4509 1142 4586 ἀντιλέγοντα,
1177 4511 1250 4573 ὡς
1316 4512 1568 4578 ἡττᾶσθαι
1620 4508 1718 4582 μὲν
1775 4506 1870 4581 ἐμέ
1926 4511 2022 4572 τῆς

2106 3280 2305 3323 rasses
2363 3261 2552 3324 virum
2614 3283 2790 3343 posse
2848 3267 3113 3329 vincere.
3160 3264 3302 3327 Mihi
3363 3276 3557 3325 autem
3611 3264 3766 3326 feret

2108 3351 2512 3413 testimonium
2568 3353 2884 3416 universus
2934 3356 3034 3416 hic
3067 3355 3353 3435 populus,
3385 3371 3557 3434 quam
3600 3370 3761 3414 eram

2106 3439 2180 3501 ab
2235 3440 2398 3501 initio
2450 3442 2671 3518 varius,
2711 3441 3045 3519 blandiens,
3101 3444 3356 3524 minans,
3411 3452 3669 3522 terrens,
3703 3442 3766 3503 in

2106 3549 2313 3591 omnes
2341 3529 2602 3610 denique
2623 3533 2858 3611 species
2881 3552 2974 3594 me
3000 3533 3449 3606 transformans,
3482 3539 3544 3592 ut
3575 3531 3764 3592 virum

2104 3619 2462 3681 adducerem
2491 3637 2524 3680 a
2547 3621 2786 3700 pietate.
2821 3623 2941 3700 Ego
2983 3623 3140 3683 enim
3161 3622 3374 3682 stultus
3393 3619 3764 3700 ignorabam,

2104 3707 2165 3767 in
2200 3708 2436 3788 qualem
2469 3709 2660 3770 virum
2694 3710 3066 3789 incidissem,
3103 3730 3277 3790 quam
3329 3710 3677 3772 interritum
3709 3719 3768 3770 et

2105 3797 2427 3871 valentem,
2465 3807 2523 3859 et
2549 3797 2650 3878 qui
2675 3798 2928 3860 liberam
2955 3800 3194 3880 quidem
3222 3799 3480 3860 habebat
3499 3798 3764 3876 linguam

2106 3886 2177 3947 ad
2229 3903 2542 3965 responsa,
2575 3885 2844 3948 animum
2896 3906 3035 3949 vero
3082 3887 3154 3950 ad
3186 3888 3435 3949 ferenda
3481 3888 3768 3948 intentata

2106 3975 2420 4054 supplicia,
2443 3982 2501 4035 et
2530 3975 2733 4036 omnia
2754 3976 3015 4057 denique
3047 3977 3435 4057 perpetienda
3471 3984 3763 4057 paratum,

2108 4069 2300 4144 potius
2352 4083 2525 4144 quam
2560 4065 2632 4127 ad
2688 4063 2989 4127 Christum
3035 4065 3479 4144 abnegandum.
3527 4065 3643 4129 Sed
3703 4075 3768 4126 ut

2107 4153 2220 4215 alia
2271 4154 2567 4234 omittam,
2604 4172 2738 4214 cum
2770 4155 3081 4215 vidisssem
3116 4172 3253 4216 eum
3287 4173 3566 4218 recusare
3621 4153 3764 4216 deos

2107 4241 2328 4314 colere,
2360 4251 2416 4303 et
2439 4260 2635 4322 neque
2663 4250 3012 4322 potestatem
3048 4260 3280 4323 curare,
3307 4261 3501 4322 neque
3532 4241 3763 4322 suppli-

2107 4333 2333 4394 ciorum
2360 4341 2462 4393 aut
2497 4340 2928 4394 tormentorum
2965 4331 3144 4392 ullam
3170 4331 3392 4394 ducere
3421 4331 3715 4391 rationem
3744 4351 3759 4390 :

2105 4421 2212 4482 sed
2259 4433 2374 4482 tam
2415 4420 2804 4501 probabiliter
2852 4421 3119 4501 quidem,
3157 4427 3213 4480 et
3262 4420 3334 4481 ad
3388 4419 3760 4499 persuaden-

2107 4511 2246 4572 dum
2298 4519 2434 4590 apte
2479 4510 2914 4583 contradicere,
2955 4517 3016 4570 ut
3061 4526 3172 4589 ego
3226 4508 3464 4589 quidem
3497 4507 3569 4570 ad
3627 4509 3760 4588 ejus

347 4600 516 4656 αὐτοῦ
587 4597 842 4672 διανοίας,
905 4598 1220 4678 ἐλέγχεσθαι
1279 4597 1334 4654 δὲ
1397 4599 1516 4661 τοὺς
1568 4599 1726 4662 Θεοὺς
1785 4599 1871 4652 καὶ
1927 4597 2017 4651 τὸν

2108 4597 2344 4676 ingenio
2377 4597 2772 4670 vincerer,dii
2800 4607 2997 4659 autem
3031 4605 3513 4676 arguerentur,et
3537 4597 3592 4658 ei
3623 4597 3760 4658 uui-

347 4687 524 4764 δῆμον
587 4688 797 4744 ἅπαντα
847 4688 1213 4766 συναγορεύειν
1272 4690 1415 4762 αύτῷ
1472 4689 1558 4743 καὶ
1611 4689 1676 4743 τὰ
1735 4685 1829 4742 ἴσα
1881 4683 2005 4762 περί

2108 4702 2296 4747 versus
2325 4687 2750 4764 suffragare'tur
2781 4687 3059 4768 populus,
3087 4695 3144 4747 et
3176 4685 3408 4761 eadem,
3437 4703 3572 4762 quae
3601 4685 3755 4766 ipse,

347 4780 410 4834 τὸ
485 4775 648 4841 σέϐας
731 4791 945 4855 φρονεῖν
975 4825 990 4851 ,
1049 4777 1362 4852 ἐσκεψάμην
1422 4776 1476 4832 ἐν
1531 4776 1694 4851 ὀλίγῳ
1766 4775 2007 4838 τοιαύτας

2108 4775 2344 4836 ientiret
2373 4775 2446 4836 de
2479 4774 2795 4854 religione,
2833 4774 3080 4854 cogitavi
3125 4793 3260 4836 eum
3297 4775 3470 4855 paulo
3505 4783 3637 4854 post
3673 4783 3759 4836 ta-

353 4870 495 4942 αότῷ
553 4867 816 4943 βασάνους
874 4867 1208 4946 ἐπενεγκεῖν,
1255 4871 1328 4932 ὡς
1386 4867 1472 4940 ἂν,
1538 4867 1582 4922 εἰ
1642 4865 1740 4939 μὲν
1771 4863 1892 4926 οἶός
1954 4883 2010 4917 τε

2108 4864 2251 4927 ,ἱὺιιε
2310 4865 2576 4926 cruciare
2627 4864 2938 4944 suppliciis
2970 4872 3054 4940 ut,
3092 4865 3139 4925 si
3200 4882 3436 4943 possem
3486 4863 3754 4943 quidem,

361 4956 618 5032 γένωμαι,
656 4955 838 5013 τέλεον
900 4954 1116 5024 ἧττάσω
1171 4959 1262 5012 τὸν
1312 4954 1490 5034 ἄνδρα·
1530 4957 1574 5010 εἰ
1625 4952 1671 5012 δ’
1731 4953 1842 5032 οὖν,
1876 4951 2012 5008 ἀλλὰ

360 5052 456 5117 τῆς
510 5049 806 5127 προθυμίας
866 5047 999 5111 τέως
1055 5049 1291 5130 ἐπίσχω,
1354 5051 1441 5104 καὶ
1493 5045 1800 5123 συμποδίσω
1841 5046 2015 5118 τούτῳ

357 5147 446 5195 του
503 5140 672 5216 λόγου
731 5139 826 5204 τὴν
860 5135 1102 5213 δύναμιν.
1162 5137 1378 5204 ’Ἐδοξεν
1408 5148 1496 5197 οὖν
1548 5160 1638 5213 μοι
1669 5137 1734 5194 τά
1765 5157 1822 5192 τε
1881 5133 2016 5191 πέλ-

352 5252 499 5303 ματα
561 5236 671 5286 τῶν
723 5226 899 5285 ποδῶν
948 5229 1107 5286 αὺτοῦ
1139 5249 1435 5308 μαχαιραις
1494 5227 1788 5302 ἀποτεμεῖν
1819 5225 2018 5304 μέχρις

346 5321 549 5378 ὀστέων
602 5321 806 5394 αὗτῶν,
864 5318 1114 5393 ἐκτεμεῖν
1167 5317 1222 5374 δὲ
1278 5320 1366 5375 καὶ
1423 5319 1521 5386 τὴν
1584 5319 1783 5396 ῥήτορα
1835 5315 2020 5392 γλῶσ-

345 5433 444 5467 σαν
502 5409 592 5492 ὑφ’
653 5412 720 5476 ἧς
779 5409 847 5465 τὰ
899 5408 1073 5464 πάντα
1131 5409 1549 5488 κατηγωνίζετο,
1612 5409 1697 5462 καὶ
1753 5406 1884 5483 πρὸς
1937 5405 2014 5462 ἕτι

341 5503 503 5560 αὐτοὺ
570 5503 659 5558 καὶ
720 5501 846 5561 τοὺς
906 5497 1210 5576 ὀφθαλμοὺς
1263 5498 1512 5577 ἐκκόψαι,
1562 5499 1636 5560 ὡς
1691 5495 1753 5551 ἂν
1813 5494 2016 5573 καταρο

339 5593 651 5670 ῥᾳθυμήσας
721 5588 824 5655 μὲν
893 5587 980 5643 ἐπὶ
1034 5588 1110 5659 τῷ
1183 5588 1358 5662 σκότῳ
1425 5593 1530 5643 τῶν
1584 5583 1890 5664 ὀφθαλμῶν,
1947 5591 2014 5660 τῇ

338 5684 497 5758 ὀδύνῃ
545 5680 596 5739 δὲ
659 5687 770 5740 τῶν
834 5674 1018 5736 ποδῶν
1078 5675 1312 5742 ὀκλάσας
1371 5675 1720 5757 ὀκνηρότερος
1754 5675 1850 5750 μὲν
1901 5695 2013 5732 πα-

2097 4972 2234 5016 eum
2270 4953 2534 5035 perfecte
2567 4953 2866 5015 vincerem
2904 4971 2916 5016 :
2968 4953 3060 5014 sin
3095 4952 3317 5026 minus,
3351 4952 3482 5032 eju
3510 4953 3754 5034 quidem

2099 5052 2260 5106 certe
2285 5043 2678 5124 reprimerem
2715 5048 3051 5122 promptum
3089 5049 3147 5102 et
3176 5040 3430 5102 alacrem
3463 5045 3754 5120 animum,

2101 5142 2159 5195 et
2184 5133 2423 5196 dicendi
2455 5133 2789 5194 facultatem
2822 5131 3202 5212 impedirem.
3251 5129 3460 5192 Visum
3493 5139 3581 5192 est
3611 5149 3753 5211 ergo

2103 5223 2249 5284 mihi
2283 5223 2510 5304 plantas
2542 5221 2760 5302 pedum
2800 5223 2928 5300 ejus
2959 5221 3171 5301 gladiis
3201 5220 3522 5284 excindere
3563 5239 3753 5302 usque

2103 5313 2175 5374 ad
2225 5330 2380 5384 ossa,
2415 5313 2558 5393 quin
2589 5310 2768 5372 etiam
2812 5312 2944 5390 ejus
2973 5329 3212 5392 quoque
3243 5309 3501 5389 linguam
3550 5309 3756 5373 excin-

2099 5403 2245 5464 dere
2295 5402 2705 5482 eloquentem,
2757 5419 2792 5461 a
2839 5419 2954 5482 qua
3009 5400 3209 5462 omnia
3262 5399 3746 5484 superabantur;

2101 5498 2388 5574 praeterea
2439 5508 2576 5552 vero
2625 5490 2756 5568 ejus
2805 5509 3047 5572 quoque
3099 5490 3304 5552 oculos
3363 5489 3650 5562 elfodere,
3683 5498 3751 5553 ut

2099 5590 2341 5663 propter
2372 5581 2683 5643 oculorum
2714 5581 2956 5661 quidem
3009 5580 3288 5642 tenebras
3337 5578 3457 5642 otio
3487 5577 3748 5653 deditus,

2098 5673 2316 5735 fractus
2345 5679 2542 5737 autem
2598 5669 2872 5734 dolorum
2905 5670 3194 5752 cruciatu,
3227 5666 3451 5732 tardior
3505 5666 3745 5752 quidem
