4132 6404
431 339 551 408 403
1744 339 2026 407 MENSIS
2078 338 2506 407 DEGEMBER.
3699 340 3817 411 4M

431 480 610 546 ﬁeret
637 476 711 541 ad
740 475 1255 559 respondendum,
1278 475 1642 541 imbecillior
1669 494 1809 542 vero
1840 480 1911 541 ad
1947 498 2081 542 con-

2176 486 2336 560 ραστῇ
2386 483 2517 561 πρὸς
2588 482 2683 549 τὰς
2743 483 3073 563 ἀποκρίσεις,
3130 482 3500 563 ἀσθενέστερος
3568 480 3625 542 δὲ
3682 485 3815 562 πρὸς

434 568 825 635 tendendum.
857 566 1052 648 Atque
1102 567 1346 630 lictores
1376 566 1615 648 quidem
1663 587 1797 630 cum
1837 570 2086 650 primum

2176 571 2275 637 τὴν
2326 570 2591 633 ἔνστασιν.
2653 575 2712 632 Οἱ
2770 575 2869 650 μὲν
2926 574 3014 631 οὖν
3070 572 3253 649 δήμιοι
3302 573 3413 649 ἅμα
3456 595 3516 630 τε
3573 575 3815 651 προστά-

430 660 747 744 jubentem
795 656 1182 733 audivissent,
1232 657 1503 720 fecerunt
1558 660 1925 720 universum.
1986 660 2086 723 Illo

2176 658 2358 725 ξαντος
2416 661 2671 737 ἤκουσαν,
2732 663 2828 720 καῖ
2888 664 2948 721 τὸ
3005 684 3111 720 παν
3164 662 3405 740 ἔδρασαν.
3468 653 3527 720 Ὀ
3559 661 3614 720 δέ
3672 667 3816 730 εὐθὺς

435 759 637 814 autem
690 750 870 811 homo
929 747 1216 811 continuo
1263 765 1397 809 esse
1461 747 1789 823 convictus,
1826 757 1883 811 et
1942 749 2086 812 nihil

2176 747 2445 828 ἐλεγχθεὶς
2503 756 2594 809 οἶα
2665 752 2959 832 ἄνθρωπος,
3020 754 3114 809 καί
3163 751 3329 829 μηδέν
3383 775 3434 809 τι
3506 752 3663 811 πλέον
3719 760 3817 820 τῆς

434 838 695 920 amplius
740 836 966 917 ferens,
1007 854 1183 917 quam
1234 834 1571 898 communis
1621 836 1806 916 possit
1856 845 2086 914 natura,

438 929 660 992 missus
719 926 781 988 in
835 943 1161 1002 carcerem,
1218 932 1344 987 erat
1374 925 1550 1006 plane
1610 934 1902 990 mortuus.
1965 926 2091 989 Viri

436 1028 640 1082 tamen
672 1017 952 1079 misertus
995 1017 1233 1096 (verum
1265 1017 1424 1077 enim
1477 1014 1716 1096 fateor),
1750 1024 1813 1077 ut
1846 1016 2004 1079 docti
2037 1024 2094 1078 et

438 1108 561 1171 mei
590 1107 758 1186 civis,
793 1116 855 1169 et
885 1123 1040 1186 aegre
1071 1104 1294 1181 ferens,
1321 1105 1480 1186 quod
1510 1106 1598 1167 vir
1630 1106 1904 1187 periisset
1935 1114 2095 1168 tanta

435 1197 729 1279 sapientia
770 1197 1051 1277 praeditus
1101 1202 1159 1257 et
1207 1194 1573 1275 eloquentia,
1626 1212 1859 1258 summo
1909 1214 2083 1259 mane

437 1288 638 1353 aﬂ'erri
660 1285 819 1368 jussi
847 1303 1063 1366 corpus
1093 1285 1224 1365 ejus
1273 1285 1567 1361 exanime,
1602 1283 1809 1348 volens
1854 1285 2082 1364 videre,

437 1395 698 1461 quonam
727 1378 859 1457 ejus
878 1374 1159 1440 rediisset
1187 1376 1537 1436 constantia.

516 1498 732 1564 XXIX.
780 1499 1100 1577 Postquam
1147 1502 1343 1556 autem
1391 1511 1525 1555 eum
1558 1493 1677 1555 vidi
1722 1496 2081 1558 accersitum

2172 839 2359 904 κοινῆς
2423 839 2593 919 φέρων
2650 842 2855 921 φύσεως
2879 889 2896 918 ,
2964 841 3451 921 παραπεμπόμενος
3504 848 3570 919 τῇ
3642 844 3822 922 εἱρκτῇ

2174 927 2497 1007 αὐτόχρημα
2554 933 2734 1009 νεκρὸς
2790 932 2878 999 ἧν.
2925 932 3139 1011 "Opus,
3199 930 3524 1009 ὁμολογήσω
3567 934 3665 1010 γὰρ
3714 933 3815 993 τά-

2175 1016 2358 1092 ληθὲς,
2391 1020 2482 1075 τὸν
2541 1018 2698 1099 ἄνδρα
2727 1042 2784 1077 τε
2839 1024 2909 1087 ὡς
2939 1024 3101 1101 σοφὸν
3145 1024 3233 1079 καὶ
3263 1023 3675 1100 συμπατριώτην
3731 1024 3816 1080 οἱ·

2177 1106 2421 1187 κτεὶρων,
2450 1107 2628 1186 ἀγλῶν
2684 1108 2737 1167 δὲ
2782 1113 2868 1168 καὶ
2898 1111 2995 1178 τὴν
3054 1112 3259 1191 ψυχὴν,
3294 1111 3374 1168 ὅτι
3403 1118 3582 1177 κακῶς
3626 1111 3818 1169 ἀπώλε-

2176 1193 2300 1255 λυτο
2360 1197 2609 1275 γλώττης
2639 1198 2778 1257 οὕτω
2827 1202 2915 1257 καὶ
2945 1201 3131 1281 σοφίας
3163 1201 3308 1281 ἔχων
3355 1201 3509 1278 ἁνήρ,
3542 1223 3822 1277 μετεπεμ-

2169 1284 2348 1360 πόμην
2426 1284 2623 1345 ἄπνουν
2692 1290 2757 1346 τὸ
2837 1295 2993 1366 σῶμα
3075 1289 3188 1366 ἅμα
3253 1294 3427 1369 πρωὶ,
3495 1290 3824 1359 κατανοῆσαι

2164 1372 2355 1452 θέλων,
2389 1378 2463 1440 εἰς
2495 1379 2544 1433 τί
2601 1381 2679 1453 τῷ
2707 1382 2934 1452 τοιουτῷ
2965 1380 3220 1458 περιέστη
3253 1380 3319 1436 τὰ
3347 1382 3449 1446 τῆς
3499 1379 3823 1445 ἐνστάσεως.

2258 1492 2396 1556 ΚΘ’.
2459 1484 2550 1560 Ὧς
2606 1493 2661 1550 δὲ
2719 1495 3182 1577 μεταπεμφθέντα,
3230 1496 3503 1572 βαδίζοντα
3553 1518 3607 1553 τε
3662 1499 3828 1576 ὑγιῶς

437 1597 607 1652 recte
639 1585 895 1665 ingredi,
930 1592 989 1647 et
1019 1601 1165 1666 pure
1196 1582 1414 1645 intueri
1445 1604 1459 1663 ;
1495 1582 1713 1644 deinde
1746 1586 1918 1646 etiam
1956 1603 2086 1646 eum

2177 1579 2347 1658 εἶδον,
2408 1584 2495 1639 καὶ
2551 1587 2792 1662 καθαρῶς
2835 1583 3121 1664 βλέποντα,
3178 1587 3301 1643 εἶτα
3363 1585 3459 1643 καί
3501 1585 3826 1663 προσδιαλε-

438 1677 638 1741 audivi
694 1684 898 1757 aperte
945 1674 1367 1746 disserentem,
1405 1671 1646 1734 videbar
1695 1672 1841 1735 mihi
1893 1674 2086 1736 videre

2176 1672 2403 1750 γομένοσ
2474 1679 2645 1750 τορῶς
2716 1672 2918 1740 ἤκουσα
2957 1722 2971 1747 ,
3031 1675 3214 1753 φάσμα
3297 1673 3513 1753 βλέπειν
3589 1674 3825 1746 ἐδόκουν,

439 1775 743 1848 spectrum
762 1773 819 1827 et
840 1764 1017 1827 inane
1043 1761 1339 1825 somnium
1379 1784 1395 1838 ;
1425 1769 1485 1823 et
1514 1762 1706 1823 statim
1740 1762 1921 1824 clausi
1956 1783 2086 1825 ocu-

2176 1764 2260 1818 καὶ
2321 1763 2502 1819 καινὸν
2558 1763 2783 1841 ὄνειρον,
2823 1761 2916 1818 καῖ
2947 1763 3067 1827 τοὺς
3097 1762 3396 1843 ὀφθαλμοὺς
3455 1765 3599 1827 εὐθὺς
3632 1764 3824 1839 ἔμυσα,

437 1854 558 1931 los,
597 1853 846 1916 deorum
882 1850 1111 1914 inimici
1141 1850 1229 1913 vel
1256 1851 1445 1932 ipsum
1479 1851 1857 1913 simulacrum
1892 1853 2086 1914 ahhor

2186 1857 2278 1907 τοῦ
2338 1857 2442 1907 τῶν
2487 1854 2620 1908 θεῶν
2678 1851 2870 1930 ἐχθροῦ
2929 1854 3357 1929 τερατευόμενον,
3440 1855 3524 1910 καὶ
3581 1854 3708 1911 αὐτὸ
3763 1856 3830 1911 τὸ

436 1960 604 2007 rens.
638 1943 785 2007 Cum
816 1951 1015 2004 autem
1047 1940 1124 2002 de
1154 1939 1298 2002 sede
1332 1938 1809 2015 descendissem,
1838 1949 1896 2003 et
1924 1941 2086 2004 visio-

2182 1940 2407 1997 εἴδωλον
2478 1940 2900 2016 μυσαττόμενος.
2959 1943 3055 2005 Ὦς
3105 1940 3159 1998 δὲ
3217 1944 3278 1998 τὸ
3333 1942 3516 2021 θρόνου
3573 1965 3830 2010 καταπη-

439 2050 579 2095 nem
612 2031 791 2095 simul
823 2050 957 2094 cum
989 2029 1122 2093 aliis
1154 2029 1388 2091 curiose
1420 2028 1798 2108 indagassem
1833 2052 1847 2089 :
1887 2039 1946 2093 et
1976 2049 2086 2094 non

2180 2028 2344 2101 δήσας
2419 2032 2515 2099 τὴν
2570 2028 2691 2105 ὄψιν
2753 2031 2890 2097 μετὰ
2947 2036 3054 2087 τῶν
3124 2029 3301 2087 ἄλλων
3378 2034 3829 2110 περιειργαζόμην

439 2120 581 2185 solis
610 2121 862 2186 credens
878 2118 1208 2192 oculis,sed
1228 2118 1406 2181 etiam
1432 2118 1712 2180 manibus
1744 2123 2096 2183 examinans

439 2221 504 2275 et
549 2219 951 2289 contrectans,
992 2209 1161 2271 illum
1196 2209 1390 2291 ipsum
1439 2208 1622 2270 didici
1653 2228 1782 2271 esse
1836 2210 2091 2283 Menam,

438 2300 713 2383 protinus
738 2303 924 2364 victus
953 2317 1083 2361 sum
1115 2317 1150 2361 a
1183 2298 1448 2371 veritate,
1477 2317 1596 2359 non
1632 2298 1842 2361 falsum
1878 2307 2093 2364 testem

434 2390 671 2455 habens
698 2389 1168 2466 ,conscientiam.
1201 2384 1738 2450 Verumenimvero
1770 2388 1936 2451 adest
1964 2390 2095 2469 ipse

441 2495 701 2561 quoque,
720 2498 756 2541 ο
779 2478 1130 2559 imperator,
1154 2484 1213 2539 et
1242 2476 1400 2538 dicat
1420 2476 1660 2556 quidem
1689 2477 1941 2556 populus
1968 2497 2095 2539 cru-

442 2569 658 2650 ciatus,
693 2567 928 2630 curiose
958 2573 1156 2629 autem
1188 2567 1315 2646 ipse
1344 2583 1581 2646 quoque
1610 2565 1867 2645 inquire,
1902 2576 1964 2628 ut
1995 2586 2091 2629 vo-

441 2656 649 2738 lueris,
683 2675 820 2719 cum
875 2653 1229 2717 miraculum
1260 2654 1336 2715 sit
1365 2653 1475 2716 tibi
1532 2661 1669 2715 ante
1702 2655 1928 2719 oculos.
1984 2655 2089 2719 Dic

440 2762 580 2808 vero
614 2745 759 2807 mihi
794 2763 899 2827 per
928 2751 1061 2806 tuos
1092 2742 1262 2821 deos,
1291 2761 1324 2804 ο
1357 2743 1703 2823 imperator,
1737 2743 1786 2805 si
1848 2746 1979 2825 quis
2008 2748 2089 2806 vi-

439 2834 627 2898 disset
648 2834 1131 2909 Christum,sicut
1163 2850 1272 2914 ego
1293 2832 1424 2914 ipse
1447 2831 1593 2905 vidi,
1609 2842 1857 2914 repente
1887 2842 2088 2913 totum

438 2927 746 2990 hominem
801 2927 1225 2991 reformantem
1258 2933 1317 2985 et
1365 2923 1750 3001 animantem,
1789 2930 1851 2989 et
1880 2944 1952 2987 ex
1983 2928 2096 2989 hoc

441 3017 684 3099 quidem
731 3035 898 3080 suam
957 3023 1307 3098 potestatem
1364 3015 1842 3095 conﬁrmantem,
1877 3035 2094 3097 nempe

439 3105 599 3188 quod
624 3108 750 3170 haec
770 3105 1014 3188 quidem
1046 3123 1167 3167 non
1195 3112 1335 3167 sunt
1367 3102 1634 3178 alterius,
1663 3123 1837 3184 quam
1873 3104 2001 3179 Dei,
2036 3115 2094 3167 et

2179 2118 2349 2194 κᾶλὼ,
2380 2121 2466 2176 καὶ
2522 2120 2599 2195 μὴ
2630 2120 2812 2194 μόνοις
2863 2132 2978 2183 τοῖς
3009 2118 3308 2198 ὀφθαλμοῖς
3365 2122 3652 2195 πιστεύων,
3687 2120 3829 2178 ἀλλᾶ

2177 2210 2265 2265 καὶ
2308 2209 2461 2289 χερσὶ
2521 2209 2815 2285 βασανίζων
2872 2210 2959 2265 καὶ
3003 2207 3381 2289 διαψηλαφῶν,
3417 2211 3573 2267 αὖτὸν
3622 2211 3829 2267 ἐκεῖνον

2176 2299 2319 2354 εἶναι
2380 2299 2466 2356 τὸν
2524 2305 2710 2365 Μηναν
2760 2300 3181 2375 κατεμάνθανον,
3232 2301 3469 2370 ἡττήθην
3527 2305 3626 2369 τῆς
3683 2301 3829 2369 ἀλη-

2174 2388 2314 2451 θείας
2352 2388 2519 2460 εὐθὺς,
2557 2385 2851 2463 ἀψευλευδῆ
2897 2388 3130 2464 μάρτυρα
3161 2389 3259 2456 τὴν
3313 2387 3607 2457 συνείδησιν
3657 2390 3827 2470 ἔχων,

2179 2475 2325 2543 Πλὴν
2380 2475 2516 2532 ἀλλὰ
2558 2479 2782 2553 πάρεστι
2840 2479 2929 2533 καὶ
2984 2479 3163 2557 «sese,
3218 2481 3263 2534 ὦ
3310 2478 3552 2555 βασιλεῦ,
3586 2481 3675 2537 καὶ
3731 2479 3828 2556 λεέ

2175 2566 2315 2642 γέτω
2385 2566 2483 2640 μὲν
2540 2567 2568 2621 ὁ
2637 2563 2805 2640 δῆμος
2879 2566 2973 2629 τὰς
3033 2568 3317 2643 τιμωρίας·
3398 2568 3825 2648 πολυπραγμόνει

2175 2653 2229 2709 δὲ
2289 2657 2373 2710 καὶ
2404 2654 2560 2717 αὒτὸς
2616 2651 2762 2716 ὅπως
2795 2652 2856 2709 ἂν
2910 2654 3098 2731 ἐθέλῃς
3124 2661 3184 2712 τὸ
3212 2659 3385 2731 θαῦμα
3439 2659 3540 2736 πρὸ
3571 2665 3674 2713 τῶν
3715 2659 3819 2732 ὀμ-

2175 2744 2358 2817 μάτων
2419 2764 2500 2799 σοι
2530 2744 2613 2805 ὃν,
2648 2744 2777 2801 Εἰπὲ
2808 2742 2861 2799 δέ
2893 2767 3006 2824 μοι,
3068 2747 3200 2824 πρὸς
3256 2752 3363 2802 τῶν
3412 2753 3517 2803 σῶν
3567 2750 3717 2819 θεῶν,
3774 2750 3818 2802 ὦ

2178 2831 2414 2910 βασιλεῦ,
2451 2830 2505 2889 εἴ
2562 2855 2639 2897 τις
2688 2833 2937 2910 ἑωρακὼς
2999 2835 3089 2890 τὸν
3155 2836 3378 2913 Χριστὸν
3437 2834 3609 2913 ὥσπερ
3666 2836 3818 2897 αὒτὸς

2179 2922 2287 3000 ἐγὼ
2344 2922 2621 3001 ἑωράκειν,
2683 2920 2925 3001 ἐξαίφνης
2984 2922 3368 2981 ἀναπλάσαντα
3441 2924 3566 2983 ὅλον
3620 2923 3822 3004 ἄνθρω-

2176 3034 2275 3067 πον
2333 3013 2420 3069 καὶ
2478 3012 2832 3091 ψυχώσαντα,
2886 3013 2972 3069 καὶ
3025 3015 3379 3088 πιστούμενον
3438 3016 3535 3088 μὲν
3584 3015 3645 3071 ἐκ
3700 3015 3827 3071 τού-

2175 3123 2268 3158 του
2324 3103 2421 3169 τὴν
2476 3103 2661 3160 ἑαυτοῦ
2717 3099 2961 3183 δύναμιν,
2994 3104 3068 3165 ὡς
3123 3107 3219 3162 οὐκ
3250 3103 3413 3163 ἄλλου
3468 3106 3609 3170 τινὸς
3665 3103 3831 3162 ταῦτα

437 3196 597 3278 quod
619 3196 750 3277 ipse
771 3199 868 3272 sit,
894 3196 995 3273 qui
1020 3196 1280 3275 primum
1298 3193 1519 3255 creavit
1544 3193 1845 3254 hominem
1871 3216 1883 3257 :
1913 3196 2077 3275 pelli-

2176 3188 2255 3247 ὅτι
2314 3191 2393 3266 μὴ
2430 3197 2584 3266 Θεοῦ,
2617 3190 2704 3246 καὶ
2756 3190 2837 3247 ὅτι
2893 3191 3048 3257 αὖτός
3080 3192 3272 3249 ἐστινὸ
3328 3194 3415 3251 καὶ
3458 3195 3557 3262 τὴν
3612 3192 3832 3272 πρώτην

433 3295 622 3350 cetur
653 3294 852 3349 autem
887 3285 962 3347 iis
990 3285 1090 3364 qui
1121 3282 1290 3346 illum
1333 3282 1524 3344 secuti
1552 3281 1797 3362 fuerint,
1828 3282 1888 3343 in
1937 3285 2086 3347 caeli:

2184 3278 2583 3357 δημιουργήσας
2642 3281 2732 3335 τὸν
2785 3278 3082 3361 ἄνθρωπον,
3139 3284 3564 3364 ὑπισχνούμενον
3632 3281 3686 3338 δὲ
3743 3281 3837 3339 καὶ

438 3373 681 3458 quidem
710 3392 959 3454 regnum
988 3383 1304 3452 aeternum,
1332 3371 1427 3433 bic
1460 3388 1598 3431 vero
1631 3379 1860 3432 tantum
1897 3393 2086 3453 posse,

2181 3370 2304 3433 τοῖς
2370 3368 2556 3441 ἐκείνῳ
2610 3367 3032 3440 ἀκολυτθήσασιν
3089 3371 3143 3427 ἐν
3212 3374 3458 3451 οὐρανοῖς
3515 3373 3610 3449 μὲν
3667 3374 3834 3449 βασι-

437 3456 729 3546 quantum
756 3465 885 3544 ipse
911 3461 1095 3525 solus.
1119 3460 1183 3525 Si
1206 3466 1362 3540 quis,
1388 3477 1525 3521 cum
1550 3460 1677 3521 haec
1707 3469 1765 3520 et
1789 3460 2086 3525 didicisset

2181 3457 2326 3515 λείαν
2384 3456 2583 3532 ἀίδιον,
2633 3458 2851 3515 ἐνταῦθα
2904 3458 2958 3515 δὲ
3014 3468 3243 3519 τοσαῦτα
3281 3459 3549 3541 δύνασθαι,
3605 3462 3702 3518 ὅσα
3766 3483 3836 3540 γε

439 3563 498 3619 et
522 3552 1137 3630 vidisset,despiceret
1160 3548 1399 3631 quidem
1427 3547 1561 3610 talis
1593 3547 1698 3610 Dei
1739 3568 1869 3612 esse
1902 3560 1959 3613 et
1980 3552 2086 3614 dici

2181 3548 2342 3623 μόνος
2400 3547 2580 3611 αὐτός·
2640 3546 2696 3605 εἴ
2749 3569 2851 3622 τις,
2892 3557 3053 3608 ταῦτα
3106 3552 3288 3626 μαθὼν
3347 3553 3434 3609 καὶ
3486 3549 3632 3632 ἰδὼν,
3674 3553 3838 3630 παρί-

437 3641 667 3708 amicus
701 3660 715 3705 :
750 3639 1088 3721 despiceret
1131 3645 1328 3701 autem
1366 3655 1541 3718 posse
1571 3637 1773 3699 omnia
1818 3657 1993 3718 agere
2037 3650 2086 3703 et

2179 3636 2254 3694 δοι
2308 3638 2405 3712 μὲν
2434 3639 2496 3694 τὸ
2541 3635 2689 3716 φίλος
2744 3642 2884 3695 εἶναι
2937 3640 3023 3695 καὶ
3073 3639 3315 3719 λέγεσθαι
3374 3641 3612 3699 τοιούτου
3670 3648 3833 3717 Θεοῦ,

436 3741 697 3808 mutare,
724 3749 858 3813 quae
905 3728 1068 3792 solus
1093 3728 1224 3809 ipse
1256 3729 1414 3791 Deus
1452 3750 1464 3786 :
1520 3735 1579 3789 et
1609 3745 1799 3790 caecos
1847 3730 2086 3811 quidem

2176 3725 2381 3805 παρίδοι
2433 3725 2488 3783 δὲ
2532 3728 2620 3783 καὶ
2660 3728 2722 3783 τὸ
2765 3725 3009 3785 δύνασθαι
3066 3730 3216 3807 ἄγειν
3286 3732 3457 3788 πάντα
3516 3734 3603 3788 καὶ
3660 3752 3839 3789 πετα-

436 3825 635 3887 facere
683 3821 911 3901 videre,
944 3817 1189 3881 claudos
1240 3824 1440 3879 autem
1493 3815 1734 3892 saltare,
1767 3825 1826 3880 et
1859 3828 2086 3882 montes

2176 3815 2387 3874 ϐάλλειν
2447 3819 2541 3873 οἷα
2594 3818 2755 3892 μόνος
2809 3816 2964 3880 αῦτός
2997 3840 3057 3897 γε
3114 3819 3269 3900 Θεὸς,
3301 3821 3388 3876 καὶ
3421 3819 3643 3900 τυφλοὺς
3703 3821 3834 3898 μὲν,

440 3929 705 3987 movere,
732 3918 791 3973 et
823 3916 1089 3972 mortuos
1119 3906 1444 3970 suscitare:
1481 3915 1541 3969 et
1571 3915 1633 3968 ut
1661 3907 1837 3969 simul
1869 3909 2082 3984 dicam,

2176 3904 2386 3982 βλέπειν
2440 3919 2642 3985 ποιεῖν,
2681 3904 2896 3985 χωλοὺς
2954 3905 3010 3962 δὲ
3069 3905 3341 3985 ἅλλεσθαι,
3376 3909 3475 3989 ὅρη
3518 3932 3576 3968 τε
3628 3923 3839 3987 κινεῖν,

436 4020 568 4066 rem
602 4018 841 4064 omnem
876 4016 1113 4061 movere
1151 4004 1412 4059 creatam
1442 3996 1573 4077 solo
1600 3997 1780 4059 verbo
1812 4007 1870 4059 et
1901 4008 2044 4063 nutu
2075 4024 2086 4079 ς

2178 3997 2270 4052 καί
2331 3996 2541 4074 νεκροὺς
2598 3993 2813 4067 ἆνιστᾷν
2894 3998 2981 4052 καὶ
3038 3995 3220 4061 ἁπλῶς
3281 4000 3378 4066 τὴν
3425 3999 3595 4056 κτίσιν
3652 4006 3835 4058 πᾶσαν

437 4089 658 4154 deinde
681 4088 860 4151 etiam
888 4087 1102 4168 pignus
1125 4085 1376 4161 habere,
1400 4084 1560 4166 quod
1584 4084 1874 4149 laetabitur
1905 4098 1962 4149 et
1989 4108 2086 4152 re-

2179 4097 2490 4160 μεταποιεῖν
2556 4084 2704 4159 μόνῳ
2772 4083 2917 4162 λόγῳ
2987 4087 3074 4142 καὶ
3131 4086 3373 4159 νεύματι·
3428 4088 3553 4146 εἶτα
3607 4090 3694 4146 καὶ
3765 4090 3838 4146 τὸ

433 4172 645 4261 gnabit
667 4178 729 4240 in
759 4185 1078 4240 aeternum.
1111 4175 1223 4250 Qui
1255 4193 1391 4237 eum
1437 4174 1799 4256 reliquisset,
1835 4187 1890 4238 et
1924 4178 2086 4244 clau-

2177 4176 2384 4254 χαίρειν
2441 4175 2529 4229 καὶ
2599 4172 2896 4250 βασιλεύειν
2968 4175 3192 4240 αἰωνίως
3249 4175 3513 4256 ἐχέγγυον
3573 4176 3743 4257 ἔχειν,
3795 4180 3829 4235 ὁ

434 4270 609 4333 sisset
657 4267 862 4331 oculos
891 4266 963 4329 ad
1016 4272 1237 4327 tantam
1270 4264 1701 4327 beatitudinem
1738 4285 1751 4327 :
1810 4266 2091 4347 elegisset

432 4365 628 4421 autem
658 4364 884 4420 vestros
906 4356 1052 4417 deos
1078 4353 1302 4434 colere,
1322 4362 1381 4415 et
1413 4372 1544 4417 esse
1573 4354 1780 4415 consul
1813 4364 1870 4416 et
1902 4357 2088 4439 impe-

2175 4270 2358 4320 τοῦτον
2415 4261 2745 4337 καταλιπὼν,
2806 4266 2893 4319 καὶ
2952 4266 3083 4340 πρὸς
3146 4268 3392 4333 τοιαύτην
3450 4266 3830 4343 μακαριότητα

2175 4354 2343 4427 μύσας
2402 4353 2523 4415 τοὺς
2576 4351 2903 4431 ὀφταλμοὺς,
2956 4352 3207 4429 ἐλόμενος
3264 4353 3318 4410 δὲ
3377 4356 3496 4420 τοὺς
3541 4356 3830 4435 δμετέρους

429 4455 614 4527 rator,
647 4444 992 4526 quisnamis
1015 4442 1125 4507 tibi
1151 4430 1476 4505 videretur?
1506 4441 1633 4504 Non
1668 4462 1807 4506 vere
1842 4430 2082 4523 stultus,

2176 4438 2341 4498 σέϐειν
2399 4441 2547 4503 θεοὺς
2608 4442 2693 4497 καὶ
2750 4441 2948 4506 ¹ὕπατος
3007 4446 3147 4500 εἶναι
3205 4446 3292 4501 καὶ
3348 4444 3618 4526 βασιλεὺς,
3650 4446 3698 4502 τί
3755 4444 3827 4504 Ξίν

430 4554 552 4599 non
583 4541 797 4598 emota:
829 4533 1071 4608 mentis,
1105 4538 1165 4594 et
1192 4530 1296 4612 qui
1339 4532 1513 4609 longe
1548 4531 1737 4613 abest,
1773 4541 1837 4594 ut
1867 4534 2081 4597 intelliv

431 4632 531 4706 gat
555 4623 717 4702 quod
748 4623 825 4686 sit
852 4619 1251 4685 conducibile.

510 4740 1025 4823 XXX.Propterea
1041 4739 1286 4818 igitur,o
1308 4740 1387 4801 im
1396 4748 1771 4821 perator,ego
1788 4759 2077 4818 errorem,

430 4839 489 4897 et
505 4832 735 4896 fabulas
759 4838 1005 4912 vestras,
1030 4838 1088 4893 et
1108 4830 1253 4893 deos
1276 4829 1677 4911 abominatus,
1703 4838 1761 4892 et
1790 4831 2082 4911 abnegata

427 4922 542 4986 hac
563 4923 745 4998 omni,
780 4940 914 5003 quae
942 4920 1196 5001 videtur,
1227 4919 1531 4995 felicitate,
1559 4920 1632 4981 ad
1664 4919 1856 4982 solum
1889 4921 2075 4983 Deum

424 5011 753 5087 accessi,et
779 5010 985 5084 malui,
1012 5008 1220 5090 utipse
1243 5009 1471 5083 dixisti,
1488 5027 1622 5070 esse
1647 5009 2080 5089 infelix,potius

424 5101 619 5165 videri
669 5101 903 5174 stultus,
935 5117 1112 5181 quam
1163 5116 1295 5162 esse
1339 5098 1590 5179 eligens.
1625 5101 1820 5181 Atque
1874 5112 2079 5163 nostra

425 5189 670 5272 quidem
683 5190 842 5252 exiis
858 5207 990 5270 qum
1003 5188 1268 5263 audiisti,
1281 5189 1405 5269 jam
1429 5188 1714 5252 didicisti.
1743 5191 1862 5252 Res
1881 5201 2074 5251 autem

414 5278 642 5343 Christi
670 5278 719 5339 si
758 5278 907 5341 velis
937 5278 1308 5360 experientia
1349 5278 1611 5359 discere,
1641 5297 1717 5340 ne
1746 5281 2072 5342 cuncteris.

420 5365 703 5446 Excogita
730 5367 846 5430 cito
869 5368 929 5429 in
953 5386 1063 5431 nos
1085 5386 1360 5446 magnum
1384 5367 1624 5449 aliquod
1639 5375 1695 5430 et
1722 5386 1900 5446 grave
1931 5388 2074 5450 sup-

419 5456 757 5539 plicium,et
775 5458 823 5519 si
847 5458 950 5519 tibi
974 5458 1129 5520 forte
1147 5457 1317 5519 deest
1335 5457 1558 5538 aliquid
1580 5457 1652 5518 ad
1688 5458 2075 5537 excogitanda

2170 4552 2253 4587 σοι
2308 4529 2479 4596 ἔδοξεν
2509 4530 2658 4595 οὗτος
2696 4549 2711 4605 ;
2764 4531 2868 4611 οὒχ
2912 4533 2982 4597 ὡς
3032 4531 3243 4600 ἀληθῶς
3289 4535 3515 4612 μωρόςς
3576 4539 3670 4594 οὐκ
3720 4535 3825 4591 ἕκ-

2168 4642 2310 4699 φρων
2344 4642 2362 4695 ;
2396 4620 2454 4676 οὔ
2486 4618 2684 4677 πολλοῦ
2714 4617 2844 4677 δέων
2876 4622 2939 4678 τὸ
2970 4635 3213 4681 συνοῖσον
3244 4639 3456 4703 φρονεῖν
3492 4641 3508 4700 ;

2245 4740 2337 4804 Λ’.
2395 4741 2495 4797 Διὰ
2550 4749 2712 4799 ταῦτα
2755 4744 2925 4800 τοίνυν
2981 4742 3112 4824 ἐγὼ,
3164 4744 3402 4822 βασιλεῦ,
3454 4748 3553 4814 τὴν
3606 4746 3820 4814 πλάνην

2166 4832 2252 4888 καὶ
2303 4832 2423 4897 τοὺς
2483 4832 2672 4907 μύθους
2735 4834 2855 4896 τοὺς
2927 4834 3203 4913 ὑμετέρους
3266 4837 3352 4893 καὶ
3414 4837 3560 4903 θεοὺς
3622 4836 3813 4913 βδελυ-

2161 4920 2410 4997 ξάμενος,
2462 4923 2551 4979 ml
2603 4928 2777 4980 πᾶσαν
2836 4923 2935 4990 τὴν
2993 4924 3315 5003 φαινομένην
3377 4928 3573 4993 ταύτην
3635 4924 3819 4984 εὐδαι-

2162 5012 2349 5086 μονίαν
2423 5009 2870 5091 ἐξαρνησάμενος,
2941 5012 3090 5085 μόνῳ
3160 5035 3217 5069 τε
3307 5015 3669 5094 προσέδραμον
3738 5023 3823 5091 τῷ

2160 5103 2393 5178 Χριστῷ,
2437 5101 2528 5159 καὶ
2579 5099 3044 5181 κακοδαιμνονεῖν,
3105 5103 3175 5167 ὡς
3232 5104 3386 5170 αὐτὸς
3434 5108 3616 5178 εἴπας,
3668 5105 3822 5183 ἠγά..

2162 5210 2334 5263 πησα,
2382 5190 2444 5246 τὸ
2494 5186 2675 5246 δοκεῖν
2736 5196 2827 5247 τοῦ
2875 5190 3016 5246 εἶναι
3044 5193 3222 5269 μωρὸς
3282 5192 3663 5269 προελόμενος.
3740 5197 3822 5254 Τὰ

2161 5279 2259 5353 μέν
2309 5282 2398 5335 οὖν
2456 5277 2689 5355 ἡμέτερα
2742 5278 2793 5343 ἐξ
2851 5278 3022 5335 αὐτῶν
3066 5282 3221 5353 ἡμῶν
3275 5280 3378 5348 ἤδη
3432 5282 3660 5346 ἀκούσας
3706 5307 3818 5359 με-

2159 5370 2456 5443 μάρθηκας·
2516 5368 2582 5422 τὰ
2639 5365 2693 5421 δέ
2749 5374 2843 5424 τοῦ
2900 5375 3127 5446 Χριστοῦ
3186 5368 3239 5425 εἴ
3299 5392 3357 5446 γε
3413 5370 3592 5447 βούλει
3657 5376 3819 5452 πείρᾳ

2159 5462 2371 5534 μαθεῖν,
2433 5457 2511 5532 μὴ
2560 5454 2747 5528 μέλλε.
2808 5455 3043 5513 Ἐπινόει
3105 5456 3160 5514 δέ
3219 5458 3427 5530 πολλήν
3496 5484 3612 5519 τινα
3669 5465 3816 5543 ταχὺ

415 5544 733 5626 supplicia,
766 5565 875 5626 ego
907 5547 1011 5628 qui
1042 5563 1255 5626 magna
1312 5544 1374 5607 in
1400 5547 1495 5609 bis
1525 5548 1953 5610 exercitatione
1997 5551 2071 5612 ad

2176 5550 2241 5604 ιαὶ
2282 5545 2456 5613 δεινὴν
2506 5544 2623 5600 καθ’
2668 5547 2826 5620 ἡμῶν
2880 5547 3130 5623 βάσανον
3177 5551 3265 5605 καὶ
3319 5549 3371 5604 εἴ
3414 5551 3465 5606 τί
3518 5574 3597 5608 σοι
3646 5551 3813 5609 ἐνδέει

414 5653 708 5700 summam
765 5634 1031 5718 processi
1062 5635 1615 5717 experientiam;ea
1665 5654 1905 5725 quoque
1938 5656 2069 5717 quae

2176 5639 2285 5716 πρὸς
2330 5637 2390 5693 τὸ
2440 5637 2673 5693 ἐπινοεῖν
2745 5635 3093 5717 κολοστήρια,
3140 5638 3273 5715 ἐγὼ,
3330 5646 3398 5718 τῇ
3456 5642 3573 5713 περὶ
3642 5644 3812 5700 ταῦτα
