4132 6408
400 350 520 416 407
1703 352 1983 418 MENSIS
2033 351 2046 413 ]

2136 347 2459 414 GEMBER.
3659 356 3775 422 408

388 487 665 551 fecerunt
691 482 849 567 quod
880 483 969 547 eis
996 484 1188 547 fuerat
1206 484 1608 566 impetratum:
1640 494 1697 549 et
1726 486 1814 548 sic
1844 488 2037 566 ipsum

2136 485 2258 543 ιατὰ
2315 488 2373 542 τὸ
2447 485 2863 565 ἕπιτεταγμὲνον
2938 486 3169 562 ἐποίοδν,
3230 489 3317 546 καὶ
3381 488 3545 556 οὕτως
3620 493 3776 549 αὒτῖιν

394 574 1329 654 dimittuntsuspensum,nullum
1354 577 1596 637 omnino
1618 576 1885 637 sinentes
1905 593 2040 635 eum

2136 576 2338 654 ’chuio'tv
2398 576 2776 654 ἐξηρτημένον,
2843 576 3044 652 μηδένα
3103 585 3209 635 τῶν
3270 580 3481 636 πάντων
3527 581 3776 646 ἐάσαντες

393 666 600 729 videre
628 664 700 727 ad
732 662 1230 736 consolationem.
1282 664 1532 727 Sanctus
1578 674 1773 727 autem
1819 683 1954 726 cum
1987 672 2046 725 et

2136 669 2250 745 ὃρᾷν
2279 670 2351 730 εἷς
2383 674 2736 749 παραψυχὴν,
2800 669 2859 727 Ὀ
2918 668 2972 725 δὲ
3033 667 3315 749 μακάριος,
3376 684 3490 737 τοῖς
3547 695 3604 728 τε
3650 674 3774 729 ἀνέ-

396 755 576 835 capiti
605 753 903 833 impositis
929 752 1272 830 vinculis,et
1291 753 1570 817 deorsum
1606 756 1875 817 trahente
1902 772 2046 834 pou-

2136 778 2314 835 χοοσιν
2390 758 2519 834 ὑπὲρ
2589 759 2828 839 κεφαλὴν
2897 758 3115 835 δεσμοῖς
3187 765 3263 833 τῷ
3327 782 3383 816 τε
3470 762 3778 820 καθελκοντι

396 845 545 908 dere
572 842 787 924 lapidis
816 842 1260 921 extenderetur,
1285 848 1345 907 et
1376 844 1431 906 ei
1461 844 1894 925 propemodum
1919 844 2046 903 dis-

396 934 1302 1013 solverenturcompages,nervi
1321 951 1459 995 vero
1483 934 2050 1003 convellerentur,et

397 1040 611 1087 carnes
638 1021 1127 1097 dilacerarentur,
1146 1030 1204 1083 et
1235 1030 1302 1085 ut
1322 1024 1509 1084 semel
1534 1023 1749 1097 dicam,
1774 1043 1863 1083 ουτ.
1880 1024 1969 1082 nis
1994 1023 2049 1083 ei

395 1112 513 1175 alia
537 1110 801 1191 graviter
822 1109 1285 1191 abrumperetur
1315 1112 1729 1189 commissura,
1764 1111 2045 1192 quamdiu

2130 845 2285 925 ἄχθει
2345 852 2442 915 τῆς
2502 849 2665 928 λίθου,
2730 848 2927 927 σφόδρα
2984 850 3450 925 κατατεινόμενος,
3508 854 3596 908 καὶ
3659 852 3776 909 κατ’

2129 934 2306 1013 ὀλίγον
2367 935 2726 1011 διαλυομένων
2788 939 2885 1011 μὲν
2943 940 3086 1013 αὒτῷ
3140 944 3243 994 τῶν
3302 941 3590 1021 ἁρμονιῶν,
3646 943 3775 998 ἀπο-

2129 1024 2426 1099 σπωμένων
2506 1025 2560 1081 δὲ
2633 1028 2740 1083 τῶν
2820 1028 3039 1107 νεύρων,
3109 1027 3644 1106 διασπαρασσομένων
3718 1053 3772 1086 τε

2129 1119 2235 1168 τῶν
2293 1116 2524 1191 σαρκῶν,
2591 1118 2679 1171 καὶ
2752 1116 2935 1179 ἁπλῶς
3005 1118 3185 1183 πσίσης
3254 1117 3422 1184 ἄλλης
3499 1122 3776 1199 σιδναφεῖας

398 1201 638 1283 quidem
665 1200 822 1262 vires
852 1201 1124 1282 corporis
1162 1201 1527 1263 suﬂ‘ecerunt
1567 1202 1641 1261 ad
1673 1202 1857 1262 animi
1890 1220 2042 1264 con-

2136 1202 2382 1282 χαλεπῶς
2447 1203 2938 1284 ἀποῤῥηγννμένης,
3000 1205 3097 1271 ἕως
3156 1206 3253 1281 μέν
3304 1210 3338 1275 ἡ
3394 1216 3486 1264 τοῦ
3529 1210 3779 1285 σώματος

397 1289 697 1368 stantiam,
730 1288 988 1378 graviter
1040 1288 1283 1370 quidem
1347 1290 1702 1370 patiebatur,
1753 1290 2045 1371 psallebat

2136 1294 2278 1370 ζσχὺς
2310 1293 2514 1370 ἐξήρκει
2547 1296 2676 1371 πρὸς
2708 1294 2807 1351 τὴν
2861 1293 3107 1350 ἔνστασιν
3168 1301 3266 1362 τῆς
3298 1302 3507 1378 ψυχῆς,
3566 1297 3777 1377 ἔπασχε

394 1387 591 1444 autem
606 1379 877 1442 assidue:
918 1398 949 1437 κ
971 1377 1120 1441 Vide
1151 1378 1545 1441 humilitatem
1579 1389 1863 1460 meam,et
1886 1381 2043 1441 labo-

2136 1381 2226 1435 ιιὲν
2256 1380 2464 1456 δεινῶς,
2513 1382 2713 1457 ἔψαλλε
2743 1381 2796 1437 δὲ
2830 1390 3091 1461 συνεχῶς,
3120 1385 3181 1440 τὸ
3216 1406 3246 1441 (ι
3282 1384 3387 1443 Ἴδε
3445 1390 3546 1454 τὴν
3597 1390 3779 1443 ταπεί-

394 1488 526 1533 rem
558 1470 855 1541 meum8;
891 1489 922 1527 υ
958 1476 1020 1530 et
1049 1467 1237 1529 illud:
1300 1493 1327 1524 ar
1359 1467 1487 1531 Non
1544 1478 1679 1530 sunt
1738 1471 2046 1548 condignae

2136 1471 2286 1525 νωσίν
2345 1493 2444 1544 μου
2500 1473 2585 1527 καὶ
2646 1474 2735 1527 τὸν
2791 1471 2959 1529 κόπον
2991 1495 3116 1548 μοι),
3153 1496 3172 1529 ι
3213 1476 3298 1530 καὶ
3342 1476 3406 1531 τὸ
3457 1497 3478 1530 α
3517 1478 3624 1533 Οὔκ
3659 1475 3777 1541 ἄξια

396 1560 705 1640 passiones
733 1558 914 1637 hujus
943 1557 1236 1638 temporis
1266 1558 1338 1621 ad
1370 1559 1625 1621 futuram
1660 1560 1908 1638 gloriam
1934 1562 1984 1621 9.
2016 1584 2038 1617 ι)

2136 1560 2194 1615 τὰ
2220 1561 2513 1634 παθήματα
2572 1569 2664 1618 τοὺ
2727 1569 2812 1617 νῦν
2882 1571 3067 1637 καιροῦ
3124 1566 3254 1640 πρὸς
3310 1566 3409 1630 τὴν
3477 1564 3779 1638 μέλλουσαν

393 1646 715 1729 Postquam
775 1655 971 1710 autem
1029 1647 1204 1727 plane
1262 1649 1317 1709 ei
1373 1655 1746 1729 consumptis
1796 1650 2045 1730 viribus,

395 1755 563 1800 suam
594 1736 1080 1817 conjunctionem
1110 1737 1354 1798 omnino
1382 1738 1609 1817 negavit
1652 1747 1878 1818 natura,
1914 1757 2046 1800 cum

398 1825 684 1890 dixisset:
718 1824 947 1889 Gratias
963 1843 1073 1905 ago
1097 1826 1230 1902 tibi,
1262 1828 1539 1909 Domine,
1572 1829 1732 1904 quod
1770 1841 1868 1889 tua
1894 1827 2048 1889 bona

395 1915 808 1997 perceperim:
830 1924 1111 1996 tanquam
1135 1915 1401 1997 pondere
1418 1916 1696 1997 supplicii
1721 1928 1967 1997 repente
1992 1918 2047 1979 ei

394 2024 542 2069 voce
570 2023 869 2087 repressa,
901 2006 964 2067 in
998 2023 1275 2086 soporem
1300 2007 1621 2083 resolutus,
1660 2007 1858 2072 tacuit.

470 2182 736 2250 XXXIII.
772 2186 1085 2265 Postquam
1119 2202 1255 2247 vero
1287 2187 1525 2267 utrique
1584 2187 1822 2248 athleta:
1890 2193 2047 2247 tanta

396 2275 732 2341 constantia
755 2283 815 2337 et
840 2274 1192 2338 fortitudine
1220 2274 1395 2338 desiit
1419 2284 1724 2338 certamen
1759 2278 2045 2355 martyrii,

395 2373 648 2449 repente
680 2365 978 2427 affuerunt
1030 2375 1301 2427 amantes
1353 2373 1412 2428 et
1438 2369 1584 2428 socii
1618 2366 1811 2444 angeli
1842 2366 1913 2426 ad
1945 2384 2049 2426 eos

399 2454 847 2519 defendendos:
882 2462 940 2515 et
969 2454 1229 2535 primum
1281 2455 1521 2535 quidem
1582 2474 1715 2515 cum
1775 2454 2049 2533 martyris

396 2544 793 2621 Hermogenis
823 2561 1041 2624 corpus
1071 2561 1105 2605 e
1132 2542 1294 2604 fluvii
1317 2543 1613 2624 profundo
1645 2544 2046 2624 sustulissent,

2131 1647 2304 1713 δόξαν
2349 1671 2369 1703 ι
2436 1649 2547 1706 ἐπεὶ
2602 1649 2654 1705 δὲ
2727 1653 2802 1715 εἷς
2873 1651 3024 1716 τέλος
3095 1652 3559 1721 καταναλωθείσης
3638 1657 3779 1729 αὖτῷ

2131 1742 2228 1805 τῆς
2294 1738 2504 1817 ἰσχύος,
2580 1741 2667 1795 τὸν
2745 1738 3034 1814 σύνδεσμον
3092 1742 3282 1810 ἑαυτῆς
3341 1742 3480 1805 ὅλως
3544 1745 3572 1810 ἓ,
3632 1745 3780 1822 φύσις

2131 1828 2424 1903 ἠρνήσατο,
2465 1828 2650 1901 εὶπὼν,
2724 1834 3038 1907 Εὖχαριστῶ
3096 1853 3204 1910 σοι,
3269 1833 3445 1909 Κύριε,
3506 1832 3586 1889 ὅτι
3643 1832 3784 1889 ἀπέ-

2130 1916 2299 1973 λαυσά
2357 1928 2449 1973 σόυ
2506 1924 2611 1973 τῶν
2666 1919 2904 1995 ἀγαθῶν,
2957 1921 3045 1976 καὶ
3103 1922 3280 1997 ὥσπερ
3346 1929 3421 1995 τῷ
3479 1924 3626 1999 βάρει
3684 1929 3779 1989 τῆς

2130 2007 2386 2083 τιμωρίας
2469 2007 2770 2086 ἐπισχεθεὶς
2832 2005 2980 2087 ἄφνω
3034 2011 3129 2077 τὴν
3189 2012 3394 2090 φωνην,
3477 2014 3549 2075 εἰς
3621 2012 3786 2071 ὕπνον

2131 2098 2471 2174 κατενεχθεὶς
2504 2096 2733 2159 ἐσιώπα.
3658 2166 3663 2167 γ

2213 2184 2343 2244 AI".
2406 2184 2501 2249 Ὠς
2558 2186 2646 2242 οὖν
2703 2189 2777 2248 εἰς
2836 2197 2989 2246 τοῦτο
3044 2190 3319 2268 καρτερίας
3382 2192 3619 2265 ἐκατέρῳ
3675 2194 3782 2249 τῶν

2132 2275 2373 2341 ἀθλητῶν
2407 2278 2433 2330 ὁ
2466 2277 2782 2354 μαρτυρικὸς
2839 2277 2985 2354 ἀγὼν
3042 2277 3249 2350 ἔληξεν,
3313 2282 3458 2343 εὒθυς
3529 2288 3780 2359 παρῆσαν

2132 2366 2202 2426 εἰς
2260 2363 2543 2438 ἀντίληψιν
2602 2367 2648 2421 οἱ
2709 2366 3021 2445 προσφιλεῖς
3076 2371 3160 2424 καὶ
3214 2370 3492 2449 σύμμαχοι
3530 2370 3777 2449 ἄγγελοι,

2136 2455 2230 2510 Καὶ
2315 2455 2499 2528 πρῶτα
2573 2454 2691 2529 μὲν,
2776 2457 2837 2511 τὸ
2926 2465 3020 2512 τοῦ
3090 2457 3355 2534 μάρτυρος
3429 2460 3782 2537 Ἑρμογένους

2131 2544 2287 2616 σῶμα
2350 2550 2440 2598 τοῦ
2492 2544 2677 2618 βάθους
2735 2552 2825 2600 τοῦ
2881 2554 3125 2619 ποταμοῦ
3183 2546 3514 2626 ἀνελόμενοι,
3592 2550 3780 2628 ἀθρόον

399 2642 460 2697 et
489 2639 737 2713 repente
777 2650 913 2695 eum
948 2639 1132 2694 totum
1182 2632 1476 2711 integrum
1536 2632 1954 2710 restituisseut,
1994 2643 2046 2693 et

2136 2653 2187 2685 τε
2221 2631 2395 2709 ἄρτιον
2426 2631 2550 2687 ὅλον
2582 2633 2733 2688 αὒτὸν
2781 2634 3342 2708 ἀποκαταστήσαντες,
3402 2638 3524 2694 εἶτα
3578 2637 3629 2693 δὲ
3690 2640 3776 2696 καὶ

398 2721 620 2785 deinde
646 2721 823 2783 etiam
854 2720 1310 2795 animassent,et
1340 2721 1625 2783 dixissent
1657 2740 1721 2783 se
1752 2722 2046 2802 proﬁcisci

2136 2721 2502 2797 ψυχώσαντες,
2565 2724 2651 2777 καὶ
2709 2723 2807 2789 τὴν
2865 2724 2948 2780 ἐπὶ
3004 2727 3091 2780 τὸν
3125 2725 3360 2793 ἀθλητὴν
3424 2734 3600 2793 Μηνᾶν
3626 2730 3772 2786 αὖ·ιοῖ

395 2813 469 2877 ad
500 2812 730 2875 Menam
761 2810 1069 2892 athletam,
1103 2816 1162 2873 et
1212 2811 1407 2891 ipsum
1441 2810 1659 2873 hortati
1724 2818 1941 2884 essent,
1982 2819 2043 2874 ut

2136 2810 2351 2885 μέλλειν
2405 2810 2612 2866 ἀπιέναι
2666 2812 3036 2891 φθεγξάμενοι,
3095 2817 3513 2893 προτρεψὶμενοῖ
3540 2838 3593 2871 τε
3628 2817 3775 2873 συνέ-

396 2907 885 2982 consequeretur,
918 2898 1020 2960 ubi
1052 2917 1261 2980 parum
1293 2901 1590 2985 progressi
1645 2909 1937 2963 venerunt
1968 2901 2038 2961 ad

2136 2903 2316 2955 πεσθαι
2378 2902 2463 2955 καὶ
2522 2901 2700 2969 αὗτὸν,
2763 2902 2940 2980 ὀλίγον
2998 2903 3326 2979 ὁδεύσαντες,
3387 2906 3501 2962 ἐπεὶ
3548 2909 3679 2985 πρὸς
3711 2914 3782 2984 τῇ

395 2991 751 3072 custodiam,
777 2991 937 3053 intro
966 2991 1162 3052 statim
1184 2982 1600 3070 perrexeru‘ﬂt,
1633 2990 1877 3066 viribus,
1907 3011 2041 3071 quae

2136 2988 2340 3069 φυλακῇ
2400 2989 2556 3060 ἦσαν,
2618 2988 2759 3047 ἔνδον
2820 2991 3058 3071 ἐχώρουν
3113 2994 3283 3066 εὒθὺς,
3342 2995 3552 3073 ἀοράτῳ
3594 2982 3779 3053 ’σθένει

393 3081 504 3145 sub
532 3089 844 3162 aspectum
875 3098 997 3142 non
1023 3078 1261 3170 cadunt,
1296 3078 1601 3170 dissolutis
1634 3081 1719 3140 eis
1749 3079 2037 3170 claustris.

2136 3085 2235 3135 τῶν
2296 3077 2542 3155 κλείθρων
2600 3078 2939 3137 διαλυθέντων
2997 3084 3200 3145 αὖτοτς.
3267 3076 3323 3142 Ὀ
3382 3088 3506 3162 γοῦν
3579 3078 3779 3164 Ἑρμο-

392 3170 802 3250 Hermogenes
830 3186 970 3231 vero
998 3169 1259 3250 seipsum
1293 3168 1535 3251 quidem
1562 3176 1761 3230 mente
1790 3169 2043 3250 agitans,

2136 3167 2312 3244 γένης,
2377 3169 2560 3224 ἑαυτὸν
2620 3169 2716 3243 μὲν
2774 3177 3071 3247 κατανοῶν,
3133 3175 3220 3230 καὶ
3284 3176 3344 3229 τὸ
3415 3173 3539 3231 ὅλον
3609 3177 3782 3256 ἠρέμα

395 3268 457 3324 et
489 3267 674 3323 totum
700 3265 894 3321 actum
914 3259 1088 3320 tacite
1113 3257 1523 3337 considerans,
1544 3258 2042 3338 obstupescebat;

394 3351 636 3414 beatum
662 3356 858 3410 autem
881 3345 1112 3409 Menam
1143 3346 1319 3408 etiam
1346 3364 1704 3427 suspensum
1722 3347 2041 3427 aspiciens,

396 3448 456 3505 et
479 3441 603 3521 jam
635 3457 755 3500 non
787 3442 1110 3517 spirantem
1142 3436 1419 3516 amplius,
1453 3444 1508 3496 et
1534 3445 1891 3496 tormentum
1920 3456 2045 3497 cer-

395 3546 548 3591 nens
576 3523 979 3600 intolerabile,
1033 3523 1272 3585 tristitia
1320 3524 1711 3587 afﬁciebatur.
1772 3524 1847 3586 Ut
1905 3544 2045 3588 vero

396 3629 558 3681 esset
586 3624 848 3680 attentus
904 3620 963 3675 et
1022 3612 1273 3690 videret,
1328 3613 1544 3675 hortati
1593 3615 1814 3695 angeli,
1850 3623 2044 3677 statim

395 3726 531 3771 cum
563 3706 821 3788 quodam
846 3704 1074 3767 honore
1103 3712 1164 3766 et
1192 3704 1527 3766 reverentia
1549 3704 1621 3764 ad
1644 3713 1915 3766 sanctum
1942 3725 2043 3766 ac-

394 3799 637 3864 cedunt.
670 3797 966 3860 Relaxatis
989 3802 1187 3858 autem
1235 3796 1545 3875 utriusque
1570 3796 1846 3869 vinculis,
1885 3817 2041 3871 cum,

394 3908 572 3974 quam
610 3887 955 3961 sustineret,
991 3884 1399 3947 membrorum
1426 3886 1770 3965 juncturam
1809 3906 2047 3967 compe-

2129 3262 2466 3334 περισκοπῶν
2552 3268 2644 3317 τοῦ
2729 3258 3016 3336 δράματος,
3122 3260 3465 3333 ὲξεπλήσετο⁶
3563 3268 3651 3323 τὸν
3726 3264 3781 3324 δὲ

2130 3347 2389 3424 μακάριον
2482 3354 2689 3421 Μηνᾶν,
2784 3352 2870 3406 καὶ
2958 3353 3290 3428 κρεμάμενον
3382 3353 3617 3429 βλέπων,
3693 3360 3781 3414 καὶ

2128 3432 2326 3491 ἅτινοον
2360 3436 2459 3503 ἤδη
2492 3439 2798 3513 γενκίμενον,
2855 3440 2952 3506 τὴν
3011 3440 3238 3515 βάσανον
3294 3465 3351 3498 τε
3415 3447 3648 3522 καθορῶν
3705 3448 3782 3509 ὡς

2131 3524 2466 3599 ἀνύποιστον,
2501 3526 2886 3605 ἒσκ›θρώπαζε,
2955 3532 3154 3609 Νήφειν
3210 3530 3264 3587 δὲ
3322 3535 3479 3589 αυτὸν
3536 3536 3620 3590 καὶ
3652 3537 3781 3612 ἕιρᾷν

2131 3616 2177 3670 οἱ
2237 3613 2450 3692 ἄγγελοι
2508 3618 2956 3694 προτρεψάμενοι,
3017 3618 3152 3694 μετέ
3211 3642 3352 3686 τινος
3412 3624 3557 3686 εὐθὺς
3610 3623 3783 3689 αἰδοῦς

2130 3705 2215 3759 καὶ
2247 3709 2405 3779 τιμῆς
2437 3707 2680 3781 προσίασι
2716 3713 2790 3779 τῷ
2843 3709 2997 3785 ἁγίῳ.
3051 3710 3352 3788 Ἑκατέρων
3412 3733 3468 3767 τε
3528 3718 3633 3769 τῶν
3693 3712 3787 3769 δε·-

2130 3798 2280 3868 σμῶν
2310 3795 2542 3869 ἀνέντες,
2598 3798 2686 3852 καὶ
2736 3797 2801 3865 ἢν
2854 3799 3056 3865 ὁπὲστη
3119 3798 3385 3878 δια’ῤῥηξιν
3442 3809 3545 3858 τῶν
3607 3802 3788 3873 μελῶν

2130 3884 2495 3957 συμπήξαντές
2525 3907 2580 3941 τε
2611 3887 2699 3941 καὶ
2726 3887 3057 3966 ὑγιάναντες,
3118 3889 3211 3945 καὶ
3247 3898 3421 3969 χαρᾶς
3474 3893 3651 3960 πάσης
3699 3895 3788 3950 καὶ

392 3980 621 4061 gissent
650 3985 709 4038 et
738 3983 1294 4050 sanassent,eteum
1319 3993 1530 4054 magno
1562 3976 1776 4054 gaudio
1802 3975 2046 4039 etalacri

2136 3975 2446 4051 προθυμίας,
2508 3974 2913 4051 πληρώσαντες,
2977 3976 3153 4033 λύουσι
3240 3980 3337 4055 μὲν
3423 3983 3605 4039 αὒτὶκα
3686 3984 3789 4049 τὴν

389 4068 578 4132 animi
608 4065 802 4129 studio
831 4064 1247 4146 replevissent,
1282 4064 1481 4127 statim
1517 4064 1757 4145 quidem
1819 4065 2046 4131 solvunt

2138 4061 2490 4151 Ἑρμογένους
2520 4062 2604 4119 ἐπὶ
2636 4067 2712 4136 τῷ
2765 4063 2985 4142 μεγάλῳ
3047 4073 3201 4139 Μηνᾷ
3259 4068 3453 4137 λύπην⁶
3512 4071 3675 4151 μέχρι
3731 4071 3788 4127 δὲ

388 4156 789 4235 Hermogenis
820 4173 1141 4219 mcerorem
1173 4164 1421 4237 propter
1477 4173 1759 4233 magnum
1795 4155 2046 4217 Menam.

2136 4150 2316 4229 ὄρθρου
2376 4153 2560 4215 αὒτοϊς
2613 4152 2991 4229 ὁμιλήσαντες,
3048 4157 3135 4212 καὶ
3213 4159 3343 4237 πρὸς
3428 4161 3546 4224 τοὺς
3586 4150 3785 4217 ἀκινδύ-

390 4247 539 4312 Cum
569 4253 766 4309 autem
799 4263 994 4327 usque
1024 4245 1099 4306 ad
1152 4244 1509 4307 matutinum
1555 4264 1689 4328 cum
1725 4246 1815 4305 eis
1848 4253 2053 4305 essent

387 4336 631 4413 versati,
668 4342 727 4398 et
758 4335 834 4399 ad
864 4334 1128 4416 pericula
1152 4333 1468 4395 subeunda
1502 4351 1606 4395 eos
1635 4334 1821 4412 magis
1852 4334 2050 4395 acuis-

392 4443 544 4502 sent,
569 4434 954 4507 etjussissent
975 4445 1071 4490 eos
1090 4432 1358 4490 festinare
1381 4432 1450 4489 ad
1474 4447 1606 4489 mox
1637 4434 1723 4488 eis
1747 4433 2050 4488 mittendas

391 4506 735 4591 coronas,et
758 4513 1005 4595 polliciti
1021 4521 1219 4575 essent
1235 4530 1301 4574 se
1320 4512 1494 4574 simul
1521 4512 1847 4587 adfuturos,
1861 4522 1917 4574 et
1931 4531 2052 4573 cer-

390 4605 615 4669 tamina
631 4622 749 4667 una
762 4622 895 4667 esse
908 4602 1224 4666 audituros
1245 4601 1518 4683 usquead
1542 4610 1777 4682 tempus
1796 4621 2050 4663 corona-

392 4712 526 4758 rum
560 4701 617 4756 et
649 4692 913 4756 victoriae
969 4692 1506 4766 renuntiationem,
1541 4700 1601 4754 et
1633 4692 1848 4753 deinde
1874 4693 2050 4753 etiam

394 4783 483 4848 eis
509 4801 719 4868 pacem
752 4782 1083 4861 dedissent,
1111 4790 1169 4844 et
1197 4781 1459 4843 faustum
1483 4781 1745 4843 victoria:
1775 4782 2050 4844 nuntium

393 4874 482 4939 eis
511 4873 970 4955 signiﬁcassent,
1001 4871 1204 4933 statim
1236 4870 1310 4933 ab
1346 4872 1434 4932 eis
1464 4882 1869 4933 recesserunt.

473 4961 728 5028 XXXIV.
761 4963 1094 5046 Imperator
1147 4968 1343 5024 autem
1399 4979 1533 5023 cum
1583 4980 1816 5023 summo
1879 4979 2052 5024 mane

388 5053 669 5137 iussisset
694 5052 915 5134 aperiri
933 5054 1335 5127 -theatrum,et
1364 5049 1438 5112 ad
1468 5068 1603 5112 eum
1635 5070 1873 5113 omnem
1905 5069 2048 5113 con-

394 5143 599 5208 venire
628 5142 939 5224 populum,
975 5142 1130 5205 sedit
1159 5159 1264 5223 pro
1291 5137 1597 5201 tribunali.
1636 5140 1924 5213 Quoniam
1953 5159 2049 5201 au-

396 5242 516 5297 tem
547 5239 866 5313 acceperat
899 5240 1078 5293 totam
1109 5231 1405 5293 civitatem
1432 5230 1764 5292 credidisse
1787 5230 2042 5305 Christo,

394 5321 783 5385 deliberando
846 5339 981 5383 vero
1045 5329 1101 5383 et
1158 5320 1548 5383 consultando
1604 5330 2047 5383 statueratesse

394 5410 639 5493 quidem
672 5411 881 5474 inutile
912 5430 1039 5473 eam
1064 5411 1407 5492 relinquere
1435 5410 1809 5490 impunitam,
1840 5428 2046 5471 rursus

396 5506 595 5563 autem
625 5500 1131 5565 inconsideratum
1166 5509 1224 5564 et
1252 5517 1288 5561 a
1318 5498 1550 5561 ratione
1599 5500 1860 5563 alienum
1897 5518 2035 5561 con-

473 5678 684 5744 8Psal.
716 5697 879 5763 xxxv,
914 5682 1012 5745 18.
1098 5679 1132 5731 9
1158 5680 1336 5743 Rom.
1371 5693 1538 5755 xvm,
1576 5646 1716 5742 18.κ

2135 4262 2254 4303 νοος
2313 4239 2474 4296 πλέον
2533 4241 2928 4319 στομώσαντες,
2991 4244 3231 4301 σπεύδειν
3297 4269 3353 4302 τε
3412 4251 3594 4310 αὐτοὺς
3658 4250 3784 4305 ἐπι-

2134 4328 2422 4405 τρέψαντες
2508 4332 2592 4385 ἑπὶ
2675 4332 2797 4395 τοὺς
2883 4332 3008 4390 ὅσον
3083 4334 3229 4391 οὔπω
3308 4338 3785 4417 πεμφθησομένους

2137 4419 2443 4496 στεφάνους,
2505 4420 2868 4499 ὑποσχόμενοί
2916 4443 2973 4477 τε
3035 4438 3268 4481 συνεῖναι
3326 4429 3413 4482 καὶ
3469 4433 3575 4482 τῶν
3632 4427 3787 4505 ἀγώ-

2136 4525 2238 4563 νων
2290 4511 2473 4573 αὺτοῖς
2529 4510 2945 4587 συνεφάπτεσθαι
3004 4513 3167 4593 μέχρι
3199 4515 3286 4570 καὶ
3344 4523 3435 4571 τοῦ
3493 4523 3596 4573 τῶν
3655 4538 3780 4573 στε-

2136 4596 2313 4675 φάνων
2373 4606 2551 4676 καιροῦ
2607 4601 2693 4655 καὶ
2750 4605 2849 4667 τῆς
2907 4600 3267 4679 ἀναρρήσεως,
3333 4605 3469 4661 Εἶτα
3502 4606 3595 4662 καῖ
3632 4608 3784 4683 εἶργε..

2136 4709 2232 4753 νην
2266 4685 2466 4767 δόντες,
2498 4690 2584 4744 καὶ
2633 4688 2783 4757 νίκην
2834 4694 3015 4753 αὒτοτς
3075 4692 3572 4774 εὗαγγελισᾶμενοι,
3636 4695 3781 4759 εὖθὺς

2137 4776 2305 4833 αὐτῶν
2336 4777 2750 4857 ἀπηλλάγησαν.

2218 4959 2356 5021 ΛΔ¹,
2416 4958 2477 5015 ’0
2537 4957 2589 5014 δὲ
2647 4957 2918 5038 βασιλεὺς,
2969 4957 3221 5025 κελεύσας
3276 4958 3385 5037 ἅμα
3428 4965 3571 5039 πρωί
3629 4963 3688 5018 τό
3721 4982 3779 5018 τε

2134 5049 2350 5129 θέατρον
2382 5049 2738 5128 παραστῆναι,
2774 5048 2859 5103 καὶ
2892 5048 3061 5105 πάντα
3118 5050 3208 5105 τὸν
3268 5049 3438 5124 δῆμον
3494 5055 3565 5115 εἷς
3622 5059 3779 5109 τοῦτο

2133 5154 2406 5219 παρεῖναι,
2468 5139 2705 5195 ἐκάθισεν
2765 5136 2848 5193 ἐπὶ
2897 5146 2988 5193 τοὺ
3018 5138 3281 5214 βήματος.
3344 5140 3500 5197 Ἐπεὶ
3558 5139 3611 5197 δὲ
3667 5163 3783 5216 μα-

2131 5232 2234 5285 θὼν
2292 5230 2359 5297 ἦν
2418 5231 2491 5290 ὡς
2552 5233 2697 5283 πᾶσα
2747 5228 2782 5293 ἡ
2841 5224 2996 5292 πόλις
3055 5230 3369 5286 πεπὲστευκε
3416 5238 3492 5305 τῷ
3543 5238 3776 5310 Χριστῷ,

2132 5319 2267 5398 ἔγνω
2300 5319 2349 5374 δὲ
2385 5322 2725 5393 σκηψκμενος
2782 5314 3083 5395 ἀσύμφορον
3140 5318 3237 5391 μὲν
3295 5319 3436 5376 εἶναι
3493 5319 3777 5399 ἀτιμώρη-

2130 5432 2219 5466 τον
2250 5408 2445 5474 ταύτην
2504 5403 2845 5478 καταλιπεῖν,
2911 5405 3195 5484 ἀλόγιστον
3258 5406 3311 5462 δὲ
3377 5407 3531 5465 πάλιν
3604 5432 3779 5485 τιμω-

2128 5502 2239 5578 ρίαν
2297 5498 2510 5555 πάντων
2568 5494 3068 5571 καταψηφίσασθαι,
3129 5498 3636 5575 προσποιησάμενος
3687 5508 3781 5558 τοῦ
