4132 6406
302 342 418 413 409

1282 342 1760 407 MARTYRIUM
1809 339 1875 405 S.
1922 334 2161 403 MENIE
2203 336 2305 402 ET
2347 338 2753 406 SOCIORUM.

3606 340 3729 410 410

312 480 441 541 ὅλου
493 478 740 558 ἄγνοιαν,
802 475 934 557 ἔφη·
1010 474 1133 533 υΟτι
1208 472 1333 552 μὲν,
1398 478 1443 532 ὦ
1498 475 1758 555 παρόντες
1816 476 1991 549 ὑμεῖς,

2083 462 2371 538 demnare
2400 496 2632 553 omnes,
2664 483 2729 540 ut
2758 477 3102 560 puniantur,
3123 474 3412 540 simulans
3441 494 3506 539 se
3535 484 3723 541 totum

316 574 438 637 τοὺς
497 570 594 646 μὲν
651 569 807 629 θεοὺς
864 567 1069 628 θυσίαις
1126 565 1215 622 καὶ
1271 567 1399 632 ταῖς
1442 566 1629 631 ἄλλαις
1703 563 1982 635 σπονδαῖς,

317 665 462 738 ἡμᾶς
515 658 567 716 δέ
599 658 724 722 τοὺς
786 656 1033 734 βασιλεῖς
1082 654 1223 712 αἰδοῖ
1278 659 1366 713 καὶ
1422 654 1567 736 φόϐῳ
1623 657 1709 713 καὶ
1740 663 1807 732 τῇ
1870 657 1987 732 περὶ

322 752 489 811 τᾶλλα
571 752 788 824 ὑπακοῇ
856 746 1161 823 θεραπεύειν
1245 744 1554 824 ἐγνώκατε,
1642 746 1702 804 ἐκ
1771 744 1986 802 πολλῶν

323 842 443 902 οῖδα
500 840 704 917 μαθών·
783 835 864 894 ἔτι
910 836 967 893 δὲ
1020 836 1100 911 μὴ
1146 836 1293 900 εὖθὺς
1351 837 1622 893 ἆντείπετε
1679 838 1807 914 πρὸς
1866 836 1986 899 τοὺς

319 932 627 1007 ἀλιτηρίους
697 929 900 987 ἐκείνου
970 928 1036 985 τὰ
1106 933 1198 982 τοῦ
1270 926 1669 1007 ἐσταυρωμένου
1720 924 1988 983 διδάσκειν

312 1023 721 1096 τολμήσαντας,
782 1020 874 1074 καὶ
933 1016 1009 1073 ἵν’
1080 1016 1220 1073 εἴπω
1288 1039 1364 1097 τι,
1432 1017 1529 1073 καὶ
1581 1015 1743 1081 λίθοις
1801 1016 1987 1077 αὐτοὺς

322 1115 426 1191 πρὸ
479 1114 634 1184 ἡμῶν
682 1106 1066 1185 κατελεύσατε,
1100 1106 1194 1161 οὐκ
1250 1105 1401 1168 ἐκτὸς
1461 1106 1623 1185 ὁργῆς
1670 1106 1814 1185 παρὰ
1870 1119 1987 1167 τοῖς

322 1206 470 1266 θεοῖς
535 1203 743 1257 κεῖσθαι
815 1204 971 1254 τοῦτο
1016 1196 1323 1274 λογίζομαι,
1375 1197 1520 1273 Ἐγὼ
1576 1195 1747 1253 τοίνυν
1805 1195 1993 1259 αύτούς

324 1314 389 1348 τε
460 1291 575 1352 τοὺς
644 1290 800 1350 θεοὺς
864 1284 1149 1342 διεκδικεῖν
1221 1289 1667 1364 προθυμούμενος,
1728 1285 1822 1342 καί
1882 1308 1996 1359 μη-

312 1380 442 1440 δένα
518 1381 664 1453 ὑμῶν
733 1375 1058 1452 θεοπέμπτῳ
1128 1388 1442 1453 περιπεσεῖν
1505 1382 1749 1455 συμφορᾷ
1823 1395 1992 1453 προσ-

311 1471 503 1533 τάσσω
553 1470 651 1538 τήν
710 1489 768 1523 τε
828 1466 987 1523 πόλιν
1030 1466 1117 1521 καὶ
1168 1466 1372 1528 πάντας
1437 1467 1567 1539 ὅμᾶς
1627 1470 1732 1523 τῶν
1793 1465 1852 1520 ἐκ
1890 1486 1995 1520 πα-

312 1558 473 1616 λαιοῦ
536 1558 804 1637 ἑκατέροις
864 1555 1348 1630 ἄπονενεμημένων
1425 1556 1742 1624 στερηθῆναι
1796 1553 1989 1642 τιμῶν³

313 1653 393 1713 ὡς
453 1652 516 1706 ἂν
569 1650 739 1727 γνῶτε
798 1647 859 1704 ἐκ
914 1668 973 1705 τε
1030 1650 1127 1714 τῆς
1176 1648 1248 1709 εἷς
1307 1648 1443 1720 ὑμᾶς
1492 1646 1688 1712 ταύτης
1730 1646 1991 1716 ἓπιτιμήι

316 1761 484 1809 σεως,
549 1737 643 1794 καί
675 1738 736 1794 ἐκ
789 1742 895 1793 τῶν
954 1737 1026 1798 εἷς
1077 1737 1198 1800 τοὺς
1255 1736 1511 1805 ἀνοήτους
1545 1735 1770 1797 ἐκείνους
1820 1732 1989 1788 κολά-

2071 564 2371 644 ignorare,
2407 568 2605 631 dixit:
2665 569 2837 642 Quod
2886 587 2989 630 vos
3036 570 3276 648 quidem
3330 568 3429 650 qui
3479 568 3721 651 adestis,

2069 656 2214 719 deos
2271 659 2514 739 quidem
2564 659 2873 721 sacriﬁciis
2904 669 2963 721 et
3012 658 3144 720 aliis
3173 657 3581 733 libaminibus,
3617 678 3724 722 nos

2069 754 2264 809 autem
2299 748 2694 829 imperatores
2721 749 3053 811 reverentia
3083 756 3139 810 et
3166 751 3383 811 timore
3408 756 3467 810 et
3501 749 3560 810 in
3592 749 3723 811 aliis

2070 837 2253 898 rebus
2285 839 2624 900 obedientia
2654 841 2854 901 colere
2884 840 3230 919 statueritis,
3264 857 3332 900 ex
3368 839 3567 900 multis
3592 839 3724 900 aliis

2073 925 2368 992 intellexi.
2403 929 2569 1000 Quod
2624 936 2821 991 autem
2853 948 2972 990 non
3015 930 3212 991 statim
3265 930 3638 1007 repugnastis
3668 936 3728 990 et

2069 1018 2377 1081 restitistis
2415 1018 2539 1079 illis
2566 1019 2970 1093 exsecrandis,
3016 1020 3116 1100 qui
3165 1018 3442 1081 Crucitixi
3474 1037 3572 1079 res
3603 1018 3731 1080 ausi

2072 1117 2209 1167 sunt
2234 1111 2547 1182 docere,et
2568 1129 2684 1170 non
2712 1111 2871 1189 ipsos
2894 1118 3029 1172 ante
3053 1128 3163 1170 nos
3188 1108 3485 1190 lapidibus
3509 1108 3728 1169 obrue-

2077 1196 2233 1270 ritis,
2265 1198 2547 1259 existimo
2604 1200 2751 1260 deos
2783 1216 2852 1260 ex
2886 1200 2999 1261 hoc
3027 1199 3175 1260 iram
3210 1216 3329 1259 non
3358 1198 3547 1260 levem
3580 1217 3730 1260 con-

2078 1287 2332 1366 cepisse.
2368 1287 2492 1366 Εςο
2518 1289 2722 1367 igitur,
2747 1289 2846 1367 qui
2872 1298 2929 1348 et
2948 1290 3107 1369 ipsos
3129 1289 3273 1350 deos
3295 1287 3470 1368 cupio
3493 1287 3723 1363 ulcisci,

2079 1384 2138 1438 et
2161 1378 2387 1438 nullum
2412 1386 2676 1439 vestrum
2704 1379 2764 1439 in
2789 1378 3070 1439 divinitus
3103 1378 3426 1439 immissam
3459 1377 3728 1439 incidere

2078 1467 2494 1540 calamitatem,
2519 1468 2703 1546 jubeo
2737 1468 3034 1530 civitatem
3060 1475 3118 1529 et
3145 1486 3247 1528 vos
3279 1485 3489 1528 omnes
3514 1467 3731 1547 privari

2075 1554 2171 1629 iis,
2204 1557 2304 1636 qui
2330 1557 2599 1636 utrisque
2626 1556 2766 1617 olim
2792 1557 3033 1618 fuerunt
3066 1556 3352 1636 attributi,
3375 1554 3726 1629 honoribus,

2076 1647 2346 1702 utsciatis
2375 1653 2429 1701 et
2457 1647 2631 1703 exhis
2653 1647 3007 1716 prenisvobis
3030 1646 3727 1718 lmpositis,etstultorum
3802 1708 3809 1713 ,

2078 1735 2308 1793 illorum
2332 1736 2805 1807 suppliciis,quod
2829 1737 3057 1807 quando
3074 1736 3274 1808 judex,
3291 1737 3387 1807 qui
3417 1749 3532 1793 non
3556 1734 3727 1792 fuerit

311 1850 488 1907 σεων,
557 1826 638 1882 ὅτι
714 1826 845 1883 ἐπὰν
918 1827 945 1880 6
1009 1823 1233 1895 δικάζων
1308 1825 1385 1899 μὴ
1458 1822 1991 1903 προκατειλημμένος

2078 1827 2203 1901 ipse
2220 1832 2817 1907 praeoccupatus,non
2837 1826 2967 1887 vult
2997 1846 3163 1887 suam
3200 1826 3453 1899 prodere
3477 1833 3724 1888 senten—

307 1919 405 1974 καὶ
463 1918 625 1979 αὐτὸς
672 1915 767 1989 ὢν,
830 1913 1137 1994 προδιδόναι
1182 1915 1277 1977 τὰς
1333 1915 1539 1991 ψηγους
1589 1915 1677 1970 καὶ
1736 1935 1991 1991 συντερα-

306 2008 564 2063 τεύεσθαι
622 2019 738 2068 τοῖς
796 2006 1111 2081 ὑποκριταῖς
1172 2005 1377 2067 τούτοις
1435 2004 1719 2080 βούληται,
1783 2003 1840 2059 οὒ
1899 2001 1991 2059 δύ-

310 2096 468 2153 ναταί
529 2116 663 2152 ποτε
719 2097 938 2171 βοηθεῖν
996 2096 1023 2149 6
1085 2093 1484 2171 ἐσταυρωμένος
1544 2093 1577 2161 ἢ
1645 2100 1823 2150 κακῶν
1870 2094 1991 2170 ῥύε-

311 2191 455 2260 σθαι,
521 2186 687 2260 μόνον
743 2184 798 2240 δὲ
859 2190 1016 2240 τοῦτο
1073 2180 1308 2261 δύναται,
1368 2182 1606 2238 θανάτων
1666 2183 1850 2257 βιαίων
1907 2183 1994 2238 καὶ

311 2278 605 2355 δυστυχίας
658 2275 904 2355 ἐσχάτης
936 2286 1054 2337 τοῖς
1085 2272 1419 2346 πειθομένοις
1454 2274 1685 2349 γίνεσθαι
1718 2270 1989 2350 πρόξενος.

315 2370 493 2427 Ilium;
545 2367 680 2439 ὑμῖν
741 2370 848 2420 τῶν
904 2367 1050 2437 ἐμῶν
1104 2360 1280 2440 λόγων
1328 2365 1373 2418 οἱ
1432 2363 1735 2423 ἀπατεῶνες
1797 2362 1994 2419 ἐκεῖνοι

326 2457 417 2510 καὶ
467 2457 678 2531 γόητες,
715 2453 1048 2531 Ἑρμογένης
1107 2474 1163 2509 τε
1193 2454 1281 2509 καὶ
1345 2458 1554 2523 Μηνᾶς,
1589 2452 1835 2530 ἑκάτερος
1894 2455 1991 2508 αὐ-

327 2551 437 2600 τῶν
494 2552 587 2620 πρὸ
617 2551 727 2600 τῶν
773 2545 1020 2617 βασάνων
1072 2541 1264 2605 ἄλλους
1294 2542 1509 2614 ἆνιστᾷν
1553 2543 1992 2621 ὑπισχνούμενοι,

321 2633 409 2689 ὑπ’
454 2634 580 2707 ἐμοῦ
610 2632 689 2706 δὲ,
726 2636 800 2695 ὡς
854 2633 1047 2711 ὲρχῇν,
1078 2631 1133 2687 ἐν
1164 2633 1350 2709 ὀλίγῳ,
1385 2630 1615 2709 γαλεπῷ
1668 2635 1875 2703 θανστῳ
1905 2628 1998 2688 τοῦ

317 2730 420 2800 ζῇν
483 2724 837 2795 ἐκπεσόντες,
891 2727 978 2777 καὶ
1009 2720 1144 2796 μηδὲ
1188 2723 1401 2782 ἑαυτοῖς
1434 2722 1653 2797 βοηθεῖν
1697 2719 1992 2794 δυνάμενοι,

311 2819 419 2869 Ποῦ
439 2812 495 2868 δὲ
528 2816 619 2869 καὶ
649 2814 793 2870 ἐστιν
817 2815 851 2877 ἡ
885 2812 975 2868 τοῦ
1002 2810 1205 2870 πλάνου
1231 2811 1434 2867 ἐκείνου
1468 2819 1695 2889 Χριστοῦ
1723 2810 1940 2884 δύναμις
1971 2830 1995 2888 ;

400 2901 532 2964 ΔΕ¹,
606 2894 702 2966 Ὠς
752 2904 840 2959 οὖν
884 2903 951 2961 εἰς
988 2907 1143 2957 τοῦτο
1189 2899 1532 2979 βλασφημίας
1592 2904 1719 2968 ἧκεν
1750 2902 1777 2955 6
1832 2901 1992 2977 βασι-

324 2990 469 3066 λεὺς,
522 2990 744 3069 θορύϐου
802 2990 1005 3048 πολλοῦ
1063 2990 1260 3063 μεστὸν
1306 2991 1372 3057 ἦν
1430 2992 1491 3045 τὸ
1550 2989 1792 3067 θέατρον,
1852 2990 1992 3045 πάν-

319 3103 430 3137 των
482 3084 611 3161 πρὸς
670 3082 766 3146 τὰς
822 3079 1125 3159 δυσφημίας
1183 3079 1649 3159 δυσχερανάντων,
1708 3081 1795 3135 καὶ
1853 3100 1991 3134 νεω-

310 3174 533 3249 τερτζζειν
598 3169 707 3237 ἤδη
768 3169 1186 3249 προῃρημένων.
1257 3168 1429 3246 Πλὴν,
1490 3170 1590 3225 ὑπὸ
1649 3174 1754 3225 τῶν
1827 3169 2053 3264 κηρύ-Ο

307 3283 419 3318 κων
498 3265 661 3337 σιγῆς
742 3258 1040 3337 γενομένης
1076 3307 1090 3331 ,
1165 3260 1258 3315 καί
1335 3256 1624 3332 μέλλοντος
1695 3258 1838 3321 αὖθις
1902 3266 1995 3314 τοῦ

307 3349 577 3427 βασιλέως
642 3350 708 3406 τὰ
758 3350 895 3405 κατὰ
966 3349 1188 3425 γνώμην
1239 3350 1432 3417 εἰπεῖν,
1494 3348 1747 3427 αἰφνίδιον
1792 3349 1993 3404 ἀνακύ-

313 3445 419 3513 ψειν
478 3440 627 3496 ἅπαν
684 3440 747 3495 τὸ
802 3438 1044 3518 θέατρον,
1108 3438 1194 3494 καὶ
1248 3438 1571 3512 θεασάμενον
1624 3438 1745 3500 τοὺς
1817 3439 1993 3515 ἁγίους

321 3531 394 3591 εἷς
450 3528 614 3603 μέσον
666 3531 728 3584 τὸ
785 3530 938 3605 βῆμα
1009 3526 1488 3597 καταπηδήσαντας
1538 3527 1665 3596 (καῖ
1708 3528 1808 3605 γὰρ
1855 3529 1991 3593 ἦσαν

327 3617 527 3689 ἀθρόως
591 3618 981 3700 ἐπιφανέντες),
1054 3617 1273 3693 γλῶσσά
1356 3639 1414 3674 τε
1493 3618 1673 3695 ὥσπερ
1750 3616 1993 3695 ἐγένοντο

327 3706 453 3781 μία,
481 3708 567 3763 καὶ
614 3710 804 3770 πάντες
861 3706 1170 3784 ἀνέκραξαν·
1239 3710 1333 3769 Εἷς
1368 3708 1498 3771 Θεὸς
1554 3706 1766 3774 ἀληθῶς
1800 3709 1827 3761 ὃ
1884 3714 1989 3763 τῶν

325 3799 649 3873 Χριστιανῶν
719 3797 875 3862 Θεός.
934 3797 1131 3853 Τούτου
1193 3798 1500 3875 γενομένου,
1571 3796 1842 3875 Eii-{9196c
1913 3819 1991 3859 τις

325 3887 385 3950 ὃς
443 3886 527 3941 καί
580 3885 729 3949 αύτος
790 3885 1000 3953 ἤσκητο
1060 3886 1155 3961 μὲν
1214 3887 1311 3952 τὴν
1369 3886 1476 3942 τῶν
1539 3886 1814 3955 Ἐλλήνων
1858 3908 1991 3941 παι-

318 3973 480 4050 δείαν,
543 3974 945 4049 πολιτευομένῳ
1001 3974 1056 4031 δὲ
1125 3975 1200 4032 ἔτι
1258 3983 1335 4049 τῷ
1395 3976 1639 4053 μακαρίῳ
1705 3981 1859 4046 Μηνᾷ
1905 3973 1991 4038 ἐξ-

307 4071 596 4143 υπηρετῶν
626 4067 716 4130 ἦν·
752 4068 902 4127 οὗτος
962 4072 1074 4139 οὖν,
1136 4066 1221 4127 εἷς
1279 4068 1366 4122 καὶ
1417 4067 1573 4126 αὐτὸς
1629 4064 1750 4120 τότε
1780 4064 1853 4120 ὢν
1903 4072 1996 4121 τοῦ

301 4156 553 4232 θεάτρου,
588 4156 681 4209 καί
743 4157 808 4210 τὰ
869 4156 1168 4230 τελούμενα
1227 4154 1465 4235 βλέπων,
1499 4156 1558 4210 τὸ
1613 4158 1785 4229 θαῦμα
1845 4152 1990 4218 ὶδὼν,

302 4248 391 4302 καὶ
466 4244 654 4321 ὥσπερ
725 4244 978 4323 ἀναφθεές
1060 4247 1152 4302 τὸν
1211 4244 1397 4317 ζῆλον,
1463 4245 1717 4324 σφραγῖσί
1778 4264 1833 4299 τε
1903 4242 1995 4299 τοῦ

300 4338 451 4408 θείου
512 4343 741 4411 σταυροῦ
808 4336 997 4391 ἑαυτὸν
1073 4332 1418 4415 περιφράξας,
1499 4333 1707 4405 ἀνδρίας
1780 4355 1836 4388 τε
1907 4334 1994 4389 καὶ

303 4426 536 4503 θάρσους
628 4422 987 4491 ὅποπλησθεὶς
1026 4474 1041 4504 ,
1115 4423 1434 4494 εἷσεπήδησέ
1514 4445 1570 4479 τε
1643 4422 1830 4498 μέσον,
1903 4423 1992 4478 καὶ

302 4517 438 4592 πρὸς
502 4516 600 4570 τὸν
658 4512 880 4588 βασιλέα
938 4513 1289 4593 θαῤῥούντως,
1356 4513 1502 4592 Ἐγὼ
1561 4512 1800 4590 βασιλέύ,
1864 4510 1987 4600 ἔφη,

2078 1917 2214 1976 tiam
2236 1924 2292 1976 et
2313 1915 2581 1995 prodigia
2606 1916 2802 1977 facere
2829 1935 2966 1976 cum
3001 1916 3091 1976 his
3123 1915 3536 1990 histrionibus,
3564 1935 3724 1978 nun-

2077 2024 2249 2087 quam
2280 2014 2471 2086 potest
2503 2025 2674 2087 opem
2710 2007 2867 2067 ferre
2891 2006 3240 2082 Cruciﬁxus,
3266 2014 3367 2067 aut
3402 2006 3662 2068 liberare
3693 2026 3727 2069 ε

2077 2096 2249 2156 malis
2284 2118 2300 2165 ;
2351 2097 2541 2157 solum
2574 2105 2771 2158 autem
2809 2095 2921 2158 hoc
2952 2105 3166 2175 potest,
3198 2104 3418 2158 certam
3474 2104 3725 2157 mortem

2079 2193 2132 2247 et
2160 2194 2484 2247 extremam
2512 2186 2919 2247 infelicitatem
2938 2204 3263 2266 procurare
3287 2186 3357 2248 iis
3370 2185 3468 2266 qui
3491 2194 3724 2266 parent.

2076 2275 2294 2337 Eurum
2337 2295 2466 2357 quae
2496 2276 2652 2349 dico,
2701 2276 2877 2337 ﬁdem
2909 2276 3075 2337 vobis
3120 2284 3365 2357 possunt
3394 2276 3589 2338 facere
3616 2276 3728 2337 de-

2078 2373 2351 2445 ceptores
2382 2365 2467 2426 illi
2499 2373 2556 2425 et
2590 2365 3048 2444 prmstigiatores
3077 2365 3486 2441 Hermogenes
3520 2374 3577 2425 et
3604 2364 3728 2427 Me-

2080 2473 2206 2535 nas,
2245 2460 2479 2535 utrique
2529 2454 2793 2534 ipsorum
2850 2464 2989 2515 ante
3046 2464 3340 2516 tormenta
3381 2454 3729 2534 pollicentes

2079 2562 2145 2605 se
2194 2562 2326 2605 esse
2356 2545 2503 2605 alitis
2534 2564 2566 2605 a
2599 2544 2861 2605 mortuis
2882 2545 3292 2616 suscitaturus,
3327 2563 3359 2605 a
3389 2563 3485 2605 me
3532 2553 3725 2605 autem

2081 2633 2266 2702 brevi,
2304 2644 2369 2695 ut
2421 2634 2753 2712 oportebat.
2790 2636 2950 2713 gravi
3003 2644 3193 2696 morte
3222 2634 3337 2695 vita
3383 2633 3618 2711 privati,
3654 2652 3731 2695 ne

2079 2723 2192 2784 sibi
2222 2724 2367 2803 ipsis
2398 2724 2641 2801 quidem
2677 2732 2924 2803 possunt
2954 2744 3124 2803 opem
3157 2723 3337 2787 ferre.
3389 2721 3503 2785 Ubi
3532 2733 3727 2785 autem

2079 2832 2240 2873 nunc
2263 2824 2351 2873 est
2384 2813 2543 2892 plani
2575 2812 2734 2874 illius
2757 2815 2974 2875 Christi
3007 2815 3189 2874 virtus
3210 2821 3239 2876 ?

2158 2902 2399 2965 XXXV.
2427 2903 2744 2981 Postquam
2780 2922 2920 2979 ergo
2952 2909 3024 2964 ad
3050 2911 3266 2963 tantam
3299 2902 3727 2984 blasphemiam

2078 2993 2469 3070 processisset
2491 2991 3038 3069 imperator,multo
3058 2993 3314 3053 tumultu
3341 2994 3579 3071 plenum
3605 3001 3732 3055 erat

2078 3081 2395 3142 theatrum.
2413 3082 2540 3161 ejus
2559 3080 2879 3141 maledicta
2902 3080 3178 3141 omnibus
3201 3100 3355 3158 aegre
3378 3080 3724 3157 ferentibus,

2079 3182 2136 3231 et
2183 3172 2306 3250 jam
2342 3190 2438 3231 res
2491 3190 2669 3231 novas
2723 3171 2920 3232 moliri
2970 3172 3381 3232 statuentibus.
3435 3172 3728 3233 Caeterum

2078 3279 2212 3321 cum
2236 3280 2268 3322 a
2303 3260 2675 3341 praeconibus
2702 3261 2919 3321 factum
2955 3272 3109 3323 esset
3142 3261 3469 3336 silentium,
3507 3270 3563 3322 et
3590 3278 3730 3322 rur-

2077 3369 2181 3411 sus
2230 3351 2502 3412 dicturus
2548 3359 2705 3411 esset
2754 3351 3099 3430 imperator,
3134 3369 3263 3429 quae
3312 3359 3482 3412 erant
3513 3367 3585 3411 ex
3636 3347 3727 3410 sui

2076 3441 2257 3500 animi
2283 3441 2859 3520 sententia,repente
2886 3439 3724 3519 totumaSpicienstheatrum,

2074 3548 2208 3589 cum
2238 3530 2481 3591 vidisset
2511 3538 2766 3600 sanctus,
2799 3528 2979 3606 quiin
3014 3530 3277 3592 medium
3302 3529 3560 3591 tribunal
3582 3529 3724 3590 des-

2075 3620 2401 3680 cenderant
2444 3624 2544 3697 (ex
2575 3619 2879 3699 inopinato
2935 3621 3095 3681 enim
3140 3622 3555 3699 apparuerant)
3606 3638 3725 3680 una

2074 3708 2257 3768 veluti
2309 3709 2508 3787 lingua
2554 3717 2613 3768 et
2662 3727 2781 3769 uno
2833 3727 2937 3770 ore
2967 3728 3176 3770 omnes
3217 3708 3717 3770 exclamaverunt.

2073 3797 2238 3860 Unus
2287 3807 2376 3858 est
2425 3816 2563 3858 vere
2611 3797 2790 3867 Deus,
2847 3798 3005 3859 Deus
3050 3798 3545 3861 ChriSIianorum.
3600 3796 3725 3859 Hoc

2075 3889 2249 3967 facto,
2282 3888 2519 3966 quidam
2544 3887 3028 3967 Eugraphus,qui
3051 3889 3177 3968 ipse
3202 3907 3436 3968 quoque
3463 3887 3523 3948 in
3556 3889 3724 3951 Grie—

2076 3996 2281 4038 corum
2308 3978 2579 4037 doctrina
2600 3986 2729 4037 erat
2751 3978 3128 4057 exercitatus,
3164 3977 3593 4058 rempublicam
3627 3996 3727 4039 au-

2077 4074 2194 4127 tem
2228 4066 2420 4127 adhuc
2441 4067 2701 4144 gerentis
2735 4072 2915 4128 Mena}
2946 4066 3135 4128 fuerat
3166 4070 3477 4137 minister;
3512 4069 3559 4127 is
3586 4085 3725 4146 ergo

2078 4174 2209 4216 cum
2263 4162 2401 4215 tunc
2432 4165 2590 4215 esset
2620 4173 2771 4215 unus
2804 4175 2873 4216 ex
2908 4154 2980 4215 iis
3023 4154 3123 4233 qui
3153 4162 3323 4216 erant
3353 4155 3409 4215 in
3464 4155 3723 4228 theatro,

2080 4254 2139 4307 et
2158 4246 2382 4306 videret
2405 4264 2534 4325 quae
2556 4245 2798 4317 ﬁebant,
2820 4263 2954 4307 cum
2985 4245 3223 4305 vidisset
3259 4243 3638 4315 miraculum,
3664 4251 3727 4305 et

2080 4343 2238 4397 esset
2270 4336 2449 4396 veluti
2482 4334 2609 4395 zelo
2640 4353 2955 4407 accensus,
2994 4343 3051 4394 et
3075 4352 3139 4394 se
3171 4333 3386 4393 divina;
3417 4330 3616 4393 crucis
3646 4332 3727 4393 si-

2078 4432 2315 4504 gnasset
2346 4424 2673 4502 signat-ulc,
2702 4433 2760 4485 et
2788 4424 2971 4485 animi
3005 4424 3352 4485 fortitudine
3383 4430 3440 4482 et
3481 4422 3728 4483 audacia

2075 4522 2235 4576 esset
2260 4515 2543 4594 repletus,
2580 4515 2640 4574 in
2674 4514 2938 4576 medium
3003 4513 3314 4593 prosilivit.
3356 4522 3412 4574 et
3445 4512 3726 4573 audacter

312 4605 637 4680 Χριστιανός
698 4605 831 4683 εἶμι,
890 4605 978 4660 καὶ
1030 4606 1096 4660 τὰ
1149 4605 1536 4683 προστάγματα
1586 4625 1680 4660 σου
1726 4601 1987 4682 διαπτύω,

2078 4603 2418 4684 imperatori
2456 4623 2470 4667 :
2505 4603 2653 4684 Ego,
2692 4624 2725 4665 o
2755 4606 3104 4685 imperator.
3141 4603 3353 4684 inquit.
3392 4622 3521 4663 sum
3557 4601 3724 4663 chri-

308 4697 395 4751 καὶ
450 4695 555 4761 τὴν
614 4693 899 4770 θρησκείαν
952 4716 1045 4753 σου
1089 4694 1365 4770 ἒξόμνυμι,
1428 4695 1519 4751 καὶ
1573 4692 1677 4761 ἤδη
1734 4693 1989 4771 πρόσκει-

310 4786 403 4860 pa!
459 4806 545 4841 σοι
577 4781 664 4839 διὰ
718 4786 968 4862 Χριστὸν,
1004 4781 1185 4841 οὐδένα
1243 4785 1431 4841 οἶκτον
1486 4786 1593 4840 τῶν
1625 4789 1834 4859 σαρκῶν
1894 4804 1994 4857 μου

310 4882 507 4930 τούτων
590 4874 934 4946 ποιούμενος.
1000 4875 1090 4942 Μὴ
1159 4877 1341 4951 νόμιζε
1397 4871 1452 4929 δὲ
1510 4876 1591 4938 ὡς
1650 4872 1900 4935 ἁπειλάῖς
1958 4874 1993 4940 ἢ

316 4964 559 5029 θωπείαις
637 4965 926 5042 κρατήσεις
999 4962 1140 5027 ὅλως
1209 4966 1345 5040 ἒμοῦ
1390 4962 1427 5032 ἢ
1488 4960 1650 5019 ἄλλου
1726 4962 1791 5028 δὴ
1849 4982 1993 5024 τινος

316 5060 422 5110 τῶν
484 5059 846 5134 Χριστιανῶν.
924 5056 1092 5128 Ἡμῖν
1161 5054 1262 5133 γὰρ
1332 5053 1555 5117 θάνατος
1614 5053 1710 5126 μὲν
1781 5053 1814 5118 ἡ
1875 5054 1992 5123 μεθ’

312 5145 452 5220 ὑμῶν
507 5146 623 5203 τῶν
674 5141 1014 5201 ἀσεϐούντων
1074 5145 1212 5216 ζωὴ,
1270 5143 1384 5214 ζωὴ
1428 5141 1484 5198 δὲ
1536 5141 1751 5208 ἀληθῶς
1781 5143 1809 5197 6
1863 5141 1993 5218 ὑπὲρ

300 5243 388 5293 τοῦ
459 5244 699 5315 Χριστοῦ
758 5234 1012 5296 θάνατος.
1074 5234 1172 5290 Καὶ
1242 5230 1365 5289 οἶδα
1432 5233 1530 5307 μὲν
1591 5231 1672 5289 ὅτι
1721 5232 1797 5294 ὡς
1856 5229 1991 5289 λέων

296 5348 370 5392 τις
435 5329 759 5407 ὠρυόμενος
836 5319 1036 5389 ἐπέϐης
1082 5322 1280 5389 ταύτης
1350 5344 1451 5389 της
1511 5320 1745 5394 πόλεως,
1811 5321 1988 5390 ζητῶν

2076 4696 2323 4773 stianus,
2360 4704 2418 4755 et
2467 4702 2565 4756 tua
2585 4696 2752 4774 jussa
2801 4713 3019 4774 respuo
3051 4704 3109 4755 et
3164 4711 3463 4765 exsecror,
3499 4701 3555 4753 et
3604 4710 3724 4753 non

2077 4784 2287 4864 abjuro
2319 4784 2694 4862 religionem,
2719 4792 2777 4845 et
2799 4784 2921 4864 jam
2953 4783 3057 4844 tibi
3092 4801 3219 4845 sum
3254 4791 3495 4863 propter
3543 4781 3727 4845 Chri-

2077 4882 2229 4935 stum
2283 4874 2646 4954 propositus,
2683 4874 2845 4935 nulla
2897 4891 3162 4933 mearum
3216 4874 3482 4933 carnium
3533 4879 3728 4933 motus

2078 4964 2514 5025 misericordia.
2550 4961 2635 5024 Ne
2667 4962 2970 5024 existimes
3022 4972 3220 5023 autem
3249 4962 3401 5041 fore,
3437 4967 3500 5022 ut
3549 4960 3727 5021 minis

2082 5056 2168 5114 vel
2217 5052 2521 5114 blanditiis
2555 5071 2651 5114 me
2708 5052 2791 5113 sis
2848 5050 3092 5113 omnino
3152 5060 3562 5131 superaturus,
3618 5050 3725 5111 sed

2079 5161 2277 5221 neque
2325 5143 2508 5204 ullum
2566 5142 3058 5204 Christianorum.
3110 5140 3294 5201 Nobis
3349 5143 3510 5201 enim
3564 5155 3728 5201 mors

2076 5234 2315 5313 quidem
2380 5240 2472 5293 est
2513 5233 2654 5306 vita,
2689 5250 2819 5312 quae
2860 5249 2996 5292 cum
3051 5231 3215 5292 vobis
3267 5230 3456 5309 agitur
3498 5229 3723 5308 impiis.

2074 5322 2230 5386 Vere
2260 5330 2462 5383 autem
2494 5322 2614 5383 vita
2646 5330 2733 5382 est
2759 5339 2943 5396 mors,
2973 5339 3107 5403 quae
3129 5338 3235 5402 pro
3267 5319 3498 5383 Christo
3530 5319 3727 5381 susci-

290 5424 364 5494 τῷ
416 5406 572 5499 θυμῷ
647 5412 1024 5493 συναρπάσαι,
1086 5413 1174 5468 καὶ
1244 5417 1313 5488 τῇ
1375 5410 1776 5488 εἰδωλολατρείᾳ
1831 5406 1986 5464 διασο

2078 5413 2253 5491 pitur.
2289 5411 2359 5474 Et
2390 5412 2517 5473 scio
2577 5411 2820 5491 quidem
2854 5412 3011 5492 quod
3046 5419 3325 5491 tanquam
3358 5409 3452 5470 leo
3482 5408 3727 5486 rugiens

274 5513 501 5594 παράξαι
568 5511 637 5568 τὸ
704 5510 810 5562 τοῦ
873 5508 1100 5578 Χριστοῦ
1167 5503 1435 5581 ποίμνιον,
1492 5503 1580 5559 καὶ
1626 5502 1699 5564 ὡς
1771 5499 1983 5569 ἐπεπή-

2078 5503 2127 5565 in
2143 5505 2294 5565 hanc
2307 5502 2630 5566 ascendisti
2649 5501 2967 5575 civitatem,
2993 5516 3269 5581 quaerens
3289 5499 3699 5594 iracorripere

263 5571 440 5675 am};
492 5604 590 5662 καὶ
671 5600 826 5673 ἡμῖν
887 5571 1124 5671 σῆμερον
1177 5571 1312 5668 μετὰ
1363 5571 1470 5649 τών
1528 5596 1702 5651 αὐτῶν
1758 5586 1980 5647 ἐλπίδων

2078 5601 2125 5656 et
2143 5592 2301 5655 cultu
2325 5593 2781 5655 simulacrorum
2816 5571 3032 5654 Christi
3053 5607 3294 5671 gregem
3326 5571 3670 5668 discerpere

250 5700 337 5760 καί
394 5697 623 5760 ὅπλων.
709 5681 880 5743 Ἀλλ’
939 5680 1383 5763 ἀποστρεψόμεθά
1439 5704 1497 5739 σε
1555 5689 1623 5763 τῇ
1677 5681 1809 5762 πρὸς
1877 5679 1979 5741 θά-

2078 5691 2123 5747 at
2154 5683 2313 5767 quod
2346 5683 2526 5747 hodie
2554 5701 2792 5765 quoque
2837 5682 2909 5745 ad
2938 5699 3050 5747 nos
3081 5677 3407 5766 prosiluisti
3455 5694 3589 5740 cum
3621 5693 3724 5737 ea.
