4132 6418
457 326 566 395 411

1777 333 2058 399 MENSIS
2097 335 2525 402 DEGEMBER.

3717 335 3837 418 412

448 465 585 529 dem
617 484 723 547 spe
754 475 814 529 et
843 465 1177 531 armis.Sed
1202 475 1259 530 te
1291 466 1719 542 aversabimur,
1747 475 1804 531 et
1829 469 2093 545 audacia,

2195 491 2336 529 δατον
2395 472 2594 550 τόλμῃ,
2629 473 2716 531 καὶ
2773 477 2849 546 τῷ
2898 469 3204 546 ἀμεταθέτῳ
3234 475 3332 538 τῆς
3393 468 3680 550 εὐσεϐείας,
3713 472 3834 529 ὥσ-

449 555 1032 637 quaimpellimurad
1071 567 1320 619 mortem
1355 558 1612 620 libenter
1634 559 2100 639 suscipiendam,

452 660 508 707 et
541 647 760 724 pietate
790 647 1166 727 immutabili,
1207 657 1484 728 tanquam
1545 649 1811 710 dolosam
1843 650 2101 730 aliquam

452 737 710 812 vulpem,
743 756 873 816 quae
905 736 1052 799 ludit
1085 739 1340 798 maxime
1373 737 1642 800 ridicule.

533 825 798 890 XXXVI.
833 826 968 888 Haec
1000 845 1135 888 cum
1168 827 1452 888 audiisset
1484 829 1831 908 imperator,
1856 837 1915 891 et
1945 833 2105 892 esset

453 916 505 978 ei
528 917 734 978 corira
757 935 1100 987 accensum,
1124 919 1318 998 etjam
1355 925 1510 979 esset
1540 927 1753 980 emotze
1787 920 2000 980 mentis
2031 938 2102 980 ex

449 1011 694 1082 stupore
728 1007 1022 1084 miraculi,
1058 1007 1237 1068 veluti
1267 1006 1484 1068 oblitus
1515 1025 1581 1068 se
1611 1024 1743 1068 esse
1788 1009 2101 1087 imperato-

447 1111 599 1166 rem,
627 1112 659 1156 e
683 1095 828 1156 sede
858 1096 1169 1177 desiliens,
1193 1116 1326 1158 cum
1359 1096 1569 1158 insana
1588 1115 1766 1158 manu
1791 1097 2101 1176 cujusdam

449 1201 655 1245 eorum
690 1186 790 1264 qui
833 1205 1016 1268 prope
1063 1195 1254 1257 erant,
1289 1185 1626 1248 st'inxisset
1657 1205 1886 1264 ensem,
1923 1188 2105 1249 multa

449 1282 509 1334 et
539 1283 699 1335 certa
724 1275 967 1336 vulnera
999 1277 1173 1337 aﬁ‘ert
1201 1275 1524 1355 Eugrapho
1559 1284 1617 1336 et
1659 1277 1744 1338 sic
1779 1296 1884 1357 per
1916 1296 1980 1339 se
2012 1277 2108 1339 in-

448 1361 675 1423 terimit
706 1382 888 1443 prope
912 1364 1169 1426 tribunal
1201 1366 1392 1426 virum
1430 1365 1642 1426 fortem
1673 1375 1731 1426 et
1763 1376 2104 1447 martyrem,

451 1453 712 1531 primum
743 1453 986 1533 quidem
1040 1462 1292 1517 stantem
1328 1454 1473 1516 citra
1504 1453 1686 1515 ullum
1722 1456 2018 1529 timorem,
2053 1465 2111 1518 et

451 1539 744 1603 ferentem
778 1542 1006 1624 plagas,
1038 1552 1097 1605 et
1143 1544 1237 1606 vel
1267 1544 1326 1605 in
1359 1544 1505 1624 ipsis
1534 1553 1878 1621 arguentem
1913 1545 2108 1625 impe-

449 1638 736 1704 ratorem,
770 1641 976 1710 postea
1003 1643 1201 1695 autem
1237 1636 1294 1696 in
1329 1642 1483 1695 terra
1506 1635 1804 1713 jacentem
1846 1634 2018 1695 ﬁrmo
2049 1645 2111 1698 et

452 1721 746 1781 constanti
801 1723 1019 1797 animo,
1057 1730 1117 1784 et
1172 1725 1295 1786 Deo
1353 1735 1624 1802 agentem
1674 1723 1913 1802 gratias,
1951 1725 2107 1802 quod

2185 583 2281 639 περ
2353 561 2609 620 ἀλώπεκαὶ
2678 584 2798 620 τινα
2865 559 3104 639 δολερὰν,
3167 561 3484 639 γελοιότατα
3553 559 3839 634 διαπαιζοσι

2185 651 2373 728 μένην,

2267 829 2416 904 Ag".
2478 835 2683 889 Τούτων
2738 833 2966 898 ἀκούσας
2998 837 3026 891 δ
3081 831 3354 910 βασιλεὺς,
3387 833 3476 889 καὶ
3531 835 3680 906 θυμῷ
3736 831 3837 898 τὴν

2187 918 2399 996 καρδίαν
2457 920 2830 1002 ἀναφλεχθεὶς,
2891 926 2977 982 καὶ
3045 925 3140 982 τὰς
3198 921 3386 1002 φρένας
3457 919 3561 989 ἤδη
3632 919 3838 977 διασει-

2187 1011 2322 1073 σθεὶς
2396 1010 2456 1066 ἐκ
2518 1016 2615 1077 τῆς
2673 1021 2765 1069 τοῦ
2813 1014 3076 1087 θαύματος
3135 1009 3546 1082 καταπλήξεως,
3608 1009 3835 1066 ἐκλαθό-

2188 1120 2344 1172 μενος
2391 1099 2571 1173 ὥσπερ
2629 1102 2708 1156 ὃτι
2762 1104 2849 1158 καὶ
2904 1102 3150 1179 βασιλεὺς
3209 1101 3296 1175 ἧν,
3328 1111 3420 1160 τοῦ
3475 1098 3658 1178 θρόνου
3710 1101 3838 1154 ἀνα·

2193 1187 2463 1265 πηδήσας,
2513 1192 2599 1246 καὶ
2661 1213 2922 1268 μαργωσῃ
2989 1193 3136 1272 χειρί
3198 1198 3304 1246 τῶν
3357 1190 3631 1268 ἐγγυτάτω
3692 1189 3835 1252 τινος

2193 1277 2531 1343 σπασάμενος
2607 1280 2904 1360 μάχαιραν,
2979 1279 3179 1345 πολλὰς
3257 1281 3389 1354 ἔδμοῦ
3474 1280 3558 1334 καὶ
3629 1277 3836 1356 καιρίας

2193 1368 2488 1444 κατήνεγκε
2573 1378 2662 1425 τοῦ
2748 1371 3040 1450 Εὖγράφου’
3121 1371 3209 1425 καὶ
3279 1369 3417 1425 οὕτω
3501 1365 3567 1424 δι’
3654 1367 3841 1426 ἑαυτοῦ

2193 1457 2398 1533 ἀναιρεῖ
2458 1458 2600 1536 παρα
2661 1460 2722 1516 τὸ
2779 1462 2930 1534 βῆμα
2988 1462 3078 1516 τὸν
3146 1458 3360 1537 ἀριστέα
3420 1459 3508 1513 καὶ
3578 1458 3838 1534 μάρτυρα,

2191 1546 2256 1602 τά
2326 1553 2509 1626 πρῶτα
2565 1549 2664 1622 μὲν
2737 1549 2824 1606 «αἲ
2885 1550 3170 1618 ἀπτοήτως
3240 1548 3541 1621 ἱστάμενον,
3597 1548 3684 1603 καὶ
3741 1545 3842 1624 φέ-

2192 1657 2348 1712 ροντα
2417 1639 2511 1701 τὰς
2557 1637 2793 1716 πληγὰς,
2840 1639 2928 1696 καὶ
2989 1637 3114 1714 παρ’
3161 1642 3346 1699 αὒταῖς
3414 1636 3489 1692 ἔτι
3533 1639 3624 1692 τὸν
3690 1637 3846 1711 βασι-

2192 1724 2286 1782 λέα
2351 1725 2669 1806 ἐλέγχοντα,
2738 1727 2953 1804 ὕστερον
3026 1726 3080 1783 δέ
3150 1729 3236 1782 καὶ
3307 1724 3692 1782 κατακλιθέντα
3762 1726 3840 1788 εἱς

453 1808 682 1890 primus
712 1810 962 1872 aliorum
999 1812 1072 1874 ad
1098 1830 1234 1874 eum
1274 1815 1710 1892 ingrederetur,
1749 1822 1808 1875 et
1839 1832 1953 1874 non
1989 1833 2106 1874 uno

2195 1822 2315 1894 γῆν,
2365 1817 2552 1872 ἑστῶτι
2611 1821 2696 1873 καί
2759 1816 2968 1872 ἆκλινεϊ
3029 1824 3105 1889 τῷ
3176 1817 3498 1896 φρονήματι,
3544 1814 3630 1870 καὶ
3679 1813 3842 1893 χάριν

451 1898 708 1972 ictu,sed
744 1900 945 1962 multis
968 1902 1148 1963 ﬁnem
1176 1904 1569 1980 acciperetut
1599 1901 1811 1980 dignus
1836 1901 2108 1981 pluribus

454 1986 776 2051 haberetur
803 1991 1065 2052 coronis.
1100 1991 1367 2064 Quicum
1405 2003 1461 2053 et
1491 1993 1600 2055 bas
1631 1992 1830 2072 plagas
1862 1993 2104 2072 accipe-

453 2086 571 2156 ret,
607 2084 666 2138 et
697 2078 800 2139 bas
833 2097 1006 2141 voces
1058 2080 1292 2153 ederet,
1330 2083 1636 2160 expiravit.
1688 2079 2104 2142 Teinulentam

457 2176 655 2229 autem
688 2169 884 2230 adhuc
907 2169 1133 2232 habens
1164 2173 1419 2233 animam
1457 2173 1798 2252 imperator,
1833 2170 1988 2250 quod
2021 2174 2108 2232 ira

457 2256 667 2336 victus,
700 2257 784 2319 sic
835 2259 907 2318 ad
944 2260 1198 2322 militare
1229 2260 1641 2323 descendisset
1680 2261 2099 2332 ministerium,

453 2363 588 2406 cum
622 2363 831 2408 rursus
858 2351 1199 2412 revertisset
1230 2351 1301 2410 ad
1355 2349 1936 2430 sedem,aliquandiu
1973 2368 2101 2410 ma-

447 2453 602 2497 nens
631 2436 1086 2515 cogitabundus,
1121 2441 1396 2518 cognovit
1427 2459 1490 2501 se
1539 2459 1644 2519 per
1672 2439 2099 2519 impudentiam

450 2525 790 2581 dubitationi
818 2527 1077 2583 attulisse
1103 2529 1417 2584 remedium
1441 2537 1496 2586 et
1526 2530 1716 2598 specie
1736 2543 2100 2599 impugnasse

449 2617 780 2677 veritatem.
810 2616 959 2679 Cum
990 2628 1241 2698 repente
1275 2637 1413 2696 ergo
1447 2619 1517 2679 ad
1553 2638 1616 2680 se
1649 2618 2019 2691 redii>set,et
2044 2637 2110 2680 se

455 2703 527 2765 ad
555 2713 793 2765 sanctos
815 2707 1206 2767 convertisset
1234 2729 1246 2769 :
1272 2707 1442 2780 Juro,
1469 2707 1683 2787 inquit,
1716 2706 1962 2767 deorum
1999 2726 2108 2786 po-

454 2794 725 2867 tentiam,
762 2813 855 2856 me
911 2795 1094 2856 multa
1124 2797 1364 2876 quidem
1418 2797 1531 2858 alia
1579 2814 1852 2875 Sperasse
1907 2796 2110 2857 videre

453 2885 758 2962 in0pinata
792 2905 804 2946 :
842 2884 990 2946 tales
1043 2900 1241 2946 autem
1281 2905 1376 2948 me
1407 2888 1669 2948 visurum
1722 2905 1853 2947 esse
1885 2905 2110 2964 magos,

453 2993 754 3055 nunquam
779 2993 907 3038 sum
935 2969 1226 3055 opinatus.
1253 2975 1364 3039 Sed
1393 2978 1535 3053 quid
1559 2978 1688 3038 novi
1717 2979 1910 3038 facere
1941 2977 2113 3040 vide-

458 3065 628 3142 mini,
660 3071 786 3125 arte
840 3067 1064 3145 magica
1095 3076 1153 3128 et
1187 3068 1503 3145 praestigiis
1548 3068 1829 3149 populum
1861 3087 1894 3127 a
1927 3087 1990 3128 se
2023 3068 2112 3128 fa-

2189 1905 2552 1983 ὁμολογοῦντα
2598 1914 2673 1980 τῷ
2718 1910 2854 1983 Θεῷ,
2904 1907 2982 1962 ὅτι
3027 1909 3114 1962 καὶ
3166 1908 3374 1982 πρῶτος
3447 1903 3625 1960 ἄλλων
3680 1901 3842 1962 ὥδευε

2190 1998 2320 2072 πρὸς
2372 1995 2550 2067 αὒτὸν,
2596 1997 2683 2052 καὶ
2727 1999 2786 2054 οὗ
2831 2001 2925 2068 μιᾷ
2970 2001 3136 2071 τομῇ,
3185 1994 3322 2050 ἀλλὰ
3365 1993 3593 2056 πολλαις
3642 1994 3704 2048 τὸ
3748 1993 3841 2048 τέ-

2190 2085 2280 2147 λος
2355 2084 2596 2165 ἐδέχετο,
2643 2084 2735 2140 ’ίνα
2795 2085 2878 2140 καὶ
2939 2083 3192 2141 πλειόνων
3257 2085 3348 2150 εἴη
3413 2089 3518 2140 τῶν
3565 2082 3841 2162 στεφάνων

2189 2175 2516 2254 ἠξιωμένος,
2549 2176 2636 2231 καὶ
2694 2174 2831 2231 οὕτω
2862 2187 2983 2238 ταῖς
3033 2173 3274 2250 πλῆγαϊς
3324 2173 3539 2235 ταύταις
3570 2173 3660 2228 καὶ
3714 2182 3840 2235 ταῖς

2188 2265 2396 2345 φωναῖς
2484 2265 2956 2322 συνεκπνεύσαντα.
3034 2265 3334 2320 Μεθύουσαν
3418 2262 3507 2318 οὖν
3593 2261 3670 2318 ἔτι
3741 2262 3842 2328 τὴν

2187 2357 2370 2434 ψυχὴν
2415 2354 2558 2434 ἔχων
2617 2357 2644 2409 ὂ
2691 2354 2960 2430 βασιλεὺς,
3019 2352 3122 2428 ὅτι,
3183 2355 3369 2430 θυμοῦ,
3427 2353 3698 2422 ἡττηθεὶς,
3763 2355 3838 2416 εἷς

2186 2445 2575 2521 στρατιωτικὴν
2629 2444 2768 2500 οὕτω
2840 2441 3076 2508 καταϐας
3148 2444 3433 2519 ὑπηρεσίαν
3506 2439 3734 2518 ἐξύϐρισε
3781 2443 3842 2497 τὸ

2192 2533 2449 2608 διάδημα,
2504 2532 2817 2607 ἀναδραμὼν
2881 2535 2969 2588 καὶ
3011 2535 3154 2594 αὖθις
3218 2531 3303 2587 ἐπὶ
3352 2534 3442 2587 τὸν
3503 2531 3707 2608 θρόνον,
3754 2527 3839 2587 ἐπ’

2193 2623 2371 2700 ὀλίγον
2425 2646 2483 2680 τε
2528 2625 2710 2696 μείνας
2754 2621 2835 2701 ἐφ’
2882 2623 3089 2697 ἑαυτοῦ,
3137 2619 3206 2676 δι’
3269 2619 3509 2683 ἀναδείας
3557 2619 3690 2698 ἔγνω
3749 2624 3835 2676 θε-

2194 2722 2450 2790 ραπεῦσαι
2509 2714 2607 2780 τὴν
2671 2712 2913 2789 ἀπορίαν,
2961 2713 3048 2767 καὶ
3093 2710 3228 2768 οὕτω
3282 2717 3358 2785 τῷ
3405 2709 3602 2788 δοκεῖν,
3663 2731 3831 2767 κατα-

2194 2805 2510 2880 γωνίσασθαι
2594 2803 2692 2870 τὴν
2776 2803 3050 2870 ἀλήθειαν,
3126 2799 3407 2880 ἰ-ῖξαίφνης
3489 2799 3575 2857 οὖν
3656 2799 3833 2878 ὥσπερ

2196 2895 2514 2971 ἀνενεγκὼν,
2588 2896 2677 2950 καὶ
2762 2894 2892 2970 πρὸς
2980 2892 3099 2954 τοὺς
3186 2892 3363 2968 ἁγίους
3449 2889 3835 2965 ἐναποϐλέψας,

2198 2985 2458 3058 Ὄμνυμι,
2507 2983 2634 3063 ἔφη,
2678 2984 2738 3039 τὸ
2799 2989 2905 3039 τῶν
2963 2985 3094 3038 θεῶν
3153 2983 3343 3058 κράτος
3386 2983 3459 3044 ὡς
3510 2979 3685 3036 πολλὰ
3747 2980 3841 3054 μέν

2197 3074 2334 3130 ἄλλα
2379 3075 2480 3130 τῶν
2512 3071 2784 3141 ἂδοκήτων
2813 3069 2944 3128 ἰδεῖν
2975 3070 3195 3137 ἤλπισα·
3232 3071 3431 3146 μάγους
3479 3067 3531 3125 δέ
3575 3070 3845 3134 τοιούτους

461 3155 686 3216 cientes
731 3154 1067 3232 discedere,
1117 3167 1175 3218 et
1226 3158 1623 3236 simpliciores
1665 3157 2031 3218 abducentes
2082 3175 2107 3217 a

2197 3163 2328 3220 ἰδεῖν
2359 3163 2609 3220 οὐδέποτε
2653 3160 3044 3241 προσεδόκησα.
3095 3159 3243 3227 Πλὴν
3286 3161 3333 3216 τί
3374 3166 3462 3216 καί
3508 3158 3651 3224 ξένον
3681 3160 3846 3236 πράτο

457 3243 699 3305 deorem
739 3253 1050 3323 potestate,
1085 3257 1139 3306 et
1190 3248 1340 3307 mori
1375 3266 1479 3326 pro
1523 3246 1816 3309 Cruciﬁxo
1851 3257 1966 3308 tam
2020 3247 2107 3307 fa-

2196 3275 2304 3310 τειν
2349 3251 2578 3324 δοκεῖτε,
2621 3253 2814 3330 μαγείᾳ
2859 3252 2944 3306 καὶ
3005 3253 3226 3328 γοητείᾳ
3267 3248 3571 3315 έξιστῶντες
3605 3251 3694 3305 τὸν
3753 3248 3850 3318 δῆ-

456 3335 570 3397 cile
619 3338 1046 3414 persuadentes
1075 3344 1103 3401 ?
1148 3339 1270 3416 Ego
1301 3339 1524 3418 itaque,
1558 3340 1655 3417 qui
1703 3357 1801 3398 vos
1857 3338 2107 3400 miseros

2195 3366 2318 3424 μον,
2367 3346 2453 3398 καὶ
2496 3343 2618 3406 τοὺς
2676 3340 3052 3421 ἀφελεστέρους
3097 3341 3193 3406 τῆς
3255 3346 3360 3395 τῶν
3401 3343 3535 3396 θεῶν
3597 3339 3847 3417 ἀπάγον-

460 3444 589 3488 sum
640 3425 867 3504 cptime
900 3437 1200 3506 expertus,
1241 3448 1372 3489 mox
1421 3437 1624 3509 aperte
1654 3430 1962 3490 ostendam
2016 3431 2107 3490 vel

2195 3455 2280 3498 τες
2352 3432 2609 3511 ἐξουσίας,
2674 3433 2762 3488 καὶ
2844 3441 2936 3490 τοῦ
3006 3430 3400 3507 ἐσταυρωμένου
3469 3431 3852 3508 ὑπεραποθνή-

453 3535 557 3576 vos
584 3533 716 3576 esse
749 3517 1104 3594 spertra,vel
1134 3518 1288 3578 hanc
1315 3520 1662 3579 ementitarn
1699 3521 2107 3579 membrorum

2196 3543 2362 3596 σκειν,
2441 3520 2606 3584 οὕτως
2681 3522 2912 3599 εὐχερῶς
2993 3519 3412 3595 ἂναπείθοντεςῖ,
3493 3519 3634 3594 Ἐγὼ
3716 3520 3850 3596 γοῦν

457 3615 794 3667 vestrorum
848 3605 1360 3683 reformationem,
1399 3626 1530 3670 esse
1579 3607 1849 3670 fraudem
1900 3608 2107 3670 oculo-

2195 3615 2313 3673 τοὺς
2379 3611 2586 3674 ἀθλίους
2653 3613 2788 3682 ὑμᾶς
2834 3609 2918 3666 διὰ
2979 3609 3160 3685 πείρας
3224 3607 3368 3687 ἔχων
3431 3606 3849 3685 ἀκριϐεστάτης,

455 3713 613 3772 rum,
645 3704 702 3758 et
730 3703 969 3777 apertas
1001 3697 1347 3777 praestigias.

540 3965 834 4030 XXXVII.
857 3966 1053 4030 Sancti
1086 3974 1282 4030 autem
1319 3969 1634 4030 dixerunt:
1672 3969 2114 4045 Consequentia

459 4057 684 4130 dixisti,
721 4077 754 4118 ο
787 4057 1130 4138 imperator.
1167 4057 1313 4119 Nam
1357 4061 1634 4139 quoniam
1672 4076 1838 4118 mens
1867 4058 2110 4138 quidem

458 4156 555 4210 tua
585 4156 674 4208 est
723 4146 1026 4227 infatuata,
1061 4149 1299 4210 caecutit
1350 4161 1547 4210 autem
1586 4147 1810 4221 anima,
1843 4166 1946 4208 cor
1979 4166 2115 4208 vero

457 4249 545 4300 est
567 4244 930 4300 excaecatum
961 4259 974 4294 :
1013 4237 1225 4298 merito
1247 4239 1335 4300 rei
1360 4257 1596 4319 quoque
1621 4237 1995 4298 admirabilis
2014 4256 2114 4297 ve-

454 4329 620 4400 ritas,
659 4326 968 4406 praestigiae
999 4345 1132 4388 esse
1165 4327 1400 4390 videtur
1429 4337 1489 4390 et
1531 4328 1833 4406 deceptio.
1867 4327 1957 4388 An
1993 4344 2111 4387 non

454 4418 613 4478 enim
645 4425 850 4496 aperte
876 4417 1138 4495 caacutis,
1167 4423 1264 4496 qui
1295 4417 1369 4478 iis
1409 4436 1523 4478 non
1559 4418 1778 4490 credis,
1814 4435 1947 4495 quae
1977 4423 2115 4476 sunt

2192 3700 2467 3778 ἁπελὲγξω
2522 3703 2584 3757 τὸ
2627 3701 2797 3779 τάχος
2853 3700 2889 3767 ἢ
2935 3699 3072 3764 ὅλως
3112 3699 3364 3779 φάσματα
3439 3697 3617 3772 ὄντας,
3663 3699 3700 3766 ἢ
3742 3700 3854 3767 τὴν

2191 3789 2523 3867 ψευδομένην
2568 3791 2767 3856 ταύτην
2830 3787 3124 3846 ἀνάπλασιν
3172 3794 3276 3844 τῶν
3331 3786 3600 3864 ὑμετέρων
3658 3788 3850 3865 μελῶν

2193 3883 2406 3948 ἀπάτην
2437 3880 2724 3960 ὀφθαλμῶν
2754 3890 2912 3940 οὖσαν
2955 3879 3042 3934 καὶ
3075 3878 3321 3955 γοητείαν
3352 3883 3517 3958 σαφῆ,

2277 3970 2401 4033 AZ’.
2452 3974 2548 4030 Καὶ
2607 3974 2652 4027 οἱ
2709 3969 2851 4048 ὅίγιοι
2898 3969 3081 4025 εἷπον·
3130 3965 3418 4024 Ἀκόλουθα
3463 3969 3620 4047 ἔφης,
3653 3969 3698 4026 ὦ
3739 3972 3856 4047 βει-

2197 4061 2362 4120 σιλεῦ.
2439 4060 2585 4117 Ἐπεὶ
2631 4060 2729 4136 γάρ
2773 4081 2854 4116 σοι
2925 4057 3176 4135 μωραίνει
3234 4057 3332 4132 μέν
3373 4058 3409 4124 ἠ
3479 4055 3702 4133 διάνοια,
3748 4081 3862 4116 τυ-

2198 4150 2425 4231 φλώττει
2497 4147 2551 4206 δέ
2593 4151 2628 4218 ἡ
2673 4149 2854 4228 ψυχὴ,
2915 4151 3238 4224 πεπώρωται
3281 4144 3336 4203 δέ
3379 4146 3414 4214 ἥ
3457 4146 3664 4226 καρδία,
3711 4149 3868 4207 εἱκό.

2196 4263 2298 4304 τως
2346 4241 2433 4296 καὶ
2489 4246 2581 4295 τοῦ
2638 4237 2933 4317 παραδόξου
2975 4239 3287 4317 πράγματος
3331 4239 3365 4305 ἡ
3429 4235 3651 4308 ἀλήθεια
3706 4261 3863 4316 γοη-

2194 4329 2304 4385 τεία
2368 4331 2505 4384 εἶναι
2559 4327 2646 4382 καί
2687 4312 2869 4392 ἀπάτη
2929 4312 3107 4388 δοκεῖ,
3163 4312 3230 4381 Ἠ
3287 4325 3387 4403 γὰρ
3430 4326 3555 4406 οὐχί
3610 4312 3862 4405 φανερῶς

2192 4415 2515 4496 τυφλώττεις
2558 4417 2691 4493 πρὸς
2722 4416 2787 4471 τὸ.
2830 4415 2918 4471 καί
2971 4416 3144 4494 φωτὸς
3194 4413 3538 4493 λαμπρότερα
3588 4417 3675 4472 καί
3703 4415 3863 4486 ἦμέ-

451 4507 545 4568 vel
587 4506 720 4568 luce
750 4505 1006 4566 clariora
1029 4509 1056 4564 ?
1085 4505 1252 4577 Quod
1305 4507 1353 4567 si
1386 4507 1527 4587 quid
1563 4507 1739 4568 etiam
1771 4505 1844 4566 de
1877 4504 1951 4565 iis
1981 4522 2107 4583 qua:

2195 4530 2285 4584 ρας
2357 4505 2494 4564 οὕτω
2551 4503 2892 4582 διαπιστῶν;
2971 4505 3026 4562 Εἰ
3099 4503 3152 4558 δέ
3223 4525 3273 4560 τι
3346 4505 3432 4560 καί
3487 4503 3859 4584 ἀμφιϐάλλεις

453 4595 644 4669 vides,
702 4594 959 4670 dubitas,
1013 4594 1074 4656 in
1136 4595 1311 4656 nobis
1359 4596 1555 4657 adhuc
1601 4597 1746 4677 ipsis
1793 4595 2112 4673 diligenter

452 4683 688 4764 inquire
720 4685 1048 4748 veritatem.
1104 4683 1209 4746 Sin
1236 4696 1432 4747 autem
1457 4685 1631 4746 saevis
1659 4685 1854 4758 minis,
1885 4683 1973 4745 vel
2009 4684 2110 4744 ho-

455 4790 670 4836 norum
688 4773 1020 4854 promissis,
1046 4773 1284 4836 etiamsi
1302 4774 1495 4855 ipsum
1522 4775 1742 4836 dixeris
1763 4773 2106 4855 imperium,

458 4864 616 4945 quod
655 4882 753 4925 res
793 4873 880 4925 est
918 4863 1073 4943 apud
1108 4881 1213 4926 vos
1249 4866 1503 4926 maxima
1542 4880 1598 4926 et
1628 4864 1958 4938 beatissim,
1990 4862 2110 4925 exi-

457 4954 665 5016 stimas
689 4972 796 5016 nos
818 4972 850 5014 a
882 4964 1082 5016 nostra
1114 4957 1422 5018 traducere
1454 4957 1769 5036 sententia,
1806 4954 2050 5028 falleris,
2077 4972 2111 5014 ο

457 5043 960 5124 imperator.Nam
985 5053 1045 5105 tu
1081 5045 1269 5126 prius,
1295 5054 1515 5107 mutato
1548 5063 1777 5118 errore,
1813 5043 2110 5107 Christum

461 5132 866 5212 conﬁteberis,
895 5153 1067 5214 quam
1102 5153 1211 5196 nos
1232 5154 1265 5196 a
1299 5135 1542 5196 veritate
1573 5134 1944 5214 deﬁcientes,
1968 5135 2111 5196 falso

461 5222 650 5283 simus
670 5222 1064 5286 adhaesuriln
1090 5243 1197 5285 nos
1219 5243 1360 5304 ergo
1387 5223 1702 5306 pronuntia
1731 5225 2108 5302 sententiam,

459 5318 623 5372 recte
655 5312 874 5385 sciens,
902 5316 1056 5393 quod
1089 5315 1381 5396 quidquid
1407 5315 1482 5377 de
1512 5323 1723 5376 caetero
1759 5313 1978 5375 dixeris
2013 5321 2113 5375 aut

457 5400 700 5481 feceris,
726 5419 760 5463 a
790 5410 846 5464 te
877 5403 977 5465 ﬁet
1008 5404 1290 5477 inaniter,
1317 5417 1378 5468 et
1409 5405 1482 5467 ab
1515 5424 1585 5466 eo
1617 5423 1794 5486 quem
1829 5404 1931 5465 tibi
1962 5421 2108 5487 pro-

461 5490 656 5571 ponis,
691 5510 875 5574 scopo
922 5493 1096 5572 longe
1129 5495 1322 5558 cadet.
1385 5497 1715 5575 Imperator
1745 5503 1941 5557 autem
1974 5512 2106 5556 cum

451 5588 521 5673 ,et
551 5598 622 5642 ex
672 5599 738 5644 se
767 5582 1012 5660 quidem
1052 5584 1440 5647 intellexisset
1482 5585 1818 5660 veritatem,
1857 5583 2112 5646 maxime

460 5685 604 5734 vero
650 5689 781 5737 eam
812 5673 1187 5752 cognovisset
1217 5693 1287 5738 ex
1333 5683 1575 5757 stupore
1606 5684 1664 5738 et
1713 5674 2110 5738 admiratione

2197 4596 2280 4677 ἔφ’
2337 4601 2422 4661 οἷς
2485 4599 2607 4674 ὁρᾷς
2650 4595 2702 4651 ἐν
2747 4597 2882 4669 ἡμῖν
2929 4592 3135 4666 αὐτοῖς,
3197 4593 3285 4648 καί
3349 4592 3425 4648 ἔτι
3497 4593 3858 4670 περιέργασαι

2194 4687 2292 4754 τὴν
2324 4685 2596 4756 ἀλήθειαν.
2647 4685 2705 4742 Εἰ
2734 4683 2789 4739 δέ
2831 4681 3091 4762 χαλεπῶν
3121 4681 3398 4761 ἀπειλαῖς,
3444 4683 3479 4750 ἢ
3511 4682 3720 4760 ἀγαθῶν
3751 4681 3855 4740 ἐπ·

2195 4773 2494 4854 αγγελίαις,
2529 4774 2624 4831 κᾶν
2674 4770 2946 4850 βασιλείαν
2996 4771 3158 4848 εἴπῃς
3208 4770 3396 4846 αὒτῆν,
3430 4772 3491 4828 τὸ
3543 4769 3667 4850 παρ’
3709 4773 3852 4838 ἡμῖν

2194 4865 2447 4943 μέγιστον
2502 4865 2590 4921 καί
2645 4866 3077 4942 μακαριώτατον,
3138 4863 3472 4936 μεταπείθειν
3528 4864 3668 4937 ἡμᾶς
3710 4860 3856 4929 οῗεις

2196 4955 2458 5029 Λέληθας,
2505 4957 2550 5010 ὦ
2605 4951 2846 5031 βασιλεῦ,
2908 4951 2987 5008 ὅτι
3045 4958 3253 5029 πρῶτον
3311 4953 3466 5017 αὐτὸς
3530 4949 3856 5025 μεταϐαλὼν

2192 5045 2288 5113 τῆς
2333 5043 2540 5110 πλάνης
2597 5042 2952 5122 ὁμολογήσεις
3014 5043 3260 5117 Χριστὸν,
3306 5041 3442 5120 ἤπερ
3501 5040 3662 5116 ἤμεῖς
3706 5042 3858 5099 ἀπο..

2193 5133 2412 5199 στάντες
2483 5153 2580 5201 της
2625 5131 2872 5199 ἀληθείας
2929 5137 3005 5205 τῷ
3049 5127 3227 5207 ψεύδει
3283 5129 3629 5210 προσέξομεν.
3676 5130 3862 5190 Ἀπό..

2197 5248 2359 5306 φηναι
2415 5229 2696 5302 τοιγαροῦν
2741 5221 2857 5279 καθ’
2900 5222 3081 5301 ημῶν,
3113 5218 3343 5298 ἀκριϐῶς
3390 5219 3541 5286 εἰδώς
3603 5223 3678 5284 ὡς
3722 5221 3864 5302 ὅπερ

2196 5316 2256 5372 ἃν
2301 5316 2360 5370 τὸ
2405 5313 2593 5370 λοιπὸν
2638 5311 2801 5388 εἴπῃς
2844 5311 2878 5379 ἢ
2937 5309 3132 5390 δράσῃς
3166 5311 3251 5368 ἐπί
3296 5313 3505 5386 ματαίῳ
3547 5333 3630 5369 σοι
3675 5310 3858 5387 ἔσται,

2191 5405 2280 5462 καί
2329 5403 2504 5481 πὸῤῥω
2533 5403 2726 5459 πίπτον
2780 5408 2839 5458 οὗ
2881 5398 3091 5465 διώκεις
3137 5408 3360 5464 σκοποῦ.
3411 5392 3469 5458 Ὀ
3502 5399 3556 5456 δέ
3603 5399 3862 5476 βασιλεὺς

2193 5496 2280 5552 καί
2338 5491 2458 5570 παρ’
2501 5495 2689 5548 ἑαυτοῦ
2737 5491 2834 5568 μέν
2877 5491 2977 5558 τὴν
3037 5491 3289 5562 ἀλήθειαν
3338 5490 3582 5570 συνιδὼν,
3615 5488 3863 5564 μάλιστα

2193 5583 2247 5640 δέ
2296 5584 2384 5640 καί
2414 5582 2520 5638 ἀπὸ
2570 5585 2667 5647 τῆς
2716 5588 2822 5638 τῶν
2871 5581 3287 5659 παρεσταμὲνων
3344 5578 3654 5650 ἐκπλήξεως
3716 5579 3858 5636 ταύ-

2193 5694 2293 5743 την
2355 5672 2698 5750 καταμαθὼν,
2759 5674 2844 5730 καί
2903 5672 3002 5752 γὰρ
3065 5671 3354 5750 ἁπτόμενοί
3409 5692 3466 5728 τε
3525 5667 3630 5729 τῶν
3661 5669 3856 5748 ἁγίων,
