4132 6408
288 334 406 411 413

1262 339 1735 406 MARTYMUM
1779 338 1840 402 S.
1887 335 2125 403 ΜΕΝιΕ
2165 340 2265 406 ET
2307 342 2714 410 SOCIORUM.

3559 335 3677 407 414

294 481 385 540 καὶ
428 489 543 544 ταῖς
599 474 757 559 χερσὶ
801 475 1251 561 διαψηλαφῶντες
1308 479 1574 547 ἐξίσταντο
1633 477 1806 543 δείσας
1865 472 1945 552 μὴ

2046 495 2238 540 eorum
2289 477 2391 559 qui
2421 479 2691 542 astabant
2740 477 3009 556 (sanctos
3039 480 3200 544 enim
3245 487 3579 565 tangentes,
3613 490 3674 547 et

293 575 356 630 τὸ
397 570 594 638 πλῆθος
636 567 1004 644 πεπεισμένας
1063 569 1164 638 ἤδη
1221 571 1314 637 τὰς
1371 571 1549 650 ψυχὰς
1581 569 1801 650 ἔχοντες
1843 569 1944 625 ὑπὸ

293 667 394 730 τῆς
438 668 526 718 τοῦ
582 661 898 739 πράγματος
949 661 1246 740 ἐναργείας,
1292 659 1489 718 ἐκείνου
1551 657 1606 715 δέ
1658 662 1789 738 πρὸς
1837 680 1943 737 φα-

299 753 452 828 νερὰν
481 751 730 821 ἀλήθειαν
783 752 1219 824 ἀντιπίπτοντος,
1251 749 1478 819 δράσωσί
1507 773 1556 807 τι
1600 749 1688 806 καὶ
1747 749 1942 805 νεώτε-

296 864 386 921 ρον
433 842 549 898 κατ’
593 841 752 898 αὒτοῦ
796 839 1100 919 προστάξας
1169 848 1324 898 τοῦτο
1382 841 1566 918 μόνον,
1622 840 1715 903 τὰς
1772 838 1942 916 κέφα-

292 932 391 994 λὰς
450 931 621 990 αὐτῶν
654 931 1059 1005 ἀποτμηθῆναι,
1111 930 1306 997 ἀνέστη
1349 937 1442 988 τοῦ
1497 931 1762 1006 βήματος.
1798 927 1948 985 Ἐπεὶ

295 1020 353 1078 δέ
395 1023 443 1079 οἱ
485 1021 629 1099 ἅγιοι
662 1022 797 1097 μετὰ
853 1026 963 1077 τῶν
1012 1021 1327 1099 ἀπαγόντων
1371 1019 1557 1083 αὐτοὺς
1609 1017 1948 1097 στρατιωτῶν

304 1114 396 1168 καὶ
443 1113 637 1174 παντὸς
694 1111 788 1168 ’τοῦ⁹
860 1110 1098 1180 πλήθους
1159 1112 1275 1190 περὶ
1339 1113 1428 1167 τὸν
1469 1111 1633 1167 τόπον
1677 1107 1944 1188 ἐγένοντο,

311 1202 526 1265 στάντες
580 1202 666 1258 καὶ
725 1213 925 1281 χεῖρας
985 1201 1098 1276 ἅμα
1155 1201 1244 1256 καὶ
1304 1198 1604 1279 ὀφθαλμοὺς
1654 1200 1728 1262 εἰς
1787 1198 1950 1276 οὖρα-

311 1292 432 1357 νοὺς
474 1290 705 1370 ἄραντες,
763 1291 848 1349 ἐπ’
896 1291 1018 1367 ὄψει
1090 1296 1301 1347 πάντων
1353 1288 1434 1369 ἐφ’
1492 1291 1669 1348 ἱκανὸν
1727 1286 1951 1355 ηὔξαντο

303 1383 378 1456 τῇ
421 1402 478 1437 τε
528 1381 679 1438 πόλει
727 1383 816 1439 καὶ
876 1388 1224 1458 Χριστιανοῖς
1261 1386 1418 1460 πᾶσι,
1475 1381 1562 1436 καὶ
1619 1376 1948 1450 ἐκκλησίαις,

300 1471 635 1528 κατάστασιν
663 1470 760 1528 καῖ
788 1469 1057 1547 γαλήνην,
1103 1471 1191 1526 καὶ
1248 1471 1309 1526 τὸ
1368 1467 1571 1545 μηδένα
1629 1473 1728 1534 τῆς
1780 1467 1951 1524 αὒτῶν

302 1561 611 1639 ἐπικουρίας
687 1559 870 1618 ἐπιδεᾶ
975 1559 1261 1636 γενόμενον
1356 1559 1508 1616 κενὸν
1584 1558 1949 1637 ὑποστρέφειν.

297 1649 536 1709 ’Ἔπειτα
580 1649 715 1724 μετὰ
769 1650 866 1716 τὴν
903 1650 1074 1730 εὐχὴν
1130 1646 1503 1728 περιϐαλόντες
1553 1645 1829 1718 ἀλλήλους
1865 1647 1955 1703 καὶ

297 1740 524 1816 εἰρήνην
577 1737 751 1803 δόντες
824 1740 908 1798 καὶ
993 1741 1295 1819 ἀσπασμὸν,
1377 1739 1466 1794 καὶ
1541 1737 1662 1802 τοὺς
1721 1734 1952 1816 αὐχένας

2030 567 2304 630 manibus
2335 577 2774 633 contrectantes
2807 571 3322 653 obtupescebant),
3350 574 3568 636 timens
3599 592 3676 634 ne

2031 659 2303 739 pOpulus,
2328 661 2500 740 cujus
2523 660 2645 738 jam
2666 669 2834 722 erant
2861 660 3044 723 animi
3079 663 3347 741 persuasi
3380 681 3412 724 a
3433 663 3520 725 rei
3551 664 3678 725 evi-

2029 749 2252 828 dentia,
2285 749 2388 812 illo
2439 751 2756 812 resistente
2789 751 3118 815 manifesta;
3165 753 3418 834 veritati,
3450 754 3677 835 aliquid

2029 838 2164 900 novi
2196 839 2254 900 in
2281 857 2416 900 eum
2447 849 2713 920 agerent,
2747 860 2880 903 cum
2913 841 3025 903 hoc
3055 842 3246 904 solum
3282 844 3562 922 jussisset
3591 844 3681 908 eis

2029 929 2321 1008 amputari
2366 929 2579 1008 capita,
2617 931 2874 993 surrexit
2925 949 2958 993 e
2989 929 3298 993 tribunali.
3351 932 3672 1010 Postquam

2027 1024 2226 1080 autem
2260 1019 2449 1081 sancti
2484 1038 2618 1081 cum
2649 1019 2722 1082 iis
2751 1021 2852 1101 qui
2883 1038 2985 1082 eos
3016 1021 3312 1083 ducebant
3360 1023 3671 1099 militibus,

2032 1115 2090 1170 et
2124 1114 2243 1170 toto
2275 1109 2488 1189 populo
2519 1109 2591 1170 ad
2625 1109 2820 1170 locum
2866 1120 3180 1184 venerunt,
3209 1120 3436 1174 stantes
3468 1121 3526 1174 et
3559 1130 3681 1173 ma-

2035 1215 2146 1258 nus
2181 1198 2360 1260 simul
2387 1207 2444 1260 et
2473 1199 2753 1261 oculosin
2778 1201 2991 1262 caelum
3015 1201 3314 1282 tollentes,
3339 1203 3396 1264 in
3428 1221 3682 1282 conspe-

2035 1294 2129 1348 ctu
2156 1288 2423 1349 omnium
2453 1287 2595 1350 satis
2623 1287 2724 1350 diu
2748 1298 2885 1351 sunt
2915 1295 3134 1371 precati
3158 1291 3401 1365 civitati,
3431 1299 3491 1353 et
3522 1291 3681 1354 chri-

2036 1374 2243 1436 stianis
2273 1375 2576 1449 omnibus,
2600 1384 2660 1437 et
2696 1376 2986 1440 Ecclesiis
3014 1383 3280 1456 quietem
3303 1385 3364 1439 et
3391 1377 3682 1458 tranquil-

2035 1464 2286 1537 litatem,
2321 1476 2379 1527 et
2411 1474 2475 1527 ut
2516 1483 2718 1538 nemo,
2751 1467 2855 1542 qui
2887 1484 3096 1529 eorum
3145 1468 3406 1544 eguisset
3433 1468 3677 1548 auxilio,

2037 1562 2443 1617 reverteretur
2489 1555 2703 1619 inanis.
2739 1555 2966 1618 Deinde
3001 1564 3132 1636 post
3185 1557 3586 1636 precationem
3619 1577 3687 1620 se

2032 1641 2884 1726 invicem,amplexi,dataque
2907 1663 3051 1725 pace
3076 1653 3136 1707 et
3155 1645 3529 1726 salutatione,
3555 1665 3688 1727 por-

2036 1734 2219 1795 rectis
2249 1735 2442 1815 collis,
2477 1743 2727 1816 uterque
2758 1753 2966 1797 eorum
2995 1754 3030 1797 a
3076 1735 3286 1816 milite,
3319 1734 3460 1817 quid
3493 1736 3552 1798 id
3583 1736 3686 1799 ob-

299 1829 635 1892 ἐκτείναντες
666 1827 912 1907 ἑκάτερος
943 1829 1118 1886 αὒτῶν
1151 1830 1356 1907 χαίρων
1399 1827 1541 1906 παρὰ
1569 1835 1661 1886 τοῦ
1687 1826 1953 1905 Λαχόντος

2046 1828 2270 1902 tigerat,
2305 1823 2540 1887 beatum
2571 1825 2751 1889 tinem
2782 1825 3032 1906 accepit.

297 1919 638 1998 στρατιώτου
667 1919 725 1974 τό
755 1918 1013 1996 μακάριον
1044 1915 1194 1980 τέλος
1225 1915 1489 1983 ἐδέξαντο.

384 2007 535 2066 AE’.
592 2007 740 2066 Ἐπεὶ
806 2006 860 2062 δὲ
919 2010 947 2063 ὁ
1005 2007 1176 2084 μέγας
1237 2006 1421 2074 Μῆνας
1479 2007 1570 2062 τὸν
1621 2027 1678 2061 τε
1731 2003 1952 2082 βασιλέα

301 2098 550 2175 ᾐτήσατο
594 2097 696 2168 ζῶν
743 2095 818 2153 ἔτι
861 2098 1004 2174 παρὰ
1031 2101 1110 2169 τῷ
1169 2097 1430 2170 Βυζαντίῳ
1473 2097 1534 2152 τὸ
1579 2099 1738 2155 αὐτοῦ
1796 2101 1954 2170 σῶμα

302 2189 689 2267 κατατεθῆναι,
749 2186 1023 2262 ἐπέσκηψε
1099 2184 1154 2241 δέ
1226 2186 1313 2243 καὶ
1370 2198 1489 2248 τοῖς
1559 2186 1680 2243 τότε
1738 2197 1954 2248 πιστοῖς

311 2281 428 2356 περὶ
487 2277 700 2350 τούτου,
752 2281 850 2333 καὶ
911 2289 1027 2340 τοῖς
1062 2274 1237 2340 ἄλλως
1267 2276 1481 2339 οἰκείοις
1523 2275 1686 2332 εἰπὼν
1729 2277 1800 2341 ὡς
1832 2275 1959 2331 ταύ-

317 2390 414 2433 την
469 2367 569 2434 τὴν
642 2365 802 2423 πόλιν
855 2364 1189 2442 κεκλήρωται
1253 2377 1551 2438 κατοικεῖν,
1599 2367 1871 2442 βασκήνας
1929 2365 1957 2420 ὁ

321 2457 606 2532 Μαξιμῖνος
663 2457 808 2530 αὒτῷ
862 2454 956 2511 καὶ
1024 2455 1120 2522 τῆς
1191 2459 1364 2534 ταφῆς
1437 2454 1725 2533 προσέταξε
1785 2456 1957 2524 θήκην

312 2547 808 2608 κατασκευάσαντας
878 2542 1116 2622 σιδῆραν,
1191 2543 1418 2601 ἐνθέσθαι
1494 2545 1661 2620 ταύτῃ
1729 2545 1794 2600 τὰ
1850 2549 1956 2600 τῶν

301 2635 584 2714 μαρτύρων
638 2635 884 2708 σώματα,
946 2634 1070 2690 εἶτα
1129 2634 1214 2690 καὶ
1270 2639 1348 2708 τῷ
1403 2632 1500 2700 τῆς
1547 2632 1819 2700 θαλάσσης
1855 2656 1954 2690 πα·

301 2725 584 2804 ραπέμψαι
638 2725 803 2802 βυθῴ,
837 2725 913 2797 μή
973 2745 1020 2779 τι
1079 2725 1254 2804 φήσας
1302 2725 1390 2780 καὶ
1420 2723 1780 2799 προηγόρευσε
1813 2721 1959 2802 ’περὶ

299 2821 398 2882 τῆς
457 2815 612 2878 ὁσίας
665 2826 787 2878 τοῖς
849 2811 1176 2893 Γαλιλαίοις,
1227 2812 1313 2870 καὶ
1358 2814 1432 2878 ὼς
1460 2812 1722 2869 κάνταῦθα
1765 2811 1956 2869 διαπέ-

309 2927 392 2960 σοι
441 2908 584 2978 αὒτῷ
635 2904 698 2960 τὸ
785 2903 1189 2981 προμάντευμα.
1266 2905 1326 2960 Οἱ
1382 2901 1478 2973 μὲν
1529 2901 1618 2958 οὖν
1671 2903 1743 2965 εἷς
1802 2907 1956 2958 τοῦτο

315 2992 607 3055 διακνῦντες
717 2990 920 3068 σπουδῇ
1018 2994 1080 3048 τὸ
1183 2998 1288 3048 πᾶν
1376 2989 1771 3066 ἐκτελέσαντες,
1887 2997 1957 3068 τῇ

310 3081 498 3160 σιδηρᾷ
559 3081 783 3159 λάρνακι
866 3082 932 3138 τὰ
1001 3082 1107 3138 τῶν
1181 3082 1348 3159 ἁγίων
1447 3080 1959 3156 συγκατεπόντωσαν

2116 1999 2424 2066 XXXVIII.
2445 2003 2736 2077 Quoniam
2768 2013 2963 2067 autem
2989 2023 3236 2085 magnus
3260 2005 3460 2068 Menas
3489 2008 3685 2070 adhuc

2037 2092 2198 2154 vivus
2230 2093 2481 2172 petierat
2502 2094 2574 2154 ab
2599 2093 2984 2174 imperatore,
3009 2103 3071 2155 ut
3102 2096 3234 2175 ejus
3257 2114 3472 2177 corpus
3503 2095 3684 2176 depo-

2042 2192 2288 2244 neretur
2330 2181 2620 2263 Byzantiis
2680 2184 2780 2261 (de
2809 2203 2880 2246 eo
2927 2191 3124 2246 autem
3159 2185 3456 2248 mandavit
3505 2186 3680 2249 etiam

2042 2272 2116 2333 iis
2167 2272 2266 2351 qui
2323 2279 2464 2334 tunc
2511 2281 2681 2334 erant
2737 2273 2970 2354 ﬁdeles,
3015 2281 3079 2336 et
3123 2284 3292 2336 erant
3347 2276 3402 2337 ei
3462 2276 3684 2355 alioqui

2039 2362 2386 2438 familiares,
2417 2363 2624 2425 dicens
2645 2382 2777 2424 eam
2805 2364 3097 2426 civitatem
3129 2365 3243 2426 sibi
3276 2383 3409 2428 esse
3439 2366 3689 2428 attribu-

2043 2459 2159 2514 tam
2211 2451 2282 2512 ad
2318 2452 2749 2522 habitandum).
2783 2455 2837 2516 ei
2894 2454 3167 2516 invidens
3196 2454 3552 2517 Maximinus
3600 2459 3687 2518 vel

2041 2543 2228 2622 ipsam
2257 2542 2646 2621 sepulturam,
2666 2543 3092 2623 jussitcapsam
3127 2546 3390 2607 construi
3410 2546 3688 2620 ferream,

2042 2641 2101 2693 et
2128 2632 2188 2694 in
2214 2650 2282 2692 ea
2309 2633 2531 2711 imponi
2562 2651 2809 2712 corpora
2851 2643 3212 2716 martyrum:
3251 2635 3472 2698 deinde
3512 2637 3688 2699 etiam

2040 2721 2102 2782 in
2128 2721 2307 2782 maris
2331 2721 2686 2801 profundum
2719 2725 3144 2793 transmittere,
3167 2745 3242 2787 ne
3273 2727 3424 2788 forte
3455 2727 3687 2806 dicens,

2042 2810 2263 2891 aliquid
2289 2812 2366 2872 de
2389 2811 2567 2889 justis
2601 2811 2889 2874 faciendis
2919 2812 3174 2876 Galilmis
3206 2816 3556 2894 praedixerit
3583 2835 3597 2880 :
3633 2824 3694 2878 et

2042 2911 2110 2962 ut
2153 2900 2240 2961 sic
2271 2901 2404 2979 ejus
2433 2899 2739 2963 excideret
2783 2903 3112 2981 prazdictio.
3151 2905 3258 2978 Qui
3299 2906 3371 2966 ad
3405 2907 3517 2966 huc
3549 2924 3688 2983 ergo

2042 2989 2468 3062 inserviebam,
2523 3007 2658 3050 cum
2713 3002 2916 3052 essent
2970 2993 3312 3055 universum
3368 2994 3695 3072 diligenter

2042 3078 2308 3140 exsecuti
2367 3077 2425 3138 in
2486 3096 2624 3139 arca
2683 3078 2872 3141 ferrea
2930 3089 3270 3143 sanctorum
3324 3101 3574 3161 corpora
3628 3084 3691 3146 in

303 3174 553 3249 σώματα.
623 3163 681 3232 Ὀ
739 3171 792 3229 δὲ
850 3170 1098 3249 βασιλεὺς
1157 3172 1224 3228 τά
1279 3193 1336 3228 τε
1392 3172 1538 3249 παρὰ
1591 3176 1692 3238 τῆς
1752 3170 1959 3236 πόλεως

2049 3169 2194 3230 mari
2244 3167 2686 3231 demerserunt.
2741 3171 3071 3247 Imperator
3131 3179 3356 3251 autem,
3401 3191 3533 3234 cum
3581 3191 3695 3234 nec

297 3266 615 3338 σκώμματα
667 3262 746 3334 μὴ
803 3260 977 3341 φέρειν
1034 3261 1152 3322 οἶός
1195 3283 1252 3318 τε
1286 3262 1385 3341 ὥν,
1423 3263 1510 3318 καὶ
1539 3261 1648 3336 ἅμα
1695 3264 1963 3336 καταθρα-
2003 3295 2009 3300 -

304 3355 553 3410 σῦνεσθαι
642 3355 799 3411 αὒτοῦ
873 3353 965 3407 τὸν
1046 3349 1215 3424 δῆμον
1276 3351 1625 3426 μεμαθηκὼς,
1686 3351 1774 3406 καὶ
1825 3351 1964 3407 ὑπο-

314 3445 523 3499 πτεύων
575 3443 656 3517 μή
714 3463 765 3498 τι
841 3442 929 3498 καὶ
1009 3439 1618 3519 παρακεκινδυνευμένον
1685 3438 1770 3497 ἐπ’
1823 3441 1966 3513 αξιτῷ

321 3533 559 3610 γένηται,
633 3531 735 3598 τὴν
807 3531 893 3588 ἐπὶ
952 3531 1012 3587 τὸ
1076 3529 1357 3601 Βυζάντιον
1428 3530 1480 3596 ἐξ
1553 3531 1718 3596 αὐτῆς
1776 3528 1960 3604 ὥδευε,

323 3619 617 3698 κατάφοϐος
648 3642 702 3677 τε
751 3622 838 3676 καὶ
894 3619 1264 3700 ᾐσχυμμένος.
1317 3621 1403 3681 Εἷς
1447 3626 1600 3677 τοῦτο
1635 3620 1806 3676 τοίνυν
1860 3625 1965 3675 τῶν

327 3712 644 3787 πραγμάτων
671 3709 966 3784 ἐκϐάντων,
999 3709 1198 3787 γίνεταί
1239 3731 1288 3766 τι
1333 3710 1421 3766 καὶ
1469 3709 1614 3774 αὖθις
1671 3712 1777 3765 τῶν
1826 3732 1961 3788 προ-

325 3796 593 3854 λαϐόντων
621 3805 710 3859 οὒκ
741 3798 986 3862 ἔλαττον,

2047 3258 2295 3320 civitatis
2328 3256 2489 3320 ferre
2522 3266 2724 3338 posset
2752 3270 3102 3340 scommata,
3138 3269 3195 3322 et
3253 3262 3428 3322 simul
3463 3261 3697 3324 intelle-

2047 3351 2226 3410 xisset
2257 3348 2538 3428 populum
2593 3349 2653 3409 in
2686 3367 2820 3410 eum
2854 3350 3052 3411 efferri
3102 3351 3346 3414 audacia
3380 3371 3395 3425 ;
3428 3361 3486 3414 et
3517 3351 3694 3414 dubi-

2049 3446 2220 3515 taret,
2257 3457 2331 3499 ne
2357 3447 2584 3500 temere
2615 3446 2674 3500 et
2706 3439 3042 3514 periculose
3077 3441 3297 3521 aliquid
3335 3442 3392 3503 in
3420 3461 3553 3504 eum
3583 3442 3701 3504 ini-

2047 3538 2236 3609 retur,
2266 3547 2336 3591 ex
2363 3549 2432 3592 ea
2463 3529 2580 3590 iter
2618 3528 2922 3598 ingressus
2952 3539 3042 3592 est
3087 3548 3296 3593 versus
3326 3533 3692 3611 Byzantium,

2050 3626 2212 3680 metu
2268 3627 2325 3680 et
2359 3619 2584 3697 pudore
2637 3619 2907 3682 allectus.
2944 3620 3088 3682 Cum
3135 3621 3234 3682 hic
3289 3639 3435 3701 ergo
3488 3622 3698 3685 fuisset

2047 3727 2247 3771 rerum
2291 3709 2503 3786 exitus,
2539 3710 2842 3773 Iitrursus
2871 3709 3047 3773 etiam
3082 3711 3307 3792 aliquid
3344 3729 3464 3772 non
3498 3715 3698 3776 minus

2047 3798 2373 3880 prioribus.

2114 3888 2320 3947 XXXIX
2373 3889 2778 3960 Imperatorem
2810 3891 3158 3962 equitantem
3192 3892 3473 3960 prmvenit
3503 3906 3698 3965 capsa,

2044 3994 2166 4052 quae
2181 3978 2640 4050 ferebatcorpora
2660 3989 2993 4052 martyrum.
3015 3997 3143 4053 quas
3165 3987 3316 4038 tanta
3339 3991 3462 4040 erat
3491 3984 3700 4041 terrea-

400 3887 534 3951 AO'.
587 3890 776 3948 Φθᾶιει
836 3889 928 3946 τὸν
967 3889 1188 3966 βασιλέα
1242 3889 1476 3958 ἱππότην
1523 3891 1646 3948 ὄντα
1696 3894 1730 3960 ἡ
1759 3891 1825 3948 τὰ
1854 3897 1959 3948 τῶν

311 3981 592 4059 μαρτύρων
652 3984 877 4058 σώματα
922 3983 1148 4062 φέρουσα
1204 3985 1346 4053 θήκη
1405 3985 1633 4052 τοσαύτη
1691 4007 1748 4043 τε
1807 3984 1959 4062 οὖσα,

305 4073 397 4128 καὶ
440 4071 659 4144 σιδηρᾶ,
736 4073 830 4128 καί
874 4072 1109 4152 πέλαγος
1171 4071 1514 4136 διαπλέουσα.
1579 4076 1804 4151 Δονάμει
1861 4075 1959 4152 γάρ

2046 4085 2179 4141 que.
2201 4076 2258 4127 et
2278 4083 2376 4140 per
2399 4083 2556 4126 mare
2576 4069 3044 4142 navigabatNam
3067 4086 3196 4127 cum
3230 4071 3421 4129 divina
3451 4073 3697 4145 quadam

303 4185 411 4220 τινι
473 4162 716 4239 θειοτέρα
770 4163 1004 4243 τάχιστα
1074 4169 1164 4220 τοῦ
1224 4164 1379 4239 βυθοῦ
1435 4163 1688 4240 ἀναδυσα,
1755 4164 1850 4220 καὶ
1902 4165 1959 4220 τὸ

2046 4159 2263 4221 virtute
2316 4159 2635 4224 celerrime
2693 4177 2726 4221 e
2757 4159 2939 4222 fundo
2989 4161 3357 4236 emersisset,
3388 4171 3446 4223 et
3493 4164 3710 4234 ﬂuctus

307 4260 458 4328 κῦμα
547 4249 905 4322 διαδραμοῦσα
981 4253 1044 4309 τό
1109 4251 1414 4333 θαλάττιον,
1486 4253 1734 4332 ἀνάῤῥουν
1787 4252 1959 4327 ἔπλει,

2058 4251 2322 4311 marinos
2368 4248 2742 4331 pervasisset,
2777 4250 3040 4312 secunda
3085 4269 3237 4330 aqua
3286 4250 3614 4329 navigabat,
3649 4264 3711 4312 et

306 4345 397 4400 καὶ
455 4353 693 4408 πτηνοῖς
752 4340 846 4397 ἴσα
902 4343 963 4399 τὸ
1021 4343 1192 4423 τάχος
1238 4342 1340 4399 ἔθει
1381 4345 1514 4420 πρὸς
1542 4342 1602 4400 τό
1661 4344 1959 4416 Βυζάντιον,

2061 4339 2362 4402 celeritate
2395 4358 2499 4419 par
2541 4338 2884 4401 volucribus
2914 4340 3190 4402 currebat
3218 4342 3556 4420 Byzantium
3595 4361 3611 4414 ;
3652 4343 3712 4403 et

310 4433 400 4490 καὶ
443 4433 541 4487 τὸν
586 4431 690 4497 τὴν
731 4430 885 4489 πόλιν
935 4429 1358 4490 καταδικασαντα
1407 4433 1484 4508 μὴ
1515 4434 1684 4490 οἰκεῖν
1712 4434 1748 4501 ἦ
1799 4454 1959 4489 καταε

2065 4449 2198 4492 eum
2251 4429 2350 4509 qui
2382 4429 2883 4492 condemnaverat
2935 4447 3011 4492 ne
3056 4430 3349 4492 habitaret
3390 4430 3705 4506 civitatem,

311 4521 642 4578 δικασθεῖσα
672 4520 830 4600 τάχει
889 4520 1077 4595 πολλῷ
1130 4520 1521 4599 προελάμϐανε.
1585 4521 1734 4580 Ἐπεὶ
1777 4521 1830 4578 δὲ
1889 4544 1956 4578 κα

2062 4540 2130 4582 ea
2153 4537 2283 4600 quae
2311 4519 2500 4580 fuerat
2524 4517 3162 4599 condemnata,magna
3191 4519 3472 4598 praevenit
3499 4519 3712 4583 celeri-

313 4612 429 4667 θεία
481 4630 564 4674 τις
599 4607 855 4689 ἐμφὰνεια
897 4618 978 4686 τῷ
1019 4616 1114 4678 τῆς
1161 4611 1372 4677 πόλεως
1426 4609 1740 4687 Ἐπισκόπῳ
1793 4614 1959 4671 νυκτὸι

2061 4608 2524 4688 tatePostquam
2546 4617 2742 4670 autem
2768 4609 2970 4671 divina
2999 4609 3268 4689 quaedam
3299 4609 3588 4690 apparitio
3616 4612 3708 4672 ci-

317 4700 496 4777 μέσῆς
540 4697 774 4775 ἐγένετο,
821 4703 940 4765 τούς
1007 4723 1063 4757 τε
1117 4703 1386 4781 μάρτυρας
1449 4702 1572 4759 ὅσον
1629 4702 1774 4760 οὔπω
1831 4725 1973 4781 παρ-

316 4803 456 4846 εῖναι
489 4787 750 4860 δηλοῦσα,
781 4791 867 4846 καὶ
919 4797 1154 4870 ταχῦναι
1209 4791 1366 4848 αὐτόν
1411 4793 1542 4870 πρὸς
1586 4793 1681 4855 τὰς
1725 4791 1780 4847 ἐν
1809 4793 1972 4868 ἀκρο-

320 4877 474 4935 πόλει
524 4878 691 4942 ἀκτὰς
751 4878 1126 4960 ἐπιτρέπουσα,
1181 4882 1256 4944 ὡς
1316 4882 1377 4938 ἃν
1429 4879 1813 4946 ἀποϐαίνοντας
1872 4887 1973 4949 τῆς

325 4966 591 5035 θαλάσσης
693 4968 838 5032 εὐθὺς
943 4968 1254 5036 ὑποδέξηται
1290 5018 1306 5050 ,
1416 4973 1728 5049 συναγαγὼν
1813 4972 1969 5037 αὐτὸς

327 5057 441 5112 κατ’
496 5059 663 5126 αὐτην
708 5062 806 5124 τῆς
862 5059 1052 5124 νυκτὸς
1103 5062 1202 5126 τὴν
1240 5060 1382 5139 ὥραν
1411 5066 1504 5116 τοῦ
1533 5081 1591 5116 τε
1619 5059 1821 5131 κλήρου
1849 5062 1971 5124 τοὺς

320 5148 718 5226 συμπαρόντας,
765 5148 854 5203 καί
920 5171 1066 5212 τινας
1131 5155 1237 5206 τῶν
1313 5146 1550 5207 εὖλαὸὦν
1605 5151 1693 5207 καὶ
1744 5157 1972 5231 πιστῶν,

316 5236 427 5312 ἄμα
458 5239 666 5303 τούτοις
709 5236 910 5316 ἐχώρει
965 5239 1090 5314 πρὸς
1150 5238 1272 5302 τοὺς
1334 5237 1626 5315 αἰγιαλοὺς,
1689 5241 1774 5306 οὓς
1831 5243 1975 5315 αὖτῷ

313 5326 693 5407 παρεδήλωσεν
780 5329 808 5383 'o
873 5328 1072 5406 φανείς.
1151 5319 1244 5391 Ὠς
1331 5327 1385 5384 δέ
1467 5329 1588 5392 τοὺς
1671 5327 1974 5409 ὀφθαλμοὺς

312 5420 444 5497 πρὸς
499 5421 564 5476 τὸ
640 5416 883 5496 πέλαγος
949 5417 1111 5497 εἶχον
1189 5425 1666 5496 περισκοποῦντας,
1727 5417 1972 5499 ἐξαίφνης

313 5510 475 5586 ὁρῶσι
505 5511 642 5592 φῶς,
678 5509 778 5565 οἷα
813 5505 1005 5562 στῦλον
1056 5505 1106 5572 ἐξ
1162 5511 1382 5587 οὐρανοῦ
1436 5508 1631 5588 μέχρις
1666 5509 1825 5576 αὐτῆς
1875 5514 1973 5576 της

311 5598 576 5672 θαλάσσης
638 5598 934 5669 διήκοντα,
990 5599 1076 5652 ἐπί
1124 5599 1264 5663 τινὸς
1325 5619 1382 5654 τε
1415 5599 1633 5656 ἀκατίου
1692 5602 1973 5678 καθαπερεὶ

304 5696 695 5779 στηριζόμενον
725 5708 740 5724 ⁸
807 5684 900 5744 δύο
959 5683 1012 5743 δέ
1065 5708 1208 5756 τινας
1263 5685 1452 5768 ἄνδρας
1509 5689 1607 5760 τὴν
1664 5686 1788 5769 ὄψιν
1826 5687 1974 5768 λαμ..

2057 4699 2253 4760 vitatis
2283 4699 2565 4778 episcopo
2597 4697 2746 4760 facta
2776 4706 2868 4760 est
2907 4698 3103 4760 media
3135 4711 3332 4770 nocte,
3368 4718 3500 4780 quae
3529 4700 3708 4779 signi-

2059 4788 2277 4850 ﬁcabat
2299 4796 2358 4848 et
2382 4806 2516 4849 mox
2546 4788 2832 4850 aﬂ'uturos
2865 4801 3175 4869 martyres,
3204 4798 3263 4850 et
3288 4789 3538 4868 jubebat
3571 4808 3710 4852 eum

2058 4893 2381 4959 properare
2429 4877 2500 4938 ad
2550 4877 2770 4948 littora,
2807 4896 2940 4957 qua;
2995 4887 3136 4939 sunt
3181 4877 3242 4938 in
3296 4896 3457 4959 arce,
3488 4887 3554 4940 ut
3606 4898 3710 4940 eos

2057 4967 2496 5031 descendentes
2527 4985 2560 5029 e
2595 4966 2741 5028 mari
2798 4967 2994 5029 statim
3030 4967 3334 5047 exciperet
3365 4987 3379 5028 :
3412 4986 3546 5029 cum
3598 4968 3709 5031 hac

2055 5057 2183 5138 ipsa
2231 5057 2379 5119 hora
2427 5055 2619 5119 noctis
2667 5065 3088 5136 congregasset
3132 5075 3238 5119 eos
3285 5056 3389 5132 qui
3419 5075 3496 5119 ex
3545 5057 3708 5119 clero

2057 5147 2234 5210 simul
2258 5146 2530 5220 aderant,
2557 5154 2615 5207 et
2647 5147 2934 5227 quosdam
2954 5145 3083 5226 pios
3113 5153 3172 5208 et
3203 5145 3432 5220 ﬁdeles,
3462 5165 3594 5207 cum
3622 5147 3708 5207 eis

2062 5239 2323 5318 perrexit
2371 5235 2442 5297 ad
2476 5235 2693 5316 littora,
2728 5253 2858 5316 quae
2901 5235 2956 5296 ei
2987 5235 3334 5298 ostenderat
3363 5236 3436 5316 is,
3470 5235 3568 5315 qui
3607 5254 3705 5316 ap-

2062 5333 2359 5408 paruerat.
2416 5323 2560 5387 Cum
2615 5334 2810 5386 autem
2856 5343 3063 5388 versus
3109 5342 3274 5388 mare
3323 5324 3710 5388 intenderent

2057 5417 2282 5491 oculos,
2312 5423 2558 5494 repente
2578 5413 2778 5476 vident
2798 5414 3016 5486 lucem,
3044 5423 3318 5496 tauquam
3349 5415 3707 5476 colummam

2058 5525 2092 5568 e
2117 5505 2268 5567 caelo
2292 5521 2480 5585 usque
2503 5503 2576 5564 ad
2608 5521 2774 5566 mare
2805 5504 3246 5585 pervadentem,
3275 5512 3332 5565 et
3362 5510 3420 5564 in
3451 5503 3705 5584 quadam

2057 5595 2266 5676 cymba
2294 5593 2737 5674 quodammodo
2767 5593 3122 5656 fundantem
3156 5612 3170 5656 ;
3199 5593 3351 5654 duos
3381 5609 3518 5653 vero
3550 5591 3708 5653 viros

2057 5691 2297 5770 aspectu
2330 5681 2670 5766 praeclaros,
2713 5701 2785 5748 ex
2818 5691 3067 5763 utraque
3099 5691 3262 5765 parte
3296 5679 3622 5746 honoriﬁce
3646 5689 3705 5742 et
