4132 6400
459 313 576 380 415

1761 323 2039 388 MENSIS
2095 324 2525 392 DEGEMBER.

3721 328 3844 401 416

460 453 887 545 venerabiliter
951 459 1523 542 appropinquantes.
1582 458 1847 540 Idipsnm
1906 472 2099 525 autem

2193 465 2355 541 προὺς
2400 464 2453 534 ἐξ
2496 463 2757 544 ἑκατέρων
2813 464 2989 545 μερῶν
3045 464 3227 542 ὥσπερ
3283 463 3338 524 ἄν
3408 470 3541 543 τιμῇ
3598 466 3688 525 καὶ
3744 486 3842 527 σε·

463 544 623 634 quod
657 547 986 627 videbatur,
1012 552 1316 634 appellere
1345 555 1421 614 ad
1447 551 1741 634 portus,in
1775 552 1994 633 quibus
2025 553 2099 614 illi

2197 550 2427 629 ϐάσματι
2484 542 2927 627 πλησιᾶζονταςλ
2994 556 3122 612 αὒτὸ
3177 553 3231 611 δὲ
3291 555 3352 612 τὸ
3430 542 3700 632 όρῶμενον
3755 556 3845 616 ἐπὶ

470 633 724 697 stabant.

543 815 984 901 XL.Postquam
1004 842 1141 886 vero
1170 822 1449 904 paulatim
1474 821 1583 883 fuit
1606 821 1872 901 propius,
1901 827 1959 881 et
1983 820 2109 900 jam

464 914 763 990 cognitum
794 913 1059 987 fuit,cam
1086 934 1218 977 esse
1241 933 1437 977 arcam
1474 921 1534 975 et
1560 930 1678 973 non
1715 928 2108 983 navem,con-

462 999 795 1064 siderantes
829 1022 980 1071 eam.
1018 1023 1211 1086 neque
1233 1024 1367 1066 cum
1396 1004 1575 1065 undae
1603 1008 1771 1061 erant
1802 1018 2105 1072 convexus,

456 1090 719 1165 resilire,
755 1112 951 1169 neque.
979 1113 1114 1155 cum
1160 1114 1372 1156 rursus
1420 1110 1717 1162 concavae,
1754 1088 1954 1150 delabi
1997 1107 2011 1151 :
2050 1096 2109 1151 et

455 1179 590 1241 sine
617 1183 801 1245 remis
831 1192 888 1245 et
918 1184 1078 1246 clavo
1111 1184 1437 1265 iugredi,et
1463 1202 1531 1246 ex
1564 1183 1815 1245 adverso
1842 1180 2104 1241 virorum

457 1270 732 1350 navigare
756 1293 769 1333 :
792 1273 1105 1354 lucemque
1128 1293 1260 1337 esse
1286 1274 1530 1336 multam
1557 1280 1615 1335 et
1637 1270 2107 1353 splendidam,et

457 1366 777 1436 tantam,ut
808 1382 924 1425 non
961 1363 1156 1424 minus
1177 1382 1353 1444 quam
1387 1363 1475 1425 sol
1509 1364 1707 1425 locum
1742 1362 2102 1424 illustraret:

456 1455 514 1509 et
541 1449 699 1511 viros
730 1451 863 1513 illos
912 1453 969 1514 in
1022 1471 1087 1514 se
1117 1453 1276 1514 ferre
1309 1453 1553 1533 quidem
1591 1453 1758 1531 signa
1791 1448 2103 1530 cujusdam

455 1535 669 1601 divinae
692 1548 751 1602 et
778 1541 1149 1603 admirabilis
1169 1542 1526 1621 naturae,qui
1551 1541 1663 1619 ipsi
1689 1557 1929 1622 quoque
1961 1556 2111 1618 quo-

2195 644 2317 707 τοὺς
2400 644 2618 720 λιμένας
2675 645 2800 724 παρ’
2878 647 2966 711 οὓς
3024 645 3222 703 ἐκεῖνοι
3277 643 3613 726 εἱστήκεσαν,
3672 648 3844 727 ἐγκα-

2193 735 2589 809 θορμιζόμενοι.

2278 823 2369 881 Μ’.
2402 821 2497 883 Ὠς
2529 822 2584 880 δὲ
2642 823 2760 882 κατ’
2809 824 2989 902 ὀλίγον
3034 824 3236 903 ἐγίνετο
3286 823 3702 907 πλησιέστερον,
3747 827 3846 885 καὶ

2192 909 2294 980 ἤδη
2355 912 2546 992 λάρναξ
2601 913 2838 992 ἐγνώσθη
2917 918 3080 989 εἶναι,
3141 917 3229 971 καὶ
3289 914 3415 995 οὗχὶ
3463 921 3610 991 ναῦς,
3666 937 3840 972 κατα-

2193 1009 2431 1068 νοοῦντες
2493 1004 2654 1071 αὒτην
2704 1005 2841 1078 μήτε
2900 1006 3033 1083 πρὸς
3090 1006 3157 1061 τὰ
3199 1008 3522 1083 κυρτώματα
3579 1011 3681 1062 τῶν
3736 1028 3838 1067 κυ-

2191 1092 2374 1168 μάτων
2431 1093 2771 1169 ἀνορμῶσαν,
2830 1096 2971 1168 μήτε
3028 1095 3159 1172 πρὸς
3215 1095 3281 1151 τὰ
3328 1093 3646 1170 κοιλώματα
3682 1094 3842 1153 πάλιν

2190 1180 2710 1255 κατολισθαίνουσαν,
2775 1185 2891 1239 εὐθύ
2972 1204 3030 1239 τε
3117 1190 3223 1240 τῶν
3294 1181 3495 1263 ανδρῶν
3548 1184 3839 1266 πλέουσαν,

2187 1273 2250 1326 τὸ
2308 1292 2365 1327 τε
2421 1278 2558 1352 φῶς,
2619 1270 2757 1329 πολύ
2786 1293 2843 1328 τε
2892 1274 2980 1329 καὶ
3033 1272 3304 1353 λαμπρὸν,
3337 1274 3426 1330 καὶ
3453 1284 3731 1350 τοσοῦτον,
3764 1276 3840 1341 ὡς

2188 1360 2340 1424 ἡλίου
2398 1361 2475 1435 μὴ
2541 1360 2759 1417 ἔλαττον
2831 1364 2933 1427 ,τὸν
3026 1364 3191 1420 τόπον
3269 1363 3663 1441 περιαυγάζειν,
3749 1364 3837 1421 καὶ

2187 1450 2308 1513 τοὺς
2368 1449 2555 1529 ἄνδρας
2613 1452 2846 1518 ὶκείνους
2907 1450 3148 1527 σύμϐολα
3193 1451 3291 1527 μὲν
3348 1454 3405 1508 ἓν
3451 1452 3665 1515 ἑαυτοῖς
3694 1452 3836 1518 θείας

2189 1540 2328 1604 τινὸς
2384 1540 2471 1595 καὶ
2534 1538 2822 1613 παραδόξου
2900 1540 3154 1621 φέροντας
3229 1542 3458 1619 φύσεως.
3517 1542 3837 1613 Πεζεύοντας

456 1626 694 1689 dammo
714 1629 770 1692 lo
794 1630 1048 1711 pedibus
1064 1631 1557 1711 ingrediebantur
1570 1642 1988 1711 peraquam,et
2005 1628 2099 1687 de-

2189 1626 2242 1682 δέ
2301 1629 2388 1683 καὶ
2450 1629 2634 1688 αὖτοὺς
2684 1627 2869 1707 ὤσπερ
2910 1632 2995 1686 Eni
3052 1637 3144 1687 τοῦ
3195 1627 3379 1695 ὕδατος
3440 1631 3528 1686 καὶ
3584 1651 3840 1707 προπομ-

456 1714 758 1780 ducebant
778 1739 1016 1801 rapsam
1042 1740 1174 1783 cum
1200 1721 1456 1798 quadam
1483 1722 1819 1782 reverentia
1850 1737 1863 1779 :
1894 1734 2099 1779 omnes

2190 1717 2442 1782 πεόοντας
2501 1719 2635 1793 μετά
2687 1741 2829 1778 τινος
2888 1718 3059 1781 αἰδοῦς
3119 1721 3218 1785 τῆς
3270 1726 3437 1798 σοφοῦ
3496 1717 3600 1775 δέει
3646 1719 3843 1784 πάντες

457 1814 651 1869 metus
678 1816 738 1870 et
768 1798 985 1874 horror
1016 1812 1246 1873 invasit.
1274 1812 1468 1891 Atque
1498 1811 1694 1887 angeli
1727 1809 1969 1891 quidem
1998 1806 2099 1866 du-

2195 1809 2282 1863 καὶ
2311 1809 2468 1887 φρί<ῃ
2521 1810 2858 1888 κατείχοντο.
2897 1798 2953 1867 Ὀ
3003 1810 3101 1883 μὲν
3145 1809 3233 1865 οὖν
3286 1813 3386 1877 τῆς
3443 1808 3614 1876 θήκης
3662 1830 3842 1886 παρα-

456 1905 673 1978 ctores,
699 1917 833 1960 cum
859 1902 981 1980 jam
1017 1900 1265 1963 fuissent
1298 1902 1357 1961 in
1407 1910 1731 1977 conspectu
1765 1917 1971 1960 eorum
2002 1905 2099 1978 qui

2198 1899 2402 1971 περ.ποῖ
2432 1896 2649 1975 ἄγγελοι
2680 1898 2793 1954 ἐπεὶ
2842 1898 3173 1977 καταφανεῖς
3220 1896 3325 1966 ἤδη
3372 1898 3495 1962 τοῖς
3553 1904 3841 1976 παρεστῶ-

456 1986 746 2068 astabant,
782 2007 916 2051 cum
937 1999 1167 2051 tantum
1186 1990 1295 2052 visi
1316 1999 1515 2052 essent
1537 1998 1596 2049 et
1617 1989 2099 2069 appropinquas-

2196 2008 2300 2059 σιν,
2363 1986 2607 2065 ἐγένοντο
2662 1990 2914 2045 τοσοῦτον
2967 1988 3240 2066 ὅραθέντες
3298 1990 3385 2044 καὶ
3412 1986 3841 2070 πλησιάσαντες,

457 2085 615 2156 sent,
647 2088 931 2160 quantum
964 2082 1109 2142 satis
1135 2089 1263 2142 erat
1287 2080 1358 2141 ad
1388 2076 1921 2156 mandandum,ubi
1951 2094 2099 2139 nunc

2193 2076 2318 2134 ὅσον
2382 2079 2545 2151 μονον
2619 2077 2942 2153 ἐπισκῆψαι,
3003 2078 3105 2135 ποῦ
3162 2076 3260 2152 μὲν
3318 2085 3407 2135 νῦν
3464 2078 3578 2158 χρὴ
3624 2079 3841 2145 τεθῆναι

458 2166 699 2246 quidem
738 2178 1026 2249 martyres
1060 2188 1281 2247 ponere
1313 2176 1607 2248 oporteat,
1634 2177 1879 2245 propter
1907 2167 2099 2245 impe-

2189 2166 2310 2231 τοὺς
2370 2166 2634 2245 μοίρτυρας
2689 2165 2773 2223 διὰ
2828 2169 2925 2234 τὴν
2978 2178 3070 2228 τοῦ
3097 2166 3361 2244 βασιλέως
3393 2168 3680 2242 ἀπόνοιαν,
3737 2175 3843 2227 ποῦ

459 2256 675 2318 ratoris
696 2258 1107 2333 amentiam,et
1139 2258 1243 2320 ubi
1275 2260 1448 2340 paulo
1474 2266 1604 2339 post
1626 2264 1867 2338 promer
1892 2274 2099 2317 eorum

2188 2252 2242 2310 δέ
2293 2256 2411 2327 μετ’
2470 2257 2650 2333 ὀλίγον
2709 2254 2794 2312 διὰ
2852 2258 2913 2312 τὸ
2974 2259 3143 2313 αὐτῶν
3172 2255 3444 2336 βούλημα,
3500 2257 3590 2312 καὶ
3621 2256 3722 2314 ὅσα
3748 2259 3840 2315 καὶ

457 2346 908 2417 voluntatem,et
936 2358 1155 2428 quaeet
1176 2348 1679 2428 quemadmodum
1707 2346 1903 2407 facere
1928 2364 2097 2423 opor-

2186 2344 2331 2409 ὅπως
2391 2343 2473 2402 δεῖ
2531 2358 2734 2423 ποιεῖν,
2796 2346 2999 2423 ἀθρόως
3053 2345 3108 2411 ἓξ
3139 2345 3424 2426 ὀφθαλμῶν
3456 2347 3632 2405 αὒτῶν
3660 2346 3836 2415 ἀπηλ-

445 2443 588 2512 teat,
620 2446 871 2517 repente
894 2456 961 2499 ex
995 2456 1201 2499 eorum
1227 2437 1414 2499 oculis
1432 2436 2099 2515 recesserunt.Episco-

2186 2432 2458 2496 λάττονιο.
2523 2433 2580 2493 Ὀ
2667 2433 2992 2499 Ἐπίσκοπος
3080 2432 3134 2491 δέ
3215 2437 3302 2492 καί
3359 2438 3407 2493 oi
3463 2440 3836 2515 συμπαρδντες

449 2544 559 2607 pus
584 2537 805 2601 autem,
834 2527 1010 2608 etqui
1033 2546 1166 2589 cum
1192 2545 1261 2586 eo
1279 2526 1548 2590 aderant.
1573 2526 1826 2605 primum
1847 2524 2093 2605 quidem

446 2633 598 2678 arcas
627 2616 1001 2691 circumfusi,
1030 2635 1158 2678 eam
1184 2615 1703 2696 amplectebantur
1730 2637 1742 2672 :
1780 2624 2095 2694 postquam

447 2723 587 2766 vero
618 2705 1043 2767 intellexerunt
1101 2724 1230 2766 eam
1281 2723 1414 2768 esse
1461 2713 1641 2766 totam
1675 2704 1955 2775 ferream.
1991 2722 2096 2766 eos

446 2802 655 2873 stupor
683 2794 918 2870 invasit,
952 2795 1403 2858 considerantes
1433 2812 1690 2873 quonam
1716 2792 1894 2854 modo
1913 2811 2096 2872 supra

447 2891 562 2945 tam
590 2892 827 2945 tenuem
856 2885 1215 2965 navigaverit
1253 2884 1663 2965 superficiem,
1698 2902 1817 2944 non
1850 2883 2094 2944 omnino

2181 2523 2345 2599 αὐτῷ,
2407 2527 2592 2603 πρῶτα
2648 2525 2745 2600 μέν
2801 2524 3177 2605 περιχυθέντες
3238 2530 3307 2601 τῇ
3351 2523 3571 2605 λάρνακι
3622 2546 3833 2593 κατησ-

2180 2614 2408 2686 πάζοντο
2444 2632 2458 2649 ·
2519 2617 2592 2680 ὡς
2676 2612 2732 2670 δέ
2816 2616 2904 2671 καὶ
2989 2612 3211 2694 σιδηρᾶν
3275 2617 3438 2684 αὐτὴν
3496 2615 3628 2685 ὃλην
3684 2616 3831 2673 εἷναι

2179 2702 2496 2776 κατέμαθον,
2583 2702 2845 2770 ἔκπληξις
2921 2703 3109 2767 αὐτοὺς
3195 2704 3323 2784 εἶχε
3349 2753 3366 2785 ,
3452 2703 3827 2783 λογιζομένους

2180 2797 2294 2857 πῶς
2355 2792 2519 2859 οὕτως
2578 2791 2665 2849 ἐπί
2722 2791 2921 2869 λεπτῇς
3007 2791 3283 2852 διέπλευσε
3340 2794 3436 2862 τῆς
3490 2792 3826 2873 ἐπιφανείας,

2179 2883 2240 2937 τὸ
2295 2883 2541 2955 παράπαν
2600 2884 2675 2958 μὴ
2720 2883 3047 2959 βυθισθεϊσα.
3098 2886 3198 2943 Καὶ
3254 2884 3372 2941 τότε
3420 2881 3519 2958 μὲν
3574 2880 3831 2960 ἀνωτέρω

450 2972 660 3036 obruta
695 2993 709 3037 :
743 2982 801 3037 et
829 2983 970 3037 tunc
990 2974 1411 3057 quidem,cum
1438 2992 1566 3035 eam
1592 2991 1773 3052 supra
1798 2973 1858 3033 in
1894 2991 2092 3034 arcem

2186 2993 2280 3028 που
2328 2972 2424 3039 τῆς
2480 2968 2825 3044 ἀκροπόλεως
2905 2971 3314 3050 ἀπενεγκόντες,
3374 2973 3429 3028 ἓν
3486 2993 3589 3029 τινι
3646 2992 3829 3050 παρα-ν

445 3063 829 3145 detulissent,
865 3065 923 3127 in
955 3054 1186 3127 occulto
1216 3063 1473 3147 quodam
1511 3062 1734 3143 templo
1768 3065 2096 3126 absconde-

2186 3058 2351 3136 ϐύστῳ
2408 3067 2517 3134 ναῷ
2567 3060 2925 3139 κατέκρυψαν,
2982 3061 3163 3138 ὥσπερ
3240 3060 3340 3139 ἄρα
3413 3062 3504 3119 καί
3560 3059 3831 3139 προσετά-

443 3163 604 3228 runt,
637 3155 793 3216 sicut
816 3156 967 3235 jussi
998 3154 1259 3218 fuerant.

498 3242 974 3325 XLI.Postquam
993 3254 1191 3306 autem
1213 3245 1408 3306 statim
1424 3260 1702 3306 reversus
1716 3241 2096 3322 Maximinus,

446 3340 506 3395 et
556 3350 590 3393 e
623 3334 871 3412 vestigio
905 3333 1073 3413 plaga
1102 3333 1394 3394 divinitus
1440 3350 1777 3412 percussus,
1829 3331 2098 3413 privatus

445 3421 553 3482 fuit
584 3422 793 3495 oculis,
829 3432 891 3484 et
919 3422 1097 3485 simul
1118 3421 1192 3483 ab
1224 3422 1454 3500 angelis
1484 3421 1840 3500 ﬂagellatus,
1878 3430 1937 3481 ut
1968 3420 2099 3500 ipse

447 3511 572 3572 suis
593 3510 740 3572 dixit
760 3511 1179 3587 familiaribus,
1208 3512 1412 3592 paucis
1430 3521 1566 3591 post
1587 3510 1801 3573 diebus
1826 3515 2094 3588 exspira-

450 3601 535 3665 vit
568 3622 580 3659 :
608 3619 743 3662 cum
778 3611 909 3680 post
942 3601 1170 3681 plagam
1215 3610 1272 3662 et
1330 3600 1567 3679 ﬂagella
1600 3608 1827 3662 tantum
1859 3600 2098 3661 vixisset

447 3691 1050 3772 temporis,quantum
1085 3691 1227 3753 satis
1258 3700 1384 3753 erat
1411 3690 1484 3753 ad
1515 3688 1905 3770 aperiendum
1940 3707 2103 3751 arca-

448 3798 588 3842 num
614 3780 687 3841 iis
719 3779 819 3860 qui
850 3781 920 3842 ad
955 3782 1145 3860 ipsum
1171 3798 1396 3859 genere
1426 3778 1757 3841 attinebant
1793 3797 1807 3838 :
1840 3797 1916 3841 ne
1949 3779 2101 3842 late-

448 3880 539 3932 ret
567 3869 861 3932 Dominus
913 3869 1142 3950 judicia
1204 3869 1451 3943 faciens,
1504 3878 1564 3931 et
1614 3867 1814 3930 divina
1864 3870 2100 3949 justitia

444 3960 627 4024 etiam
661 3959 756 4021 hic
791 3960 976 4021 malos
1005 3959 1260 4039 puniens
1297 3977 1310 4022 :
1346 3957 1612 4020 adhibita
1642 3959 1892 4021 audacia
1923 3961 2092 4040 epis-

450 4066 656 4127 copus,
699 4049 1088 4112 considerans
1115 4048 1300 4110 solam
1346 4047 1525 4110 fidem
1571 4049 1851 4112 sufficere
1881 4048 1953 4110 ad
1986 4068 2093 4111 au-

448 4137 681 4212 xilium,
717 4157 928 4218 magno
960 4138 1156 4201 studio
1189 4148 1249 4201 et
1304 4139 1534 4201 honore
1565 4139 1936 4201 transfetens
1965 4140 2093 4200 for-

447 4227 816 4290 tissimorum
869 4239 1196 4310 martyuum
1255 4229 1474 4291 Christi
1525 4247 1801 4309 corpora,
1853 4236 2096 4308 propter

449 4318 666 4379 mmnia
699 4319 855 4381 arcis
884 4337 954 4381 ea
983 4319 1280 4398 deposuit,
1322 4318 1598 4382 custodes
1618 4318 1862 4399 quidem
1897 4319 2093 4380 civita-

448 4405 543 4480 tis,
570 4408 971 4488 navigantium
999 4419 1197 4471 autem
1223 4419 1672 4470 conservatores
1703 4429 1715 4471 :
1750 4426 1963 4470 eorum
1989 4407 2094 4489 qui

2258 3172 2380 3210 σαν.

2258 3174 2380 3210 σαν.

2182 3174 2406 3300 γηΜΑ’.
2468 3237 2618 3297 Ἐπεί
2672 3236 2726 3297 δέ
2798 3239 3080 3313 ἀναζεύξας
3166 3242 3195 3298 ό
3253 3239 3563 3317 Μαξιμϊνος
3623 3242 3839 3321 αὐτίκα,

2180 3332 2269 3387 καί
2322 3327 2634 3405 παραπόδας
2718 3328 2906 3409 πληγῇ
2974 3329 3221 3405 θεηλάτῳ
3283 3329 3532 3409 πληγὲίς,
3597 3332 3722 3396 τούς
3779 3351 3846 3388 τε

2181 3418 2483 3497 ὀφθαλμοὺς
2516 3417 2766 3494 ἐξεκὸπη,
2829 3422 2919 3477 καί
2974 3419 3088 3496 ἅμα
3136 3421 3455 3500 μαστιχθείς
3515 3418 3606 3478 ὑπ’
3666 3418 3847 3497 ἀγγέ-

2179 3508 2312 3585 λων,
2344 3512 2417 3567 ὡς
2469 3508 2625 3574 αὐτὸς
2683 3512 2815 3587 πρὸς
2874 3510 2995 3574 τοὺς
3055 3512 3295 3581 συνήθεις
3327 3508 3535 3589 ἐξεῖπε,
3567 3509 3686 3586 μετ’
3719 3507 3847 3567 ὀλί-

2179 3621 2275 3678 γας
2332 3597 2567 3674 ἐξὲψυξε.
2654 3602 2915 3657 Τοσοῦτον
2978 3596 3212 3662 ὶπιϐιους
3316 3600 3455 3675 μετὰ
3509 3601 3608 3668 τὴν
3681 3596 3846 3666 πλη-

2183 3691 2283 3767 γὴν
2347 3690 2436 3745 καὶ
2491 3689 2586 3754 τὰς
2646 3690 2937 3768 μάστιγας,
2990 3689 3116 3746 ὃσον
3192 3688 3489 3765 ἐκκαλύψαι
3540 3691 3629 3747 καὶ
3678 3694 3848 3747 τοῦτο

2181 3792 2299 3843 τοϊς
2360 3779 2683 3855 προσήκουσι
2714 3780 2777 3835 τὸ
2811 3779 3135 3858 ἀπόῥρητον,
3184 3777 3277 3836 ’ίνα
3322 3780 3399 3856 μὴ
3443 3777 3580 3855 λάθῃ
3645 3777 3848 3857 Κύριος

2181 3870 2409 3947 κρίματα
2454 3875 2644 3942 ποιῶν,
2702 3871 2790 3927 καὶ
2832 3871 2867 3937 ἡ
2920 3869 3029 3925 θεία
3085 3866 3205 3936 δίκη
3265 3868 3486 3927 ἐνταῦθα
3550 3875 3673 3933 τοὺς
3723 3889 3848 3927 πο-

2181 3960 2368 4037 νηροὺς
2418 3956 2738 4029 κολάζουσα.
2816 3956 3018 4035 Θάρσος
3093 3955 3373 4016 ἀναλαϐὼν
3426 3959 3454 4014 ὁ
3516 3956 3846 4036 ἐπίσκοπος,

2178 4050 2266 4106 καί
2322 4050 2492 4123 μόνην
2566 4045 2807 4125 ἐξαρκεῖν
2893 4049 2989 4117 τήν
3054 4051 3232 4107 πίστιν
3312 4047 3671 4126 λογισάμενος
3752 4048 3845 4116 εἷς

2177 4140 2447 4216 βοήθειαν,
2510 4138 2842 4215 μετενεγκὼν
2927 4137 3131 4216 σπουδῇ
3190 4139 3277 4195 καὶ
3336 4143 3472 4216 τιμῇ
3527 4134 3705 4214 πολλῇ
3763 4138 3847 4197 τὰ

2174 4236 2283 4286 τῶν
2313 4229 2574 4308 ἀριστέων
2610 4228 2697 4285 καῖ
2757 4227 3037 4306 μαρτύρων
3095 4235 3321 4309 Χριστοῦ
3377 4227 3632 4307 σώματα,
3685 4228 3848 4305 παρὰ

2175 4319 2252 4393 τῷ
2309 4319 2479 4399 τείχει
2532 4321 2630 4379 τῆς
2687 4315 3029 4383 ἀκροπόλεως
3108 4322 3268 4378 αὐτοῦ
3325 4316 3661 4396 ἐγκατέθετο,
3720 4316 3842 4395 φύ-

2175 4406 2341 4474 λακας
2371 4407 2469 4482 μὲν
2525 4404 2624 4473 τῆς
2684 4403 2919 4481 πόλεως,
2969 4407 3215 4487 σωτῆρας
3245 4405 3301 4463 δὲ
3355 4408 3462 4463 τῶν
3526 4403 3841 4489 πλεόντων,

447 4504 585 4557 sunt
616 4498 674 4557 in
716 4486 944 4559 morbis
972 4508 1034 4560 et
1063 4497 1521 4570 calamitatibus,
1555 4497 1955 4560 certissimum
1988 4486 2078 4559 so-

2186 4505 2281 4556 ιῶν
2338 4496 2392 4553 ἐν
2451 4507 2751 4575 συμφοραῖς
2801 4496 2889 4553 καί
2954 4486 3129 4565 νὸσοις
3188 4494 3408 4573 ἀψευδὲς
3468 4486 3841 4578 παραμύθιον,

446 4585 679 4659 latium,
711 4590 786 4649 ad
817 4588 1065 4667 gloriam
1090 4587 1286 4668 magni
1319 4588 1425 4651 Dei
1456 4597 1514 4649 et
1543 4589 1874 4651 Servatoris
1905 4588 2092 4651 nostri

2186 4590 2249 4653 εἷς
2305 4586 2455 4654 δόξαν
2515 4588 2607 4643 τοῦ
2662 4583 2899 4664 μεγάλου
2973 4593 3107 4645 Θεοῦ
3182 4585 3276 4644 καί
3336 4584 3588 4663 Σωτῆρος
3665 4585 3837 4661 ἡμῶν

443 4677 586 4742 Jesu
617 4678 863 4753 Christi,
899 4697 1056 4741 nunc
1087 4684 1146 4741 et
1178 4696 1418 4760 semper
1448 4685 1508 4742 et
1539 4678 1601 4741 in
1649 4678 1869 4741 saecula
1893 4696 2090 4743 saecu-

2186 4679 2354 4747 Ἰησοῦ
2383 4676 2611 4756 Χριστοῦ
2668 4682 2755 4733 νῦν
2786 4677 2873 4733 καί
2903 4674 2985 4733 ἀεὶ
3015 4679 3102 4735 καὶ
3160 4678 3234 4742 εἷς
3292 4675 3415 4742 τοῦς
3469 4677 3665 4741 αἰῶνας
3715 4679 3837 4733 τῶν

447 4769 666 4831 lorum.
700 4769 916 4832 Amen.

2186 4769 2404 4831 ιῖώνων,
2438 4765 2640 4844 Ἀμὴν.

3514 6394 3538 6398 —
3636 6395 3662 6400 -ι
3742 6393 3778 6400 ﬁ.
3846 6395 3872 6400 —_
3947 6397 3950 6400 .
4024 6396 4044 6400 τ
4094 6392 4112 6398 ηε
