4132 6400
283 341 398 409 417
1698 335 1885 399 νΙΤΑ
1933 335 1992 398 S.

2043 333 2425 400 SPYRIDON
2431 335 2522 398 IS.
3557 339 3674 404 418

1071 646 1479 776 ΒΙΟΣ
1586 643 1892 774 ΚΑΙ
1999 644 2878 776 ΠΟΛΙΤΕΙΑ

1503 888 1632 939 ΤΟΥ
1678 887 1875 938 ΟΣΙΟΥ
1921 887 2183 939 ΠΑΤΡΟΣ
2233 888 2446 942 HM‘JN.

1364 1062 2622 1232 ΣΠΥΡΙΔΩΝΟΣ

861 1371 1748 1460 ΕΠΙΣΚΟΠΟΥ
1878 1373 3089 1468 ΤΡΙΜΙΘΟΥΝΤΟΣ.

1155 1711 1484 1823 VITA
1574 1710 1749 1821 ET
1837 1670 2821 1819 CONVERSATIO

831 1964 1008 2137 S.
1119 1965 1308 2134 P.
1434 1965 1645 2135 N.
1797 1959 3152 2134 SPYRIDONIS

1527 2231 1860 2300 EPISCOPI
1902 2229 2458 2296 TRIMI’I‘HUNTIS.

912 2396 1112 2469 (Latine
1139 2395 1270 2468 apud
1298 2395 1509 2455 Surium
1541 2400 1597 2454 ad
1639 2397 1772 2455 diem
1811 2395 1878 2451 l2
1907 2392 2031 2450 Dec.

377 2716 466 2775 A’.
526 2714 799 2790 Μέγιστον
858 2714 932 2776 εἷς
983 2713 1167 2792 ψυχῆς
1214 2712 1475 2792 ὠφέλειαν
1533 2713 1642 2790 βίος
1696 2712 1948 2790 γενναίων
1972 2715 2011 2767 Α

301 2809 385 2864 καὶ
460 2801 724 2885 φιλοθέων
787 2799 991 2880 ἀνδρῶν
1050 2801 1146 2858 καὶ
1202 2802 1367 2860 πολὺν
1419 2805 1510 2860 τὸν
1571 2802 1799 2860 πλοῦτον
1863 2801 1961 2866 τῆς

312 2895 499 2972 ἆρετῆς
557 2893 816 2967 ἐμποιεῖν
861 2891 1171 2967 δυνάμενος.
1233 2895 1306 2950 Οὐ
1365 2894 1525 2968 μόνον
1582 2894 1682 2970 γὰρ
1714 2890 1804 2946 τοῦ
1833 2889 1960 2969 χεί-

317 3005 464 3062 ρονος
507 2987 780 3052 ὶκκοπὴν,
841 2980 980 3038 ἀλλὰ
1038 2983 1124 3038 καὶ
1181 2981 1388 3050 πολλὴν
1450 2984 1580 3061 πρὸς
1639 2983 1700 3036 τὸ
1757 2980 1960 3055 βέλτιον

311 3071 617 3150 μεταϐολὴν
673 3072 1055 3150 ἀπεργάζεται.
1118 3070 1246 3129 Εἴτε
1321 3072 1421 3150 γάρ
1479 3093 1564 3134 τις
1621 3069 1716 3137 εἴη
1773 3070 1959 3125 πάθεσι

304 3161 872 3243 προκατειλημμένος,
932 3159 1188 3218 τοιούτων
1245 3161 1528 3218 ἀπολαύων
1584 3159 1957 3238 διηγημάτων,

294 3259 394 3321 τῆς
459 3253 599 3332 πρός
644 3259 814 3308 ταῦτα
864 3251 1034 3330 ὁρμῆς
1092 3251 1397 3330 ἀφίσταται,
1459 3252 1546 3307 καὶ
1601 3248 1962 3326 μισοπόνηρος

297 3346 502 3422 γίνεται
533 3359 548 3374 ⁸
619 3340 734 3398 εἴτε
783 3341 888 3414 μὴν
959 3342 1044 3397 καὶ
1102 3340 1294 3417 ἀρετῆς
1370 3339 1702 3408 ἐπιμέλεται,
1763 3339 1960 3416 Θερμύ-

301 3453 451 3512 τερον
503 3433 613 3489 ὑπὸ
672 3435 774 3498 τῆς
820 3431 1048 3508 ἱστορίας
1111 3432 1225 3509 περὶ
1284 3430 1443 3498 αὐτὴν
1498 3429 1823 3486 διαιίσταιαι
1872 3429 1960 3483 καὶ

311 3528 378 3592 τί.
429 3530 520 3579 τοῦ
579 3521 768 3594 ὁμοίου
826 3521 975 3599 φιλίᾳ
1012 3517 1356 3596 παροξύνεται
1417 3522 1548 3589 πρὸς
1579 3519 1678 3587 τὴν
1707 3520 1954 3593 μίμησιν,

320 3610 550 3683 ηἱμησις
605 3609 660 3667 δέ
719 3611 807 3667 καὶ
865 3609 1026 3681 ζῆλος
1085 3609 1334 3688 μεγάλων
1379 3609 1550 3680 δήπου
1609 3611 1694 3665 καὶ
1749 3613 1956 3682 Θαυμα-

324 3700 452 3756 σίων
507 3699 694 3774 ἀνδρῶν
751 3701 878 3756 ὅσον
935 3698 1168 3773 δύναται,
1247 3703 1335 3757 καὶ
1393 3699 1545 3757 ἄλλοι
1606 3698 1704 3774 μέν
1765 3697 1961 3762 ἔδειξαν

323 3795 434 3845 τῶν
490 3791 784 3865 πρθατάντων
839 3790 899 3846 τὸ
956 3790 1072 3869 περὶ
1127 3789 1228 3857 τὴν
1289 3790 1486 3866 ἀρετὴν
1546 3787 1838 3867 φιλόκαλον
1869 3810 1962 3861 μι-

321 3877 639 3954 μησάμενοι,
727 3877 965 3954 μάλιστα
1040 3877 1096 3936 δέ
1167 3880 1381 3939 πάντων
1440 3881 1468 3935 ὀ
1524 3882 1815 3954 θαυμάσιος
1873 3881 1964 3933 τον

310 3969 424 4046 βίον
509 3967 805 4048 Σπυρίδων,
892 3966 1086 4026 Ἰακώϐ
1152 3990 1209 4024 τε
1295 3969 1430 4044 ὁμοῦ
1506 3970 1593 4025 καὶ
1669 3970 1759 4025 τὸν
1819 3970 1962 4024 Θετον

312 4042 486 4117 Ᾰαυῖδ
538 4042 824 4138 εἰς’ἅκρον
879 4058 1151 4130 ζηλώσας,
1213 4061 1302 4116 καὶ
1331 4042 1498 4116 νπολὺ
1554 4058 1676 4114 κατ’
1734 4042 2028 4122 ἐνείνουςΒ

303 4155 367 4209 τὸ
438 4157 613 4229 πρᾶον
672 4153 759 4208 καὶ
817 4149 1090 4212 ἄπλαστον
1151 4150 1554 4225 ἀσπασάμενος,
1623 4153 1696 4214 ὡς
1751 4147 1804 4204 δέ
1867 4153 1965 4204 καὶ

303 4243 440 4319 πρὸς
509 4237 759 4319 Ἀϐραὰμ
815 4239 907 4297 τόν
963 4238 1234 4318 φιλοξενον
1305 4241 1535 4316 ἐμμελές
1595 4240 1818 4319 βλέψας,
1879 4241 1968 4296 καὶ

301 4333 462 4388 κοινὰ
506 4332 576 4386 τὰ
621 4331 747 4387 ὄντα
797 4343 922 4396 τοῖς
968 4333 1228 4410 χρῇζουσι
1289 4330 1679 4406 ποιησάμενος,
1740 4333 1966 4388 κάντεὺ-

301 4425 390 4479 θεο
436 4423 503 4479 οὗ
548 4421 651 4487 τὴν
706 4421 811 4500 γῆν
854 4420 941 4478 διὰ
982 4424 1044 4477 τὸ
1085 4429 1253 4499 πρᾶον
1296 4424 1368 4487 ὡς
1413 4425 1448 4490 ἡ
1493 4423 1807 4501 ὑπόσχεσις,
1844 4420 1960 4476 ἀλλ’

304 4513 498 4573 αὐτοὺς
557 4509 968 4588 κληρονομήσας
1016 4516 1135 4574 τοὺς
1190 4513 1461 4589 ὠρανούς.
1529 4513 1625 4570 Καὶ
1675 4512 1758 4567 διὰ
1797 4510 1962 4567 πλοῦ-

302 4621 420 4674 τον,
481 4599 542 4656 ὅν
599 4599 858 4679 περιεῖδε,
904 4602 1130 4678 Χριστὸν
1187 4601 1329 4666 ὃλως
1387 4605 1478 4659 τόν
1533 4606 1681 4660 Θεϊον
1737 4599 1966 4658 πλοῦτον

309 4689 806 4770 ἓμπορευσάμενος,
863 4692 1147 4767 θαυμάτων
1199 4713 1260 4749 τε
1306 4694 1580 4768 ποταμοὺς
1634 4691 1961 4772 πλουτήσας,

309 4781 391 4836 ἀεί
447 4802 580 4839 ποτε
642 4780 740 4857 μέν
795 4779 1206 4862 ἂντλουμένους,
1267 4781 1537 4858 μηδέποτε
1588 4781 1642 4839 δέ
1701 4782 1964 4859 μηδαμῶς

313 4867 604 4948 λήγοντας.

398 5049 478 5115 Β’.
528 5056 726 5110 Τοῦτον
781 5048 975 5129 ἤνεγκε
1020 5050 1118 5126 μέν
1175 5053 1381 5130 Κύπρος
1433 5053 1468 5119 ἡ
1514 5051 1678 5119 νῆσος
1711 5070 1727 5088 .
1789 5049 1855 5118 ἧν
1914 5049 1969 5106 δέ

311 5142 371 5200 οὗ
397 5139 677 5214 στωμύλος
741 5161 847 5220 τις,
906 5138 1021 5198 οὒδὲ
1078 5140 1295 5218 κομψὸς
1355 5143 1416 5198 τὸ
1447 5140 1596 5216 ἦθος,
1633 5139 1747 5198 οὖὸἐ
1779 5139 1967 5210 πλήθει

305 5233 392 5291 καὶ
449 5234 625 5311 ἀγορᾷ
681 5230 914 5310 χαίρων,
983 5229 1105 5286 ἀλλ’
1163 5231 1368 5298 απλοῦς
1425 5234 1512 5288 καὶ
1588 5231 1820 5310 ἡσύχως
1880 5231 1968 5288 καὶ

303 5322 730 5401 ἀπραγμοσύνην
788 5319 945 5398 εἴπερ
1008 5342 1088 5384 τις
1171 5321 1351 5401 ἓτερος
1424 5319 1818 5396 ἀσπαζόμενος,
1886 5318 1970 5376 Δι’

299 5412 354 5486 ἂ,
388 5412 488 5470 καῖ
543 5413 680 5492 πρὸς
741 5410 842 5478 τὴν
897 5419 993 5469 τοῦ
1049 5412 1408 5492 πατριάρχου,
1469 5412 1706 5490 καθάπερ
1737 5409 1963 5491 ἔφημεν⁷

295 5500 492 5560 Ἰακὼϐ
547 5501 832 5560 πολιτείαν
863 5501 926 5556 τὸ
982 5499 1200 5558 σύνολον
1259 5502 1446 5559 ἑαυτόν
1501 5507 1705 5574 τυπῶν,
1766 5502 1969 5577 ποιμὴν

291 5596 377 5653 καὶ
409 5596 570 5661 αὐτὸς
616 5589 908 5672 προϐάτων
969 5586 1252 5664 ἐδείκνυτο,
1286 5592 1346 5650 οὔ
1391 5593 1497 5668 μὴν
1550 5589 1782 5670 ἀκριϐῶς
1838 5613 1967 5647 ποι-

289 5687 395 5763 μὴν
435 5685 552 5746 οὐδέ
611 5681 832 5767 ἀφελὴς
897 5677 1067 5745 οὕτως
1122 5681 1157 5751 ἢ
1211 5683 1299 5742 καὶ
1353 5682 1667 5765 ἀγροικικὸς
1723 5684 1786 5740 τό
1843 5683 1971 5753 ἦθος

2067 2413 2079 2462 ;
2116 2393 2300 2451 Greece
2329 2410 2388 2448 ex
2427 2393 2535 2449 cod.
2570 2409 2669 2450 ms.
2706 2393 2924 2453 Coislin.
2963 2398 3083 2468 H7)

2119 2712 2162 2770 Ι.
2198 2707 2286 2769 Ad
2320 2708 2627 2770 utilitatem
2686 2711 2901 2782 animae
2952 2729 3051 2772 res
3099 2719 3188 2773 est
3235 2717 3509 2785 maxima,
3568 2713 3690 2775 vita

2044 2815 2474 2875 generosarum
2528 2810 2585 2861 et
2613 2801 2844 2880 piorum
2875 2799 3159 2874 virorum,
3212 2809 3271 2861 et
3318 2819 3448 2880 quae
3491 2810 3692 2880 potest

2046 2904 2254 2965 parare
2279 2905 2520 2966 magnas
2549 2908 2694 2967 opes
2723 2891 2974 2950 virtutis.
3009 2889 3138 2950 Non
3169 2890 3360 2950 solum
3396 2893 3552 2950 enim
3584 2909 3690 2950 re-

2044 2985 2207 3036 secat
2237 2976 2492 3056 td,quod
2526 2987 2617 3038 est
2639 2979 3039 3050 deterius,sed
3061 2980 3237 3040 etiam
3267 2997 3539 3057 magnam
3565 2980 3690 3040 effi-

2045 3064 2121 3125 cit
2157 3067 2538 3127 mutationem
2571 3067 2729 3128 adid
2764 3068 2919 3148 quod
2963 3076 3052 3128 est
3090 3067 3326 3129 melius.
3362 3068 3493 3130 Sive
3525 3069 3684 3128 enim

2043 3154 2219 3216 fuerit
2247 3155 2458 3235 aliquis
2511 3157 2663 3218 vitiis
2719 3167 3182 3238 praeoccupatus,
3220 3157 3436 3218 talibus
3481 3157 3683 3219 fruens

2046 3247 2513 3325 narrationibus,
2534 3247 2764 3308 facilius
2794 3249 2866 3308 ab
2887 3248 2973 3308 eis
3003 3266 3068 3309 se
3097 3248 3363 3308 continet
3394 3267 3406 3310 :
3456 3247 3580 3309 sive
3609 3249 3684 3308 sit

2044 3334 2259 3414 aliquis
2288 3336 2522 3398 virtutis
2546 3339 2870 3416 studiosus,
2894 3337 3092 3399 audita
3121 3339 3390 3412 historia,
3428 3338 3690 3416 exsurgit

2044 3425 2317 3498 alacrior,
2350 3445 2407 3486 e.
2437 3446 2641 3488 amore
2673 3429 2828 3507 ejus,
2861 3427 3016 3508 quod
3049 3441 3139 3490 est
3168 3427 3384 3501 simile,
3411 3427 3692 3488 incitatur

2043 3516 2116 3575 ad
2168 3516 2583 3580 imitationem.
2617 3518 2866 3580 lmitatio
2900 3533 3101 3579 autem
3147 3527 3206 3579 et
3235 3517 3530 3578 aemulatio
3563 3535 3690 3578 ma-

2043 3622 2295 3681 gnorum
2315 3615 2371 3666 et
2393 3606 2833 3669 admirabilium
2857 3607 3116 3669 virorum
3160 3617 3448 3687 quantum
3481 3610 3685 3687 possit,

2045 3694 2213 3754 etalii
2227 3695 2472 3774 quidem
2487 3697 3125 3770 ostenderunt,eorum
3145 3697 3243 3776 qui
3258 3705 3691 3776 praecesserunt

2047 3784 2396 3863 praeclarum
2428 3786 2658 3846 virtutis
2680 3787 2941 3849 studium
2974 3787 3185 3847 imitati
3215 3803 3229 3848 :
3268 3785 3522 3847 maxime
3551 3804 3690 3846 vero

2047 3874 2336 3938 omnium.
2375 3875 2489 3934 vita
2545 3875 2919 3937 admirabilis
2977 3875 3336 3955 Spiridonis,
3375 3875 3475 3954 qui
3508 3874 3686 3937 Jacob

2047 3961 2224 4024 simul
2257 3976 2314 4024 et
2361 3963 2624 4024 divinum
2685 3964 2870 4026 David
2924 3983 3158 4026 summe
3207 3975 3297 4026 est
3326 3965 3682 4028 aemulatus:

2051 4061 2108 4113 et
2136 4055 2289 4113 sicut
2321 4051 2425 4132 illi,
2459 4054 2764 4131 amplexus
2797 4063 2887 4115 est
2917 4055 3219 4115 leuitatem
3250 4073 3318 4114 ac
3352 4063 3693 4115 mansuetu-

2050 4140 2274 4215 dinem,
2309 4152 2368 4205 et
2419 4161 2452 4204 a
2501 4145 2878 4206 simulatione
2927 4144 3181 4206 alienam
3214 4144 3688 4222 simplicitatem,

2052 4233 2328 4293 similiter
2359 4251 2496 4294 vero
2517 4235 2588 4294 ad
2612 4235 2931 4298 Abrahami
2948 4238 3179 4314 aspexit
3201 4233 3684 4314 hospitalitatem,

2052 4333 2110 4384 et
2139 4342 2276 4385 suas
2304 4324 2608 4386 facultates
2653 4327 2850 4386 effecit
2879 4343 3226 4386 communes
3259 4325 3688 4402 indigentibus.

2051 4412 2324 4494 Βᾶθι-(μω
2348 4416 2560 4476 factum
2595 4426 2776 4490 est,ut
2802 4436 2916 4478 non
2953 4425 3400 4495 terrampropter
3419 4431 3694 4474 mansue-

2049 4504 2344 4585 tudinem,
2378 4515 2431 4566 ut
2456 4504 2632 4565 habet
2665 4506 3004 4586 promissio,
3049 4506 3155 4566 sed
3208 4506 3470 4584 ipsorum
3504 4502 3690 4565 caelo-

2045 4611 2178 4654 rum
2201 4602 2629 4670 assequerelur
2655 4598 3088 4671 haereditatem,
3119 4604 3176 4656 et
3200 4603 3442 4675 propter
3462 4594 3694 4656 divitias

2048 4701 2194 4762 quas
2215 4683 2831 4764 despexit,Chi-istum
2855 4688 3051 4767 plane,
3089 4686 3315 4747 divinas
3336 4687 3699 4766 comparavit

2048 4771 2280 4834 divitias
2310 4793 2324 4834 :
2355 4773 2774 4836 miraculorum
2819 4787 3014 4836 autem
3063 4773 3338 4836 dilatatus
3359 4783 3452 4836 est
3475 4773 3692 4853 ﬂuviis,

2051 4862 2154 4942 qui
2204 4881 2444 4944 semper
2495 4864 2739 4944 quidem
2789 4866 3166 4945 hauriuntur,
3224 4883 3530 4945 nunquam
3561 4881 3694 4926 vero

2049 4951 2355 5014 desinunt.
3623 4975 3628 4982 '

2133 5043 2206 5105 ll.
2241 5040 2390 5106 Eum
2417 5043 2549 5106 tulit
2569 5044 2807 5124 quidem
2829 5043 3027 5106 insula
3063 5045 3286 5125 Cyprus
3315 5066 3328 5108 :
3355 5053 3695 5109 eratantem

2051 5150 2172 5193 non
2199 5134 2924 5215 garrulusaliquis,neque
2949 5137 3220 5197 urbanus
3235 5145 3294 5198 et
3319 5137 3558 5217 elegans
3581 5157 3698 5200 mo-

2050 5223 2443 5304 ribus,neque
2469 5224 2573 5302 qui
2601 5225 2985 5288 multitudine
3015 5237 3072 5288 et
3103 5228 3232 5288 foro
3264 5227 3697 5310 delectabatur,

2052 5313 2157 5373 sed
2183 5313 2434 5394 simplex
2455 5324 2513 5375 et
2536 5316 2866 5396 quietus,et
2887 5334 2922 5378 a
2938 5316 3191 5396 negotiis
3210 5318 3492 5398 curisque
3509 5335 3701 5379 remo-

2055 5405 2276 5466 tionem
2294 5406 2577 5469 colens.si
2595 5407 2750 5468 ullus
2769 5406 3246 5480 alius.Quocirca
3265 5409 3335 5469 ad
3355 5408 3702 5488 patriarchae

2051 5491 2235 5557 Jacob
2265 5497 2444 5559 vitam
2477 5516 2544 5559 se
2573 5499 2819 5560 omnino
2867 5498 3180 5576 effingens,
3216 5499 3376 5558 sicut
3415 5497 3698 5577 diximus,

2057 5586 2169 5647 luit
2217 5587 2350 5666 ipse
2389 5606 2621 5668 quoque
2672 5599 2870 5668 pastor
2907 5592 3146 5649 ovium:
3184 5607 3302 5648 non
3335 5597 3532 5649 tamen
3566 5606 3701 5647 om-

2057 5674 2200 5740 nino
2231 5684 2452 5758 pastor,
2484 5686 2587 5742 aut
2641 5678 2827 5746 nimia
2881 5677 3286 5760 simplicitate,
3320 5686 3418 5742 aut
3446 5676 3588 5740 feris
3644 5683 3703 5740 et
