4132 6408
456 346 574 410 419

1770 339 2050 405 ΜΕΝὸῐὸ
2090 339 2517 408 DECEMBEB.

3717 346 3837 411 420

461 479 792 560 agrestibus
824 478 1112 554 moribus,
1146 477 1250 540 sed
1301 475 1628 539 commodis
1670 481 1731 538 et
1755 472 1923 536 valde
1953 473 2102 537 faci-

2204 479 2282 536 ιαί
2329 481 2670 558 ἀνομίλητος,
2733 479 2852 537 ἀλλ’
2913 481 3054 548 ἠθῶν
3108 480 3338 557 μάλιστα
3395 487 3652 561 χρηστῶν
3709 483 3838 540 ἐπι-

463 571 640 642 libus,
679 579 737 632 et
761 571 914 651 quia
945 567 1108 648 vulgi
1130 567 1368 648 quidem
1393 585 1459 628 se
1483 565 2110 643 abducebatcongres-

463 661 635 722 sione
670 681 682 722 :
720 659 1080 740 pauperibus
1105 665 1301 718 autem
1327 665 1385 717 et
1412 655 1746 736 hospitibus
1771 663 1886 715 tam
1921 653 2112 715 facilis

461 750 535 812 ad
566 768 700 810 eum
731 748 964 830 patebat
995 747 1212 822 aditus,
1242 755 1300 806 et
1329 765 1395 807 se
1419 746 1506 808 eis
1538 753 1652 804 tam
1690 742 1989 824 praebebat
2019 744 2111 804 εἴη

462 839 724 912 fabilem,
761 844 824 898 ut
855 845 1012 898 esset
1042 834 1320 897 omnibus
1350 835 1409 895 in
1444 851 1721 895 sermone
1759 832 2104 912 jucundior,

464 941 525 990 et
555 929 624 988 ad
651 926 956 988 facultates
987 944 1126 986 suas
1147 923 1678 986 communicandas
1700 922 1874 1000 longe
1898 921 2110 984 libera-

461 1019 748 1079 lissimus.
773 1016 1139 1077 Praeteriisse
1162 1024 1326 1076 certe
1347 1014 1607 1094 aliquem
1632 1032 1701 1074 ex
1726 1011 1801 1072 iis
1818 1011 1918 1092 qui
1942 1030 2111 1073 acce-

464 1107 703 1176 debant,
739 1105 844 1186 qui
875 1125 990 1166 non
1021 1105 1231 1166 luisset
1259 1105 1334 1166 ab
1389 1123 1459 1165 eo
1507 1101 1766 1183 hospitio
1799 1111 2104 1181 acceptus,

465 1207 593 1258 erat
613 1198 666 1258 ei
695 1197 868 1275 longe
888 1194 1401 1268 molestissimum,
1440 1192 1688 1274 perinde
1719 1209 1785 1252 ac
1817 1191 1867 1250 si
1898 1209 1963 1251 re
1992 1190 2105 1252 ali-

463 1305 576 1368 qua
624 1303 880 1348 maxmia
930 1293 988 1344 et
1048 1284 1557 1364 quaestuosissima
1588 1290 1744 1342 esset
1775 1279 2103 1355 fraudatus,

461 1377 536 1439 Et.
564 1384 690 1438 erat
719 1375 960 1456 quidem
979 1373 1203 1453 alioqui
1225 1374 1279 1433 ei
1317 1370 1468 1432 liber
1497 1371 1758 1443 animus,
1792 1378 1850 1431 et
1879 1369 2108 1430 alienus

469 1466 542 1529 ab
569 1465 734 1527 omni
776 1463 1054 1526 illiberali
1095 1461 1495 1524 assentatione
1526 1469 1585 1522 et
1620 1457 1952 1520 humilitate
1987 1479 1999 1520 :
2035 1457 2110 1519 ad

470 1573 678 1618 eorum
728 1564 950 1627 autem,
986 1552 1088 1629 qui
1144 1553 1256 1612 iter
1303 1548 1820 1628 ingrediebantur,
1878 1547 2112 1608 labores

465 1645 850 1708 recreandos.
890 1643 1036 1704 ctad
1073 1641 1255 1722 pedes
1281 1642 1384 1721 qui
1417 1648 1587 1701 erant
1615 1637 2109 1717 fatigati,abluen-

465 1737 594 1806 dos,
623 1744 682 1797 et
710 1735 784 1796 ad
817 1753 1082 1796 mensam
1116 1731 1557 1812 apponendam,
1586 1738 1643 1790 et
1671 1728 1788 1789 alia
1817 1727 2112 1788 adminis-

466 1826 675 1887 tranda
723 1825 862 1904 jure
916 1821 1200 1884 amicitia:
1230 1830 1288 1881 et
1321 1817 1770 1890 moderationis,
1807 1827 1932 1878 erat
1963 1817 2112 1877 adeo

467 1917 673 1978 dexter
705 1927 762 1976 et
793 1913 1119 1986 officiosus,
1156 1919 1220 1972 ut
1248 1911 1376 1992 ipse
1409 1911 1572 1971 Solus
1603 1909 1714 1971 hoc
1745 1926 1928 1986 magis
1955 1925 2111 1987 prae-

467 2015 671 2085 staret,
721 2022 901 2082 quam
952 2000 1184 2080 famuli,
1228 1999 1328 2081 qui
1374 2009 1514 2060 sunt
1547 2017 1605 2058 In
1656 2015 1799 2058 suos
1837 1997 2116 2057 dominos

467 2095 721 2157 maxima
746 2093 974 2174 praediti
1005 2091 1439 2152 benevolentia.
1474 2087 1612 2149 Erat
1660 2087 1821 2148 enim
1875 2090 1928 2147 ei
1964 2105 2111 2146 con-

463 2193 790 2264 temperata
816 2201 949 2243 cum
973 2180 1258 2260 gravitate
1290 2178 1531 2256 quidem
1564 2175 1938 2254 simplicitas,
1977 2193 2112 2235 cum

462 2273 647 2336 animi
690 2290 828 2334 vero
889 2269 1298 2349 magnitudine
1356 2267 1614 2329 lenitas:
1672 2284 1808 2326 cum
1874 2265 2110 2325 intensa

458 2371 652 2424 autem
686 2374 747 2423 et
783 2359 1015 2422 ardenti
1050 2359 1362 2425 charitate,
1400 2365 1562 2433 grata
1598 2353 1849 2415 florebat
1875 2362 2107 2433 tempe-

459 2451 673 2524 rantia,
708 2468 882 2530 quam
920 2467 1039 2510 non
1077 2447 1272 2507 minus
1309 2445 1537 2516 dilexit,
1575 2453 1634 2504 et
1680 2443 1965 2504 ardenter
2021 2451 2110 2503 est

460 2539 796 2621 amplexus,
824 2556 998 2619 quam
1025 2537 1257 2616 reliqua
1287 2535 1487 2595 omnia
1521 2551 1534 2595 :
1571 2543 1633 2592 ut
1656 2532 1758 2612 qui
1789 2551 1922 2594 cum
1959 2531 2111 2610 legi-

460 2630 610 2692 tima
633 2628 874 2709 quidem
907 2635 966 2689 et
999 2627 1211 2708 pudica
1237 2643 1423 2686 uxore
1453 2642 1573 2684 non
1603 2623 1705 2682 diu
1736 2633 2020 2693 versatus,
2057 2630 2116 2682 et

462 2719 788 2780 liberorum
826 2725 994 2798 pater
1023 2733 1098 2777 ex
1129 2734 1198 2777 ea
1222 2712 1792 2792 effectus,deinceps
1814 2710 2116 2792 voluptate

465 2819 522 2871 et
555 2807 720 2871 omni
768 2807 884 2869 alia
945 2806 1245 2867 mundana
1289 2803 1615 2884 cupiditate
1651 2804 1980 2881 permansit
2009 2821 2114 2864 su-

466 2899 688 2979 perior.
727 2896 878 2960 Hinc
914 2896 1029 2958 mel
1063 2895 1302 2956 virtutis
1333 2892 1659 2954 conﬁciens
1690 2891 2031 2968 diligentius
2063 2897 2122 2952 et

463 2987 525 3050 in
563 2988 696 3068 lege
727 2985 960 3049 Domini
992 2985 1257 3048 studiose
1305 2981 1622 3061 meditans,
1655 2979 2120 3059 benignissimus

465 3079 649 3139 evasit
681 3083 738 3138 et
762 3075 1290 3138 clementissimus.
1327 3071 1398 3133 Et
1425 3082 1491 3132 ut
1517 3069 1705 3132 semel
1740 3070 1957 3145 dicam,
1994 3078 2122 3132 erat

464 3165 750 3248 Spiridon
774 3165 1038 3227 divinum
1061 3165 1339 3226 virtutum
1367 3160 1668 3240 exemplar
1700 3160 2110 3239 archetypum;

2204 3161 2499 3241 ἀρχέτυπον
2570 3166 2655 3220 καὶ
2719 3166 2869 3230 πίναξ
2925 3166 3125 3244 ἀρετῶν
3193 3168 3257 3234 ἦν
3296 3186 3310 3202 ·

465 3257 697 3318 habens
727 3257 968 3337 quidem
995 3272 1203 3318 omnes
1239 3252 1301 3314 in
1331 3271 1396 3312 se
1421 3250 1693 3331 scriptas,
1730 3249 1836 3310 sed
1869 3251 1941 3310 ad
1966 3267 2114 3330 qua-

464 3365 596 3409 rum
628 3345 1020 3406 imitationem
1057 3343 1230 3424 pauci
1263 3347 1537 3422 poterant
1567 3339 1886 3401 accedere.

546 3434 649 3499 Ill.
685 3435 831 3497 Cum
864 3435 948 3494 sic
983 3433 1084 3494 ille
1139 3429 1556 3511 resplenderet
1585 3427 1935 3504 benefactis,
1985 3446 2113 3492 ma-

467 3541 762 3605 gnamque
777 3523 951 3584 vitam
972 3521 1337 3601 etinsignem
1359 3517 1867 3598 attulisset,multa
1880 3535 2118 3598 quoque

468 3617 624 3677 dona
653 3614 880 3694 majora
909 3614 1315 3692 consequitur,
1360 3618 1478 3670 tam
1504 3629 1635 3690 qua;
1656 3618 1797 3670 sunt
1826 3609 1985 3682 hinc,
2017 3610 2116 3670 in-

469 3723 670 3786 quam,
705 3722 879 3786 quam
903 3722 1034 3785 quae
1080 3703 1418 3770 futurorum
1442 3699 1789 3766 describunt
1822 3699 2119 3778 magnitu-

472 3795 698 3858 dinem.
737 3793 874 3856 Hzec
905 3803 1103 3856 autem
1130 3807 1302 3859 crant
1329 3819 1341 3857 :
1371 3791 1581 3859 Morbo
1605 3789 1871 3851 confecta
1895 3789 2118 3851 conﬁr-

472 3884 669 3948 mabat
701 3901 975 3963 corpora,
1012 3885 1418 3950 membrorum
1445 3880 1846 3946 mutilationes
1873 3880 2121 3942 sanabat

469 3975 855 4049 incurabiles,
923 3975 1214 4055 malignos
1274 3975 1622 4055 increpabat
1651 3971 1916 4051 spiritus,
1973 3990 2120 4051 quos

472 4084 604 4127 cum
639 4064 896 4146 primum
956 4066 1345 4149 increpasset,
1385 4065 1547 4128 nulla
1595 4079 1762 4123 mora
1811 4061 2127 4141 interjecta

474 4153 796 4234 fugiebant.
835 4162 894 4216 et
952 4155 1148 4216 statim
1184 4156 1546 4219 recedebant
1582 4175 1594 4213 :
1631 4151 1746 4212 alia
1776 4169 2014 4232 quoque
2049 4149 2124 4212 ab

476 4263 546 4307 eo
579 4243 803 4308 ﬁebant
827 4243 918 4303 his
946 4244 1194 4324 majora,
1248 4248 1460 4308 virtute
1495 4243 1694 4305 divina
1723 4241 1776 4302 ei
1806 4259 1980 4321 opem
2033 4241 2126 4303 fe-

471 4345 665 4398 rente.
699 4333 1098 4406 Quamobrem
1131 4355 1200 4396 ex
1252 4348 1490 4417 pastore
1539 4331 1894 4394 constitutus
1925 4347 2130 4408 paStor

474 4425 604 4487 loco
627 4425 822 4484 (ovium
846 4439 988 4485 cura
1009 4425 1210 4504 gregis
1232 4427 1287 4487 ei
1331 4423 1671 4502 commissa,
1708 4440 1826 4501 quo
1863 4429 2129 4500 tempore

474 4516 1132 4590 magnusConstantinus
1147 4519 1534 4577 Romanorum
1550 4516 1778 4573 tenebat
1800 4517 2125 4586 imperium,

2192 568 2459 644 μεληττὶς,
2515 573 2604 628 καὶ
2676 575 2774 638 τῆς
2821 571 2918 646 μὲν
2975 578 3082 627 τῶν
3134 569 3349 628 πολλῶν
3395 570 3606 646 ὸμιλίας
3650 575 3837 630 ἑαυτὸν

2192 657 2437 737 ἀπάγων,
2484 662 2678 727 πένησι
2740 659 2794 716 δὲ
2837 658 3052 740 ἀνδράσι
3097 662 3186 716 καὶ
3252 658 3415 725 ξένοις
3471 661 3612 719 οὕτω
3655 685 3706 718 τι
3751 667 3844 721 εύ-

2193 749 2443 824 πρόσιτος
2485 751 2572 807 καὶ
2616 752 2950 826 κοινωνικὸς,
3017 751 3090 814 ὡς
3154 749 3250 806 καί
3309 749 3568 825 ὁμιλῆσαι
3628 752 3843 809 πάντων

2193 836 2480 915 ἀνθρώπων
2545 833 2840 896 δείκνυσθαι
2917 839 3296 920 χαριέστατος,
3372 841 3458 896 καὶ
3525 839 3844 916 μεταδοῦναι

2192 932 2297 980 τῶν
2340 925 2506 983 ὄντων
2549 927 2986 1008 φιλοτιμότατος.
3046 926 3260 1003 Ἀμέλει
3306 929 3394 984 καὶ
3456 931 3517 984 τὸ
3574 931 3691 985 τινὰ
3731 937 3844 986 τῶν

2191 1016 2489 1092 παριόντων
2573 1016 2940 1095 παραδραμεῖν
3024 1017 3210 1090 ἐκείνῳ
3296 1019 3374 1092 μὴ
3462 1017 3841 1084 ὲπιξενωθέντα

2192 1101 2429 1183 λυπηρὸν
2485 1108 2554 1172 ἧν
2609 1110 2752 1178 αὐτῷ
2807 1105 3029 1186 σφόδρα,
3087 1106 3183 1163 καί
3258 1108 3378 1164 ἴσον
3449 1114 3526 1181 τῷ
3591 1110 3844 1187 μεγίστου

2192 1195 2333 1257 τινὸς
2394 1197 2482 1251 καὶ
2552 1193 2983 1273 κερδαλεωτάτου
3047 1195 3382 1275 διαμαρτεῖν.
3458 1199 3556 1255 Καὶ
3625 1201 3692 1253 τὰ
3746 1198 3847 1272 μὲν

2191 1282 2328 1339 ἄλλα
2399 1284 2666 1364 ἐλεύθερον
2736 1285 2800 1352 ἧν
2879 1285 3024 1364 ’έχων
3107 1308 3167 1342 το
3240 1287 3488 1366 φρόνημα
3543 1289 3630 1344 καὶ
3702 1287 3846 1353 ξένον

2191 1373 2369 1439 πάσης
2427 1373 2672 1453 ἀγεννοῦς
2745 1373 3025 1440 κολακείας
3098 1378 3184 1431 καὶ
3257 1377 3668 1456 ταπεινότητος,
3747 1380 3845 1434 κό-

2193 1483 2323 1526 πους
2405 1459 2460 1517 δὲ
2547 1461 2964 1541 ὁδοιπορούντων
3049 1462 3459 1544 ἐκθεραπεῦσαι,

2194 1551 2284 1615 δας
2361 1552 2615 1628 ἀπονίψαι
2694 1553 3089 1628 πεπονηκότας,

3551 1469 3637 1521 γαί
3737 1466 3843 1522 πό-

3179 1555 3452 1634 τράπηζάν
3533 1577 3589 1610 τε
3665 1577 3846 1631 παρα-

2193 1645 2363 1697 θεῖναι
2423 1643 2508 1697 καί
2568 1641 2736 1699 τᾶλλα
2814 1640 3123 1709 διακονῆσαι
3203 1646 3376 1700 πάντα
3453 1643 3603 1720 νόμῳ
3670 1644 3847 1722 φιλίας

2196 1734 2293 1786 καὶ
2356 1733 2727 1808 μετριότητος,
2799 1732 2936 1788 οὕτω
3022 1735 3396 1810 θεραπευτικός
3477 1755 3533 1789 τε
3613 1737 3698 1791 καὶ
3754 1733 3850 1789 δε-

2197 1817 2474 1895 ξιώτατος,
2556 1823 2628 1883 ὡς
2706 1826 2864 1880 αὺτοῦ
2938 1821 3101 1896 μόνοῦ
3177 1824 3319 1879 εἶναι
3399 1830 3587 1899 ταῦτα,
3650 1825 3685 1890 ἢ
3742 1825 3850 1881 τῶν

2200 1911 2442 1988 οἰκετῶν,
2528 1916 2634 1965 τῶν
2715 1911 3078 1969 εὐνοϊκώτατα
3164 1915 3281 1991 περὶ
3368 1915 3488 1976 τοὺς
3591 1912 3852 1977 δεσπότας

2199 1999 2318 2059 τοὺς
2371 1997 2529 2061 ἰδίους
2596 1997 2968 2075 διακειμένων.
3047 2000 3333 2080 Ἐκέκρατο
3403 2003 3503 2079 γὰρ
3553 2003 3697 2076 αὒτῷ
3754 2024 3850 2059 σε-

2198 2091 2424 2162 μνότητι
2466 2087 2564 2162 μὲν
2620 2091 2655 2156 ἡ
2715 2089 2982 2169 ἁπλότης,
3015 2089 3193 2166 ἀνδρίᾳ
3252 2090 3306 2146 δὲ
3349 2091 3384 2158 ἡ
3430 2091 3694 2169 πραότης,
3765 2099 3852 2166 Τῷ

2196 2175 2251 2233 δέ
2324 2175 2519 2257 σφόδρα
2596 2182 2828 2252 συντόνῳ
2899 2183 2985 2236 καὶ
3069 2179 3305 2259 διαπύρῳ
3365 2186 3459 2247 τῆς
3522 2182 3730 2260 φύσεως
3791 2185 3853 2238 τὸ

2193 2266 2381 2346 χάριεν
2440 2267 2653 2338 ἐπήνθει
2740 2274 2837 2334 τῆς
2916 2272 3282 2349 σωφροσύνης,
3343 2271 3408 2338 ἧς
3481 2272 3554 2333 ὡς
3630 2270 3843 2334 οὐδενὸς

2191 2356 2397 2433 ἠράσθη
2449 2356 2554 2411 τῶν
2613 2358 2851 2436 πάντων,
2915 2363 3004 2414 καὶ
3052 2364 3260 2437 θερμῶς
3306 2361 3610 2439 περιείχετο
3643 2375 3658 2389 ⁸
3746 2383 3844 2439 γυ-

2195 2445 2334 2500 ναικὶ
2408 2445 2508 2520 μὲν
2585 2448 2795 2522 νομίμῳ
2848 2449 2937 2503 καὶ
2995 2449 3227 2528 σώφρονι
3296 2452 3491 2528 χρόνον
3577 2449 3846 2524 ὁμιλήσας

2197 2536 2320 2613 οὐχὶ
2365 2538 2584 2614 συχνὸν,
2618 2540 2705 2593 καὶ
2749 2538 2927 2615 πατὴρ
2972 2538 3172 2594 παίδων
3212 2539 3271 2595 ἐκ
3300 2542 3498 2606 ταύτης
3531 2542 3841 2618 γενόμενος·

2197 2627 2258 2679 τὸ
2329 2622 2516 2680 λοιπόν
2594 2625 2648 2680 δὲ
2731 2629 2981 2704 κρείττων
3044 2627 3233 2696 ham-ﬁ;
3289 2632 3376 2686 καὶ
3428 2632 3601 2697 πάσης
3672 2629 3842 2696 ἄλλης

2199 2710 2428 2776 ὑλώδους
2495 2713 2766 2790 ἐπιθυμίας
2849 2719 3192 2792 μεμενηκώς,
3268 2717 3532 2775 Ἐντεῦθεν
3610 2720 3695 2774 καὶ
3781 2730 3843 2773 τὸ

2200 2802 2296 2870 τῆς
2364 2803 2556 2882 ἀρετῆς
2633 2805 2752 2880 μέλι
2829 2807 3252 2887 φιλοπονώτερον
3333 2808 3707 2887 ἐργαζόμενος,
3763 2807 3845 2879 τῷ

2203 2893 2351 2967 νόμῳ
2413 2915 2469 2948 τε
2533 2896 2716 2972 Κυρίου
2796 2895 3090 2961 σπουδαίως
3153 2896 3490 2974 ἐμμελετιὸν,
3551 2898 3852 2978 φιλανθρω-

2203 2981 2434 3046 πότατος
2481 2985 2580 3050 τὴν
2627 2987 2813 3064 ψυχὴν
2858 2989 3098 3054 κατέστη
3144 2992 3231 3043 καὶ
3260 2988 3360 3055 τὴν
3416 2989 3640 3068 γνώμην
3686 2989 3860 3044 επιει-

2204 3071 2482 3149 κέστατος,
2529 3076 2617 3130 καὶ
2663 3074 2947 3132 συνελόντα
3011 3077 3192 3158 φάναι,
3266 3078 3413 3134 θετόν
3470 3100 3520 3133 τι
3587 3073 3856 3156 Σπυρίδων

3396 3167 3572 3231 πάσας
3631 3169 3730 3242 μὲν
3801 3166 3859 3221 ἐν

2201 3251 2372 3325 ἐαυτῷ
2415 3253 2788 3332 γεγραμμένας
2823 3255 2988 3334 ἔχων,
3025 3255 3224 3334 ὀλίγοις
3257 3260 3388 3336 πρὸς
3421 3259 3650 3334 μίμησιν
3681 3255 3860 3312 ἐλθεῖν

2200 3339 2489 3416 δυναμένας
2502 3390 2514 3404 ,

2280 3430 2366 3489 Γ’.
2405 3431 2557 3489 Οὕτω
2613 3431 2928 3512 διαλάμπων
2981 3448 3098 3498 τοῖς
3149 3437 3546 3516 κατορθώμασι,
3609 3439 3695 3494 καί
3736 3437 3860 3513 βίον

2200 3523 2408 3585 ἐκεῖνος
2463 3522 2632 3602 μέγαν
2697 3527 3035 3604 εἰσενεγκὼν,
3084 3525 3272 3601 πολλῷ
3316 3527 3573 3602 μειξόνων
3617 3527 3862 3592 ἀξιοῦται

2201 3614 2288 3668 καὶ
2331 3610 2563 3694 δωρεῶν,
2613 3617 2700 3672 καὶ
2733 3617 2866 3680 τέως
2925 3624 3030 3674 τῶν
3071 3616 3292 3677 ἐνταῦθα
3321 3621 3482 3698 φημὶ,
3525 3621 3613 3675 καὶ
3643 3617 3741 3674 ὅσα
3783 3616 3862 3688 δή

2202 3701 2306 3758 τῶν
2392 3702 2697 3780 μελλόντων
2779 3714 3052 3787 ζωγραφεῖ
3125 3708 3222 3776 τὴν
3295 3709 3712 3787 μεγαλειότητα.
3773 3711 3866 3766 Τὰ

2201 3790 2257 3847 δὲ
2302 3794 2368 3860 ἦν
2403 3813 2414 3826 ·
2469 3793 2662 3871 ἐρώννυ
2727 3796 2973 3872 σώματα,
3049 3798 3190 3871 νόσῳ
3239 3800 3684 3879 κατειργασμένα,
3732 3821 3864 3866 πη-

2204 3883 2392 3960 ρώσεις
2449 3885 2565 3942 ίᾶτο
2623 3889 2900 3962 θεραπείας
2962 3888 3330 3967 ἰσχυροτέρας,
3380 3890 3642 3964 πνεύμασι
3673 3911 3868 3955 πονη-

2206 3987 2322 4050 ροὶς
2383 3973 2606 4050 ἐπετίμα
2642 3995 2654 4007 ·
2711 3977 2796 4032 καὶ
2840 3978 2900 4031 τὸ
2946 3977 3108 4051 μέσον
3153 3983 3252 4044 τῆς
3285 3977 3555 4053 ἐπιτιμίας
3614 3979 3701 4035 καὶ
3757 3983 3871 4046 τῆς

2207 4064 2378 4143 φυγῆς
2411 4062 2559 4120 οὐδὲν
2588 4065 2726 4128 ὅλως
2780 4071 2870 4140 ἦν,
2923 4065 3041 4123 ἀλλ’
3089 4070 3235 4132 εὐθὺς
3280 4067 3709 4136 ἀπηλλάττοντο.
3759 4071 3874 4127 Καὶ

2209 4151 2344 4210 ἄλλα
2373 4151 2426 4207 δὲ
2476 4156 2690 4227 μείζονα
2731 4157 2930 4212 τούτων
2975 4157 3148 4214 πολλὰ
3192 4156 3551 4238 διεπράττετο,
3585 4157 3873 4234 δυνάμεως

2211 4241 2353 4316 αὐτῷ
2412 4246 2790 4322 συνεργούσης.
2851 4243 2932 4301 Δι’
2992 4246 3025 4301 ἂ
3083 4248 3170 4304 καὶ
3228 4249 3431 4323 ποιμὴν
3489 4248 3550 4304 ἐκ
3604 4248 3873 4324 ποιμένος

2210 4335 2539 4409 καθίσταται,
2591 4335 2895 4412 ἀνθρώπους
2981 4337 3094 4393 ἀντὶ
3165 4337 3442 4418 προϐάτων
3510 4336 3708 4395 διέπειν
3760 4339 3872 4417 ἐκί-

2212 4425 2518 4502 χειρισθεὶς,
2578 4425 2806 4492 ὁπηνίκα
2869 4436 3271 4493 Κωνστανττνος
3341 4431 3369 4484 ὁ
3429 4429 3598 4507 μέγας
3651 4428 3870 4507 ἐκράτει

2214 4513 2514 4588 Ῥωμαίων,
2569 4516 2753 4596 αὒτὸςκ
2776 4520 2872 4586 τῆς
2943 4517 3146 4581 πόλεως
3195 4517 3579 4596 Τριμιθούντων
3633 4518 3870 4575 ἐπίσκο-

472 4599 1080 4663 Trimithuntinorum
1143 4612 1378 4664 creatur
1430 4601 1771 4682 episcopus.
1833 4602 2117 4671 Quantam

2207 4623 2304 4668 πος
2361 4607 2688 4683 γνωρισθείς.
2735 4591 2903 4675 ΝΟσης
2935 4606 2990 4664 δὲ
3042 4611 3127 4665 καὶ
3171 4591 3307 4683 μετα
3363 4611 3454 4664 τὸν
3495 4610 3678 4688 θρόνον
3733 4611 3868 4688 εἶχε

473 4700 697 4768 autem,
736 4697 1045 4768 postquam
1080 4691 1400 4771 perductus
1433 4691 1542 4750 fuit
1569 4689 1642 4749 ad
1678 4687 1911 4762 sedem,
1941 4688 2125 4749 virtu-

474 4779 548 4840 tis
599 4796 802 4840 curam
861 4790 1139 4857 gesserit,
1200 4779 1546 4860 ostendent,
1601 4796 1735 4854 quae
1765 4777 2041 4838 similiter
2093 4796 2126 4838 a

474 4869 680 4932 sedem
713 4868 926 4948 adepto
945 4868 1098 4931 facta
1118 4880 1256 4932 sunt
1277 4867 2125 4931 miracula.Verumenimvero

474 4959 673 5021 omnia
724 4956 884 5018 illius
934 4960 1234 5040 persequi,
1268 4958 1436 5022 stulti
1480 4968 1537 5020 et
1598 4957 1887 5020 ineruditi
1947 4959 2127 5020 fuerit

475 5046 764 5120 hominis,
826 5065 1022 5129 neque
1065 5066 1204 5111 vero
1264 5049 1324 5111 id
1372 5049 1507 5131 quis
1554 5048 1790 5130 assequi
1843 5049 2124 5130 potuerit,

478 5134 778 5219 quomodo
811 5137 988 5199 etiam
1027 5139 1228 5200 omnia
1259 5140 1735 5219 praetermittere.
1785 5138 1964 5200 nimis
1995 5156 2125 5200 ma-

473 5245 653 5307 gnum
719 5226 1002 5290 damnum
1073 5229 1359 5292 attulerit.
1410 5230 1792 5312 Quaecunque
1833 5243 2032 5291 autem
2082 5241 2141 5296 et

479 5317 672 5378 dicam
689 5365 702 5379 .

559 5407 656 5468 1V.
681 5403 1194 5485 CastigabatDeus
1218 5409 1478 5474 insulam
1515 5410 1726 5493 pluvias
1754 5419 2040 5492 egestate,
2074 5421 2134 5477 et

478 5501 672 5573 gravis
727 5497 1038 5585 premebat
1095 5499 1361 5580 siccitas,
1419 5510 1476 5562 et
1525 5501 1854 5565 siccitatem
1889 5504 2130 5585 quidem

479 5582 956 5674 consequebatur
1009 5585 1220 5664 fames,
1261 5589 1483 5652 famem
1543 5601 1738 5654 autem
1802 5582 2009 5674 pestis,
2073 5603 2134 5656 et

480 5674 684 5759 populi
715 5673 957 5755 quidem
1021 5694 1232 5760 magna
1291 5698 1428 5762 pars
1453 5680 1581 5764 jam
1639 5673 1978 5763 interierat,
2035 5686 2127 5749 al-

2206 4699 2302 4759 τῆς
2356 4695 2547 4772 ἀρετῆς
2607 4695 2944 4777 ἐπιμέλειαν,
2996 4699 3062 4753 τὰ
3122 4698 3258 4774 μετὰ
3315 4699 3403 4755 τὸν
3447 4699 3632 4777 θρόνον
3675 4700 3865 4754 ὡσαύ-

2206 4803 2311 4846 τως
2361 4786 2604 4859 θαύματα
2660 4785 2914 4852 δηλώσει,
2949 4789 3096 4854 Πλὴν
3147 4787 3285 4844 ἀλλὰ
3338 4791 3400 4844 τὸ
3431 4789 3604 4844 πάντα
3638 4789 3732 4862 μὲν
3788 4786 3865 4842 τὰ

2209 4871 2408 4932 ἐκείνου
2456 4873 2738 4939 διεξελθεῖν
2790 4877 3146 4955 ἀπειρόκαλόν
3203 4898 3259 4933 τε
3336 4880 3470 4953 ὁμοῦ
3532 4878 3620 4934 καὶ
3664 4873 3863 4931 ἀδύνα-

2209 4984 2320 5041 τον,
2381 4961 2559 5042 ὥσπερ
2619 4967 2676 5020 τὸ
2754 4966 2928 5022 πάντα
2988 4965 3317 5041 παραλιπεῖν
3369 4966 3613 5046 ἀτεχνῶς
3671 4965 3867 5036 ἐπιζή-

2210 5073 2328 5128 μιον
2365 5067 2378 5082 ⁶
2427 5054 2525 5109 ὃσα
2583 5053 2638 5110 δέ
2682 5057 2768 5111 καὶ
2819 5057 2990 5112 εἰπεῖν
3035 5057 3277 5136 δυνατὸν,
3325 5058 3412 5114 καὶ
3469 5059 3691 5112 ἀκούσαι
3747 5054 3869 5112 λίαν

2210 5142 2506 5222 ὠφέλιμον,
2539 5155 2705 5203 ταῦτα
2737 5144 2802 5212 δὴ
2837 5147 2922 5202 καὶ
2947 5145 3074 5224 ἐρῶ,

2213 5233 2333 5295 dici
2404 5243 2672 5314 possunt,
2746 5243 2806 5296 et
2871 5235 3078 5297 auditu
3146 5235 3317 5300 valde
3367 5245 3506 5300 sunt
3561 5235 3754 5313 utilia,
3801 5253 3878 5302 ea

2301 5415 2385 5476 Δ’.
2451 5415 2704 5486 Ἐκόλαζε
2760 5416 2858 5485 τὴν
2934 5422 3098 5485 νῆσον
3156 5422 3183 5476 ὸ
3258 5421 3388 5486 Θεὸς
3442 5418 3723 5501 ἆνομϐρίᾳ,
3784 5415 3876 5476 καὶ

2215 5505 2424 5585 αύχμὸς
2455 5504 2757 5586 ἐφειστήκει
2817 5505 2986 5573 δεινὸς
3020 5523 3036 5539 ⁸
3084 5511 3173 5565 καὶ
3218 5509 3492 5578 ἠκολούθει
3537 5519 3613 5586 τῷ
3671 5511 3873 5588 αὐχμῷ

2215 5597 2314 5674 μὲν
2364 5596 2546 5675 λιμός,
2593 5603 2670 5671 τῷ
2742 5596 2885 5674 λιμῷ
2944 5597 3000 5656 δὲ
3066 5601 3280 5676 λοιμὸς,
3326 5604 3412 5659 καὶ
3471 5603 3533 5658 τὸ
3593 5600 3729 5660 πολὺ
3776 5607 3872 5658 τοῦ

2213 5687 2470 5767 πλήθους,
2537 5688 2598 5747 τὸ
2650 5688 2751 5768 μὲν
2794 5687 2898 5761 ἤδη
2953 5691 3043 5752 καὶ
3107 5687 3444 5774 διεφθείρετο,
3503 5692 3567 5750 τὸ
3629 5689 3682 5751 δὲ
3741 5689 3867 5751 ὅσον
