4132 6414
268 367 383 440 4⁶ὶ1

1576 371 1765 438 VITA
1809 372 1868 436 S.
1929 367 2410 438 SPYRIDONIS.

3570 365 3690 437 422

285 512 433 572 οῧπω
485 517 653 570 τοῦτο
715 516 912 570 πκθεϊν
969 509 1242 584 ἠλπίζετο.
1303 507 1512 569 Ἐδεττο
1569 507 1624 565 δὲ
1672 511 1736 568 τὸ
1785 507 1953 566 δεινὸν

2053 525 2164 569 :era
2192 525 2334 570 vero
2364 506 2424 567 id
2460 523 2592 567 mox
2627 503 2986 568 credebatur
3005 521 3278 587 passura.
3303 504 3463 587 Opus
3485 515 3685 570 autem

289 601 480 662 Ἦλιοῦ
540 602 768 669 πάντως
813 601 850 670 ἢ
907 601 1087 680 ἐτέρου
1157 607 1261 658 τῶν
1329 597 1448 658 κη’
1523 600 1752 673 ἐκεῖνον,
1816 599 1954 679 εἰ)χῆ

481 691 494 713 3
616 705 624 712 ι
1351 689 1379 712 τ
1451 713 1471 728 ρ
1685 688 1727 712 I"
1864 692 1890 710 Τ

297 695 387 752 τὸν
447 714 670 770 ουρανον
735 690 1112 761 διανοίξκντος,
1177 692 1264 749 καὶ
1322 712 1470 753 cuto,
1530 697 1802 768 Σπυριοων
1859 713 1948 756 ην.

311 776 399 849 Ὠς
449 784 545 861 γὰρ
601 785 638 851 ἡ
702 780 901 857 μάστιξ
945 781 1188 838 ἐπέκειτο
1243 782 1331 838 καὶ
1373 782 1606 860 ἰσχυρῶς
1654 779 1840 855 μετῂει
1893 780 1952 835 τὸ

307 873 526 947 πλῆθος,
592 871 915 950 ὑπεριλγῶν
993 872 1148 934 αὑτὸς
1209 877 1299 928 τοῦ
1355 871 1626 945 ποιμνίου,
1690 870 1776 925 καὶ
1839 889 1950 925 παι-

303 976 510 1041 τρικοτς
550 961 889 1042 σπλάγχνοις
945 959 1342 1039 διακαιόμενος,
1385 957 1556 1015 δεῖται
1601 958 1697 1034 μὲν
1743 961 1814 1020 ὡς
1859 981 1952 1036 φι-

304 1052 612 1131 λάνθρωπος
694 1062 788 1110 τοῦ
870 1047 1247 1130 φιλανθρώπου
1351 1051 1522 1122 Θεοῦ,
1604 1046 1809 1125 πληροῖ
1900 1045 1955 1101 δὲ

306 1146 516 1204 ὶιετνος
592 1141 779 1198 aii-Briau
857 1141 950 1195 τὸν
1022 1139 1238 1218 οὖρανὸν
1293 1137 1534 1216 νεφέλαις
1599 1137 1651 1202 ἐξ
1721 1137 1955 1216 ἐσχάτου

315 1232 414 1298 τῆς
456 1233 579 1310 γῆς,
621 1231 710 1286 καὶ
763 1230 824 1286 τὸ
872 1226 938 1294 δὴ
997 1230 1320 1302 θαυμαστὸν,
1367 1227 1440 1291 ὡς
1499 1228 1577 1302 μή
1624 1248 1704 1289 τις
1750 1226 1954 1300 νομίσοι

314 1320 511 1399 φυσικῇ
567 1341 666 1375 τινι
722 1325 828 1376 τῶν
884 1321 1168 1399 στοιχείων
1223 1317 1362 1394 ῥοπῇ
1432 1319 1521 1372 τὸν
1573 1315 1771 1395 ὄμϐρον
1827 1316 1959 1372 ἀκο-

309 1409 545 1480 λουθεῖν,
626 1407 851 1465 δείκνυσι
936 1409 1033 1483 μὲν
1105 1407 1265 1472 αὒτὰς
1364 1405 1628 1484 πόῤῥωθεν
1713 1408 1740 1462 6
1802 1409 1955 1479 Θεὸς,

310 1499 502 1566 ἵστησι
560 1497 614 1554 δὲ
687 1498 764 1573 μὴ
815 1498 1070 1576 πρότερον
1145 1497 1305 1576 ἐφιεὶς
1367 1495 1624 1563 ἐπιϐῆναι
1682 1502 1778 1564 τῆς
1854 1498 1956 1566 νή-

311 1611 433 1664 σου,
480 1589 608 1666 πρΐν
672 1588 708 1654 ἣ
756 1589 842 1645 καὶ
900 1585 1060 1644 πάλιν
1112 1589 1270 1645 αὗτοῦ
1328 1583 1576 1652 δεηθῆναι
1634 1587 1725 1641 τὸν
1783 1586 1956 1664 ἃγιον,

313 1676 478 1735 Οὖπω
557 1677 725 1734 τοίνυν
813 1679 1019 1742 ὲκεϊνος
1089 1675 1398 1753 σταλαγμὸν
1466 1674 1638 1756 ἀφῆκε
1699 1673 1954 1752 δακρύων,

311 1770 405 1823 καὶ
449 1764 644 1845 ὄμϐρος
699 1765 884 1825 αὐτίκα
955 1763 1252 1843 κατεῤῥάγη
1309 1763 1496 1829 πολύς.
1559 1766 1656 1824 Καὶ
1699 1767 1960 1821 πιαίνεται

316 1857 420 1932 μὲν
465 1858 503 1923 ἡ
561 1861 654 1932 γῆ,
711 1854 957 1936 τρέφεται
1013 1853 1067 1910 δὲ
1107 1855 1174 1910 τὰ
1231 1856 1428 1934 ὡραῖα,
1474 1852 1570 1910 καὶ
1601 1854 1666 1910 τὰ
1695 1853 1829 1924 λήΐα
1862 1853 1958 1910 αύ-

311 1943 488 2018 ξεται,
571 1945 657 2000 καὶ
737 1946 907 2000 πάντα
977 1945 1114 2018 ὁμοῦ
1180 1940 1357 1998 λύεται
1426 1942 1491 1997 τὰ
1549 1939 1714 2005 δεινὰ,
1781 1943 1963 2016 Τούτῳ

311 2031 596 2110 Σπυρίδων
665 2034 748 2090 καὶ
797 2033 954 2090 αὖτοῦ
1005 2032 1215 2112 Ἣλιοῦ,
1279 2031 1371 2088 ’ίνα
1425 2054 1474 2088 τι
1532 2034 1622 2088 καὶ
1677 2030 1958 2107 τολμήσω,

309 2121 828 2201 φιλινθρωπάτερος.
888 2121 949 2180 Ὀ
1011 2124 1107 2196 μὲν
1165 2125 1285 2200 γὰρ,
1333 2124 1424 2178 τὸν
1481 2123 1630 2178 ὑετὸν
1694 2124 1959 2201 ἐπισχὼν,

312 2212 436 2267 εἶτα
481 2210 649 2267 πάλιν
682 2212 874 2279 ἇνῆκεν
910 2231 920 2243 ·
984 2215 1012 2267 ὁ
1055 2211 1110 2267 δὲ
1155 2215 1215 2268 τὸ
1245 2219 1454 2288 πρῶτον
1497 2216 1557 2270 οὗ
1588 2215 1962 2287 μιμησάμενος

313 2299 433 2365 ἴσος
463 2304 521 2356 ιν
552 2309 630 2376 τῷ
661 2299 887 2378 δευτέρῳ
913 2299 1192 2360 δείκνυται.
1250 2303 1346 2359 Καὶ
1404 2312 1557 2360 τοῦτο
1591 2302 1688 2376 μὲν
1718 2300 1785 2369 δὴ
1843 2322 1962 2357 τοι·

351 2393 373 2426 ς-
520 2391 558 2413 ν
793 2390 840 2422 ’τι
910 2389 985 2423 να).
1160 2393 1171 2412 ν
1451 2389 1474 2410 σν
1505 2392 1526 2424 λ

322 2411 490 2453 οπον,
566 2399 758 2469 Ετερον
789 2405 843 2448 οε.
874 2406 1018 2447 ουοιν
1066 2391 1263 2448 ἐκεινου
1307 2408 1738 2467 καταιοειστερον,

413 2479 497 2538 δ’.
541 2481 793 2560 Συμφορὰ
843 2481 1002 2539 πάλιν
1053 2482 1260 2561 ἐκράτει
1303 2483 1482 2558 κοινὴ,
1542 2485 1631 2538 καὶ
1694 2481 1882 2558 ἄγονος
1929 2483 1964 2549 ἣ

331 2571 484 2632 νῆσος
518 2569 755 2643 κσρπῶν.
821 2571 880 2628 Οἱ
940 2577 1156 2627 σιτῶναι
1215 2568 1270 2626 δὲ
1330 2573 1416 2628 καὶ
1477 2570 1850 2639 σιτοκάπηὶοι,
1912 2569 1966 2626 ἐν

322 2657 514 2734 ἄπειλῇ
569 2657 746 2730 τοιᾷδε
811 2666 965 2732 Θεοῦ,
998 2666 1193 2739 τρυφᾷν
1246 2664 1443 2717 suum
1492 2658 1830 2740 βουλόμενοι,
1879 2663 1965 2716 καὶ

314 2748 654 2826 σοφιζόμενοι
710 2749 801 2805 τὸν
859 2751 1064 2828 καιρὸν,
1110 2751 1207 2817 τὴν
1257 2751 1527 2828 συμφορὰν
1581 2749 1784 2824 μᾶλλον
1838 2749 1964 2806 ἐπι-

312 2838 577 2901 τείνοντες
663 2837 826 2912 ἦσαν,
889 2838 1348 2919 τιμιουλκοῦντες,
1404 2842 1431 2895 ὁ
1504 2862 1666 2919 φησιν
1749 2842 1783 2907 ἡ
1857 2840 1967 2896 θεία

322 2927 524 3005 Γραορὴ,
596 2929 690 2983 τὸν
759 2932 913 2986 σῖτον
995 2931 1081 2986 καὶ
1135 2943 1252 2993 τοῖς
1297 2937 1403 2986 τῶν
1451 2929 1678 2998 πλησῖον
1748 2943 1964 3003 κκκοῖς,

323 3013 498 3092 κέρδος
572 3017 790 3075 ἀνόσιον
864 3018 1078 3083 ἑαυτοῖς
1135 3020 1600 3100 προσπορίζοντες,
1671 3011 1785 3078 Ἐνί
1843 3028 1968 3098 γοῦν

2039 597 2294 659 habebat
2327 595 2472 658 illud
2512 596 2729 658 malum
2774 598 3018 658 omnino
3039 597 3239 678 aliquo
3267 596 3420 678 Elia,
3453 604 3550 659 aut
3573 596 3689 658 alio

2037 687 2122 747 illi
2157 686 2470 766 simili.qui
2501 685 2716 748 caelum
2743 687 2975 767 aperuit
2997 689 3267 748 oratione
3299 686 3391 762 ;is
3408 704 3545 748 vero
3567 693 3694 748 erat

2036 774 2499 856 Spiridon.Nam
2533 793 2666 837 cum
2707 774 2876 855 plaga
2907 775 3161 854 graviter
3192 784 3455 857 urgeret,
3494 783 3552 838 et
3582 794 3692 856 po-

2037 865 2240 944 pulum
2259 865 2425 926 valde
2439 867 3063 945 persequeretur.ipse
3085 884 3189 944 pro
3211 884 3390 946 grege
3410 883 3689 944 magnum

2039 955 2272 1034 patiens
2295 973 2602 1034 angorem,
2626 965 2684 1014 et
2712 955 2977 1034 paternis
3015 955 3420 1016 inﬂammatus
3437 954 3690 1017 visceri-

2040 1044 2348 1122 bus,rogat
2369 1043 2612 1124 quidem
2637 1050 2698 1103 ut
2716 1043 3181 1105 clemensDeum
3198 1042 3695 1106 clementem.ille

2039 1143 2238 1195 autem
2298 1137 2494 1195 statim
2531 1135 2736 1213 implet
2780 1135 2994 1195 coelum
3030 1133 3290 1195 nubibus
3320 1151 3394 1196 ex
3425 1143 3692 1195 extremo

2041 1231 2217 1284 terra;
2252 1241 2265 1285 :
2301 1234 2358 1283 et
2387 1225 2541 1302 quod
2571 1233 2662 1282 est
2718 1222 3016 1297 mirabile,
3066 1242 3142 1285 ne
3173 1224 3432 1304 aliquem
3467 1233 3692 1284 motum

2040 1313 2472 1374 elemenlorum
2493 1312 2860 1373 existimaret
2897 1313 3183 1393 consequi
3223 1312 3501 1394 pluviam,
3536 1311 3694 1373 Deus

2042 1421 2142 1464 eas
2174 1401 2378 1481 procul
2412 1400 2696 1462 ostendit.
2745 1401 2913 1464 Sistit
2955 1411 3178 1474 autem,
3213 1420 3331 1463 non
3359 1402 3522 1482 prius
3551 1419 3694 1482 per-

2046 1494 2286 1553 mittens
2316 1509 2421 1553 eas
2439 1491 2769 1553 ascendere
2791 1491 3067 1552 insulam.
3086 1509 3256 1570 quam
3285 1501 3524 1553 sanctus
3556 1509 3693 1552 eum

2043 1602 2251 1646 rursus
2299 1594 2450 1647 oret.
2505 1582 2780 1645 Nondum
2837 1583 2997 1645 enim
3031 1583 3130 1644 ille
3161 1594 3381 1662 guttam
3419 1585 3698 1644 emiserat

2044 1673 2463 1755 lacrymarum,
2498 1675 2769 1752 protinus
2793 1675 2975 1734 multa
2999 1673 3193 1752 erupit
3219 1673 3441 1752 pluvia,
3469 1686 3530 1734 et
3556 1673 3695 1754 pin-

1988 1803 2022 1852 δ
2045 1769 2275 1842 guescit
2313 1763 2555 1843 quidem
2611 1773 2812 1824 terra:
2863 1761 3100 1852 aluntur
3129 1770 3323 1822 autem
3354 1761 3604 1842 fructus,
3638 1769 3700 1823 et

2045 1861 2328 1913 crescunt
2357 1861 2610 1931 segetes,
2646 1862 2705 1913 et
2735 1853 2938 1912 omnia
2968 1851 3148 1911 simul
3181 1852 3332 1912 mala
3359 1853 3695 1916 solvuntur.

2045 1940 2110 2004 lu
2145 1941 2257 2003 hoc
2299 1942 2578 2020 Spiridon
2633 1939 2742 2001 fuit
2791 1945 2922 2020 ipso
2966 1939 3120 2020 Elia,
3155 1949 3217 2001 ut
3247 1940 3474 2017 aliquid
3501 1941 3698 2002 dicam

2046 2031 2352 2100 audacter,
2394 2029 2728 2108 benignior.
2765 2027 2910 2090 Nam
2947 2027 3104 2090 Elias
3138 2029 3378 2109 quidem
3411 2048 3545 2090 cum
3573 2029 3700 2109 plu-

2045 2121 2197 2180 viam
2224 2121 2595 2192 retinuisset,
2631 2118 2850 2180 deinde
2880 2137 3088 2179 rursus
3118 2119 3387 2182 remisit:
3424 2119 3526 2179 ille
3559 2136 3696 2180 vero

2051 2208 2304 2288 primum
2333 2228 2446 2268 non
2477 2207 2763 2278 imitatus,
2789 2209 3022 2269 exsistit
3048 2209 3100 2268 ei
3156 2226 3259 2288 par
3306 2208 3367 2269 in
3401 2211 3694 2270 secundo.

2048 2300 2119 2358 Et
2152 2297 2262 2359 hoc
2287 2297 2524 2377 quidem
2559 2305 2648 2358 est
2696 2297 3018 2375 ejusmodi.
3067 2297 3338 2358 Alterum
3371 2305 3572 2360 autem
3605 2307 3699 2360 est

2048 2386 2150 2447 illo
2177 2387 2364 2447 nihilo
2397 2386 2674 2448 inferius.

2129 2474 2197 2538 ν.
2235 2476 2541 2552 Allligebat
2594 2493 2803 2537 rursus
2858 2476 3196 2539 communis
3252 2475 3582 2554 calamitas,
3637 2486 3700 2541 et

2049 2567 2306 2628 fructum
2345 2585 2462 2626 non
2513 2566 2742 2628 ferebat
2801 2561 3014 2629 insula.
3065 2566 3464 2630 Frumentarii
3500 2578 3699 2632 autem

2051 2667 2107 2718 et
2139 2656 2420 2718 frumenti
2446 2667 2902 2737 cauponatores,
2925 2657 2986 2718 in
3041 2662 3219 2718 tantis
3250 2657 3358 2721 Dei
3387 2661 3565 2720 minis
3588 2677 3698 2720 vo-

2051 2746 2242 2808 lentes
2276 2747 2389 2807 frui
2415 2746 2741 2824 deliciis,et
2766 2755 3037 2828 tempore
3067 2747 3284 2810 callide
3312 2757 3371 2810 et
3405 2749 3701 2811 malitiose

2053 2845 2312 2908 utentes,
2367 2839 2554 2915 magis
2606 2837 2863 2917 agebant
2912 2839 3333 2918 calamitatem,
3385 2837 3696 2915 frumenti,

2054 2934 2116 2986 ut
2163 2925 2309 2985 dicit
2356 2924 2660 3004 Scriptura
2689 2926 2738 3005 ί,
2774 2927 3079 2988 trahentes
3122 2940 3182 2988 et
3233 2936 3522 3005 augentes
3551 2946 3698 3009 pre-

2054 3017 2223 3094 tium,
2250 3023 2308 3074 et
2337 3032 2370 3074 e
2406 3015 2878 3094 propinquorum
2921 3015 3092 3077 malis
3151 3015 3398 3095 impium
3433 3018 3545 3078 sibi
3600 3017 3700 3078 lu-

317 3110 421 3162 τῶν
476 3105 619 3163 οὕτω
673 3107 1065 3178 πλουτούντων,
1125 3110 1292 3177 πένης
1351 3133 1432 3173 τις
1499 3109 1826 3191 προσελθὼν,
1881 3111 1966 3166 καὶ

2053 3121 2216 3165 crum
2269 3115 2568 3184 parantes.
2626 3103 2718 3165 Ad
2779 3122 2964 3165 unum
3026 3122 3168 3183 ergo
3200 3105 3411 3166 horum
3447 3105 3700 3167 divitum

309 3196 575 3274 χρήματα
606 3196 708 3270 μὲν
751 3197 848 3254 οὐκ
891 3196 1033 3278 ἔχων
1090 3198 1179 3260 οἶς
1226 3197 1286 3254 ἂν
1335 3200 1401 3256 τὰ
1452 3201 1582 3275 πρὸς
1627 3203 1726 3264 τὴν
1788 3199 1972 3279 χρείαν

300 3285 609 3364 ὠνήσαιτο,
672 3283 869 3364 δάκρυα
925 3286 980 3342 δὲ
1041 3288 1176 3367 iper
1242 3288 1376 3367 ἅπερ
1438 3289 1569 3369 εἶχε
1627 3288 1968 3346 καταϐαλλό-

306 3395 491 3452 μενος,
547 3375 638 3430 καὶ
701 3377 880 3452 φωνὰς
925 3380 1114 3455 γοερὰς
1155 3377 1208 3433 ἐν
1255 3380 1446 3456 οἰκτρῷ
1487 3380 1735 3458 σχήματί
1785 3400 1842 3435 τε
1885 3381 1973 3436 καὶ

309 3461 584 3538 plenum
650 3465 996 3543 προϊέμενος,
1045 3466 1293 3544 ἐπειρᾶτο
1343 3471 1435 3524 τὸν
1479 3467 1785 3542 ἀμείλικτον
1848 3467 1969 3525 ἐπι-

320 3551 601 3626 κάμπτειν,
668 3551 845 3611 ποδῶν
894 3556 1217 3632 ἁπτόμενος,
1274 3557 1442 3615 οἰκίαν
1485 3555 1618 3625 ὅλην
1671 3557 1971 3616 ἀποκλαιὸ-

330 3660 508 3713 μενος,
557 3643 603 3699 τί
636 3643 713 3718 μὴ
760 3644 927 3700 ποιῶν
971 3647 1020 3701 τί
1049 3647 1126 3721 μὴ
1155 3646 1352 3726 λέγων,
1385 3646 1413 3702 ὅ
1447 3650 1576 3725 πρὸς
1607 3648 1792 3704 οἶκτον
1826 3649 1974 3704 ἐπισ-

339 3730 600 3786 πάσασθαι
648 3732 920 3810 δυνατόν;
971 3735 1064 3799 Ὠς
1132 3735 1185 3792 δὲ
1243 3736 1390 3794 οὖδὲν
1449 3737 1648 3794 τούτων
1692 3738 1829 3805 ὅλως
1875 3743 1974 3807 τὴν

341 3816 537 3910 λιθώδη
592 3825 765 3903 ψυχὴν
830 3823 1037 3892 ἐκείνην
1115 3826 1352 3902 ἔκαμπτε
1424 3829 1555 3908 πρὸς
1618 3831 1972 3910 συμπάθειαν,

335 3907 462 3983 μίαν
518 3911 731 3988 εὸρίσνιει
789 3916 1100 3994 καταφυγὴν
1158 3918 1185 3972 ὁ
1261 3907 1474 3991 πένης,
1512 3919 1603 3974 τὸν
1686 3917 1853 3982 ὅσιον,
1911 3907 1975 3999 vi?

331 4000 655 4076 προσελθὼν,
692 4007 850 4063 αὖτοῦ
907 4025 965 4060 τε
1005 4006 1104 4072 τὴν
1133 4005 1377 4085 ἀπορίαν,
1410 4009 1499 4064 καὶ
1541 4007 1638 4076 τήν
1669 4010 1800 4085 πρὸς
1832 4008 1976 4066 ἔλεον

322 4086 519 4168 ἀκριϐῆ
582 4093 762 4148 πενίαν
811 4091 1019 4159 διέξεισι
1075 4095 1168 4152 τοὺ
1225 4096 1498 4156 πλουσίω.
1549 4100 1650 4155 Τὸν
1701 4098 1754 4154 δὲ
1810 4100 1978 4155 ἀκού-

312 4202 508 4250 σαντι,
542 4187 726 4238 τοῦτον
785 4182 904 4258 μὲν,
941 4183 1158 4252 ἐλεῆσαι
1207 4190 1307 4250 ἐἷς
1359 4193 1650 4268 συμφερᾶς,
1685 4191 1776 4245 τοῦ
1807 4189 1976 4246 πλον-

315 4271 432 4328 σίου
490 4267 547 4325 δὲ
605 4274 831 4345 μισῆσαι
883 4275 981 4341 τὴν
1035 4274 1356 4357 ἀγριότητα,
1415 4267 1504 4334 καὶ
1559 4277 1740 4357 ὥσπερ
1800 4278 1976 4336 ἔνθουν

312 4360 632 4436 γενόμενον,
683 4364 1135 4441 προφητικώτατα
1191 4381 1474 4446 προειπεῖν
1509 4415 1523 4431 ,
1590 4369 1662 4423 Σὺ
1724 4367 1779 4424 δὲ
1838 4367 1975 4425 ἀλλὰ

311 4451 390 4523 μὴ
442 4449 665 4519 στέναζε
710 4450 846 4526 μηδὲ
880 4452 1039 4511 κλαῖε
1073 4471 1088 4486 ⁸
1155 4454 1331 4536 αὔριον
1388 4459 1488 4536 γὰρ
1548 4458 1668 4533 ὄψει
1726 4460 1818 4514 τὸν
1877 4460 1974 4534 μὲν

312 4543 406 4597 σὸν
459 4541 620 4596 οἶκον
698 4545 1013 4610 εύθηνοῦντα
1087 4558 1206 4612 τοῖς
1279 4546 1527 4628 ἀγαθοῖς,
1590 4550 1680 4604 τὸν
1755 4545 1810 4602 δὲ
1888 4551 1975 4604 νῦν

313 4627 574 4686 πλούσιον
647 4628 961 4707 ἒλεούμενόν
1034 4656 1090 4691 τε
1149 4637 1282 4710 ὁμοῦ
1336 4637 1425 4692 καὶ
1484 4635 1815 4714 γελώμενον,
1889 4635 1976 4694 καὶ

316 4719 516 4775 ἄκοντά
560 4741 648 4776 σοι
707 4727 780 4778 ὦν
838 4724 1064 4803 χρῂσεις
1126 4735 1582 4805 πκρσιχωροῦντα,
1642 4728 1730 4783 καὶ
1780 4728 1976 4806 προθύ-

320 4830 437 4882 μως
494 4807 738 4874 ἀξιοῦντα
782 4809 992 4871 λαϐεῖν.
1041 4813 1215 4871 Ταῦτα
1265 4817 1293 4870 ὁ
1353 4815 1449 4889 μὲν
1497 4816 1662 4883 πένης
1709 4818 1780 4882 εἷς
1811 4839 1980 4895 παρα-

325 4897 512 4976 ψυχὴν
569 4895 741 4956 ἐδόκει
786 4899 957 4976 μόνην
1001 4901 1246 4981 λέγεσθκι
1298 4911 1376 4964 τῶ
1418 4907 1554 4983 ἁγίῳ
1593 4909 1692 4974 τῆς
1745 4906 1980 4985 ἐχούσης

336 4989 485 5044 αὒτὸν
542 4995 839 5068 συμφορᾶς.
905 4989 1100 5049 ’Ἔνθεν
1142 5015 1224 5050 τοι
1282 4996 1372 5050 καὶ
1422 4997 1733 5072 σκυθρωπὸς
1790 4995 1977 5070 ἀπῂει,

334 5077 416 5133 καὶ
473 5079 666 5154 αὐτὴν,
730 5082 803 5144 ὡς
875 5079 1068 5158 ἐδόκει,
1153 5084 1254 5151 τὴν
1331 5085 1474 5164 ἱερὰν
1555 5084 1809 5164 ἄγκυραν,
1883 5086 1984 5152 τὴν

327 5168 458 5245 πρὸς
517 5172 614 5225 τὸν
672 5170 844 5250 μέγαν
903 5169 1112 5248 ἐλπίδι,
1158 5173 1320 5241 κενὴν
1355 5175 1441 5232 καὶ
1486 5171 1760 5254 ἄπρακτον
1817 5172 1982 5254 εὓρη-

319 5258 455 5321 πώς.

394 5528 505 5606 ς’.
568 5531 781 5596 Νυκτὸς
839 5525 895 5589 δὲ
958 5530 1062 5601 ἤδη
1107 5531 1542 5619 καταλαϐούσης,
1603 5537 1738 5594 νεύει
1787 5534 1886 5614 μὲν
1955 5536 1983 5590 ὁ

396 5715 416 5766 ί
452 5718 647 5778 Amos
682 5727 746 5796 γ,
786 5711 880 5779 lt.

2056 3212 2192 3254 cum
2251 3193 2489 3272 quidam
2552 3211 2780 3273 pauper
2845 3193 3234 3274 accessisset,
3302 3205 3363 3256 et
3420 3192 3702 3274 pecunias

2055 3281 2298 3359 quidem
2372 3301 2489 3343 non
2574 3283 2841 3354 haberet,
2925 3284 3141 3364 quibus
3243 3291 3494 3360 emeret,
3572 3302 3704 3366 quae

2057 3380 2222 3433 erant
2274 3371 2386 3432 sibi
2441 3373 2512 3433 ad
2572 3389 2744 3433 usum
2797 3374 3182 3436 necessaria:
3241 3373 3534 3455 lacrymas
3589 3392 3700 3435 au-

2058 3468 2202 3542 tem,
2257 3479 2404 3541 quas
2455 3461 2602 3541 proh
2661 3460 2871 3522 dolor!
2928 3462 3204 3539 habebat,
3263 3462 3612 3539 exsolveret,
3648 3472 3708 3525 et

2057 3551 2292 3612 ﬂebiles
2318 3569 2490 3613 voces
2539 3552 2862 3612 miserabili
2928 3551 3134 3613 habitu
3193 3559 3251 3614 et
3280 3553 3488 3614 obtutu
3522 3553 3704 3615 emit-

2058 3651 2252 3720 teret,
2310 3641 2475 3702 illum
2540 3641 2926 3702 inﬂexibilem
3002 3642 3329 3703 conabatur
3413 3643 3700 3719 ﬂectere,

2053 3729 2241 3812 pedes
2271 3748 2583 3808 prensans,
2619 3740 2796 3792 totam
2841 3734 3083 3792 domum
3115 3731 3424 3811 complens
3454 3731 3702 3810 eiulatu,

2057 3821 2197 3902 quid
2236 3837 2350 3879 non
2383 3819 2628 3893 faciens,
2683 3820 2828 3901 quid
2859 3839 2977 3882 non
3019 3820 3251 3895 dicens,
3299 3820 3456 3901 quod
3504 3832 3706 3901 posset

2060 3909 2358 3971 attrahrre
2409 3913 2480 3969 ad
2543 3908 3060 3971 misericordiam?
3117 3909 3434 3991 Postquam
3505 3921 3705 3972 autem

2062 3999 2211 4061 nihil
2247 4000 2458 4059 horum
2487 3999 2732 4060 omnino
2753 3999 3044 4078 lapideam
3070 3999 3229 4060 illam
3244 4004 3503 4063 animam
3530 4002 3712 4066 movit

2062 4092 2134 4152 ad
2171 4088 2640 4161 miserationem,
2676 4107 2856 4149 unum
2883 4088 3172 4166 refugium
3197 4090 3433 4152 invenit
3464 4109 3710 4173 pauper,
3801 4130 3808 4138 -

2064 4197 2282 4258 nempe
2301 4177 2690 4238 sanctum.Ad
2718 4194 2894 4257 quem
2919 4196 3054 4238 cum
3075 4178 3519 4258 accessisset,et
3542 4198 3712 4242 suam

2062 4269 2348 4350 inopiam,
2386 4279 2446 4329 et
2477 4285 2770 4327 summam
2803 4267 3006 4329 divitis
3035 4266 3220 4328 refert
3249 4277 3570 4347 egestatem
3607 4269 3716 4329 mi-

2059 4359 2422 4421 sericordias.
2462 4359 2608 4421 Cum
2636 4361 2688 4420 is
2711 4373 2909 4420 autem
2946 4360 3058 4420 hoc
3081 4357 3396 4431 audiisset,
3432 4359 3715 4420 misertus

1999 4451 2306 4532 unidem
2355 4457 2447 4509 est
2489 4449 2841 4510 calamitatis
2876 4467 2888 4511 :
2927 4447 3126 4509 divitis
3156 4466 3296 4508 vero
3329 4447 3468 4509 odio
3501 4447 3711 4510 habuit

2061 4539 2531 4600 immanitatem:
2591 4548 2649 4600 et
2689 4539 2869 4600 veluti
2921 4557 2955 4600 a
3002 4538 3124 4600 Deo
3155 4538 3407 4618 afﬂatus,
3443 4538 3717 4618 praedixit

2061 4629 2358 4710 imprimis
2391 4629 2738 4706 prophetice
2769 4651 2782 4690 :
2819 4627 2908 4690 Tu
2939 4637 3134 4690 autem
3190 4647 3302 4689 nec
3333 4645 3558 4709 gemas,
3604 4646 3718 4690 nec

2065 4716 2567 4799 lacrymeris.Tua
2599 4720 2758 4780 enim
2784 4719 3001 4780 domus
3023 4737 3153 4779 cras
3175 4718 3499 4780 abundabit
3517 4718 3717 4795 bonis;

2064 4810 2164 4890 qui
2193 4818 2389 4868 autem
2424 4825 2585 4869 nunc
2617 4818 2706 4869 est
2735 4809 2926 4884 dives,
2961 4808 3140 4870 simul
3189 4819 3308 4869 erit
3356 4818 3415 4869 et
3463 4809 3720 4872 misera-

2066 4899 2224 4973 bilis,
2257 4907 2316 4959 et
2340 4897 2712 4969 irridebitur,
2747 4911 2808 4960 et
2839 4897 3055 4959 invitus
3087 4896 3193 4957 tibi
3250 4897 3422 4958 cedet
3461 4898 3534 4958 iis
3577 4898 3722 4976 qui-

2064 4987 2176 5049 bus
2207 5005 2370 5066 eges,
2408 4999 2804 5068 promptoque
2837 4987 3098 5048 etalacri
3130 4987 3332 5048 animo
3365 4987 3618 5069 rogabit,
3659 4996 3724 5052 ut

2064 5075 2494 5158 aceipialeaec
2528 5094 2754 5158 pauper
2789 5079 3028 5157 putabat
3056 5091 3326 5139 sanctum
3345 5076 3590 5155 quidem
3615 5095 3722 5140 so-

2069 5168 2190 5229 lum
2222 5167 2425 5230 dicere
2454 5169 2527 5227 ad
2554 5167 3130 5248 consolandam,qua
3153 5169 3722 5251 premebatur,cala-

2069 5258 2542 5323 mitatem.Unde
2575 5262 2753 5322 etiam
2787 5261 2986 5323 abibat
3021 5262 3230 5335 tristis,
3266 5272 3330 5324 ut
3361 5261 3464 5343 qui
3493 5280 3723 5325 sacram

2068 5350 2414 5424 anchoram,
2451 5369 2668 5431 nempe
2693 5369 2824 5412 eam
2847 5369 3025 5431 quam
3058 5351 3120 5413 in
3157 5370 3370 5431 magno
3405 5350 3723 5433 Spiridone

2068 5458 2234 5521 spem
2268 5439 2547 5514 habebat,
2582 5441 2908 5502 invenisset
2939 5441 3180 5504 inanem
3212 5457 3270 5504 et
3302 5441 3556 5506 irritam.

2150 5527 2250 5593 Vl.
2279 5529 2424 5594 Cum
2462 5549 2570 5592 nos
2599 5541 2796 5595 autem
2820 5532 2948 5612 jam
2981 5533 3384 5609 adventasset,
3404 5530 3562 5594 Deus
3582 5529 3722 5612 qui-
