4132 6406
411 326 529 390 423

1715 324 1997 389 MENSIS
2036 323 2465 388 DECEMBER.

3676 326 3795 391 424

400 462 540 524 dem
568 465 798 523 annuit.
849 460 1118 540 Repente
1167 473 1310 519 vero
1362 455 1523 518 coelo
1554 473 1764 536 aquam
1800 458 2039 519 effundit

2137 461 2284 533 Θεὸς,
2333 459 2587 539 καταχέει
2634 459 2689 516 δὲ
2740 460 2839 527 τῆς
2883 462 2984 538 γῆς
3029 459 3226 538 ἀθρόως
3275 462 3303 516 6
3359 462 3573 538 οὖρανὸς
3623 460 3783 518 ὅδατα
3838 442 3845 449 ’

401 552 461 613 in
488 561 727 625 terram,
778 560 937 611 tanta
966 549 1137 627 cepia
1167 556 1223 609 et
1254 554 1415 607 tanto
1449 546 1696 625 impetu,
1750 556 1815 607 ut
1851 548 2039 607 diviti:

2141 549 2278 605 οὕτω
2323 548 2580 625 δαψιλῶς,
2629 552 2700 614 ὼς
2747 556 2814 624 τῇ
2872 547 3050 626 πολλῇ
3110 550 3310 606 τούτων
3367 552 3505 627 ῥύμῃ
3561 553 3647 606 καὶ
3698 559 3797 607 τοῦ

400 660 518 704 una
544 641 980 702 attraherentur
1028 639 1263 712 horrea,
1314 636 1701 696 frumentum
1745 647 1942 698 autem
1997 656 2029 698 e

2139 638 2389 696 πλουσίου
2460 640 2823 717 παρασυρῆναι
2914 640 3005 703 τὰς
3085 639 3386 715 ἀποθήκας,

3472 642 3563 697 τὸν
3641 656 3700 696 σῖ
3709 662 3797 697 τον

400 732 594 793 omnis
620 730 770 792 alius
804 728 1029 789 fructus
1054 725 1311 806 sparsim
1358 724 1705 803 ejiceretur,
1752 726 2033 804 etjacere

2138 725 2190 782 δὲ
2251 730 2335 785 καὶ
2370 727 2491 792 ὅσος
2545 728 2703 792 ἄλλος
2754 730 2954 805 καρπὸς
2999 727 3394 786 ἀποκέκλειστο
3426 730 3598 809 χύδην
3630 729 3799 809 ἐκυρο-

400 832 638 901 paratus
660 820 732 881 ad
765 817 1118 898 rapiendum
1153 813 1670 875 volentibusOrte
1703 822 1901 876 autem
1931 814 2051 889 die,

400 910 566 971 dives
593 908 830 990 quidem
865 907 1075 980 miser,
1126 912 1184 966 et
1229 905 1390 966 luctu
1439 903 1672 981 plenus,
1730 913 1787 964 et
1832 905 1947 966 huc
1995 914 2053 967 et

398 998 543 1062 illuc
565 999 1045 1059 circumcursans
1068 1004 1126 1056 et
1142 995 1367 1074 justam
1399 993 1631 1053 deﬂens
1652 993 2046 1055 calamitatem

400 1088 645 1168 rogabat
673 1106 775 1147 eos
798 1085 897 1166 qui
930 1084 1320 1157 accedebant,
1355 1092 1413 1144 ut
1449 1082 1565 1142 sibi
1616 1101 1790 1162 opem
1823 1082 2049 1145 ferrent

399 1176 473 1238 ad
519 1177 749 1239 fructus
787 1173 1183 1251 colligendus.
1223 1174 1367 1235 Cum
1426 1172 1592 1231 multi
1646 1189 1810 1245 vero,
1845 1180 2049 1252 utpote

398 1267 753 1339 esurientes,
789 1264 863 1326 ad
915 1262 1267 1342 rapiendum
1314 1260 1792 1333 concurrissent,
1825 1264 2055 1324 accedit

396 1355 574 1417 etiam
608 1355 708 1416 ille
732 1371 978 1434 pauper,
1001 1352 1289 1412 miraculo
1315 1350 1559 1430 quidem
1588 1349 2049 1428 obstupefactus,

396 1445 642 1506 diVitem
695 1452 895 1505 autem
945 1442 1202 1502 irridens
1252 1439 1610 1502 suavissime
1671 1449 1727 1500 et
1784 1442 2050 1501 meritis-

398 1536 573 1606 sime,
605 1541 664 1595 et
692 1533 933 1593 domum
961 1530 1199 1611 replens
1232 1529 1553 1609 fructibus,
1588 1538 1647 1590 et
1669 1529 1870 1590 omnia
1887 1531 2051 1592 nullo

398 1622 633 1702 negotio
657 1621 977 1693 babens,ut
994 1619 1233 1697 dicitur,
1259 1638 1368 1680 nec
1396 1622 1709 1697 seminata,
1733 1638 1841 1679 nec
1865 1631 2048 1680 arata.

397 1712 625 1774 Deinde
675 1730 808 1772 cum
861 1710 1266 1770 conﬂuentem
1326 1707 1549 1767 videret
1609 1708 2047 1770 multitudinem

399 1820 587 1864 saevus
634 1800 736 1862 ille
768 1808 826 1861 et
863 1798 1300 1859 immisericors
1331 1797 1673 1878 (oportebat
1704 1800 1864 1858 enim
1905 1798 2049 1860 nihil

2139 819 2389 894 ρηθῆναι,
2468 819 2554 875 καὶ
2631 820 2703 882 εἷς
2791 816 3089 896 διαρπαγὴν
3150 817 3362 894 ἕτοιμον
3415 824 3620 875 κεῖσθαι
3680 833 3801 885 τοῖς

2134 907 2497 981 βουλομένοις.
2564 904 2796 985 Ἡμέρας
2885 906 2938 963 δὲ
3030 908 3402 988 ἀνασχούσης,
3459 912 3484 965 6
3546 908 3805 974 πλούσιος

2136 996 2233 1070 μὲν
2305 994 2606 1075 θρηνώδης,
2675 996 2876 1077 ἅθλιος,
2945 995 3065 1073 τῇδε
3141 998 3479 1076 περιτρέχων
3546 999 3800 1079 κακεϊσε,

2134 1088 2220 1141 καί
2300 1086 2405 1152 τὴν
2462 1086 2665 1143 δικαίαν
2743 1086 3205 1162 μετακλαιόμενος
3288 1090 3563 1168 συμφοράν
3598 1106 3611 1121 ⁸
3673 1091 3804 1146 εἶτα

2138 1176 2224 1231 καὶ
2291 1176 2391 1230 τῶν
2444 1179 2742 1255 παριόντων
2803 1175 2975 1233 ἐδεῖτο
3006 1177 3270 1252 βοηθῆσαί
3302 1180 3370 1251 οἶ,
3419 1181 3507 1234 καὶ
3564 1179 3800 1254 συναρα-

2139 1268 2253 1319 σθαι
2311 1270 2407 1331 τῆς
2468 1272 2784 1344 συναγωγῆς
2854 1273 2961 1322 τῶν
3026 1273 3265 1345 καρπῶν.
3318 1266 3538 1324 Πολλῶν
3602 1266 3655 1323 δὲ
3700 1270 3800 1324 οἷα

2136 1352 2307 1422 δήπου
2391 1356 2694 1411 πεινώντων
2773 1354 2855 1433 ἐφ’
2955 1358 3170 1432 ἁρπαγῇ
3257 1355 3792 1435 συνδεδραμηκότων,

2135 1444 2374 1522 πρόσεισι
2455 1445 2549 1500 καὶ
2622 1447 2650 1500 6
2705 1446 2894 1519 πένης,
2956 1447 3015 1502 τὸ
3080 1450 3255 1520 θαῦμα
3317 1446 3413 1521 μὲν
3482 1447 3793 1514 ἐκπληττό-

2136 1554 2315 1606 μενος⁹
2362 1531 2548 1597 ἥδιστα
2605 1532 2658 1588 δὲ
2717 1537 2802 1591 καὶ
2850 1544 2939 1592 τ(ρῦ
2988 1534 3239 1592 πλουσίου
3295 1536 3628 1614 καταγελῶν,
3690 1538 3791 1615 γέ-

2955 1358 3170 1432 ἀρππγῇ

2135 1620 2281 1677 λωτα
2334 1620 2692 1694 δικαιότατον,
2759 1623 2975 1692 καρπῶν
3066 1646 3123 1679 τε
3200 1624 3312 1699 ἅμα
3391 1624 3609 1704 πληρῶν
3685 1626 3788 1693 τὴν

2134 1710 2324 1788 οἰκίαν,
2384 1711 2469 1766 καὶ
2552 1711 2726 1767 πάντα
2804 1711 2949 1789 ἔχων
3000 1712 3258 1785 εὒπετῶς,
3333 1715 3394 1769 τὸ
3448 1724 3539 1773 τοῦ
3595 1714 3782 1791 λόγου,

2134 1798 2376 1875 ἄσπαρτα
2445 1800 2532 1854 καὶ
2620 1802 2873 1876 ἄνήροτα,
2953 1802 3086 1857 Εἶτα
3164 1801 3374 1879 συῤῥέον
3454 1805 3515 1859 τὸ
3583 1802 3786 1871 πλῆθος

397 1909 642 1953 manere
671 1888 1084 1969 imperfectum
1112 1905 1319 1948 eorum
1345 1870 1479 1965 quae
1512 1886 1793 1964 praedicta
1818 1886 2039 1948 fueranl

2136 1890 2271 1958 ὁρῶν
2315 1891 2342 1943 6
2392 1889 2540 1962 ὠμὸς
2574 1888 2780 1956 ἐκεῖνος
2814 1893 2902 1947 καὶ
2952 1891 3327 1970 ἄσπλαγχνος,
3376 1892 3477 1947 ἔδει
3512 1894 3610 1970 γὰρ
3659 1893 3788 1949 ἁτέ-

396 1998 430 2042 a
459 1978 795 2061 Spiridone)
832 1986 890 2038 et
919 1995 1017 2039 res
1045 1994 1258 2036 omnes
1294 1974 1456 2035 illius
1510 1993 1730 2037 secure
1765 1977 2039 2038 ambabus

2136 1976 2322 2034 λεστον
2385 1977 2528 2033 οὐδὲν
2587 1993 2769 2053 μεῖναι
2830 1988 2937 2036 τῶν
2999 1980 3291 2056 Σπορίδωνι
3351 1981 3787 2064 προλεχθέντων,

396 2068 637 2131 haurire
670 2064 967 2140 manibus,
1002 2075 1061 2126 et
1091 2083 1226 2125 eum
1254 2083 1512 2145 quoque,
1554 2064 1657 2144 qui
1698 2066 1825 2126 heri
1859 2066 2039 2127 fuerat

2136 2070 2219 2123 καὶ
2277 2069 2342 2123 τὰ
2392 2070 2549 2124 αὖτοῠ
2595 2070 2768 2124 πάντα
2830 2071 2967 2127 κατὰ
3012 2069 3219 2136 πολλὴν
3252 2069 3430 2127 ἄδειαν
3461 2072 3787 2152 ἀμφοτέραις

398 2159 672 2239 supplex,
708 2175 828 2217 una
882 2174 1015 2217 cum
1057 2153 1289 2235 reliquo
1337 2154 1556 2233 populo
1602 2154 1863 2230 abunde,
1898 2157 2039 2217 sicut

2133 2156 2450 2222 ἀντλοῦντας
2489 2176 2502 2189 ⁸
2562 2162 2633 2220 ὡς
2686 2158 2742 2213 δὲ
2797 2162 2881 2215 καὶ
2939 2163 3028 2216 τὸν
3076 2161 3202 2240 χθὲς
3252 2161 3456 2234 ἱκέτην,
3533 2161 3625 2217 ἕνα
3696 2170 3788 2219 τοῦ

399 2247 677 2327 diximus,
710 2246 824 2307 frui
852 2245 921 2305 iis
957 2262 1088 2325 quae
1133 2243 1434 2321 jacebant,
1472 2243 1725 2323 perinde
1759 2263 1824 2305 ac
1860 2246 1913 2305 ei
1945 2265 2039 2307 sua

2133 2246 2364 2315 πλήθους
2448 2248 2757 2325 γενόμενον,
2838 2252 2923 2305 καὶ
3020 2250 3198 2321 αὐτὸν,
3292 2250 3471 2327 ὥσπερ
3554 2250 3781 2331 ἔφημεν,

396 2345 609 2417 sponte
630 2337 772 2395 dare
805 2333 1425 2411 volens,liberalisque
1449 2351 1580 2394 esse
1614 2344 1671 2393 et
1706 2334 2039 2409 munificus,

2134 2335 2369 2414 ἀφθόνως
2416 2337 2752 2393 ἀπολαύοντα
2813 2341 2918 2393 τῶν
2975 2339 3363 2418 προκειμένων,
3424 2338 3607 2418 ὥσπερ
3650 2343 3783 2398 κατὰ

2448 2269 2507 2325 γε
2522 2248 2757 2321 νόμενον,
2838 2252 2923 2305 καὶ
3020 2250 3198 2321 αὐτὸν,

395 2428 496 2509 qui
544 2424 995 2487 sordidissimus
1042 2432 1170 2483 erat
1212 2431 1269 2481 et
1323 2421 1731 2502 parcissimus.
1797 2424 2051 2501 jubebat

395 2534 531 2577 eum
564 2515 637 2576 ad
672 2514 1004 2574 satietatem
1038 2511 1312 2590 accipere
1363 2530 1431 2571 ex
1484 2511 1556 2571 iis
1606 2530 1737 2591 quae
1777 2512 2043 2575 aderant.

396 2603 502 2666 Ille
532 2613 728 2665 autem
781 2603 922 2663 satis
972 2602 1091 2662 risa
1149 2604 1277 2679 ejus
1324 2601 1617 2674 vecordia,
1682 2602 1923 2662 domum
1961 2620 2049 2668 est

393 2711 696 2767 reversus,
742 2695 860 2754 Deo
897 2689 1221 2771 praecipue,
1258 2688 1478 2749 deinde
1509 2689 1700 2750 etiam
1744 2690 2046 2770 Spiridoni

393 2783 455 2844 id
479 2791 721 2862 accepto
751 2780 976 2842 ferens.
1011 2778 1108 2841 Sic
1141 2778 1367 2838 sciebat
1412 2777 1732 2858 Spiridon,
1790 2799 1908 2841 non
1942 2800 2044 2842 so-

393 2872 514 2934 lum
550 2881 792 2954 propter
825 2869 1063 2943 multos,
1099 2867 1203 2928 sed
1241 2867 1416 2928 etiam
1450 2878 1693 2947 prouter
1728 2888 2043 2942 unum,su-

2133 2424 2354 2498 γνώμην
2438 2426 2578 2497 αὸτῶ
2654 2425 2935 2504 δωρεῖσθαι
3018 2430 3367 2504 βουλόμενος,
3437 2431 3526 2485 καὶ
3584 2434 3781 2486 κοινώ-

2132 2514 2275 2577 νικός
2307 2536 2384 2577 τις
2448 2517 2591 2571 εἶναι
2635 2521 2721 2571 καὶ
2760 2515 3129 2594 μεγαλόδωρος
3194 2520 3216 2572 ὃ
3273 2517 3389 2573 λίαν
3422 2517 3678 2598 φειδωλός
3723 2542 3780 2576 τι

2131 2604 2219 2657 καὶ
2274 2603 2657 2675 ἆκοινώτητος,
2721 2606 2927 2661 ἐκέλευε
2985 2610 3089 2662 τῶν
3159 2608 3437 2685 παρόντων
3492 2610 3564 2670 εἰς
3621 2611 3776 2684 κόρον

2133 2689 2296 2756 ἀδεῶς
2353 2691 2666 2764 λαμϐάνειν.
2731 2694 2789 2752 Ὀ
2837 2695 2914 2767 δὲ,
2979 2702 3078 2762 τῆς
3131 2696 3312 2761 ἀνοίας
3368 2700 3558 2760 ἱκατῶς
3614 2698 3768 2753 αὑτὸν

2130 2779 2566 2863 διαμυκτηρίσας,
2630 2782 2814 2840 οἴκαδε
2874 2786 3162 2865 ἀνεχωρει,
3243 2788 3357 2861 Θεῷ
3430 2788 3771 2864 προηγουμέ-

2128 2894 2255 2945 νως,
2321 2872 2500 2929 ἔπειτα
2556 2872 2608 2928 δὲ
2664 2876 2751 2929 καὶ
2823 2875 3111 2953 Σπορίδωνι
3178 2878 3276 2943 τὴν
3334 2876 3491 2955 χάριν
3549 2876 3776 2953 ἐπιγρα-

393 2981 612 3044 pernos
635 2979 792 3041 saepe
810 2960 1045 3040 aperire
1064 2958 1256 3018 fontes
1286 2964 1381 3019 :et
1409 2958 1583 3017 simul
1608 2960 1846 3038 quidem
1885 2979 2037 3038 prat-

2127 2961 2376 3040 φόμενος.
2425 2963 2605 3027 Οἷτως
2672 2963 2793 3043 ᾕδει
2859 2963 3126 3041 Σπορίδων
3187 2968 3246 3022 οὗ
3290 2968 3451 3040 μόνον
3504 2964 3587 3022 διὰ
3642 2965 3781 3023 πολ-

394 3052 595 3116 dicere
632 3060 892 3130 tempus,
918 3068 1034 3129 quo
1057 3048 1171 3109 hoc
1202 3056 1362 3109 esset
1388 3047 1683 3108 futurum:
1723 3048 1899 3109 simul
1931 3067 2037 3111 au-

2127 3048 2271 3129 λοὺς,
2334 3050 2471 3107 ἀλλὰ
2537 3055 2623 3108 καὶ
2676 3052 2744 3108 δι’
2803 3052 2895 3109 ἕνα
2939 3062 3061 3131 γοῦν
3122 3054 3382 3117 πολλάκις
3443 3056 3537 3119 τὰς
3582 3053 3783 3112 ἄνωθεν

394 3150 512 3206 tem
566 3139 928 3223 pauperibus
988 3155 1223 3219 quoque
1284 3136 1591 3217 prodesse,
1649 3147 1705 3199 et
1751 3139 2039 3216 castigare

2127 3140 2349 3217 ἆνοῖγειν
2407 3144 2611 3219 πηγὰς,
2660 3145 2747 3199 καὶ
2793 3145 2924 3218 ὁμου
2971 3146 3069 3220 μὲν
3123 3142 3238 3200 καθ’
3302 3145 3358 3199 ὅν
3416 3145 3565 3202 ἔσται
3625 3152 3783 3203 τοῦτο

393 3232 628 3294 divites.
661 3229 806 3292 Nam
831 3228 941 3292 etsi
974 3226 1317 3313 parcusille
1359 3226 1543 3287 nihilo
1584 3227 1795 3287 melior
1826 3229 2030 3304 evasit,

2127 3232 2302 3307 καιρὸν
2346 3245 2631 3309 προειπεῖν
2678 3236 2810 3306 ὁμοῦ
2868 3232 2921 3288 δὲ
2953 3238 3040 3289 καὶ
3074 3235 3311 3300 πένητας
3343 3234 3644 3313 ὠφελῆσαι,
3694 3238 3784 3292 καὶ

392 3329 455 3381 ut
497 3321 624 3401 jam
679 3319 948 3380 dicetur:
1004 3315 1207 3377 multis
1236 3324 1431 3375 tamen
1464 3314 1761 3376 similibus
1792 3316 1900 3376 fuit
1932 3336 2035 3379 oc-

392 3410 573 3481 casio,
609 3418 673 3471 ut
699 3407 1188 3469 emendarentur.
1218 3405 1355 3467 Haec
1379 3406 1509 3485 quis
1541 3424 1609 3466 ex
1645 3407 2036 3485 praesentibus

393 3517 510 3560 non
535 3498 793 3559 libenter
829 3494 1061 3558 audiit?
1108 3493 1251 3565 Quis
1281 3505 1475 3556 autem
1518 3512 1652 3555 cum
1685 3495 2029 3577 audivisset,

392 3606 512 3650 non
543 3587 652 3648 fuit
706 3587 820 3648 alia
873 3604 1110 3666 quoque
1160 3583 1442 3646 audiendi
1481 3583 1727 3657 avidior,
1767 3594 1823 3645 et
1875 3588 2036 3666 cupit

394 3677 573 3752 scire,
608 3678 877 3757 quisnam
923 3688 1050 3736 erat
1091 3674 1240 3735 adeo
1274 3674 1523 3754 ignavus
1552 3682 1651 3734 aut
1681 3673 1938 3751 invidus,
1977 3686 2037 3737 ut

390 3767 691 3829 sitientem
725 3765 983 3828 animam
1016 3763 1113 3826 tali
1146 3764 1405 3843 privaret
1435 3764 1769 3826 alimento?

468 4035 596 4100 VII.
632 4035 793 4101 Alius
826 4041 1019 4097 autem
1053 4032 1471 4115 agricola,viro
1494 4042 1698 4098 sancto
1722 4033 2028 4096 familiaris

384 4145 518 4189 cum
550 4126 703 4187 fame
753 4125 917 4186 valde
971 4134 1368 4205 premeretur,
1403 4122 1547 4184 at-iit
1606 4124 1655 4185 is
1687 4143 1923 4203 quoque
1953 4125 2026 4185 ad

381 4217 623 4297 inopem
692 4216 860 4276 illum
920 4213 1186 4288 divitem,
1265 4214 1459 4274 adhuc
1536 4214 1854 4274 habentem
1914 4213 2027 4274 alia

384 4306 570 4369 multa
622 4306 837 4368 horrea
876 4304 1048 4385 plena
1114 4303 1439 4383 frumento,
1484 4303 1830 4364 existimans
1865 4303 2024 4363 illam

384 4398 644 4476 priorem
674 4414 809 4458 eum
833 4396 1078 4455 omnino
1119 4394 1439 4472 castigasse
1463 4393 1883 4453 calamitatem.
1922 4390 2029 4453 Vi-

384 4502 484 4546 sus
514 4493 604 4545 est
631 4492 834 4546 autem
890 4483 990 4543 ille
1033 4482 1396 4543 frumentum
1430 4481 1671 4561 quidem
1708 4481 2026 4556 amisisse;

2120 3317 2401 3383 πλουσίους
2459 3320 2891 3401 παιδαγωγῆσαι,
2960 3325 3015 3379 Εἰ
3059 3324 3162 3400 γὰρ
3206 3325 3291 3379 καὶ
3350 3323 3498 3382 οιἘὲν
3542 3323 3775 3406 μᾶλλον,

2119 3412 2189 3471 ὡς
2229 3407 2326 3475 ἤδη
2362 3408 2708 3489 λεχοτίτετκσ,
2748 3414 2775 3467 6
2807 3411 3061 3491 φειδωλὸς
3117 3413 3324 3476 ἐκεῖνος
3372 3413 3604 3480 κατέστη
3633 3437 3778 3493 χρη-

2118 3500 2266 3577 στος,
2300 3498 2419 3554 ἀλλ’
2450 3500 2538 3555 οὖν
2571 3523 2631 3578 γε
2656 3501 2759 3557 τῶν
2786 3505 2980 3575 ἧμοίων
3016 3500 3240 3566 πολλοῖς
3274 3503 3458 3581 γέγονε
3490 3506 3619 3582 πρὸς
3653 3506 3778 3580 βελ-

2118 3590 2297 3643 τίωσιν
2328 3590 2566 3667 ἀφορμή,
2601 3599 2773 3647 Ταῦτα
2822 3593 2898 3657 τίς
2962 3591 3128 3659 ἡδέως
3184 3594 3277 3649 οὒκ
3306 3591 3498 3659 ἤκουσε
3529 3593 3636 3649 τῶν
3667 3616 3778 3650 πα⁸

2119 3677 2315 3754 ρόντων
2354 3682 2489 3751 ;Τίς
2547 3678 2601 3735 δὲ
2660 3683 2748 3737 καὶ
2806 3682 3036 3745 ἀκούσας
3082 3684 3203 3761 οὖχὶ
3235 3683 3481 3759 καὶπρὸς
3539 3684 3605 3739 τὰ
3636 3681 3778 3739 ἄλλα

2120 3767 2436 3847 λιχνοτέραν
2496 3768 2625 3848 ἔσχε
2678 3773 2775 3838 τὴν
2835 3772 3024 3845 ἀκοὴν,
3077 3774 3162 3827 καὶ
3194 3775 3384 3835 μαθεῖν
3416 3772 3778 3852 ἐπεζήτησεν,

2120 3857 2469 3928 ἐπιζητοῦντα
2526 3859 2603 3935 δέ,
2666 3861 2741 3924 τίς
2797 3862 3019 3938 ὀκνηρός
3079 3860 3243 3924 οῧτως
3392 3864 3664 3940 φθονερὸς,
3699 3865 3780 3925 ὡς

2112 3950 2295 4027 ψυχὴν
2325 3957 2588 4005 πεινῶσαν
2632 3956 2828 4029 τρυφῆς
2854 3952 3104 4017 τοιαύτης
3137 3950 3465 4029 ἀποστερεῖν
3516 3970 3533 4027 ;

2193 4036 2249 4091 Ζ⁹
2334 4031 2483 4094 ’Ἀλλ
2660 4041 2670 4060 ¹
2856 4062 2873 4071 ·
2996 4042 3007 4057 “
3122 4040 3133 4053 “
3198 4040 3209 4061 ‘
3386 4046 3410 4054 “
3652 4039 3663 4057 ’

2254 4079 2271 4096 .
2488 4062 2543 4102 ος
2590 4062 2760 4096 τοινυν
2816 4063 3051 4118 γεωργος
3112 4062 3269 4113 ανηρ,
3344 4062 3450 4095 των
3537 4044 3787 4106 συνηθων

2113 4125 2185 4181 ὢν
2249 4127 2326 4200 τῴ
2374 4128 2525 4201 ὁσίῳ,
2587 4131 2675 4184 καὶ
2738 4130 2810 4191 εἷς
2872 4129 3005 4204 ἁγαν
3068 4136 3141 4203 τῷ
3203 4127 3350 4203 λιμῷ
3434 4129 3781 4209 πιεζόμενος,

2112 4216 2273 4290 amid“
2320 4220 2406 4271 καί
2465 4219 2615 4282 οὗτος
2676 4221 2806 4295 πρὸς
2878 4219 3031 4277 αὺτὸν
3094 4218 3305 4275 ἐκεῖνον
3366 4221 3457 4274 τὸν
3518 4222 3786 4298 πενιχρὸν

2112 4304 2390 4376 πλούσιον,
2451 4306 2655 4370 πολλὰς
2717 4307 2791 4365 ἔτι
2845 4310 2931 4365 καὶ
3008 4307 3174 4372 ἄλλας
3232 4310 3505 4379 ἀποθήκας
3570 4307 3787 4388 ἔχοντα

3442 4400 3513 4461 ὡς
3576 4401 3779 4464 ἱκανῶς

3583 4486 3596 4508 ’
3608 4490 3781 4560 Εῲκει

2114 4395 2241 4467 σίτῳ
2298 4397 2677 4474 βαρυνομένας,
2746 4396 3026 4456 ὑπολαϐὼν

2114 4485 2269 4541 αὺτὸν
2341 4487 2373 4551 ἡ
2445 4487 2670 4566 προτέρα
2731 4486 3164 4565 παιδαγωγήσειε
3235 4489 3500 4566 συμφορά.

3114 4398 3354 4478 παντως,

384 4574 685 4656 parcitatis
707 4580 935 4646 vero,et
959 4590 1088 4652 quae
1110 4571 1171 4632 in
1196 4571 1379 4632 divite
1413 4571 1627 4644 inerat,
1662 4570 2029 4631 crudelitatis

2127 4569 2169 4627 δὲ
2227 4573 2379 4637 οὗτος
2425 4577 2513 4630 τὸν
2545 4577 2643 4651 μὲν
2679 4591 2832 4634 σῖτον
2882 4575 3192 4651 ἀποϐαλὼν,
3256 4585 3346 4634 τοῦ
3413 4575 3669 4657 τειδωλοὺ
3717 4575 3778 4633 δὲ

385 4662 536 4722 nihil
585 4663 826 4722 omnino
877 4660 1207 4740 dimisisse,
1265 4678 1459 4738 neque
1520 4659 1762 4719 omnino
1831 4661 2029 4738 seipse

2127 4663 2202 4717 καὶ
2257 4667 2355 4728 τῆς
2411 4666 2528 4739 περὶ
2589 4666 2680 4721 τὸν
2738 4665 2967 4729 πλησίον
3045 4665 3327 4741 ὠμότητος
3387 4669 3449 4722 τὸ
3521 4667 3775 4745 παράπαν

385 4753 643 4814 evasisse
701 4750 935 4825 melior,
992 4749 1103 4810 etsi
1177 4749 1565 4828 polliceretur
1638 4767 1703 4808 se
1762 4755 2032 4828 tempore

2127 4748 2263 4809 οὒδὲν
2326 4750 2735 4828 ἀποϐεϐληκὼς,
2787 4754 2900 4810 οὔτε
2950 4756 3056 4830 μὴν
3117 4754 3254 4818 ὅλως
3309 4756 3538 4829 ἀμείνων
3586 4757 3773 4811 ἑαυτοῦ

386 4845 583 4904 aestivo
601 4841 660 4902 id
676 4841 835 4922 quod
858 4841 1058 4901 datum
1097 4838 1327 4918 fuisset,
1353 4837 1729 4899 redditurum
1759 4857 1891 4898 cum
1924 4857 2030 4899 ac-

2127 4843 2425 4923 γενόμενος,
2474 4846 2644 4900 καίτοι
2693 4845 2779 4901 καὶ
2836 4847 2909 4909 εἷς
2966 4845 3107 4923 ὥραν
3192 4846 3621 4925 ὑπισχνουμένου
3682 4851 3775 4901 τοῦ

385 4931 682 5007 cessione,
706 4931 812 4993 sed
869 4931 972 4992 ille
1014 4928 1250 4991 dicebat
1279 4927 1338 4988 id
1374 4926 1533 5004 quod
1570 4927 1811 5003 dicitur,
1859 4947 2028 5009 spem

2127 4931 2341 4999 πένητος
2401 4936 2535 5006 μετὰ
2607 4936 2913 5013 προσθήκης
2989 4936 3048 4991 τό
3117 4932 3447 5001 καταϐληθὲν
3521 4933 3772 4991 ἀντιδοῦ-

384 5041 632 5105 pascere
656 5021 1011 5100 insipientes
1036 5038 1049 5079 :
1070 5020 1156 5082 Tu
1175 5026 1396 5087 autem.
1422 5016 1638 5096 inquit,
1659 5015 1886 5093 absque
1919 5038 2026 5099 pe-

386 5114 563 5175 cunia
595 5130 712 5171 non
746 5127 992 5189 granum
1049 5128 1257 5185 unum,
1306 5108 1426 5167 imo
1477 5124 1551 5166 ne
1584 5104 1759 5166 unius
1792 5109 2034 5186 quidem

386 5202 555 5283 grani
586 5199 860 5264 umbram
912 5198 1197 5279 accipies.
1234 5197 1378 5260 Cum
1431 5194 1630 5275 itaque
1666 5196 1762 5256 hic
1794 5215 2035 5276 quoque

338 5330 341 5335 -
388 5290 1029 5373 pauperdesperasset,
1065 5290 1328 5349 imitatur
1347 5286 2030 5367 prmcedentem,ettan-

387 5400 563 5461 quam
586 5381 657 5442 ad
681 5399 1057 5441 communem
1088 5379 1427 5441 thesaurum
1463 5376 1728 5454 confugit
1758 5374 2032 5457 Spirido-

388 5489 551 5546 nem,
582 5479 641 5531 et
689 5472 742 5532 ei
776 5478 1080 5531 renuntiat
1138 5488 1269 5550 qum
1328 5473 1488 5528 esset
1520 5485 1748 5547 passus,
1802 5476 1857 5527 et
1906 5487 2038 5548 qua:

387 5558 627 5622 divitem
678 5580 915 5642 rogans,
948 5560 1021 5621 ab
1074 5578 1144 5621 eo
1194 5557 1503 5619 audiisset.
1541 5556 1645 5616 ille
1672 5567 1864 5618 autem
1900 5577 2035 5617 eum

387 5656 527 5714 tunc
552 5651 791 5733 quidem
826 5669 959 5714 cum
1012 5648 1155 5712 satis
1202 5655 1363 5710 esset
1394 5644 1755 5730 consolatus,
1788 5648 2034 5713 domum

2117 5045 2223 5098 ναι,
2258 5021 2377 5077 ἀλλ’
2410 5024 2638 5105 ἐκεῖνος,
2697 5032 2851 5081 τοῦτο
2896 5022 2960 5092 δὴ
3019 5025 3071 5079 :6
3123 5034 3214 5082 τοο
3258 5022 3442 5105 λόγου,
3489 5026 3581 5088 τὰς
3614 5023 3775 5080 ἐλπί-

2119 5110 2209 5176 δας
2269 5112 2418 5192 ἔλεγε
2479 5116 2599 5180 τοὺς
2657 5116 2887 5195 ἄφρονας
2948 5115 3180 5191 βόσκειν.
3218 5116 3289 5169 Σὺ
3321 5112 3398 5187 δέ,
3435 5117 3585 5187 φησὶ,
3621 5138 3781 5195 χρη..

2119 5204 2302 5277 μάτων
2360 5203 2479 5260 ἄνευ
2535 5203 2649 5260 οὔδε
2682 5206 2876 5261 κόκκου
2923 5203 2983 5259 ἂν
3044 5206 3161 5269 ἑνὸς
3219 5203 3335 5260 οὐδὲ
3394 5211 3544 5269 σκιᾶς
3607 5209 3776 5263 αὒτοῦ

2118 5291 2465 5367 μεταλάϐοις,
2502 5293 2791 5370 Ἀπογνοὺς
2823 5298 2910 5351 οὖν
2952 5296 3039 5350 καὶ
3084 5297 3111 5349 6
3156 5293 3326 5361 πένης
3370 5294 3544 5366 οὗτος,
3580 5308 3782 5369 μιμεῖ-

2120 5404 2206 5438 ται
2265 5385 2353 5439 τὸν
2411 5382 2766 5460 προλαϐόντα,
2814 5386 2903 5439 καὶ
2943 5384 3122 5461 ὥσπερ
3168 5386 3241 5449 εἰς
3299 5387 3478 5440 κοινὸν
3507 5386 3780 5460 θησαυρὸν

2120 5473 2211 5528 τὸν
2270 5472 2575 5551 Σπυρέδωνα
2638 5475 2955 5553 καταφεύγει
3029 5474 3358 5551 ἀπαγγέλλει
3415 5497 3468 5530 τε
3535 5476 3624 5530 καὶ
3676 5472 3782 5529 ὅσα

2119 5564 2275 5621 πάθοι
2309 5567 2393 5621 καὶ
2425 5564 2457 5618 ἃ
2487 5570 2578 5618 τοῦ
2612 5562 2861 5620 πλουσίου
2892 5563 3137 5640 δεόμενος
3182 5564 3548 5637 ἐπακούσειεν,
3599 5561 3659 5621 Ὀ
3698 5562 3773 5646 δέ,

2118 5654 2239 5711 τότε
2287 5653 2384 5732 μέν
2434 5655 2630 5720 ἱκανῶς
2690 5657 3098 5737 ψυχαγωγήσας
3163 5655 3342 5733 αὐτὸν,
3403 5651 3586 5713 οἴκαδε
3660 5675 3776 5711 πα-
