4132 6404
288 298 407 371 425

1578 296 1767 370 VITA
1812 305 1874 370 S.
1924 303 2404 370 SPYRIDONIS.

3569 304 3693 383 426

290 440 580 522 ραπὲμπεὶ,
619 440 694 500 06
742 440 851 515 μὴν
910 439 1041 519 ἄχρι
1085 440 1259 518 λογων
1317 441 1494 509 ίστησι
1538 442 1638 509 τὴν
1680 445 1950 520 ψυχαγωο

2038 438 2298 504 dimittit.
2330 438 2538 523 Neque
2559 448 2757 505 tamen
2792 441 2992 507 verbis
3025 449 3199 508 tenus
3222 445 3379 512 sistit
3409 449 3692 513 consola-

290 532 432 610 γίαθ,
489 529 631 588 ἀλλὰ
690 530 785 598 τῆς
841 530 1101 597 επιοόσης
1159 530 1188 584 6
1230 528 1401 607 μέγας
1459 529 1739 609 ἀρχιερεὺς
1796 531 1951 593 αὐτὸς

290 620 518 692 ἐκεῖνος,
584 621 720 697 πρὸς
787 620 882 675 τὸν
968 618 1177 685 πένητα
1240 618 1543 697 ἆφικνϊται,
1619 620 1846 700 χρυσοῦν
1902 641 1952 675 τι

293 709 439 774 εἶδος
496 707 903 788 ἐπιφερόμενος,
948 711 1046 767 οὐκ
1103 708 1376 786 εὐάγωγον
1431 709 1529 777 τὴν
1586 709 1776 787 ὁλκὴν,
1823 707 1953 787 ὅπερ

292 800 344 856 τί
390 820 447 855 τε
475 800 565 878 ἧν,
603 802 691 855 καὶ
742 797 883 866 ὅθεν,
918 796 1007 854 καὶ
1048 793 1196 859 ὅπως
1252 796 1468 876 εὕρηται
1519 803 1598 871 τῷ
1626 799 1783 877 ἁγίῳ,
1818 799 1953 872 μετὰ

288 891 480 967 μικρὸν
509 891 539 945 6
593 887 754 966 λόγος
783 885 1040 954 δηλώσει.
1089 888 1232 951 Τέως
1262 883 1309 942 δ’
1364 887 1454 943 οὖν
1507 889 1536 944 ὸ
1567 887 1736 963 μέγας
1798 890 1952 946 10610

288 976 560 1051 Σπυρίδων
620 989 742 1043 ταῖς
796 976 951 1057 χερσὶ
1007 983 1099 1033 106
1163 975 1392 1044 πένητος
1434 974 1709 1056 ἐμϐαλὼν,
1773 976 1952 1049 Δέξαι,

287 1067 419 1145 ἔφη,
475 1066 562 1123 καὶ
633 1065 712 1139 τῷ
766 1062 1006 1136 πλουσίῳ
1059 1066 1122 1122 16
1193 1064 1486 1145 προσφιλὲς
1556 1069 1700 1139 αὐτῷ
1774 1087 1954 1143 παρα-

294 1157 448 1235 σχὼν
497 1156 566 1219 εἰς
631 1153 937 1233 ἑνέρχυρον,
971 1155 1039 1210 τά
1088 1175 1172 1212 σοι
1225 1155 1474 1235 χρήσιμά
1526 1177 1585 1211 τε
1644 1157 1730 1211 καὶ
1789 1156 1956 1232 ἀναγ-

291 1257 428 1302 καῖα
495 1242 622 1321 παρ’
686 1242 847 1300 αὐτοῦ
934 1240 1195 1318 λάμϐανε.
1271 1243 1450 1322 Ἵξσθη
1541 1254 1697 1304 τοῦτο
1782 1241 1959 1301 λαϐὼν

292 1338 321 1391 ὁ
377 1333 566 1409 πὲιης,
598 1333 684 1389 καὶ
743 1334 874 1409 πρὸς
904 1334 996 1389 τὸν
1029 1331 1281 1390 πλούσιον
1323 1335 1360 1410 ᾖ
1410 1332 1586 1391 ποδῶν
1644 1334 1826 1413 εἶχεν,
1861 1333 1958 1388 ἐκ-

280 1425 462 1498 θύμως
524 1422 746 1502 ἐχώρει,
807 1422 936 1479 εἶτα
1006 1420 1130 1479 ἰδὼν
1185 1422 1392 1485 ἐκεῖνος
1435 1425 1498 1480 τὸ
1554 1423 1608 1479 ἑν
1666 1425 1873 1502 χερσὶν,
1929 1425 1958 1479 ὁ

283 1516 388 1594 πρὸ
466 1519 657 1592 μικροῦ
715 1511 951 1590 σκληρός
1026 1532 1087 1570 τε
1141 1515 1230 1570 καὶ
1293 1512 1663 1587 ἀδυσώπητος,
1712 1518 1809 1570 καὶ
1892 1513 1956 1569 τὰ

2035 530 2257 592 tionem
2287 551 2302 590 :
2355 531 2461 594 sed
2492 532 2768 613 sequenti
2798 533 2898 598 die
2954 553 3207 615 magnus
3239 530 3502 617 pontifex
3536 541 3693 602 venit

2034 617 2165 697 ipse
2192 619 2264 680 ad
2298 637 2644 702 pauperem.
2677 640 2919 685 auream
2952 625 3270 705 quamdam
3302 645 3506 689 secum
3539 630 3689 692 atie-

2034 727 2177 771 rens
2206 709 2470 790 speciem
2522 730 2641 773 non
2699 712 2845 775 levis
2892 714 3203 796 ponderis,
3237 734 3374 793 quae
3420 737 3694 799 quaenam

2036 806 2195 859 esset
2241 807 2298 860 et
2345 800 2526 880 unde,
2562 809 2622 862 et
2651 802 2948 881 quomodo
2981 803 3218 866 inventa
3268 807 3411 868 sita
3458 816 3690 882 sancto,

2037 886 2365 951 declarabit
2395 890 2569 968 paulo
2602 899 2732 970 post
2760 891 2970 954 oratio.
2996 894 3143 955 Cum
3179 905 3320 957 tunc
3346 903 3543 959 autem
3564 915 3695 958 ma-

2037 994 2188 1067 gnus
2211 975 2493 1067 Spiridon
2507 996 2637 1042 eam
2664 979 3049 1044 immississet
3070 988 3130 1043 in
3156 1000 3366 1046 manus
3388 988 3689 1067 pauperis:

2038 1065 2285 1155 Accipe,
2320 1065 2539 1149 inquit,
2573 1079 2634 1132 et
2677 1088 2810 1132 cum
2843 1069 3007 1131 diviti
3055 1080 3282 1151 gratum
3317 1073 3431 1137 hoc
3479 1065 3696 1155 pignus

2042 1154 2398 1240 praebueris,
2438 1176 2569 1236 quae
2598 1157 2707 1220 tibi
2749 1166 2888 1220 sunt
2918 1162 3255 1223 necessaria
3307 1163 3384 1225 ad
3418 1154 3587 1226 usum
3620 1164 3694 1228 ab

2042 1262 2114 1306 eo
2144 1247 2373 1326 accipe.
2407 1245 2531 1308 Hoc
2546 1265 2687 1336 cum
2719 1248 3052 1327 accepisset
3074 1252 3559 1331 pauper,laetatus
3582 1263 3691 1336 est,

2044 1342 2103 1395 et
2151 1342 2372 1410 quanta
2403 1335 2659 1399 maxima
2712 1336 2901 1416 potuit
2929 1338 3234 1400 celeritate
3283 1343 3592 1404 contendit
3620 1335 3694 1406 ad

2044 1422 2310 1485 divitem.
2369 1426 2597 1488 Deinde
2628 1444 2765 1487 cum
2791 1426 3038 1489 vidisset
3067 1427 3169 1489 ille
3198 1428 3258 1489 id
3289 1430 3448 1510 quod
3477 1442 3602 1495 erat
3633 1432 3698 1494 in

2041 1513 2447 1594 manibus,qui
2469 1516 2644 1595 paulo
2664 1524 2802 1577 ante
2825 1524 2957 1577 erat
2979 1516 3165 1579 durus
3198 1526 3257 1579 et
3285 1518 3695 1599 inexorabilis,

282 1611 398 1661 ὦτα
453 1605 588 1683 πρὸς
653 1600 834 1669 δέησιν
905 1602 1354 1682 ἐκκεκωφημένος
1384 1645 1402 1675 ,
1467 1602 1613 1666 εὐθὺς
1683 1603 1790 1659 ἀπὸ
1845 1604 1956 1660 τῶν

2040 1610 2098 1663 et
2127 1603 2298 1680 cujus
2328 1620 2504 1665 aures
2526 1603 2600 1665 ad
2620 1622 2831 1684 preces
2853 1603 3537 1689 obsurduerant,‘statim
3560 1610 3699 1673 ﬂec-

282 1692 573 1772 ὀφθαλμῶν
648 1713 973 1765 καμπτεται,
1051 1691 1144 1750 καί
1201 1691 1327 1760 ἡδὺς
1397 1694 1597 1770 γίνεται
1670 1694 1755 1749 καὶ
1826 1691 1954 1770 φιλ-

2041 1691 2183 1753 titur
2207 1690 2280 1753 ab
2313 1693 2525 1767 oculis,
2562 1692 2880 1771 evaditque
2900 1695 3206 1774 jucundus
3263 1705 3323 1760 et
3349 1697 3645 1778 benignus
3679 1723 3696 1771 ;

286 1785 584 1853 ἅνθρωπος.
651 1783 878 1841 Κάκεϊνο
934 1779 1140 1854 λαϐὼν,
1212 1780 1351 1839 οὕτω
1421 1792 1515 1842 τοῦ
1573 1782 1721 1841 σίτου
1790 1780 1950 1857 δαψι-

2041 1801 2300 1863 cumque
2332 1783 2395 1846 id
2423 1784 2785 1864 accepisset,
2815 1803 2953 1847 eum
2988 1794 3108 1847 tam
3125 1788 3371 1868 copioso
3400 1790 3700 1854 frumento

282 1870 399 1937 λῶς
460 1870 829 1952 μεταδίδωσιν,
862 1874 936 1936 ὣς
993 1873 1082 1928 καὶ
1136 1872 1239 1938 τὴν
1289 1872 1456 1929 οἰκίαν
1512 1875 1672 1929 αὐτοῦ
1728 1874 1954 1949 πληρῶ-

2041 1873 2377 1952 imperitur,
2444 1882 2512 1934 nt
2565 1881 2623 1935 et
2673 1874 2917 1936 domum
2968 1893 3137 1938 suam
3178 1876 3484 1959 impleret,
3515 1888 3576 1943 et
3624 1881 3700 1943 ad

279 1980 373 2018 σαι
407 2008 425 2035 ,
504 1962 593 2017 καὶ
654 1962 779 2039 πρὸς
847 1960 1174 2035 σπερμάτων
1242 1957 1547 2026 καταϐολὴν
1620 1959 1717 2023 αῖς
1795 1959 1954 2037 εἶχεν

2039 1962 2378 2042 dejicienda
2408 1962 2643 2026 semina
2670 1963 2733 2024 in
2761 1964 2835 2026 iis
2865 1983 3018 2045 quos
3060 1957 3338 2042 habebat,
3370 1957 3554 2049 agris,
3589 1969 3699 2031 da-

279 2052 536 2130 ἆρούραις
589 2051 653 2107 τὸ
720 2049 866 2106 δοθὲν
924 2049 1170 2126 ἀρκέσαι,
1217 2047 1357 2106 οὕτω
1414 2070 1475 2105 τε
1536 2048 1812 2127 πολύχουν
1865 2049 1954 2108 τὸν

2040 2060 2167 2113 tum
2192 2051 2515 2115 sufﬁceret.
2550 2051 2718 2124 Quod
2745 2060 2943 2114 autem
2972 2054 3272 2133 dejectum
3306 2047 3501 2119 fuerat
3532 2047 3699 2119 fruc-

282 2140 687 2207 καταϐληθέντα
740 2140 1004 2218 γενέσθαι,
1065 2141 1290 2218 καρπὸν,
1350 2139 1489 2197 ὥστε
1548 2140 1636 2196 καὶ
1682 2140 1744 2195 τὸ
1794 2138 1953 2218 χρέος

2041 2150 2165 2202 tum
2201 2140 2487 2220 produxit
2514 2150 2628 2203 tam
2665 2142 3082 2225 multiplicem,
3109 2152 3173 2207 ut
3203 2153 3259 2207 et
3293 2147 3347 2207 ei
3374 2147 3474 2227 qui
3505 2146 3697 2209 dede-

276 2233 659 2308 ἀπομετρῆσαι
714 2236 793 2304 τῷ
842 2228 1119 2305 δεδωκότι,
1149 2231 1242 2286 τὸν
1298 2231 1371 2295 εἰς
1426 2229 1679 2310 ἐνέχυρόν
1722 2250 1781 2286 τε
1812 2250 1952 2308 χρυ-

2038 2237 2129 2291 rat
2158 2229 2423 2293 debitum
2451 2229 2875 2306 reddiderit,et
2902 2251 3113 2296 aurum
3138 2234 3195 2296 ei
3217 2237 3420 2297 datum
3455 2235 3697 2316 pignori

285 2324 374 2379 abs
431 2322 636 2378 ὶκεῐθεν
697 2318 1016 2394 ἀναλαϐεῖν,
1072 2320 1164 2377 καὶ
1217 2320 1295 2384 τῷ
1350 2319 1486 2397 ἁγίῳ
1546 2318 1691 2382 αὖθις
1749 2317 1952 2395 εὐγνω-

2038 2321 2356 2401 receperit,
2419 2328 2482 2383 et
2535 2319 2609 2382 ad
2671 2329 2940 2385 sanctum
3013 2341 3222 2386 rursus
3274 2333 3441 2404 grato
3497 2326 3699 2390 animo

290 2409 471 2485 μόνως
496 2423 898 2488 προσενεγκεῖν.

2039 2409 2331 2472 retulerit.
2390 2416 2394 2431 '

380 2491 463 2559 B'.
532 2491 672 2557 Ἀλλ’
734 2502 765 2557 6
822 2501 918 2577 μὲν
949 2500 1141 2574 πένης,
1175 2500 1275 2569 τῆν
1321 2497 1542 2578 ὀφειλὴν
1599 2497 1765 2565 οὕτως
1818 2500 1952 2574 βοός-

2119 2496 2271 2559 VIII.
2306 2496 2424 2563 Sed
2443 2499 2532 2562 sic
2554 2498 2803 2577 quidem
2831 2519 3063 2582 pauper
3090 2502 3354 2566 debitum
3386 2526 3403 2583 ;
3437 2504 3557 2568 vult
3585 2524 3698 2569 au-

292 2588 441 2646 λεται
495 2586 549 2645 δὲ
611 2592 702 2647 καὶ
765 2593 793 2646 ὁ
852 2588 1013 2668 λόγος
1051 2592 1112 2646 τὸ
1153 2592 1345 2647 ἑαυτοῦ
1386 2588 1545 2668 χρὲος
1600 2585 1951 2668 καταϐαλεῖν,

2039 2594 2157 2650 tem
2208 2588 2400 2651 oratio
2454 2607 2691 2671 quoque
2740 2587 2799 2650 id
2830 2591 2992 2670 quod
3042 2590 3221 2655 debet
3280 2594 3608 2675 exsolvere,
3640 2605 3703 2660 et

288 2683 370 2737 ui
427 2685 690 2759 γνωρίσας
725 2682 756 2737 ὃ
798 2680 1183 2758 ἐπηγγείλατο,
1217 2681 1267 2736 τί
1306 2701 1366 2737 τε
1412 2682 1441 2735 6
1497 2701 1697 2759 χρυσος
1756 2700 1954 2757 προτε-

2039 2679 2360 2741 ostendere
2413 2679 2472 2741 id
2537 2677 2696 2760 quod
2740 2689 2870 2742 erat
2918 2680 3201 2761 pollicita,
3234 2683 3516 2763 quidnam
3577 2694 3707 2748 erat

280 2792 368 2847 ρον
414 2771 508 2841 ἧν,
542 2771 636 2827 καὶ
678 2768 798 2827 ὅθει
848 2770 1132 2838 εἴληπται.
1193 2766 1514 2827 Ἀπολαϐὠν
1569 2770 1671 2848 γὰρ
1715 2766 1743 2823 ὅ
1802 2767 1954 2832 ὅσιος

2040 2766 2206 2848 prius
2256 2786 2494 2844 aurum,
2544 2775 2603 2829 et
2653 2767 2954 2830 undeuam
3009 2771 3120 2834 fuit
3176 2781 3502 2854 sumptum.
3555 2773 3700 2838 Cum

286 2861 342 2916 τὸ
394 2859 568 2933 δοθὲν,
631 2868 821 2937 Δεῦρο,
878 2859 1070 2939 φησὶν,
1118 2858 1337 2940 ἀδελφέ,
1387 2861 1518 2937 πρὸς
1576 2860 1667 2915 τὸν
1720 2862 1948 2927 πένητα,

2038 2857 2196 2918 enim
2250 2857 2584 2938 recepisset
2613 2866 2854 2919 sanctus
2884 2857 2944 2919 id
3005 2860 3161 2940 quod
3192 2860 3399 2923 datum
3452 2862 3697 2926 fuerat:

285 2952 379 3003 κα¹ν
440 2947 732 3025 ἀποδῶμεν
811 2954 964 3025 κοινῇ
1018 2956 1098 3021 τῷ
1164 2947 1551 3028 φιλανθρώπως
1609 2947 1737 3005 αότό
1804 2947 1953 3026 χρήο

2038 2945 2370 3021 Adesdum,
2403 2964 2438 3007 ο
2471 2945 2677 3026 frater,
2708 2946 2789 3006 ait
2819 2948 3093 3027 pauperi,
3134 2957 3194 3010 et
3220 2949 3567 3025 reddamus,
3601 2957 3699 3014 in-

287 3060 455 3100 σαντι.
508 3038 695 3106 Οὕτως
753 3038 877 3119 ἔφη,
931 3040 1021 3096 καὶ
1077 3036 1257 3095 λαϐὼν
1314 3037 1496 3115 αὐτόν,
1532 3035 1649 3115 ἄγει
1703 3038 1844 3114 παρὰ
1901 3057 1954 3099 τι

2038 3033 2189 3112 quit,
2241 3036 2635 3096 communiter
2685 3033 2764 3108 ei,
2800 3033 2905 3114 qui
2957 3033 3220 3116 benigne
3272 3039 3699 3106 commodavit.

278 3130 499 3204 κηπίον,
556 3129 692 3207 ὅπερ
756 3129 823 3197 ἦν
873 3131 951 3203 τῷ
1002 3127 1223 3208 μεγάλῳ
1270 3142 1487 3205 μικροῖς
1537 3126 1804 3228 λαγάνοις,

2039 3125 2139 3187 Sic
2161 3123 2376 3228 inquit,
2397 3132 2456 3186 et
2485 3142 2621 3223 cum
2648 3124 3169 3228 eumaccepisset,
3197 3125 3368 3228 ducit
3388 3128 3461 3189 ad
3482 3147 3700 3228 quem-

272 3220 485 3276 ἀσιτίαν
560 3220 1060 3296 παραμυθούμενον.
1136 3220 1233 3276 Καὶ
1299 3218 1428 3281 στὰς
1507 3218 1634 3294 παρ’
1692 3218 1819 3273 αὐτὸ
1889 3212 1953 3282 δὴ

2039 3213 2173 3275 dam
2196 3212 2456 3291 hortum,
2482 3212 2585 3293 qui
2611 3211 2808 3291 magni
2833 3211 3092 3274 inediam
3117 3213 3471 3295 quibusdam
3505 3218 3704 3298 parvis

272 3312 335 3365 τὸ
393 3310 678 3389 Θγριγκίον
734 3311 823 3365 καὶ
866 3310 1139 3383 ἁψάμενος
1198 3314 1289 3365 τοῦ
1345 3309 1612 3388 φραγμοῦ,
1643 3308 1711 3363 τᾶ
1739 3303 1954 3380 ὄμματά

2038 3302 2350 3365 recreabat
2373 3301 2787 3374 oleribus.Qui
2807 3321 2943 3364 cum
2965 3301 3172 3384 inipso
3195 3322 3374 3383 agere
3403 3306 3704 3370 constitis-

277 3419 336 3454 τε
392 3396 580 3477 διάρας
634 3399 764 3477 πρὸς
825 3398 1067 3477 οὐρανὸν,
1119 3397 1274 3476 Κύριέ
1330 3420 1431 3470 μου
1487 3396 1665 3464 Ἰησοῦ
1736 3395 1951 3471 Χριστὶ,

2040 3402 2154 3475 set,
2180 3410 2248 3454 ac
2286 3411 2492 3473 sepem
2524 3391 2840 3474 attigisset,
2873 3391 2935 3453 in
2969 3393 3185 3456 coelum
3213 3394 3462 3458 sublatis
3485 3396 3696 3459 oculis:

290 3488 361 3551 si;
413 3488 649 3557 ἱπήκοον
701 3494 795 3544 τοῦ
828 3489 1164 3563 παρεστῶτος
1217 3491 1359 3560 αὐτῷ
1408 3484 1676 3566 ἐξεφώνει,
1712 3488 1739 3542 ὁ
1784 3483 1954 3540 πέίντα

2041 3483 2292 3544 Domine
2322 3482 2402 3543 mi
2429 3481 2571 3546 Jesu
2606 3482 2866 3556 Christe,
2904 3481 3118 3545 effatus
3151 3493 3260 3558 est,
3297 3504 3367 3547 eo
3395 3485 3701 3563 audiente,

296 3583 461 3632 ποιῶν
528 3581 613 3634 καὶ
686 3578 1097 3655 μετασκευάζων
1167 3578 1317 3652 μόνῳ
1384 3581 1464 3649 τῷ
1535 3574 1860 3650 βούλεσθαι,
1923 3575 1950 3630 ὁ

2038 3574 2138 3651 qui
2193 3573 2418 3646 aderat,
2479 3572 2581 3653 qui
2643 3572 2769 3633 sola
2824 3571 3124 3634 voluntate
3175 3576 3380 3637 omnia
3420 3594 3590 3638 creas
3648 3587 3708 3639 et

301 3666 389 3721 ἐπὶ
454 3669 701 3730 Μωσέως
748 3668 852 3735 τὴν
908 3664 1096 3745 ῥάϐδον
1160 3669 1234 3731 εἷς
1294 3665 1414 3746 ὅφιν
1473 3664 1554 3722 ἔπ’
1621 3664 1740 3740 ὄψει
1798 3665 1949 3739 βασι-

2038 3672 2416 3733 transmutas.
2453 3662 2559 3739 qui
2599 3661 2923 3738 aliquando
2977 3664 3125 3725 Mosi
3185 3663 3433 3745 virgam,
3468 3666 3706 3728 vidente

301 3754 441 3818 λὲως
519 3756 768 3831 Αἰγύπτου
852 3752 1196 3832 μεταϐαλὼν,
1275 3756 1433 3819 αὗτὸς
1507 3755 1595 3811 καὶ
1671 3754 1814 3810 τουτὶ
1890 3755 1950 3807 τὸ

2038 3771 2176 3832 rege
2227 3751 2483 3834 IEgypti,
2520 3752 2581 3813 in
2612 3760 2951 3831 serpentem
2996 3752 3366 3827 convertisti,
3403 3755 3532 3834 ipse
3589 3754 3705 3817 hoc

302 3844 524 3924 χρυσίον
564 3844 733 3923 ὥσπερ
790 3846 852 3902 ἐκ
910 3847 1051 3917 ζώω
1110 3846 1367 3923 πρότερον
1423 3846 1496 3909 εἷς
1554 3844 1755 3911 ταύτην
1813 3863 1947 3915 μετ-

2038 3860 2276 3922 quoque
2321 3860 2559 3922 aurum,
2592 3841 2895 3918 quomodo
2949 3859 3018 3902 ex
3070 3842 3371 3905 animante
3427 3843 3592 3925 prius
3643 3844 3707 3907 in

296 3933 482 3997 ἐϐαλες
526 3934 623 4000 τὴν
666 3936 901 4014 μορφὴν,
933 3933 1074 3992 οὕτω
1118 3938 1203 3992 καὶ
1246 3943 1333 3991 νῦν
1391 3935 1575 3991 νεῦσον
1606 3935 1677 3995 εἰς
1726 3934 1797 3997 εἰς
1832 3933 1860 3986 ὃ
1901 3929 1952 3996 ἐξ

2038 3931 2190 3994 lianc
2240 3931 2480 3993 mutasti
2526 3932 2804 4006 formam,
2843 3930 2923 3992 ita
2974 3949 3135 3992 nunc
3194 3950 3434 4012 quoque
3479 3950 3702 4011 annue,

288 4025 467 4104 ἀρχῆς
527 4022 674 4089 εἶδος
731 4024 1081 4103 ἀναδραμεῖν,
1131 4023 1275 4091 ὅπως
1335 4027 1421 4081 καὶ
1481 4026 1632 4087 οὗτος
1680 4023 1776 4091 τὴν
1836 4022 1953 4094 περὶ

2038 4030 2099 4082 ut
2118 4028 2446 4082 revertatur
2468 4020 2528 4081 in
2553 4038 2684 4081 eam
2711 4019 2987 4093 formam,
3017 4018 3076 4079 in
3100 4038 3215 4100 qua
3237 4020 3456 4083 eratab
3480 4021 3650 4084 initio
3689 4044 3703 4087 :

282 4118 434 4184 ἡμᾶς
492 4126 591 4173 σοῦ
645 4115 789 4191 μάθῃ
845 4114 1188 4189 κηδεμονίαν,
1245 4116 1341 4173 καί
1381 4114 1711 4193 ’πράγμασιν
1770 4112 1953 4175 αὐτοῖς

2038 4119 2100 4171 ιιι
2143 4110 2239 4173 hic
2268 4127 2505 4190 quoque
2535 4108 2684 4171 sciat
2735 4126 2909 4189 quam
2946 4116 3006 4168 tu
3040 4109 3225 4169 nostri
3258 4127 3460 4172 curam
3507 4128 3703 4189 geras,

284 4208 346 4262 το
406 4205 463 4260 ἐν
491 4211 565 4280 τῇ
603 4205 719 4276 θεία
760 4210 944 4285 Γραφῇ
1000 4203 1250 4285 διδαχθῇ,
1284 4205 1365 4262 ὅτι
1426 4208 1604 4261 Πάντα
1662 4203 1760 4259 ὅσα
1817 4201 1949 4269 ἠθε-

2038 4197 2293 4262 etrebus
2311 4199 2458 4280 ipsis
2482 4198 2672 4261 discat
2695 4198 2753 4260 id
2785 4197 2941 4279 quod
2970 4206 3059 4258 est
3078 4199 3137 4258 in
3160 4198 3360 4260 divina
3375 4197 3705 4280 Scriptura,

286 4296 455 4363 λησεν
513 4298 542 4350 ὁ
577 4295 764 4372 Κύριος
814 4298 1089 4362 εποίησεν.
1123 4303 1300 4353 Ταῦτα
1353 4293 1663 4372 εὐξαμένου),
1695 4293 1773 4356 τίς
1804 4288 1953 4347 εἴποι

2038 4290 2194 4371 quod
2241 4288 2623 4369 Quaecunque
2658 4291 2776 4351 vult
2824 4287 2985 4350 Deus
3018 4286 3159 4349 fecit
3217 4290 3419 4350 omnia
3448 4288 3499 4348 Ξ.
3562 4288 3708 4350 Cum

284 4386 392 4443 τῶν
422 4390 535 4441 σὼν
564 4385 892 4455 θαυμασίων,
933 4385 1201 4464 Δέσποτα,
1236 4386 1336 4453 τὴν
1388 4380 1687 4461 ὕπερϐολὴν
1724 4402 1740 4456 ;
1774 4380 1954 4460 ’Ὄφις

2040 4382 2121 4442 ita
2168 4388 2327 4442 esset
2361 4388 2637 4457 precatus
2687 4377 2880 4459 (Quis,
2921 4397 2953 4439 ο
2987 4374 3263 4451 Domine,
3300 4376 3519 4439 dixerit
3575 4395 3707 4439 ma-

287 4477 314 4531 6
383 4474 594 4554 χρυσός
651 4473 741 4553 ἦν,
776 4472 948 4531 πνέων
1005 4477 1089 4532 καὶ
1149 4473 1349 4551 ἕρπων,
1383 4474 1471 4530 καὶ
1514 4474 1635 4550 περὶ
1693 4474 1754 4528 τὸ
1803 4474 1953 4548 θριγ-

2040 4469 2412 4548 gnitudinem
2463 4467 2891 4531 miraculorum
2947 4466 3258 4544 tuorum?)
3325 4484 3536 4528 aurum
3584 4481 3714 4534 erat

287 4567 402 4622 κίον
474 4564 790 4639 κινούμενός
860 4585 918 4620 τε
990 4566 1077 4621 καὶ
1150 4564 1518 4638 ἑλισσόμενος,
1592 4560 1683 4640 ἀφ’
1759 4560 1819 4616 οὗ
1896 4558 1954 4629 δὴ

2042 4539 2319 4640 serpens,
2347 4564 2581 4639 spirans
2615 4566 2674 4619 et
2705 4575 2948 4638 repens,
2985 4563 3041 4617 et
3075 4556 3235 4618 circa
3262 4573 3467 4637 sepem
3503 4574 3710 4618 move-

291 4655 474 4711 καὶτὸ
530 4660 741 4731 πρῶτον
798 4654 954 4733 χερσὶ
1009 4662 1104 4712 τοῦ
1161 4653 1313 4733 ἁγίου
1362 4651 1578 4720 ληφθεὶς
1637 4650 1844 4707 ἐκεῖνον
1891 4648 1954 4717 δὴ

2044 4647 2215 4711 batur
2240 4661 2295 4709 et
2321 4649 2670 4710 volvebatur
2696 4670 2709 4707 :
2751 4665 2823 4710 ex
2845 4665 2963 4728 qua
2995 4644 3250 4727 primum
3277 4654 3548 4727 sumptus
3565 4665 3715 4707 sau-

294 4721 608 4822 παραδόξιός
685 4721 993 4818 μετόίλλαξε
1077 4746 1168 4801 τὸν
1209 4721 1439 4823 ,χρυσόν
1476 4789 1492 4803 .
1569 4750 1730 4800 Τοῦτο
1817 4741 1954 4816 παρᾶ

2045 4740 2120 4800 cti
2186 4739 2489 4819 manibus,
2524 4721 2958 4799 admirabiliter
2995 4721 3265 4797 'mutatus
3315 4721 3432 4797 fuit
3453 4735 3513 4796 in
3566 4734 3714 4798 illud

299 4839 474 4890 πᾶσαν
549 4832 753 4889 ἔννοιαν
807 4832 1143 4911 ἀνθρωπίνην
1214 4837 1242 4890 ὅ
1303 4832 1538 4911 γεωργὸς
1608 4831 1954 4904 θεασάμενος,

2044 4846 2279 4891 aurum.
2313 4826 2438 4890 Hoc
2469 4846 2603 4889 cum
2625 4836 2844 4906 praeter
2876 4844 3116 4887 omnem
3141 4825 3463 4887 hu'nanam
3499 4825 3722 4903 cogita-

304 4924 393 4977 καὶ
434 4925 617 5003 τρόμῳ
675 4921 1011 5002 κατάσχετος
1062 4922 1319 5002 γεγονὼς,
1356 4922 1535 4978 πίπτει
1594 4941 1651 4976 τε
1702 4919 1786 4976 ἐπ’
1838 4920 1954 4995 ὄψιν

2049 4918 2275 4980 tionem
2334 4918 2670 4999 aspexisset
2717 4915 3001 4993 agricola,
3061 4922 3323 4976 tremore
3376 4922 3716 4995 correptus,

306 5013 381 5072 εἰς
447 5018 573 5091 γῆν,
635 5010 732 5069 καί
803 5014 1129 5070 καταπάττει
1199 5014 1345 5073 κόνιν
1416 5010 1501 5068 ἐπὶ
1558 5014 1656 5078 τῆς
1726 5008 1954 5088 κειραλης

2051 5025 2272 5087 pronus
2289 5008 2446 5070 cadit
2465 5006 2524 5068 in
2545 5005 2849 5084 faciem,et
2869 5004 3051 5084 capiti
3093 5003 3357 5084 aspergit
3380 5003 3716 5104 pulverem,

301 5098 493 5179 δάκρυά
552 5121 611 5156 τε
657 5106 764 5155 τῶν
823 5101 1115 5179 ὀφθαλμῶν
1172 5102 1364 5181 ἀφιεὶς,
1419 5100 1505 5156 καὶ
1564 5096 1775 5163 ἀνάξιον
1832 5100 1954 5154 ἑαδ-

2047 5099 2341 5181 lacrymas
2394 5098 2672 5160 emittens
2731 5114 2804 5158 ex
2864 5095 3075 5170 oculis,
3126 5103 3183 5155 et
3252 5113 3315 5155 se
3366 5111 3498 5155 esse
3556 5093 3719 5155 indi-

293 5194 385 5251 τὸν
444 5192 594 5250 εἶναι
648 5189 824 5269 λέγων
879 5195 937 5250 οὗ
993 5192 1248 5259 τοιαύτης
1305 5191 1469 5267 μόνον
1508 5187 1708 5266 δωρεᾶς
1760 5210 1818 5245 τε
1876 5199 1954 5246 κα¹

2047 5207 2230 5267 gnum
2275 5207 2394 5249 non
2426 5186 2619 5248 solum
2654 5186 2754 5248 tali
2788 5186 2944 5249 dono
2979 5195 3041 5249 et
3088 5183 3296 5265 gratia.
3331 5183 3437 5246 sed
3470 5182 3561 5246 vel
3595 5182 3723 5246 solo

294 5284 548 5362 χάριτος,
582 5279 724 5338 ἄλλα
777 5281 863 5337 καὶ
893 5283 1015 5345 θέας
1068 5281 1266 5360 μόνης,
1300 5277 1509 5374 μαλλον
1569 5275 1623 5334 δὲ
1651 5282 1740 5374 καὶ
1797 5278 1954 5335 ἀκού-

2049 5277 2414 5359 spectaculu,
2449 5275 2569 5338 imo
2621 5294 2758 5337 vero
2803 5274 3131 5339 auditione.
3190 5273 3722 5374 Verumenimvero

295 5360 525 5447 σματος.
590 5370 743 5439 Πλὴν
786 5367 925 5427 ἀλλὰ
968 5392 1152 5429 τουτον
1206 5372 1305 5447 μὲν
1363 5371 1392 5426 6
1436 5366 1583 5431 ὅσιος
1643 5365 1954 5449 διανίστησι,

2050 5386 2186 5430 eum
2212 5367 2456 5448 quidem
2491 5375 2730 5429 sanctus
2753 5366 2949 5447 erigit,
2979 5376 3038 5428 et
3065 5366 3119 5429 ei
3150 5366 3415 5429 animum
3454 5360 3634 5424 simul
3663 5374 3730 5427 et

290 5463 380 5523 καὶ
438 5463 625 5546 ψυχὴν
679 5464 830 5534 αὐτῷ
871 5459 989 5540 ἅμα
1013 5462 1102 5518 καὶ
1158 5465 1316 5537 σῶμα
1357 5458 1632 5538 ῥώννυσιν,
1694 5458 1722 5515 6
1761 5456 1879 5539 ὄφις
1911 5456 1954 5516 δὲ

2049 5476 2269 5542 corpus
2319 5457 2693 5521 corroborat.
2755 5457 3019 5538 Serpens
3076 5464 3278 5521 autem
3323 5451 3566 5517 interim
3615 5465 3729 5532 per

370 5624 401 5679 Ξ
422 5625 585 5695 Psal.
623 5640 877 5707 cxxxrv,
906 5624 974 5687 6.

519 5752 810 5818 Panos.
855 5748 978 5815 Gn.
1025 5743 1233 5809 CXVI.
1398 5808 1411 5819 ,

3241 5743 3313 5807 14
