4132 6440
457 324 574 401 427

1762 324 2044 396 MENSIS
2087 326 2517 401 DECEMBER.

3732 322 3858 397 428

456 487 659 552 sepem
715 470 1031 541 transiens,
1066 454 1246 531 subiit
1294 484 1604 530 cavernam
1638 485 1811 548 quam
1858 465 2087 529 habeba

2195 470 2251 524 ὲν
2306 468 2539 540 τοσούτῳ
2607 475 2699 525 τοῦ
2752 475 2998 548 φραγμοῦ
3055 463 3422 552 διεξελιχθεὶς,
3485 467 3580 552 τὸν
3641 464 3853 545 φωλεὸν

455 560 529 622 ab
560 560 752 623 initio.
782 560 1134 622 Miraculum
1161 558 1403 620 omnino
1418 557 1578 619 nulla
1598 576 1747 636 opus
1763 556 1939 617 habet
1965 575 2109 617 ora-

459 649 621 713 tione
679 650 749 712 ad
812 648 1385 730 amplificationem;
1447 667 1515 709 ex
1559 647 1689 726 ipso
1747 646 1904 706 enim
1966 646 2110 707 satis

455 739 816 814 ostenditur,
838 739 1011 820 quale
1042 740 1122 800 sit
1154 761 1169 814 ;
1206 746 1265 799 et
1294 746 1421 800 arte
1450 736 1697 800 omnino
1729 754 1846 796 non
1882 735 2108 812 indiget

454 835 687 902 natura,
720 846 853 909 qum
884 825 1181 908 propriam
1218 826 1395 888 habet
1423 825 1968 906 exsuperationem.
1997 823 2107 887 Di-

454 926 623 980 catur
639 928 838 979 autem
866 917 925 978 id
951 934 1189 998 quoque
1211 917 1366 997 quod
1398 922 1803 997 consequitur,
1833 912 1988 995 quod
2020 931 2111 983 est

454 1015 767 1085 cognatum
794 1005 1179 1087 prioribus,et
1205 1007 1472 1086 ejusdem
1496 1006 1699 1085 gratiae
1721 1014 1779 1065 et
1802 1004 2104 1085 potentiae.

533 1094 635 1159 IX.
694 1095 884 1177 Alius,
920 1095 1021 1172 qui
1056 1103 1182 1157 erat
1210 1096 1339 1176 ipse
1369 1113 1609 1177 quoque
1646 1104 1850 1155 sancto
1879 1094 2107 1155 amicus

457 1184 608 1264 (erat
658 1195 854 1246 autem
886 1184 1120 1267 virtutis
1171 1185 1493 1259 studiosus,
1532 1192 1590 1246 et
1618 1184 1755 1245 ideo
1803 1182 2108 1263 improbos

448 1274 722 1337 homines
754 1284 1017 1336 moverat
1063 1275 1135 1336 ad
1188 1275 1495 1355 invidiam,
1531 1282 1591 1336 et
1618 1274 1951 1353 aliquorum
1982 1273 2101 1334 cri-

446 1364 674 1425 minum
690 1369 1078 1426 accusabatur
1092 1382 1196 1444 per
1211 1363 1762 1445 calumniam),com
1773 1363 2106 1443 prehensus

443 1470 478 1514 ει
524 1452 774 1531 praeside
802 1453 1078 1529 civitatis,
1113 1454 1431 1531 conjicitur
1462 1453 1523 1514 in
1558 1472 1860 1515 carcerem
1897 1472 1909 1515 :
1958 1470 2102 1528 pro~

2192 556 2350 614 ὑπέδυ
2419 559 2509 615 τὸν
2584 556 2637 623 ἐξ
2706 557 2909 638 ἀρχῆς.
2979 555 3196 619 Πάντως
3263 551 3477 621 οὐδενὸς
3546 551 3718 614 δεῖται
3788 558 3854 613 τὸ

2189 651 2363 721 θαῦμα
2434 648 2595 725 λόγου
2663 650 2794 727 πρὸς
2855 646 3093 713 αὔξησιν·
3161 643 3425 703 δείκνυται
3481 646 3582 723 γὰρ
3634 647 3854 704 αὐτόθεν

2191 738 2404 794 ὁποῖον·
2466 736 2561 792 καῖ
2618 736 2821 816 τέχνης
2874 735 3012 796 ὅλως
3057 736 3092 803 ἡ
3136 734 3290 815 φύσις
3323 731 3593 807 ἀνενδεὴς,
3653 736 3854 793 οἰκείαν

2191 824 2394 904 ἔχουσα
2450 827 2549 893 τὴν
2606 824 2927 902 ὑπερϐολὴν.
2992 825 3241 904 Λεγὲσθω
3295 822 3351 880 δὲ
3409 825 3498 880 καὶ
3569 826 3631 881 τὸ
3661 824 3854 904 ἑφεξῆς

2191 914 2444 993 συγγενὲς
2498 913 2555 971 ὅν
2589 929 2708 981 τοῖς
2759 912 3107 992 προλαϐοῦσι,
3139 916 3227 972 καὶ
3276 917 3375 983 τῆς
3405 918 3571 981 αὐτῆς
3626 913 3851 982 ἐκείνοις

2191 1004 2416 1084 χάριτος
2446 1006 2531 1061 καὶ
2561 1002 2856 1078 δυνάμεως.

2272 1078 2335 1150 δ’
2395 1078 2610 1173 Ἕτερος
2685 1092 2984 1173 προσφιλὴς
3035 1095 3133 1169 μὲν
3187 1094 3275 1149 καὶ
3333 1094 3493 1158 αὐτὸς
3549 1100 3626 1168 τῷ
3681 1093 3845 1171 ὁσίῳ,

2190 1180 2385 1258 ἀρετὴν
2435 1180 2489 1239 δὲ
2547 1184 2770 1256 μετιὼν,
2833 1186 2922 1241 καί
2977 1184 3145 1260 ταύτῃ
3206 1182 3472 1261 πονηρούς
3533 1204 3590 1239 τε
3654 1180 3847 1256 ἄνδρας

2189 1271 2241 1336 ἐς
2299 1274 2490 1352 φθόνον
2547 1273 2870 1346 κεκινηκὼς,
2934 1276 3023 1330 καὶ
3078 1294 3237 1330 τινων
3289 1270 3651 1349 ἐγκλημάτων
3707 1274 3848 1330 ὑπο-

2187 1361 2360 1417 πένων
2419 1364 2792 1441 συκοφαντίαν,
2821 1363 2923 1419 ῦπὸ
2979 1362 3076 1420 τοῦ
3133 1363 3231 1431 τῆς
3261 1362 3525 1443 ἔπαρχίας
3579 1360 3845 1443 ἄρχοντος

2186 1452 2464 1529 συσχεθεὶς
2527 1452 2595 1527 τῇ
2624 1452 2806 1524 εἰρκτῆ
2866 1448 3230 1531 παραδίδοται,
3265 1451 3390 1510 ὅσον
3435 1449 3493 1508 δὲ
3549 1449 3718 1532 οὔπω,
3751 1455 3842 1511 καὶ

444 1541 603 1603 tinus
658 1561 797 1606 vero
845 1542 1162 1604 damnatur
1189 1543 1423 1625 capitis.
1477 1542 1621 1608 Cum
1669 1550 1865 1605 autem
1920 1560 2087 1623 prope

2183 1541 2393 1614 θανάτῳ
2422 1539 2852 1611 καταδικάζεται.
2891 1533 2982 1606 Ὠς
3016 1541 3107 1600 οὖν
3142 1541 3173 1609 ἣ
3202 1543 3354 1621 κυρία
3391 1541 3548 1621 ἔγγὺς
3576 1541 3665 1617 ἦν,
3697 1543 3842 1621 φθά-

446 1640 603 1693 esset
644 1630 773 1694 dies
806 1632 1187 1713 praastitutus,
1227 1634 1509 1713 praevenit
1557 1644 1817 1713 sanctus,
1848 1634 1945 1713 qui
1992 1633 2087 1696 hoc

2186 1649 2260 1684 νει
2319 1628 2375 1685 δὲ
2431 1633 2522 1687 καὶ
2590 1637 2743 1688 τοῦτο
2813 1631 3071 1709 προγνοὺς
3138 1634 3203 1713 ὁ-
3240 1631 3417 1713 ἅγιος,
3473 1626 3679 1689 σπεύδει
3733 1630 3840 1688 λῦε

445 1709 842 1800 praesciverat,
872 1732 929 1782 et
952 1722 1188 1783 festinat
1219 1709 1479 1785 liberare
1504 1725 1757 1784 amicum
1793 1709 1825 1783 a
1855 1709 2087 1784 calami-

2185 1738 2273 1774 σαι
2346 1724 2424 1793 τῷ
2478 1718 2615 1799 φίλῳ
2659 1724 2760 1788 τὴν
2814 1721 3112 1800 συμφοράν.
3174 1709 3274 1780 Ἠν
3301 1718 3358 1778 δὲ
3400 1709 3533 1777 πότε
3559 1724 3836 1799 χειμῶνος

441 1816 577 1871 tate.
616 1811 758 1872 Erat
786 1828 926 1872 vero
957 1821 1099 1871 tunc
1124 1811 1315 1873 hiems
1340 1812 1889 1886 vehementissima,
1918 1822 1975 1873 et
2000 1830 2087 1893 qu:

2183 1807 2246 1863 τὸ
2306 1807 2690 1883 ἀκμαιότατον,
2752 1811 2837 1866 καὶ
2897 1812 2925 1866 ὁ
2981 1808 3291 1889 παραῄόἐων
3342 1808 3626 1891 χείμαῤῥος
3684 1806 3838 1867 ὕδασι

439 1900 874 1980 praeterﬂuebat
923 1909 1176 1973 torrens,
1210 1921 1345 1962 cum
1406 1902 1578 1963 valde
1640 1902 2014 1983 inundasset,
2045 1914 2087 1963 el

2186 1895 2583 1977 πλημμυρησας
2662 1897 2807 1974 μάλα
2863 1897 3115 1975 πολλοῖς,
3179 1901 3266 1958 καὶ
3321 1906 3432 1956 τῶν
3496 1897 3639 1955 ἰδίων
3696 1896 3838 1974 ὅρων

439 2005 472 2049 e
517 1989 638 2049 suis
670 1999 827 2052 esset
856 1990 1081 2052 effusus
1125 1989 1440 2065 limitibus,
1477 1991 1532 2053 ei
1567 1992 1734 2054 valde
1786 1990 2010 2052 ﬂuebat
2038 1991 2087 2052 in

2181 1986 2517 2066 ὑπερχυθεὶς,
2577 1986 2802 2067 σφοδρὸς
2862 1992 3005 2063 αὐτῷ
3066 1990 3203 2047 κατὰ
3259 1993 3329 2055 τὴ
3387 1985 3615 2066 πάροδον
3674 1986 3832 2067 ἒῤῥει,

435 2079 739 2159 transitu,
815 2098 1010 2160 neque
1096 2088 1327 2160 poterat
1417 2080 1663 2143 omnino
1751 2080 2087 2144 transmitti.

2179 2077 2267 2132 καὶ
2299 2075 2503 2151 οὖδαμή
2534 2076 2643 2134 οὐδ’
2701 2077 2844 2144 ὅλως
2901 2076 3148 2145 διαϐατὸς
3177 2079 3267 2148 ἧν.
3334 2069 3391 2137 Ὀ
3423 2078 3480 2135 δέ
3508 2078 3721 2146 Ἰησοῦν
3778 2101 3837 2136 τε

434 2165 543 2229 Ille
612 2176 808 2231 autem
873 2168 1077 2231 Jesum
1124 2168 1307 2244 Nave,
1354 2178 1413 2232 et
1470 2187 1604 2248 quae
1672 2169 1775 2233 ille
1848 2169 2087 2247 fecerat,

2180 2165 2271 2221 τόν
2331 2173 2425 2223 τοῦ
2483 2171 2630 2236 Ναυῆ
2689 2169 2875 2225 καὶτὰ
2932 2166 3132 2229 ἐκείνου
3159 2170 3214 2226 ἐν
3273 2176 3345 2244 νῷ
3401 2169 3699 2249 τιθέμενος,
3732 2169 3836 2235 τὴν

439 2267 644 2319 mente
699 2275 964 2339 versans,
997 2267 1056 2320 et
1114 2278 1266 2321 arcae
1331 2261 1641 2322 transitum
1697 2269 2008 2342 reputans,
2042 2267 2087 2322 et

2181 2253 2417 2317 διάϐασίν
2487 2277 2545 2312 τε
2608 2262 2706 2325 τῆς
2762 2255 2989 2316 κιϐωτοῦ
3062 2257 3425 2338 λογιζόμενος,
3484 2260 3577 2316 τὸν
3648 2260 3829 2333 αὐτὸν,

434 2346 688 2408 credens
717 2347 995 2410 eumdem
1046 2366 1201 2429 esse,
1237 2350 1389 2411 sicut
1442 2359 1588 2422 erat,
1626 2348 1837 2425 Deum,
1882 2357 1941 2411 et
1986 2367 2087 2429 pe-

2180 2343 2362 2424 ὥσπερ
2418 2344 2517 2403 καί
2587 2346 2679 2425 ἧν,
2725 2349 3090 2411 πεπιστευκὼς
3149 2348 3292 2406 εἶναι
3349 2349 3505 2427 θεὸν,
3560 2349 3649 2405 καὶ
3702 2351 3830 2423 τρό-

436 2434 610 2498 riude
632 2444 809 2517 atque
835 2453 1006 2499 servo
1038 2447 1214 2499 utens
1243 2446 1522 2502 torrente:
1552 2437 1673 2512 Sta,
1703 2438 2087 2519 inquit,com-

2182 2456 2280 2490 πον
2340 2435 2544 2491 οἰκέτου
2603 2443 2679 2510 τῷ
2754 2435 3033 2516 χειμάῤῥῳ
3089 2436 3391 2517 χρώμενος,
3452 2440 3640 2516 Στῆθῑ,
3699 2436 3825 2518 ἔφη,

437 2530 635 2586 munis
690 2526 805 2587 hoc
864 2526 968 2587 tibi
1021 2527 1275 2605 imperat
1324 2527 1637 2608 Dominus,
1673 2536 1730 2589 et
1780 2546 1886 2606 ego
1930 2536 2087 2589 tran-

2179 2525 2207 2578 ὁ
2274 2523 2449 2586 κοινός
2509 2545 2592 2581 σοι
2652 2523 2927 2583 ἐπιτάττει
2995 2530 3300 2608 Δεσπότης,
3359 2529 3449 2583 καὶ
3506 2524 3825 2601 διαϐήσομαι

437 2612 590 2681 sibo.
626 2614 715 2676 vir
763 2624 958 2677 autem
1005 2615 1360 2697 servabitur,
1399 2635 1505 2699 pro
1535 2637 1651 2698 quo
1704 2636 2087 2699 properamus

2179 2611 2275 2686 μὲν
2323 2612 2455 2692 ἐγὼ,
2486 2615 2787 2684 σωθήσεται
2819 2613 2873 2671 δὲ
2906 2617 2933 2671 ὁ
2964 2615 3120 2695 ἀνὴρ,
3152 2617 3284 2695 ὑπὲρ
3342 2616 3402 2673 οὗ
3428 2613 3719 2688 σπεύδομεν
3762 2637 3819 2672 τε

438 2710 498 2765 et
549 2704 759 2766 multas
809 2707 932 2768 Deo
966 2723 1173 2786 preces
1216 2706 1499 2770 fudimus.
1530 2708 1593 2770 Si
1642 2707 1809 2788 dixit,
1845 2718 1902 2769 et
1934 2708 2087 2787 quod

2179 2702 2261 2757 καὶ
2318 2700 2492 2759 πολλὰ
2522 2710 2615 2760 τοῦ
2665 2711 2795 2761 Θεοῦ
2846 2701 3158 2781 ἐδεήθημεν.
3222 2704 3400 2771 Οὕτως
3457 2702 3576 2782 ἔφη,
3611 2703 3698 2759 ιιαί
3753 2704 3811 2759 τὸ

434 2791 656 2853 dictum
687 2792 899 2869 fuerat,
933 2794 1203 2875 protinus
1249 2796 1311 2857 fit
1339 2814 1584 2877 compos
1614 2797 1812 2870 ﬂuvio,
1849 2805 1907 2859 et
1935 2796 2087 2859 sistit

2179 2789 2331 2868 ῥηθὲν
2400 2796 2741 2872 παραχρῆμα
2812 2790 2947 2860 πέδη
3022 2801 3100 2867 τῷ
3155 2801 3380 2871 ποταμῷ
3447 2794 3663 2871 γίνεται,
3724 2792 3811 2848 καὶ

434 2882 725 2945 ﬂuentum
754 2905 770 2961 ;
806 2884 965 2945 cedit
1000 2902 1134 2945 vero
1167 2885 1255 2945 via
1285 2903 1404 2947 non
1438 2886 1627 2947 solum
1652 2886 2086 2966 Spiridoni,scd

2179 2886 2263 2936 τοῦ
2316 2880 2577 2957 ῥεύματος
2619 2881 2860 2945 ἵσταται,
2919 2888 3251 2965 Παραχωρετ
3312 2882 3366 2940 δὲ
3414 2886 3474 2943 οὗ
3528 2878 3816 2957 Σπυρίδωνι

432 2971 566 3033 aliis
617 2975 794 3036 etiam
828 2973 1175 3037 viatoribus.
1236 2976 1322 3038 De
1376 2985 1592 3039 caetero
1634 2977 1782 3039 nihil
1832 2975 2087 3057 amplius

2179 2974 2268 3036 τῆς
2319 2968 2441 3028 ὁδοῦ
2493 2973 2679 3046 μόνον,
2736 2971 2873 3030 ἀλλὰ
2916 2973 3004 3030 καὶ
3060 2987 3179 3039 τοῖς
3232 2970 3417 3037 ἄλλοις
3475 2968 3693 3044 δδίταις,
3729 2972 3820 3028 οὒ-

427 3059 549 3124 illis
583 3064 803 3126 malum
838 3064 1097 3127 occurrit
1128 3072 1187 3126 et
1216 3064 1491 3127 dubium.
1528 3067 1697 3139 Quod
1741 3084 1881 3146 ergo
1911 3065 1985 3127 ab
2016 3084 2087 3127 eo

2179 3059 2282 3116 ιιέτι
2340 3062 2436 3117 τοῦ
2490 3059 2684 3119 λοιποῦ
2739 3062 2975 3133 πονηρόν
3019 3083 3069 3118 τι
3127 3063 3439 3139 συνάντημα
3468 3061 3677 3125 ἆκεῖνος
3736 3060 3845 3116 καί

422 3158 769 3245 factumest
794 3154 1181 3245 transeundo,
1210 3174 1324 3217 non
1348 3154 1458 3217 fuit
1482 3156 1679 3217 minus
1711 3154 2083 3223 admirabile,

2179 3148 2367 3227 ἂπορον
2417 3148 2513 3209 ὤν.
2549 3152 2621 3208 Τὸ
2669 3151 2769 3225 μὲν
2799 3152 2888 3207 οὗν
2942 3149 3226 3231 πάρεργον,
3260 3151 3406 3212 οὒδὶν
3464 3151 3637 3245 ἦττον.
3679 3147 3823 3245 αὖτις)

427 3260 604 3323 quam
654 3242 711 3305 id
760 3244 913 3325 quod
943 3243 1282 3307 instituerat
1326 3246 1567 3308 facere:
1624 3265 1693 3307 ex
1725 3245 1839 3307 hoc
1883 3254 2082 3308 autem

2179 3246 2261 3296 τοῦ
2312 3237 2465 3319 ἔργου
2521 3241 2823 3316 θαυμαστὸν
2884 3240 3189 3325 εἴργασται.
3251 3241 3348 3300 Ἐκ
3399 3242 3587 3301 τούτου
3614 3238 3668 3296 δὲ
3726 3239 3824 3296 κᾶ-

413 3322 563 3393 illud
622 3322 859 3415 quoque
888 3333 1121 3395 facilius
1175 3343 1231 3394 et
1264 3335 1479 3396 melius
1517 3335 1867 3415 perfectum.
1936 3332 2082 3396 Nam

2179 3341 2318 3386 ιιεῐνο
2376 3328 2692 3408 κατώρθωτό
2751 3328 2979 3406 μᾶλλον.
3046 3322 3136 3398 Ὧς
3194 3332 3296 3411 γὰρ
3353 3334 3399 3389 οἱ
3459 3351 3667 3407 συμπορ
3721 3333 3823 3389 υό-

422 3439 557 3483 cum
616 3420 719 3499 qui
776 3440 909 3483 cum
984 3440 1055 3484 eo
1109 3423 1513 3504 ambulabant,
1576 3424 1865 3486 vidissent
1922 3424 2077 3504 quod

2179 3438 2317 3476 »ενοι
2375 3420 2436 3475 τὸ
2485 3421 2704 3498 γεγονὸς
2762 3420 3065 3501 ἐθεάσαντο,
3113 3422 3273 3482 αὐτοῦ
3313 3443 3371 3479 τε
3424 3418 3823 3501 προδραμόντες

414 3509 627 3572 factum
690 3511 902 3586 fuerat,
965 3530 1097 3573 eum
1164 3523 1601 3593 prmcurreutes
1659 3522 1718 3575 et
1770 3513 2078 3576 venientes

2179 3508 2250 3563 ιαί
2320 3509 2419 3575 τὴν
2491 3510 2643 3565 πόλιν
2709 3512 2782 3573 ὡς
2856 3510 3027 3590 τάχος
3098 3509 3521 3586 καταλαϐόντες,
3579 3508 3822 3584 λαμπροὶ

413 3606 851 3682 quamprimum
874 3601 931 3662 in
947 3602 1268 3684 civitatem,
1297 3603 1443 3665 ﬁunt
1471 3603 1738 3685 praeclari
1771 3621 2076 3683 praecones

2179 3598 2385 3674 ιήρυκες
2430 3605 2523 3656 τοῦ
2556 3596 2889 3664 τέλεσθέντος
2942 3600 3309 3662 καθίστανται.
3365 3602 3462 3660 Καὶ
3519 3604 3547 3657 ὁ
3603 3599 3819 3678 ἅρχων,

414 3690 547 3770 ejus
570 3690 725 3769 quod
748 3691 963 3753 factum
990 3691 1179 3753 fuerat
1209 3711 1224 3770 ;
1253 3703 1309 3754 et
1343 3713 1568 3774 praeses
1595 3693 1806 3774 partim
1829 3692 2068 3774 quidem

411 3779 800 3862 stupefactus,
833 3780 1044 3861 partim
1098 3796 1295 3843 autem
1360 3782 1573 3845 timore
1626 3793 1959 3862 correptus,
1997 3801 2072 3844 ne

409 3869 601 3931 virum
649 3872 748 3951 qui
785 3870 915 3931 talia
949 3879 1149 3951 posset
1199 3880 1551 3934 cerneretur
1604 3872 1934 3934 offendere.
1972 3891 2069 3934 re-

411 3968 589 4039 pente
605 3960 739 4039 ejus
770 3960 1026 4022 amicum
1044 3961 1320 4023 relaxato
1356 3962 1841 4037 vinculis,eteum
1866 3971 2071 4025 sancto

408 4048 675 4128 largitur.
732 4052 785 4113 Is
814 4059 1010 4112 autem
1046 4069 1115 4112 eo
1167 4060 1410 4131 accepto
1457 4062 1552 4114 est
1603 4070 1899 4126 reversus,
1933 4071 2067 4114 cum

407 4158 475 4201 ex
501 4158 616 4201 una
634 4158 809 4202 causa
834 4142 949 4201 duo
975 4140 1274 4203 effecisset
1306 4164 1317 4204 :
1353 4160 1569 4224 nempe
1601 4143 1804 4204 ﬂuenti
1825 4142 2064 4223 quidem

402 4229 789 4309 repressisset
828 4231 1137 4309 impetum,
1173 4231 1477 4292 hominem
1517 4250 1652 4293 vero
1711 4231 1968 4308 benigne
2000 4232 2065 4292 li-

2155 3694 2309 3744 τοῦτο
2367 3688 2464 3762 μὲν
2515 3687 2836 3767 ἐκπλαγεὶς,
2869 3695 3025 3746 τοῦτο
3070 3687 3124 3745 δὲ
3176 3691 3263 3747 καὶ
3292 3689 3396 3747 δέει
3453 3686 3822 3767 καταληφθεὶς

2155 3776 2233 3851 μὴ
2318 3784 2541 3835 τοιαῦτα
2647 3778 2919 3854 δυναμένῳ
3002 3777 3146 3859 ἀνδρὶ
3230 3781 3561 3857 προσκρύσας
3650 3780 3817 3857 ὀφθῇ,

2155 3864 2331 3934 ἂνίησί
2386 3888 2445 3923 τε
2501 3873 2842 3948 παραχρῆμα
2898 3869 2991 3925 τὸν
3050 3868 3202 3949 φίλον
3243 3874 3385 3944 αῦτῷ
3444 3876 3549 3927 τῶν
3601 3867 3820 3943 δεσμῶν

2153 3956 2249 4012 καῖ
2307 3964 2383 4031 τῷ
2430 3957 2566 4035 ἁγίῳ
2624 3964 2810 4015 τοῦτον
2869 3960 3168 4037 χαρίζεται,
3219 3958 3278 4017 Ὀ
3336 3958 3392 4016 δὲ
3439 3958 3615 4017 λαϐὼν
3668 3957 3819 4015 ἐπα-

2154 4047 2293 4121 νῄει,
2369 4046 2431 4103 ἐκ
2496 4052 2621 4122 μιᾶς
2670 4048 2838 4111 αἰτίας
2882 4045 2973 4104 δύο
3016 4048 3489 4126 κατειργασμένος,
3523 4049 3612 4105 καὶ
3667 4049 3818 4117 στή-

2153 4153 2270 4201 σας·
2349 4142 2424 4210 τῷ
2482 4133 2760 4216 χειμάῤῥῳ
2830 4136 2928 4211 μὲν
2998 4138 3096 4206 τὴν
3164 4140 3351 4218 φορὰν,
3418 4143 3494 4213 τῷ
3549 4137 3819 4215 ἀνθρώπῳ

2150 4224 2205 4281 δὲ
2289 4225 2668 4304 φιλανθρώπως
2727 4225 2861 4285 πάνυ
2918 4226 3017 4294 τὴν
3087 4229 3383 4305 συμφοράν,
3448 4228 3813 4306 Προωητείας,

402 4316 668 4381 herasset
699 4337 733 4380 a
763 4318 1124 4382 calamitate.
1156 4321 1354 4401 Atque
1396 4320 1550 4401 quod
1584 4323 1655 4383 ad
1691 4322 2061 4403 prephetiam

2179 4316 2247 4371 ιὲν
2306 4322 2394 4371 οῦν
2445 4315 2481 4382 ἢ
2536 4317 2983 4396 θαυματουργίας,
3045 4316 3079 4385 ἢ
3136 4320 3265 4395 πρὸς
3324 4319 3444 4382 τοὺς
3503 4319 3557 4376 ὲν
3602 4324 3818 4396 σόμφο-

400 4407 640 4485 quidem
700 4408 936 4489 attinet,
983 4420 1085 4470 aut
1144 4409 1451 4485 miracula,
1504 4418 1604 4471 aut
1660 4410 1722 4472 in
1780 4411 2062 4473 mrumnis

2179 4417 2267 4468 αῖς
2335 4404 2658 4478 συμπαθείας
2717 4403 2864 4464 οῦδὲν
2922 4407 3085 4482 οἶμαι
3154 4413 3260 4465 τῶν
3318 4406 3620 4489 ὶεχθὲντων
3691 4428 3815 4475 ση-

399 4497 1011 4573 commiserationem,
1049 4498 1193 4559 nihil
1246 4498 1507 4562 arbitror
1566 4517 1699 4562 esse
1750 4502 1943 4581 majus
1989 4500 2087 4581 iis,

2179 4495 2309 4551 ,είων
2342 4494 2528 4571 μεῖζόν
2556 4496 2724 4556 ἔστιν.

396 4603 529 4667 quae
556 4586 718 4648 dicta
752 4596 909 4649 sunt.

477 4677 555 4740 X.
607 4675 805 4741 Oratio
834 4686 1031 4739 autem
1085 4678 1279 4741 adhuc
1310 4679 1567 4761 amplius
1620 4680 1692 4743 iis
1721 4700 1853 4762 quae
1897 4680 2052 4743 dicta

393 4775 532 4829 sunt
562 4776 759 4849 parata
816 4776 905 4830 est
937 4769 1283 4850 ostendere,
1314 4772 1469 4850 quod
1518 4780 1747 4851 spectat
1777 4770 1848 4832 ad
1912 4789 2052 4851 pro-

2220 4673 2261 4732 l'
2326 4671 2384 4734 Ὀ
2428 4674 2484 4733 δὲ
2521 4674 2681 4756 λόγος
2725 4678 2814 4734 καὶ
2875 4677 3037 4735 πλέον
3080 4700 3137 4735 τι
3197 4686 3303 4736 τῶν
3333 4678 3628 4759 εἰρημένων
3679 4676 3805 4735 δει-

2136 4766 2311 4822 κνύειν
2358 4764 2568 4832 ἕτοιμος
2614 4767 2699 4847 si?
2740 4768 3066 4845 προφητείαν
3109 4768 3244 4842 ὅμου
3302 4770 3391 4825 καὶ
3441 4768 3800 4844 συμπάθειαν

393 4857 652 4939 phetiam
704 4858 881 4920 simul
923 4868 986 4919 et
1042 4860 1681 4923 commiserationem:
1740 4860 1895 4941 quod
1953 4861 2051 4923 in-

2179 4858 2199 4911 ‘s
2255 4856 2513 4936 ἁμαρτίας
2559 4856 2839 4935 ἀνθρώσων
2900 4858 3039 4937 φημί
3095 4857 3156 4913 ἐκ
3214 4864 3307 4915 τοῦ
3353 4858 3582 4938 ἀφανοῦς
3637 4859 3798 4935 ὁρᾷ-θ,

389 4966 563 5029 quam
628 4957 871 5029 peccata
929 4948 1240 5011 hominum
1299 4949 1529 5013 videret
1585 4969 1653 5012 ex
1712 4951 1931 5017 oculto.
1998 4959 2057 5014 et

2179 4946 2226 5001 αἱ
2300 4948 2490 5011 ταύτας
2558 4946 2787 5026 ἀφιέναι,
2850 4947 3071 5025 γνώμης
3143 4968 3201 5004 τε
3273 4946 3635 5027 φιλανθρωπίᾳ
3704 4949 3803 5007 καὶ

389 5054 462 5100 ea
490 5040 845 5113 remitteret,
879 5039 1062 5101 animi
1100 5039 1461 5118 benignitate
1519 5048 1578 5102 et
1611 5040 1817 5118 gratiae
1858 5042 2052 5102 abun—

2183 5037 2361 5111 άριτος
2435 5035 2701 5112 δαψιλείᾳ⁶
2774 5045 3057 5117 πανταχοῦ
3137 5044 3245 5096 τῶν
3329 5037 3517 5096 ἐαῦτοῦ
3596 5037 3805 5116 τρόπον

386 5127 611 5189 dantia.
660 5126 896 5207 Ubique
926 5147 1066 5190 suos
1121 5148 1318 5192 mores
1348 5131 1622 5192 servabat
1675 5149 1921 5210 magnus
1951 5131 2051 5193 ille

2179 5148 2315 5205 σπερ
2374 5126 2627 5193 ἀκίνητόν
2677 5148 2794 5183 τινα
2853 5125 3015 5200 νόμον
3072 5130 3099 5183 ὁ
3148 5127 3318 5206 μέγας
3376 5126 3676 5206 φυλάττων,
3711 5126 3805 5184 λι-

382 5217 693 5295 Spiridon,
728 5216 1137 5280 delectabatur
1171 5220 1429 5283 maxime
1484 5220 1767 5282 tenuitate
1803 5232 1861 5283 et
1919 5222 2046 5283 fru-

2179 5217 2318 5285 ίτητι
2377 5216 2610 5292 μάλιστα
2667 5217 2872 5296 χαίρων
2914 5217 3005 5292 ἧν,
3036 5217 3128 5275 ἅτε
3187 5217 3252 5285 δὴ
3308 5219 3398 5274 τὸν
3434 5218 3621 5275 ἑαυτοῦ
3680 5226 3800 5273 Δε-

381 5306 641 5387 galitate,
701 5316 765 5369 ut
814 5308 915 5387 qui
969 5309 1141 5370 vellet
1191 5328 1363 5371 suum
1420 5309 1640 5372 imitari
1699 5309 2041 5377 Dominum.

2179 5307 2338 5375 πότην
2400 5306 2683 5382 μιμεῖσθαι
2740 5305 3085 5381 βουλόμενος,
3127 5306 3258 5367 Οἰίτε
3303 5307 3403 5386 γὰρ
3454 5306 3613 5382 ’ίππῳ
3657 5308 3800 5385 πρὸς

379 5396 587 5478 Neque
605 5402 758 5458 enim
783 5416 933 5478 equo
968 5398 1249 5460 utebatur
1280 5399 1824 5480 iteringrediendo,
1851 5419 2045 5482 neque

2179 5419 2221 5460 ις
2280 5395 2576 5475 ὁδοιπορίας
2632 5396 2857 5474 ἐχρῆτο,
2918 5396 3034 5453 οὔτε
3092 5397 3200 5471 μὴν
3269 5397 3329 5454 τό
3390 5398 3522 5475 πρὸς
3578 5397 3797 5463 πάντας

379 5507 447 5552 se
468 5485 812 5549 removebat
838 5487 914 5549 ab
938 5490 1203 5551 omnium
1230 5508 1507 5552 sermone
1537 5501 1595 5552 et
1616 5492 2042 5570 congressione

2179 5487 2450 5562 νομίλητόν
2519 5506 2577 5541 τε
2634 5487 2722 5541 καὶ
2790 5484 3014 5560 ἄμικτον
3085 5484 3149 5558 δή
3222 5510 3272 5543 τι
3344 5487 3541 5560 σεμνὸν
3608 5487 3800 5563 ἐαυτῷ

373 5586 654 5660 tanquam
717 5578 817 5658 qui
849 5596 920 5639 ex
973 5597 1043 5641 eo
1097 5578 1286 5641 videri
1341 5581 1518 5641 vellet
1556 5583 1789 5661 gravior
1836 5591 1896 5643 et
1937 5600 2036 5644 se-

2179 5588 2509 5654 ιριεποιεττο.
2559 5575 2709 5632 Ἐπεὶ
2765 5576 2889 5654 γοῦν
2934 5575 3065 5656 ἔφθη
3121 5577 3252 5634 ποτὲ
3308 5577 3570 5640 συντόνως
3633 5575 3795 5632 ὁδοι-

370 5668 590 5733 verior.
627 5667 772 5730 Cum
798 5685 941 5747 ergo
963 5667 1285 5750 aliquando
1314 5670 1700 5733 vehementer
1728 5670 2035 5735 ambulas-

2179 5666 2364 5746 ιρήσας
2437 5665 2525 5721 καὶ
2580 5661 2701 5721 ὁδοῦ
2771 5665 2935 5742 μήκει
3004 5666 3128 5731 τοῦς
3186 5662 3357 5729 πόδας
3427 5664 3787 5743 πεπονηκὼς,

367 5770 478 5841 set,
503 5766 563 5824 et
592 5755 895 5839 defatigati
927 5758 1360 5842 esssentpedes
1386 5759 1621 5823 itineris
1641 5759 2030 5842 longitudine,

2214 5756 2319 5818 τινί
2374 5777 2430 5815 τε
2491 5759 2596 5812 τῶν
2664 5753 2829 5841 φίλων
2886 5753 2980 5813 καί
3039 5759 3136 5824 τῆς
3192 5757 3352 5819 αὐτοῦ
3405 5754 3639 5835 ποίμνης
3701 5761 3791 5837 τῷ
