4132 6408
317 318 439 394 429

1610 323 1801 388 VITA
1844 321 1906 386 S.
1954 322 2429 388 SPYRIDONIS.

3594 323 3717 392 430

315 466 577 547 θρέμματι
605 460 970 542 ξενιζόμενος,
1002 462 1185 542 αὐτὸς,
1237 461 1331 518 οἶα
1383 470 1479 521 τοῦ
1531 460 1731 540 ἀγαθοῦ
1770 459 1970 535 ποιμέ-

2060 467 2166 520 eta
2201 458 2460 536 quodam
2496 478 2746 525 suorum
2800 462 3223 544 amicorum,et
3250 462 3407 527 bona
3441 464 3533 527 sui
3566 483 3712 545 gre-

317 578 407 622 νος
463 557 658 632 ἀγαθὸν
730 548 1022 633 πρόϐατον³
1083 552 1171 609 καὶ
1226 553 1358 630 πρὸς
1425 552 1518 607 τὸν
1592 552 1793 607 ἐκείνου
1862 551 1974 627 βίον

318 648 499 723 ὥσπερ
555 645 629 708 εἷς
711 640 1005 699 κάλλιστον
1086 641 1389 721 ἀρχέτυπον
1467 640 1702 719 ἀφορῶν,
1764 643 1827 697 τὸ
1882 642 1976 697 τοῦ

321 732 653 807 διδασκάλον,
701 730 912 808 μᾶλλον
953 729 1010 787 δὲ
1052 732 1109 787 τὸ
1168 730 1261 788 τοῦ
1311 730 1580 787 Δεσπότου
1637 733 1720 786 καὶ
1764 732 1975 809 πρώτου

317 823 634 882 διδασκάλου
704 828 959 899 Χριστοῦ,
1022 817 1218 879 ἐδείκνυ
1292 818 1529 897 μέτριον.
1609 817 1795 876 Λαϐὼν
1872 821 1972 898 γὰρ

309 912 449 993 ὕδωρ
507 913 597 969 καὶ
658 918 737 987 τῷ
795 915 1010 988 νιπτῆρι
1054 911 1255 986 βαλὼν,
1303 910 1515 985 ἕτοιμος
1576 909 1640 976 ἧν
1700 916 1778 985 τῷ
1839 909 1974 986 ἁγίῳ

308 1005 434 1069 τοὺς
485 1000 656 1067 πόδας
708 1001 1112 1078 ἐκθεραπεῦται,
1174 1001 1234 1058 Οἱ
1292 1019 1353 1078 γε
1424 1000 1533 1073 μὴν
1577 1000 1632 1055 ἐν
1693 1000 1972 1077 γειτόνων,

309 1096 431 1150 basi
485 1096 578 1148 τὸν
633 1090 789 1169 ἅγιον
856 1087 1083 1166 ᾔσθοντο
1173 1089 1526 1167 παρελθόντα,
1590 1089 1831 1147 συνέθεον
1888 1089 1975 1144 καὶ

321 1183 487 1256 αὐτοὶ,
549 1183 637 1238 καί
682 1178 830 1237 οὒδὲν
887 1183 1051 1247 ἦττον
1105 1176 1385 1236 ὲϐούλοντο
1441 1191 1559 1243 τοῖς
1589 1182 1744 1236 ποσὶν
1776 1178 1976 1235 ἐκείνου

318 1278 472 1330 τοῦτο
524 1282 728 1348 ποιεῖν,
788 1269 876 1324 καὶ
918 1270 991 1332 ὡς
1036 1268 1413 1347 περιμαχητόν
1463 1289 1513 1323 τι
1543 1267 1669 1346 παρ’
1699 1268 1882 1331 αὐτοῖς
1914 1269 1974 1323 τὸ

314 1366 542 1439 πρᾶγμα
585 1359 808 1431 ἐτίθουν,
857 1361 949 1413 καὶ
1009 1359 1108 1424 τῆς
1154 1355 1395 1434 εὖλογίας
1443 1354 1813 1436 ἀμφισϐητουν
1873 1354 1973 1413 ἂλ-

312 1451 534 1520 λήλοις.

400 1628 508 1689 IA'.
564 1629 660 1687 Ἐν
716 1630 903 1690 αὖτοῖς
960 1626 1049 1683 οὖν
1113 1629 1199 1683 καὶ
1260 1630 1394 1706 γυνή
1457 1650 1535 1689 τις
1594 1627 1715 1690 τοὺς
1761 1622 1973 1687 πλείους

320 1718 835 1797 παραγκωνιζομένη
910 1715 1088 1787 πολλή
1174 1738 1254 1783 τις
1326 1718 1414 1797 ἦν,
1504 1725 1657 1774 τοῦτο
1739 1713 1973 1790 μάλιστα

2055 549 2146 627 gis
2182 550 2415 626 pecude
2445 550 2709 630 h03pitio
2735 558 2898 614 esset
2919 560 3230 633 exceptus,
3259 556 3394 632 ipse
3425 561 3712 634 tanquam

2056 638 2180 700 ovis
2214 639 2353 701 boni
2382 643 2664 714 Pastoris,
2691 649 2751 703 et
2781 642 2886 722 qui
2917 642 2991 704 ad
3024 643 3186 705 illius
3214 646 3395 707 vitam
3429 652 3712 726 tanquam

2057 726 2530 806 pulcherrimum
2580 731 2887 810 exemplar
2917 730 3283 809 intueretur,
3318 733 3588 814 magistri
3622 733 3712 796 vel

2056 816 2249 896 potius
2281 819 2519 881 Domini
2551 827 2609 881 et
2655 820 2829 901 primi
2865 822 3140 903 magistri
3172 822 3420 904 Christi,
3455 824 3719 893 ostendit

2057 904 2557 969 moderationem.
2594 910 2742 972 Nam
2803 928 2940 971 cum
2996 910 3336 989 accepisset
3382 930 3627 992 aquam,
3656 924 3717 975 et

2058 1011 2186 1055 eam
2220 994 2280 1055 in
2312 995 2617 1058 lavacrum
2648 997 3022 1081 immisisset,
3060 1008 3303 1080 paratus
3336 1011 3464 1063 erat
3506 1009 3716 1064 sancto

2058 1081 2255 1145 lavare
2287 1085 2615 1164 pedes.Qui
2638 1096 2835 1151 autem
2863 1099 3035 1151 erant
3056 1089 3117 1150 in
3142 1090 3382 1164 vicinia,
3410 1108 3543 1153 cum
3568 1108 3713 1153 sen-

2057 1172 2278 1234 sissent
2307 1181 2580 1237 sanctum
2629 1177 2981 1255 accessisse,
3016 1179 3131 1259 ipsi
3182 1198 3422 1261 quoque
3455 1199 3714 1243 concur-

2058 1270 2265 1324 rerunt
2288 1271 2347 1325 et
2370 1263 2650 1328 volebant
2680 1267 2868 1329 nihilo
2899 1269 3100 1330 secius
3134 1270 3246 1331 hoc
3285 1270 3479 1350 ipsum
3512 1270 3716 1333 facere

2059 1351 2221 1414 illius
2252 1353 2539 1433 pedibus:
2574 1373 2828 1437 eamque
2848 1375 2977 1419 rem
3002 1357 3301 1422 ducebant
3333 1359 3710 1439 huiusmodi,
3798 1420 3803 1425 .

2059 1448 2124 1501 ut
2156 1441 2231 1504 de
2259 1462 2332 1504 ea
2360 1462 2423 1505 re
2456 1454 2619 1507 esset
2647 1445 2804 1508 inter
2833 1466 2935 1508 eos
2982 1447 3438 1525 decertandum,
3470 1456 3530 1512 et
3559 1448 3716 1511 inter

2058 1550 2124 1594 se
2156 1534 2604 1598 contendebant
2635 1536 2711 1597 de
2742 1535 3192 1600 benedictione.

2139 1622 2243 1684 Xl.
2278 1620 2441 1685 Inter
2463 1642 2566 1687 eos
2583 1634 2781 1687 autem
2810 1633 2940 1687 erat
2963 1627 3139 1688 etiam
3164 1628 3437 1709 quaedam
3472 1629 3709 1711 mulier,

2057 1730 2189 1790 qua;
2217 1714 2562 1793 complures
2583 1715 2645 1776 in
2675 1716 2790 1777 hoc
2821 1716 3155 1779 certamine
3184 1718 3507 1799 superabat
3535 1735 3714 1798 urge-

326 1808 516 1887 δρᾶσαι
554 1805 839 1884 βιαζομένη
871 1823 888 1840 ⁸
940 1810 1006 1873 ἦν
1058 1803 1112 1861 δὲ
1146 1807 1277 1873 αὕτη
1307 1814 1544 1886 σαρκικῷ
1575 1806 1728 1885 ἔρωτι
1772 1804 1972 1861 ἁλοῦσα

2061 1801 2298 1882 batque,
2337 1813 2397 1865 et
2427 1804 2541 1866 hoc
2573 1805 2832 1866 maxime
2892 1805 3124 1868 volebat
3187 1806 3410 1871 facere.
3461 1809 3543 1870 Ea
3573 1826 3713 1871 vero

328 1899 411 1973 μὴ
469 1898 572 1975 πρὸ
619 1895 828 1966 πολλοῦ,
884 1897 968 1952 καὶ
1022 1892 1222 1971 ἥττων,
1271 1895 1477 1970 οἴμοιί
1555 1894 1817 1974 γενομένη
1873 1894 1970 1960 τῆς

324 1987 593 2066 ἁμαρτίας
627 2001 643 2014 '
687 1987 831 2049 αὒτὸς
892 1983 947 2040 δὲ
1007 1986 1081 2049 εἷς
1156 1984 1368 2063 καρδίαν
1427 1983 1590 2049 ὄντως
1662 1987 1821 2060 ὁρῶν,
1882 1985 1969 2039 καὶ

314 2078 415 2134 οἷα
447 2078 518 2132 τὰ
574 2075 776 2141 ἐκείνης
824 2073 882 2131 εὗ
940 2075 1318 2150 ἐπιστάμενος,
1349 2073 1522 2153 ἡρέμα
1553 2074 1651 2152 μὲν
1682 2075 1742 2129 τὸ
1769 2071 1970 2150 ἥμερον

304 2167 491 2224 ἐκεῖνο
550 2167 637 2221 καὶ
697 2163 796 2232 ἡδὺ
858 2165 991 2240 αὒτῇ
1044 2164 1333 2242 πρόσωπον
1388 2163 1733 2244 ἀποστρέφει,
1793 2161 1968 2241 ἡρέμα

301 2255 359 2313 δὲ
393 2257 481 2313 καὶ
527 2256 663 2332 πρὸς
694 2254 891 2326 αὐτὴν,
925 2260 1010 2321 Μή
1042 2275 1143 2329 μου
1191 2254 1382 2327 ἅπτου,
1427 2256 1578 2332 φησὶ,
1611 2253 1761 2331 γύναι
1799 2270 1810 2288 ·
1847 2251 1971 2332 οὐχ’

303 2349 380 2410 ὡς
416 2344 478 2399 ἄν
521 2367 603 2406 τις
665 2343 818 2400 εἴποι
880 2343 1065 2400 ἑαυτὸν
1126 2342 1506 2418 ἀποσεμνύνων
1552 2344 1588 2410 ἣ
1636 2345 1698 2400 τὸ
1759 2342 1972 2419 γύναιον

317 2435 718 2511 μυσαττόμενος
776 2431 916 2512 (πῶς
1000 2434 1101 2510 γὰρ
1157 2432 1405 2507 μαθητὴς
1460 2432 1534 2489 ὣν
1598 2432 1820 2510 ἐκείνου,
1882 2434 1973 2488 τοῦ

320 2526 407 2581 καὶ
472 2523 724 2587 τελώναις
807 2525 894 2579 καὶ
981 2521 1222 2600 πόρναις,
1285 2525 1372 2579 καὶ
1427 2521 1771 2602 ἁμαρτωλοῖς
1840 2543 1970 2579 συν-

318 2615 577 2677 εσθίοντος
616 2612 691 2693 ζ),
744 2609 868 2667 ἀλλ’
928 2611 1192 2691 ἐντρέπων
1250 2612 1439 2693 αὐτὴν,
1487 2614 1579 2669 καὶ
1637 2604 1711 2675 εἰς
1769 2609 1972 2667 ἔννοιαν

310 2702 600 2780 ἐμϐάλλων
662 2706 761 2770 τῆς
848 2708 1087 2780 πονηρᾶς
1147 2700 1406 2780 πράξεως,
1468 2704 1553 2759 καὶ
1607 2702 1777 2769 ἠπίως
1835 2698 1973 2756 οὕτω

307 2797 440 2872 πρὸς
488 2793 783 2869 μετάνοιαν
815 2790 1224 2867 ἐκκαλούμενος,
1279 2793 1309 2847 ὃ
1362 2791 1428 2859 δὴ
1486 2796 1575 2848 καὶ
1630 2790 1793 2868 πέρας
1842 2791 1973 2868 εἶχε

319 2886 408 2939 καὶ
460 2885 601 2940 κατὰ
662 2884 868 2939 σκοπὸν
930 2885 1071 2954 αύτῷ
1128 2879 1387 2949 διηνύετο.
1451 2885 1546 2946 Ὦς
1622 2882 1722 2959 γὰρ
1778 2881 1814 2948 ἡ
1875 2880 1972 2954 μὲν

325 2972 600 3030 διετείνετο
660 2974 750 3029 καὶ
822 2972 902 3029 ἔτι
988 2970 1171 3046 δρᾶσαι
1229 2973 1291 3029 τὸ
1360 2969 1804 3045 σπουδαζόμενον,
1885 2969 1969 3024 καὶ

322 3063 529 3132 πολλὴν
588 3066 777 3141 εἰσῆγε
821 3064 922 3120 τὶν
966 3061 1233 3135 ἔνστασιν,
1266 3064 1293 3118 ὁ
1324 3061 1378 3118 δὲ
1420 3063 1508 3119 καὶ
1562 3059 1769 3136 μᾶλλον
1813 3057 1972 3126 αὐτῆς

2057 1887 2244 1953 fuerat
2283 1891 2437 1953 haud
2472 1890 2554 1954 ita
2584 1894 2817 1975 pridem
2850 1903 3022 1976 capta
3080 1898 3306 1958 carnali
3360 1914 3590 1977 amore,
3654 1904 3716 1959 et

2057 1979 2388 2061 vicla,proh
2421 1981 2595 2045 dolor
2623 1984 2636 2043 !
2667 2003 2701 2045 a
2726 1992 2992 2065 peccato.
3031 1987 3161 2065 Ipse
3186 1994 3385 2049 autem
3411 2003 3620 2049 revera
3648 1985 3711 2047 in

2053 2088 2158 2130 cor
2185 2071 2449 2146 intuens,
2503 2082 2559 2134 et
2591 2082 2651 2134 ut
2681 2074 2783 2154 qui
2828 2074 3032 2149 sciret,
3069 2074 3578 2155 quemadmodum
3611 2092 3712 2137 res

2055 2159 2185 2238 ejus
2217 2178 2281 2221 se
2307 2160 2577 2238 haberet,
2614 2163 2837 2225 sensim
2890 2163 3130 2245 quidem
3182 2169 3395 2227 avertit
3425 2182 3708 2228 mansue-

2056 2257 2176 2310 tam
2210 2249 2373 2312 illam
2432 2260 2491 2313 et
2540 2271 2782 2315 suavem
2816 2272 2984 2316 suam
3016 2254 3271 2329 faciem;
3307 2254 3530 2317 sensim
3564 2273 3710 2318 vero

2056 2338 2112 2400 ei
2135 2359 2377 2422 quoque
2397 2341 2545 2404 dicit
2575 2361 2589 2406 :
2623 2344 2709 2405 Ne
2746 2361 2841 2406 me
2871 2351 3098 2424 tangas,
3159 2344 3417 2422 mulier;
3467 2362 3608 2420 non,
3647 2352 3713 2407 ut

2058 2427 2277 2491 dixerit
2320 2431 2644 2513 quispiam,
2705 2431 2818 2495 sibi
2871 2434 3115 2514 placens
3160 2442 3220 2496 et
3268 2453 3335 2496 se
3397 2434 3712 2514 magnifice

2056 2519 2576 2602 circumspiciens,
2630 2532 2732 2585 aut
2781 2524 3101 2587 mulierem
3152 2522 3505 2587 abominans
3536 2536 3712 2606 (quo-

2057 2610 2232 2671 modo
2263 2613 2453 2692 enim,
2496 2613 2599 2693 qui
2632 2621 2764 2676 erat
2812 2613 2975 2677 illius
3003 2614 3334 2695 discipulus
3362 2614 3462 2695 qui
3496 2632 3711 2677 vesce-

2055 2698 2229 2763 batur
2257 2721 2389 2764 cum
2445 2703 2805 2785 publicanis,
2853 2705 3280 2768 meretricibus
3338 2714 3396 2767 et
3426 2714 3710 2786 peccato-

2054 2788 2300 2869 ribus?)
2331 2790 2437 2853 sed
2486 2810 2616 2854 eam
2677 2794 2908 2875 pudore
2953 2794 3245 2869 afﬁciens,
3297 2802 3362 2856 et
3391 2803 3623 2875 turpem
3656 2797 3711 2857 ei

2057 2878 2349 2941 actionem
2392 2899 2681 2944 revocans
2726 2884 2783 2944 in
2816 2884 3190 2958 memoriam,
3227 2884 3391 2946 etsic
3422 2903 3553 2946 eam
3582 2885 3710 2965 pla-

2058 2969 2192 3030 cide
2211 2987 2428 3031 vocans
2448 2971 2520 3032 ad
2561 2973 2979 3052 paenitentiam
3010 2994 3023 3034 :
3054 2974 3211 3054 quod
3237 2974 3480 3054 quidem
3513 2983 3607 3035 est
3632 2974 3710 3036 ab

2057 3076 2128 3119 eo
2152 3059 2505 3139 perfectum,
2541 3070 2599 3122 et
2631 3080 2876 3142 scepum
2909 3075 2999 3125 est
3020 3071 3358 3126 assecutus.
3381 3063 3513 3137 Quo
3542 3064 3707 3125 enim

310 3156 561 3212 καθίκετο
648 3151 1115 3232 πληκτικώτερον,
1208 3151 1337 3230 ὅπερ
1431 3150 1606 3217 ἐκείνη
1698 3148 1969 3228 πέπραχε,

486 3249 507 3259 -
618 3242 670 3259 η
777 3242 792 3259 .
990 3245 999 3259 .
1128 3238 1171 3259 μ
1314 3243 1325 3259 .
1426 3242 1503 3259 ς.
1618 3244 1645 3255 .-
1742 3240 1757 3258 .
1940 3238 1968 3259 ν

2060 3148 2160 3210 illa
2201 3150 2405 3250 .magis
2463 3151 2868 3259 contendebat
2922 3152 3171 3259 facere,
3193 3152 3352 3232 quod
3409 3151 3712 3253 studebat,

302 3249 551 3326 φανερῶς
613 3242 839 3309 ἐξειπὼν
874 3285 889 3300 .

304 3335 402 3402 τῆς
462 3335 844 3407 ὶπιτιμήσεως
884 3332 982 3401 τὴν
1041 3332 1225 3412 ψυχὴν
1286 3329 1580 3411 πληγεῖσα,
1640 3328 1975 3406 ἐκπλαγεῖσα

313 3422 366 3479 δὲ
425 3425 509 3480 ὅτι
569 3425 657 3481 καί
714 3427 841 3500 πρὸς
893 3422 1016 3486 τοὺς
1081 3424 1181 3489 τῆς
1240 3426 1427 3502 ψυχῆς
1486 3421 1736 3482 ἀθεάτους
1780 3417 1973 3493 ἔϐλεψε

322 3513 617 3586 μώλωπας,
677 3510 825 3569 ὕεασι
865 3513 966 3589 μὲν
1015 3513 1108 3569 οὑκ
1146 3510 1248 3587 ἔτι,
1296 3510 1512 3587 δάκρυσι
1542 3507 1595 3566 δὲ
1641 3513 1759 3575 τοὺς
1808 3506 1972 3572 πόδας

326 3602 688 3680 ἀποκαθαίρει,
744 3604 833 3658 καὶ
892 3598 1142 3681 συντριϐῇ
1212 3598 1428 3681 καρδίας
1511 3597 1836 3678 ἀπαγγέλλει
1913 3599 1974 3653 τὸ

329 3692 719 3767 πεπραγμένον.
764 3691 826 3749 Τί
892 3694 1031 3765 οὗν;
1080 3693 1115 3759 ἡ
1174 3692 1272 3767 μὲν
1329 3692 1458 3767 πρὸς
1523 3692 1680 3748 αὐτὸν
1741 3689 1805 3745 τὰ
1875 3688 1974 3755 τῆς

333 3782 563 3857 πόρνης,
609 3783 634 3835 ὁ
673 3780 723 3837 δὲ
784 3782 850 3837 τὰ
915 3791 1009 3840 τοῦ
1074 3781 1344 3838 Δεσπότου
1400 3777 1975 3858 παῤῥησιαστικώτατα

331 3872 466 3947 πρὸς
522 3868 703 3945 αὐτὴν,
741 3895 767 3927 ιι
805 3872 1023 3951 Θάρσει,
1087 3872 1330 3950 θύγατερ,
1380 3872 1561 3950 φησὶν,
1593 3867 1856 3948 ἀφέωνταί
1890 3886 1972 3922 σοι

324 3964 374 4019 αξ
407 3961 655 4040 ἁμαρτίαι
716 3982 831 4019 σου.
873 3983 897 4018 ι
938 3962 1036 4021 Καὶ
1095 3963 1240 4025 αὖθις
1274 3976 1289 3991 ⁸
1352 3977 1382 4019 (
1414 3958 1509 4016 ἰδε
1540 3960 1687 4037 ὑγίὴς
1723 3958 1968 4037 γέγονας,

317 4051 517 4129 μηκέτι
551 4051 844 4131 ἁμάρτανε,
881 4075 910 4107 ι
944 4052 1056 4125 ἃμα
1088 4052 1173 4108 καὶ
1201 4052 1299 4119 τὴν
1344 4049 1497 4106 νόσον
1539 4050 1676 4105 κατὰ
1708 4047 1828 4110 τοὶς
1873 4067 1970 4103 σο-

315 4144 446 4223 φοὺς
505 4146 618 4197 τῶν
663 4142 855 4221 ἰατρῶν
912 4142 1137 4217 ἰώμενος
1212 4143 1297 4197 καὶ
1356 4141 1418 4197 τὸ
1476 4141 1556 4215 μὴ
1612 4151 1732 4202 τοῖς
1786 4136 1971 4200 αὐτοῖς

313 4233 476 4288 πάλιν
545 4245 860 4308 περιπεσεῖν
918 4231 1379 4311 προμηθούμενος,
1474 4228 1623 4287 Οὕτω
1701 4228 1799 4304 μὲν
1884 4226 1972 4282 οὖν

312 4322 495 4388 ἐκείνη
560 4320 854 4400 καρποῦται
911 4323 979 4379 τὰ
1031 4326 1127 4388 τῆς
1183 4322 1377 4384 ἰάσεως
1437 4317 1699 4376 κάλλιστά
1771 4338 1829 4373 τε
1887 4324 1974 4379 καὶ

311 4408 739 4489 ὠφελιμώτατα,
798 4410 871 4475 ὡς
931 4410 1009 4484 μὴ
1070 4410 1234 4485 μόνον
1266 4409 1401 4486 αὐτῇ
1429 4411 1528 4476 τὴν
1556 4409 1735 4487 ὑγείαν
1764 4406 1974 4479 ἀμετά-

309 4498 516 4565 ϐλητον
577 4511 788 4577 μεῖναι,
849 4498 989 4555 ἀλλὰ
1032 4502 1117 4556 καὶ
1178 4513 1296 4562 τοῖς
1341 4498 1525 4561 ἄλλοις
1586 4495 1971 4575 διηγουιιὲνην,

314 4590 566 4669 ἆιξορμὴν
601 4586 826 4655 πολλοῖς
854 4592 985 4668 πρὸς
1014 4590 1281 4669 σωτηρίαν
1313 4590 1557 4669 ὀφθῆναι,

399 4767 824 4827 is”s"‘
1025 4768 1958 4803 ='<‘~“

491 4813 507 4828 .
629 4790 723 4826 πει
772 4784 826 4825 οε
856 4769 950 4825 τὸν
982 4791 1079 4846 μιν
1127 4770 1241 4847 βιον
1285 4770 1441 4826 imm
1486 4790 1852 4849 τεκμηριωσαι
1908 4791 1976 4825 τα

322 4860 579 4940 θαύματα,
642 4858 731 4917 δεῖ
788 4857 842 4915 δὲ
899 4858 1150 4937 γνωρίσαι
1217 4859 1337 4923 οἶος
1394 4860 1459 4927 ἧν
1514 4863 1657 4935 αὖτῷ
1714 4860 1801 4915 οιαὶ
1858 4859 1975 4938 περὶ

328 4948 421 5015 τὴν
475 4952 648 5008 πίστιν
706 4952 734 5007 οἱ
792 4946 984 5028 ζῆλος,
1037 4949 1098 5005 τὸ
1155 4951 1501 5029 προκείμενον
1556 4962 1796 5029 γνωριεῖ.
1845 4948 1975 5007 ’Ὅτε

329 5036 587 5115 Ῥωμαίων
675 5040 823 5119 ἦρχε
901 5037 1001 5112 μὲν
1086 5048 1487 5105 Κωνσταντῖνος
1567 5041 1595 5096 ὁ
1653 5049 1819 5117 μεγας
1889 5039 1975 5094 καὶ

318 5137 510 5210 πρῶτος
564 5131 622 5188 ἐν
665 5127 960 5209 βασιλεῦσι
1014 5129 1353 5206 Χριστιανὸς,
1414 5129 1638 5187 ὑπάτευε
1711 5128 1763 5184 δὲ
1826 5135 1974 5185 Παυ-

312 5219 454 5285 λῖνος
510 5225 597 5282 καὶ
655 5218 964 5284 Ἰουλιανός
1000 5234 1014 5250 ’
1072 5218 1176 5275 ἀπὸ
1224 5217 1280 5274 δὲ
1332 5221 1429 5286 τῆς
1483 5216 1826 5297 Ἀλεξάνδρου
1882 5224 1977 5275 τοῦ

307 5312 563 5374 Φιλίππω
602 5309 933 5396 βασιλείας,
993 5305 1143 5365 ’έκτον
1209 5311 1297 5365 καὶ
1351 5312 1667 5388 τριακοστὸν
1718 5311 1808 5365 καὶ
1847 5306 1971 5374 ἐξα-

298 5413 562 5470 κοσιοστὸν
616 5406 834 5479 ἠνύετο
882 5401 1007 5462 ἔτος
1043 5414 1061 5434 ⁸
1121 5398 1183 5454 τό
1227 5420 1284 5458 τε
1338 5397 1403 5468 δὴ
1448 5401 1536 5458 καὶ
1580 5401 1616 5468 ἧ
1671 5399 1724 5456 ἒν
1783 5398 1974 5472 Νικαίᾳ

282 5506 607 5589 παριώνυμος
671 5503 797 5560 τῶν
862 5489 1039 5569 ἁγίων
1100 5488 1348 5568 Πατέρων
1406 5489 1678 5567 ἠθροίζετο
1732 5487 1968 5565 σύνοδος,

328 5678 536 5745 “me.
592 5684 715 5746 vn,
757 5658 887 5723 4⁸7.
986 5648 1440 5737 ann.v,l4.

943 3245 1061 3299 τότε
1121 3238 1186 3308 δὴ
1242 3243 1329 3297 καὶ
1386 3242 1521 3307 αὖτὴ
1578 3244 1655 3312 τῷ
1698 3240 1796 3314 μὲν
1829 3238 1972 3318 σοφῷ

2060 3238 2366 3320 magisque
2396 3240 2646 3319 urgebat
2688 3250 2746 3303 et
2777 3241 3063 3322 instabat,
3109 3242 3213 3303 ille
3245 3260 3318 3304 eo
3347 3242 3546 3304 acrius
3577 3260 3711 3305 eam

2058 3329 2270 3408 tetigit,
2304 3337 2509 3410 aperte
2545 3330 2755 3393 dicens
2786 3330 2870 3407 id,
2904 3332 3063 3413 quod
3094 3331 3196 3393 illa
3237 3331 3486 3394 fecerat.
3542 3330 3713 3395 Tunc

2057 3416 2184 3497 ipsa
2213 3418 2473 3499 sapienti
2517 3420 2761 3500 quidem
2814 3421 3286 3504 reprehensione
3315 3422 3516 3484 animo
3561 3440 3717 3484 sau-

2057 3506 2232 3584 ciata,
2287 3508 2698 3589 obstupefacta
2755 3520 2979 3591 autem,
3017 3510 3171 3592 quod
3206 3511 3308 3592 qui
3340 3510 3451 3573 sub
3503 3510 3714 3573 oculos

2059 3615 2179 3658 non
2204 3598 2518 3674 cadebant,
2554 3600 2768 3662 animm
2802 3602 3011 3663 livores
3042 3601 3396 3682 aSpexisset,
3432 3619 3551 3663 non
3584 3619 3718 3663 am-

2061 3687 2215 3766 plius
2244 3687 2486 3768 quidem
2517 3690 2707 3771 aquis,
2746 3690 3027 3772 lacrymis
3055 3700 3261 3753 autem
3289 3691 3472 3770 pedes
3503 3708 3716 3751 emun-

2059 3776 2177 3848 dat,
2215 3784 2274 3837 et
2321 3778 2579 3840 contrito
2642 3780 2825 3842 corde
2884 3781 3154 3843 enuntiat
3206 3780 3260 3842 id
3297 3779 3456 3858 quod
3490 3779 3714 3841 factum

2058 3864 2268 3928 fuerat.
2303 3865 2456 3939 Quid
2508 3866 2700 3947 ergo?
2752 3870 2853 3931 illa
2883 3869 3126 3950 quidem
3159 3870 3212 3930 ei
3244 3887 3315 3931 ea
3344 3887 3478 3950 quas
3509 3886 3711 3931 mere-

2057 3955 2173 4016 trix
2201 3976 2217 4031 ;
2248 3955 2379 4036 ipse
2412 3965 2610 4017 autem
2643 3975 2712 4018 ea
2741 3977 2874 4038 qua:
2921 3959 3231 4035 Dominus,
3267 3957 3323 4019 ei
3352 3956 3497 4020 dicit
3527 3957 3714 4020 liber-

2055 4045 2208 4105 rime
2244 4067 2257 4104 :
2292 4068 2315 4102 ιι
2354 4046 2625 4121 Confide,
2662 4047 2778 4108 filia
2812 4068 2825 4107 :
2862 4046 3108 4108 dimissa
3156 4055 3295 4109 sunt
3328 4045 3436 4108 tibi
3470 4054 3716 4128 peccata

2058 4143 2155 4196 tua
2172 4135 2228 4199 3.
2269 4158 2292 4194 ι)
2325 4134 2394 4196 Et
2432 4154 2667 4198 rursus:
2705 4158 2735 4195 ι
2757 4136 2911 4199 Ecce
2945 4154 3091 4197 sana
3114 4136 3265 4198 facta
3284 4153 3349 4197 es
3381 4155 3397 4211 ;
3424 4135 3545 4197 noli
3574 4154 3714 4197 am-

2058 4225 2213 4306 plius
2245 4244 2492 4306 peccare
2515 4227 2576 4289 4:
2607 4251 2628 4284 η
2659 4227 2835 4288 simul
2880 4235 2938 4288 et
2966 4226 3242 4288 morbum
3277 4243 3520 4300 curans,
3555 4227 3714 4287 sicut

2055 4317 2359 4397 sapientes
2380 4316 2687 4399 medici,et
2718 4317 3041 4398 providens
3067 4334 3143 4378 ne
3168 4333 3376 4377 rursus
3408 4317 3464 4376 in
3497 4314 3709 4379 eadem

2055 4405 2300 4469 incidat.
2354 4407 2548 4488 Atque
2600 4406 2685 4468 sic
2730 4408 2831 4469 illa
2862 4407 3107 4489 quidem
3139 4406 3508 4469 curationem
3542 4423 3714 4469 asse-

2058 4497 2262 4578 quitur
2282 4498 2685 4577 pulcherrime
2716 4507 2774 4559 et
2812 4499 3149 4573 utilissime,
3186 4506 3251 4559 ut
3277 4515 3396 4558 non
3428 4495 3620 4558 solum
3655 4495 3715 4559 ei

2057 4595 2218 4649 esset
2246 4587 2465 4650 sanitas
2497 4588 2912 4667 immutabilis,
2934 4588 3039 4651 sed
3064 4588 3242 4650 etiam
3271 4586 3409 4650 aliis
3435 4604 3713 4665 narrans,

2059 4677 2261 4739 multis
2290 4687 2450 4740 esset
2479 4678 2713 4741 occasio
2746 4678 3189 4758 consequendaa
3218 4677 3451 4740 salutis.

2138 4767 2267 4830 XII.
2304 4766 2593 4839 Quoniam
2642 4778 2842 4831 autem
2878 4787 2946 4831 ex
2994 4767 3305 4830 miraculis
3333 4766 3576 4849 quidem
3609 4784 3716 4830 su-

2060 4857 2242 4919 mitur
2263 4857 2337 4918 de
2358 4857 2477 4918 vita
2524 4858 2890 4939 conjectura,
2928 4866 3158 4938 oportet
3187 4874 3326 4918 vero
3377 4855 3718 4934 declarare,

2059 4947 2251 5028 qualis
2282 4954 2444 5009 esset
2472 4947 2526 5009 ei
2557 4947 2722 5009 zelus
2758 4947 2917 5010 circa
2943 4947 3147 5025 fidem,
3184 4948 3296 5008 hoc
3328 4945 3715 5009 i’ndicahitid

2060 5036 2218 5119 quod
2242 5044 2333 5098 est
2361 5038 2755 5119 prapositum.
2793 5037 3040 5110 Quando
3063 5035 3356 5098 Romanis
3385 5034 3721 5116 imperabat

2062 5144 2315 5208 magnus
2342 5127 2445 5188 ille
2476 5125 2926 5204 Constantinus,
2960 5134 3020 5189 et
3051 5126 3285 5206 primus
3319 5124 3481 5188 inter
3512 5126 3717 5206 impe-

2059 5228 2289 5281 ratores
2322 5215 2714 5291 Christianus,
2778 5215 2984 5278 consul
3034 5224 3232 5277 autem
3265 5222 3392 5275 erat
3427 5213 3719 5278 Paulinus

2060 5317 2118 5371 et
2145 5307 2412 5371 Julianus
2444 5324 2458 5369 :
2495 5324 2529 5367 a
2558 5324 2744 5385 regno
2772 5325 2921 5369 vero
2962 5304 3285 5368 Alexandri
3320 5301 3580 5384 Philippi
3609 5302 3720 5365 filii

2056 5397 2347 5479 agebatur
2376 5394 2850 5460 sexcentesimus
2881 5396 3222 5458 tricesimus
3280 5400 3341 5455 et
3370 5402 3572 5456 sextus
3601 5410 3715 5455 an-

2059 5486 2572 5569 nus,tuncNicaa:e
2583 5494 2942 5569 congregata
2952 5485 3066 5550 fuit
3086 5481 3340 5562 insignis
3350 5482 3452 5546 illa
3467 5483 3717 5547 Patrum
