4132 6412
404 331 514 400 431
571 330 579 334 ”
1716 331 1998 396 MENSIS
2044 333 2066 394 Ι

2156 332 2472 396 ΞΕΜΒΕΗ.
3675 325 3791 395 432

397 472 687 552 synodus,
724 469 1014 532 utArium
1048 463 1292 550 quidem
1347 468 1742 549 deponerent,
1791 468 1894 549 qui
1924 486 2051 531 rem

2156 465 2215 545 φ’
2279 472 2324 541 ᾤ
2369 465 2611 524 καθελεῖν
2659 467 2756 540 μὲν
2814 467 2906 522 τὸν
2958 464 3208 545 ’Ἀρειοη
3269 466 3465 540 κτίσμα
3521 467 3613 522 τὸν
3675 467 3793 522 Υἱὸν

400 569 662 622 creatam
690 560 876 641 impie
892 558 2058 621 nominabatFilium:decernerentvero

2156 555 2406 618 Ξυσσεϐῶς
2468 557 2823 630 ὀνομαζοντα,
2884 553 3198 632 δογματίσαι
3250 553 3306 611 δὲ
3363 561 3438 627 τῷ
3497 556 3660 631 Πατρὶ
3702 556 3797 612 τὸν

399 650 616 712 Filium
651 667 785 710 esse
818 649 1090 728 ejusdem
1151 648 1428 710 essentia:
1475 666 1609 709 cum
1648 650 1842 710 Patre.
1874 648 2059 710 Erant

2156 648 2264 703 Γίὸν
2320 647 2602 721 ὀμοοὺσιον
2637 664 2652 678 '
2701 648 2839 713 ἦσαν
2895 642 2948 700 δὲ
2998 651 3106 700 τῶν
3141 645 3240 719 μὲν
3293 649 3391 711 τῆς
3445 643 3793 722 βλασφημίας

402 749 600 803 autem
632 757 704 802 ex
729 738 805 799 iis
821 738 1205 817 quidem,qui
1231 738 1364 817 ejus
1391 736 1870 816 sutiragabantur
1889 739 2055 800 blas-

2156 738 2282 808 ιῦτῷ
2343 733 2738 813 συναιρομὲνων
2796 737 2842 790 οἱ
2889 739 3084 809 πρῶτοι
3144 733 3377 806 μάλιστα
3440 733 3534 790 καί
3592 733 3796 801 ἐπιση-

406 829 685 911 ρὶιοῐηίεο,
725 827 898 907 primi
931 836 989 888 et
1029 827 1288 888 maxime
1321 827 1589 900 insignes
1618 825 1911 890 Eusebius
1945 827 2056 891 Ni-

2156 826 2362 881 ιότατοι
2455 821 2700 886 Εὐσέϐιος
2784 823 2812 878 ὀ
2890 821 3271 902 Νικομηόείας,
3363 823 3530 902 Μάρις
3587 845 3645 880 τε
3703 824 3799 879 σὺν

404 910 717 994 comediae,
753 925 812 979 et
846 935 978 979 cum
1026 915 1130 978 illo
1154 915 1326 978 Maris
1361 924 1419 978 et
1451 914 1768 995 Theognis.
1803 935 2055 998 quorum

2156 914 2330 986 ἐκείνῳ
2373 914 2460 970 καὶ
2522 913 2762 990 Θέογνις,
2826 918 2901 968 ὦν
2960 913 2990 968 ό
3048 915 3148 987 μὲν
3207 923 3453 987 Νικαίας,
3509 913 3677 992 Μάρις
3713 910 3794 992 δὲ,

403 1007 504 1069 hic
535 1006 777 1088 quidem
823 1008 1059 1080 Nicaeae,
1113 1004 1288 1066 Maris
1333 1012 1528 1066 autem
1581 1013 1709 1066 erat
1737 1007 2060 1087 epis-capue

2156 1001 2487 1069 Καλχηδόνος
2530 1001 2822 1064 ἐπίσκοπος
2867 1001 2956 1068 ἧν.
3016 1003 3173 1059 Οὗτοι
3228 1000 3434 1081 Ἀρείου
3490 1007 3589 1069 τῆς
3662 1000 3799 1058 λύσ-

402 1096 938 1158 Chalcedonensis.
999 1097 1122 1170 Isti,
1184 1094 1325 1156 Ario
1379 1095 1534 1156 duce
1593 1095 1755 1158 illius
1787 1100 2056 1171 insaniae,

2156 1113 2243 1158 της
2316 1089 2714 1172 ἀφηγουμένου,
2791 1092 2883 1147 τὸν
2955 1097 3044 1148 τοῦ
3122 1098 3254 1148 Θεοῦ
3316 1091 3433 1147 rte.»
3490 1093 3581 1148 καὶ
3638 1093 3800 1171 Θεὸν,

403 1186 510 1249 Dei
543 1185 760 1247 Filium
794 1196 855 1247 et
906 1184 1097 1247 Deum
1147 1193 1411 1245 creatum
1439 1202 1568 1246 esse
1607 1185 1666 1264 (ο
1695 1185 2059 1264 insaniam!)

2156 1182 2382 1260 ιτιστὸν,
2441 1180 2486 1238 ὢ
2539 1178 2779 1255 μανίαςί
2829 1181 2893 1236 τὰ
2951 1182 3162 1257 πονηρὰ
3204 1181 3473 1254 κτίσματα
3517 1178 3806 1259 ἐδογμάτι-

406 1273 666 1355 improbi
697 1283 756 1335 et
787 1273 1066 1336 scelerati
1099 1274 1373 1334 homines
1398 1271 2057 1338 decernebant.Eorum

2156 1278 2254 1339 ζον.
2303 1275 2420 1328 Τῶν
2470 1291 2531 1346 γε
2574 1291 2682 1344 μην
2724 1269 2855 1347 ὑπὲρ
2913 1268 3008 1337 τῆς
3078 1265 3345 1334 εὐσεϐείας
3411 1268 3803 1348 διαγωνιζομέ-

407 1374 637 1446 autem,
697 1363 798 1445 qui
849 1382 954 1444 pro
1014 1363 1230 1443 pietate
1274 1363 1662 1426 decertabant
1730 1365 2055 1447 principes,

2156 1383 2248 1415 mw
2301 1361 2350 1415 οἱ
2395 1361 2702 1439 πρόμαχοι,
2759 1364 2834 1415 ων
2879 1362 2965 1416 καὶ
3015 1359 3171 1436 λόγος
3226 1361 3339 1435 ἅμα
3383 1361 3471 1416 καὶ
3512 1360 3649 1442 βίος,
3693 1367 3805 1418 τῶν

410 1472 666 1535 quorum
702 1461 760 1514 et
791 1453 1064 1514 doctrina
1094 1452 1273 1514 simul
1306 1460 1364 1513 et
1394 1453 1509 1514 vita
1530 1463 1657 1514 erat
1690 1455 2058 1534 praestantis-

2156 1447 2323 1509 ἰλλων
2365 1447 2762 1530 διαφορώτατος
2823 1451 2915 1523 ἦν,
2975 1449 3112 1516 ἦσαν
3164 1451 3330 1506 οὗτοι.
3388 1449 3471 1507 ’Ὀ
3526 1470 3585 1506 τε
3627 1450 3800 1528 μέγας

410 1544 586 1617 sima,
619 1551 789 1605 erant
813 1543 873 1603 hi
910 1561 924 1603 :
974 1560 1222 1620 magnus
1245 1542 1403 1604 inter
1425 1553 1663 1606 sanctos
1694 1545 2054 1620 Alexander,

2156 1539 2197 1594 ἰν
2257 1539 2427 1616 ἁγίοις
2489 1536 2856 1618 Ἀλέξανδρος,
2929 1537 3278 1618 πρεσϐύτερος
3353 1539 3452 1614 μὲν
3521 1539 3617 1612 ὥν,
3679 1538 3798 1611 ἄρτι

411 1633 513 1714 qui
545 1642 673 1694 erat
702 1632 1034 1712 presbyter,
1064 1642 1202 1694 tunc
1235 1650 1372 1693 vero
1403 1633 1589 1695 vicem
1623 1633 1872 1713 gerebat
1904 1636 2057 1697 beati

2156 1625 2197 1683 Βὲ
2244 1629 2332 1683 τὸν
2375 1634 2466 1685 τοῦ
2516 1628 2776 1706 μακαρίου
2806 1627 3187 1708 Μητροφένους
3230 1629 3394 1687 τόπον
3434 1627 3675 1710 ἐπέχων,
3721 1631 3796 1692 ὡς

410 1721 574 1784 illius
607 1722 1036 1802 Metrophanis,
1063 1731 1126 1782 ut
1155 1722 1256 1802 qui
1289 1722 1418 1802 ipse
1450 1741 1568 1784 non
1598 1725 1874 1799 adesset;
1900 1725 2057 1806 quod

2156 1716 2206 1771 Ξὶν
2249 1716 2408 1778 αὐτοῦ
2464 1723 2543 1792 μη
2610 1717 2891 1806 παρόντος,
2938 1716 3059 1774 ἀλλ’
3103 1717 3273 1775 αἰτίαν
3310 1718 3415 1806 ,τῆς
3458 1716 3796 1806 ἀπολείψεως

411 1811 488 1872 ab
519 1820 678 1873 esset
708 1820 1126 1885 autem,causa
1155 1824 1282 1872 erat
1317 1811 1580 1873 morbus:
1605 1822 1662 1874 et
1690 1805 2060 1876 clarissimus

2156 1805 2301 1862 idem
2346 1806 2593 1885 ἔχοντος,
2645 1808 2734 1863 καὶ
2786 1805 3099 1872 Ἀθανὰσιος
3162 1809 3190 1862 ὁ
3232 1805 3422 1882 πολὺς,
3468 1805 3616 1864 οὔπω
3675 1806 3798 1864 τότε

409 1900 514 1968 ille
568 1899 956 1974 Athanasius,
1013 1900 1114 1980 qui
1175 1901 1438 1962 nondum
1507 1903 1860 1966 sacerdotali
1919 1903 2062 1966 sede

2156 1895 2235 1951 τὸν
2288 1897 2551 1974 ἱερατικὸν
2608 1895 2790 1969 θρόνον
2849 1897 3250 1972 ἀποσεμνύνων,
3311 1896 3449 1954 ἀλλά
3505 1904 3574 1974 τῇ
3632 1895 3798 1954 Ἀλε-

410 1995 537 2049 erat
563 1987 1016 2059 decoratus,sed
1043 1988 1102 2048 in
1127 1987 1397 2050 Ecclesia
1420 1987 1824 2051 Alexandrina
1847 2008 2063 2053 munus

2156 1982 2403 2063 Ξανδρέων
2459 1981 2782 2052 Ἐκκλησίας
2843 1985 2940 2052 τὴν
3007 1996 3100 2046 τοῦ
3173 1983 3416 2044 διακόνου
3471 1987 3615 2052 τάξιν
3655 1986 3797 2043 ἀπο-

410 2075 615 2139 obibat
642 2077 904 2141 diaconi.
931 2076 1226 2150 Quocirca
1246 2097 1364 2139 non
1391 2096 1567 2159 parva
1598 2080 1657 2140 in
1691 2098 1795 2142 eos
1822 2080 2064 2160 irrepsit

2156 2072 2368 2154 πληρῶν
2403 2091 2416 2106 °
2494 2072 2574 2130 διὸ
2632 2076 2721 2131 καὶ
2768 2077 2956 2155 φθόνος
3032 2074 3148 2132 κατ’
3233 2076 3406 2134 αὖτῶν
3491 2077 3550 2133 οὗ
3608 2078 3799 2154 μικρὸς

409 2165 656 2246 invidia,
691 2167 850 2248 quod
881 2186 1015 2230 cum
1053 2167 1316 2228 nondum
1365 2169 1654 2247 dignitate
1687 2178 2059 2250 praestarent,

2156 2165 2424 2242 ὃφεῐρπεν,
2498 2162 2579 2220 ὅτι
2669 2166 2838 2239 μήπω
2915 2162 3255 2244 διαφέροντες
3327 2165 3616 2246 ἀξιώμασι,
3664 2164 3799 2223 πολὺ

409 2255 472 2318 in
502 2257 734 2319 ratione
765 2255 904 2318 ﬁdei
936 2257 1084 2319 alios
1107 2266 1488 2338 superarent.
1525 2257 1665 2321 Erat
1693 2267 1890 2322 autem
1924 2279 2058 2322 cum

2156 2257 2262 2331 περὶ
2325 2254 2414 2309 τὸν
2471 2251 2630 2332 λόγόν
2685 2253 2782 2320 τῆς
2827 2253 3056 2316 πίστεως
3117 2258 3223 2311 τῶν
3285 2253 3462 2313 ἄλλων
3521 2255 3796 2334 ἐκράτουν.

412 2346 501 2407 eis
530 2364 771 2427 quoque
821 2364 1072 2424 magnus
1124 2335 1223 2408 ille
1265 2347 1572 2427 Spiridon,
1619 2349 1960 2428 cujusvita
2004 2359 2062 2412 et

2156 2335 2242 2398 Ἦν
2275 2339 2329 2397 δὲ
2361 2340 2460 2420 ἄρα
2505 2344 2597 2399 σὺν
2629 2342 2836 2406 τούτοις
2865 2344 2955 2400 καὶ
3013 2341 3282 2422 Σπυρίδων
3329 2347 3355 2401 ὁ
3393 2345 3586 2424 μέγας,
3637 2347 3796 2423 οὗπερ

414 2453 547 2513 quae
568 2453 702 2497 cum
729 2453 800 2497 eo
834 2434 1137 2498 habitabat
1165 2436 1382 2514 gratia,
1412 2445 1538 2498 erat
1568 2437 1772 2498 utilior
1793 2439 1864 2499 ad
1917 2458 2058 2518 per-

2156 2433 2172 2486 5
2227 2430 2338 2506 βίος
2399 2429 2628 2506 μᾶλλον,
2688 2433 2774 2488 καὶ
2831 2433 2865 2500 ἡ
2927 2439 3239 2490 συνοικοῦσα
3321 2435 3483 2514 χάρις
3541 2435 3794 2509 ἀνύσιμος

412 2523 812 2598 suadendum,
847 2543 1021 2604 quam
1048 2525 1264 2605 lingua:
1296 2525 1573 2604 aliorum,
1608 2536 1667 2588 et
1691 2527 2062 2590 inevitabiles

2156 2521 2219 2583 εἷς
2281 2521 2448 2577 πειθὼ
2483 2520 2520 2589 ἢ
2563 2520 2670 2578 τῶν
2714 2519 2891 2578 ἄλλων
2939 2522 2993 2578 αἱ
3039 2521 3305 2600 γλῶσσαι,
3350 2524 3573 2582 καὶτῶν
3599 2523 3790 2582 συλλο-

415 2631 574 2677 ansa
619 2613 1123 2693 syllogismorum,
1155 2615 1602 2697 splendidisque
1651 2629 1711 2679 et
1762 2616 2065 2697 elegantes

2156 2617 2354 2688 γισμῶν
2399 2610 2449 2666 αἱ
2505 2609 2726 2691 ἄφυκτοι
2773 2609 2952 2692 λαϐαὶ,
2989 2613 3073 2668 καὶ
3122 2615 3175 2669 αἱ
3219 2619 3326 2671 τῶν
3359 2613 3529 2692 λόγων
3582 2614 3790 2687 κομψαὶ

414 2701 648 2785 periodi
679 2704 1038 2764 orationum.
2148 2698 2398 2797 περίοβοι,

497 2790 803 2856 Xlll.Cum
839 2801 1033 2856 autem
1068 2795 1165 2857 hic
1195 2794 1431 2856 adesset
1469 2795 1590 2865 (hic
1623 2795 1782 2857 enim
1809 2797 1934 2876 jam
1968 2817 2065 2862 res

2228 2788 2340 2852 ll".
2375 2788 2467 2855 Ὠς
2512 2788 2564 2846 δὲ
2627 2792 2715 2848 καὶ
2771 2791 2909 2849 οὕτω
2945 2796 3122 2872 παρῆν
3157 2790 3394 2873 (ἐνταῦθα
3425 2792 3522 2870 γὰρ
3564 2788 3666 2859 ἤδη
3696 2791 3785 2846 καὶ

418 2889 510 2944 est
531 2882 1016 2964 jucundissima),
1043 2887 1372 2947 intererant
1402 2895 1601 2946 autem
1631 2885 1855 2966 synodo
1887 2886 2063 2949 etiam

2156 2880 2209 2935 τὺ
2263 2886 2356 2937 τοῦ
2409 2879 2723 2958 πράγματος
2766 2881 3032 2959 ἥδιστον),
3094 2883 3342 2960 παρῆσαν
3393 2879 3446 2938 δὲ
3502 2883 3589 2938 καὶ
3630 2878 3790 2960 φιλό-

417 2970 782 3052 philos0phi,
816 2991 948 3034 cum
981 2972 1064 3037 ita
1097 2978 1398 3038 videretur
1449 2975 1822 3056 imperatori,
1857 2977 1961 3056 qui
1990 2975 2065 3039 ab

2156 2989 2302 3047 σοφοι
2347 2969 2414 3038 τῇ
2472 2969 2694 3043 συνόδῳ,
2751 2979 2827 3046 τῷ
2879 2972 3095 3049 βασιλεῖ
3136 2979 3291 3030 τοῦτο
3345 2970 3554 3045 δοκοῦν,
3587 2973 3796 3046 κόμπον

417 3059 785 3122 ambulando
817 3080 882 3123 se
932 3063 1260 3143 jactabant,
1319 3075 1377 3126 et
1428 3065 1659 3127 animos
1741 3066 2066 3129 seducente

2156 3061 2566 3134 περιπατητικὸν
2625 3062 2937 3142 αῦχουντες,
3000 3063 3087 3120 καὶ
3149 3062 3470 3143 σοφιστικὴν
3524 3066 3796 3142 ψυχαγω-

420 3151 747 3232 sophistica
803 3162 930 3215 arte
987 3164 1157 3216 erant
1210 3173 1444 3217 summe
1508 3154 1750 3217 eruditi.
1812 3155 2062 3228 Quidam

2156 3148 2266 3223 γίαν
2321 3145 2495 3228 ἄκρως
2569 3149 3003 3226 πεπαιδευμένοι,
3067 3155 3164 3216 Εἷς
3234 3150 3290 3209 δέ
3361 3173 3441 3216 τις
3501 3151 3556 3208 ἐν
3614 3150 3798 3212 αὐτοῖς

420 3220 562 3302 vero
575 3241 898 3304 unusinter
911 3261 1012 3306 eos
1031 3245 1252 3325 primas
1266 3253 1466 3324 partes
1482 3244 1722 3307 tenebat
1737 3245 2062 3324 inagendo,

2156 3220 2342 3314 ἧγεῖτο
2386 3220 2478 3295 τοῦ
2527 3238 2711 3318 λόγου,
2745 3220 2965 3322 ἄμαχον
3009 3248 3080 3306 είς
3123 3243 3289 3300 πειθὼ
3348 3239 3567 3317 δύναμιν
3625 3241 3796 3321 ἔχων,

419 3330 521 3411 qui
552 3330 810 3393 habebat
835 3333 1245 3412 persuadendi
1275 3333 1391 3392 vim
1426 3334 1975 3412 inexpugnabilem,
2003 3343 2064 3398 et

2156 3329 2239 3385 καὶ
2295 3326 2380 3385 διὰ
2443 3330 2620 3398 πάσης
2681 3329 2926 3408 γλώττης
2987 3334 3088 3400 τὴν
3130 3331 3456 3411 εὖγλωττὶαν
3511 3329 3794 3406 ᾇδόμενος.

420 3419 593 3499 cujus
623 3419 967 3498 eloquentia
991 3421 1210 3500 linguis
1243 3421 1658 3484 celebrabatur
1689 3425 1976 3486 omnium.
2013 3423 2066 3487 Is

2156 3417 2316 3483 Οὗτος
2373 3432 2491 3482 τοῖς
2553 3419 2866 3486 ἐπισκόποις
2925 3422 3209 3498 συμμίξας,
3294 3423 3530 3502 ἰσχυρῶς
3611 3420 3801 3500 Ἀρείῳ

420 3526 776 3587 congressus
831 3529 964 3572 cum
1025 3512 1344 3591 episcopis,
1401 3512 1638 3574 fortiter
1710 3513 2066 3576 defendebat

2156 3506 2397 3583 συνέστη,
2445 3514 2532 3566 καὶ
2595 3508 2711 3567 λίαν
2780 3511 3004 3592 ἀντεῖχε
3069 3519 3399 3592 συνηγορῶν,
3462 3515 3534 3575 ὡς
3596 3513 3681 3567 καὶ
3738 3511 3801 3566 τὸ

419 3599 727 3674 Arium,et
747 3599 917 3662 valde
943 3599 1622 3684 resistebat,suscipiens
1649 3603 1778 3683 ejus
1807 3606 2066 3684 patroci-

2156 3595 2286 3653 πολὺ
2328 3608 2421 3658 τοῦ
2480 3597 2714 3670 πλήθοδς
2770 3602 2844 3664 εἷς
2901 3601 3154 3679 ἀκρόασιν
3198 3601 3609 3672 ἐπισπάσασθαι,
3673 3599 3801 3678 γλι-

420 3691 614 3770 nium,
649 3689 804 3751 adeo
839 3698 899 3752 ut
931 3708 1205 3770 magnam
1243 3700 1469 3774 partem
1507 3693 1711 3773 populi
1743 3695 2066 3759 attraheret

2156 3687 2416 3765 χομένους
2459 3692 2674 3769 μαθεῖν,
2734 3691 2948 3770 πότεροι
2993 3697 3096 3748 τῶν
3162 3690 3550 3770 ἀντιλεγόντων
3606 3697 3803 3746 νικῶν-

419 3777 494 3841 ad
523 3778 1192 3854 audiendum,aventem
1225 3783 1530 3856 scire,utri
1565 3801 1632 3845 ex
1658 3784 2066 3847 contradicen-

2156 3798 2236 3841 τες
2281 3777 2508 3835 ἔσονται.
2559 3777 2685 3838 Οὐδὲ
2741 3782 2839 3858 γὰρ
2897 3782 2964 3847 ἧν
2993 3781 3134 3837 οὕτω
3181 3782 3312 3856 πρὸς
3374 3780 3612 3838 ἐπίλυσιν
3669 3779 3844 3836 δυσο-

422 3868 579 3930 tibus
637 3869 816 3932 futuri
867 3878 1068 3932 essent
1125 3873 1488 3952 superiores.
1545 3871 1703 3935 Nihil
1737 3873 1912 3954 igitur
1943 3883 2066 3937 erat

2156 3868 2339 3948 χερὲς,
2370 3866 2398 3922 ὅ
2435 3871 2513 3944 μὴ
2545 3867 2758 3926 εὔλυτον
2806 3869 3012 3937 ἐκεῖνος
3070 3871 3228 3928 ἐτίθει
3293 3877 3360 3948 τῇ
3408 3874 3538 3951 πρὸς
3582 3871 3643 3926 τὸ
3703 3868 3803 3926 λέ-

419 3957 570 4019 adeo
604 3958 800 4021 solutu
829 3959 1261 4041 difﬁcile,quod
1294 3981 1412 4023 non
1446 3962 1549 4024 ille
1581 3964 1868 4025 redderet
1896 3964 2068 4028 facile

422 4045 678 4109 solubile
703 4067 808 4110 sua
837 4049 1080 4113 dicendi
1111 4053 1284 4132 copia
1305 4061 1360 4113 ct
1379 4051 1841 4115 facultate.Cum
1865 4065 2067 4116 autem

420 4154 581 4216 saepe
613 4138 673 4198 in
702 4146 930 4200 arcium
979 4149 1294 4220 cogeretur
1343 4142 1678 4221 responsio,
1711 4143 1898 4206 instar
1953 4161 2068 4205 an-

419 4226 616 4306 guilla;
648 4227 1014 4302 elabebatur,
1048 4230 1220 4292 furtis
1251 4232 1657 4312 persuasionis
1690 4244 1749 4296 et
1782 4233 1936 4295 escis
1965 4252 2068 4295 so—

422 4315 716 4396 phisticis.
750 4320 890 4381 Erat
923 4337 1064 4399 ergo
1096 4322 1358 4382 veritatis
1411 4331 1469 4383 et
1519 4323 1665 4384 artis
1716 4323 2066 4404 contentio;

419 4405 541 4468 illis
571 4407 945 4489 quidem,qui
976 4429 1174 4471 veram
1209 4411 1524 4474 tuebantur
1572 4412 1887 4486 rationem,
1924 4431 2068 4474 sen-

421 4497 625 4558 tentiis
657 4516 775 4559 non
807 4499 1122 4561 artiﬁciose
1152 4507 1211 4562 et
1239 4501 1457 4563 callide
1487 4502 1828 4580 excogitatis
1858 4503 2067 4580 sophi-

2152 3978 2265 4036 γειν
2323 3960 2616 4036 περιουσίᾳ.
2683 3961 2780 4018 Καὶ
2853 3962 2926 4026 εἰς
3004 3963 3186 4018 στενὸν
3243 3957 3299 4016 δὲ
3373 3958 3630 4026 πολλάκις
3701 3954 3803 4028 τῆς

2151 4045 2442 4126 ἀπολογίας
2501 4049 2642 4121 αὒτῷ
2701 4051 3061 4130 καταστάσης,
3120 4047 3269 4116 δίκην
3315 4047 3572 4130 ἐγχέλυος
3613 4046 3803 4104 διωλί-

2154 4140 2329 4193 σθαινε
2388 4140 2598 4202 πειθοῦς
2659 4138 2932 4214 κλέμμασι
2988 4143 3076 4197 καὶ
3137 4152 3470 4219 σοφιστικοῖς
3529 4137 3805 4212 δελεσίμα-

2155 4247 2258 4284 σιν.
2306 4219 2403 4283 Ἦν
2460 4226 2549 4283 οὖν
2592 4226 2842 4294 ἀληθείας
2882 4230 2970 4285 καὶ
3027 4229 3230 4310 τέχνης
3282 4227 3505 4304 ἅμιλλα,
3564 4234 3668 4284 τῶν
3700 4228 3804 4302 μὲν

2151 4315 2360 4384 τάληθῆ
2444 4314 2864 4395 φιλολογοῦντων
2900 4365 2916 4393 ,
3006 4322 3270 4393 νοήμασιν
3367 4317 3806 4396 ἀρᾳδιουργήτοις

2152 4403 2458 4480 βαλλόντων
2502 4407 2590 4462 τὸν
2627 4408 2906 4487 σοφιστὴν,
2958 4417 3052 4467 τοῦ
3093 4407 3147 4464 δὲ
3191 4409 3427 4488 καθάπερ
3475 4407 3615 4464 ὅπλα
3664 4428 3809 4484 προ-

2152 4491 2484 4570 ϐαλλομένου
2536 4498 2596 4551 τὸ
2657 4495 2899 4554 ποικίλον
2956 4498 3048 4555 τοῦ
3105 4496 3285 4576 λόγου,
3354 4498 3449 4554 καί
3506 4494 3812 4576 παραλογι-

420 4593 571 4647 stam
597 4585 975 4663 ferientibus;
1007 4589 1119 4651 hoc
1151 4599 1374 4665 autem,
1405 4600 1679 4672 tanquam
1713 4592 2066 4672 arma,obji-

2156 4586 2332 4640 στικὸν
2376 4587 2460 4642 καὶ
2520 4587 2878 4668 κακότεχνον,
2937 4588 3030 4645 καῖ
3089 4589 3262 4662 τούτῳ
3311 4587 3516 4664 μᾶλλον
3559 4588 3807 4663 οἰομένου

422 4674 620 4736 ciente
643 4675 984 4740 varietatem
1020 4679 1730 4762 orationis,[allacemque
1764 4689 1820 4742 et
1852 4683 2075 4744 subdo-

420 4763 540 4826 lam
572 4765 1123 4847 ratiocinationem,
1158 4780 1216 4832 et
1259 4789 1331 4833 ea
1375 4789 1440 4834 se
1499 4771 1690 4850 magis
1740 4769 2070 4834 arbitrante

419 4873 596 4936 posse
625 4856 891 4920 vincere.

499 4943 646 5012 XIV.
680 4949 800 5010 Sed
858 4965 934 5011 ne
979 4947 1220 5011 dicendi
1275 4948 1571 5012 facultatis
1601 4959 1762 5012 esset
1795 4949 2068 5028 victoria,

417 5053 619 5098 verum
654 5036 877 5101 Christi
907 5049 965 5101 et
992 5040 1277 5114 veritatis,
1335 5039 1468 5102 aliis
1498 5040 1640 5101 viris
1683 5039 1875 5101 doctis
1909 5060 2065 5122 pree—

415 5125 730 5201 termissis,
757 5145 827 5189 ea
846 5127 955 5190 fuit
979 5129 1318 5209 Spiridonis
1349 5130 1460 5192 viri
1482 5128 1905 5210 simplicis,qui
1930 5149 2062 5193 cum

413 5215 566 5276 nihil
598 5216 760 5277 aliud
795 5223 976 5279 sciret
1019 5217 1133 5280 nisi
1189 5219 1516 5298 Christum,
1552 5237 1809 5300 eumque
1861 5220 2061 5281 cruci-

414 5305 620 5374 ﬁxum,
657 5306 815 5366 sicut
871 5307 951 5368 ait
1009 5308 1330 5370 Paulus5:
1385 5328 1521 5370 cum
1583 5309 1828 5370 vidisset
1862 5309 2062 5390 philo-

411 5393 668 5472 sophum
703 5413 769 5456 se
813 5396 1142 5475 jactantem
1189 5396 1679 5478 sophismatibus,
1711 5408 1770 5461 et
1803 5399 2064 5478 linguam

413 5481 766 5546 maledicam
798 5495 1139 5550 moventem
1176 5496 1387 5550 contra
1416 5487 1742 5571 Christum,
1773 5495 1832 5551 et
1863 5499 2064 5554 nostra

488 5654 524 5713 ὕ
549 5654 574 5720 Ι
603 5654 740 5718 Cor.
775 5673 838 5739 Il,
870 5657 936 5727 2.

2155 4688 2397 4753 κρατεῖν,

2236 4944 2350 5004 1Δ’.
2402 4943 2553 5002 Ἀλλ’
2614 4946 2705 5004 ’ίνα
2763 4950 2840 5024 μή
2883 4951 2987 5004 τῶν
3037 4945 3211 5027 λόγων
3244 4949 3303 5004 τὸ
3334 4953 3480 5019 νικᾷν
3515 4946 3630 5021 εἵη,
3665 4944 3808 5002 ἀλλά

2155 5037 2383 5110 Χριστοῦ
2463 5038 2555 5094 καὶ
2623 5039 2721 5104 τῆς
2798 5039 3070 5118 ἀληθείας,
3149 5040 3269 5102 τοὺς
3354 5037 3530 5101 ἄλλως
3590 5037 3806 5116 λογίους

2148 5123 2514 5203 παραδραμὸν,
2575 5127 2902 5206 Σπυρίδωνος
2960 5138 3116 5187 τοῦτο
3175 5136 3270 5187 τοῦ
3342 5127 3512 5186 ἁπλοῦ
3572 5127 3806 5207 γίνεται,

2147 5215 2220 5277 ὡς
2270 5212 2415 5272 οῦδὲν
2460 5215 2591 5275 ἄλλο
2635 5240 2684 5273 τι
2741 5217 2903 5274 πλέον
2956 5218 3103 5284 εἰδὼς
3160 5218 3240 5276 ὅτι
3273 5219 3350 5295 μὴ
3406 5220 3656 5296 Χριστὸν,
3705 5218 3804 5274 καί

2145 5310 2330 5361 τοῦτον
2378 5303 2798 5386 ἐσταυρωμένον,
2862 5307 2936 5372 ὣς
3005 5331 3170 5387 φησιν
3233 5308 3462 5372 Παῦλος.
3524 5309 3620 5372 Ὣς
3682 5304 3801 5362 εἶδε

2144 5396 2238 5450 τὸν
2295 5394 2582 5474 φιλόσοφον
2637 5411 2753 5462 το”ς
2816 5400 3105 5476 σοφίσμασι
3171 5399 3580 5475 βρενθυόμενον,
3641 5393 3808 5477 φιλο-

2147 5482 2385 5563 λοίδορον
2445 5507 2501 5542 τε
2541 5485 2790 5566 γλῶσσαν
2845 5496 3091 5548 κινοῦντα
3133 5492 3272 5547 κατὰ
3316 5493 3568 5567 Χριστοῦ,
3602 5487 3691 5544 καὶ
3741 5486 3812 5543 τὰ
