4132 6414
337 373 465 445 433

1625 382 1811 450 νΙΤΑ
1853 386 1913 451 S.
1971 384 2355 453 SPYRIDON
2363 381 2450 446 IS.

3615 379 3732 449 434

335 515 581 591 ἡμέτερα
653 511 993 596 διαχλευάζει
1063 517 1413 599 πειρώμενον,
1465 520 1769 598 προσελθὼν
1839 523 1990 582 ἐκεῖ-

2088 528 2390 584 conantem
2423 515 2815 593 subsannare,
2855 514 3149 581 accedens
3193 515 3382 598 petiit,
3411 523 3476 580 ut
3505 518 3618 581 sibi
3653 520 3732 582 li-

337 630 454 680 νος,
503 607 694 683 ᾐτεῖτο
744 607 936 685 μικρόν
989 630 1038 665 τι
1070 608 1164 666 καὶ
1194 612 1337 685 αὖτῷ
1389 613 1519 691 πρὸς
1551 610 1741 690 λόγους
1794 614 1996 675 ἐλθεῖν.

342 701 408 757 οἱ
463 695 517 753 δε
574 703 669 754 τοῦ
726 695 918 774 μέρους
978 703 1076 766 τῆς
1129 698 1416 775 εὐσεϐείας,
1478 703 1539 758 τὸ
1609 701 1810 762 ἁπλοῦν
1858 709 2001 780 αὒτῷ

344 790 433 844 καὶ
459 787 733 867 ἀρχαϊκὸν
783 785 1100 860 συνειδότες,
1136 790 1266 867 πρὸς
1317 791 1392 848 ἔτι
1423 788 1480 848 δὲ
1509 793 1597 848 καὶ
1639 794 1701 850 τὸ
1730 798 1829 861 τῆς
1880 795 2000 852 Ἑλ.

343 876 572 944 ληνικῆς
651 873 894 942 παιδείας
964 881 1204 957 καθαρῶς
1273 877 1550 958 ἄγευστον,
1621 881 1854 942 ἐκώλυον
1925 887 1998 949 εἰς

335 964 507 1041 μέσον
579 965 756 1022 ἐλθεῖν
813 968 900 1024 οιαὶ
955 974 1033 1041 τῷ
1087 975 1313 1047 σοφιστῇ
1371 967 1689 1047 συμϐαλεῖν,
1758 975 1860 1032 Τὸν
1915 972 1992 1047 δὲ,

335 1055 512 1130 μηδὲν
570 1057 793 1121 ἐκείνοις
855 1055 1129 1114 πεισθέντα
1171 1057 1286 1135 ᾔδει
1328 1061 1429 1140 γὰρ
1484 1061 1534 1117 τί
1577 1066 1674 1137 μέν
1727 1063 1758 1131 ἦ
1801 1063 1998 1121 ἄνωθεν

344 1147 519 1226 coepta,
553 1147 604 1201 τί
651 1143 706 1202 δὲ
736 1150 771 1212 ὴ
811 1145 1116 1224 ἀνθρωπινή
1164 1151 1255 1205 καὶ
1297 1150 1702 1229 καταργουμένη
1754 1152 1991 1229 δύναται,

346 1235 656 1312 προσελθεῖν
731 1243 810 1310 τῷ
851 1235 1016 1314 ἀνδρὶ,
1060 1239 1154 1296 καὶ
1198 1240 1381 1319 φάναι*
1430 1241 1484 1299 ἐν
1549 1243 1770 1319 ὀνόματι
1817 1241 1994 1310 Ἰησοῦ

341 1332 591 1405 Χριστοῦ,
651 1328 698 1383 ὧ
769 1325 1052 1407 φιλόσοφε,
1119 1330 1393 1412 πρόσσχες
1450 1330 1566 1410 ἄρτι
1624 1334 1713 1391 καὶ
1756 1333 1810 1390 ἐν
1878 1333 1994 1410 ἐμοὶ

334 1418 428 1472 τὸν
499 1423 646 1488 νοῦν,
693 1415 781 1472 καὶ
842 1415 876 1471 ἃ
925 1417 1184 1492 βούλομαι
1255 1419 1452 1498 λέγειν,
1516 1423 1670 1488 αὐτὸς
1741 1420 1990 1484 ἄκουσον.

2085 620 2247 673 ceret
2277 625 2598 690 parumper
2627 625 2761 669 cum
2795 625 2867 682 eo
2897 607 3301 688 colloqui.Qui
3332 620 3532 670 autem
3566 618 3736 672 erant

2085 701 2428 764 earumdem
2490 697 2766 778 partium,
2801 716 2936 760 cum
2989 700 3213 760 scirent
3256 716 3433 780 quam
3489 707 3650 762 esset
3678 699 3736 762 ei

2083 790 2333 870 simplex
2363 796 2425 852 et
2453 787 2652 869 prisca
2678 789 2955 868 pietas,et
2991 794 3278 867 praeterea
3309 788 3468 865 quod
3491 788 3735 854 Greco.

2082 898 2212 942 rum
2228 879 2562 941 doctrinam
2581 895 2655 938 ne
2667 878 2918 939 summis
2941 877 3187 955 quidem
3210 878 3393 940 labris
3413 887 3730 959 gustasset,

2083 968 2480 1050 prohibebant
2507 986 2581 1029 ne
2614 967 2842 1029 veniret
2885 967 2947 1030 in
2981 968 3272 1040 medium,
3307 975 3366 1030 et
3395 970 3736 1048 congrede-

2080 1068 2245 1121 retur
2265 1077 2401 1120 cum
2434 1057 2721 1137 sophista.
2757 1059 2811 1120 Is
2827 1074 2966 1119 vero
2998 1056 3072 1118 ab
3091 1057 3181 1120 eis
3207 1056 3454 1120 minime
3484 1077 3735 1139 persua-

2079 1167 2180 1209 sus
2209 1147 2465 1228 (sciebat
2508 1155 2664 1207 enim
2695 1147 2836 1226 quid
2869 1165 3130 1226 superna
3175 1147 3416 1228 quidem
3449 1155 3607 1210 esset
3638 1167 3737 1211 sa-

2080 1237 2326 1318 pientia,
2359 1236 2501 1316 quid
2531 1244 2728 1297 autem
2753 1235 3028 1298 humana;
3060 1236 3242 1311 vires,
3277 1244 3335 1299 et
3365 1256 3496 1318 quae
3525 1237 3737 1300 inanes

2077 1326 2413 1388 redduntur
2468 1333 2529 1387 et
2581 1323 2948 1405 abolentur),
2984 1325 3058 1387 ad
3092 1325 3283 1388 virum
3336 1334 3618 1401 accessit,
3675 1337 3737 1390 et

2083 1415 2269 1478 dixit:
2298 1414 2362 1477 in
2385 1415 2632 1477 nomine
2668 1413 2810 1476 Jesu
2832 1413 3079 1490 Christi,
3115 1435 3148 1476 o
3181 1415 3561 1496 philosophe,
3587 1416 3736 1478 mihi

335 1511 443 1564 Τοῦ
486 1503 542 1561 δὲ
586 1505 860 1584 φήσαντος
909 1506 982 1568 ὣς
1031 1507 1102 1563 Σὺ
1153 1507 1252 1582 μὲν
1304 1507 1474 1584 λέξον,
1510 1507 1618 1588 ἐγὼ
1658 1508 1714 1567 δὲ
1771 1512 2002 1569 ἀκούσο-

2088 1506 2202 1586 iam
2228 1523 2468 1587 quoque
2495 1503 2761 1566 animum
2794 1504 3039 1578 adhibe,
3061 1505 3270 1567 etaudi
3295 1504 3422 1586 ipse
3445 1525 3577 1588 quae
3608 1507 3737 1569 volo

338 1616 463 1669 μαι.
515 1598 614 1657 Εἷς
665 1594 803 1668 ἔστι,
841 1593 1112 1672 Σπυρίδων
1170 1596 1297 1678 ἔφη,
1346 1600 1502 1679 Θεὸς,
1537 1600 1756 1676 οὐρανοῦ
1804 1623 1862 1658 τε
1917 1602 2002 1658 καὶ

2088 1595 2315 1658 dicere.
2348 1593 2496 1658 Cum
2550 1593 2601 1656 is
2648 1602 2846 1656 autem
2881 1593 3139 1656 dixisset
3170 1616 3183 1653 :
3219 1593 3308 1656 Tu
3339 1595 3580 1675 quidem
3613 1597 3733 1670 dic,

340 1685 443 1759 γῆς
505 1685 592 1739 καὶ
644 1688 750 1740 τῶν
809 1679 987 1739 ἄλλων
1026 1685 1241 1742 πάντων
1282 1692 1387 1743 τῶν
1445 1686 1500 1744 ἐν
1545 1687 1695 1764 μέσῳ
1751 1689 2002 1768 δημιουρ-

2088 1703 2196 1765 ego
2226 1703 2367 1747 vero
2397 1683 2662 1750 audiam.
2697 1683 2864 1748 Unus
2887 1692 2975 1746 est
2995 1687 3177 1760 Deus,
3215 1685 3407 1766 inquit
3429 1685 3734 1766 Spiridon,

345 1772 469 1849 γός.
530 1778 716 1848 Οὗτος,
775 1773 804 1828 ὃ
847 1773 935 1829 καὶ
995 1773 1089 1834 τὰς
1134 1778 1400 1854 οὐρανίους
1465 1775 1709 1855 δυνάμεις
1752 1801 2002 1858 παραγα-

2089 1774 2218 1836 caeli
2244 1783 2303 1836 et
2330 1784 2502 1836 terra:
2525 1783 2582 1836 et
2604 1773 2858 1836 aliorum
2883 1773 3154 1836 omnium
3178 1793 3312 1854 quae
3329 1775 3735 1847 intercedunt.

351 1863 494 1940 γὼν,
536 1869 677 1921 οὗτος
738 1864 764 1918 ὁ
809 1861 871 1918 ἐκ
923 1863 1030 1942 γῆς
1089 1865 1180 1921 τὸν
1225 1862 1498 1945 ἄνθρωπον
1567 1865 1864 1933 διαπλάσας
1915 1872 1998 1927 καὶ

2088 1865 2308 1944 cpifex.
2343 1867 2399 1928 Is
2427 1874 2538 1944 est,
2577 1864 2678 1944 qui
2735 1864 3006 1927 caelestes
3054 1864 3332 1946 produxit
3363 1864 3650 1947 virtutes;
3685 1868 3736 1928 is

354 1951 535 2009 πάντα
591 1953 717 2024 ξιμοῦ
752 1953 915 2030 ὁραταί
958 1973 1016 2008 τε
1060 1955 1148 2010 καὶ
1191 1954 1385 2032 ἀόροτα
1450 1959 1822 2035 παραστήσας,
1871 1960 2000 2016 τού-

2088 1963 2194 2028 est,
2221 1953 2321 2034 qui
2355 1972 2388 2014 ο
2418 1959 2577 2016 terra
2608 1953 2883 2016 formavit
2914 1953 3248 2028 hominem,
3283 1955 3558 2018 etomnia
3585 1974 3738 2020 con-

354 2061 452 2096 του
511 2047 586 2114 τῷ
640 2040 786 2118 Λόγῳ
830 2063 888 2098 τε
935 2044 1022 2130 διαὶ
1064 2043 1140 2117 τῷ
1183 2043 1478 2120 Πνεύματι,
1523 2048 1780 2130 παρήχθη
1828 2049 1926 2122 μὲν
1970 2051 1999 2105 ὃ

2088 2045 2274 2105 stituit
2303 2051 2420 2104 tam
2480 2061 2613 2124 quae
2670 2044 2782 2104 sub
2808 2055 3113 2123 aspectum
3150 2044 3369 2105 cadunt
3395 2062 3570 2124 quam
3603 2063 3738 2125 quae

336 2131 584 2208 οὗρανὸς,
630 2133 885 2211 παρήχθη
952 2129 1009 2189 δέ
1079 2134 1175 2212 γῆ,
1221 2133 1456 2216 ἆνεχέθη
1519 2136 1787 2215 θάλασσα,
1836 2137 1995 2205 ἐτάθη

2088 2152 2204 2195 non
2235 2137 2478 2196 cadunt.
2518 2131 2706 2211 Hujus
2757 2132 2957 2194 Verbo
3003 2140 3066 2196 et
3114 2133 3344 2213 Spiritu
3377 2132 3736 2214 productum

332 2221 459 2300 ἀὴρ,
536 2219 737 2301 ἐτέχθη
809 2228 945 2295 ζῶα,
1021 2221 1289 2300 ἅνθρωπος
1356 2222 1672 2308 διεπλάσθη,
1732 2228 1792 2285 τὸ
1861 2227 2001 2305 μέγα

2088 2222 2326 2302 quidem
2350 2231 2441 2284 est
2469 2222 2692 2284 caelum
2720 2242 2732 2284 :
2762 2222 3055 2302 producta
3079 2231 3169 2284 est
3189 2233 3386 2284 autem
3415 2231 3595 2304 terra,
3622 2223 3716 2285 dif
3719 2257 3739 2272 ι

333 2312 481 2366 τουτὶ
564 2317 704 2382 ζῶον
777 2313 863 2368 καὶ
958 2315 1262 2385 θαυμαστὸν
1333 2311 1756 2395 δημιούργημα,
1831 2316 2002 2373 πάντα

2088 2311 2284 2373 fusum
2319 2319 2407 2372 est
2457 2329 2640 2390 mare,
2677 2319 2962 2373 extensus
3015 2319 3103 2373 est
3133 2329 3257 2388 aer,
3291 2321 3576 2393 generata
3600 2321 3740 2375 sunt

342 2399 556 2476 γέγονε,
603 2399 850 2479 ἀστέρες,
911 2402 1208 2480 φωστῆρες,
1264 2403 1461 2483 ἡμέρα,
1523 2404 1632 2479 νὺξ,
1693 2408 1758 2462 τὰ
1815 2404 2002 2486 λοιπὰ,

2089 2401 2394 2477 animalia,
2428 2401 2606 2462 homo
2640 2400 2925 2463 formatus
2955 2412 3354 2479 est,magnum
3385 2403 3497 2464 hoc
3518 2403 3738 2465 animal

346 2490 548 2547 πάντα.
605 2499 802 2549 Τοῦ-τον
863 2490 952 2546 οῦν
1021 2493 1113 2547 τὸν
1155 2492 1324 2569 Λόγον
1392 2501 1524 2552 Θεοῦ
1589 2497 1755 2570 ἡμεῖς
1815 2495 2002 2560 εἰδότες

2094 2500 2150 2552 et
2209 2508 2362 2570 opus
2419 2488 2822 2552 admirabile:
2870 2491 3070 2552 omnia
3129 2491 3280 2552 facta
3336 2500 3497 2562 sunt,
3555 2500 3735 2567 astra,

355 2577 468 2632 Γῖὸν
526 2577 622 2633 καὶ
670 2579 826 2653 Θεὸν,
889 2578 951 2636 ἐκ
1021 2579 1284 2656 Παρθένου
1343 2578 1413 2638 δι’
1482 2585 1628 2659 ἡμᾶς
1684 2584 2002 2657 πιστεύομεν

2091 2579 2428 2656 luminaria,
2463 2579 2616 2653 dies,
2653 2599 2792 2654 nox,
2829 2579 3067 2657 reliqua
3126 2581 3351 2642 omnia.
3410 2580 3535 2642 Hoc
3599 2599 3739 2661 ergo

340 2672 694 2745 γεγεννῆσθαι
752 2669 844 2726 καὶ
897 2671 1280 2747 ἐσταυρῶσθαι,
1340 2676 1437 2729 καλι
1498 2673 1673 2753 τέλος,
1731 2676 2000 2755 τεθάφθαι”

2092 2669 2351 2732 Verbum
2385 2668 2493 2732 Dei
2545 2687 2656 2731 nos
2705 2670 2970 2732 scientes
3024 2689 3158 2733 esse
3189 2671 3402 2734 Filium
3436 2680 3493 2732 et
3525 2670 3741 2752 Deum,

335 2758 465 2814 εἶτα
530 2758 629 2814 καὶ
693 2757 1020 2839 ἀναστάντα,
1078 2760 1175 2817 καί
1248 2763 1391 2837 ἡμᾶς
1463 2765 1858 2842 συνεγεῐραντα,
1916 2767 2002 2820 καὶ

2088 2778 2159 2822 ex
2207 2758 2455 2836 Virgine
2517 2767 2763 2839 prapter
2812 2779 2920 2822 nos
2969 2762 3276 2822 credimus
3325 2779 3458 2823 esse
3509 2773 3739 2836 natum,

337 2845 604 2927 ἄφθαρτον
647 2849 786 2924 ἡμῖν
845 2850 935 2905 καὶ
977 2846 1150 2906 ἀΐδιον
1210 2852 1600 2932 παρεσχηκότα
1647 2856 1813 2926 ζωήν.
1875 2861 2002 2912 Τοῦ-

2089 2857 2149 2911 et
2177 2849 2619 2923 crucifixum,et
2649 2849 2846 2912 fuisse
2869 2859 3170 2928 postremo
3194 2849 3744 2930 sepultum,deinde

343 2939 431 2993 τόν
481 2961 663 3018 φαμεν
723 2939 809 2996 οιαὶ
869 2941 1015 3002 αὖθις
1074 2939 1388 3016 ἐψεύσεσθαι
1445 2943 1664 3000 πάντων
1691 2945 1877 3021 κριτὴν
1919 2943 2002 3000 καὶ

2093 2937 2270 3000 etiam
2302 2939 2728 3000 resurrexisse.
2765 2936 2998 3001 Deinde
3045 2957 3180 3000 cum
3227 2938 3651 3013 resurrexerit,
3686 2947 3748 3002 et

346 3033 449 3083 τῶν
509 3027 790 3107 ἡμετέρων
841 3038 931 3085 καὶ
988 3029 1158 3108 ἔργων
1213 3033 1301 3089 καὶ
1363 3030 1565 3110 λόγων,
1597 3033 1686 3090 καὶ
1733 3030 2002 3110 λογισμῶν

2093 3046 2202 3090 nos
2237 3027 2418 3090 simul
2448 3027 2658 3088 fecerit
2686 3044 3028 3106 resurgere,
3085 3036 3142 3089 et
3188 3027 3262 3089 ab
3315 3029 3558 3090 interitu
3588 3028 3740 3090 alie-

344 3116 780 3198 ἇπαραλόγιστον
840 3116 1121 3196 λογιστήν’
1171 3122 1356 3178 τοῦτον
1426 3122 1712 3197 ὁμοούσιον
1766 3129 1842 3196 τῷ
1902 3128 2002 3178 Πα-

2093 3135 2227 3179 nam
2262 3125 2321 3179 et
2367 3125 2649 3180 :eternam
2686 3102 3066 3178 nobis'vitam
3100 3116 3442 3199 praebuerit,
3479 3136 3613 3179 eum
3648 3117 3743 3181 di-

332 3211 449 3286 τρὶ,
525 3216 716 3266 τοῦτον
773 3207 1074 3286 σύνθρονον,
1135 3215 1320 3267 τοῦτον
1379 3212 1663 3288 ὁμότιμον.
1726 3216 1834 3272 Οὐκ
1906 3211 2002 3290 ἄρα

2091 3207 2284 3269 cimus
2314 3207 2490 3268 etiam
2525 3223 2732 3268 rursus
2787 3215 3095 3268 venturum
3144 3207 3410 3285 judicem
3444 3207 3740 3283 omnium,

335 3299 422 3354 ni
455 3299 522 3354 σὺ
556 3303 748 3377 ταῦτα,
780 3297 825 3353 ὧ
854 3296 1140 3380 φιλόσοφε,
1173 3297 1324 3358 δοκεῖ
1353 3319 1376 3370 ;

2090 3303 2552 3376 nostrorumque
2634 3295 2978 3376 factorum,
3039 3315 3384 3358 sermonum
3453 3307 3511 3358 et
3573 3299 3742 3376 cogi-

335 3387 650 3449 tationum
703 3385 1114 3468 incorruptum
1149 3397 1207 3450 et
1239 3388 1339 3471 qui
1372 3388 1494 3452 falli
1529 3390 1776 3452 minime
1808 3394 2022 3472 potest,
2053 3385 2314 3466 judicem
2348 3405 2360 3449 :
2413 3403 2549 3446 eum
2582 3403 2715 3447 esse
2767 3384 3036 3465 ejusdem
3072 3405 3207 3446 cum
3237 3385 3406 3447 Patre
3438 3387 3739 3453 essentiae,

344 3485 404 3538 et
431 3475 620 3538 simul
670 3475 1008 3550 considere,
1044 3494 1178 3541 esse
1225 3479 1279 3542 ei
1311 3479 1542 3543 honoro
1571 3480 1888 3562 aequalem.
1919 3476 2048 3540 Non
2080 3475 2206 3537 haec
2237 3492 2477 3556 quoque
2508 3474 2586 3562 ita
2617 3474 2721 3535 tibi
2759 3492 2890 3536 esse
2923 3475 3055 3537 vide
3069 3485 3226 3551 ntur,
3263 3496 3296 3537 ο
3334 3475 3685 3557 philosophe
3715 3473 3744 3529 ?

425 3566 533 3624 ιε’.
589 3565 651 3626 Ὀ
701 3566 800 3640 μέν
857 3565 1038 3644 ἤρετο⁸
1093 3571 1122 3624 ὁ
1152 3566 1206 3625 δέ
1263 3568 1450 3647 ὥσπερ
1505 3561 1672 3638 αὐτὴν
1717 3570 1860 3650 ἔχων
1917 3570 2002 3625 καὶ

2168 3563 2409 3627 XVJlle
2440 3561 2682 3644 quidem
2715 3563 3126 3644 interrogavit;
3151 3565 3546 3645 pliiloSOplius
3579 3584 3743 3628 vero.

353 3658 458 3730 πρὸ
512 3663 598 3713 τοῦ
650 3656 858 3736 ψυχὴν,
927 3658 987 3713 οὒ
1043 3654 1097 3713 δὲ
1157 3657 1256 3725 τὴν
1311 3660 1474 3727 αὐτὴν
1531 3661 1618 3716 καὶ
1689 3659 1852 3739 φρένα
1909 3659 2005 3715 καὶ

357 3744 624 3822 γλῶτταν,
675 3747 814 3804 οὕτω
868 3743 1058 3824 ῥέδέως
1115 3747 1516 3818 ἂντιτιθεμένην
1568 3751 1656 3806 καὶ
1713 3749 2000 3828 ἀντερίζου·

357 3857 478 3904 σαν,
512 3833 716 3914 ἐπλήγη
750 3835 851 3910 μέν
897 3857 999 3902 την
1029 3835 1220 3912 ἀκοὴν,
1252 3836 1521 3916 ἐξεπλάγη
1568 3837 1622 3896 δέ
1651 3839 1750 3904 τὴν
1794 3839 2000 3918 ψυχὴν,

344 3925 447 3991 τὴν
499 3929 680 4004 φωνὴν
735 3922 964 3992 ἐσϐέσθη
1023 3929 1114 3983 καί
1191 3925 1580 3997 ἆποσιωπήσας
1638 3927 1722 4008 ἐφ’
1792 3929 1998 4006 ἱκανὸν,

341 4012 494 4074 οὐδέν
544 4014 721 4092 ἕτερον
779 4013 910 4094 ἔσχε
979 4013 1293 4095 φθέγξασθαι
1346 4017 1381 4085 ἢ
1446 4014 1528 4074 ὅτι
1598 4024 1762 4074 ταῦτα
1835 4014 2001 4080 οὕτως

338 4106 498 4179 ἕψειν
554 4101 730 4165 δοκεῖ.
790 4103 852 4162 ’0
907 4101 965 4160 δέ
1004 4103 1174 4184 ἅγιος,
1230 4103 1379 4180 ’Ἄγε
1421 4113 1535 4186 οῦν,
1570 4104 1699 4185 ἔφη,
1753 4107 1867 4163 ἐπεὶ
1917 4108 2004 4163 καὶ

336 4194 512 4252 ταῦτά
556 4216 648 4268 μοι
693 4191 1104 4272 συνομολογεϊς,
1135 4192 1274 4267 μηδέ
1323 4207 1440 4258 τοῖς
1499 4194 1670 4275 "spyotc
1729 4194 2005 4275 διαφωνῶν

339 4285 458 4341 ἔσοο
524 4281 650 4340 ἀλλ’
695 4280 844 4347 εἰδὼς
902 4284 982 4347 τίς
1033 4304 1090 4341 τε
1149 4287 1178 4340 ὁ
1230 4286 1384 4358 Θεὸς,
1439 4283 1524 4342 διαὶ
1576 4287 1637 4342 τὸ
1691 4292 1796 4342 πᾶν
1853 4293 2008 4342 τοῦτο

337 4374 665 4439 πεποιηκὼς
711 4372 942 4436 ἀναστὰς
1005 4379 1073 4449 τῇ
1132 4373 1425 4448 Ἐκκλησία
1481 4374 1761 4454 πρόσελθε,
1811 4379 1896 4432 καὶ
1947 4380 2008 4434 τὸ

336 4477 584 4537 σημεῖον
654 4465 754 4531 τῆς
839 4460 1111 4542 ὀρθοδόὲου
1178 4462 1414 4538 λάμϐανε
1497 4467 1750 4528 πὶστεως.
1834 4472 2008 4523 Ταῦτα

2088 3655 2278 3737 utqui
2303 3673 2424 3715 non
2461 3652 2737 3715 eamdem
2790 3672 2964 3734 quam
2993 3659 3152 3734 prius
3176 3653 3425 3716 haberet
3454 3655 3746 3733 animam,

2088 3765 2201 3808 nec
2233 3743 2505 3807 eamdem
2543 3751 2806 3806 mentem
2853 3751 2913 3804 et
2941 3743 3226 3823 linguam,
3264 3762 3397 3823 quae
3428 3753 3540 3804 tam
3575 3743 3748 3808 facile

2089 3841 2420 3916 opponeret
2450 3841 2508 3896 et
2539 3832 3204 3907 contenderet,auribus
3235 3833 3477 3913 quidem
3513 3832 3622 3894 fuit
3652 3843 3744 3894 at-

2093 3925 2336 3996 tonitus,
2371 3921 2573 3984 animo
2599 3939 2740 3985 vero
2790 3921 3279 4003 obstupefactus;
3323 3922 3376 3984 ei
3408 3931 3603 3984 autem
3637 3943 3746 3985 vox

2093 4025 2184 4076 est
2245 4014 2574 4075 exstincta:
2631 4019 2690 4072 et
2737 4029 2872 4073 cum
2918 4011 3266 4091 aliquandiu
3331 4013 3742 4086 conticuisset,

2092 4101 2238 4166 nihil
2290 4101 2458 4163 aliud
2511 4099 2716 4162 habuit
2769 4099 2926 4180 quod
2958 4100 3374 4180 responderet,
3412 4101 3526 4163 nisi
3564 4121 3576 4164 :
3611 4102 3749 4164 Haec

2092 4211 2332 4275 quoque
2388 4192 2472 4253 ita
2535 4189 2680 4251 mihi
2725 4207 2790 4250 se
2848 4188 3073 4250 habere
3129 4189 3426 4252 videntur.
3491 4188 3749 4253 Sanctus

2091 4291 2292 4344 autem
2333 4302 2345 4344 :
2379 4281 2505 4359 Age
2536 4296 2700 4356 ergo,
2729 4277 2943 4359 inquit,
2966 4278 3247 4358 quoniam
3271 4280 3394 4341 haec
3419 4287 3478 4339 tu
3513 4297 3746 4342 mecum

2091 4370 2540 4445 conﬁteris,nec
2558 4368 2729 4431 factis
2753 4368 3389 4449 velisdiscrepare,sed
3417 4369 3743 4445 cumscias,

2094 4462 2229 4543 quis
2285 4461 2362 4522 sit
2410 4459 2592 4532 Deus,
2645 4467 2704 4520 et
2761 4457 2894 4539 quis
2952 4458 3064 4519 hoc
3109 4458 3323 4520 fecerit
3371 4458 3745 4542 universum,

337 4553 532 4622 ἐπειδὴ
591 4553 815 4621 ἤκουσεν
876 4554 904 4608 ὀ
962 4553 1275 4634 φιλάσοφος,
1338 4553 1600 4630 μετέϐαλε
1672 4556 1770 4633 μέν
1821 4557 2002 4613 αὐτίκα

2091 4569 2269 4630 surge
2301 4559 2359 4612 et
2387 4548 2607 4611 acccde
2656 4548 2727 4609 ad
2786 4546 3140 4622 Ecclesiam,
3177 4556 3236 4610 et
3267 4549 3472 4628 accipe
3503 4547 3743 4628 signum

339 4644 476 4718 πρὸς
538 4639 735 4718 ἀκριϐῆ
792 4639 1117 4723 θεοσέϐειαν,
1180 4642 1514 4724 ἐπιστραφεὶς
1573 4643 1628 4700 δέ
1684 4645 1814 4722 πρός
1883 4644 2004 4706 τοὺς

340 4733 588 4808 μαθητὰς
646 4733 733 4789 καὶ
765 4733 886 4796 τοὺς
919 4730 1110 4798 ἄλλους
1165 4738 1273 4789 τῶν
1323 4733 1630 4812 λεγομένων
1683 4735 2004 4808 ἀκροαστὰς,

343 4825 524 4901 Μέχρι
587 4822 710 4897 μέν,
772 4819 896 4901 ἔφη,
945 4821 992 4876 ὦ
1049 4820 1256 4901 ἄνδρες,
1311 4822 1366 4878 ἐν
1405 4822 1588 4902 λόγοις
1639 4824 1703 4892 ἧν
1749 4826 1778 4880 ὀ
1833 4824 2002 4902 ἀγὼν,

347 4915 606 4992 ἀντεῖχον
667 4917 735 4986 τῇ
787 4932 958 4991 τέχνῃ
1012 4911 1185 4990 κάγώ’
1252 4911 1408 4980 ἤνίκα
1453 4912 1508 4969 δέ
1563 4914 1710 4990 λύγοι
1766 4913 1864 4987 μὲν
1915 4912 2009 4968 οὐκ

350 5001 452 5076 ἔτι,
496 5002 609 5058 θεία
643 4999 702 5056 δὲ
756 4999 975 5076 δύναμις
1038 5001 1304 5065 ἀντίθετος
1363 5003 1454 5083 ἦν,
1489 5005 1576 5060 καὶ
1609 5002 1835 5082 ἅῤῥητὸν
1891 5022 2009 5058 τινα

345 5091 441 5148 καῖ
472 5091 775 5169 ἆπόῤῥητον
835 5091 889 5147 ἐν
939 5089 1202 5159 ἁπλότητι
1252 5093 1505 5170 ῥημάτων
1564 5091 1861 5157 ἐπεδείξατο
1908 5092 2007 5158 τὴν

339 5183 523 5263 ἰσχὺν,
561 5183 623 5237 τὸ
671 5202 727 5236 τε
782 5178 846 5248 δὴ
895 5181 999 5248 τὴν
1055 5180 1218 5248 ἧτταν
1264 5183 1361 5239 οὒκ
1408 5182 1826 5262 ἐπαισχύνομαι,
1871 5181 2008 5238 ἀλλὰ

338 5276 429 5330 καὶ
487 5273 707 5348 ἐμαυτῷ
768 5272 858 5327 καὶ
914 5283 1033 5335 τοῖς
1088 5270 1270 5336 ἄλλοις
1325 5271 1493 5340 ἡδέως
1561 5271 2006 5349 συμϐουλεύσαιμι

342 5365 429 5444 ἃν,
463 5363 516 5420 εἴ
565 5385 648 5424 τις
695 5361 776 5437 μὴ
830 5365 1083 5418 τοσοῦτον
1127 5362 1332 5437 σκαιὸς,
1366 5362 1402 5432 ἢ
1446 5363 1566 5442 περὶ
1620 5363 1720 5429 τὴν
1757 5361 2008 5431 ἀλήθειαν

337 5459 657 5534 κακουργεῖν
725 5449 923 5508 ἐθέλων
979 5455 1252 5510 πιστεῦσαι
1329 5461 1561 5530 Χριστῷ,
1623 5453 1716 5510 καὶ
1772 5453 1848 5527 τῷ
1920 5451 2010 5530 γέ.

339 5568 479 5623 ρο-ιτι
552 5545 780 5622 ἕψεσθαι
853 5540 1049 5617 τούτῳ,
1110 5541 1144 5609 ἤ
1205 5541 1303 5618 μὲν
1376 5541 1590 5620 γλῶττα
1633 5541 1845 5607 πάντως
1909 5543 2007 5600 ἆν-

339 5638 564 5716 θρώπου,
601 5640 651 5695 οἱ
713 5633 773 5690 δέ
821 5631 978 5712 λόγοι
1037 5638 1194 5712 Θεοῦ,
1229 5633 1402 5700 πόσην
1460 5630 1638 5690 οἴεσθε
1686 5639 1841 5690 τοῦτο
1887 5633 2008 5694 τοῖς

2087 4651 2265 4704 rectae
2295 4639 2454 4700 fidei.
2491 4640 2631 4701 Haec
2677 4645 2986 4718 postquam
3038 4638 3264 4699 audivit
3317 4638 3739 4718 philosophus,

2091 4737 2276 4792 status
2298 4728 2542 4809 quidem
2579 4736 2840 4788 mutatus
2871 4727 2979 4787 fuit
3007 4727 3079 4788 ad
3123 4737 3461 4789 accuratam
3498 4746 3566 4789 ac
3603 4745 3748 4808 per-

2091 4821 2305 4882 fectam
2335 4815 3059 4896 religionem.Conversus
3092 4827 3288 4878 autem
3316 4817 3386 4878 ad
3422 4817 3751 4896 discipulos

2093 4919 2152 4971 et
2181 4908 2334 4971 alios
2363 4907 2670 4968 auditores
2694 4923 2906 4967 eorum
2944 4923 3071 4986 quae
3109 4905 3507 4969 dicebantur:
3545 4906 3748 4980 Quan-

2093 5001 2194 5062 diu
2225 4998 2494 5076 quidem,
2532 4997 2744 5076 inquit,
2775 5015 2808 5056 ο
2871 4994 3002 5076 viri,
3059 5004 3346 5058 certatum
3379 5006 3472 5059 est
3525 4996 3746 5074 verbis,

2095 5110 2201 5169 ego
2233 5105 2471 5170 quoque
2501 5095 2628 5148 arte
2656 5085 2872 5148 restiti.
2896 5085 3144 5158 Quando
3178 5105 3316 5148 vero
3348 5105 3468 5148 non
3495 5087 3752 5169 amplius

2093 5179 2339 5256 quidem
2373 5176 2582 5248 verba,
2615 5175 2718 5238 sed
2749 5175 2958 5236 divina
3008 5177 3194 5237 virtus
3221 5175 3333 5238 fuit
3359 5184 3654 5258 opposita,
3692 5185 3754 5238 et

2092 5271 2150 5331 in
2183 5267 2500 5330 verborum
2549 5265 2933 5345 simplicitate
2983 5283 3262 5327 arcanam
3315 5266 3635 5347 quamdam
3691 5282 3754 5330 et

2094 5357 2458 5421 ineffabilem
2493 5355 2755 5417 ostendit
2786 5354 3092 5428 virtutem,
3121 5364 3259 5418 tunc
3293 5374 3388 5417 me
3421 5374 3538 5418 non
3565 5354 3755 5436 pudet

2091 5467 2224 5511 esse
2246 5444 2652 5516 victum.Quin
2675 5445 2854 5506 etiam
2882 5453 2941 5506 et
2962 5445 3107 5506 mihi
3127 5445 3264 5526 ipsi,
3301 5453 3358 5505 et
3386 5445 3518 5508 aliis
3545 5444 3750 5506 liben-

2094 5549 2184 5602 ter
2207 5535 2694 5615 consuluerim,si
2719 5553 2837 5596 non
2862 5535 2938 5596 sit
2963 5535 3179 5614 aliquis
3212 5535 3386 5597 nimis
3415 5533 3659 5596 sinister
3690 5543 3756 5597 et

2095 5643 2439 5711 perversus,
2469 5633 2570 5688 aut
2601 5626 2702 5706 qui
2732 5643 2798 5688 se
2842 5628 2903 5687 in
2955 5627 3260 5688 veritatem
3298 5625 3434 5687 velit
3468 5621 3760 5699 improbe

336 5714 428 5808 μέν
485 5727 880 5811 ἀρειανῖζουσιν
915 5720 1203 5801 αἰσχύνην,
1239 5736 1356 5789 τοῖς
1411 5719 1682 5782 εὐσεϐοῦσι
1742 5721 1794 5779 δέ
1851 5723 2002 5800 τιμὴν

2095 5723 2398 5799 gerere.ut
2420 5714 2626 5778 credat
2651 5716 2980 5796 Christo,et
3007 5716 3162 5778 hunc
3181 5732 3387 5777 senem
3421 5714 3714 5788 sequatur
3747 5729 3762 5774 :
