4132 6420
422 360 557 438 ἷ435

1749 376 2032 445 MENSIS
2073 377 2503 445 DECEMBER.

3711 376 3830 444 436

436 509 534 571 cui
558 505 762 589 lingua
791 506 1035 589 quidem
1058 506 1306 571 omnino
1336 516 1430 572 est
1457 509 1741 585 hominis,
1767 509 1949 572 verba
1976 529 2076 571 au.

2172 512 2285 588 ἅμα
2315 518 2670 582 περιποιῆσαι
2724 515 2816 572 καὶ
2844 511 3044 585 ἡδονήν
3079 534 3095 590 ;
3133 512 3200 572 Οἵ
3232 534 3293 593 γε
3337 518 3589 573 τοσοῦτον
3632 516 3680 574 oi
3732 516 3832 593 μὲν

435 606 559 662 tem
617 612 756 659 sunt
826 598 959 663 Dei.
1036 598 1328 671 Quantum
1411 599 1632 680 putatis
1686 601 1799 661 hoc
1858 599 2095 664 Arianis

433 686 679 770 quidem
705 686 993 763 dedecus,
1031 688 1143 768 piis
1173 697 1370 751 autem
1406 688 1698 751 honorem
1731 689 2006 751 attulisse
2038 699 2096 751 et

430 777 827 858 voluptatem?
852 776 943 839 Illi
971 786 1166 840 autem
1200 778 1369 840 fuere
1396 779 1682 860 superati,
1717 797 1854 841 cum
1888 797 2096 840 omnes

433 866 562 930 fere
582 867 824 949 quidem
859 876 1037 930 rectae
1071 869 1301 930 assensi
1338 877 1541 931 essent
1588 870 1904 930 sementim
1944 890 1957 926 :
1994 887 2094 929 sex

434 975 576 1021 vero
606 957 716 1019 soli
750 958 945 1020 relicti
998 967 1196 1021 essent
1243 959 1410 1034 Ario,
1469 958 1651 1020 futuri
1692 959 1844 1020 mala
1877 976 2013 1039 pars
2040 960 2097 1017 et

434 1046 710 1127 improba
740 1049 925 1129 patris
959 1048 1255 1110 mendacii
1288 1061 1348 1110 et
1378 1048 1452 1110 ab
1484 1048 1651 1110 initio
1699 1047 2095 1128 implacabilis

432 1137 658 1198 inimici
681 1137 1119 1200 veritatis.Tam
1142 1147 1348 1219 aperte
1375 1138 1696 1201 confutatis
1729 1138 1803 1198 iis
1836 1155 2093 1214 quorum

432 1224 588 1288 mala
631 1236 760 1289 erat
801 1228 1003 1309 opinio
1064 1228 1289 1290 reversi
1343 1236 1482 1290 sunt
1511 1227 1800 1309 episcopi,
1850 1226 2095 1288 victoria

430 1315 674 1395 quidem
708 1317 1150 1390 laeti,miraculo
1185 1326 1381 1379 autem
1407 1316 1825 1398 obstupefacti,
1865 1326 1927 1378 et
1949 1334 2091 1395 pro-

430 1415 567 1488 pter
597 1406 729 1470 haec
777 1406 954 1468 ambo
987 1406 1174 1470 Deum
1230 1407 1566 1479 laudantes,
1601 1425 1819 1487 nempe
1851 1405 2007 1484 quod
2033 1408 2092 1467 et

429 1497 804 1575 aspexissent
824 1496 1227 1578 admirabilia,
1255 1510 1474 1578 etquae
1505 1506 1678 1557 erant
1714 1504 1929 1574 praeter
1960 1496 2091 1576 opi-

427 1584 698 1664 nionem,
733 1592 793 1647 et
841 1587 1000 1667 quod
1055 1587 1339 1650 vicissent
1387 1586 1512 1651 Arii
1544 1586 1861 1647 insaniam.
1903 1587 2088 1647 Porro

424 1683 625 1736 autem
658 1674 788 1754 ipse
837 1696 1078 1757 quoque
1129 1676 1459 1757 imperator
1518 1674 1810 1738 miraculo
1842 1675 2088 1735 omnino

427 1764 1285 1849 obstupefactus,Spiridonem
1319 1765 1484 1827 omni
1506 1765 1738 1826 honore
1770 1764 2088 1844 prosequi.

2177 602 2498 681 ἐκράτησαν,
2531 606 2578 661 οἱ
2634 602 2688 661 δὲ
2745 603 3056 671 ἡττήθησαν
3112 606 3210 677 ὡς,
3259 611 3448 681 μικροῦ
3491 605 3705 663 πάντων
3760 612 3830 686 τῇ

2177 693 2305 769 ὀρθῇ
2351 693 2721 772 προσθεμένων
2778 692 2926 769 δόξῃ,
2960 693 3014 759 ἓξ
3047 695 3243 769 μόνους
3296 699 3373 767 τῷ
3424 695 3611 773 Ἀρείῳ
3669 720 3828 776 περι-

2178 782 2479 864 λειφθῆναι,
2544 782 2728 862 μερίδα
2791 785 2999 861 φαύλην
3053 784 3149 840 καὶ
3207 785 3491 864 μοχθηρὰν
3543 785 3828 861 ἐσομένους

2178 880 2269 930 τοῦ
2326 875 2524 950 πατρὸς
2572 880 2665 930 τοῦ
2708 870 2931 948 ψεύδους
2990 873 3206 933 καὶτοῦ
3258 874 3312 940 ἐξ
3343 876 3520 954 ἀρχῆς
3565 876 3826 935 ἀσπόνδου

2178 967 2279 1029 τῆς
2335 961 2587 1029 ἀληθείας
2634 962 2847 1042 ἐχθροῦ.
2888 962 3041 1021 Οὕτω
3103 971 3339 1042 φανερῶς
3386 970 3492 1021 τῶν
3528 964 3826 1032 κακοδόξων

2181 1051 2603 1132 ἐληλεγμένων,
2673 1051 2998 1130 ὑπέστρεφον
3072 1056 3117 1109 οἱ
3194 1052 3500 1127 ἐπίσκοποι,
3573 1053 3821 1131 ἡδόμενοι

2179 1142 2277 1216 μὲν
2348 1148 2416 1217 τῇ
2475 1143 2615 1219 νίκῃ,
2679 1140 3105 1217 ἐκπληττόμενοι
3171 1142 3226 1200 δὲ
3283 1151 3358 1216 τῷ
3428 1145 3681 1221 θαύματι,
3734 1148 3822 1203 κᾶὶ

2179 1232 2307 1288 Θεὸν
2380 1229 2682 1302 δοξάζοντες
2756 1231 2843 1289 ἐπ’
2912 1233 3120 1312 ἀμφοῖν
3178 1234 3411 1305 τούτοιν,
3472 1235 3562 1296 οἷς
3631 1257 3687 1291 τε
3758 1237 3826 1293 τὰ

2177 1318 2441 1398 παράδοξα
2513 1324 2818 1400 ἐθεασαντο,
2883 1323 2971 1378 καὶ
3039 1327 3124 1387 οἷς
3194 1328 3293 1389 τῆς
3362 1323 3571 1402 Ἀρείου
3633 1326 3823 1399 μανίας

2175 1410 2559 1488 περιεγένοντν·
2623 1412 2710 1467 καὶ
2739 1414 2767 1468 ὁ
2814 1418 3021 1490 κρατῶν
3073 1410 3126 1468 δὲ
3172 1414 3329 1476 αὐτὸς
3361 1412 3483 1479 ὅλος
3526 1413 3580 1469 ἐν
3609 1414 3823 1485 ἐκπλή-ιι

2172 1498 2245 1564 ξει
2306 1506 2383 1574 τῷ
2437 1501 2661 1575 θαύματι
2716 1502 2976 1578 γεγονὼς,
3038 1502 3184 1581 πάσῃ
3236 1523 3292 1557 τε
3347 1509 3479 1579 τιμῇ
3531 1504 3619 1558 τὸν
3665 1502 3823 1581 ἄνδρα

2172 1595 2322 1665 τιμᾷ,
2368 1591 2459 1647 καὶ
2503 1590 2640 1646 ἵλεω
2687 1588 2753 1646 δι’
2799 1590 2957 1649 αὒτοῦ
3010 1593 3100 1648 τὸν
3152 1593 3282 1648 Θεὸν
3332 1590 3480 1672 ἔχειν
3530 1593 3818 1660 ἐξαιτησά-

2174 1701 2354 1756 μενος,
2386 1677 2569 1737 οἵκαδε
2596 1682 2964 1759 παραπέμπει.

428 1865 548 1928 tur,
622 1862 862 1916 etcum
925 1856 1285 1935 postulasset
1339 1866 1403 1916 ut
1479 1874 1585 1935 per
1646 1857 1840 1935 ipsum
1900 1853 2150 1943 Deum8

424 1943 675 2006 haberet
700 1944 1043 2025 propitium,
1080 1962 1215 2007 eum
1252 1945 1495 2007 domum
1529 1944 1799 2006 dimittit.

501 2032 652 2096 XVI.
684 2034 929 2096 Interim
958 2052 1097 2097 vero
1131 2035 1271 2096 dum
1301 2036 1426 2096 haec
1471 2036 1862 2114 agitarentur,
1899 2034 2085 2094 mori-

426 2130 525 2185 tur
552 2123 795 2205 quidem
831 2133 1036 2187 sancto
1089 2124 1233 2205 ﬁlia,
1291 2143 1423 2206 qua:
1481 2132 1616 2185 nata
1663 2122 1719 2185 ei
1769 2124 1961 2184 fuerat
2017 2141 2085 2184 ex

420 2212 1084 2293 honorabiliconjugio;
1106 2215 1418 2276 etﬁorenti
1440 2222 1612 2276 astate
1639 2214 1815 2293 longe
1847 2212 2085 2294 Specio-

425 2301 646 2365 siorem
674 2302 1002 2365 ostendens
1041 2304 1522 2385 temperantiam,
1557 2303 1893 2384 permansit
1920 2306 2086 2381 virgo

423 2399 547 2453 toto
580 2401 874 2473 tempore,
912 2410 1012 2454 res
1066 2412 1199 2474 qua:
1244 2410 1394 2474 puro
1428 2411 1650 2474 sponso
1701 2392 1881 2471 digna
1909 2401 1995 2453 est
2026 2404 2086 2453 et

421 2480 697 2543 thalamis
722 2481 1396 2544 celestihusﬁeversus
1411 2490 1609 2545 autem
1639 2499 1885 2561 magnus
1908 2480 2089 2559 Spiri-

422 2577 566 2651 don,
596 2589 730 2632 cum
766 2589 897 2633 eam
928 2570 1010 2633 ita
1032 2571 1269 2633 tulisset
1296 2571 1723 2651 calamitatem,
1760 2580 1821 2632 ut
1856 2588 1960 2651 par
1993 2579 2083 2633 est

419 2660 607 2721 virum
636 2660 813 2722 talem
846 2681 858 2723 :
886 2660 960 2722 ad
985 2678 1121 2724 eum
1147 2660 1420 2741 vero,qui
1448 2660 1622 2741 paulo
1654 2668 1790 2721 ante
1817 2661 2079 2721 advene-

419 2748 902 2828 rat,accessisset
931 2749 1204 2831 quaedam
1230 2750 1658 2823 mulier,tristis
1681 2748 2001 2812 admodum
2025 2757 2083 2809 et

416 2838 648 2901 deflens
678 2838 1295 2921 miserabiliter,quod
1323 2838 1477 2920 apud
1511 2839 1693 2902 ﬁliam
1730 2839 1859 2919 ejus
1887 2838 2081 2899 adhuc

415 2929 799 3010 superstitem
820 2938 1236 2991 ornamentum
1262 2929 1558 3006 quoddam
1597 2947 1842 2991 aureum
1883 2928 2071 3008 depo-

417 3018 660 3096 suisset,
696 3037 954 3100 cumque
986 3017 1089 3079 illa
1126 3018 1310 3080 celeri
1345 3024 1537 3081 morte
1567 3029 1863 3101 praerepta
1893 3026 2071 3093 esset,

414 3107 572 3188 quod
594 3107 724 3187 ejus
750 3108 888 3170 ﬁdei
913 3108 1205 3171 creditum
1235 3108 1450 3183 fuerat,
1474 3108 1628 3190 apud
1654 3127 1783 3170 eam
1813 3107 2072 3169 mansis-

412 3206 531 3271 set,
566 3198 677 3260 fuit
706 3198 818 3259 hoc
853 3207 1059 3260 sancto
1091 3217 1247 3260 curae
1270 3198 1499 3278 (quidni
1533 3199 1713 3265 enim,
1750 3216 1885 3259 cum
1917 3205 2075 3257 esset

411 3286 611 3349 animo
648 3296 767 3351 tam
804 3287 1065 3367 benigno
1085 3289 1161 3363 ἲ),
1198 3297 1255 3350 et
1286 3288 1402 3349 nisi
1435 3289 1854 3351 restitueretur
1884 3288 2071 3367 depo-

413 3376 616 3450 situm,
647 3377 927 3437 violatum
969 3379 1068 3458 jus
1116 3396 1249 3439 esse
1296 3378 1607 3457 judicabat
1658 3377 1800 3438 etei
1830 3376 2074 3457 putabat

411 3466 544 3526 ﬁeri
566 3466 871 3544 injuriam.
899 3467 1043 3530 Cum
1078 3485 1219 3547 ergo
1269 3476 1447 3529 totam
1472 3485 1639 3529 suam
1666 3466 1908 3528 domum
1935 3465 2069 3528 dili-

404 3562 616 3637 genter
646 3563 964 3630 scrutatus,
1021 3574 1315 3633 nusquam
1362 3556 1446 3638 id,
1479 3557 1639 3638 quod
1667 3555 2072 3637 quaerebatur,

407 3645 701 3728 potuisset
732 3644 1025 3715 invenire,
1048 3645 1335 3726 quidnam
1370 3647 1527 3722 ﬁt,et
1556 3664 1874 3728 quemnam
1906 3646 2077 3708 aﬁ‘ert

407 3735 628 3796 exitum
669 3734 979 3814 multiplex
1014 3734 1123 3797 Dei
1157 3735 1498 3817 sapientia?
1531 3736 1776 3797 Accedit
1807 3735 1880 3796 ad
1908 3735 2072 3795 locu-

404 3824 715 3899 lum,sicut
743 3842 910 3888 meus
930 3824 1201 3888 Christus
1224 3825 1394 3905 prius
1418 3826 1488 3887 ad
1524 3826 1840 3899 Lazarum,
1876 3833 1939 3885 ut
1968 3824 2070 3901 qui

407 3913 653 3975 omnino
687 3923 851 3975 esset
876 3917 1005 3995 ejus
1036 3913 1391 3995 discipulus,
1442 3922 1521 3991 et,
1559 3914 1750 3996 quoad
1784 3916 1914 3994 ejus
1944 3914 2073 3975 ﬁeri

408 4010 631 4084 posset,
686 4021 785 4066 res
846 4004 1005 4068 illius
1036 4004 1399 4068 imitaretur.
1456 4005 1617 4067 Multi
1673 4014 1873 4067 autem
1935 4022 2070 4065 eum

404 4092 810 4174 sequebantur
869 4112 939 4156 ex
993 4094 1093 4172 iis,
1149 4095 1254 4176 qui
1314 4114 1446 4158 cum
1508 4095 1610 4157 illo
1655 4097 2069 4157 versabantur.

404 4183 637 4246 Deinde
670 4184 921 4266 perinde
951 4203 1018 4248 ac
1045 4185 1097 4246 si
1130 4204 1247 4247 non
1282 4186 1342 4246 in
1374 4185 1675 4266 sepulcro,
1706 4185 1808 4249 sed
1842 4184 1903 4245 in
1939 4184 2069 4246 tha-

400 4271 559 4336 lamo
591 4272 788 4337 adhuc
821 4283 980 4338 esset
1010 4276 1158 4349 viva,
1215 4276 1584 4337 conveniens
1617 4274 1824 4349 ﬁliam,
1862 4293 1931 4335 ea
1963 4291 2068 4334 suo

402 4363 652 4425 nomine
682 4373 911 4438 vocata,
949 4364 1232 4426 omnibus
1263 4366 1363 4445 qui
1394 4384 1529 4427 cum
1577 4383 1649 4427 eo
1682 4364 1931 4427 aderant
1958 4381 2066 4424 au-

401 4452 710 4516 dientibus
738 4476 752 4512 :
781 4453 957 4529 Filia,
992 4455 1193 4530 Irene,
1226 4454 1441 4536 inquit,
1471 4454 1572 4515 ubi
1625 4463 1713 4515 est
1741 4470 2067 4515 ornamen-

2092 3265 2132 3315 C

2256 2027 2357 2103 ις’
2421 2026 2512 2087 Ἐν
2584 2028 2692 2104 ὅσῳ
2763 2038 2927 2088 ταῦτα
3006 2026 3237 2107 ἐτρίϐετο
3311 2032 3526 2101 θνήσκει
3584 2033 3684 2106 μὲν
3742 2041 3819 2107 τῷ

2171 2119 2298 2192 ὁσίῳ
2346 2117 2559 2184 ἐξάπινα
2614 2121 2649 2187 ἡ
2707 2119 2960 2197 θυγάτηρ*
3016 2117 3135 2185 ἥτις
3179 2120 3321 2193 αὒτῷ
3374 2119 3435 2175 ἐκ
3489 2123 3664 2197 τιμίου
3718 2144 3815 2200 γε·

2173 2206 2371 2283 νομένη
2425 2214 2517 2265 τοῦ
2571 2208 2776 2287 γάμω,
2824 2208 2920 2264 καί
2968 2213 3066 2274 τῆς
3125 2229 3185 2286 γε
3236 2204 3352 2265 καθ’
3406 2207 3546 2281 ὢραν
3603 2210 3815 2279 ἡλικίας

2169 2299 2310 2376 παρὰ
2411 2295 2545 2354 πολὺ
2629 2298 2689 2353 τὸ
2773 2303 2980 2376 σῶφρον
3065 2297 3383 2377 ὡραιότερον
3466 2299 3811 2380 ἐπειξαμένη,

2169 2386 2422 2453 παρθένος
2470 2388 2558 2443 τὸν
2608 2385 2734 2443 ὅλον
2790 2384 3012 2463 διήγαγε
3059 2386 3282 2465 χρόνον,
3328 2395 3520 2466 χρῆμα
3574 2390 3650 2464 τῷ
3711 2414 3812 2448 κα-

2166 2480 2307 2555 θαρῷ
2383 2479 2586 2555 νυμφίῳ
2663 2477 2749 2532 καὶ
2805 2481 2911 2532 τῶν
2989 2475 3247 2548 οὖρανῖων
3303 2478 3559 2551 θαλάμων
3643 2481 3808 2545 ἄξιον

2168 2564 2436 2645 Σπυρίδων
2481 2565 2536 2622 δὲ
2589 2568 2616 2623 ὁ
2661 2566 2830 2642 μέγας
2879 2564 3205 2645 ἐπανελθὼν,
3250 2568 3337 2623 καὶ
3386 2568 3485 2634 τὴν
3543 2579 3813 2648 συμφορὰν

2164 2657 2395 2732 ἐνεγκὼν
2467 2655 2646 2734 ὥσπερ
2702 2654 2801 2734 ἄρα
2871 2657 2963 2712 τὸν
3037 2661 3273 2712 τοιοῦτον
3338 2657 3474 2719 εἰκος
3545 2657 3807 2737 ἐνεγκεῖν,

2166 2742 2289 2801 ἐπεὶ
2333 2747 2475 2820 αὐτῷ
2531 2742 2647 2822 ἄρτι
2705 2741 3142 2819 ἐπιδεδημηκότι,
3220 2746 3349 2823 γυνή
3407 2767 3486 2809 τις
3544 2746 3805 2825 προσῆλθε

2166 2839 2471 2913 περιπαθῶς
2544 2836 2747 2916 ἔχουσα
2830 2835 2918 2892 καὶ
3001 2832 3315 2912 ὀδυρομένη,
3389 2836 3498 2893 ἀνθ’
3574 2839 3648 2894 ὢν
3733 2837 3806 2895 ἔτι

2168 2925 2325 2983 αῧτοῠ
2397 2932 2467 3002 τῇ
2538 2926 2749 3003 θυγατρὶ
2833 2947 3087 3002 περιουσῃ
3152 2925 3372 2999 κόσμιόν
3456 2950 3506 2985 τι
3583 2936 3814 3007 χρυσοῦν

2160 3014 2440 3094 παρέθετο,
2514 3015 2764 3083 κάκείνης
2830 3014 3005 3081 ὀξεῖαν
3077 3015 3215 3072 οὕτω
3272 3018 3372 3083 τὴν
3444 3024 3537 3075 τοῦ
3590 3021 3813 3076 θανάτου

2158 3106 2330 3181 τομήν
2373 3104 2686 3182 δεξαμένης,
2748 3108 2809 3163 τὸ
2870 3105 3129 3163 πιστωθὲν
3191 3106 3314 3184 παρ’
3377 3109 3513 3185 αὖτῇ
3574 3108 3804 3184 ἔμεινεν,

2156 3194 2390 3270 ἐμέλησε
2443 3202 2521 3270 τῷ
2552 3197 2704 3271 ὁσίῳ,
2735 3198 2822 3253 καὶ
2881 3198 2995 3259 πῶς
3028 3197 3127 3275 γὰρ
3179 3194 3293 3271 οὕ;
3351 3198 3564 3265 τοιαύτη
3626 3196 3807 3279 ἔχοντι

2158 3283 2526 3363 φιλάνθρωπον
2568 3285 2665 3353 τὴν
2710 3286 2918 3365 ψυχὴν,
2983 3287 3068 3343 οιαὶ
3120 3286 3301 3365 ὥσπερ
3354 3289 3396 3344 εἰ
3460 3289 3535 3356 μὴ
3590 3289 3805 3345 ἀνασω-

2157 3373 2269 3439 θείη
2322 3378 2390 3449 τῇ
2442 3375 2927 3453 παρακαταθεμένῃ
2987 3376 3047 3433 τὸ
3107 3372 3266 3455 ἴδιον,
3301 3375 3551 3456 ἐσφάλθαι
3595 3379 3707 3457 περὶ
3747 3380 3809 3434 τὸ

2158 3460 2357 3520 δίκαιον
2427 3465 2652 3542 κρίνοντι
2711 3466 2800 3522 καὶ
2854 3463 3062 3521 ἆδικετν
3118 3466 3180 3523 τὸ
3239 3465 3399 3545 μέρος
3458 3467 3619 3535 αὒτὴν
3693 3469 3808 3524 oio-

2159 3552 2323 3627 μένῳ.
2401 3545 2493 3617 Ὠς
2560 3554 2648 3611 οὖν
2709 3555 2921 3612 ἅπαντα
2980 3556 3071 3611 τὸν
3140 3556 3303 3622 αὒτῆς
3362 3560 3515 3613 οἶκον
3582 3557 3810 3636 ἀκριϐῶς

2156 3641 2596 3725 διαψηλαφήσας,
2633 3642 2865 3719 οὐδαμοῦ
2906 3646 2968 3701 τὸ
3023 3647 3348 3719 ζητούμενον
3394 3650 3552 3727 εἶχεν
3604 3650 3807 3720 εὑρεῖν,

2157 3733 2206 3788 τί
2234 3735 2457 3811 γίνεται,
2493 3737 2581 3792 καὶ
2624 3748 2783 3792 ποῖον
2817 3737 2847 3803 ἧ
2878 3733 3209 3810 πολύτροπος
3242 3744 3336 3792 τοὺ
3387 3744 3520 3795 Θεοῦ
3552 3738 3708 3817 σοφία
3740 3740 3802 3794 τὸ

2156 3823 2318 3902 πέρας
2376 3823 2616 3903 ἐπάγεις
2664 3824 2913 3903 Πρόσεισι
2963 3830 3030 3901 τῇ
3090 3831 3251 3905 σορῷ,
3298 3827 3534 3905 καθάπερ
3593 3830 3621 3885 ὁ
3677 3828 3808 3903 ἐμὸς

2159 3921 2388 3991 Χριστος
2463 3914 2547 3971 ἐπὶ
2607 3914 2829 3993 Λαζᾶρῳ
2886 3915 2947 3972 τὸ
3010 3915 3290 3993 πρότερον,
3350 3918 3536 3976 τούτου
3594 3918 3810 3982 πάντως

2155 4004 2251 4059 καί
2311 4004 2467 4068 αὐτὸς
2516 4004 2761 4081 μαθητὴς
2823 4003 2921 4084 ὢν,
2968 4005 3056 4061 καὶ
3099 4006 3175 4067 ὡς
3233 4005 3341 4062 οἷόν
3394 4028 3452 4061 τε
3502 4009 3567 4064 τὰ
3611 4006 3811 4064 ἐκείνου

2157 4098 2507 4168 μιμούμενος,
2567 4093 2788 4155 εἵποντο
2859 4092 2914 4149 δὲ
2987 4097 3128 4168 αὖτῷ
3199 4094 3286 4150 καὶ
3370 4101 3476 4152 τῶν
3546 4098 3813 4153 συνόντων

2157 4180 2365 4244 πολλοί,
2432 4181 2549 4240 Εἶθ’
2602 4182 2783 4252 ὥσπερ
2844 4185 2938 4240 οὐκ
2978 4186 3033 4239 ἒν
3092 4184 3263 4265 τάφῳ,
3319 4183 3442 4243 ἀλλ’
3487 4184 3541 4241 ἐν
3580 4184 3806 4261 θαλάμῳ

2154 4277 2220 4345 τῇ
2301 4274 2521 4349 θυγατρὶ
2584 4271 2660 4328 ἔτι
2731 4274 2876 4349 ζώσῃ
2950 4274 3380 4354 περιτυγχάνων,
3432 4276 3561 4353 πρὸς
3634 4275 3806 4351 ὄνομα

2153 4360 2380 4423 καλέσας
2444 4363 2514 4426 εἰς
2557 4361 2720 4425 ἀκοὰς
2779 4361 3015 4444 πάντων,
3050 4376 3106 4420 οἳ
3149 4362 3343 4443 ἔτυχον
3400 4365 3541 4439 αὖτῷ
3594 4387 3805 4441 συμπα-

2153 4449 2357 4527 ρόντες,
2405 4449 2623 4523 Τέκνον,
2679 4453 2859 4526 εἶπεν,
2898 4453 3119 4533 Εἰρήνη,
3167 4454 3268 4510 ποῦ
3320 4456 3379 4510 τὸ
3437 4477 3805 4534 παρακατατε-

400 4549 552 4622 tum,
581 4542 742 4623 quod
793 4542 951 4623 apud
995 4550 1051 4603 te
1081 4542 1191 4604 fuit
1236 4543 1571 4624 depositum
1599 4543 1624 4604 Υ
1652 4543 1759 4603 Illa
1790 4551 2067 4621 tanquam

2162 4541 2236 4596 ὶέν
2267 4561 2349 4596 σοι
2399 4562 2552 4597 τουτο
2594 4538 2659 4609 δὴ
2711 4541 2981 4621 κόσμιον;
3035 4542 3098 4599 Ἥ
3149 4541 3203 4598 δὲ
3264 4543 3452 4606 εὐθέως
3484 4546 3719 4623 καθάπερ
3748 4545 3803 4611 ἐξ

406 4647 481 4692 ex
505 4630 670 4691 molli
704 4630 907 4713 aliquo
947 4648 1157 4693 somno
1182 4632 1617 4713 expergefacta,
1651 4632 1825 4694 simul
1858 4649 2067 4693 sanum

402 4736 648 4781 servans
680 4728 738 4781 et
766 4721 1039 4801 spiritum
1078 4730 1138 4784 et
1165 4740 1394 4786 vocem:
1428 4721 1685 4785 Domine
1718 4722 1824 4802 mi,
1850 4721 2065 4797 inquit,

401 4808 464 4871 in
497 4810 608 4871 hac
663 4818 832 4891 parte
871 4812 1090 4874 domus
1123 4813 1233 4875 fuit
1264 4832 1296 4874 a
1324 4832 1417 4874 me
1449 4814 1783 4893 repositum
1818 4829 2064 4873 aureum

401 4898 549 4961 illud
605 4909 1052 4964 ornamentum.
1108 4903 1331 4966 Invasit
1377 4912 1510 4984 post
1544 4903 1669 4964 haec
1702 4912 1912 4982 stupor
1936 4920 2062 4977 eos,

401 4989 505 5069 qui
536 4989 811 5054 aderant.
872 4990 1102 5053 Deinde
1156 4991 1511 5054 miraculum
1566 4991 1743 5053 etiam
1797 4991 2066 5071 sequitur

400 5077 560 5140 aliud
588 5079 941 5142 miraculum
977 5100 991 5143 :
1018 5099 1154 5143 nam
1184 5081 1435 5161 perinde
1456 5101 1524 5143 ac
1550 5082 1598 5143 si
1625 5082 1724 5143 ille
1747 5089 1905 5143 esset
1935 5080 2068 5143 vitae

402 5174 463 5229 et
493 5167 702 5229 mortis
750 5168 1055 5251 dominus,
1090 5178 1148 5233 et
1200 5172 1314 5233 hoc
1346 5171 1504 5233 dono
1536 5190 1571 5232 a
1616 5171 1851 5233 Christo
1884 5190 2062 5251 quem

398 5256 783 5320 desiderabat
816 5259 1171 5336 honoratus,
1209 5260 1310 5341 qui
1337 5261 1408 5322 ad
1444 5260 1628 5324 breve
1653 5270 1887 5341 tempus
1918 5278 2062 5339 pro-

403 5353 538 5425 pter
568 5364 738 5409 usum
774 5366 905 5410 eam
967 5349 1382 5425 viviﬁcaverat,
1413 5350 1586 5430 jubet
1616 5368 1826 5413 rursus
1859 5356 2007 5411 mori
2044 5368 2056 5413 :

399 5434 606 5498 Dormi
655 5437 731 5499 de
773 5446 1011 5515 caetero,
1060 5439 1276 5521 inquit,
1312 5439 1457 5516 ﬁlia,
1496 5441 1692 5503 donec
1725 5440 2062 5501 communis

400 5524 691 5589 Dominus
718 5536 775 5590 te
796 5548 931 5590 cum
953 5530 1235 5591 omnibus
1256 5531 1661 5593 communiter
1692 5531 2055 5593 excitaverit.

400 5612 537 5695 Ipse
566 5625 765 5678 autem
783 5635 921 5679 cum
947 5619 1300 5681 accessisset
1320 5619 1392 5681 ad
1431 5619 1594 5682 illam
1631 5620 1768 5682 ﬁliae
1796 5620 2056 5681 domun—

402 5703 711 5787 culam,et,
747 5714 810 5769 ut
837 5707 1070 5771 dixerat
1100 5708 1668 5784 ﬁlia,ornamentum
1702 5710 1761 5771 in
1776 5709 2051 5785 venisset,

2153 4628 2312 4686 ὕπνου
2394 4632 2535 4694 τινὸς
2613 4630 2858 4708 μαλακοῦ
2940 4630 3430 4711 διαγρηγορήσασα,
3511 4636 3595 4691 καὶ
3677 4637 3801 4711 ὅγιᾶ

2153 4720 2392 4790 σώζουσα
2432 4721 2521 4777 καὶ
2572 4721 2672 4789 τὴν
2723 4722 2890 4789 πνοὴν
2949 4721 3060 4797 ἅμα
3108 4725 3197 4780 καὶ
3255 4727 3353 4789 τὴν
3397 4726 3585 4801 φονην,
3643 4724 3797 4798 Κύριέ

2152 4830 2275 4883 μου,
2311 4814 2462 4890 φησὶ,
2496 4812 2638 4886 παρὰ
2667 4811 2800 4885 τῷδε
2832 4818 2906 4885 τῷ
2958 4810 3107 4889 μέρει
3137 4822 3230 4871 τοῦ
3273 4811 3427 4869 οἵκο)
3462 4815 3519 4870 τὸ
3564 4819 3795 4892 χρυσοόν

2150 4897 2324 4957 ἐκεῖνο
2384 4900 2639 4968 κατετέθη
2685 4924 2777 4976 μοι
2807 4900 3051 4975 κόσμιον.
3113 4899 3422 4968 ’Ἒκπληξις
3464 4902 3549 4958 ἐπὶ
3587 4902 3800 4967 τούτοις

2148 4986 2411 5064 ἐλάμϐανε
2469 4991 2589 5053 τοὺς
2634 4991 2923 5069 παρόντας.
2984 4990 3127 5069 IIII:
3175 4992 3270 5047 καὶ
3303 4991 3472 5065 θαῦμά
3523 5014 3574 5048 τι
3623 4990 3800 5069 ἕτερον

2146 5078 2495 5147 ἐπηκολούθει
2555 5085 2631 5154 τῷ
2672 5064 2922 5155 θαύματι,
2983 5064 3185 5158 Ὥσπερ
3243 5082 3343 5159 γὰρ
3399 5064 3606 5145 ἐκεῖνος
3656 5064 3797 5153 ζωῆς

2146 5193 2202 5227 τε
2258 5172 2345 5228 καὶ
2400 5171 2626 5228 θανάτου
2699 5171 2878 5247 κύριος
2952 5170 3048 5249 ὢν,
3123 5174 3210 5226 καὶ
3281 5172 3447 5247 ταύτῃ
3520 5185 3650 5248 προς
3710 5172 3799 5228 τοῦ

2146 5260 2473 5335 ποθουμένου
2544 5267 2771 5338 Χριστοῦ
2853 5266 2922 5337 τῇ
3001 5258 3169 5338 δωρεᾷ
3223 5263 3488 5341 τιμηθεὶς,
3550 5264 3577 5317 ὁ
3659 5262 3796 5317 κατὰ

2149 5350 2331 5429 χρείαν
2389 5352 2475 5406 ἐπὶ
2522 5350 2697 5428 βραχὺ
2744 5350 2989 5428 ζωώσας,
3033 5353 3280 5420 θνήσκειν
3339 5350 3551 5407 ἐκέλευε
3607 5349 3792 5423 πάλιν,

2147 5440 2254 5513 καὶ,
2335 5436 2579 5512 Κάθευδε,
2638 5437 2864 5517 τέκνον,
2925 5438 3142 5517 ἔφασκε,
3205 5441 3264 5495 τὸ
3321 5438 3534 5513 λοιπὸν,
3595 5438 3695 5503 ἕως
3767 5442 3795 5495 ὁ

2143 5529 2313 5586 κοινὸς
2394 5527 2671 5594 Δεσπότης
2744 5528 2878 5602 μετὰ
2936 5529 3151 5585 πάντων
3216 5535 3406 5591 κοινῶς
3462 5528 3639 5607 ἐγερεῖ
3707 5550 3788 5586 σε.

2142 5618 2306 5681 Αὗτός
2339 5615 2395 5674 δὲ
2467 5615 2592 5696 παρ’
2644 5616 2850 5675 ἐκεῖνον
2906 5615 2972 5685 δὴ
3040 5621 3131 5675 τὸν
3188 5618 3416 5675 οἰκίσκον
3471 5620 3567 5687 τῆς
3624 5623 3793 5696 θυγα-

2140 5709 2259 5789 τρὸς
2315 5706 2653 5788 ἀφικόκενος,
2710 5710 2795 5766 καὶ
2844 5708 3001 5789 ἧπερ,
3066 5707 3168 5791 ἔφη
3227 5710 3288 5767 τὸ
3347 5710 3571 5786 κόσμιον
3626 5711 3788 5789 εὕρη-
