4132 6414
326 392 454 461 ἧ37

1621 391 1808 459 VITA
1851 389 1913 454 S.
1966 388 2344 461 SPYRIDON
2356 388 2444 454 IS.

3601 385 3720 454 438

330 532 447 598 κώς
522 551 582 588 τε
658 529 760 587 καῖ
845 526 1186 601 ἀνελόμενος,
1260 526 1543 608 ἐγχειρίζει
1633 532 1707 604 τῇ
1757 528 1965 606 γυναικὶ

2076 532 2134 587 et
2162 524 2525 600 sustulisset,
2556 522 2616 588 id
2642 520 2821 586 tradit
2849 520 3112 597 mulieri,
3145 519 3232 585 sic
3263 522 3320 584 et
3349 538 3575 602 augens
3609 522 3717 585 mi-

324 621 553 689 αόξησιν
597 619 737 678 οὕτω
806 622 896 678 καὶ
954 620 1214 677 πίστωσιν
1261 622 1338 692 τῷ
1396 618 1623 694 θαύματι
1667 616 1985 696 παρασχών.

334 713 442 771 Καὶ
483 711 647 769 ταῦτα
680 710 781 785 μὲν
810 713 866 766 ἓν
993 710 1165 783 νήσῳ.

418 799 515 861 ΙΖ’.
589 798 708 858 ’Ἱνα
765 798 821 855 δὲ
909 796 1045 873 μηδὲ
1110 796 1422 879 Ἀντιόχεια
1500 796 1596 865 τῆς
1653 793 1986 869 Σπυρίδωνος

326 891 529 971 ἀρετῆς
588 911 647 946 τε
694 891 783 946 καὶ
838 889 1066 969 χάριτος
1127 886 1346 952 ἀθέατος
1404 890 1442 964 ᾗ
1500 884 1627 961 μηδ’
1687 885 1985 963 ἀμάρτυρος

321 982 417 1038 καὶ
474 985 636 1038 τοῦτο
677 977 922 1035 τελεῖται
967 976 1272 1057 παραδόξως
1318 975 1441 1034 ὅσον
1498 977 1587 1033 καὶ
1643 978 1985 1050 θαυμαστῶς.

321 1071 403 1129 T6
455 1068 514 1126 δὲ
557 1068 730 1141 ὅπως,
793 1070 824 1125 6
884 1067 1044 1146 λόγος
1095 1065 1198 1135 ἤδη
1248 1065 1500 1135 δηλώσει.
1549 1064 1858 1124 Ἀπολείπει
1889 1065 1987 1140 μὲν

328 1158 451 1231 ἄρτι
513 1169 918 1223 Κωνσταντῐνος
962 1159 990 1214 6
1041 1157 1213 1235 μὲγας
1271 1158 1410 1232 μετά
1439 1177 1499 1235 γε
1530 1164 1627 1228 τῆς
1657 1156 1862 1235 ἀρχῆς,
1900 1154 1986 1210 καὶ

327 1250 426 1305 τὸν
497 1248 611 1324 βίον
645 1262 660 1278 ’
724 1244 1045 1324 διαιροῦνται
1107 1244 1163 1302 δὲ
1219 1247 1418 1313 ταύτην
1476 1248 1523 1303 οἱ
1579 1246 1766 1301 τούτου
1823 1246 1981 1308 υἱεῖς.

330 1339 429 1396 Καὶ
475 1336 846 1401 Κωνστάντιος
892 1336 1013 1410 μὲν,
1046 1337 1148 1403 τῆς
1180 1333 1354 1411 Ἐῴας
1395 1335 1582 1415 ἄρχειν
1638 1333 1849 1414 λαχὼν,
1910 1334 1985 1398 εἷς

322 1428 424 1494 τήν
482 1425 731 1505 μεγάλην
787 1431 890 1493 τῆς
939 1425 1134 1493 Κοίλης
1167 1415 1357 1504 Συρίας
1400 1424 1580 1495 πόλιν,
1638 1425 1737 1491 τὴν
1769 1424 1983 1479 Ἀντιό⁴

324 1540 434 1598 χου
477 1519 641 1598 φημὶ,
687 1513 969 1594 διατρίϐων
1028 1516 1118 1584 ἦν’
1154 1516 1306 1581 νόσος
1348 1512 1402 1571 δὲ
1467 1514 1610 1590 αὐτῷ
1663 1513 1982 1583 ὲπισιιήπτει

328 1606 475 1682 μάλα
517 1604 689 1680 δεινὴ,
748 1605 944 1683 ἰατρῶν
1002 1604 1208 1686 τέχνην
1260 1607 1348 1663 καὶ
1404 1617 1601 1685 χεῖρας
1661 1601 1984 1681 ἐλέγχουσα.

2072 616 2367 695 raculum,
2399 626 2462 677 et
2485 615 2617 696 ejus
2648 615 2937 695 majorem
2993 612 3171 676 ﬁdem
3208 610 3458 675 faciens.
3489 610 3562 674 Et
3591 612 3716 676 bzec

2072 705 2316 786 quidem
2350 706 2411 768 In
2442 706 2661 769 insula.

2151 794 2325 860 XVII.
2355 793 2645 860 Utautem
2676 794 2991 861 Antiochia
3021 787 3261 875 quoque
3293 801 3490 875 posset
3512 791 3714 856 videre

2072 884 2410 964 Spiridonis
2439 885 2714 947 virtutem
2740 893 2798 947 et
2823 883 3097 963 gratiam,
3131 890 3190 943 et
3220 881 3295 945 de
3328 900 3398 944 ea
3428 881 3585 944 ferre
3619 897 3711 944 te-

2071 974 2443 1055 stimonium,
2478 975 2590 1036 hoc
2642 992 2883 1057 quoque
2916 973 2980 1034 Iit
3029 972 3196 1034 valde
3247 971 3623 1048 mirabiliter,
3657 981 3718 1034 et

2069 1073 2276 1127 contra
2306 1065 2673 1145 opinionem.
2712 1062 3021 1137 Quomodo
3072 1080 3236 1145 vero,
3261 1063 3386 1142 jam
3439 1060 3717 1127 ostendet

2072 1155 2286 1217 oratio.
2312 1157 2520 1235 Nuper
2550 1154 2793 1234 quidem
2828 1171 3082 1234 magnus
3109 1150 3714 1227 Constantinus,reli-

2070 1253 2164 1306 cto
2187 1244 2465 1325 imperio,
2500 1262 2533 1306 e
2565 1245 2711 1306 vivis
2752 1252 3091 1306 excesserat
3119 1260 3134 1319 ;
3163 1242 3219 1304 id
3246 1250 3441 1305 autem
3478 1241 3584 1303 ﬁlii
3615 1241 3713 1303 di-

2068 1334 2350 1398 viserant.
2379 1332 2450 1395 Et
2479 1333 2907 1397 Constantinus
2937 1332 3209 1411 quidem,
3245 1331 3339 1393 cui
3370 1330 3523 1419 fgrte
3551 1330 3712 1394 obti-

2066 1433 2327 1505 gerat,ut
2349 1432 2581 1486 teneret
2603 1423 2922 1504 imperium
2946 1421 3012 1486 O;
3032 1421 3300 1498 ientis,in
3325 1438 3536 1501 magna
3566 1420 3715 1484 urbe

2070 1512 2428 1595 leesyriae,
2482 1531 2700 1595 nempe
2752 1512 3100 1587 Antiochia,
3146 1511 3512 1573 versabatur.
3565 1509 3711 1571 Eum

2072 1609 2270 1667 autem
2298 1603 2493 1684 gravis
2516 1603 2762 1665 morbus
2785 1602 3029 1677 invadit,
3052 1601 3154 1684 qui
3189 1600 3553 1663 medicorum
3588 1618 3716 1660 ma-

330 1696 508 1773 ταύτῃ
548 1717 633 1753 τοι
688 1696 778 1752 καὶ
820 1700 928 1752 τῶν
970 1693 1156 1751 ἄλλων
1203 1694 1421 1752 πάντων
1471 1693 1757 1773 ἀπογνοὺς,
1814 1690 1970 1750 ἐὸεϊτι

2072 1710 2183 1754 nus
2214 1703 2271 1756 et
2301 1702 2488 1755 artem
2521 1692 2905 1773 reprobabat.
2940 1691 3061 1754 Hac
3112 1691 3188 1752 de
3235 1708 3415 1752 causa
3459 1688 3710 1751 aliorum

342 1784 502 1856 μόνον.»
550 1790 642 1858 τοῦ
682 1786 770 1841 καὶ
800 1783 985 1863 ψυχὰς
1045 1780 1245 1849 εἰδότος
1301 1785 1390 1840 καὶ
1451 1782 1675 1859 σώματα
1725 1784 1970 1860 θεραπεύ-

2069 1782 2336 1844 omnium
2369 1800 2475 1862 spe
2505 1780 2759 1863 abiecta,
2795 1800 2931 1844 eum
2984 1781 3335 1862 precabatur
3362 1779 3580 1859 solum,
3613 1777 3717 1855 qui

345 1892 442 1930 ειν.
506 1871 885 1951 Συντὸνῶτερον
916 1871 973 1929 δὲ
1026 1872 1297 1953 χρωμένῳ
1324 1879 1394 1950 τῇ
1437 1878 1738 1952 προσευχῇ,
1797 1871 1970 1928 νυκτὸς

2071 1880 2263 1952 potest
2283 1888 2493 1935 curare
2519 1871 2753 1933 animas
2773 1881 2833 1933 et
2862 1889 3133 1952 corpora.
3166 1873 3308 1931 Cum
3326 1888 3465 1931 vero
3498 1886 3711 1950 preca-

344 1961 620 2037 ἒψίσταται
669 1963 802 2040 ὄψις,
866 1960 1098 2041 ἄγγελος
1155 1960 1507 2021 ὑποῖεικνόων
1571 1964 1714 2037 αὐτῷ
1768 1960 1970 2019 πολλῶι

2070 1960 2231 2025 tione
2263 1970 2539 2023 uteretur
2560 1960 2877 2034 intensius,
2906 1967 3085 2022 noctu
3108 1963 3166 2022 in
3191 1956 3415 2020 visione
3446 1958 3500 2019 ei
3522 1975 3709 2039 appa-

337 2052 508 2130 ἁγίων
563 2052 857 2109 ἐπισκόπων
916 2054 1108 2132 χορόν.
1172 2053 1275 2117 Οἷς
1348 2052 1375 2109 6
1436 2051 1684 2127 βασιλεὺς
1738 2051 1970 2113 ἀτενίσας

2066 2061 2160 2114 ret
2186 2050 2792 2132 angelus,ostendens
2813 2051 2867 2111 ei
2899 2051 3145 2112 chorum
3176 2058 3515 2111 sanctorum
3548 2046 3708 2107 mul-

327 2144 386 2198 έν
446 2140 633 2217 μέσοις
689 2143 895 2217 αὐτοῖς,
957 2144 1051 2219 ὁρᾷ
1117 2140 1206 2200 δύο
1262 2143 1411 2207 τινὰς
1483 2142 1796 2218 ἱσταμένους
1854 2143 1970 2197 ἒπι-

2068 2152 2260 2206 torum
2287 2144 2733 2224 episcoporum.
2758 2142 2824 2204 In
2855 2161 3008 2224 quos
3037 2160 3169 2205 cum
3205 2144 3528 2222 imperator
3558 2138 3710 2200 deﬁ-

324 2233 559 2294 σιιόπους
618 2231 716 2305 μὲν
769 2233 859 2290 καὶ
915 2232 1103 2297 ἁῦτοὺς
1135 2230 1402 2307 ἐοικότας,
1436 2238 1742 2311 προστάτας
1795 2227 1849 2286 δὲ
1875 2236 1970 2288 tth

2064 2234 2251 2297 xisset
2273 2232 2574 2306 oculos,in
2602 2233 2800 2295 medio
2831 2232 3072 2314 quidem
3101 2249 3309 2295 eorum
3339 2230 3497 2293 videt
3519 2246 3704 2306 quos-

322 2319 504 2377 ἄλλων
544 2320 642 2377 καί
675 2320 955 2401 ἀρχηγοὺς
1019 2322 1164 2378 εἶναι
1209 2320 1513 2386 δοκοῦντας.
1569 2321 1793 2401 Ἰξούτους
1838 2321 1970 2394 αὒτᾷ

2064 2324 2199 2386 dam
2226 2323 2375 2385 duos
2398 2331 2647 2399 stantes,
2669 2322 2771 2404 qui
2801 2332 2970 2386 erant
3000 2322 3113 2402 ipsi
3143 2336 3381 2402 quoque
3409 2317 3709 2400 episcopis

329 2412 360 2466 6
416 2409 639 2489 ἅγγελος
715 2409 1048 2487 παραδείξας,
1141 2410 1331 2488 μόνους
1420 2409 1603 2490 ἔλεγεν
1682 2413 1825 2467 εἶναι
1883 2408 1980 2477 τῆς

331 2502 491 2557 αὺτοῦ
550 2501 706 2558 νόσου
779 2501 1131 2580 θεραπευτάς,
1208 2501 1365 2561 Ἐπεὶ
1451 2498 1506 2557 δὲ
1588 2502 1677 2558 καὶ
1730 2502 1758 2556 6
1818 2498 1980 2565 ὕπνος

328 2590 523 2657 ἀνῆκεν
576 2591 757 2663 αὐτὸν,
815 2589 1160 2649 διεσκοπεϊτο
1190 2590 1312 2671 μὲν,
1358 2592 1499 2658 τίνες
1542 2590 1605 2648 ἂν
1636 2592 1779 2648 οὗτοι
1837 2590 1976 2667 εἶεν,

359 2683 374 2704 9
504 2680 551 2714 Υ.
663 2678 711 2736 δκ
808 2680 821 2698 ι
931 2679 957 2699 ν
1292 2679 1322 2701 ρ
1619 2680 1650 2694 ⁸*
1771 2680 1782 2695 \
1915 2678 1943 2699 τ’

320 2701 415 2739 ουκ
473 2701 527 2737 ει
538 2701 607 2761 ιε
694 2701 719 2735 ε
772 2702 866 2739 τον
923 2701 1124 2758 ονειρον
1183 2679 1502 2757 συμοαλεϊν.
1566 2687 1685 2743 Πως
1728 2702 1854 2759 γαρ,
1904 2700 1979 2735 ων

312 2771 458 2846 μήτε
515 2769 707 2838 κλῆσις
754 2772 892 2845 μήτε
922 2772 1106 2847 πατρὶς
1138 2769 1321 2844 ἐκείνῳ
1366 2771 1631 2851 γνώριμος
1670 2790 1686 2850 ;
1748 2766 1977 2831 ’Ἄλλως

312 2881 377 2916 τε
425 2860 517 2917 καὶ
594 2859 816 2938 θατέρου
902 2861 1099 2917 τούτων
1171 2860 1425 2941 φανέντος
1507 2861 1605 2936 μὲν
1660 2863 1805 2933 ανξιτῷ
1860 2857 1974 2914 κατ’

2065 2414 2336 2476 similes:
2364 2412 2718 2475 videbantur
2733 2419 2931 2475 autem
2963 2430 3096 2474 esse
3117 2411 3300 2473 duces
3332 2416 3392 2472 et
3424 2408 3710 2491 praesides

2063 2503 2500 2567 aliorum.Cem
2520 2520 2625 2566 eos
2643 2502 2758 2584 ipsi
2777 2501 3139 2565 ostendisset
3154 2498 3590 2581 angelus,solos
3607 2517 3708 2560 eos

2064 2611 2198 2656 esse
2221 2593 2608 2673 dicebatejus
2631 2592 2819 2655 morbi
2851 2601 3179 2655 curatores.
3217 2589 3364 2654 Cum
3399 2608 3533 2652 eum
3569 2607 3707 2650 vero

2063 2683 2668 2764 dimisissetsomnus,
2694 2682 3111 2745 considerabat
3129 2680 3645 2763 quidem,quinam
3670 2678 3708 2740 ii

2065 2783 2284 2836 essent:
2313 2792 2429 2836 non
2447 2780 2687 2854 poterat
2702 2781 2899 2835 autem
2916 2768 3212 2834 somnium
3228 2767 3712 2851 conjicereQuo-

2066 2861 2242 2924 modo
2274 2862 2603 2935 enim,cum
2637 2880 2844 2924 eorum
2875 2880 2987 2924 nec
3017 2880 3259 2936 nomen,
3295 2879 3405 2923 nec
3437 2860 3623 2939 patria
3653 2858 3708 2920 ei

320 2949 636 3027 ἔπίσκοπον,
670 2948 819 3006 οὔπω
874 2950 930 3006 δὲ
986 2948 1106 3007 τότε
1164 2949 1457 3028 γενομένου
1499 2962 1622 3014 ταῖς
1679 2946 1970 3026 ἀληθείαις,

2060 2960 2216 3014 esset
2235 2950 2403 3013 nota?
2420 2950 2674 3013 maxime
2691 2970 2824 3013 cum
2843 2950 2998 3012 alter
3010 2968 3213 3013 eorum
3231 2949 3328 3030 qui
3349 2957 3710 3030 apparuerat

318 3036 459 3096 ἀλλὰ
513 3040 573 3095 τὸ
627 3036 826 3114 μέλλον
882 3037 1115 3114 ἔσεσθαι,
1171 3041 1245 3104 ὡς
1308 3037 1413 3107 ἤδη
1470 3042 1674 3119 φθάσαν
1726 3038 1970 3117 γενέσθαι

2060 3051 2122 3103 ut
2142 3041 2755 3121 episcopus,nondum
2804 3058 3017 3101 revera
3041 3048 3166 3101 erat
3181 3039 3390 3102 factus:
3417 3038 3520 3100 sed
3547 3037 3704 3119 quod

316 3129 683 3207 παρεστηκός.
760 3130 898 3207 Πρὸς
971 3136 1137 3187 ταῦτα
1197 3130 1370 3190 τοίνυν
1451 3126 1865 3205 διαπορούμενος
1945 3129 1970 3182 6

2060 3131 2318 3195 futurum
2355 3139 2500 3208 erat,
2539 3130 2814 3213 tanquam
2859 3130 3014 3212 quod
3066 3131 3182 3209 iam
3234 3129 3450 3191 factum
3486 3127 3703 3208 fuerat,

308 3218 549 3296 κρατῶν,
612 3219 704 3274 καὶ
756 3217 871 3293 ἅμα
916 3218 1016 3294 μὲν
1072 3220 1381 3295 κινοόμενος
1432 3217 1527 3275 καὶ
1574 3223 1643 3295 τῇ
1683 3216 1827 3293 ὄψει,
1861 3215 1970 3293 ἅμα

2060 3231 2436 3303 apparuerat.
2486 3221 2634 3284 Cum
2676 3230 2923 3302 propter
2979 3221 3105 3283 haec
3150 3238 3288 3298 ergo
3339 3225 3495 3280 esset
3522 3216 3705 3279 animi

304 3307 362 3366 δὲ
421 3310 517 3365 καὶ
561 3320 686 3370 ταῖς
737 3305 942 3371 ὄδόναις
988 3307 1446 3384 ὑποϐαλλόμενος,
1493 3309 1589 3365 οὗιι
1636 3319 1794 3387 εἶχεν
1837 3305 1865 3362 ὅ
1922 3328 1970 3363 τι

2060 3310 2275 3374 dubius
2308 3311 2659 3387 imperator,
2684 3319 2743 3372 et
2767 3310 2943 3372 simul
2976 3309 3216 3392 quidem
3247 3308 3471 3371 visione
3502 3326 3707 3370 move-

308 3400 399 3457 καὶ
460 3396 697 3476 δράσειε.
744 3398 821 3458 Τὸ
863 3396 918 3454 δὲ
963 3404 1063 3466 τῆς
1107 3400 1337 3462 πίστεως
1382 3403 1559 3455 ἐκεῖνο
1615 3398 1806 3475 θερμὸν
1836 3393 1970 3452 κάλ-ι

2060 3409 2246 3481 retur,
2311 3399 2685 3464 cruciaretur
2745 3408 2943 3462 autem
3012 3398 3340 3469 doloribus,
3407 3394 3713 3459 nesciebat

314 3487 475 3547 λιστα
545 3488 777 3545 ὑπετίθει
837 3489 916 3563 μὴ
985 3488 1050 3545 ἄν
1127 3488 1268 3547 οὕτω
1323 3488 1564 3565 ματαίως
1610 3487 1710 3556 τὴν
1790 3485 1970 3564 ὅρασιν

2060 3491 2336 3571 quidnam
2371 3496 2594 3571 ageret.
2632 3490 2856 3552 Fervor
2886 3508 3024 3551 vero
3077 3487 3213 3550 ﬁdei
3272 3487 3437 3552 illum
3487 3486 3711 3566 optime

323 3579 598 3648 ἑπιστῆναι
635 3595 650 3610 ⁸
718 3579 836 3638 ὅθεν
893 3583 982 3638 καὶ
1040 3581 1205 3639 πείθει
1255 3585 1542 3662 φρονῆσαι,
1596 3577 1874 3656 βασιλικόν
1920 3600 1970 3634 τι

2060 3580 2435 3656 admonebat,
2466 3598 2583 3642 non
2614 3580 2763 3642 adeo
2798 3588 3027 3642 temere
3056 3579 3221 3641 illam
3244 3576 3591 3658 apparuisse
3612 3574 3704 3638 vi-

324 3671 416 3726 καὶ
470 3683 732 3750 γενναῖον,
793 3672 880 3728 καὶ
950 3673 1080 3751 πρός
1141 3672 1202 3729 τὸ
1286 3681 1374 3730 νῦν
1437 3669 1567 3751 ἔχον
1639 3669 1823 3747 σοφίας
1880 3671 1970 3728 οὐκ

2060 3670 2314 3733 sionem.
2340 3670 2512 3733 Unde
2546 3670 2721 3733 etiam
2757 3671 2812 3732 ei
2839 3668 3250 3749 persuadet,ut
3274 3666 3624 3748 praeclarum
3651 3677 3711 3728 et

326 3758 571 3834 ἄμοιρον,
599 3763 722 3825 Tol»;
784 3762 885 3841 γὰρ
935 3761 1252 3842 ἁπανταχοῦ
1309 3763 1407 3828 της
1458 3752 1734 3835 Ῥωμαίων
1791 3760 1970 3839 ἀρχῆς

2060 3761 2423 3840 imperatore
2457 3759 2727 3837 dignum,
2767 3768 2827 3821 et
2868 3760 2930 3820 in
2981 3756 3300 3837 praesentia
3329 3754 3573 3838 quidem
3606 3774 3706 3817 sa-

323 3847 663 3923 ἐπισκόπους,
717 3850 836 3909 ὅσοι
896 3851 1012 3929 βίου
1069 3850 1414 3928 ἐπιμέλονται
1483 3850 1787 3931 φιλαρέτου,
1844 3850 1967 3907 ἐκέ-

2060 3851 2279 3931 pientia
2306 3848 2552 3912 minime
2577 3867 2851 3920 vacuum,
2885 3854 3126 3929 caperet
3147 3845 3487 3908 consilium.
3519 3845 3704 3918 Quot~

312 3938 436 3996 λευε
496 3937 833 4018 συνδραμεῖν,
922 3937 1019 4014 ἵν’,
1115 3944 1249 4017 ὁμοὸ
1318 3939 1697 4016 συνελθόντων,
1757 3941 1843 3997 οιαὶ
1918 3941 1965 3996 οἱ

2060 3948 2195 4020 quot
2226 3944 2385 4001 enim
2436 3938 2704 4018 episcopi
2765 3955 2872 4018 per
2921 3937 3265 3999 universum
3298 3937 3704 3997 Romanorum

306 4030 565 4111 φανέντες
596 4033 738 4105 αὐτῷ
765 4028 853 4089 δύο
880 4031 1141 4112 γνώριμοι
1172 4035 1498 4091 καταστῶσι.

2060 4027 2366 4109 imperium
2396 4026 2529 4090 vitae
2552 4045 2621 4089 ex
2649 4029 2865 4090 virtute
2886 4026 3133 4106 agenda;
3163 4044 3363 4087 curam
3394 4024 3701 4105 gerebant,

2041 4116 2591 4199 jussitconvenire,
2627 4126 2690 4178 ut
2720 4135 2856 4178 cum
2902 4115 3075 4177 simul
3109 4116 3549 4186 convenissent,
3585 4115 3702 4177 duo

2046 4227 2305 4290 quoque,
2331 4208 2433 4288 qui
2464 4212 2517 4269 ei
2550 4217 2974 4288 apparuerant,
3006 4204 3061 4266 ei
3093 4203 3219 4265 noti
3251 4203 3599 4266 evaderent.

382 4300 507 4364 IH'.
555 4300 850 4380 Γράμματα
915 4300 961 4359 δ’
1020 4300 1084 4359 ἂν
1139 4302 1278 4359 κατὰ
1334 4307 1509 4358 πᾶσαν
1565 4299 1668 4366 τὴν
1726 4298 1961 4367 ὑποτελῆ

296 4390 594 4465 Ῥωμαίοις
654 4390 947 4468 ἐπέμπετο,
1008 4391 1095 4449 καὶ
1136 4392 1290 4456 ’τοὺς
1347 4389 1671 4453 ἐπισκόπους
1757 4388 1959 4448 ἐκάλει.

302 4480 1274 4539 Κ“ὲ-ο“-·”’“λλ-ἆ”
1901 4484 1923 4493 υ

353 4504 409 4537 αι
510 4502 592 4537 ..ει
657 4504 753 4536 ..ων
810 4503 842 4536 α
912 4503 987 4538 ωδ
1082 4502 1410 4560 φικομενων,
1470 4494 1684 4553 οδοεμα
1736 4502 1801 4544 ην
1856 4501 1962 4534 των

298 4569 651 4647 ζητουμένων
707 4570 1017 4650 ἐπίγνωσις,
1089 4569 1292 4646 πέμπει
1352 4571 1439 4626 καὶ
1498 4570 1625 4648 πρὸς
1691 4569 1789 4635 τὴν
1853 4579 1961 4626 Κυ-

300 4662 474 4737 πρίων
555 4665 743 4740 νῆσον,
829 4658 1134 4739 Σπυρίδωνα
1218 4661 1307 4717 καὶ
1389 4660 1488 4726 τὴν
1546 4657 1747 4716 ἐκείνου
1801 4659 1961 4739 χάριν

300 4747 800 4828 μετακαλούμενος,
849 4751 877 4804 6
947 4749 1002 4805 δὲ
1062 4747 1281 4827 προῄδει
1335 4748 1433 4824 μὲν
1498 4748 1669 4805 πάντα
1715 4746 1781 4802 τὰ
1827 4747 1963 4803 κατὰ

300 4842 397 4895 τὴν
464 4845 758 4917 κρατοῦντα
816 4846 894 4914 τῷ
976 4840 1261 4915 πνεύματι,
1354 4838 1589 4912 ἐσήμανε
1651 4839 1750 4915 γὰρ
1820 4835 1964 4911 αὖτῴ

306 4928 505 4985 ἕκαστα
550 4925 619 4986 δι’
664 4930 880 5005 ὀνείρων
922 4929 959 4995 ἢ
1001 4929 1160 5009 χάρις
1192 4948 1208 4966 ⁸
1252 4928 1369 4986 ἐπεὶ
1412 4925 1466 4983 δὲ
1497 4926 1590 4984 καί
1623 4943 1670 4985 ot
1699 4925 1959 5005 βασιλέως

309 5017 459 5096 λόγοι
538 5019 972 5100 συνωμολόγουν,
1037 5019 1135 5077 οὒκ
1217 5016 1532 5089 ἀϐουλήτως
1612 5019 1744 5095 πρὸς
1802 5018 1961 5075 αὖτὸν

304 5107 612 5190 ἀνατρέχει,
663 5109 996 5187 ἐπαγόμενος
1055 5111 1142 5166 καὶ
1184 5110 1276 5167 τὸν
1330 5106 1517 5187 ἄνδρα,
1577 5111 1623 5181 ᾧ
1674 5108 1809 5164 κατὰ
1860 5107 1958 5173 τὴν

298 5205 562 5281 φανεῖσαν
606 5200 733 5276 ὄψιν
786 5199 1135 5277 συμπαρὲατη
1179 5205 1258 5274 τῷ
1297 5196 1538 5276 βασιλεῖ,
1599 5198 1772 5271 τούτῳ
1831 5208 1959 5275 Τρι-

297 5290 519 5370 φῦλλιος
577 5291 647 5359 ἦν
692 5291 888 5365 ὄνομα,
936 5289 1085 5347 οῧπω
1137 5291 1236 5364 μὲν
1293 5294 1392 5356 τῆς
1452 5289 1741 5367 ἱερωσύνης
1793 5286 1956 5355 ἠξιωο

297 5381 480 5457 μένον,
538 5380 744 5439 ἄνωθεν
796 5377 854 5435 δὲ
924 5382 1014 5436 καὶ
1075 5381 1177 5458 πρὸ
1239 5380 1335 5447 τῆς
1385 5379 1717 5453 ἀνθρωπίνης
1778 5379 1957 5457 ψήφου

295 5474 395 5540 τὴν
437 5473 774 5553 χειροτονίαν
806 5469 1167 5550 ἂπειληιρότα.
1214 5467 1395 5545 Εἰσῇει
1453 5475 1577 5545 γοῦν
1620 5469 1731 5543 ἃμα
1789 5467 1957 5541 τούτῳ

296 5562 565 5641 Στωρίνὲων
614 5563 688 5627 εἰς
734 5560 799 5618 τᾶ
857 5557 1127 5636 βασίλεια,
1189 5557 1348 5623 λιτῶς
1420 5559 1557 5615 πάνυ
1596 5557 1689 5615 καὶ
1748 5555 1956 5637 ἀφελῶς

298 5640 757 5724 διεσέιευααμένος.
807 5640 872 5705 Ἠ
939 5646 1036 5723 μὲν
1097 5647 1199 5727 γὰρ
1244 5647 1397 5716 ἐσθὴς
1452 5645 1635 5711 δεινῶς
1694 5646 1912 5717 εὖτελής
1941 5667 1956 5683 ο

295 5740 474 5817 ῥάϐδον
531 5740 587 5800 δὲ
673 5742 884 5821 βαΐνην
970 5740 1128 5819 εἶχεν
1205 5738 1240 5806 ἡ
1320 5735 1482 5816 δεξιὰ,
1545 5738 1630 5794 καὶ
1690 5736 1868 5817 τιάραν
1929 5740 1963 5806 ἡ

2130 4296 2337 4361 XVIII.
2366 4297 2563 4358 Missa;
2613 4304 2757 4357 sunt
2805 4314 2947 4375 ergo
2990 4294 3202 4357 litterae
3233 4312 3340 4375 per
3363 4294 3697 4356 universam

2049 4389 2523 4468 regionem,qua3
2544 4386 2789 4468 parebat
2810 4385 3115 4454 Komanis,
3149 4394 3211 4447 et
3249 4383 3537 4446 vocabant
3563 4384 3701 4463 epi-

2047 4497 2260 4559 scopos
2298 4500 2309 4541 :
2345 4487 2405 4539 et
2432 4476 2717 4559 quoniam
2751 4494 2886 4538 cum
2918 4474 3020 4536 alii
3047 4473 3443 4537 accessissent
3498 4473 3536 4533 ii
3597 4473 3699 4554 qui

2048 4568 2491 4645 quaerebantur,
2548 4585 2920 4648 nequaquam
2966 4573 3457 4645 agnoscerentur,
3524 4562 3701 4624 mittit

2048 4658 2224 4721 etiam
2256 4661 2315 4720 in
2346 4656 2604 4737 Cyprum
2640 4657 2919 4730 insulam,
2947 4673 3265 4718 accersens
3293 4652 3696 4734 Spiridonem,

2047 4756 2104 4808 et
2128 4747 2288 4808 illius
2310 4745 2583 4825 gratiam.
2621 4745 2727 4807 Ille
2757 4753 2953 4805 autem
2982 4744 3182 4805 omnia
3209 4741 3451 4823 quidem
3484 4741 3699 4821 Spiritu

2047 4835 2404 4917 praeviderat
2433 4836 2508 4896 de
2529 4841 2913 4915 imperatore.
2939 4832 3004 4895 In
3051 4834 3277 4895 somnis
3302 4831 3458 4894 enim
3485 4831 3541 4893 ei
3569 4834 3696 4893 sin-

2043 4926 2182 5005 gula
2240 4923 2613 5002 signiﬁcabat
2669 4924 2880 5000 gratia.
2918 4926 3059 4983 Cum
3116 4940 3252 4984 vero
3315 4921 3696 5001 imperatoris

2043 5031 2284 5096 quoque
2303 5014 2482 5076 verba
2499 5015 2549 5075 ei
2578 5012 3013 5087 consentirent,
3052 5031 3167 5073 non
3202 5011 3415 5072 invitus
3445 5010 3517 5072 ad
3553 5029 3690 5075 eum

2047 5106 2470 5185 proﬁciscitur,
2505 5104 2670 5164 illum
2699 5122 2936 5184 quoque
2966 5103 3159 5164 virum
3204 5120 3407 5162 secum
3440 5100 3688 5174 ducens,

2044 5196 2146 5276 qui
2176 5196 2235 5256 in
2264 5213 2358 5271 ea,
2387 5212 2519 5275 quae
2551 5192 2716 5274 prius
2747 5201 3125 5274 apparuerat,
3162 5191 3388 5253 visione
3419 5210 3552 5252 cum
3586 5191 3689 5253 illo

2042 5286 2313 5348 astiterat
2344 5284 2713 5364 imperatori.
2750 5283 2817 5345 Ei
2867 5301 3089 5347 nomen
3137 5288 3263 5344 erat
3290 5280 3683 5362 Triphyllius,

2042 5376 2143 5457 qui
2193 5376 2457 5436 nondum
2483 5374 2725 5454 quidem
2755 5383 2885 5435 erat
2917 5374 3168 5453 adeptus
3196 5371 3620 5445 sacerdotium,
3655 5390 3688 5433 a

2040 5464 2275 5544 superis
2300 5470 2846 5542 autem,antequam
2871 5462 3196 5541 eligeretur
3217 5461 3289 5522 ab
3313 5458 3681 5535 hominibus,

2044 5554 2234 5616 fuerat
2279 5554 2644 5631 designatus.
2678 5555 2824 5616 Cum
2875 5572 2945 5614 eo
2979 5570 3118 5630 ergo
3148 5550 3324 5613 simul
3356 5547 3687 5629 ingreditur

2047 5643 2322 5724 Spiridon
2349 5644 2406 5705 in
2436 5642 2682 5721 regiam,
2710 5643 2976 5706 tenuiter
3004 5640 3324 5703 admodum
3354 5646 3685 5724 ornatusAc-t

2049 5722 2421 5814 simpliciter.
2436 5732 2581 5798 Nam
2597 5732 2775 5799 vestis
2786 5733 3029 5815 quidem
3045 5727 3506 5799 eratadmodum
3528 5722 3676 5797 vilis,
