4132 6412
441 376 560 447 439
1758 385 1922 451 ΜΕΝ
1928 386 2042 450 SIS
2080 386 2099 451 l

2185 386 2512 452 CEMBER.
3702 382 3824 454 440

437 520 502 581 in
524 536 704 581 manu
724 528 924 583 autem
950 518 1211 583 habebat
1225 518 1446 599 virgam
1474 538 1543 584 ex
1567 522 1851 601 palma,et
1877 523 2084 583 tiaram

2185 520 2376 602 ιεφαλη
2415 535 2430 551 ⁸
2487 521 2616 600 πρὸς
2673 518 2729 578 δὲ
2789 520 2879 578 καὶ
2934 515 3202 599 ἀγγιίδιόν
3242 540 3296 577 τι
3347 528 3639 597 κεραμεοῦν
3670 520 3830 601 ἑξήρ-

439 607 711 686 gestabat
734 608 795 671 in
822 610 1341 691 capite.Praeterea
1366 628 1506 674 vero
1532 612 1831 672 vasculum
1859 630 2094 692 quoque

2185 633 2315 677 τητο
2370 616 2463 667 τοῦ
2505 608 2805 691 τραχήλου,
2849 608 3031 687 ὥσπερ
3073 610 3163 667 οὖν
3222 608 3339 673 ἔθος
3396 623 3516 675 τοῖς
3546 611 3647 679 τὴν
3675 613 3830 690 ἁγίαν

438 699 738 779 quoddam
767 700 949 762 ﬁctile
978 700 1034 761 ei
1063 700 1365 781 pendebat
1389 719 1460 763 ex
1492 700 1671 777 collo,
1707 709 1769 761 ut
1789 702 1917 782 qui,
1943 703 2097 762 sicut

2185 699 2332 757 πόλιν
2389 700 2646 778 οἰκοῦσιν,
2705 699 2883 757 ἔλαιον
2966 707 3060 757 τοῦ
3128 701 3278 756 θείου
3354 701 3581 777 σταυροῦ
3655 703 3830 784 φέρειν

441 806 574 850 mos
606 790 838 871 erat,iis
863 791 963 871 qui
987 797 1250 852 sanctam
1278 790 1625 853 habitabant
1655 790 2096 871 civitatem,sta-

2185 789 2575 866 προῃρημένοις
2588 837 2600 851 .

440 876 649 938 tuisset
679 876 833 940 ferre
862 878 1059 939 oleum
1091 887 1313 940 sanctae
1342 881 1561 942 crucis.

517 965 672 1029 XIX.
708 967 996 1040 Quoniam
1029 976 1225 1032 autem
1259 988 1379 1031 non
1438 970 1578 1031 satis
1609 978 1742 1031 erat
1773 971 2085 1043 tenuitate,

2252 971 2363 1030 ιθι.
2428 966 2577 1025 Ἐπεὶ
2628 965 2683 1023 δὲ
2741 964 2844 1023 ἔδει
2916 967 2994 1042 μὴ
3046 973 3123 1041 τῷ
3193 970 3461 1045 ἀπερίττῳ
3519 972 3683 1046 μόνον
3742 974 3832 1030 καὶ

440 1063 501 1116 et
527 1074 561 1116 a
583 1055 763 1117 rebus
780 1057 1104 1138 superﬂuis
1133 1059 1327 1121 aliena
1350 1059 1752 1140 simplicitate,
1781 1060 1885 1121 sed
1911 1060 2088 1121 etiam

2185 1056 2402 1133 εὖτελεῐ,
2459 1054 2597 1114 ἀλλὰ
2636 1056 2725 1112 καί
2781 1062 2848 1131 τῇ
2904 1057 3038 1133 πρὸς
3098 1058 3190 1124 τὰς
3238 1056 3413 1137 ὕϐρεις
3442 1059 3701 1134 ἐπιεικείᾳ
3738 1063 3831 1119 τὸν

436 1143 501 1205 in
531 1144 794 1209 ferendis
827 1146 1066 1226 injuriis
1092 1148 1506 1211 moderatione
1533 1168 1708 1211 suum
1734 1149 1954 1211 imitari
1979 1150 2090 1211 Do-

2185 1145 2360 1203 ἓαυτοῦ
2406 1146 2684 1213 Δεσπότην
2714 1148 3078 1221 μιμήσασθαι,
3131 1149 3216 1211 εἷς
3248 1171 3330 1212 τις
3391 1150 3498 1206 τῶν
3550 1150 3604 1207 ἂν
3669 1152 3832 1228 βασι-

440 1233 946 1314 minum,quidam
977 1238 1038 1298 in
1070 1240 1398 1319 regia,ejus
1429 1238 1688 1301 irridens
1713 1240 2087 1313 tenuitatem,

2185 1237 2360 1307 λείοις,
2449 1241 2546 1303 τῆς
2630 1234 2894 1299 εὐτελείας
2974 1236 3131 1292 αότὸν
3185 1236 3608 1316 διαμυκτηρίζων
3639 1289 3655 1321 ,
3741 1243 3833 1299 καὶ

440 1332 498 1385 et
526 1323 878 1388 indecorum
932 1344 1065 1388 esse
1104 1327 1427 1397 arbitrans,
1463 1346 1602 1389 eum
1637 1328 1873 1406 ingredi
1898 1328 1958 1389 in
1990 1345 2093 1389 re-

2185 1324 2414 1400 Ξκοσμον
2467 1326 2611 1381 εἶναι
2668 1324 2912 1400 οἰόμενος
2942 1327 3004 1381 τὸ
3045 1329 3117 1388 εἰς
3150 1327 3375 1404 βασιλέα
3403 1328 3574 1393 οὕτως
3631 1330 3833 1410 ἔχοντα

440 1413 596 1493 giam
626 1414 730 1495 qui
761 1416 841 1477 ita
873 1424 1033 1478 esset
1064 1418 1334 1493 vestitus,
1372 1417 1459 1478 illi
1491 1436 1675 1479 sacrae
1725 1418 1979 1479 maxillas
2009 1417 2098 1477 in-

2185 1414 2421 1494 εἰσιέναι,
2481 1416 2770 1493 ῥαπίσματι
2822 1416 2921 1482 τὴν
2980 1417 3122 1495 ἱερὰν
3202 1417 3411 1484 εκείνην
3471 1417 3657 1476 ἔπαισε
3708 1442 3835 1477 σια-

440 1504 626 1565 cussit
652 1503 996 1584 colaphum.
1030 1504 1279 1566 Fulmen
1312 1515 1506 1568 autem
1570 1526 1687 1568 non
1719 1507 1825 1568 l’uit
1882 1525 1914 1567 e
1947 1505 2098 1569 ccelo

444 1593 693 1655 missum
744 1593 804 1656 in
856 1613 993 1657 eum
1025 1597 1124 1675 qui
1159 1604 1565 1677 percusserat,
1601 1597 1706 1658 sed
1742 1597 1797 1657 id
1854 1597 2098 1657 omnino

444 1699 654 1760 passus
687 1690 800 1758 est,
836 1683 941 1761 qui
987 1684 1116 1763 ipse
1174 1704 1414 1767 quoque
1445 1684 1506 1747 in
1560 1686 1757 1765 seipso
1803 1685 2005 1747 divine
2037 1684 2094 1745 id

443 1780 571 1833 erat
602 1789 834 1853 passus.
867 1773 973 1836 Ille
1003 1791 1141 1835 vero
1161 1784 1219 1851 (ο
1242 1792 1599 1854 generosum
1626 1775 1988 1845 animum,et
2017 1772 2091 1836 ad

444 1860 792 1956 patiendum
841 1862 1460 1956 ambitiosissimum!)
1512 1865 1565 1926 ei
1601 1864 1701 1945 qui
1735 1864 2094 1956 ipsum‘aiﬁ-
2121 1905 2157 1956 Β

444 1950 640 2013 ciebat
666 1950 1177 2033 injuria,pra3buit
1200 1962 1258 2015 et
1275 1953 1872 2034 alteram,promptus
1891 1953 1961 2015 ad
1986 1956 2097 2016 Do-

442 2040 723 2103 minicam
760 2041 954 2122 legem
983 2043 1384 2124 implendam:
1413 2051 1494 2118 et,
1529 2061 1594 2105 se
1618 2052 1954 2125 promptum
1990 2062 2098 2105 ex-

442 2129 710 2193 hibendo
740 2130 813 2193 ad
841 2131 1211 2212 patiendum,
1245 2133 1491 2196 vincens
1522 2134 1681 2195 illam
1717 2134 1960 2194 nimiam
1992 2151 2098 2194 ceo

441 2221 738 2284 ieritatem
774 2240 982 2283 manus
1015 2230 1075 2284 et
1099 2222 1688 2302 impudentiamﬂoc
1720 2223 1890 2284 illum
1926 2223 2095 2283 inso—

442 2310 665 2373 lentem
701 2319 760 2372 et
789 2310 1143 2392 injuriosum
1196 2313 1355 2392 cepit
1403 2314 1732 2389 hominem,
1794 2322 1852 2373 et
1885 2330 2096 2388 magno

447 2399 678 2481 pudore
726 2400 945 2477 aﬂ‘ecit,
982 2409 1041 2464 et
1099 2401 1376 2478 maxime,
1411 2402 1568 2482 quod
1612 2409 1932 2482 acceperat
1963 2419 2096 2463 eum

448 2507 583 2551 esse
611 2490 979 2571 episcopum,
1015 2491 1112 2571 qui
1137 2492 1386 2553 aﬂ'ectus
1415 2492 1606 2554 fuerat
1648 2490 1892 2571 injuria.
1928 2490 2100 2553 Unde

448 2580 624 2642 etiam
653 2588 939 2655 mutatus,
962 2581 1026 2642 ﬁt
1054 2581 1108 2642 ei
1136 2582 1411 2663 supplex,
1438 2590 1499 2644 et
1527 2581 1675 2663 petit
1711 2581 1965 2661 veniam,
2001 2582 2098 2641 in-

452 2670 847 2734 consideratae
877 2670 1104 2751 lapsum
1164 2672 1429 2735 audaciae
1475 2689 1686 2733 curare
1733 2670 2105 2733 contendens

449 2760 651 2821 calore
712 2759 1094 2840 paenitentiae.
1158 2760 1264 2824 Ille
1318 2767 1517 2822 autem
1549 2760 1870 2841 (didicerat
1913 2758 2099 2835 enim,

450 2847 784 2912 sicutferre
808 2849 1169 2929 injurias,ita
1189 2850 1390 2913 debita
1416 2854 1729 2913 remittere
1766 2869 1780 2910 :
1812 2850 1934 2910 imo
1965 2866 2101 2911 vero

447 2957 582 3003 cum
644 2939 749 3018 qui
802 2939 915 3021 ipsi
976 2941 1306 3004 molestiam
1362 2940 1661 3021 attulerat,
1721 2937 2099 3001 remunerari

446 3028 652 3109 bonis)
674 3029 872 3092 verbis
894 3030 1111 3113 quibus
1136 3032 1350 3112 potuit,
1382 3049 1518 3093 eum
1558 3030 1756 3093 affecit
1780 3029 2095 3103 beneﬁcio,

449 3121 1126 3201 paterneconsulens,et
1140 3121 1451 3184 meliorem
1469 3121 1525 3182 ei
1542 3120 1800 3183 reddens
1815 3119 2095 3181 animam.

449 3207 575 3282 Quo
606 3209 825 3272 factum
858 3218 972 3291 est,
1000 3219 1063 3273 ut
1092 3212 1190 3292 qui
1222 3210 1379 3292 apud
1410 3212 1837 3292 imperatorem
1877 3210 2104 3289 primos

447 3300 705 3363 honores
722 3298 1094 3377 obtinebant,
1120 3318 1253 3363 eum
1279 3310 1627 3362 reverenter
1658 3316 2101 3381 prosequeren-

448 3401 571 3466 tur,
606 3398 686 3467 et,
720 3398 783 3451 ut
814 3408 920 3471 par
949 3398 1095 3471 erat,
1132 3391 1424 3453 ducerent
1450 3390 1523 3451 ad
1559 3390 2012 3470 imperatorem.

509 3478 784 3542 XX.Non
800 3487 1145 3542 suntautem
1167 3478 2097 3560 prastermittenda,quminterim

453 3577 944 3649 evenerunt,quaa
968 3569 1322 3631 suntstudio
1372 3569 1636 3648 digna,et
1688 3587 1819 3649 quae
1855 3578 2104 3650 possunt

449 3676 720 3734 magnam
752 3660 958 3720 afferre
977 3662 1281 3721 utilitatem
1319 3663 1524 3720 animis
1566 3662 1836 3719 studiosis
1871 3665 2104 3733 sapien-

449 3747 777 3808 tiae.Videns
791 3747 885 3806 ille
900 3762 1323 3821 magnussuum
1349 3748 1699 3821 discipulum
1717 3746 2100 3820 Triphyllium

449 3834 777 3916 perfectum
804 3851 937 3895 mox
957 3832 1309 3908 futurum,et
1327 3834 1381 3894 ei
1403 3833 1755 3907 similem,in
1786 3833 2104 3914 praesentia

447 3946 591 3989 vero
616 3945 685 3989 ea
710 3944 843 4006 quae
873 3926 935 3987 in
972 3925 1193 3987 mundo
1219 3933 1357 3987 sunt
1394 3945 1626 4006 magna,
1653 3935 1711 3988 et
1742 3943 1848 4007 pro
1881 3926 2103 4007 quibus

449 4019 610 4078 multi
626 4034 749 4077 esse
770 4018 1822 4091 contendendumexistimant,magna
1842 4034 1968 4076 esse
1987 4017 2102 4075 exi-

447 4105 817 4181 stimantem,
854 4114 919 4165 ut
946 4107 1044 4185 qui
1071 4113 1232 4167 esset
1256 4105 1451 4167 adhuc
1474 4103 2102 4184 aetatejuvenis,etha-

447 4200 626 4260 beret
646 4202 875 4258 aetatem
898 4194 972 4257 ad
995 4195 1109 4257 hoc
1132 4195 1615 4276 opitulantem,et
1636 4214 1705 4256 ea
1732 4195 1975 4276 quidem
2001 4194 2102 4254 ad-

453 4285 927 4363 mirantem.quae
941 4285 1182 4347 erantin
1201 4286 1389 4367 regia;
1410 4282 2103 4365 vestes,inquam,splen-

450 4376 711 4455 didas,et
732 4375 859 4436 auri
892 4375 1240 4456 nitorem,et
1263 4385 1402 4437 ante
1427 4375 1628 4438 omnia
1646 4374 1888 4455 quidem
1909 4372 2100 4451 ipsum

448 4467 899 4544 imperatorem,
933 4462 1030 4544 qui
1066 4467 1129 4525 in
1163 4465 1402 4526 excelso
1434 4464 1678 4545 quidem
1715 4461 2100 4543 praesidebat,

449 4552 933 4632 conspiciebatur
963 4570 1100 4615 vero
1129 4553 1435 4630 terribilis,
1472 4561 1531 4615 et
1574 4553 1775 4633 specie
1806 4550 2056 4629 insignis
2083 4569 2099 4628 ;

450 4661 585 4707 cum
606 4630 864 4723 propter
910 4642 1037 4704 haec
1067 4643 1270 4704 omnia
1302 4643 1527 4714 videret
1550 4630 1685 4703 eum
1719 4650 1878 4703 stare
1905 4640 2099 4703 subli-
2122 4630 2166 4681 θ

453 4751 608 4795 mem
645 4737 704 4792 et
726 4738 1015 4806 erectum,
1045 4739 1104 4794 et
1124 4732 1290 4814 quasi
1314 4752 1349 4795 a
1371 4751 1437 4795 se
1460 4732 1896 4805 discessisse,ei
1924 4728 2102 4792 veluti

449 4839 727 4884 somnum
760 4821 1018 4896 solvens,
1074 4830 1134 4884 et
1180 4841 1311 4903 quae
1358 4841 1500 4885 vere
1554 4821 1811 4883 habebat
1842 4821 2098 4894 somnia,

453 4929 634 4972 manu
692 4909 938 4992 palpans
984 4920 1044 4973 et
1099 4910 1457 4991 depellens:
1526 4910 1641 4973 Sed
1679 4910 1846 4984 mihi,
1885 4909 2097 4989 inquit,

451 4998 765 5082 Triphylli,
826 4999 995 5062 illum
1057 4999 1251 5081 ipsum
1325 5001 1575 5063 ostende
1632 5000 2100 5078 imperatorem;

452 5107 647 5169 neque
682 5089 842 5150 enim
869 5107 1110 5169 possum
1155 5091 1333 5170 scire,
1369 5090 1645 5172 quisnam
1680 5088 1780 5151 sit.
1821 5087 1875 5148 Is
1905 5096 2102 5149 autem

451 5198 571 5241 non
591 5178 960 5259 intelligens,
987 5180 1131 5257 quid
1148 5198 1396 5258 magnus
1421 5178 1531 5241 sibi
1562 5179 1741 5243 vellet
1763 5177 2047 5258 Spiridon
2086 5195 2100 5239 :

448 5267 560 5331 Hic
582 5274 1104 5350 est,inquit,manu
1127 5270 1450 5333 ostendens
1469 5270 1917 5348 imperatorem:
1949 5266 2105 5339 Quid

450 5366 727 5437 estergo,
760 5361 952 5439 inquit
1009 5359 1317 5440 Spiridon,
1372 5360 1467 5421 hic
1498 5359 1638 5420 aliis
1664 5356 2098 5431 admirabilior,

451 5448 568 5509 nisi
616 5467 749 5510 eum
804 5450 981 5511 etiam
1039 5450 1265 5511 dixeris
1310 5449 1633 5528 justiorem
1668 5450 1744 5509 ob
1780 5447 1993 5509 fastum
2043 5456 2103 5509 et

446 5538 873 5619 splendorem?
901 5538 1030 5601 Non
1060 5557 1228 5620 aeque
1258 5558 1325 5601 ac
1360 5539 1554 5620 quivis
1610 5556 1836 5620 pauper
1868 5538 2103 5617 ignotus

449 5626 758 5704 morietur;
780 5627 1058 5691 similiter
1099 5646 1237 5690 vero
1280 5627 1603 5709 sepulturae
1636 5625 2014 5689 mandabitur
2045 5634 2103 5687 et

444 5717 733 5809 interibit,
762 5718 1039 5781 similiter
1061 5738 1300 5803 quoque
1333 5719 1578 5781 sistetur
1607 5728 1743 5781 ante
1779 5719 2096 5799 incorrup-

2179 1508 2334 1583 γόνα,
2396 1505 2646 1572 Σκηπτός
2677 1503 2731 1559 δὲ
2762 1500 2961 1561 ἄνωθεν
2991 1510 3089 1564 οὒκ
3142 1505 3341 1571 ἐπῆλθε
3404 1508 3540 1567 κατά
3587 1514 3688 1577 τῆς
3742 1516 3834 1567 τοῦ

2181 1596 2470 1657 παίσαντος
2518 1592 2783 1673 κεφαλῆς,
2846 1593 2964 1650 ἀλλ’
3023 1596 3277 1675 ἠνείχετο
3360 1597 3600 1672 πᾶντως,
3661 1601 3689 1655 ὁ
3746 1603 3836 1657 καὶ

2180 1683 2262 1762 ἐφ’
2320 1685 2509 1740 ἑαυτοῦ
2566 1691 2722 1741 τοῦτο
2751 1685 3056 1763 θεοπρεπῶς
3106 1686 3499 1766 ἀνασχόμενος.
3561 1686 3623 1747 '0
3674 1688 3754 1770 δὲ,
3790 1692 3836 1753 ὢ

2177 1779 2276 1840 τῆς
2335 1774 2575 1849 γενναίας
2634 1772 2841 1841 ἐκείνης
2931 1774 3115 1854 ψυχῆς
3176 1776 3270 1832 καί
3339 1778 3471 1854 πρὸς
3525 1780 3586 1834 το
3644 1784 3833 1837 παθεῖν
3892 1794 3897 1797 ’

2180 1861 2646 1942 φιλοτιμοτέτηςί
2721 1863 3027 1942 παρεχώρει
3112 1866 3201 1921 καὶ
3287 1870 3384 1933 τῆς
3489 1868 3671 1943 ἑτέρας
3759 1878 3837 1944 τῷ

2179 1950 2424 2031 ὑϐριστῇ,
2485 1951 2777 2030 πληρωτὴς
2852 1953 2927 2010 ὢν
2997 1955 3256 2031 εὐτρεπὴς
3333 1965 3427 2015 τοῦ
3513 1966 3839 2018 Δεσποτικοῦ

2182 2044 2366 2117 νόμου,
2415 2043 2503 2098 καὶ
2547 2049 2707 2099 νικῶν
2750 2045 2818 2120 τῇ
2851 2044 2986 2119 πρὸς
3019 2046 3081 2100 τὸ
3124 2044 3360 2125 πάσχειν
3406 2046 3684 2122 ἑτοιμασίᾳ
3738 2052 3837 2118 τὴν

2180 2133 2437 2210 περιττὴν
2521 2132 2721 2189 ἐκείνου
2802 2131 3104 2213 ὀξυχειρίαν
3163 2136 3251 2190 καὶ
3308 2137 3635 2210 ἰταμότητα.
3706 2139 3838 2199 Εἷλε

2182 2229 2336 2277 τοῦτο
2377 2222 2467 2277 τὸν
2510 2219 2783 2301 ὑϐριστὴν,
2817 2225 2906 2279 καὶ
2952 2224 3187 2302 ἰσχυρῶς
3239 2222 3603 2302 ὲδυσώπησεν,
3664 2228 3838 2297 ἄλλως

2180 2330 2237 2367 τε
2310 2309 2366 2367 δὲ
2423 2313 2505 2366 καί
2579 2312 2641 2367 τὸ
2697 2314 2891 2387 μαθεῖν
2957 2313 3252 2369 επίσκοπον
3324 2318 3466 2371 εἶναι
3532 2320 3623 2373 τὸν
3684 2316 3835 2396 ὕϐρι-

2181 2399 2390 2461 σθέντα,
2448 2398 2608 2457 ’Ὅθεν
2662 2398 2727 2467 δὴ
2790 2403 2876 2458 καὶ
2954 2399 3295 2477 μεταϐαλὼν,
3353 2404 3539 2472 ἱκέτης
3616 2412 3837 2484 γίνεται,

2185 2491 2278 2545 καί
2326 2488 2650 2567 συγγνώμην
2737 2492 2988 2567 αἰτεῖται,
3044 2489 3309 2566 ὀλίσθημα
3366 2496 3587 2571 θράσους
3643 2498 3837 2576 ἀπερι-

2189 2577 2419 2636 σκέπτου
2487 2580 2774 2655 θερμότητι
2846 2581 3129 2655 μετανοίας
3203 2586 3516 2661 θεραπεῦσαι
3592 2586 3836 2663 φιλονει-

2187 2670 2317 2731 κῶν,
2395 2668 2493 2726 Καὶ
2578 2666 2662 2747 ὅς,
2751 2670 3030 2744 μεμάθηκε
3113 2673 3213 2750 γὰρ
3269 2672 3447 2738 ὥσπερ
3504 2674 3596 2735 τὰς
3654 2671 3829 2752 ὕϐρεις

2186 2758 2383 2837 φέρειν,
2447 2757 2609 2822 οὕτως
2666 2758 2877 2840 ἀφιέναι
2918 2761 3006 2816 καὶ
3063 2761 3130 2817 τὰ
3169 2759 3474 2842 ὀφλήματα,
3522 2760 3726 2835 μᾶλλον
3773 2761 3828 2819 δὲ

2186 2849 2275 2904 καὶ
2332 2848 2552 2926 ἀγαθοῖς
2604 2848 2908 2923 ἀμείϐεσθαι
2966 2850 3057 2905 τὸν
3110 2848 3470 2926 λελυπηκότα,
3514 2849 3698 2930 λόγοις
3743 2853 3830 2915 οἷς

2183 2951 2339 3017 εἶχεν
2399 2939 2688 3015 εὐεργετεῖ,
2750 2945 3019 3016 πατρικῶς
3091 2940 3432 3019 παραινέσας,
3490 2945 3575 2997 καὶ
3646 2939 3838 3017 βελτίω

2183 3027 2283 3094 τὴν
2342 3026 2500 3083 αὐτοῦ
2560 3030 2748 3107 ψυχὴν
2787 3028 3006 3103 θέμενος
3044 3045 3056 3059 ⁸
3122 3028 3208 3109 ἀφ’
3255 3031 3319 3085 οὗ
3374 3028 3439 3096 δὴ
3490 3033 3578 3087 καὶ
3636 3034 3684 3087 οἱ
3743 3033 3875 3098 τὰς-

2185 3115 2399 3194 πρώτας
2455 3120 2518 3173 ὶκ
2564 3116 2830 3194 βασιλέως
2874 3120 3035 3193 τιμὰς
3093 3118 3366 3198 γέροντες,
3415 3117 3480 3176 δι’
3526 3118 3697 3183 αἰδοῦς
3743 3125 3833 3179 τὸν

2187 3203 2343 3284 ἄνδρα
2392 3206 2727 3287 ποιούμενοι,
2763 3206 3109 3284 προέπεμπός
3142 3229 3199 3265 τε
3229 3210 3318 3265 καὶ
3377 3211 3449 3275 εἰς
3480 3208 3724 3286 βασιλέα,
3758 3214 3831 3275 ὡς

2186 3296 2455 3373 προσῆγον
2489 3299 2580 3376 ᾖν,
2621 3297 2867 3376 δίγουσιν.

2270 3465 2354 3538 K'.
2389 3475 2460 3534 Οὗ
2491 3473 2689 3533 δίκαιον
2744 3474 2800 3533 δὲ
2851 3479 2939 3534 καὶ
2982 3478 3046 3533 τὰ
3088 3477 3284 3553 μεταξὺ
3346 3478 3651 3559 παρελθεῖν,
3688 3477 3837 3546 ἄξιο-

2183 3564 2484 3623 σπούδαστα
2557 3566 2706 3646 ὄντα,
2779 3568 2865 3624 καὶ
2949 3565 3087 3624 πολὺ
3150 3570 3211 3624 τὸ
3286 3568 3557 3648 ὠφέλιμον
3609 3569 3841 3628 ἐνθεῖναι

2185 3668 2308 3720 ταῖς
2338 3654 2647 3735 φιλοσόφοις
2679 3661 2888 3738 ψυχαῖς
2932 3654 3219 3731 δυνάμενα.
3257 3656 3426 3736 Ὀρνῦν
3460 3661 3487 3715 ὁ
3537 3658 3705 3734 μέγας
3751 3661 3841 3717 τὸν

2185 3744 2372 3802 ἑαυτοῦ
2414 3747 2678 3824 φοιτητὴν
2724 3744 3039 3825 Τριφύλλιον
3096 3745 3298 3803 τέλειον
3357 3748 3455 3824 μὲν
3514 3748 3640 3805 ὅσον
3696 3748 3842 3807 οὔπω

2184 3835 2273 3891 καὶ
2328 3834 2443 3891 κατ’
2508 3836 2662 3891 αὺτὸν
2708 3833 2984 3911 ἐσόμενον,
3052 3838 3114 3892 τὸ
3172 3835 3226 3892 δὲ
3285 3840 3372 3894 νῦν
3448 3837 3577 3918 ἕχον
3638 3837 3714 3896 ἔτι
3776 3839 3841 3896 τὰ

2186 3923 2398 4001 μεγάλα
2453 3927 2546 3981 τοῦ
2586 3925 2700 3999 βίου
2742 3926 2830 3981 καὶ
2873 3939 2991 3987 τοῖς
3053 3925 3283 3991 πολλοῖς
3343 3928 3700 4007 περιμάχητα
3760 3928 3839 4002 μὴ

2184 4014 2349 4090 μικρὰ
2408 4014 2552 4070 εἶναι
2582 4012 2940 4093 ὑπειληγότα,
2986 4013 3022 4070 οἳ
3078 4037 3136 4071 τε
3187 4013 3252 4082 δή
3309 4015 3425 4074 νέον
3475 4016 3578 4098 ἔτι,
3611 4018 3699 4074 καὶ
3741 4019 3841 4085 την

2184 4101 2395 4170 ἡλικίαν
2459 4102 2657 4183 ἔχοντα
2716 4104 2846 4180 πρός
2893 4110 3051 4159 τοῦτο
3103 4105 3509 4186 συνᾶιρομένην,
3575 4114 3660 4163 και
3717 4110 3841 4163 θαυ-

2186 4193 2418 4267 μάζοντα
2481 4194 2578 4268 μὲν
2620 4192 2686 4249 τὰ
2729 4192 2781 4248 ἐν
2837 4192 3150 4274 βασιλείοις,
3211 4194 3435 4262 ἐσθῆτας
3496 4218 3636 4276 φημι
3695 4195 3836 4271 λαμ.

2186 4282 2344 4358 πρὰς,
2407 4282 2492 4341 καῖ
2542 4288 2744 4363 χρυσοῦ
2801 4282 3187 4364 περιλάμψεις,
3223 4286 3310 4341 καὶ
3359 4287 3457 4364 πρὸ
3516 4306 3577 4362 γε
3626 4287 3839 4344 πάντων

2186 4371 2342 4428 αὐτον
2398 4372 2491 4429 τὸν
2538 4381 2852 4449 κρατοῦντα,
2888 4372 2971 4453 ἐφ’
3003 4373 3214 4448 ὑψηλοῦ
3255 4376 3353 4449 μὲν
3409 4376 3838 4453 προκαθήμενον,

2186 4458 2406 4540 φοϐερὸν
2464 4459 2516 4517 δέ
2573 4484 2691 4518 τινα
2744 4461 2838 4518 καὶ
2892 4461 3161 4541 περίδοξον
3201 4468 3278 4537 τῷ
3307 4466 3558 4544 σχήματι
3597 4466 3840 4543 καθορώ-

2186 4571 2345 4623 μενον
2373 4569 2391 4588 ·
2436 4552 2522 4607 επὶ
2578 4557 2708 4607 πᾶσι
2768 4551 2973 4616 τούτοις
3021 4553 3289 4632 μετέωρον
3333 4556 3503 4612 αὐτῶν
3548 4557 3687 4630 ὁρῶν
3744 4555 3838 4610 καί

2185 4653 2298 4697 οῖον
2356 4639 2699 4720 ἐξεστηκότα,
2760 4643 2998 4719 καθάπερ
3076 4643 3218 4701 λύων
3289 4644 3432 4718 αὖτῷ
3496 4646 3587 4702 τὸν
3654 4646 3838 4720 ὕπνον,

2182 4728 2276 4785 καί
2328 4727 2416 4794 οὕς
2474 4730 2635 4810 εἶχεν
2663 4730 2800 4808 ῦπαρ
2831 4731 3084 4811 ὀνείρους,
3116 4734 3389 4809 ἁψάμενος
3442 4741 3509 4811 τῇ
3560 4734 3705 4815 χειρί
3753 4736 3839 4791 καὶ

2182 4816 2472 4893 διασείσας,
2506 4817 2654 4876 Ἀλλ’
2686 4818 2833 4894 ἐμοὶ,
2868 4820 2993 4895 ἔφη,
3054 4823 3359 4901 Τριφύλλιε,
3425 4826 3582 4881 αὑτὸν
3632 4823 3840 4879 ἐκεῖνον

2184 4905 2356 4972 δεῖξον
2404 4909 2497 4964 τὸν
2526 4907 2770 4985 βασιλέα.
2823 4908 2954 4968 Οὐδὲ
3004 4912 3103 4989 γὰρ
3161 4910 3304 4973 ὅστις
3364 4913 3515 4974 οὗτος
3567 4912 3681 4993 ἔχω
3725 4932 3840 4986 μα-

2183 5001 2322 5059 θεῖν.
2383 4999 2482 5056 Καὶ
2538 4997 2696 5062 αὐτὸς
2755 5000 2804 5055 τί
2881 5001 2908 5055 ὀ
2976 5002 3145 5079 μέγας
3204 5000 3462 5068 ἠϐούλετο
3506 5002 3583 5077 μὴ
3645 5002 3839 5064 συνείς,

2187 5087 2374 5160 Οὗτος,
2421 5086 2547 5166 ἔφη,
2582 5093 2650 5163 τῇ
2704 5090 2849 5168 χειρί
2903 5087 3071 5155 δείξας
3141 5094 3233 5147 τὸν
3294 5091 3538 5167 βασιλέα.
3610 5094 3671 5151 Τί
3725 5092 3838 5164 οὖν,

2187 5180 2311 5233 εἶπε
2355 5176 2646 5254 Σπυρίόων,
2705 5179 3126 5253 θαυμαστότερος
3187 5180 3338 5245 οὗτος
3400 5186 3505 5237 τῶν
3561 5180 3762 5254 ἄλλων,
3798 5182 3843 5237 εἰ

2186 5266 2266 5342 μή
2311 5268 2395 5324 καὶ
2455 5265 2776 5343 δικαιότερον
2835 5268 2990 5324 αὐτὸν
3049 5269 3228 5335 εἴποις
3313 5270 3419 5327 ἀπὸ
3475 5277 3567 5327 τοῦ
3629 5272 3842 5346 κόμπου

2187 5358 2276 5411 καὶ
2331 5361 2428 5422 τῆς
2475 5356 2867 5434 περιφανείαςς
2930 5359 3072 5438 Οὖχὶ
3129 5360 3328 5434 ὁμοίως
3388 5359 3484 5429 μὲν
3543 5361 3631 5417 καὶ
3682 5362 3841 5424 αὐτὸς

2186 5444 2384 5523 ἆγνῶτι
2442 5444 2629 5511 πένητι
2690 5449 2775 5501 καὶ
2823 5446 3156 5522 ἠμελημένῳ
3187 5447 3549 5524 τεθνήξεταις
3608 5449 3842 5524 Ὀμοίως

2185 5534 2238 5590 δὲ
2294 5535 2446 5614 τάφῳ
2504 5531 2932 5612 παραδοθήσεται
2993 5540 3080 5594 καὶ
3160 5542 3373 5616 φθορᾷ;
3450 5538 3845 5615 παραπλησίως

2184 5620 2239 5679 δὲ
2292 5630 2369 5697 τῷ
2422 5620 2699 5697 ἀδεκάστῳ
2754 5631 2910 5704 κριτῇ
2967 5627 3419 5705 παραστήσεται;
3472 5628 3625 5686 Τίτᾶ
3653 5629 3846 5705 ῥέοντα

2184 5715 2255 5779 ὡς
2328 5714 2536 5781 ἐστῷτα
2592 5719 2773 5790 τιμᾷς,
2859 5719 2946 5787 καὶ
3034 5718 3097 5773 τὰ
3155 5716 3322 5794 μηδὲν
3380 5718 3503 5776 ὄντα
3575 5720 3846 5794 θαύματος
