4132 6418
345 405 483 483 141
1645 406 1834 475 VITA
1877 405 1938 470 S.
1985 406 2055 471 SI

2144 397 2468 472 RIDONIS.
3641 396 3762 474 442

359 549 557 623 ἀξιοις,
616 544 786 626 παρὸν
839 543 907 603 τὰ
955 541 1088 602 κολα
1137 540 1342 620 μᾶλλον
1396 549 1585 614 ζητεῖν
1613 543 1702 599 καὶ
1730 539 1904 618 ἀΐδια,
1936 542 2055 600 mil

2144 559 2232 602 um
2255 539 2522 618 jutlicem
2549 539 2580 602 ?
2611 538 2729 603 Cur
2757 559 2891 623 quae
2916 541 3129 615 fluunt,
3156 548 3435 625 tanquam
3466 560 3596 625 qua;
3628 549 3768 606 sunt

361 642 466 703 τῖς
497 640 766 718 ἀφθάρτου
795 641 883 692 καὶ
914 635 1152 714 οὖρανὲου
1181 633 1336 702 δόξης
1368 635 1537 708 μόνης
1572 633 1715 710 ἐρᾷν,

2145 631 2368 703 tabilia,
2403 631 2660 694 honorae
2688 651 2703 709 ;
2727 643 2784 694 et
2816 653 2947 707 quae
2979 634 3125 696 nihil
3162 646 3322 715 sunt,
3349 634 3534 696 habes
3565 638 3623 695 in
3653 634 3766 697 ad-

367 729 712 806 mit-aliene,
747 744 884 788 cum
917 725 1056 784 licet
1089 723 1286 804 potius
1321 741 1390 784 ea
1424 740 1556 802 quae
1585 730 1724 783 sunt
1753 718 2021 784 materiae
2047 720 2316 801 expertia
2347 729 2406 782 et
2435 730 2678 797 aeterna,
2710 741 2999 804 quaerere,
3038 732 3095 785 et
3117 723 3364 803 gloriam
3407 743 3607 786 amare
3639 743 3766 788 cce-

367 812 606 890 lestem,
641 817 703 878 in
737 833 913 896 quam
946 833 1066 875 non
1104 813 1262 875 cadit
1294 809 1627 874 interitus?
2796 813 2804 817 ’

454 908 586 971 KA'.
645 909 738 966 Ἐν
795 909 842 980 ᾧ
896 904 952 961 δὲ
1000 906 1132 982 πρὸς
1182 907 1274 960 τὸν
1305 901 1624 982 Τριφύλλιον
1656 901 1807 980 ἔλεγε
1836 907 2024 971 ταῦτα,

2191 899 2351 964 XXI.
2391 901 2534 964 Cum
2570 902 2698 963 haec
2729 910 2925 964 autem
2962 902 3194 965 diceret
3224 901 3770 986 Triphyllio,impe-

359 1004 394 1059 ὁ
446 997 701 1077 βασιλεὺς
754 996 806 1062 ἐξ
865 995 1108 1052 ἀπόπτου
1165 1002 1257 1053 τοῦ
1314 993 1556 1070 βήματος
1617 990 1894 1049 ἐπιϐάλλει
1953 997 2030 1064 τῷ

2145 1000 2273 1052 ator
2295 1009 2366 1052 ex
2397 991 2634 1052 excelso
2663 991 2939 1054 tribunali
2966 999 3025 1054 in
3057 1002 3326 1055 sanctum
3359 994 3601 1073 conjicit
3633 1015 3774 1058 ocu-

361 1094 508 1164 δσὶῳ
565 1089 690 1151 τοὺς
744 1085 1065 1159 δφθαλμούς·
1139 1085 1228 1141 καὶ
1297 1088 1484 1163 πρῶτα
1561 1083 1657 1156 μὲν
1743 1084 1898 1141 αὐτὸν
1967 1083 2030 1138 τὸ

2144 1097 2249 1142 os:
2288 1090 2340 1141 et
2380 1081 2634 1160 primum
2695 1082 2936 1162 quidem
2984 1100 3120 1145 eum
3157 1083 3490 1144 attrahebat
3533 1085 3774 1150 habitus

370 1184 564 1258 σχῆμα
595 1179 685 1234 καὶ
715 1179 749 1245 ἡ
780 1173 1020 1242 ἀναϐολὴ
1069 1174 1364 1241 ἐπεσπᾶτο,
1419 1180 1491 1249 τῇ
1551 1174 1798 1250 ὁραθείσῃ
1853 1177 2030 1251 μορφῇ

2144 1179 2172 1230 ει
2218 1170 2494 1231 amictus.
2529 1172 2757 1243 formae,
2791 1191 2921 1251 quae
2975 1173 3099 1234 visa
3138 1173 3350 1248 fuerat,
3384 1175 3768 1239 conveniens.

373 1267 686 1326 συνάόουσα·
751 1264 890 1323 οὕτω
946 1266 1047 1342 γὰρ
1103 1263 1273 1320 ἐδόκει
1323 1264 1414 1319 καὶ
1469 1262 1594 1338 ὄναρ
1627 1267 1771 1336 αὐτῷ
1800 1261 2030 1328 ἐπιστῆ-

373 1381 481 1436 ναι,
518 1358 606 1413 καὶ
637 1357 704 1424 ἦν
736 1356 908 1412 πάντα
938 1353 1003 1421 δὴ
1036 1355 1100 1410 τὰ
1156 1353 1310 1432 αὖτὰ,
1369 1354 1404 1420 ἡ
1461 1350 1672 1428 ῥάϐδος,
1705 1353 1741 1419 ἡ
1801 1352 1944 1428 παρὰ
1973 1352 2036 1406 τὸ

371 1448 738 1526 ἐξηρτημένον
803 1455 896 1504 τοῦ
966 1443 1244 1524 τραχήλου
1322 1449 1510 1504 σκεῦος
1580 1443 1671 1498 καὶ
1739 1445 1774 1510 ἡ
1841 1439 2032 1510 στολή.

374 1540 593 1598 Τούτων
684 1535 782 1610 μὲν
847 1534 934 1591 οὖν
1006 1533 1150 1594 εὐθὺς
1233 1533 1445 1590 αὖτοθεν
1516 1531 1743 1608 ἀνέγνω·
1822 1533 1916 1588 τὸν
1983 1529 2038 1585 δὲ

377 1625 696 1708 Τριφύλλιον
728 1625 822 1682 οὒκ
852 1623 1012 1703 εἶχεν
1068 1622 1214 1687 ὅπως
1274 1621 1497 1679 εἶκοίσοι·
1563 1619 1679 1678 οὐδὲ
1739 1622 1840 1700 γὰρ
1872 1619 2039 1695 ἔμελ-

382 1718 476 1773 λεν
550 1717 693 1788 αὒτῷ
768 1713 1212 1791 περιεργάσασθαι
1279 1712 1378 1778 τὴν
1438 1709 1596 1767 ἰδέαν·
1667 1711 1781 1767 ἐπεὶ
1854 1717 2038 1768 τοῦτον

2116 1259 2217 1322 Sic
2243 1261 2401 1320 enim
2433 1262 2587 1321 visus
2613 1261 2807 1323 fuerat
2829 1262 2882 1322 ei
2914 1263 3125 1324 adesse
3154 1263 3214 1324 in
3245 1265 3492 1333 somnis,
3514 1274 3574 1326 et
3604 1271 3774 1326 erant

2120 1351 2320 1411 omnia
2351 1350 2587 1424 eadem,
2622 1351 2808 1428 virga,
2838 1352 3010 1424 tiara,
3041 1371 3146 1414 vas
3175 1371 3209 1414 e
3240 1352 3392 1414 collo
3424 1353 3774 1432 dependens

2121 1450 2181 1503 et
2210 1442 2415 1502 vestis.
2455 1439 2601 1501 Eu'n
2637 1459 2779 1520 ergo
2811 1442 3008 1502 statim
3034 1443 3316 1521 ,cognoxit
3349 1462 3414 1505 ex
3445 1444 3607 1520 alto;
3640 1443 3775 1506 Tri-

2123 1531 2409 1612 phyllium
2462 1540 2659 1592 autem
2715 1551 2833 1593 non
2885 1541 3119 1610 poterat
3175 1532 3526 1613 conjicere;
3579 1551 3776 1614 neque

2123 1621 2282 1682 enim
2315 1619 2558 1682 curabat
2587 1621 2718 1701 ejus
2739 1623 2982 1702 specien
3007 1624 3239 1684 curiose
3260 1623 3592 1703 inquirere.
3619 1641 3774 1703 quo-

2122 1711 2280 1772 niam
2327 1728 2462 1771 eum
2511 1729 2628 1772 non
2661 1711 2896 1772 videbat
2925 1713 3297 1794 episcopum,
3331 1717 3482 1774 sicut
3512 1729 3779 1774 sommus

392 1808 676 1864 ἐπίσκοπον
734 1807 835 1884 οὔχ
896 1803 1056 1880 ἐώρα,
1115 1802 1352 1879 καθάπερ
1410 1802 1455 1856 οἱ
1513 1800 1666 1858 ὕπνοι
1726 1800 1884 1857 αὐτὸν
1955 1799 2038 1856 δι-

2144 1801 2178 1860 ei
2250 1800 2644 1876 signiﬁcabat.
2711 1800 3113 1874 Quamobrem
3175 1803 3373 1864 statim
3437 1820 3689 1882 surgens
3748 1820 3783 1865 e

787 1894 904 1950 ὅθεν
965 1892 1061 1949 καῖ
1120 1901 1214 1950 τοῦ
1277 1893 1462 1969 Θρόνου
1536 1890 1875 1969 παραχρῆμα
1961 1887 2045 1946 δι-

2144 1889 2292 1962 sede,
2329 1889 2484 1951 vadit
2512 1891 2582 1951 ad
2618 1909 2892 1968 magnum
2942 1891 3349 1972 Spiridonem.
3404 1892 3782 1955 Desiderium

398 1986 656 2065 αναστὰς²
689 1998 853 2064 χωρεῖ
878 1985 1010 2061 πρὸς
1037 1984 1127 2039 τὸν
1167 1981 1356 2058 μέγαν·
1422 1980 1458 2048 ἡ
1520 1983 1619 2058 γὰρ
1675 1980 1918 2055 ἐπιθυμία
1946 1985 2045 2047 τῆς

2144 1979 2286 2041 enim
2306 1983 2732 2058 recuperandae
2762 1983 3028 2044 sanitatis
3053 1982 3300 2044 faciebat
3323 2001 3456 2045 eum
3491 1981 3606 2044 alia
3629 2001 3780 2045 con-

387 2074 736 2153 ἆναρῥώσεως
783 2080 890 2130 τῶν
945 2072 1126 2129 ἄλλων
1185 2072 1351 2130 ἐποίει
1406 2084 1784 2152 καναφρονεϊν.
1819 2068 2040 2143 Ἀμέλει

2144 2087 2421 2130 ;θωηθι·ο.
2448 2068 2843 2148 Splendet-em
2861 2072 3489 2151 certeimpeiatorium
3507 2079 3564 2132 et
3589 2075 3784 2151 impe-

379 2168 471 2222 καί
528 2164 805 2241 βασιλικόν
867 2163 1050 2241 ὄγκον,
1109 2164 1200 2219 καὶ
1255 2164 1318 2218 τὸ
1375 2163 1471 2228 τῆς
1537 2162 1717 2240 ἀργῆς
1786 2161 2036 2238 μέγεθος,

2144 2159 2195 2221 'ii
2227 2161 2700 2240 magnitudinem
2721 2171 3086 2243 postponens
3117 2164 3330 2226 honori
3359 2163 3553 2241 magni
3579 2161 3784 2244 Spiri-

377 2256 547 2334 μικρὰ
608 2256 695 2311 καὶ
754 2251 966 2328 δεύτερα
1023 2257 1121 2319 τῆς
1182 2254 1314 2331 πρὸς
1373 2257 1461 2308 τὸν
1515 2251 1685 2328 μέγαν
1738 2256 1900 2324 τιμῆς
1948 2251 2038 2306 Θέ-

2144 2249 2322 2323 lonis,
2343 2251 2738 2312 seailmodum
2767 2254 3073 2315 humiliter
3091 2266 3149 2315 et
3171 2253 3401 2332 abjecte
3428 2253 3487 2314 in
3512 2272 3646 2315 eum
3671 2271 3780 2331 ge-

380 2367 567 2417 ιιενος,
629 2345 765 2401 πάνυ
812 2340 1010 2407 ἀδόξως
1073 2341 1216 2415 αἱ)τῷ
1272 2342 1360 2398 καὶ
1417 2346 1683 2404 ταπεινῶς
1745 2340 2041 2420 προσφέρε-

2144 2340 2226 2419 fit,
2257 2341 2584 2401 humilitate
2614 2351 2856 2422 captans
2890 2343 3364 2405 misericordiam
3383 2353 3442 2405 et
3459 2341 3783 2404 ostendens

387 2456 504 2512 ται,
562 2434 872 2511 θηρώμενος
943 2431 1132 2488 οἶκτον
1211 2436 1280 2507 τῇ
1349 2429 1606 2501 εὐτελείᾳ,
1677 2431 1762 2487 καὶ
1841 2428 2043 2492 δεικνὺς

2144 2441 2414 2507 quantum
2469 2431 2695 2492 intersit
2734 2432 2891 2494 inter
2922 2451 3125 2512 regem
3163 2435 3261 2513 qui
3296 2441 3386 2494 est
3415 2433 3485 2494 ad
3522 2444 3779 2510 tempus,

389 2525 514 2580 ὅσον
545 2526 599 2579 τὸ
631 2525 794 2597 μέσον
847 2521 1192 2594 προσκαίρου,
1251 2520 1414 2599 φημὶ,
1480 2518 1742 2596 βασιλέως
1803 2520 1890 2575 καὶ
1946 2520 2047 2575 ἆνε-

2144 2535 2186 2580 et
2223 2539 2357 2581 eum
2384 2521 2484 2598 qui
2517 2521 2696 2582 servit
2728 2521 2869 2601 Regi
2907 2535 3150 2585 aeterno.
3194 2523 3297 2585 [lle
3329 2543 3468 2604 ergo
3500 2521 3784 2585 inclinato

391 2613 510 2690 δρὸς
570 2615 796 2669 Βασιλεῖ
867 2609 1203 2671 δοδλεῦοντος
1277 2610 1494 2682 αἰωνίῳ.
1571 2601 1888 2673 ’Υποκλίνας
1960 2609 2050 2666 οὖν

2144 2611 2329 2688 capite
2362 2611 2557 2689 placat
2588 2627 2722 2672 eum
2764 2612 3064 2693 lacrymis.
3101 2623 3157 2675 et
3195 2615 3324 2693 ejus
3377 2601 3612 2689 petebat
3643 2630 3786 2694 pre-

385 2703 574 2776 ἐκείνῳ
636 2703 736 2769 τὴν
791 2699 1154 2780 κεφιλὴν,σὺν
1214 2699 1460 2777 δάκρυσιν
1517 2697 1748 2772 ἱλεοῦτο,
1813 2701 1903 2756 καὶ
1953 2699 2052 2766 τὴν

2144 2717 2261 2771 res,
2297 2708 2572 2780 tanquam
2619 2701 3043 2763 validissimam
3078 2703 3320 2778 aliquod
3377 2702 3787 2764 medicamen-

383 2794 565 2873 εὖχήν
623 2794 798 2863 ἐζήτει
857 2791 957 2856 τὴν
1017 2789 1138 2867 παρ’
1202 2791 1381 2867 αὖτοῦ,
1432 2789 1667 2866 καθάπερ
1696 2810 1746 2844 τι
1777 2789 2055 2868 φάρμακον

2144 2796 2289 2866 tum,
2316 2790 2472 2867 quod
2502 2808 2740 2852 omnem
2770 2793 3098 2853 molestiam
3129 2801 3321 2874 potest
3341 2791 3512 2854 facile
3532 2793 3784 2855 solvere.

387 2877 806 2962 ἰσχυρότατον,
847 2877 1037 2958 ῥᾳδίως
1106 2878 1248 2935 λύειν
1320 2877 1630 2952 δυνάμενον.
1697 2880 1792 2941 Ὠς
1862 2881 1950 2934 οὖν
2021 2880 2055 2945 ἦ

2144 2880 2460 2958 Postquam
2495 2897 2637 2958 ergo
2671 2899 2884 2941 manus
2917 2882 3074 2942 illius
3101 2883 3289 2960 tetigit
3316 2891 3490 2962 caput
3523 2882 3787 2963 impera-

398 2976 522 3053 χεὶρ
553 2973 757 3028 ἐκείνου
783 2975 882 3037 τῆς
913 2977 1006 3025 τοῦ
1065 2968 1330 3045 βασιλέως
1389 2966 1592 3035 ἥπτετο
1648 2966 1914 3046 κεφαλῆς,
1971 2969 2055 3024 καῖ

2145 2968 2315 3041 toris,
2352 2970 2546 3030 statim
2581 2969 2812 3049 fugatus
2839 2982 2933 3033 est
2969 2971 3235 3048 morbus,
3272 2982 3329 3034 et
3357 2971 3652 3034 convaluit
3681 2972 3789 3034 im-

397 3065 431 3132 ἡ
491 3063 645 3125 νόσος
701 3058 1042 3140 παραχρῆμα
1107 3056 1476 3138 ἐφυγαδεύετο,
1551 3058 1640 3113 καὶ
1711 3059 1740 3114 ὁ
1809 3055 2057 3134 βασιλεὺς
2143 3068 2404 3139 perator.

392 3154 479 3211 ἆνε
487 3153 746 3233 ρώννυτο.

397 1898 682 1968 adp-Itum:
715 1918 727 1929 '

469 3241 602 3303 KB'.
644 3241 730 3302 Τίς
763 3237 824 3294 ἂν
857 3241 922 3295 τὰ
952 3237 1036 3295 ἐπὶ
1068 3237 1272 3295 τούτοις
1303 3243 1410 3294 τῶν
1442 3237 1718 3312 παρόντων
1768 3238 1855 3294 καὶ
1900 3239 2058 3294 αὒτοῦ

2218 3237 2402 3302 XXII.
2428 3239 2732 3320 Quisquae
2759 3251 2963 3324 postea
2986 3253 3304 3306 consecuta
3325 3251 3484 3324 sunt,
3501 3241 3788 3324 narrabit,

378 3331 655 3410 βασιλέως
674 3327 1057 3407 ἑκδιηγήσαιτο
1083 3347 1100 3408 ς
1134 3327 1280 3391 ὅπως
1310 3326 1436 3389 παρ’
1461 3327 1595 3392 ὅλην
1625 3324 1689 3393 δὴ
1721 3327 1822 3393 τὴν
1853 3327 2055 3405 ἡμέραν

2144 3348 2348 3389 eorum
2383 3330 2485 3405 qui
2517 3331 2786 3407 aderant,
2812 3343 2870 3396 et
2901 3333 3091 3413 ipsius
3121 3334 3498 3414 imperatoris
3529 3332 3790 3394 laetitiam

385 3423 581 3492 ἑορτὴν
609 3421 768 3498 ἦγον,
799 3421 886 3476 καὶ
919 3429 1107 3490 μικροῦ
1157 3417 1435 3495 ἱσκίρτων,
1495 3417 1584 3472 καὶ
1641 3417 1889 3472 κάθεκτοι
1949 3414 2054 3474 οὐδ’

385 3511 533 3575 ὅλως
563 3508 654 3589 ἕνθ’
682 3507 880 3577 ἡδονῆς
914 3507 1231 3586 ἐτύγχανον’
1283 3507 1446 3581 μόνος
1498 3504 1770 3583 Σπορίδων
1827 3506 1882 3564 ἐν
1940 3520 2058 3570 τοῖς

396 3603 643 3657 ἁπάντων
703 3597 944 3679 χείλεσιν
1004 3599 1200 3659 ἔκειτο,
1257 3593 1529 3674 Σπυρίὸων
1586 3595 1838 3654 ἐκαλεῖτο
1871 3599 2054 3671 μόνος,

407 3688 669 3764 Σπῦρίδωδ
737 3691 964 3764 ἑωρᾶτο.
1031 3684 1300 3764 Σπορίδων
1359 3687 1424 3754 ἧν
1483 3693 1612 3742 πᾶσι
1662 3689 1722 3742 τὸ
1771 3685 2059 3757 σπουδαζό-

411 3800 596 3854 μενον.
642 3766 749 3857 Ἆρ’
811 3778 900 3835 οὗν
959 3778 1021 3834 τὸ
1078 3778 1176 3852 μὲν
1236 3782 1392 3848 σῶμα
1450 3783 1528 3850 τῷ
1569 3775 1783 3852 βασιλεῖ
1841 3776 2056 3856 ἕῤῥωτο·

411 3872 474 3925 τὸ
505 3867 665 3926 δὲκαὶ
693 3871 786 3936 τὴν
839 3868 1024 3946 ψυχὴν
1080 3868 1237 3924 αὒτὸν
1285 3867 1449 3943 ὑγιῶς
1511 3865 1684 3945 ἔχειν,
1749 3868 1822 3931 ὡς
1872 3868 2060 3942 μικρὸν

405 3981 456 4016 τι
513 3957 954 4037 καὶ,παροπτέον
1013 3962 1090 4029 τῷ
1119 3957 1283 4032 ἱατρῷ
1342 3952 1762 4033 παρεὸλὲπετοτ,
1822 3958 1908 4012 καὶ
1964 3965 2065 4015 ποῦ

403 4049 561 4106 τοῦτο
590 4050 688 4114 τῆς
738 4050 881 4125 ἱερᾶς
914 4046 1114 4103 ἐκείνου
1150 4044 1375 4125 ψυχῆςς
1439 4043 1608 4102 Ἀλλὰ
1659 4050 1749 4102 καὶ
1805 4049 1975 4122 ταύτῃ
2003 4051 2064 4104 τὸ

398 4137 749 4205 κατείλληλον
831 4137 1046 4201 παντως
1131 4135 1284 4192 ἐτίθει
1360 4135 1661 4213 φάρμακονο
1765 4141 2065 4212 μεμνῆσθαι

397 4229 501 4306 μὲν
560 4229 658 4295 τῆς
723 4227 1021 4306 εὐεργεσίας
1079 4228 1171 4282 τοῦ
1232 4233 1363 4284 Θεοῦ
1420 4224 1769 4304 παραινέσας,
1815 4227 1960 4282 εἶναι
2012 4227 2067 4283 δὲ

395 4321 489 4376 καὶ
549 4319 683 4396 πρὸς
749 4320 868 4382 τοὺς
923 4318 1028 4373 ὑπὸ
1086 4328 1274 4395 χεῖρα,
1337 4328 1456 4378 τοῖς
1519 4316 1771 4371 πταίουσι
1822 4317 1919 4390 μὲν
1973 4318 2066 4373 καί

394 4408 735 4474 λελυπηκόσι
804 4407 1244 4486 συγγνωμόνικὸν
1316 4427 1374 4462 τε
1449 4405 1538 4462 καὶ
1609 4403 1802 4487 ἵλεων,
1853 4419 1971 4471 τοῖς
2021 4406 2067 4463 δ’

394 4499 580 4562 ἄλλως
640 4497 859 4579 ἔχουσιν
925 4499 1259 4577 εὒεργετικὸν
1327 4495 1417 4553 καὶ
1489 4493 1808 4574 φιλόδωρον,
1845 4511 1966 4558 τοῖς
2013 4489 2068 4554 δὲ

395 4593 488 4646 καὶ
544 4595 653 4644 τῶν
725 4587 1026 4666 ἀναγκαίων
1111 4585 1486 4663 ἐστερημένοις
1572 4587 1810 4665 πατρὸς³
1886 4591 2068 4653 αὐτοῖς

2143 3419 2646 3499 quemadmodum
2673 3431 2792 3483 toto
2815 3423 2912 3484 die
2945 3424 3154 3486 festum
3185 3424 3460 3502 agebant,
3495 3432 3551 3484 et
3581 3441 3796 3504 prope-

2144 3508 2386 3569 modum
2414 3511 2792 3586 exsiliebant,
2821 3526 2876 3574 et
2917 3531 3113 3595 neque
3134 3531 3199 3575 se
3233 3533 3353 3596 prae
3382 3514 3599 3592 gaudio
3621 3523 3795 3594 pote-

2143 3602 2648 3664 rautcontinere?
2677 3605 2857 3666 Solus
2891 3604 3169 3683 Sp'ridon
3203 3613 3327 3665 erat
3357 3605 3416 3666 in
3451 3602 3628 3666 labris
3659 3622 3794 3664 om-

2145 3689 2747 3768 nium,aspiciebatur
2775 3695 3054 3773 Spiridon
3087 3713 3102 3769 ;
3133 3703 3260 3756 erat
3291 3695 3372 3764 ili,
3407 3694 3562 3775 quod
3595 3693 3794 3754 studio

2147 3793 2265 3840 erat
2304 3779 2611 3844 omnibus.
2648 3784 2998 3861 Imperatori
3031 3784 3228 3863 itaque
3259 3785 3359 3844 fuit
3392 3784 3636 3860 quidem
3661 3800 3796 3843 cor-

2149 3886 2258 3945 pus
2293 3868 2629 3930 restitutum
2663 3873 2895 3933 sanitati
2933 3894 2947 3954 ;
2983 3882 3047 3934 ut
3076 3883 3272 3935 autem
3308 3891 3452 3932 sana
3479 3881 3634 3933 esset
3667 3872 3796 3952 ejus

2147 3959 2663 4038 anima,numquid
2693 3974 3006 4040 utparvum
3036 3971 3137 4025 eta
3168 3963 3398 4024 medico
3414 3971 3800 4024 contemnen-

2148 4047 2314 4126 dum,
2340 4046 2445 4107 fuit
2465 4049 3160 4128 despectum?Quomodo
3185 4071 3319 4114 vero
3344 4053 3454 4113 hoc
3480 4053 3688 4114 fuisset
3711 4051 3798 4113 di-

2150 4154 2328 4215 gnum
2345 4151 2720 4200 sacrosancta
2742 4139 3200 4202 illaauima?Sed
3226 4142 3279 4202 ei
3295 4160 3540 4219 quoque
3554 4143 3797 4204 omnino

2151 4225 2514 4289 conveniens
2565 4230 2838 4291 adhibuit
2870 4230 3398 4310 medicamentum,
3437 4240 3500 4292 ut
3545 4234 3644 4313 qui
3677 4250 3809 4293 sua-

2153 4316 2294 4380 serit
2330 4317 2595 4396 quidem,
2630 4330 2690 4381 ut
2727 4320 3100 4382 meminisset
3133 4321 3234 4382 Dei
3267 4320 3540 4382 beneficii
3569 4342 3584 4396 ;
3619 4322 3680 4382 in
3705 4340 3810 4383 eos

2151 4416 2376 4488 autem,
2405 4411 2503 4490 qui
2538 4409 2670 4490 ejus
2726 4410 3012 4491 parebant
3049 4413 3299 4490 imperio
3331 4409 3402 4471 iis
3433 4408 3674 4490 quidem
3708 4413 3810 4486 qui

2152 4501 2553 4574 oii‘emlebant,
2588 4511 2646 4561 et
2668 4500 2924 4582 aliquam
2949 4501 3282 4562 a-tulerant
3316 4501 3667 4564 molestiam.
3691 4500 3812 4561 cleo

2153 4603 2416 4654 mentem
2450 4610 2514 4652 se
2544 4595 2835 4669 praeberet
2868 4599 2926 4652 et
2976 4590 3425 4651 mistricordem
3458 4609 3472 4669 ;
3515 4589 3587 4650 iis
3638 4608 3806 4669 vero,

397 4680 488 4736 καὶ
517 4675 815 4751 κηδεμόνος
863 4676 1007 4742 τάξιν
1068 4674 1508 4751 ἀποπληροῦντα,
1571 4679 1660 4730 καὶ
1721 4688 1887 4754 χεῖρα
1938 4680 2055 4734 τού-ι

2153 4681 2252 4762 qui
2297 4699 2470 4743 secus
2500 4700 2564 4741 se
2608 4688 2941 4760 gesserant,
2977 4679 3303 4759 benignum
3341 4689 3400 4741 et
3443 4679 3752 4741 liberalem
3789 4700 3808 4756 ;

397 4791 518 4833 τοις
619 4769 707 4825 καὶ
777 4765 1068 4846 σπλᾶγχνα
1156 4764 1640 4844 φιλανθρωπότατα
1711 4763 2064 4846 διανοέγοντα,

2155 4770 2228 4831 iis
2259 4781 2482 4843 autem,
2511 4771 2610 4849 qui
2639 4769 2848 4850 privati
2881 4777 3053 4830 erant
3083 4769 3264 4830 rebus
3291 4768 3675 4844 necessariis,
3713 4787 3811 4850 pa-

398 4859 561 4930 ”an)
623 4859 727 4936 γὰρ
777 4857 884 4914 τῶν
951 4854 1129 4912 ἄλλων
1204 4851 1492 4934 διαφέρεις,
1567 4856 1750 4933 φησὶν,
1824 4865 2055 4915 τοσοῦτο,

2158 4868 2265 4922 tris
2294 4872 2354 4922 et
2385 4859 2676 4921 curatoris
2730 4877 2945 4919 munus
2975 4859 3319 4931 obeuntem,
3361 4875 3719 4938 manumque
3751 4867 3811 4920 et

409 4950 554 5005 εἶναι
613 4969 674 5004 σε
726 4947 840 5028 χρῆ
902 4948 992 5003 καὶ
1043 4946 1145 5013 τὴν
1177 4945 1378 5022 ἀρετὴν
1406 4942 1770 5024 ὑψηλότερον,
1805 4943 1955 5003 Ἐπεὶ
1983 4950 2055 5004 τὸ·

2155 4951 2388 5012 viscera
2444 4949 2514 5009 iis
2548 4949 2976 5028 benignissime
3029 4948 3398 5027 aperientem
3439 4967 3452 5008 :

413 5040 488 5113 μὴ
545 5037 690 5094 οὕτω
744 5038 879 5113 πρῆς
944 5037 1061 5099 τοὺς
1118 5034 1457 5113 ὑποχειρίους
1505 5033 1836 5108 διακείμενον
1892 5036 2076 5108 τύραν.

3511 4946 3806 5020 Quantum

2158 5040 2342 5119 enim,
2397 5038 2611 5118 inquit,
2676 5046 2918 5118 praestas
2975 5041 3230 5116 creteris,
3279 5044 3502 5097 tantum
3566 5044 3622 5096 te
3677 5054 3810 5098 esse

411 5152 495 5186 νον
559 5125 770 5202 μᾶλλον
829 5125 864 5194 ἤ
923 5123 1150 5202 βασιλέα
1208 5122 1396 5180 καλεῖν
1454 5122 1648 5204 δεῖ,οὖ
1685 5129 1784 5191 τῆς
1843 5124 2055 5191 ἐξουσίαι

2158 5139 2391 5210 oporlet
2431 5129 2647 5188 virtute
2678 5127 3089 5188 excelsiorem.
3120 5125 3227 5198 Qui
3263 5125 3425 5187 enim
3461 5145 3576 5186 non
3606 5125 3694 5186 sic
3721 5133 3814 5188 est

406 5218 864 5297 μακαριζόμενον,
976 5214 1111 5274 ἀλλὰ
1205 5220 1305 5281 τῆς
1375 5215 1668 5292 ὑπεροψίας
1754 5214 1936 5274 ἄθλιόν
2008 5240 2055 5296 γε

2153 5220 2396 5280 affectus
2439 5219 2496 5278 in
2527 5215 2852 5297 subjectos,
2888 5231 3201 5298 tyrannum
3253 5223 3486 5295 oportet
3518 5233 3650 5276 eum
3709 5234 3812 5295 p0-

405 5309 734 5390 κρινόμενον
797 5307 886 5363 καὶ
947 5306 1289 5380 μισούμενον.
1355 5303 1477 5361 Ἐπὶ
1534 5310 1664 5360 πᾶσι
1712 5305 1778 5360 τὰ
1827 5308 1944 5386 περὶ
1973 5309 2055 5375 τὴη

2156 5308 2269 5368 tius
2295 5327 2529 5382 vocare,
2559 5326 2734 5390 quam
2767 5307 3188 5390 imperatorem
3217 5329 3232 5377 ;
3271 5307 3370 5386 qui
3402 5325 3520 5366 non
3552 5313 3640 5367 est
3660 5323 3810 5366 cen-

409 5397 682 5457 εὒσέϐειαν
743 5392 979 5474 ἀκριϐῶς
1038 5395 1188 5474 ἔχειν
1247 5393 1498 5473 παρῄνει,
1555 5395 1641 5449 καὶ
1699 5393 1866 5469 μηδὲν
1915 5399 1944 5453 ὃ
1993 5399 2055 5472 μὶ

2159 5396 2381 5459 sendus
2413 5399 2618 5460 beatus
2652 5411 2896 5479 prepter
2925 5405 3302 5476 potestatem,
3328 5396 3433 5456 sed
3469 5394 3568 5474 qui
3601 5411 3811 5456 cense-

405 5489 558 5548 δοκεϊ
623 5493 693 5565 τῇ
753 5493 849 5543 τοῦ
909 5493 1042 5542 Θεοῦ
1098 5482 1395 5555 Ἐκκλησία
1451 5482 1586 5560 μηδὲ
1635 5485 1809 5564 βραχὺ
1839 5485 2055 5566 παραδέ.

2163 5495 2261 5549 tur
2320 5490 2502 5550 miser
2556 5497 2613 5548 et
2662 5488 2797 5548 odio
2851 5486 3106 5548 habetur
3177 5493 3418 5566 propter
3463 5481 3809 5564 superbiam

408 5585 623 5662 χεσθκι,
662 5579 762 5637 Καὶ
793 5576 958 5633 ταῦτα
991 5573 1089 5648 μὲν
1119 5577 1147 5629 ὁ
1176 5574 1370 5651 μέγας.
1491 5659 1502 5662 Δ
1585 5659 1595 5662 Α

2160 5575 2470 5639 Postremo
2527 5579 2876 5639 adhortatus
2908 5585 3018 5651 est,
3054 5582 3115 5637 ut
3165 5578 3724 5662 accurategtenere‘t
3752 5578 3813 5632 et

405 5649 755 5733 observaret
804 5683 876 5727 ea
904 5681 1039 5748 quze
1080 5649 1383 5740 pertinent
1435 5659 1506 5722 ad
1542 5659 1846 5742 pietatem,
1881 5673 1940 5728 et
2003 5683 2078 5730 ne
2106 5667 2397 5730 tantillum
2439 5667 2680 5751 quidem
2713 5649 3074 5738 admitteret,
3109 5663 3266 5746 quod
3303 5681 3418 5723 non
3450 5660 3556 5726 Dei
3588 5655 3809 5749 proba.-

406 5769 568 5828 retur
598 5757 924 5828 Ecclesiae.
958 5752 1034 5820 Et
1059 5753 1184 5820 haec
1218 5751 1462 5838 quidem
1493 5769 1767 5834 magn-us.
