4132 6426
356 382 478 454 445

1610 380 1694 448 VI
1717 379 1818 445 ΤΑ
1869 376 1931 442 S.
1980 372 2462 445 SPYRIDONIS.

3614 362 3735 447 (s46

332 521 560 603 -εχείρει
627 524 706 595 τῷ
760 514 1017 595 θαύματι,
1097 517 1187 577 καὶ
1236 519 1408 596 ὁρμῆς
1473 516 1689 589 ἥπτετο,
1750 515 2001 584 δεηθῆναι

2096 530 2297 577 rursus
2351 512 2693 579 intuebatur
2740 516 2814 579 ad
2879 512 3349 582 magnitudinem
3405 512 3729 598 petitionis,

352 618 494 670 Θεοῦ
550 611 684 687 πρὸς
727 610 826 677 τὴν
874 615 968 666 τοῦ
1022 607 1207 672 παιδὸς
1256 607 1540 666 ἀναϐίωσιν
1576 625 1592 641 ⁸
1624 611 1781 678 ἡνίκα
1809 605 1864 664 δὲ
1893 608 2005 664 πά-

347 701 446 759 λιν
485 702 617 779 πρὸς
661 702 725 756 τὸ
770 697 993 776 μέγεθος
1052 696 1238 756 ἀπεῖδε
1302 701 1399 768 τῆς
1457 698 1749 779 ἀξιώσεως,
1794 697 2006 774 μέτριος

342 792 432 851 ὢν
474 793 533 848 τὸ
578 789 854 871 φρόνημα,
899 788 997 846 καὶ
1052 790 1153 857 τὴν
1203 788 1419 868 καρδίαν
1461 793 1564 870 οὔχ
1592 788 1785 857 ἥκιστα
1841 787 2006 845 εὒλα-

341 878 476 961 ϐὴς,
521 879 795 961 ὑπεχώρει
870 879 967 936 καί
1040 879 1384 952 ἀνεϐάλλετο,
1448 881 1535 937 καὶ
1591 882 1780 954 ἰταμὸν
1837 877 2007 956 ἔκρινε

338 974 411 1030 τὸ
462 972 792 1051 ἑγχείρημα.
859 970 964 1026 Διά
1017 992 1099 1026 τοι
1156 977 1334 1043 τοῦτο,
1403 969 1697 1045 σύμϐουλον
1754 969 1845 1025 ἕνα
1902 972 2009 1024 τῶν

344 1062 468 1137 μεθ’
559 1061 749 1116 ἑαυτοῦ
842 1059 1283 1136 συμπαραὶαϐεῖν
1367 1059 1528 1137 ἔγνω.
1624 1058 2009 1138 Ἀρτεμίδωρος

347 1152 501 1218 οὗτος
544 1151 637 1230 ἧν,
683 1149 738 1206 ἒν
784 1147 1052 1215 διακόνοις
1109 1149 1225 1226 ἄρτι
1284 1152 1475 1222 τελῶν,
1522 1151 1679 1219 ἀνὴο,
1737 1151 1782 1224 ᾦ
1836 1149 2008 1206 πάντα

353 1242 454 1318 μὲν
513 1242 821 1320 φιλοπόνως
866 1241 934 1295 τά
983 1244 1081 1309 τῆς
1125 1240 1322 1317 ἀρετῆς
1364 1239 1594 1315 ἤσκητο,
1629 1240 1683 1297 ἔν
1713 1238 1846 1296 δέτι
1876 1239 2007 1316 πρὸς

351 1333 529 1396 πάσας
588 1332 732 1403 αύτῷ
792 1330 1079 1409 καθαπερεί
1135 1353 1186 1385 τι
1257 1337 1458 1410 χρῶμα
1501 1331 1676 1388 κοινὸν
1732 1328 2004 1405 ἐκέκρατο,

350 1423 414 1478 τὸ
484 1418 674 1495 μηδενὶ
736 1419 899 1487 δῆλον
984 1419 1245 1495 μηδαμῶς
1321 1424 1674 1496 κατορθοῦντα
1752 1419 2005 1498 γίνεσθαι.

354 1517 552 1569 Τοῦτον
596 1510 688 1565 οὖν
730 1512 758 1566 ὁ
789 1509 934 1571 ὅσιος
966 1508 1124 1588 ἤρετο
1157 1511 1274 1589 περὶ
1334 1516 1428 1569 τοῦ
1470 1511 1521 1567 τί
1577 1509 1778 1581 δήποτε
1840 1531 2008 1574 ποιη-

356 1600 478 1657 τὲον
520 1601 735 1664 αὺτοῖς.
795 1602 893 1658 Καὶ
949 1599 1007 1664 ὅς
1064 1602 1196 1677 πρὸς
1275 1603 1456 1679 αὐτὸν,
1514 1601 1544 1657 ὃ
1602 1600 1849 1657 κάκεῖνον
1908 1596 2011 1654 ’ἔδει

357 1691 575 1754 πάντως
625 1691 821 1768 εἰπεῖν,
884 1690 976 1746 sui
1042 1689 1228 1746 τοῦτον
1271 1690 1518 1757 ἀκοῦσαι,
1556 1690 1613 1749 Τί
1643 1692 1767 1767 γὰρ,
1823 1687 2006 1769 φησὶν,

362 1780 409 1835 ὦ
447 1780 642 1858 niteo,
669 1781 757 1836 καὶ
786 1777 939 1857 ἤρου.
997 1780 1058 1837 Τί
1102 1776 1156 1834 δὲ
1207 1778 1340 1836 ἄλλο
1374 1778 1629 1846 ποιητέον
1662 1780 1748 1834 καὶ
1778 1776 2010 1851 μάλιστα

365 1870 453 1923 σοὶ
481 1867 520 1933 ἢ
548 1852 639 1923 τον
660 1852 926 1939 ζωοδότην
984 1866 1305 1935 ἒπικλητὲον
1364 1871 1612 1947 Χριστὸν,
1650 1867 1708 1931 ὅς
1755 1865 1861 1934 ἤδη
1915 1852 2071 1922 καίθ

364 1954 427 2011 ἐκ
476 1954 686 2012 πολλῶν
739 1956 896 2025 δῆλος
959 1959 1142 2035 γέγονε
1201 1966 1307 2014 τῶν
1367 1959 1475 2015 σῶν
1534 1958 1743 2014 ἀκούειν
1807 1958 2005 2035 εὐχῶν,

361 2043 545 2106 ἄλλως
604 2067 659 2102 τε
714 2045 764 2102 δὲ
820 2048 907 2103 καὶ
998 2048 1043 2102 εἰ
1110 2047 1356 2123 βασιλεὺς
1415 2046 1499 2105 διὰ
1555 2050 1650 2103 σοῦ
1721 2045 2003 2123 σέσωσται,

356 2133 588 2201 πένητες
617 2134 783 2205 δήπου
814 2135 908 2192 καῖ
942 2134 1115 2201 ἄδοξοι
1145 2136 1436 2215 παροπτὲοι
1471 2139 1804 2213 κριθήσονται
1840 2158 1857 2209 ;

437 2222 575 2284 KE'.
611 2226 849 2281 Πείθεται
909 2231 978 2303 τῇ
1020 2225 1281 2302 καλλίστῃ
1341 2225 1616 2304 συμϐουλῇ
1644 2230 1671 2283 ὁ
1702 2226 2006 2305 ἀρχιερεὺς⁹

346 2314 442 2370 καὶ
501 2312 674 2388 οἴκτῳ
715 2313 1111 2393 διαθερμανθεὶς
1184 2318 1285 2382 τὴν
1342 2314 1581 2395 καρδίαν,
1626 2316 1905 2377 ὑπόπλεώς
1952 2338 2009 2371 τε

354 2403 483 2467 τοὺς
530 2403 828 2480 ὀψθαλμοῦς
920 2403 1158 2481 δακρύων
1246 2411 1557 2483 γενόμενος,
1634 2405 1835 2469 κλιθεὶς
1892 2419 2009 2472 τοῖς

359 2490 578 2567 γόνασιν
622 2495 708 2551 ἐπὶ
780 2499 909 2572 γῆν,
987 2496 1075 2551 καὶ
1150 2493 1421 2575 δάκρυσιν,
1477 2496 1639 2562 αὐτὴν
1710 2493 2006 2570 διαϐρέξας,

358 2580 461 2655 βοᾷ
514 2583 646 2638 πᾶν)
690 2585 884 2658 θερμὸν
912 2606 965 2640 τι.
1007 2586 1094 2640 καὶ
1150 2586 1432 2663 πεπονθὸς,
1486 2588 1575 2642 καὶ
1623 2592 1848 2660 Χριστοῦ
1891 2582 2014 2640 δεῖ-

355 2691 440 2726 ται
499 2670 882 2751 φιλανθρώπως
928 2680 1022 2730 τοῦ
1068 2674 1290 2751 ἀγαθοῦ,
1340 2676 1406 2743 τῆ
1452 2673 1777 2752 ταλαιπώρῳ
1806 2677 2014 2751 γυναικὶ

349 2761 444 2816 τὸν
502 2760 672 2820 παῖδα
725 2770 962 2843 ζωῶσαι,
1012 2766 1099 2819 καὶ
1154 2765 1361 2842 μητέρα
1412 2763 1582 2830 δεῖξαι
1612 2765 1748 2820 κατὰ
1788 2765 1850 2819 τὸ
1880 2764 2015 2840 ἱερὸν

324 2848 562 2928 -λὸγιον,
649 2853 736 2910 ἐπὶ
813 2853 976 2911 τέκνα
1044 2854 1491 2932 εὔφραινομένην,
1566 2852 1627 2911 Ὀ
1706 2856 1875 2909 τοίνυν
1948 2849 2015 2906 δι’

361 2937 663 2999 Ἐλισσαίου
720 2944 807 2999 καὶ
855 2942 1042 3000 Ἠλιοῦ
1084 2950 1161 3017 τῷ
1203 2950 1302 3010 τῆς
1354 2945 1654 3024 Σαραφθίας
1715 2941 1864 3000 παιδὶ
1928 2948 2016 3002 καὶ

364 3035 463 3097 τῆς
512 3030 874 3108 Σωμανίτιδος
934 3035 1102 3101 πνοὴν
1147 3033 1322 3097 ἐνθεῖς
1378 3039 1466 3091 καὶ
1522 3036 1583 3089 τὸ
1625 3035 1721 3109 ζῇν
1776 3032 2014 3113 χαρισά-

358 3143 542 3197 μενος,
601 3124 758 3185 αὐτὸς
816 3122 980 3181 πάλιν
1038 3124 1125 3180 καὶ
1183 3123 1514 3197 Σπυρίδωνος
1570 3122 1753 3190 ἤκουε,
1821 3124 1907 3178 καὶ
1954 3123 2016 3180 τὸ

2093 623 2226 665 curn
2258 615 2416 669 esset
2445 607 2749 669 modestus
2768 627 2836 670 ac
2871 607 3233 683 moderatus,
3270 607 3572 684 sordeque
3602 608 3735 684 pius

2095 703 2153 755 et
2173 705 2398 771 cautus,
2451 697 2706 759 cedebat
2753 707 2810 760 et
2840 698 3239 767 ditl‘erebat,et
3268 716 3404 760 esse
3425 695 3739 778 judicabat

2092 793 2367 847 conatum
2402 786 2830 867 impudentem.
2863 787 3153 861 Quocirca
3198 786 3400 850 statuit
3445 784 3738 849 adhibere

2093 875 2154 936 in
2183 876 2498 937 consilium
2533 898 2714 939 unum
2740 898 2808 940 ex
2832 877 3038 959 iis,qui
3071 886 3240 941 erant
3270 895 3500 939 secum.
3536 877 3591 940 Is
3620 893 3733 936 au-

2096 972 2212 1025 tem
2246 974 2374 1027 erat
2394 968 2830 1040 Artemidorus,
2865 969 2964 1048 qui
2994 970 3113 1044 jam
3158 975 3283 1029 erat
3304 966 3614 1040 diaconus,
3648 964 3737 1025 vir

2094 1054 2199 1129 qui
2230 1055 2429 1118 omnia
2459 1057 2698 1136 quidem
2721 1058 3041 1134 diligenter
3068 1068 3581 1137 exercuerat,quaa
3603 1073 3738 1135 per-

2091 1145 2286 1205 tinent
2314 1146 2386 1206 ad
2432 1147 2735 1209 virtutem.
2788 1147 2950 1211 Unus
2999 1166 3138 1210 vero
3184 1148 3361 1208 veluti
3392 1144 3736 1207 communis

2094 1234 2335 1314 quidam
2359 1235 2524 1297 color
2545 1236 3549 1317 eratcontemperatusomnibus.ut
3574 1242 3735 1296 recte

2094 1342 2329 1404 gerens,
2364 1325 2511 1386 nulli
2538 1335 2696 1388 esset
2728 1327 2974 1389 omnino
3014 1327 3387 1389 manifestus.
3414 1330 3560 1389 Eum
3594 1343 3736 1403 ergo

2093 1415 2313 1494 rogavit
2352 1424 2616 1495 sanctus,
2648 1416 2791 1495 quid
2822 1416 2911 1478 eis
2944 1425 3102 1478 esset
3131 1414 3606 1477 faciendum.llle
3637 1432 3738 1477 au-

2096 1512 2219 1567 tem
2243 1504 2415 1573 dixit.
2439 1507 2594 1586 quod
2621 1506 2787 1567 illum
2812 1507 3059 1568 omnino
3077 1505 3392 1586 oportebat
3419 1503 3645 1578 dicere,
3679 1511 3738 1565 et

2096 1594 2253 1656 hunc
2273 1594 2481 1656 audire
2510 1616 2524 1657 :
2549 1595 2701 1669 Quid
2735 1597 2962 1669 enim,o
2993 1596 3192 1667 Pater,
3228 1595 3438 1675 inquit,
3472 1594 3737 1655 interro-

2094 1685 2290 1764 gasti?
2340 1685 2491 1757 Quid
2552 1696 2643 1748 est
2696 1696 2892 1750 autem
2923 1686 3084 1749 aliud
3133 1684 3499 1753 faciendum.
3543 1692 3604 1745 et
3632 1682 3737 1745 tibi

2096 1776 2373 1847 maxime,
2429 1774 2542 1838 nisi
2598 1776 2871 1839 Christus
2937 1777 3072 1839 vitae
3121 1776 3291 1837 dator
3346 1772 3738 1847 invocandus,

2093 1883 2268 1944 quem
2295 1865 2422 1943 jam
2468 1866 2528 1927 in
2583 1865 2784 1927 multis
2834 1867 2943 1927 fuit
3000 1866 3247 1928 evidens
3295 1872 3427 1925 tuas
3455 1863 3740 1924 exaudire

2093 1956 2436 2017 orationes?
2488 1965 2546 2018 et
2575 1955 2794 2031 alioqui
2839 1955 2888 2017 si
2922 1972 3027 2034 per
3070 1964 3128 2017 te
3161 1954 3360 2015 salvus
3388 1951 3574 2014 evasit
3618 1953 3737 2013 im—

2092 2050 2353 2124 perator,
2404 2064 2700 2127 pauperes
2759 2054 2819 2108 et
2871 2045 3104 2125 inglorii
3145 2041 3575 2125 judicabuntur
3603 2059 3739 2103 esse

2092 2132 2515 2210 despiciendi?

2174 2222 2357 2287 XXV.
2398 2226 2811 2288 Pulcherrima
2847 2225 3098 2287 consilio
3153 2233 3313 2304 paret
3345 2223 3644 2304 pontifex;
3679 2225 3740 2283 et

2089 2313 2270 2373 corde
2300 2333 2589 2377 accensus
2612 2316 3111 2391 misericordia,et
3140 2314 3343 2377 oculos
3376 2313 3601 2376 habens
3617 2311 3741 2390 ple-

2091 2420 2199 2464 nos
2232 2405 2532 2485 Iacrymis,
2560 2406 2814 2486 genibus
2842 2406 2902 2466 in
2923 2415 3141 2467 terram
3169 2405 3360 2482 ﬂexis,
3400 2411 3459 2466 et
3490 2421 3618 2464 eam
3646 2401 3737 2462 ri-

2091 2510 2235 2568 gans
2263 2494 2523 2575 ﬂetibus,
2570 2495 2852 2559 ardenter
2875 2496 3195 2557 admodum
3225 2495 3444 2557 clamat
3466 2502 3524 2555 et
3556 2493 3733 2553 mise-

2097 2582 2384 2653 rabiliter,
2437 2595 2496 2646 et
2545 2586 2766 2648 bonum
2810 2585 3111 2649 Christum
3167 2585 3424 2663 benigne
3452 2590 3641 2659 rogat,
3678 2590 3741 2643 ut

2100 2673 2337 2735 miserae
2355 2674 2894 2738 mulieriint’antem
2928 2675 3281 2750 viviﬁcet,et
3310 2686 3558 2735 matrem
3595 2670 3738 2734 red-

2099 2761 2221 2835 dat,
2256 2775 2655 2842 congruenter
2670 2767 2994 2846 Scriptura:
3012 2783 3219 2839 sacrm,
3249 2771 3493 2845 propter
3551 2762 3733 2823 ﬁlium

2099 2850 2392 2913 laatantem
2420 2854 2472 2914 6.
2531 2855 2640 2926 Qui
2692 2874 2832 2933 ergo
2867 2872 2972 2933 per
3004 2855 3284 2917 Elismum
3317 2860 3377 2913 et
3405 2850 3592 2913 Eliam
3626 2855 3739 2912 Sa-

2098 2950 2362 3020 reptanaa
2392 2944 2513 3004 tilio
2546 2954 2604 3005 et
2636 2943 3025 3007 Sunamitidis
3073 2943 3322 3005 immisit
3348 2942 3651 3021 spiritum,
3677 2948 3738 3002 et

2098 3029 2274 3091 vitam
2294 3041 2383 3092 est
2406 3034 2648 3113 largitus
2663 3035 2852 3112 7,ipse
2868 3052 3074 3094 rursus
3095 3034 3271 3094 etiam
3305 3030 3528 3093 audivit
3551 3029 3737 3109 Spiri-

2099 3120 2314 3181 donem
2344 3139 2358 3185 :
2386 3131 2444 3184 et
2474 3142 2623 3203 puer
2650 3125 2753 3205 qui
2777 3134 3047 3185 mortuus
3071 3121 3333 3203 jacebat,
3383 3129 3741 3198 conspectus

352 3210 567 3269 παιδίον
649 3214 835 3290 νεκρὸν
908 3213 1150 3287 κείμενον
1217 3212 1321 3285 ζῶν
1404 3215 1606 3289 ἑωρᾶτο
1694 3217 2010 3286 θαυμαστῶς

2096 3219 2186 3272 est
2234 3212 2411 3274 veluti
2446 3213 2684 3293 plorans
2742 3221 2878 3275 ante
2928 3212 3132 3275 oculos
3184 3210 3410 3273 matris.
3444 3209 3743 3291 Lacrymis

349 3304 448 3359 καὶ
510 3302 840 3377 κινούμενον,
906 3302 1003 3359 καῖ
1067 3318 1159 3361 om
1222 3315 1375 3382 παῖς,
1436 3303 1490 3358 ἐν
1534 3301 1832 3383 ὀφθαλμοῖς
1894 3325 2009 3376 μη-

355 3394 547 3471 τρῴοις
634 3395 1176 3471 κλαυθμυριζόμενον.
1292 3393 1544 3471 Δακρύων
1645 3394 1729 3471 ὕφ’

354 3481 634 3551 ἱπλήσθην
707 3480 814 3560 ἐγὼ
888 3483 951 3539 τὰ
1013 3480 1253 3557 ὄμματα,
1307 3482 1446 3540 οὕτω
1489 3483 1589 3561 γάρ
1643 3504 1745 3555 μου
1803 3480 2010 3548 διέθηκε

360 3572 423 3625 τὸ
501 3571 904 3651 λεχθησόμενον
982 3573 1081 3639 τὴν
1165 3574 1350 3651 ψυχὴν
1429 3574 1502 3635 εἰς
1573 3574 1692 3628 νοῦν
1752 3571 2007 3646 ἐμπεσόν.

365 3655 630 3717 ’Δκούοιτε
697 3660 752 3718 δὲ
810 3664 901 3719 καὶ
980 3664 1158 3733 ὑμεῖς.
1225 3654 1317 3723 Ὠς
1385 3663 1486 3741 γὰρ
1554 3663 1616 3717 τὸ
1671 3660 1922 3740 φίλτατον
1977 3664 2011 3728 ἡ

372 3749 555 3824 μήτηρ
589 3756 684 3820 ζῶν
731 3749 1008 3826 ἐθεάσατο,
1066 3753 1110 3808 ὣ
1140 3752 1245 3808 τῶν
1289 3759 1395 3809 σῶν
1451 3752 1749 3826 χριμάτων,
1796 3750 2009 3829 Χριστὲ,

371 3843 482 3894 τῶν
537 3836 802 3916 ἀῤῥήτωνί
872 3842 972 3908 τὴν
1029 3840 1324 3919 ὑπερϐολὴν
1385 3840 1480 3898 οὒκ
1556 3841 1845 3919 ἐνεικοῦσα
1913 3843 2012 3907 τῆς

328 3924 582 4008 -ὴδονῆς,
629 3932 767 4006 παρὰ
826 3937 894 4007 τῇ
943 3936 1014 4008 γῇ
1059 3938 1293 3989 πεσοῦσα
1321 3930 1728 4008 διαπεφυρνηιιεν
1790 3928 2011 3995 ’Ἔδειξε

322 4018 421 4074 ,τὸ
479 4020 742 4099 πραχθὲν,
788 4019 871 4077 ὅτι
931 4022 992 4075 τὸ
1048 4019 1216 4095 μηδὲν
1276 4020 1410 4099 ἄγαν
1460 4020 1705 4099 ἀτεχνῶς
1777 4018 2006 4090 ἄριστον.

356 4104 495 4165 Ἰδοὺ
552 4111 651 4186 γὰρ
721 4114 782 4168 οὗ
850 4112 1141 4186 θανάσιμον
1201 4110 1371 4177 λύπης
1443 4115 1604 4185 μόνον
1688 4108 2007 4187 ὑπερϐολὴν,

351 4195 496 4267 ἀλλνά
578 4199 664 4254 καὶ
746 4205 920 4277 χαρᾶς
1007 4200 1245 4278 ἔγνωμεν
1331 4200 1607 4278 ἀμετρίαν.
1708 4201 2008 4256 Πεπόθθατε

351 4286 443 4342 καὶ
498 4286 657 4359 ὑμεῖς
714 4288 814 4355 τὴν
868 4290 1076 4369 ψυχὴν,
1136 4289 1284 4364 οἶδα,
1339 4289 1393 4354 ἒξ
1463 4289 1659 4358 ἡδονῆς
1702 4291 1776 4351 εἷς
1835 4288 2007 4357 λύπην

349 4377 773 4452 μεταπεσόντες.
855 4379 1017 4436 Φύσει
1088 4381 1189 4457 γὰρ
1257 4378 1555 4457 ἀνθρώποις
1613 4382 1675 4436 τὸ
1738 4378 2004 4453 συμπαθὲς

345 4467 442 4522 καὶ
497 4464 870 4546 φιλάνθρωπον
899 4481 914 4497 ⁶
973 4466 1093 4523 ἀλλ’
1152 4468 1309 4546 ἐγγὺς
1369 4470 1398 4524 ὁ
1454 4472 1622 4545 μέγας
1677 4470 1750 4533 εἰς
1832 4468 2005 4548 χαράν

1814 3390 2008 3459 ἡδονῆς

2096 3301 2241 3361 mihi
2264 3310 2401 3362 sunt
2422 3301 2627 3364 suﬂ'usi
2658 3302 2815 3364 oculi
2842 3321 2963 3381 prae
2983 3299 3325 3380 gaudio.Sic
3351 3299 3510 3361 enim
3540 3318 3738 3361 meum

2093 3391 2290 3452 affecit
2317 3391 2580 3452 animum
2639 3392 2722 3467 id,
2769 3393 2926 3474 quod
2989 3393 3246 3459 dicetur,
3278 3398 3616 3452 revocatum
3678 3389 3740 3451 in

2096 3481 2467 3541 memoriam.
2510 3484 2627 3543 Vos
2656 3501 2894 3563 quoque
2925 3482 2982 3541 id
3023 3481 3248 3542 audite.
3287 3481 3434 3543 Cum
3468 3480 3628 3542 enim
3655 3484 3739 3539 vi-

2095 3589 2227 3630 vum
2255 3570 2604 3631 viditmaler
2635 3591 2805 3631 suum
2840 3570 3258 3632 charissimum
3292 3577 3345 3640 (ο
3372 3588 3592 3631 arcana
3619 3577 3737 3649 tua,

2096 3680 2131 3722 ο
2154 3660 2700 3741 Christe,judlcial,
2728 3662 2969 3723 nimiam
3000 3680 3116 3720 non
3141 3660 3335 3721 ferens
3370 3659 3654 3727 laetitiam,
3681 3661 3738 3721 in

2097 3760 2317 3812 terram
2352 3750 2573 3811 cadens
2596 3752 2935 3829 exspiravit.
2960 3748 3233 3813 Ostendit
3252 3749 3307 3810 id
3339 3749 3495 3828 quod
3521 3750 3737 3810 factum

2098 3851 2209 3915 est,
2246 3839 2387 3899 nihil
2418 3841 2618 3912 nimis,
2646 3859 2778 3902 esse
2831 3842 3004 3919 longe
3052 3846 3363 3919 optimum.
3393 3837 3548 3899 Ecce
3579 3838 3735 3899 enim

2097 3949 2214 3990 non
2244 3929 2547 3990 mortalem
2569 3931 2760 3991 solum
2787 3949 2919 3991 esse
2941 3930 3166 3990 doloris
3194 3928 3734 4009 exsuperationem,

2096 4020 2197 4081 sed
2224 4019 2401 4079 etiam
2456 4020 2650 4097 gaudii
2687 4021 2956 4081 novimus
3004 4019 3590 4083 immoderationem.
3621 4017 3740 4081 Vos

2096 4127 2359 4191 quoque,
2390 4119 2477 4169 sat
2529 4112 2678 4182 scio,
2730 4109 2926 4170 affecti
2977 4110 3121 4169 estis
3162 4108 3387 4187 animo,
3430 4126 3501 4169 ex
3533 4106 3736 4170 laetitia

2097 4208 2223 4260 mut
2243 4201 2303 4260 nti
2336 4199 2395 4261 in
2422 4198 2871 4260 dolorem.Sunt
2895 4197 3053 4259 enim
3083 4197 3356 4258 homines
3385 4206 3594 4260 natura
3618 4198 3734 4257 mi-

2094 4288 2452 4357 sericordes.
2488 4289 2590 4349 sed
2629 4306 2814 4369 prope
2844 4289 3010 4350 adest
3041 4305 3288 4367 magnus
3319 4285 3736 4367 Spil‘itiOﬂ,QUi

2093 4387 2347 4441 vestram
2381 4379 2681 4440 tristitiam
2744 4377 2992 4440 mutabit
3042 4377 3103 4438 in
3153 4377 3453 4454 gaudium.
3507 4375 3734 4437 Rursus

2093 4468 2253 4530 enim
2282 4487 2508 4531 morem
2540 4470 2693 4547 gerit
2716 4468 3120 4542 Artemidoro,
3173 4475 3231 4528 et
3269 4468 3339 4527 ad
3376 4467 3488 4527 hoc
3529 4473 3595 4527 ut
3634 4467 3735 4530 det

316 4557 485 4631 by.“
527 4553 852 4628 μεταϐαλεῖν
909 4559 1008 4626 τὴν
1065 4560 1387 4637 κατήφειαν,
1450 4559 1688 4615 Πείθεται
1764 4560 1864 4636 γὰρ
1922 4561 2008 4614 γαὶ

2098 4568 2342 4620 matrem
2378 4559 2520 4632 ﬁlio,
2561 4559 2647 4619 vir
2687 4559 2996 4620 modestus
3026 4556 3347 4619 inducitur.
3380 4555 3469 4617 Ad
3520 4555 3733 4617 ccelum

348 4646 500 4710 αὖθις
544 4643 918 4725 Ἀρτεμιδώρῳ
975 4649 1064 4704 καὶ
1115 4651 1244 4726 πρὸς
1295 4649 1356 4704 τὸ
1387 4646 1562 4704 δοῦναι
1594 4648 1681 4705 καὶ
1734 4656 1811 4721 τῷ
1865 4646 2011 4704 παιδὶ

352 4735 458 4802 τήν
491 4735 725 4817 μητέρα,
787 4740 816 4794 ὀ
874 4738 1207 4817 μετριόφρων
1266 4736 1571 4817 ἐφέλκεται.
1629 4740 1763 4815 Πρὸς
1795 4740 2013 4815 οὖρανὸν

356 4826 448 4881 οὖν
499 4824 701 4884 ἀπιδὼν
759 4828 847 4884 καὶ
902 4829 995 4883 τὸν
1056 4831 1109 4883 ἓν
1164 4828 1352 4892 αὐτοῖς
1426 4836 1774 4885 κατοικοῦντα
1830 4827 2013 4907 Κύριον

364 4926 437 4978 εις
467 4913 682 4994 καρδίαν
739 4914 916 4974 λαϐὼν
967 4916 1168 4975 ἐκείνου
1226 4940 1283 4974 τε
1328 4915 1560 4998 δεηθεὶς,
1614 4926 1704 4975 τοῦ
1742 4931 1860 4982 τοῖς
1921 4939 2011 4974 νε-

366 5017 515 5081 κροῖς
593 5005 739 5077 ζωὴν
798 5006 1146 5082 ἐμπνέοντος,
1214 5010 1307 5065 καί
1374 5015 1451 5081 τῷ
1508 5006 1807 5085 βουλήματι
1866 5009 2015 5084 μόνῳ

360 5093 538 5152 πάντα
617 5098 1034 5170 μεταποιοῦντος
1116 5099 1202 5154 καὶ
1257 5094 1710 5171 μεταϐάλλοντος,
1773 5104 1841 5175 τῇ
1893 5119 2011 5154 κει-

352 5181 521 5261 μένῃ,
586 5181 895 5261 Ἀνάστηθι,
952 5186 1119 5265 λέγει,
1160 5186 1254 5245 καὶ
1308 5188 1461 5255 στῆθι
1521 5186 1606 5244 ἐπὶ
1666 5188 1784 5252 τοὺς
1843 5188 2009 5251 πόδας

351 5295 475 5337 σου.
538 5271 606 5332 Ἤ
662 5272 718 5331 δὲ
790 5281 1154 5357 παραχρῆμα,
1213 5278 1451 5356 καθάπερ
1507 5277 1655 5351 ὕπνῳ
1698 5277 1901 5351 μᾶλλον
1971 5279 2007 5347 ἣ

312 5365 564 5440 ,θανάτῳ
592 5366 1008 5445 κατισχημένη,
1061 5365 1259 5434 ἀνέστη
1288 5389 1346 5424 τε
1391 5367 1478 5425 καὶ
1540 5365 1778 5446 παρέστη
1838 5367 2003 5445 αύτῷ,

346 5456 438 5513 καὶ
509 5457 572 5512 τὸ
632 5452 836 5513 παιδίον
892 5454 982 5512 ἐπὶ
1039 5462 1144 5513 τῶν
1200 5456 1452 5535 ἀγιαλῶν
1510 5456 1729 5536 εἴληφε,
1789 5458 2006 5515 κάκεῖνο

340 5546 450 5616 ζῶν
522 5545 612 5627 ἦν,
676 5544 859 5626 ὥσπερ
923 5543 1163 5623 εἴρηται,
1225 5548 1311 5603 καὶ
1368 5559 1491 5611 ταῖς
1540 5560 1830 5626 μητρικαῖς
1863 5545 2005 5606 ὠλέ-

2095 4668 2237 4728 ergo
2295 4648 2559 4723 intuens,
2601 4660 2661 4709 et
2715 4649 3058 4721 Dominum,
3113 4647 3211 4728 qui
3259 4648 3317 4707 in
3367 4645 3454 4707 eis
3485 4645 3729 4715 habitat,

2095 4748 2294 4801 mente
2325 4742 2573 4821 agitans,
2608 4740 2772 4802 illum
2810 4747 3104 4819 precatus,
3133 4740 3237 4815 qui
3269 4739 3444 4798 vitam
3491 4737 3737 4818 inspirat

2097 4829 2370 4902 mortuis,
2405 4839 2460 4892 et
2521 4830 2645 4893 sola
2690 4831 2993 4893 volunta'e
3039 4829 3240 4890 omnia
3289 4834 3641 4889 transmutat
3668 4845 3739 4889 ac

2098 4920 2504 5012 transformat,
2536 4920 2682 4981 dicit
2724 4920 2955 5012 eiquaa
2977 4918 3260 5000 jacebat:
3310 4915 3521 4996 Surge,
3556 4926 3613 4978 et
3647 4925 3736 4979 sta

2096 5028 2274 5088 supra
2311 5010 2492 5089 pedes
2549 5018 2705 5073 tuos.
2756 5009 2862 5072 Illa
2907 5020 3103 5071 autem
3161 5017 3429 5088 repente,
3466 5014 3528 5067 ut
3557 5025 3733 5087 quam

2095 5118 2342 5161 somnus
2375 5099 2590 5179 potius,
2623 5118 2797 5180 quam
2834 5118 3017 5173 mors,
3041 5106 3441 5178 oppresserat,
3482 5097 3739 5158 surrexit

2092 5191 2228 5251 etei
2252 5189 2453 5262 astitit,
2483 5197 2542 5252 et
2570 5189 2858 5251 infantem
2892 5191 2951 5251 in
2986 5189 3145 5251 ulnis
3175 5186 3541 5267 accepit.llle
3573 5205 3731 5261 vero,

2092 5279 2457 5353 utdiximus,
2495 5288 2622 5340 erat
2653 5280 2840 5362 vivus,
2884 5289 2944 5342 et
2973 5281 3031 5340 in
3062 5278 3220 5340 ulnis
3252 5277 3538 5339 maternis
3566 5281 3731 5338 exsi-

2091 5367 2439 5431 liebatJlaac
2464 5369 2564 5431 ille
2580 5370 2819 5450 quidem
2846 5387 3116 5449 magnus,
3140 5372 3383 5449 propter
3413 5367 3727 5445 insignem,

2092 5468 2154 5520 ut
2185 5458 2329 5531 dixi,
2388 5457 2862 5523 moderationem
2908 5458 3149 5521 nolebat
3178 5455 3377 5519 etl‘erri
3404 5456 3464 5516 in
3495 5455 3726 5532 vulgus,

2086 5549 2464 5612 Artemidoro
2495 5549 3003 5623 certe,etmulieri
3031 5566 3136 5630 per
3158 5545 3532 5621 eum,indicit
3552 5544 3732 5604 silen-

421 5720 455 5775 ⁸
477 5720 642 5804 Paul,
677 5737 825 5822 exn,
854 5719 921 5787 9.
1013 5720 1041 5771 ἰ
1072 5716 1153 5785 IIl
1182 5719 1329 5813 Reg.
1361 5738 1506 5820 xvn,
1542 5722 1569 5789 1
1608 5740 1775 5807 seqq.
1816 5740 1833 5803 ;
1869 5721 1943 5789 IV
1971 5723 2010 5790 Ii

2096 5748 2121 5793 ν.
2154 5742 2237 5806 ιν,
2273 5725 2301 5789 1
2339 5742 2510 5808 seqq.
