4132 6424
435 366 556 438 447

1747 369 2028 436 MENSIS
2086 369 2520 437 DECEMBEB.

3687 425 3690 428 .
3707 369 3827 439 448

435 507 733 572 tium.Sed
755 507 1172 574 Artemidorus
1197 516 1327 589 post
1347 507 1476 588 ejus
1511 514 1759 570 mortem
1785 505 2076 568 nefarium

2184 528 2280 570 ναις
2329 505 2733 586 παρασκιρτὼν,
2797 508 2971 565 Ταῦτα
3032 506 3060 563 6
3118 503 3218 583 μὲν
3260 501 3429 585 μέγας
3471 503 3556 563 διὰ
3601 528 3826 585 μετριοιν

441 618 574 661 esse
599 601 904 680 judicans,
937 601 1210 662 fraudare
1244 599 1398 661 viros
1425 600 1551 676 pios
1575 608 1690 660 tam
1719 599 1966 677 pulchra
1990 616 2094 658 au-

443 689 694 768 ditione,
728 691 848 752 imo
881 709 1016 752 vero
1045 701 1160 752 tam
1191 707 1403 769 magno
1433 689 1741 770 miraculo,
1769 687 1824 748 id
1873 689 2088 768 aperit,

444 787 503 931 Et
531 781 713 842 tradit
743 782 988 843 auribus
1018 780 1306 842 ﬁdelium.
1331 779 1399 840 Et
1429 781 1554 842 haec
1586 779 1830 860 quidem
1864 781 1948 841 sic
1981 781 2091 842 ba-

487 879 612 933 ent.

2177 599 2414 669 παθείας,
2502 597 2681 675 ὥσπερ
2768 594 2928 676 ἔφην,
2995 595 3293 676 ὑπερεολὴν
3368 597 3630 678 ἀνέκφορα
3710 613 3829 664 τοῖς

2175 688 2402 752 πολλοῖς
2483 687 2742 758 ἠϐούλετο
2824 703 3030 763 μεῖναι.
3091 687 3314 762 Ἀμέλει
3404 690 3490 744 καὶ
3571 688 3828 769 Ἀρτεμι-

2176 777 2329 854 δώρῳ
2391 779 2602 847 πολλὴν
2667 781 2900 850 σιωπὴν,
2961 782 3051 836 καὶ
3109 777 3176 835 δι’
3232 778 3435 837 ἐκείνου
3498 783 3567 855 τῇ
3625 782 3832 858 γυναικὶ

2177 869 2498 934 ἐντέλλεται,
2563 869 2713 928 Ἀλλ’
2775 874 2803 928 6
2858 868 3246 946 Ἀρτεμίδωρος
3313 870 3449 932 μετά
3513 871 3611 936 τὴν
3674 869 3832 928 αύτοῦ

442 961 695 1031 τελευτὴν
767 965 827 1021 οὗ
881 965 1060 1038 κρίνας
1134 963 1280 1019 όσιον
1352 960 1598 1033 ἄκουσμα
1676 959 1812 1016 οὕτω
1887 959 2111 1034 καλλὸν,
2171 961 2342 1033 μᾶλον
2415 959 2468 1016 δὲ
2539 963 2734 1040 θαῦμα,
2795 966 3065 1035 ζημιῶσαι
3124 959 3246 1024 τοὺς
3310 958 3605 1039 φιλοθέους,
3668 958 3832 1028 δῆλον

444 1053 569 1108 αὐτὸ
599 1067 776 1120 ποιεῖ,
807 1053 901 1110 καί
938 1053 1137 1109 πιστῶν
1169 1052 1360 1112 ἀκοαῖς
1395 1048 1739 1127 παραδὲδωσι.
1779 1052 1873 1108 Καὶ
1905 1058 2066 1106 ταῦτα
2097 1050 2193 1126 μὲν
2225 1050 2416 1112 οὕτως.

522 1142 1054 1223 XXVI.Postquam
1081 1155 1280 1203 autem
1306 1159 1556 1220 magnus
1576 1143 1614 1204 S
1646 1140 1858 1200 'iridon
1886 1139 2095 1201 Antio-

441 1233 577 1294 chia
623 1251 898 1295 reversus
957 1243 1047 1295 est
1094 1235 1150 1292 in
1204 1232 1486 1311 Cyprum,
1525 1231 1817 1308 quispiam
1854 1230 1924 1290 ad
1958 1247 2094 1290 eum

442 1324 622 1385 acced
636 1326 973 1397 ens,volens
1004 1341 1208 1384 emere
1232 1339 1440 1392 capras
1464 1321 1663 1400 gregis
1695 1337 1944 1380 numero
1965 1338 2101 1380 cen-

443 1421 595 1489 tum,
621 1416 826 1492 jussus
847 1431 879 1472 a
901 1420 1109 1473 sancto
1137 1412 1298 1490 prius
1337 1411 1586 1488 pretium
1613 1427 1639 1469 s
1683 1408 2096 1488 Ivere,deinde

443 1502 878 1582 accipere,ipse
911 1521 1042 1562 cum
1075 1501 1394 1578 nonaginta
1425 1507 1482 1560 et
1514 1517 1721 1559 novem
1758 1501 1948 1562 solum
1976 1499 2094 1562 solo

448 1592 626 1653 visset
657 1592 936 1673 pretium,
965 1591 1140 1652 unius
1170 1591 1437 1668 retinuit,
1475 1589 1729 1655 lucrum.
1764 1600 1823 1650 ut
1846 1590 2092 1661 dicitur,

447 1682 664 1744 melius
698 1682 995 1744 dedecore
1049 1681 1398 1742 existimans
1432 1700 1444 1742 :
1501 1688 1599 1741 aut
1631 1679 1808 1740 etiam
1843 1679 2098 1757 opinans

445 1773 892 1845 fore,utlateret
917 1771 1074 1832 illius
1095 1769 1858 1848 simplicitatem,remotam
1878 1769 1951 1830 ab
1975 1787 2098 1829 om-

447 1862 609 1922 nium
645 1864 1017 1938 negotiorum
1067 1859 1496 1921 sollicitudine.
1551 1859 1696 1920 Cum
1745 1878 1888 1935 ergo
1919 1859 2095 1920 ambo

447 1950 694 2013 fuissent
724 1952 882 2013 intra
918 1950 1248 2014 mandram.
1289 1949 1388 2009 ille.
1415 1948 1653 2029 quidem
1680 1950 2093 2029 jussit,quan—

447 2048 570 2100 tum
597 2041 854 2104 solverat
876 2041 1247 2119 pretium,tot
1276 2057 1483 2118 capras
1512 2037 1788 2114 accipere
1847 2037 1952 2100 Ille
1983 2057 2091 2098 au-

449 2137 566 2191 tem
601 2150 677 2192 ne
706 2133 792 2194 sic
816 2131 1056 2212 quidem
1092 2129 1456 2209 intelligens,
1482 2140 1720 2190 centum
1755 2127 2030 2208 angebat
2061 2146 2095 2189 e

450 2220 719 2283 mandra.
755 2221 883 2285 Una
945 2238 1078 2282 vero
1110 2238 1178 2280 ex
1209 2221 1426 2297 capris,
1487 2230 1762 2298 tanquam
1798 2219 1945 2280 bona
1982 2237 2094 2279 an-

452 2309 611 2384 cilla,
647 2330 781 2372 cum
807 2313 1088 2372 sensisset
1120 2329 1184 2370 se
1218 2329 1332 2369 nou
1369 2309 1546 2369 fuisse
1583 2309 1886 2370 venditam
1919 2327 1951 2368 a
1981 2308 2092 2369 do-

452 2402 764 2475 mino,cito
797 2419 1002 2462 rursus
1028 2412 1119 2459 est
1143 2417 1403 2476 reversa,
1433 2405 1490 2458 et
1512 2400 1772 2477 perrexit
1802 2397 1873 2458 ad
1923 2416 2095 2458 man-

448 2491 643 2554 dram.
678 2491 786 2554 llle
825 2499 1020 2550 autem
1067 2508 1272 2550 rursus
1299 2489 1559 2549 abduxit.
1613 2497 1676 2548 et
1710 2506 1814 2562 per
1846 2489 1958 2548 vim
1993 2507 2094 2549 re-

449 2582 626 2644 traxit
657 2580 1132 2659 impudens.Hoc
1167 2579 1255 2639 bis
1293 2578 1416 2656 jaui
1453 2577 1542 2636 vel
1575 2586 1664 2638 ter
1694 2578 1907 2638 factum
1943 2590 2090 2652 erat,

449 2672 604 2749 quod
641 2683 726 2732 est
767 2669 1125 2748 mirabile,et
1152 2686 1330 2746 capra
1363 2667 1598 2742 quidem
1635 2669 2045 2729 revertebatur
2076 2687 2088 2730 :

449 2762 553 2824 ille
582 2779 718 2821 vero
750 2759 1090 2822 retrahebat
1117 2778 1292 2820 manu
1317 2757 1574 2818 violenta
1599 2768 1655 2817 et
1685 2759 1909 2818 animo.
1945 2758 2097 2830 Quid

450 2870 592 2930 ergo
615 2857 642 2913 ?
673 2869 805 2912 cum
838 2852 922 2910 sic
957 2849 1102 2910 nihil
1137 2848 1472 2930 proficeret,
1501 2867 1628 2908 eam
1682 2849 1860 2908 humo
1891 2848 2098 2908 subla-

450 2949 593 3015 tam,
637 2951 696 3001 et
728 2940 997 3002 humeris
1031 2937 1750 3018 impositam,ahilucebat.
1780 2937 1879 2998 Illa
1901 2947 2100 2998 autem

454 3031 710 3091 maxima
733 3038 791 3090 et
811 3029 1142 3109 asperrima
1163 3046 1301 3088 voce
1327 3027 1613 3107 clamans,
1647 3038 1704 3090 et
1735 3045 1872 3090 eum
1896 3028 2101 3088 corni-

453 3119 565 3181 bus
596 3121 820 3183 feriens
856 3129 915 3181 et
939 3120 996 3180 in
1023 3118 1184 3180 illius
1205 3126 1380 3197 caput
1401 3117 1764 3197 impingens,
1789 3117 1904 3177 vim
1938 3116 2104 3178 illius

454 3218 657 3290 aperte
685 3209 1065 3289 praedicabat.
1103 3217 1158 3270 et
1181 3207 1339 3268 avari
1379 3206 1640 3267 hominis
1660 3205 2102 3286 quodammodo

2265 1140 2409 1215 κςη.
2447 1140 2603 1200 Ἐπεὶ
2650 1138 2702 1197 δὲ
2748 1141 2834 1197 καὶ
2879 1140 2930 1206 ἐξ
2992 1140 3328 1219 Ἀντιοχείας
3358 1141 3386 1197 6
3419 1141 3587 1216 μέγας
3620 1139 3825 1210 ἐπανῆ-

2179 1253 2269 1287 κεν
2325 1232 2398 1294 είς
2447 1232 2680 1309 Κύπρον,
2724 1232 3032 1306 προσελθὼν
3077 1231 3221 1301 αύτῷ
3278 1252 3383 1309 τις,
3447 1232 3613 1310 αἶγας
3665 1231 3829 1308 πρία-

2179 1325 2296 1378 σθαι
2355 1326 2451 1387 τῆς
2511 1321 2743 1394 ποίμνης
2788 1319 3134 1396 βουλόμενος,
3195 1320 3282 1376 τὸν
3341 1319 3562 1394 ἀριθμὸν
3612 1321 3827 1395 ἑκατὸν,

2178 1411 2490 1487 ἐπιτραπεὶς
2585 1413 2716 1486 πρὸς
2806 1409 2900 1468 τοῦ
2982 1408 3130 1468 ὁσίου
3197 1416 3296 1477 τὴν
3354 1411 3519 1484 τιμὴν
3582 1412 3830 1488 πρότερον

2176 1501 2513 1579 καταθέσθαι,
2561 1501 2684 1556 εἶτα
2730 1498 2938 1564 λαϐεῖν,
2995 1501 3151 1562 αύτὸς
3199 1504 3308 1555 τῶν
3346 1502 3496 1556 ἐννέα
3525 1501 3688 1574 μόνον
3743 1501 3834 1561 καὶ

2178 1590 2497 1658 ἐνενήκοντα
2555 1591 2822 1669 καταθεὶς,
2882 1594 2982 1657 τῆς
3044 1596 3169 1664 μιᾶς
3228 1591 3564 1670 ὑπεκράτησε
3625 1590 3829 1672 κέρδος,

2179 1680 2438 1758 αἰσχύνης
2469 1679 2683 1754 ἄμεινον
2734 1683 2920 1749 εἰπὼν,
2962 1681 3021 1735 τὸ
3053 1679 3146 1735 τοῖ’)
3189 1678 3376 1755 λόγου,
3411 1679 3446 1747 ἣ
3484 1685 3582 1736 καῖ
3645 1680 3833 1750 λήσειν

2179 1771 2418 1844 οίόμενος
2465 1769 2518 1825 ἐν
2561 1770 2732 1842 τούτῳ
2782 1771 2845 1826 τὸ
2903 1769 3166 1826 ἁπλοϊκὸν
3238 1769 3440 1826 ἐκείνου
3488 1773 3577 1826 καὶ
3636 1770 3833 1849 κομιδῇ

2157 1858 2482 1936 ἄπραγμον.
2515 1859 2668 1917 Ἐπεὶ
2698 1862 2808 1938 οὖν,
2843 1858 2979 1916 εἴσω
3010 1864 3110 1924 τῆς
3169 1856 3400 1937 μάνδρας
3458 1859 3621 1932 ἄμφω
3664 1863 3831 1939 γεγό-

2120 1969 2353 2028 Βνασιν,
2397 1950 2426 2003 6
2466 1948 2563 2020 μὲν
2610 1945 2874 2020 ἐκέλευεν,
2933 1945 3058 2004 ὅσον
3119 1945 3186 2016 δὴ
3219 1949 3304 2004 καὶ
3351 1949 3603 2007 κατέθετο
3638 1951 3828 2030 τιιεᾶν,

2178 2039 2434 2102 τοσαύτας
2500 2035 2710 2112 λαϐεῖν,
2763 2038 2790 2093 ὁ
2845 2034 2901 2093 δὲ
2959 2035 3091 2112 μηδὲ
3158 2036 3328 2100 οὕτως
3387 2041 3581 2118 συνεὶς,
3639 2040 3832 2097 ἑκατὸν

2176 2134 2274 2195 τῆς
2343 2125 2573 2206 μάνδρας
2620 2126 2923 2196 ἐξήλαυνεν.
2987 2128 3091 2184 Μία
3162 2137 3287 2203 γοῦν
3349 2133 3451 2184 τῶν
3518 2130 3684 2206 αὶγῶν
3734 2130 3832 2188 οἷα

2175 2220 2465 2295 θεράπαινα
2528 2220 2726 2296 ἀγαθὴ,
2783 2216 3070 2285 αἰσθομένη
3148 2216 3224 2273 ὅτι
3275 2217 3353 2292 μὴ
3397 2215 3625 2275 ἀπέδοτο
3669 2219 3832 2288 αὐτὴν

2181 2310 2206 2365 ὁ
2262 2306 2549 2374 δεσπότης,
2603 2305 2763 2372 ὀξέως
2840 2306 3060 2382 ἐπανῇει
3131 2305 3314 2386 πάλιν,
3376 2309 3464 2364 καὶ
3525 2310 3660 2384 πρὸς
3730 2309 3831 2377 τὴν

2179 2396 2407 2474 μένδραν
2450 2397 2667 2476 ἐχώρει.
2729 2396 2791 2454 Ὀ
2835 2393 2889 2452 δέ
2933 2396 3077 2459 αὖθις
3121 2397 3324 2474 ἀπῆγε,
3378 2398 3464 2454 καὶ
3523 2400 3654 2474 πρὸς
3712 2399 3831 2474 βίαν

2178 2487 2360 2544 εἷλκεν
2391 2488 2419 2542 ό
2449 2484 2667 2550 ἀναιδὴς
2703 2503 2718 2520 ⁸
2782 2485 3029 2562 ἐπράχθη
3083 2484 3242 2542 τοῦτο
3271 2483 3344 2551 ἃς
3387 2484 3490 2553 ἤδη
3522 2489 3609 2544 καὶ
3637 2489 3746 2561 τρὶς
3771 2489 3832 2544 τὸ

2175 2576 2492 2648 θαυμάσιον.
2545 2577 2639 2634 Καὶ
2691 2577 2726 2642 ἡ
2777 2574 2874 2645 μὲν
2907 2573 2994 2639 αῗξ
3051 2573 3269 2652 ἐπανῄει
3304 2591 3320 2605 ⁸
3371 2577 3398 2632 ὀ
3440 2575 3494 2632 δὲ
3553 2576 3828 2634 ἀνθεῖλκεν

2180 2666 2396 2742 ὀργώσῃ
2425 2667 2512 2722 καὶ
2571 2666 2720 2744 χειρῗ
2777 2665 2865 2720 καὶ
2925 2669 3103 2744 ψυχῇ,
3154 2666 3213 2723 Τί
3265 2667 3404 2740 οὗν;
3453 2665 3616 2741 μηδὲν
3674 2666 3826 2733 οὗτος

2183 2755 2374 2829 ἀνύων,
2437 2755 2753 2834 ἀφαρπάσας
2808 2755 2972 2821 αὖτὴν
3031 2756 3275 2834 χαμόθεν
3346 2759 3432 2814 καὶ
3486 2756 3604 2822 τοῖς
3655 2755 3824 2830 ὤμοις

2185 2847 2390 2910 ἀναθεὶς
2435 2846 2644 2921 ἀπῆγεν
2679 2864 2695 2881 ο
2750 2847 2786 2912 ὴ
2839 2844 2918 2923 δέ,
2973 2847 3061 2901 καὶ
3091 2844 3258 2909 οὕτως
3289 2846 3430 2922 μέγα
3478 2868 3526 2902 τι
3585 2847 3670 2904 καὶ
3700 2868 3830 2925 τρα-

2187 2934 2420 3015 χύτατον
2466 2931 2740 3009 ἐμϐοώσα,
2804 2933 2899 2991 καῖ
2947 2947 3066 2999 τοῖς
3115 2935 3328 3003 κέρασιν
3372 2937 3530 2994 αύτὸν
3587 2937 3834 3017 παίουσα,

2188 3027 2272 3082 καὶ
2329 3028 2460 3097 πρὸς
2514 3026 2613 3093 τὴν
2671 3023 2911 3105 κεφαλὴν
2971 3024 3170 3082 ἐκείνου
3242 3023 3684 3105 διακυριττομένη
3739 3027 3837 3094 τὴν

2186 3114 2302 3190 βίαν
2358 3113 2611 3192 ἐκήρυττε
2669 3119 2934 3194 φανερῶς,
2997 3115 3084 3170 καὶ
3139 3115 3228 3171 τὸν
3288 3113 3614 3180 πλεονέκτην
3655 3114 3836 3192 ὥσπερ

2186 3203 2505 3277 ἐτιμωρεῖτο
2556 3209 2656 3270 τῆς
2689 3203 2921 3281 ἀδικίας,
2957 3203 3095 3261 ὥστε
3153 3204 3237 3260 καὶ
3293 3203 3411 3266 τοὺς
3455 3204 3720 3279 παρόντας
3775 3204 3831 3259 έν

452 3300 736 3380 puniebat
763 3301 1069 3379 injuriam:
1094 3298 1243 3358 adeo
1267 3307 1329 3358 ut
1352 3295 1452 3372 qui
1472 3296 1968 3366 aulerant,fuerint
1993 3295 2097 3357 hac

2186 3293 2439 3363 ἐκπλήξει
2483 3296 2542 3351 τὸ
2589 3301 2811 3373 πρᾶγμα
2842 3297 3108 3351 ποιεῖσθαι
3153 3293 3250 3360 τὴν
3303 3292 3470 3349 αἰτίαν
3522 3291 3619 3350 οὐκ
3665 3291 3832 3371 ’έχον-

449 3407 519 3450 re
545 3388 972 3466 obstupefacti,
1004 3405 1242 3448 causam
1300 3403 1414 3446 non
1479 3385 1746 3446 valentes
1776 3385 2098 3465 conjicere.

453 3477 905 3556 Magnusautem
921 3476 1201 3556 Spiridon
1220 3476 1427 3536 nolens
1441 3493 1577 3535 eum
1603 3485 1807 3552 aperte
1825 3492 2099 3553 arguere,

453 3568 678 3629 sensim
713 3566 857 3627 dixit
882 3566 1067 3644 eiqui
1095 3564 1344 3625 faciebat
1377 3565 1695 3644 injuriam:
1733 3563 2104 3641 Vile,ﬁli,ne

454 3678 572 3720 non
609 3657 823 3719 frustra
853 3657 979 3719 haec
1030 3655 1201 3716 faciat
1243 3655 1490 3727 animal,
1525 3664 1585 3714 et
1619 3673 1734 3715 non
1764 3659 1894 3714 sine
1926 3671 2106 3714 causa

450 3765 605 3824 aegre
629 3748 780 3809 ferat
801 3765 866 3808 se
889 3745 1241 3807 abduciscd
1259 3745 1413 3824 quod
1436 3745 1588 3806 forte
1603 3743 1955 3824 imprudens
1969 3745 2103 3823 ejus

453 3858 572 3900 non
595 3837 818 3898 solvisti
839 3833 1226 3917 pretium.Sic
1252 3834 1356 3894 ille
1382 3834 1639 3913 piscator
1659 3833 1858 3894 animo
1877 3838 2104 3895 saucia-

455 3937 547 3988 tus
579 3927 636 3989 id
671 3927 806 3988 tulit
837 3945 852 3986 :
907 3935 970 3986 et
1007 3943 1143 3985 cum
1197 3941 1436 3984 sensum
1473 3924 1626 4002 ejus,
1662 3925 1822 3989 quod
1853 3923 2100 3997 fecerat,

449 4016 799 4097 accepisset,
833 4015 892 4076 id
938 4024 995 4075 et
1045 4014 1360 4075 confessus
1391 4023 1505 4094 est,
1539 4027 1598 4075 et
1628 4014 1764 4093 ejus
1790 4014 1958 4094 petiit
1989 4030 2101 4074 ve-

453 4105 878 4169 niam.Deinde
899 4105 1073 4166 etiam
1093 4122 1230 4166 cum
1254 4121 1359 4184 pro
1383 4122 1501 4164 una
1524 4103 1796 4164 solvisset
1822 4102 2098 4183 pretium,

453 4214 524 4258 ea
553 4215 670 4257 non
701 4195 962 4277 amplius
993 4193 1286 4256 clamabat
1316 4202 1374 4253 et
1424 4192 1763 4269 resistebat,
1791 4193 1896 4254 sed
1932 4191 2104 4254 tacite

450 4286 597 4348 alias
625 4285 1010 4367 sequebatur.
1044 4283 1115 4345 Et
1145 4283 1241 4344 hic
1273 4281 1518 4364 quidem
1549 4283 1658 4345 sic.

533 4375 775 4440 XXVII.
811 4375 983 4438 Alius
1014 4383 1210 4434 autem
1248 4391 1261 4435 :
1295 4373 1401 4434 sed
1436 4373 1547 4434 hoc
1570 4373 1764 4434 dicam
1797 4370 2100 4452 superius.

453 4463 518 4527 In
544 4466 737 4527 insula
758 4475 846 4528 est
868 4463 1107 4546 quidam
1134 4462 1298 4523 vicus
1326 4464 1430 4538 qui
1452 4462 1670 4525 dicitur
1693 4461 1801 4540 Er)
1820 4463 2102 4535 thra,nou

2187 3406 2281 3446 τας
2326 3383 2644 3455 συμϐαλεῖν,
2700 3386 2800 3443 Τὸν
2858 3382 2914 3441 δὲ
2974 3383 3140 3460 μέγαν
3212 3383 3272 3440 ού
3331 3387 3568 3474 φανερῶς
3623 3380 3833 3461 ἐλέγξαι

2185 3473 2528 3551 βουλόμενον,
2565 3473 2738 3551 ἡρέμα
2799 3475 2930 3553 πρὸς
2978 3475 3069 3531 τὸν
3097 3471 3402 3551 ἀδικοῦντα,
3431 3469 3589 3550 Ὅρα,
3622 3469 3834 3546 τέκνον,

2187 3568 2382 3636 εἰπεῖν,
2433 3566 2511 3638 μή
2555 3585 2686 3620 ποτε
2717 3562 2778 3618 οὗ
2822 3564 3001 3636 μάτην
3042 3568 3206 3621 ταῦτα
3240 3563 3300 3618 τὸ
3341 3569 3500 3636 ζῶον,
3557 3560 3678 3620 οὔτε
3726 3561 3838 3634 μὴν

2186 3653 2396 3730 ἀλόγως
2444 3656 2667 3734 ἄχθεται
2713 3660 2781 3728 τῇ
2826 3655 3116 3731 ἀπαγωγῇ,
3165 3649 3288 3709 ἀλλ⁹
3317 3651 3396 3708 ὅτι
3429 3655 3508 3724 μὴ
3541 3652 3628 3707 καὶ
3672 3648 3836 3717 αότῆς

2185 3742 2359 3800 λαθὼν
2441 3745 2542 3812 τὴν
2629 3745 2793 3819 τιμὴν
2906 3742 3253 3819 προκατέθου.
3366 3739 3547 3804 Οὕτως
3631 3739 3837 3804 ἐκεῖνος

2185 3833 2362 3892 ἁλιεὺς
2396 3833 2647 3912 πληγεὶς,
2709 3840 2828 3892 νοῦν
2872 3832 3088 3910 ἤνεγκε,
3151 3835 3237 3890 καὶ
3293 3833 3368 3897 εἷς
3424 3831 3670 3898 αἴσθησιν
3739 3828 3836 3887 ἐλ-

2185 3924 2289 3980 θὼν
2338 3924 2497 4001 οὕπερ
2542 3922 2776 4002 ἔδρασεν,
2836 3923 2964 3979 αὒτό
3025 3943 3079 3978 τε
3139 3920 3486 3999 διωμολόγει,
3556 3921 3644 3978 καὶ
3703 3943 3840 4000 συγ-

2185 4013 2409 4089 γνώμην
2453 4013 2665 4090 ᾔτεϊτο,
2711 4011 2894 4069 ἔπειτα
2937 4013 3026 4068 καὶ
3068 4012 3169 4077 τὴν
3230 4009 3362 4087 ὑπὲρ
3418 4013 3516 4077 τῆς
3563 4016 3690 4084 μιᾶς
3746 4030 3843 4066 τι-

2186 4102 2296 4177 μὴν
2357 4102 2736 4180 καταθέμενος,
2801 4105 2898 4159 οὒκ
2953 4100 3032 4158 ἔτι
3082 4101 3292 4177 βοῶσαν
3361 4098 3492 4180 εἶχε
3545 4101 3635 4156 καὶ
3688 4100 3850 4157 ἀντι-

2185 4189 2488 4267 ϐαίνουσαν,
2522 4191 2642 4248 ἀλλ’
2685 4191 2907 4272 ἡσύχως
2940 4202 3061 4255 ταῖς
3094 4188 3280 4254 ἄλλαις
3314 4187 3710 4265 συνεπομένην,
3745 4191 3852 4250 Καὶ

2188 4280 2338 4341 οὗτος
2384 4283 2483 4357 μὲν
2513 4280 2681 4346 οὕτως
2693 4327 2706 4342 .

2274 4361 2396 4431 ΚΖ’.
2461 4370 2692 4449 ’Έτερος
2751 4367 2832 4446 δὲ,
2882 4368 3006 4427 ἀλλ’
3051 4369 3250 4428 ἄνωθεν
3278 4376 3435 4428 τοῦτο
3465 4369 3592 4448 ἐρῶ.
3627 4365 3720 4426 Ἐν
3777 4374 3856 4447 τῇ

2187 4463 2336 4534 νήσῳ
2391 4460 2554 4529 κώμη
2597 4463 2676 4524 τίς
2737 4459 2885 4517 ἐστιν
2935 4458 3156 4538 Ἐρυθρά
3184 4457 3490 4534 καλουμένη
3552 4467 3855 4517 Κωνσταν-

453 4555 660 4635 procul
691 4575 724 4616 a
757 4553 1071 4634 metropoli
1099 4550 1596 4615 Constantia.Non
1621 4553 1806 4613 dismt
1835 4552 1995 4613 enim
2029 4549 2097 4612 ab

2185 4554 2302 4617 τίας
2359 4550 2530 4623 δήπου
2586 4557 2686 4620 τῆς
2749 4551 3138 4630 μητροπόλεως
3191 4553 3252 4608 ού
3307 4549 3538 4626 μακράν.
3602 4547 3855 4616 Σταδίοις

450 4626 515 4706 ea
553 4649 852 4720 plusquam
887 4626 1118 4717 tri-ginta
1156 4647 1357 4701 stadia.
1405 4646 1524 4704 Huc
1543 4661 1677 4704 cum
1704 4649 1952 4703 venisset
1980 4661 2097 4703 ma-

2188 4645 2286 4723 γάρ
2329 4643 2524 4724 ἀπέχει
2555 4646 2616 4702 οὗ
2672 4641 2836 4700 πλέον
2892 4642 3194 4719 τριέὶκοντα.
3231 4639 3488 4699 Ἐνταῦθα
3534 4638 3669 4695 κατά
3723 4659 3856 4698 τινα

451 4751 602 4815 gnus
631 4732 935 4812 Spiridon,
974 4739 1220 4812 propter
1273 4730 1531 4811 aliquem
1567 4751 1738 4794 usum
1772 4733 2106 4812 ingreditur

459 4823 746 4902 templum
781 4821 966 4901 gratia
992 4821 1276 4883 orationis
1308 4833 1402 4893 :et
1428 4822 1594 4898 jubet
1623 4823 1860 4884 cuidam
1892 4824 2101 4884 diaco-

455 4934 532 4976 no
565 4933 634 4974 ex
669 4912 740 4974 iis
771 4931 868 4992 qui
901 4912 1155 4974 erantin
1181 4931 1250 4973 eo
1287 4913 1443 4982 loco,
1479 4923 1541 4972 ut
1575 4913 1814 4974 brevem
1845 4912 2100 4993 aliquam

452 5022 680 5066 sacram
746 5012 1060 5082 perageret
1117 5005 1544 5083 precationem.
1600 5002 1709 5065 Via
1751 5004 1932 5067 enim.
1970 5022 2104 5086 qua)

451 5095 644 5155 fuerat
675 5092 868 5171 longa,
903 5101 1032 5154 erat
1059 5092 1353 5167 defessus,
1391 5107 1446 5154 et
1490 5095 1747 5157 maxime
1775 5113 1908 5156 cum
1943 5103 2101 5156 esset

455 5193 694 5263 tempus
723 5183 1013 5253 aestivum,
1051 5191 1110 5243 et
1133 5183 1190 5244 ei
1219 5192 1399 5245 asstus
1426 5202 1672 5261 magnus
1698 5197 1840 5246 tunc
1860 5183 2103 5246 afferret

455 5272 736 5330 laborem.
771 5271 870 5328 Ille
901 5284 1093 5328 autem
1124 5283 1246 5329 erat
1274 5275 1583 5330 admodum
1617 5275 1834 5340 tardus,
1877 5284 1929 5330 et
1959 5288 2101 5330 con-

2187 4733 2374 4814 χρείαν
2450 4735 2479 4790 ὀ
2558 4733 2725 4812 μέγας
2809 4732 3176 4812 πεφοιτηκὼς,
3264 4728 3459 4787 εἴσεισι
3545 4730 3633 4784 τὸν
3717 4728 3853 4784 ναὸν

2187 4827 2497 4903 προσευχῆς
2548 4824 2736 4904 χάριν,
2782 4824 3004 4880 καὶτῶν
3062 4819 3372 4902 ἐπιχωρίων
3432 4817 3663 4891 διακόνῳ
3711 4817 3851 4895 τινὶ,

2185 4912 2438 4988 ἐπίτομον
2489 4912 2669 4970 θέσθαι
2747 4914 2844 4981 τὴν
2928 4910 3226 4989 ίερολογίαν
3309 4909 3545 4972 ἐκέλευε.
3605 4913 3683 4985 Τῇ
3741 4907 3854 4988 γὰρ

2185 5002 2289 5076 ὁδῳ
2339 5001 2516 5080 πολλῇ
2543 5002 2678 5080 οὒση
2729 5002 3054 5069 πεπονηκὼς
3105 5000 3196 5068 ἦν,
3232 5010 3318 5057 καί
3377 4999 3611 5077 μάλιστα
3639 4996 3860 5076 θερείας

2183 5093 2344 5160 οὔσης
2399 5097 2499 5160 τῆς
2569 5092 2733 5172 ὥρας,
2789 5095 2880 5149 καὶ
2929 5099 3021 5148 τοῦ
3079 5091 3353 5154 καύσωνος
3418 5092 3478 5147 τὸ
3540 5110 3597 5145 τε
3677 5085 3858 5145 πολὺν

2183 5184 2325 5259 αύτῷ
2381 5185 2474 5240 τὸν
2538 5184 2777 5248 κάματον
2865 5178 3216 5253 ἐμϐαλόντος.
3305 5179 3368 5238 Ὀ
3447 5176 3503 5235 δὲ
3566 5176 3862 5258 σχολαίως

2196 5272 2402 5349 μᾶλλον
2444 5270 2669 5353 ἐχρῆτο,
2725 5271 2812 5329 καὶ
2869 5269 3032 5350 ἐκὼν,
3079 5269 3355 5347 παρέτεινε
3412 5267 3704 5350 φιλοτίμως
3757 5264 3863 5324 δὸ-

457 5359 608 5419 sulto
623 5373 824 5430 preces
838 5361 1137 5418 ambitiose
1154 5361 1854 5431 producebetdnanemmt
1869 5360 2097 5418 videtur.

2195 5362 2311 5437 ξαν,
2369 5365 2443 5426 ὡς
2499 5363 2700 5434 ἔοικεν,
2760 5360 2820 5417 ἐκ
2871 5358 3021 5418 τοῦδε
3079 5360 3180 5428 τὴν
3235 5359 3466 5431 ματαίαν
3509 5358 3857 5435 θηρώμενος,

456 5459 530 5503 ex
551 5446 660 5503 hoc
683 5444 791 5500 sibi
813 5452 1053 5515 captans
1075 5445 1537 5516 gloriamTorve
1559 5444 1750 5514 itaque
1778 5460 1907 5503 eum
1936 5445 2097 5503 intui-

2198 5457 2365 5532 Δριμὺ
2393 5453 2483 5510 οὖν
2516 5455 2541 5509 6
2573 5451 2722 5532 φύσει
2758 5451 3056 5524 πρᾳότατος
3101 5448 3378 5526 ἐμϐλέψας
3434 5450 3600 5528 αὐτῷ,
3636 5447 3860 5522 Σιώπα,

457 5543 574 5606 tus,
609 5532 706 5613 qui
739 5532 1104 5614 eratalioqui
1131 5541 1338 5595 natura
1365 5533 2097 5615 lenissimus,iucrepanda

2192 5543 2503 5610 πληκτικῶς
2561 5541 2690 5622 ἔφη,
2743 5543 2831 5598 καὶ
2882 5542 2968 5615 ὃς,
3027 5541 3264 5617 καθάπερ
3333 5540 3434 5596 τινὶ
3491 5535 3859 5617 γλωττοπέδῃ

459 5630 606 5694 dixit
640 5653 651 5692 :
688 5629 864 5693 Tace.
900 5632 1008 5695 Ille
1041 5649 1183 5693 vero
1241 5632 1491 5712 perinde
1534 5651 1603 5694 ac
1660 5631 1877 5713 linguas
1909 5635 2097 5716 aliqua

2190 5634 2250 5690 τὸ
2293 5631 2468 5710 λέγειν
2526 5630 2850 5711 ἀφαιρεθεὶς,
2904 5630 3168 5713 ἄφθογγος
3231 5629 3322 5704 ἦν,
3369 5630 3464 5686 τὸν
3521 5627 3704 5716 εἷρμον
3755 5631 3861 5695 τῆς

458 5720 687 5788 vinctus
718 5721 1104 5804 compede,et
1135 5739 1412 5786 sermone
1432 5722 1850 5806 privatus,erat
1884 5714 2097 5803 mutus,

2188 5720 2521 5801 ὑπσδομένης
2584 5725 2750 5806 εὐχῆς
2820 5721 2961 5799 αὐτῷ
3015 5723 3079 5780 τό
3131 5741 3188 5778 τε
3250 5722 3593 5803 παραχρῆμα
3651 5714 3856 5774 διακο-
