4132 6404
285 333 417 399 449

1576 318 1764 396 VITA
1811 331 1870 396 S.
1917 327 2398 398 SPYRIDONIS.

3554 337 3673 404 450

282 471 436 536 πείς.
486 467 658 528 Ἀλλὰ
700 475 795 527 τοῦ
853 461 1001 527 ὁσίού
1060 469 1150 526 τὸν
1205 465 1459 526 ἐλλεῖπον
1516 467 1942 548 ἆναπ)ηρώσαν-

2031 475 2279 545 repente
2299 468 2628 546 interrupta
2654 470 2814 533 serie
2841 471 3145 546 orationis,
3170 490 3301 554 quae
3331 480 3472 535 tunc
3502 474 3576 537 ab
3604 495 3674 538 eo

280 583 412 633 τος,
458 559 780 639 προσπίπτει
825 559 962 635 μετὰ
1015 557 1168 622 τέλος
1232 555 1484 625 ἐλεεινὸς,
1541 559 1570 615 ὁ
1614 560 1715 636 πρὸ
1759 567 1947 638 μικροῦ

277 649 421 729 παρ’
476 649 652 724 ἑαυτῷ
709 648 945 728 ὑψηλὸς,
1006 646 1212 729 ἄφωνος
1266 649 1295 704 ὁ
1353 653 1607 727 πρότερον
1663 647 1944 716 πληθύνων

275 740 342 797 ἐν
410 739 608 818 ῥήμασι
668 739 754 795 καὶ
813 738 891 813 μὴ
951 738 1174 816 εὖκαίρῳ
1248 733 1488 816 διατριϐῇ
1540 738 1766 819 χαίρων,
1828 745 1944 797 Τῶν

274 827 334 886 δὲ
384 831 490 896 τήν
541 829 737 902 κώμην
797 828 1081 886 οἰκούντων
1137 828 1258 890 τοὺς
1315 828 1583 906 παρόντας
1641 829 1739 904 μὲν
1786 826 1944 908 φόϐος

276 917 461 993 εἰσῄει
491 936 506 951 ⁸
561 918 683 983 τοὺς
728 915 783 973 δὲ
840 916 1072 982 ἀπόντας
1104 918 1138 985 ἡ
1191 917 1349 995 φήμη
1395 917 1704 996 συντρέχειν
1745 917 1940 984 ἐποίει,

282 1008 394 1066 Καὶ
468 1005 688 1063 πολλῶν
758 1006 904 1067 εὐθὺς
959 1004 1304 1086 συρρεόντων,
1375 1003 1489 1080 ἅμα
1545 1005 1642 1081 μὲν
1701 1005 1757 1063 ἐν
1812 1008 1940 1064 θαύ-

278 1118 424 1172 ματι
469 1102 564 1154 τοῦ
621 1094 885 1173 μεγάλου,
941 1094 1056 1169 ἅμα
1107 1093 1162 1151 δὲ
1217 1093 1315 1151 καῖ
1357 1100 1449 1152 τοῦ
1492 1095 1752 1161 παθόντος
1783 1095 1940 1171 ἐλέῳ,

277 1188 376 1243 καὶ
441 1184 676 1262 μάλιστα
743 1190 852 1241 τῶν
915 1191 1182 1262 συγγενῶν
1239 1184 1397 1244 αξιτοῦ
1457 1185 1545 1267 καὶ
1583 1185 1814 1266 οἰκείων,
1871 1188 1946 1244 ὧν

283 1277 480 1333 αὖτίκα
535 1276 624 1332 καὶ
694 1273 958 1349 δεομένων
1003 1278 1104 1341 τῆς
1157 1274 1396 1351 γενναίας
1455 1274 1660 1342 ἐκείνης
1732 1281 1943 1356 ψυχῆς,

289 1371 597 1445 συγγνῶναι
646 1369 725 1438 τῷ
783 1364 883 1432 τὴν
930 1362 1164 1444 ἀφωνίαν
1213 1366 1602 1442 κατακριθέντι,
1656 1368 1743 1422 καὶ
1800 1367 1944 1423 ὕπα-

291 1469 468 1512 νεϊναι
527 1459 673 1530 αὖτῷ
718 1456 810 1511 τὸν
867 1450 1084 1529 δεσμὸν,
1145 1452 1240 1530 ὅρα
1298 1455 1347 1511 τί
1402 1467 1553 1511 ποιιτ
1616 1457 1646 1509 ὁ
1702 1454 1944 1530 ἐμμελὴς

293 1545 502 1608 ἐκεῖνος
576 1549 664 1601 καὶ
712 1542 830 1600 λίαν
900 1544 999 1600 τ’ὶν
1056 1542 1251 1621 ἀρετὴν
1321 1544 1669 1622 εὐέρμοστος.
1717 1550 1795 1620 Τῇ
1846 1547 1946 1623 γὰρ

299 1633 477 1704 δεήσει
526 1633 627 1710 μὲν
661 1631 1028 1697 ἐπικλώμενος
1066 1652 1078 1665 ⁸
1128 1640 1204 1708 τῷ
1247 1631 1303 1690 δὲ
1349 1632 1583 1698 παιδείας
1634 1633 1710 1690 ἔτι
1741 1633 1943 1692 δεῖσθαι

305 1725 390 1780 τὸν
445 1722 474 1780 δ
497 1725 684 1782 ἀκυνον
727 1721 1109 1798 ἀνθελκόμενος
1157 1724 1327 1802 (ἑώρα
1367 1724 1468 1802 γὰρ
1527 1725 1613 1779 καὶ
1669 1734 1825 1782 τοῦτο
1861 1722 1946 1782 διὰ

2028 560 2495 622 canebaturﬁ'ed
2528 577 2662 621 cum
2695 569 2935 622 sanctus
2959 562 3014 622 id
3041 565 3198 642 quod
3232 565 3459 636 deerat,
3481 563 3676 624 adim-

2032 649 2273 729 plesset,
2322 648 2577 730 procidit
2604 649 2677 709 ad
2738 651 2866 730 ejus
2937 652 3124 730 pedes
3159 652 3537 728 miserabilis,
3579 654 3681 736 qui

2031 737 2206 818 paulo
2227 748 2366 801 ante
2384 740 2538 819 apud
2565 757 2630 800 se
2659 753 2786 801 erat
2816 742 3110 816 excelsus,
3156 751 3372 820 mutus,
3407 743 3509 825 qui
3541 761 3678 806 ver-

2030 827 2120 888 bis
2148 838 2318 889 antea
2348 829 2778 905 abundabat,et
2811 849 2979 892 mora
3009 831 3422 894 delectabatur
3450 833 3678 896 intem-

2029 915 2371 996 pestiva.Ex
2406 919 2480 980 iis
2513 937 2650 980 vero
2681 921 2784 1000 qui
2815 920 3008 983 vicum
3043 921 3080 982 l1
3122 921 3526 998 bitabant,eos
3550 925 3678 1005 qui-

2027 1006 2187 1080 dem,
2218 1014 2317 1088 qui
2351 1007 2618 1084 aderant,
2659 1009 2868 1071 invasit
2899 1020 3128 1084 metus;
3161 1029 3264 1072 eos
3297 1023 3521 1085 autem,
3580 1020 3680 1094 qui

2026 1093 2295 1169 aberant,
2327 1098 2481 1159 fama
2510 1097 2650 1158 fecit
2680 1116 2949 1161 concurri
2975 1118 3065 1180 re;
3091 1110 3150 1162 et
3169 1101 3370 1163 multis
3394 1093 3677 1164 continuo

2029 1186 2492 1256 conﬂuentibus,
2527 1199 2650 1248 tum
2687 1190 2864 1250 motis
2895 1191 3085 1252 sancti
3119 1189 3676 1263 admiralione,tum

2031 1275 2202 1337 etiam
2232 1277 2360 1357 ejus
2391 1279 2489 1357 qui
2525 1295 2732 1356 passus
2763 1279 2978 1352 fuerat,
3015 1279 3446 1359 misericordia,
3474 1290 3533 1342 et
3559 1300 3678 1345 ma-

2027 1365 2187 1428 xime
2218 1367 2350 1446 ejus
2401 1367 2664 1444 cognatis
2709 1381 2762 1429 et
2800 1367 3183 1442 necessariis,
3216 1370 3318 1450 qui
3354 1370 3529 1431 etiam
3563 1391 3671 1450 ge-

2033 1474 2308 1517 nerosam
2343 1456 2501 1516 illam
2536 1456 2822 1529 rogabant
2851 1458 3282 1537 animam,utei
3316 1459 3676 1540 ignosceret,

2029 1546 2129 1626 qui
2159 1545 2470 1607 damnatus
2503 1544 2692 1606 fuerat
2725 1557 2785 1606 ut
2822 1557 2977 1608 esset
3013 1558 3231 1614 mutus.
3268 1558 3327 1609 et
3355 1548 3410 1610 ei
3441 1551 3674 1612 relaxa-

2029 1645 2120 1696 ret
2154 1635 2479 1708 sinitulum,
2512 1632 2646 1696 vide
2684 1635 2824 1716 quid
2857 1636 2996 1697 facit
3023 1636 3110 1697 vir
3133 1637 3234 1698 ille
3263 1647 3436 1702 antus
3466 1640 3678 1702 virtute

2030 1733 2087 1784 et
2118 1725 2446 1786 concinnus
2477 1743 2490 1788 :
2553 1743 2688 1786 cum
2724 1725 3004 1806 precibus
3034 1725 3276 1807 quidem
3307 1728 3678 1806 ﬂecteretur,

311 1819 402 1870 τοῦ
457 1814 806 1888 ῐινεύματος),
857 1814 1054 1889 μερίζει
1098 1813 1198 1882 τὴν
1255 1814 1524 1888 ἐπιτιμίαν
1583 1813 1825 1887 ἆστειως,
1858 1817 1942 1872 καῖ

2031 1816 2184 1895 quod
2211 1813 2593 1893 castigatione
2615 1824 2816 1877 autem
2835 1817 3033 1876 adhuc
3056 1826 3264 1893 egeret
3284 1819 3569 1880 diaconus
3587 1837 3682 1882 re-

311 1905 542 1982 χρῆσθαι
592 1903 686 1976 μὲν
729 1903 796 1979 τῇ
852 1901 1070 1981 γλώττῃ
1117 1906 1248 1981 πρὸς
1305 1904 1476 1970 πάντα
1520 1901 1680 1981 λόγον
1711 1904 1940 1980 ἀνίησιν,

311 1991 370 2048 οὗ
429 1992 538 2067 μὴν
595 1990 728 2055 ὅλως
774 1991 1100 2073 ἐλευθερίως,
1155 1990 1262 2050 οὐδ’
1319 1993 1415 2050 οἶα
1458 1993 1714 2070 πρότερον
1763 1995 1938 2070 λαμυ-

305 2083 516 2159 ρωτέτῃ
566 2083 652 2138 καί
707 2080 871 2159 ὤδινῇ
943 2096 1242 2164 συγχωρεῖ,
1337 2082 1477 2140 ἀλλὰ
1548 2084 1798 2161 ναρκῶσῃ
1853 2087 1942 2142 καὶ

300 2171 556 2252 νωχελετ,
615 2175 702 2229 καὶ
758 2174 922 2248 μικρά
1004 2197 1127 2232 τινα
1200 2176 1625 2252 προσπταιούσῃ,
1679 2175 1942 2232 παιδεύων

295 2263 489 2340 μηκέτι
539 2261 680 2340 μέγα
734 2276 948 2343 φρονεῖν
1003 2266 1089 2320 ἐπὶ
1175 2263 1411 2343 γλώττῃ,
1495 2265 1622 2340 μηδ’
1695 2263 1942 2344 ἐπιϐρεν-

2031 1904 2243 1965 trahar.
2270 1914 2366 1965 tur
2391 1905 2550 1984 (nam
2567 1905 2679 1966 hoc
2697 1924 2934 1985 quoque
2951 1906 3190 1967 videbat
3212 1925 3319 1986 per
3340 1908 3675 1987 Spiritum);

2027 2011 2260 2072 pinnam
2293 1993 2441 2055 scite
2477 1996 2816 2074 partitur,et
2849 1997 3138 2074 permittit
3166 1994 3436 2074 quidem,
3463 2007 3526 2059 ut
3554 1999 3670 2060 lin-

2023 2102 2137 2162 gua
2171 2093 2364 2145 utatur
2393 2083 2468 2144 ad
2499 2101 2736 2145 omnem
2771 2101 3136 2156 sermonem,
3174 2103 3290 2145 non
3325 2094 3521 2148 tamen
3552 2106 3679 2148 om-

2025 2191 2166 2234 nino
2198 2173 2410 2244 libere,
2438 2191 2548 2235 nec
2579 2182 2642 2235 ut
2674 2173 2836 2253 prius
2867 2173 3026 2234 clara
3061 2184 3119 2235 et
3149 2192 3389 2249 canora,
3413 2176 3518 2237 sed
3565 2178 3678 2240 be-

2027 2261 2163 2324 bete
2192 2276 2251 2324 et
2284 2263 2442 2325 imbe
2467 2264 2601 2334 illa,
2637 2274 2694 2325 et
2750 2283 2956 2344 parum
3011 2265 3340 2343 cesliitaute
3369 2279 3428 2326 et
3459 2263 3676 2327 balbu-

294 2355 503 2409 θύεσθαι
558 2353 816 2429 ῥήμασιν,
874 2354 1035 2410 ὁπότε
1081 2351 1219 2422 μηδὲ
1291 2357 1472 2420 αὐτοῖς
1533 2357 1809 2436 πράγμασι
1867 2360 1942 2428 τῷ

2031 2353 2232 2426 Liente,
2269 2355 2576 2433 erudiens,
2609 2371 2684 2415 ne
2715 2354 2974 2432 amplius
2999 2363 3241 2434 propter
3269 2353 3531 2432 linguam
3556 2355 3674 2418 sibi

303 2438 564 2517 σπουδαίῳ
587 2443 775 2504 καλόν.

379 2710 523 2774 Kﬂ’.
591 2709 755 2776 Τέλος
813 2709 1074 2770 ἐπιθεῖναι
1140 2718 1217 2787 τῷ
1273 2711 1418 2792 λόγῳ
1475 2720 1564 2772 νῦν
1622 2713 1942 2796 ἐϐουλόμην,

289 2805 380 2858 κιὶ
434 2802 717 2880 ἀγαπῆσαι
773 2801 868 2869 τὴν
942 2803 1176 2877 σιωπὴν,
1233 2799 1324 2859 ἅτε
1387 2805 1467 2878 μὴ
1543 2808 1642 2874 τήν
1702 2805 1943 2884 γλῶτταν

294 2888 442 2972 ἔχων
496 2891 727 2967 θαύμασι
799 2891 1060 2958 τοιούτοις
1135 2894 1559 2970 συνυψουμέιην,
1618 2894 1773 2952 Ἀλλ’
1833 2888 1947 2951 ἐπεὶ

299 2982 389 3038 καὶ
444 2981 595 3042 αὒτὸς
639 2979 812 3038 ὠδίνω
867 2984 964 3050 τηδ
1011 2983 1262 3062 ἐξήγησιν
1306 2991 1375 3060 τῇ
1425 2985 1554 3064 πρὸς
1613 2986 1706 3041 τὸν
1775 2985 1842 3056 μέ
1859 3007 1946 3062 (αν

297 3069 519 3150 στοργῆ,
550 3074 637 3128 καὶ
681 3072 842 3147 ὑμᾶς,
876 3071 1023 3130 οὖδὲν
1079 3073 1240 3142 ἧττον
1299 3073 1406 3152 ὃρῶ
1467 3076 1772 3155 κεχηνότας
1811 3077 1941 3152 πρὸς

2031 2443 2315 2522 placeret,
2356 2463 2464 2505 nec
2496 2462 2562 2505 se
2607 2443 2682 2505 de
2741 2444 2940 2505 verbis
2978 2446 3254 2524 jactaret,
3290 2462 3422 2506 cum
3461 2463 3570 2507 nec
3599 2444 3677 2507 de

2030 2534 2212 2594 rebus
2245 2532 2488 2613 quidem
2521 2535 2669 2615 ipsis
2718 2552 2784 2596 se
2805 2534 3053 2614 jactare,
3087 2534 3211 2596 viro
3245 2535 3402 2596 bono
3451 2535 3529 2596 sit
3557 2535 3673 2598 ho-

2029 2634 2290 2689 nestum.

2109 2713 2290 2778 XXV.
2331 2715 2614 2778 Volebam
2647 2736 2804 2780 nunc
2841 2716 3155 2798 imponere
3187 2718 3362 2780 linem
3395 2718 3672 2796 orationi,

2030 2818 2087 2864 et
2119 2805 2396 2885 amplecti
2425 2809 2829 2880 silentium,ut
2853 2807 2952 2869 cui
2975 2827 3084 2870 nec
3104 2809 3353 2868 habeam
3383 2808 3674 2887 linguam,

2029 2913 2160 2974 quae
2189 2914 2324 2956 cum
2359 2898 2539 2959 tantis
2572 2900 2758 2976 possit
2783 2898 2982 2958 extolli
3020 2896 3341 2958 miraculis.
3371 2897 3487 2960 Sed
3519 2917 3676 2978 quo.

2028 2984 2182 3044 niam
2205 2998 2263 3048 et
2287 2985 2414 3066 ipse
2437 2997 2680 3066 propter
2712 3006 2902 3048 meam
2927 2989 2988 3048 in
3007 2987 3167 3049 hunc
3189 3002 3459 3049 sanctum
3483 2989 3676 3050 bene-

2027 3073 2340 3136 volentiam
2369 3077 2636 3156 parturio
2669 3079 3126 3157 expositionem,
3154 3084 3216 3141 et
3238 3097 3340 3140 vos
3369 3078 3542 3140 video
3574 3081 3672 3141 ni-

288 3162 388 3229 τήν
431 3160 711 3239 ἀκρόασιν,
745 3163 832 3219 καὶ
888 3160 1042 3242 ἕτερα
1099 3163 1260 3220 πάλιν
1305 3166 1408 3220 τεῦν
1436 3166 1720 3238 θαυμάτων
1769 3187 1940 3242 προσ-

2031 3163 2349 3226 hilominus
2380 3184 2485 3228 ore
2506 3168 2705 3228 hiante
2733 3167 2805 3228 ad
2837 3167 3199 3229 audiendum
3229 3168 3675 3249 attentos,adji-

280 3253 455 3322 θήσω,
502 3251 717 3328 βέλτιον
775 3253 1120 3330 ἡγησάμενος
1180 3253 1328 3317 ὅπως
1385 3253 1446 3311 ἂν
1499 3254 1616 3335 ’έχω
1670 3253 1943 3329 δυνάμεως

280 3345 448 3401 ταῦτα
500 3341 812 3416 διεξελθεῖν,
859 3344 896 3412 ἢ
963 3342 1103 3400 οὕτω
1160 3345 1484 3403 καταλιπεῖν
1538 3347 1937 3422 ἀμνημόνευτα,

285 3431 495 3500 πολλὴν
576 3433 705 3506 ὑμῖν
795 3431 1061 3508 δυνάμενα
1139 3436 1237 3503 τὴν
1306 3433 1568 3513 ὠφέλειαν
1653 3436 1936 3517 παρέχειν.

294 3522 468 3598 Εἶσῇει
514 3523 645 3581 ποτὲ
707 3523 832 3580 ναόν
898 3545 1014 3582 τινα
1072 3529 1170 3592 τῆς
1232 3528 1391 3584 αὒτοῦ
1453 3525 1661 3591 πόλεως
1720 3529 1747 3583 ὁ
1798 3530 1940 3592 θεῖος

302 3610 450 3675 οὗτος
506 3614 658 3690 ἀνὴρ,
705 3613 799 3674 τὰς
863 3613 1132 3691 ἑσπερίους
1189 3614 1352 3695 ᾠδὰς,
1417 3617 1489 3679 ὡς
1523 3615 1662 3690 ἔθος,
1699 3615 1944 3674 ἐπιτελέ-

305 3723 440 3764 σων.
500 3703 641 3762 Οὕτω
693 3702 746 3761 δέ
791 3727 906 3770 πως
964 3706 1301 3786 ουνενεχθὲν,
1350 3706 1445 3763 οὐκ
1487 3706 1550 3774 ἦν
1595 3705 1760 3786 ὄχλος
1815 3709 1946 3784 πρὸς

299 3795 398 3849 τὸν
441 3793 584 3855 ναόν,
642 3795 788 3851 Ἐπεὶ
841 3797 931 3852 οὖν
973 3793 1137 3858 οὖδεὶς
1175 3801 1351 3873 παρῆν
1395 3795 1573 3873 ἕτερος
1624 3797 1669 3852 εἰ
1711 3797 1789 3870 μὴ
1824 3795 1946 3853 ’ὅσον

300 3881 358 3938 ἐν
408 3884 686 3960 νεωκῖροις
743 3884 831 3939 καὶ
888 3881 1249 3964 λειτουργοῖς,
1288 3883 1490 3941 κελεύει
1549 3885 1767 3943 πλείονα
1798 3886 1860 3943 τό
1890 3907 1946 3942 τε

295 3979 404 4028 τῶν
431 3973 670 4043 συνήθων
725 3973 926 4044 ἀνάψαι
958 3975 1022 4030 τὰ
1079 3975 1254 4056 φῶτα,
1300 3978 1388 4032 καὶ
1432 3976 1589 4040 αὒτὸς
1654 3976 1750 4051 μὲν
1809 3999 1946 4033 κατ-

287 4062 507 4140 αντικρὺ
615 4071 708 4123 τοῦ
783 4064 1155 4142 θυσιαστηρίου
1229 4063 1445 4144 φαιδρὸς
1544 4065 1756 4141 ἵστατο,
1849 4066 1946 4134 τὴν

282 4154 534 4210 είωθῦϊαν
591 4149 804 4230 εἰρήνην
835 4157 1113 4233 ἐπιφωνῶν
1153 4177 1166 4192 ·
1217 4154 1328 4211 ἐπεὶ
1373 4153 1428 4211 δὲ
1486 4155 1573 4212 καὶ
1627 4158 1687 4212 τὸ
1741 4155 1945 4225 πλῆθος

281 4244 382 4299 οὒκ
450 4243 550 4322 ἦν,
613 4243 687 4304 ὡς
753 4240 934 4316 εἴωθε,
1017 4245 1116 4312 τὴν
1198 4246 1480 4319 ἀπόκρισιν
1550 4247 1939 4320 ποιησόμενον,

279 4333 436 4412 φωνή
482 4353 562 4393 τις
624 4329 821 4390 ἄνωθεν
881 4332 1096 4390 πολλῶν
1174 4334 1425 4392 ἀκούεται
1485 4335 1778 4417 μυριάδων,
1843 4339 1941 4395 Καὶ

274 4428 355 4497 τῷ
415 4422 679 4496 Πνεύματί
737 4445 854 4497 σο),
913 4425 1357 4504 ὑποφωνούντοον,
1416 4417 1479 4483 Ἠ
1525 4424 1578 4481 δὲ
1639 4428 1789 4505 φωνὴ
1833 4426 1936 4502 ἔμ-

2027 3254 2180 3316 ciam
2208 3275 2418 3317 rursus
2453 3257 2568 3318 alia
2593 3257 2873 3319 miracula
2899 3275 2911 3318 :
2944 3257 3155 3318 melius
3185 3276 3316 3321 esse
3343 3261 3677 3333 ducens,ea

2026 3345 2324 3424 quomodo
2358 3356 2568 3426 potero
2614 3348 2915 3428 persequi,
2951 3365 3148 3427 quam,
3187 3347 3234 3408 si
3267 3367 3336 3410 ea
3366 3348 3675 3411 memoriae

2029 3454 2145 3496 non
2178 3437 2671 3512 [ηοηιιοςοτιψοε
2692 3438 2790 3499 illa
2817 3437 3091 3499 lraudare
3127 3438 3397 3501 utilitate.
3432 3436 3675 3517 Ingres-

2024 3543 2124 3586 sus
2146 3527 2609 3606 erataliquando
2636 3527 2932 3608 quoddam
2964 3528 3250 3609 templum
3274 3547 3395 3590 suae
3423 3527 3679 3590 civitatis

2030 3615 2128 3677 hic
2159 3617 2250 3677 vir
2279 3617 2535 3684 divmus.
2584 3617 2657 3680 de
2718 3637 2880 3680 more
2941 3619 3281 3698 vespertina
3327 3625 3678 3698 peracturus

2029 3707 2278 3767 cantica.
2313 3705 2396 3768 lla
2428 3716 2624 3772 autem
2651 3710 3072 3783 contigeratmt
3098 3710 3350 3789 populus
3374 3727 3491 3770 non
3519 3718 3677 3770 esset

2030 3793 2088 3855 in
2123 3797 2364 3876 templo.
2391 3797 2534 3860 Cum
2560 3817 2698 3878 ergo
2724 3801 2921 3860 millus
2947 3807 3104 3859 esset
3126 3799 3297 3870 alius,
3329 3798 3443 3859 nisi
3474 3797 3675 3859 aeditui

2032 3893 2255 3945 tantum
2287 3896 2346 3946 et
2377 3887 2657 3968 ministri,
2685 3887 2855 3967 jubet
2885 3889 3058 3951 solito
3107 3892 3276 3969 plura
3301 3887 3547 3950 accendi
3579 3887 3676 3947 lu-

2033 3975 2210 4055 mina;
2239 3986 2296 4036 et
2319 3975 2445 4056 ipse
2467 3979 2709 4057 quidem
2742 3982 2904 4038 laetus
2935 3978 3121 4040 stabat
3153 3997 3223 4039 ex
3257 3979 3504 4040 adverso
3535 3994 3678 4049 arae,

2031 4082 2234 4143 pacem
2266 4065 2603 4126 acclamans
2633 4067 3157 4129 Consuetamdium
3190 4076 3390 4129 autem
3425 4086 3545 4128 non
3579 4085 3678 4128 es-

2029 4164 2141 4229 set,
2176 4165 2234 4214 ut
2265 4156 2513 4222 solebat,
2566 4155 2816 4236 populus
2848 4175 3272 4237 responsurus,
3299 4155 3539 4217 auditur
3571 4157 3681 4218 de-

2026 4260 2208 4324 super
2227 4263 2336 4306 vox
2359 4247 2631 4322 quaedam
2655 4246 2972 4308 multarum
2997 4246 3326 4327 myriadum
3354 4245 3683 4306 acclaman-

2027 4334 2170 4394 tium
2200 4352 2214 4396 :
2243 4335 2312 4395 Et
2343 4355 2476 4396 cum
2511 4335 2737 4415 Spiritu
2772 4349 2896 4398 tuo.
2934 4336 3072 4398 Erat
3096 4354 3233 4397 vero
3267 4354 3372 4396 vox
3407 4335 3677 4415 quaedam

2027 4423 2319 4485 modulata
2375 4438 2431 4486 et
2490 4444 2835 4492 numerosa.
2871 4435 2926 4488 et
2954 4446 3083 4506 quae
3116 4436 3246 4488 erat
3277 4423 3673 4506 praestantior,

275 4514 480 4586 μουσός
530 4532 613 4577 τις
664 4514 752 4569 καὶ
793 4515 1128 4590 ἐναρμόνιος,
1164 4517 1249 4572 καὶ
1303 4515 1440 4574 πολὺ
1469 4519 1531 4574 τὸ
1563 4514 1934 4596 παραλλάττον

2031 4532 2196 4595 quam
2231 4524 2295 4575 ut
2320 4516 2578 4578 humana
2603 4536 2734 4578 esse
2766 4517 3192 4596 conjiceretur.
3221 4515 3536 4596 Postquam
3567 4533 3681 4576 au-

275 4601 507 4684 ἔχουσα,
575 4602 782 4670 Relicta
826 4607 913 4661 καὶ
967 4606 1302 4682 ἀνθρωπίνην
1347 4607 1665 4678 εἰκάζεσθαι.
1733 4597 1825 4670 Ὠς
1881 4605 1936 4663 δὲ

2031 4593 2144 4666 tem
2175 4623 2385 4685 preces
2411 4607 2637 4684 peregit
2663 4593 3198 4674 diaconustimore
3215 4593 3524 4686 correptus
3542 4623 3680 4667 rur-

278 4697 368 4749 καὶ
426 4695 455 4749 ὁ
503 4690 747 4756 διάκονος
806 4695 907 4761 την
958 4695 1127 4774 εὐχήν
1182 4695 1447 4776 ἐπετέλει,
1480 4697 1628 4775 φόϐῳ
1670 4697 1940 4777 κατάσχεο

280 4804 372 4847 τος
426 4783 689 4862 γεγονὼς,
750 4781 940 4850 ἤκουσε
994 4785 1156 4842 πάλιν
1197 4787 1274 4864 (ὢ
1330 4787 1594 4863 θαύματος
1620 4786 1674 4865 ί)
1713 4789 1798 4861 τὸ,
1844 4787 1940 4846 K15-

291 4895 391 4951 ριε,
473 4873 747 4955 ἰελέησον,
833 4874 1124 4939 θεσπεσίως
1211 4875 1380 4940 οὕτως
1473 4877 1936 4957 ὑποφωνούμενον,

296 4963 396 5018 Καὶ
445 4960 563 5018 ἐπεὶ
603 4963 639 5030 ἡ
681 4963 785 5040 βοὴ
845 4961 978 5031 αὕτη
1038 4963 1232 5032 ἑαυτὴν
1293 4966 1379 5021 καὶ
1435 4977 1556 5030 τοῖς
1614 4965 1714 5031 ἔξω
1771 4964 1940 5036 δήλην

293 5048 480 5125 ἐποίει,
540 5053 783 5109 συνεθέον
841 5053 1062 5129 πάντες,
1093 5051 1387 5119 δεδοικότες
1435 5057 1568 5130 ὁμοῦ
1612 5057 1700 5112 καὶ
1728 5056 1937 5132 θαυμά-

285 5147 492 5213 ζοντες,
539 5144 630 5199 καὶ
688 5143 808 5221 πρὶν
853 5152 951 5217 μὲν
985 5143 1122 5201 εἴσω
1179 5145 1350 5224 θυρῶν
1393 5145 1661 5222 γενέσθαι,
1722 5145 1942 5214 πέπλη-

285 5253 386 5288 κτο
445 5232 630 5296 αὖτοϊς
685 5233 720 5299 ἡ
778 5231 918 5300 ἀκοή
978 5237 1041 5310 τῇ
1087 5233 1191 5311 βοῇ
1222 5252 1239 5269 ⁶
1275 5233 1389 5291 ἐπεὶ
1420 5233 1474 5290 δὲ
1505 5237 1594 5291 καὶ
1625 5232 1762 5291 εἴσω
1791 5235 1947 5315 γιγό-

284 5342 464 5401 νασιν,
526 5321 622 5378 οὔκ
678 5319 756 5378 ἔτι
813 5319 1020 5386 ούδενὸς
1089 5321 1285 5390 ἤκουον
1343 5320 1454 5381 οὔδ’
1504 5323 1684 5402 ἑώρων
1741 5322 1950 5398 οὐδένα,

2024 4712 2124 4755 sus
2155 4695 2377 4757 audivit
2411 4697 2469 4775 (ο
2506 4697 2856 4758 miraculum
2884 4697 2920 4776 !)
2943 4717 2958 4758 :
2983 4696 3162 4779 Kyrie
3183 4695 3682 4770 eleeison,divine

2023 4784 2439 4846 acclamatum.
2473 4782 2619 4847 Nam
2670 4786 3014 4865 priusquam
3055 4795 3254 4867 portas
3287 4785 3681 4865 ingrederen-

2026 4884 2144 4948 tur,
2176 4892 2350 4935 aures
2380 4893 2523 4936 voce
2574 4876 3082 4956 percutiebantur.
3131 4875 3278 4938 Cum
3335 4887 3533 4937 autem
3578 4875 3680 4938 in-

2023 4963 2210 5044 gressi
2244 4973 2464 5037 essent,
2501 4968 2728 5028 nullum
2779 4967 3033 5043 amplius
3087 4967 3433 5041 audiebant,
3485 4985 3680 5049 neque

2025 5055 2210 5116 ullum
2245 5055 2544 5133 videbant,
2581 5066 2792 5136 praeter
2816 5056 3069 5137 justum,
3106 5067 3166 5120 et
3225 5076 3446 5138 paucos
3487 5075 3556 5119 ea
3603 5059 3679 5120 iis

2028 5144 2130 5225 qui
2159 5142 2215 5204 ei
2245 5143 2659 5207 ministrabant
2693 5168 2706 5206 :
2741 5147 2844 5228 qui
2881 5147 2993 5226 ipsi
3027 5167 3265 5228 quoque
3295 5146 3579 5211 dicebant
3613 5167 3680 5209 se

2031 5234 2334 5296 neminem
2365 5235 2610 5315 quidem
2647 5236 2959 5316 hucusque
2998 5239 3226 5317 videre,
3281 5237 3493 5300 audire
3541 5255 3680 5300 vero

2037 5324 2372 5386 emittenles
2406 5343 2608 5385 vocem
2641 5325 2854 5387 divmae
2878 5326 3314 5391 eXsultationis.

281 5407 367 5466 δτι
419 5433 498 5486 μη
527 5413 620 5467 τὸν
675 5408 900 5484 δίκαιον,
937 5414 1024 5469 καὶ
1055 5411 1263 5492 ὀλίγους
1306 5414 1438 5495 τῶν,
1472 5410 1561 5470 ὑπ’
1620 5415 1799 5490 αὑτὸν,
1835 5414 1955 5494 οἵγε
2001 5419 2090 5473 καί
2143 5414 2298 5473 αὺτοί
2360 5413 2596 5494 ἔφασκον
2639 5415 2845 5492 μηδένα
2903 5418 3001 5494 μὲν
3061 5417 3192 5499 ἄχρι
3255 5419 3348 5476 καί
3381 5423 3468 5476 νῦν
3528 5419 3674 5496 ὀρᾷν,

280 5502 468 5584 φωνὴν
497 5498 552 5558 δὲ
584 5501 928 5580 προϊεμένωο
973 5501 1188 5560 ἀκούειν
1217 5505 1360 5569 θείας
1397 5503 1794 5583 ἀγαλλιάσεως.

369 5590 506 5652 KO'.
565 5589 694 5650 Οὖδέ
755 5601 910 5651 τοῦτο
969 5593 1084 5673 χρὶ⁸
1141 5599 1442 5670 σιωπῆσαι,
1501 5597 1590 5652 καὶ
1645 5593 1726 5652 ὅτι
1771 5619 1946 5676 προσ-

282 5687 420 5751 ῆκον
470 5684 668 5759 εἰπεῖν,
754 5679 1076 5748 ἀκούσαντες
1134 5682 1370 5746 εἴσεσθε.
1430 5683 1569 5742 Ποτὲ
1628 5686 1727 5766 γὰρ
1785 5686 1948 5746 πάλιν

2112 5592 2329 5658 XXIX.
2362 5594 2488 5659 Nec
2511 5597 2624 5660 hoc
2649 5616 2886 5679 quoque
2917 5604 3008 5659 est
3036 5597 3276 5661 silentio
3317 5597 3679 5679 praetermit-

2035 5685 2304 5760 tendum,
2341 5697 2402 5747 et
2430 5689 2591 5765 quod
2619 5688 2679 5750 id
2713 5688 2916 5751 dicere
2945 5689 3282 5772 conveniat,
3315 5687 3515 5748 scietis
3539 5704 3677 5750 cum
